4208 6300
827 341 921 403 1U

2125 335 2176 393 Μ
2188 332 2406 394 ENSIS
2440 331 2765 396 APRILIS.

3950 331 4038 395 112

818 447 1063 508 recondit
1090 456 1143 503 et
1164 457 1401 502 reservat
1437 445 1501 499 iis
1531 445 1619 514 qui
1664 445 1833 513 ipsam
1858 443 2105 513 diligunt.
2140 441 2198 495 In
2235 458 2383 496 sum-
2416 449 2457 502 Α

2376 470 2383 479 ’
2416 449 2457 502 Α
2489 463 2552 516 σὺ
2575 465 2702 526 τοὺς
2734 464 2863 532 παρ’
2898 463 3025 531 ὑμιν
3056 463 3407 531 τιμωμένους
3437 460 3593 525 θεοὺς
3624 460 3778 514 οὐδὲν
3810 461 4038 533 ἕτερονῆ

824 556 909 594 ma
942 549 1140 603 autem,
1189 538 1232 591 si
1295 535 1428 590 velis
1482 545 1735 588 accurate
1804 534 2102 598 attendere,
2148 532 2388 585 invenies

2377 548 2388 585 ⁵
2488 551 2623 621 ἔργα
2647 552 2844 621 χειρῶν
2876 550 3181 620 ἀνθρώπων
3229 550 3415 620 ἀψυχα
3464 550 3558 602 καὶ
3584 550 3761 617 κωφὰ,
3795 553 3857 603 οὑ
3893 532 4039 619 μόνον

817 633 1035 686 omnino
1062 642 1113 684 tn
1142 642 1357 699 quoque
1385 642 1499 691 eos,
1529 626 1619 693 qui
1657 624 1796 694 apud
1822 639 1917 678 vos
1935 623 2208 686 coluntur,
2234 624 2384 685 deos,

819 723 1114 778 nihilaliuil
1162 736 1283 775 esse
1344 735 1506 786 quam
1565 733 1727 789 opera
1797 731 2047 771 manuum
2104 715 2384 769 hominum

818 815 1055 867 inanima
1112 823 1166 866 et
1231 810 1416 875 surda,
1455 825 1574 879 quin
1629 810 1761 863 nihil
1821 808 2060 870 omnino,
2092 821 2195 860 non
2227 807 2384 858 modo

767 896 772 902 ’
817 908 961 970 aliis,
994 906 1085 960 sed
1115 919 1177 958 ne
1200 905 1302 958 sibi
1329 904 1543 972 quidem
1580 903 1731 970 ipsis,
1773 901 1980 969 possint
2012 901 2132 967 opis
2163 898 2378 952 aﬂ‘erre.

816 998 872 1051 Si
906 1012 1035 1065 ergo
1065 996 1226 1050 homo
1283 996 1499 1063 quidem
1536 1004 1617 1048 est
1673 993 1763 1046 Dei
1826 1007 1979 1057 opus,
2010 1001 2067 1044 ut
2096 990 2188 1059 qui
2220 989 2287 1043 ab
2317 1005 2382 1045 eo

813 1093 883 1144 sit
912 1089 1143 1154 ellictus,
1201 1103 1317 1155 qua:
1342 1102 1433 1140 vos
1460 1091 1636 1139 auteur
1660 1084 1948 1137 simulacra
1976 1082 2234 1147 adoratis,
2257 1091 2384 1136 sunt

814 1198 978 1253 opera
1008 1196 1202 1235 manus
1232 1182 1480 1233 humanae
1514 1195 1528 1232 :
1564 1182 1830 1246 quomodo
1869 1176 2011 1245 quis,
2069 1176 2171 1230 nisi
2219 1174 2383 1228 fuerit

815 1274 975 1342 plane
1003 1272 1146 1326 nullo
1167 1286 1326 1325 sensu
1353 1270 1631 1339 prieditus,
1663 1279 1716 1321 et
1744 1269 1903 1337 plane
1936 1267 2031 1320 bos
2064 1276 2117 1319 et
2171 1266 2379 1329 asinus,

814 1367 902 1429 iis,
934 1379 1052 1432 qua:
1075 1363 1190 1431 ipse
1210 1372 1293 1416 est
1316 1360 1632 1419 fabricatus,
1654 1360 1911 1412 honorem
1945 1356 2230 1410 tribuerit?
2259 1370 2381 1410 cum

812 1461 1087 1522 oporteret
1110 1451 1199 1503 illa
1237 1450 1407 1516 magis
1430 1462 1559 1501 suos
1593 1448 1858 1500 honorare
1882 1444 2125 1513 opiﬁces,
2163 1444 2208 1498 si
2256 1446 2380 1515 quis

812 1546 1019 1598 inesset
1074 1542 1153 1598 eis
1210 1539 1735 1605 sensus?Quoniain
1794 1552 1925 1607 ergo
1981 1536 2263 1593 confessus
2296 1552 2377 1604 es,

814 1646 912 1685 nos
947 1644 1073 1684 esse
1125 1628 1510 1697 intelligentes,
1540 1635 1594 1679 et
1627 1626 1756 1690 scis,
1786 1626 1926 1693 quod
1952 1625 2139 1690 immo,
2172 1625 2265 1693 qui
2297 1633 2381 1679 est

814 1737 957 1775 sanae
986 1720 1204 1781 mentis,
1238 1731 1511 1786 nunquam
1545 1717 1758 1770 veritati
1794 1716 1866 1782 id,
1889 1717 2029 1786 quod
2054 1723 2134 1770 est
2160 1716 2375 1783 falsum,

814 1812 1128 1883 prmtulerit,
1163 1812 1382 1865 adverte
1412 1810 1675 1874 auimmu,
1708 1817 1761 1863 et
1795 1810 1860 1863 de
1887 1822 1973 1874 eo,
2006 1809 2096 1878 qui
2145 1822 2270 1863 vere
2296 1817 2379 1864 est

812 1906 1003 1975 Opifex
1026 1905 1424 1968 universorum,
1455 1903 1599 1955 disce
1629 1917 1660 1954 a
1697 1899 1948 1954 veridicis
1975 1900 2160 1955 labris.

884 1996 975 2053 Vl.
1002 1996 1141 2050 Deus
1173 2005 1361 2063 suapte
1386 2001 1578 2045 natura
1610 2007 1714 2046 non
1746 1999 1923 2061 potest
1962 1989 2373 2044 circumscribi:

814 2098 893 2143 est
917 2088 1058 2141 enim
1082 2086 1369 2155 ejusmodi,
1399 2095 1455 2137 ut
1476 2084 1526 2137 iu
1556 2098 1675 2137 eum
1704 2097 1809 2136 nou
1837 2081 1996 2136 cadat
2026 2080 2244 2135 omnino
2274 2081 2379 2135 cir-

812 2181 1185 2249 cumscriptio,
1245 2190 1299 2233 et
1343 2185 1563 2247 superat
1594 2190 1831 2240 omnem,
1865 2189 1985 2244 quae
2021 2175 2073 2227 in
2134 2184 2377 2242 tempore

812 2272 1121 2341 suscipitur,
1147 2268 1545 2338 cogitationem.
1568 2265 1807 2335 Namque
1832 2275 2131 2334 temporum
2148 2263 2378 2317 Creator

814 2380 917 2418 nou
935 2361 1221 2432 subjicitur
1240 2359 1483 2429 tempori.
1505 2356 1859 2424 Quamobrem
1876 2371 1971 2410 uec
1987 2355 2375 2425 ctepitquidem

812 2470 952 2509 esse.
975 2452 1168 2508 Omnia
1198 2462 1401 2515 autem,
1432 2464 1538 2503 tam
1570 2465 1688 2518 quae
1717 2450 1816 2503 sub
1846 2458 2119 2515 aspectum
2156 2447 2372 2512 cadunt,

813 2562 973 2614 quam
1003 2558 1122 2613 qua:
1152 2552 1330 2596 mente
1359 2541 1744 2611 percipiuntur,
1779 2541 1843 2592 ad
1896 2540 2021 2603 hoc,
2057 2540 2198 2609 quod
2244 2540 2371 2605 sint,

815 2637 1086 2705 produxit.
1130 2633 1299 2688 llouto
1327 2647 1453 2699 ergo
1485 2647 1606 2686 cum
1637 2642 1778 2686 esset
1826 2646 1855 2685 a
1896 2630 2001 2685 Deo
2047 2629 2272 2695 elIictus,
2323 2639 2378 2683 et

811 2729 858 2780 ei
893 2735 1034 2780 esset
1069 2726 1326 2779 tributum
1359 2733 1415 2777 ut
1452 2724 1714 2777 habitaret
1746 2723 2078 2791 paradisum,
2106 2733 2158 2773 et
2185 2721 2250 2772 ad
2268 2735 2378 2772 uta-

806 2818 938 2882 joris
961 2813 1235 2883 profectus
1255 2813 1695 2868 exercitationem
1722 2810 2017 2878 accepisset
2038 2809 2373 2875 mandatum,

814 2906 1013 2959 invidia
1071 2903 1267 2958 diaboli
1324 2902 1551 2955 aﬂ‘ectus
1600 2901 1788 2955 morbo
1842 2900 2236 2966 inobedieutize,
2269 2918 2373 2957 uou

812 3008 971 3062 posse
1022 2991 1265 3057 interire,
1299 2990 1621 3061 permutavit
1661 2990 1878 3045 interitu
1911 3008 1925 3045 :
1962 3000 2016 3047 et
2045 3006 2166 3045 cum
2197 2994 2375 3045 cat'uis

2485 641 2665 703 ἄλλοις
2715 639 2820 692 οὐδ’
2851 638 3052 705 ὁτιοῦν,
3115 638 3251 690 ἀλλά
3314 636 3407 689 καὶ
3461 637 3675 696 ἑαυτοῖς
3709 635 3965 703 βοηθῆσαι
3985 636 4042 685 τὸ

2487 731 2747 799 παράπαν
2773 728 2834 780 οὑ
2877 728 3230 797 δυναμένους.
3294 726 3358 780 Εἰ
3388 726 3568 777 τοίνυν
3620 723 3903 791 ἄνθρωπος
3950 725 4039 792 μὶν

2484 822 2730 890 πλάσμα,
2766 819 2801 873 ἃ
2832 819 2889 872 δὲ
2917 820 3075 889 ὑμεῖς
3107 817 3301 872 εἴδωλα
3357 818 3738 885 προσκυνεῖτε,
3773 814 4038 881 ἀνθρωπίο

2483 912 2754 983 νης-εἰσὶν
2776 911 2915 982 ἔργα
2947 909 3151 980 χειρὸς,
3184 911 3300 971 πῶς
3334 908 3397 962 ἄν
3420 924 3524 969 τις,
3555 908 3604 958 εί
3642 906 3716 975 μὴ
3752 905 3873 957 λίαν
3897 905 4037 957 ἀναίε

2484 1004 2678 1072 σθητος
2700 1003 2810 1071 εἴη,
2839 1004 2932 1055 καὶ
2964 1000 3091 1070 βοῦς
3120 1000 3443 1069 αὐτόχρημα
3479 999 3571 1051 καὶ
3605 998 3747 1059 ὄνος,
3778 998 3888 1058 τοῖς
3919 988 4039 1063 παρ’

2483 1093 2647 1148 αὑτοῦ
2677 1092 3235 1162 δεδημιουργημένοις
3269 1091 3369 1159 τὴν
3391 1090 3554 1157 τιμὴν
3583 1087 3893 1157 ἀπονείμοι,
3928 1087 4039 1139 δέον

2482 1188 2665 1240 ἐκεῖνα
2700 1184 2901 1255 μᾶλλον
2950 1185 3075 1245 τοὺς
3122 1181 3355 1244 οίκείους
3384 1182 3551 1250 τιμᾷν
3583 1167 3969 1250 δημιουργοὺς,
3995 1179 4043 1230 εί

2481 1296 2565 1341 τις
2610 1279 2791 1340 αὑτοῖς
2818 1277 3110 1346 αίσθησις;
3154 1273 3372 1343 Ἐπειδὴ
3400 1272 3581 1324 τοίνυν
3620 1271 3872 1333 συνετοὺς
3901 1270 4040 1339 ἡμᾶς

2479 1371 2839 1442 ὡμολόγησας
2868 1370 2963 1423 καὶ
2986 1364 3133 1431 οῐδας
3156 1366 3231 1431 ώς
3256 1367 3357 1420 οὑκ
3380 1366 3445 1420 ἄν
3476 1378 3607 1418 ποτε
3638 1363 3836 1434 φρενὸς
3862 1362 4041 1431 ὑγιοῦς

2480 1462 2767 1532 ἄνθρωπος
2810 1460 3006 1531 ψεῦδος
3067 1460 3190 1512 ἀντὶ
3243 1458 3345 1529 τῆς
3413 1456 3677 1524 ἀληθείας
3744 1455 4037 1525 προέλοιτο,

2481 1553 2773 1623 ἐπίστησον
2818 1552 2918 1622 τὴν
2972 1551 3214 1606 διάνοιαν
3244 1549 3339 1603 καὶ
3361 1547 3430 1602 τά
3464 1537 3593 1617 περὶ
3638 1545 3732 1599 τοῦ
3756 1546 3921 1608 ὅντως
3948 1545 4038 1614 δη-

2483 1645 2746 1716 μιουργοῦ
2768 1644 2875 1697 τῶν
2904 1644 3040 1696 ὅλων
3080 1640 3218 1695 Θεοῦ
3256 1641 3360 1695 ὑπὸ
3392 1638 3609 1711 ἀληθῶν
3640 1637 3865 1709 χειλέων
3898 1636 4039 1689 διδά·

2408 1773 2455 1834 Β
2481 1736 2662 1808 χθητι.

2549 1998 2640 2067 ς’.
2673 1998 2804 2063 Θεδς
2848 1996 2908 2051 οὑ
2946 1997 3156 2066 πέφυκε
3210 1992 3683 2065 περιγράφεσθαι·
3739 1991 4040 2063 ἀπερίγρα-

2476 2110 2609 2157 πτος
2638 2091 2745 2161 γάρ
2795 2091 2971 2159 πάντη
3000 2090 3095 2144 καὶ
3141 2089 3475 2158 ὑψηλότερος
3509 2086 3770 2158 χρονικῆς
3824 2086 4039 2153 ἀπάσης

2475 2182 2684 2243 ἑννοίας
2706 2197 2720 2213 ·
2755 2179 2984 2248 ποιητὴς
3019 2179 3127 2248 γάρ
3159 2179 3387 2249 χρόνων,
3419 2180 3518 2246 οὑχ
3549 2178 3652 2229 ὑπὸ
3677 2178 3869 2246 χρόνον
3890 2192 3903 2204 ·
3922 2175 4041 2228 ὅθεν

2476 2271 2597 2324 οὑδὲ
2634 2268 2727 2322 τοῦ
2775 2263 2913 2321 εἶναι
2961 2266 3197 2337 ἤρξατο·
3236 2267 3416 2319 πάντα
3464 2265 3521 2317 δὲ
3561 2264 3630 2317 τά
3665 2280 3722 2315 τε
3751 2263 3923 2334 ὁρατὰ
3953 2262 4041 2315 καὶ

2477 2362 2743 2432 νοούμενα
2774 2361 2853 2424 είς
2902 2360 2964 2413 τὸ
2993 2355 3135 2413 εἶναι
3165 2359 3326 2423 αὑτὸς
3363 2360 3712 2428 παρήγαγεν.
3779 2357 3839 2410 '0
3866 2358 4041 2410 τοίνυν

2475 2455 2759 2526 ἄνθρωπος
2792 2452 3021 2523 πλάσμα
3051 2450 3185 2504 Θεοῦ
3213 2449 3452 2519 γεγονὼς
3496 2450 3588 2503 τὸν
3623 2448 3956 2517 παράδεισόν
3986 2464 4041 2500 τε

2475 2551 2643 2602 οἰκεῖν
2669 2545 2970 2617 κληρωθεὶς
2991 2544 3086 2597 καὶ
3110 2542 3290 2596 λαϐὼν
3321 2542 3541 2611 ἐντολὴν
3573 2541 3705 2609 πρὸς
3735 2539 4042 2608 γυμνασίαν

2478 2637 2761 2707 προκοπῆς
2801 2636 3065 2704 μείζονος,
3093 2633 3274 2701 φθόνῳ
3295 2632 3544 2685 διαϐόλου
3577 2630 3863 2703 παρακοὴν
3894 2631 4044 2699 νοσή-

2478 2745 2601 2790 σας,
2624 2726 2722 2796 τὴν
2758 2724 2963 2793 φθορὰν
2989 2723 3087 2791 τῆς
3115 2719 3424 2790 ἀφθαρσίας
3455 2722 3724 2790 ἠλλάξατο
3755 2722 3851 2774 καὶ
3883 2720 4042 2789 θελή-

2478 2836 2614 2891 μασι
2652 2816 2850 2888 σαρκὸς
2875 2811 3184 2881 ὑποκύψας,
3210 2809 3316 2862 ὑπὸ
3352 2811 3510 2879 χεῖρα
3543 2810 3733 2877 γέγονε
3766 2808 3846 2878 τῷ
3876 2808 4040 2862 θανά-

2475 2926 2585 2980 τῳ·
2624 2909 2720 2961 καὶ
2745 2909 2773 2960 ό
2824 2908 2923 2976 τῆς
2961 2902 3258 2974 βασκανίας
3306 2900 3486 2970 πατὴρ
3518 2900 3639 2953 οὐδὲ
3690 2900 3864 2968 τούτῳ
3900 2899 4042 2969 μόνῳ

2475 3000 2572 3054 τοῦ
2605 2996 2962 3068 φθονηθέντος
2992 2995 3235 3066 ἠρκέσθη
3272 2995 3348 3064 τῷ
3372 2993 3644 3063 πτώματι,
3678 2992 3813 3046 ἀλλά
3847 2993 3939 3044 καὶ
3966 2994 4043 3054 είς

812 3088 1066 3141 subiisset
1123 3085 1471 3149 voluntatem,
1516 3082 1619 3136 fuit
1666 3082 1954 3150 subjectus
1988 3081 2168 3134 morti.
2205 3082 2374 3136 Cmte-
2399 3105 2444 3167 ρ

2399 3105 2444 3167 C
2476 3093 2669 3164 λήθην,
2698 3090 2844 3161 οἶμοι
2867 3090 2879 3144 ί
2904 3089 3039 3143 Θεοῦ
3071 3089 3196 3150 τοὺς
3221 3089 3285 3140 ἐκ
3312 3086 3404 3139 τοῦ
3428 3086 3591 3140 αὑτοῦ
3623 3084 3825 3153 φύντας
3852 3084 4041 3151 γένους

815 3192 933 3231 rum
994 3184 1145 3243 pater
1179 3173 1394 3225 invidiae
1421 3187 1525 3226 non
1569 3173 1669 3226 l‘uit
1702 3178 1991 3226 contentus
2017 3171 2116 3226 hoc
2150 3172 2264 3225 solo
2298 3171 2375 3225 la-

813 3284 912 3338 psu
945 3267 1083 3336 ejus,
1125 3266 1208 3319 cui
1251 3264 1682 3320 invidebatzsed
1723 3264 1885 3320 etiam
1943 3264 2010 3319 ad
2061 3264 2177 3329 Dei,
2238 3266 2372 3335 proh

810 3357 1355 3413 dolorioblivionem
1412 3370 1507 3410 eos
1564 3356 1803 3420 deduxit,
1864 3355 1957 3425 qui
2020 3368 2200 3425 postea
2261 3356 2371 3410 nati

812 3461 942 3504 sunt
987 3463 1051 3501 ex
1108 3448 1293 3503 eodem
1345 3462 1559 3518 genere,
1588 3457 1647 3501 ut
1692 3462 1797 3501 non
1828 3446 1998 3501 solum
2029 3448 2371 3516 corporibus,

814 3544 904 3595 sed
936 3541 1099 3594 etiam
1131 3539 1327 3593 animis
1357 3552 1501 3591 mors
1537 3536 1925 3591 dominaretur.
1961 3536 2169 3591 Relicto
2196 3539 2375 3605 itaque

814 3645 939 3683 vero
974 3630 1103 3691 Deo,
1132 3635 1187 3681 et
1234 3626 1303 3680 ad
1355 3626 1524 3680 lucem
1561 3625 1805 3680 veritatis
1854 3640 1947 3681 sua
2000 3636 2193 3694 sponte
2225 3625 2372 3681 clau-

814 3722 1001 3774 dentes
1059 3715 1263 3779 oculos,
1312 3714 1488 3770 cultus
1534 3714 1948 3771 simulacrorum
1973 3715 2187 3771 subiere
2219 3726 2371 3771 tene-

814 3816 955 3867 bras.
989 3810 1277 3881 Propterca
1330 3823 1459 3875 ergo
1515 3807 1657 3860 idem
1703 3806 1873 3861 nostri
1918 3806 2129 3875 generis
2158 3806 2370 3875 Opifex,

812 3900 903 3966 qui
930 3898 1177 3968 benignis
1206 3895 1499 3950 visceribus
1527 3908 1624 3950 nos
1654 3893 1909 3963 produxit
1933 3908 1998 3950 ex
2038 3894 2228 3962 nihilo,
2266 3909 2372 3951 non

812 3991 992 4044 ferens
1021 3987 1200 4044 videre
1253 3987 1521 4042 hominem
1550 3987 1779 4056 opprimi
1813 3987 2031 4053 maligni
2066 3988 2369 4057 tyrannide,

811 4093 866 4135 et
898 4098 926 4134 a
966 4082 1199 4134 Paterno
1233 4080 1351 4133 sinu
1380 4092 1484 4131 nou
1545 4078 1800 4142 excessit,
1847 4084 1902 4130 et
1952 4079 2131 4131 omnia
2174 4078 2371 4141 factus,

814 4174 954 4227 sicut
978 4184 1097 4235 nos,
1128 4177 1328 4240 praeter
1358 4166 1532 4224 solum
1583 4176 1883 4238 peccatum,
1916 4168 2061 4224 cruci
2118 4166 2369 4238 anigitur,

812 4274 866 4318 ct
925 4263 1170 4327 moritur,
1205 4275 1235 4314 a
1294 4259 1445 4328 lapsu
1499 4258 1709 4327 peccati
1771 4271 1869 4313 nos
1902 4257 2089 4314 volens
2119 4258 2366 4311 liberare.

811 4353 942 4404 Cum
996 4363 1123 4418 ergo
1154 4362 1249 4403 sua
1281 4356 1455 4401 morte
1482 4346 1648 4400 nostri
1682 4345 1862 4415 lapsus
1914 4355 2191 4401 auctorem
2221 4345 2369 4415 deje-

2477 3185 2707 3255 ὕστερον
2760 3183 2990 3253 ἢγαγεν,
3054 3181 3128 3241 ὼς
3157 3179 3231 3248 μὴ
3263 3178 3529 3246 σωμάτων
3571 3177 3751 3245 μόνον,
3775 3176 3914 3227 ἀλλὰ
3952 3175 4044 3227 καὶ

2472 3278 2657 3349 ψυχῶν
2718 3276 2898 3329 αὐτῶν
2934 3271 3208 3342 κυριεύειν
3256 3270 3522 3324 θάνατον’
3590 3266 3779 3336 ἀμέλει
3810 3266 3906 3318 καὶ
3952 3266 4043 3318 τὸν

2471 3369 2651 3438 ἀληθῆ
2689 3366 2822 3420 Θεὸν
2863 3363 3227 3424 ἀπολιπόντες
3281 3361 3378 3414 καὶ
3433 3359 3571 3429 πρὸς
3630 3359 3689 3411 τὸ
3717 3358 3919 3425 φέγγος
3945 3356 4043 3422 τῆς

2473 3458 2733 3529 ἀληθείας
2781 3457 2961 3510 ἑκοντὶ
3009 3455 3301 3525 μύσαντες,
3335 3451 3426 3504 τὸν
3454 3454 3552 3522 τῆς
3592 3448 4045 3519 είδωλολατρείας

2476 3551 2666 3603 σκότον
2696 3548 2955 3618 ὑπῆλθον.
2997 3544 3095 3599 Διά
3120 3543 3295 3599 ταῦτα
3314 3542 3491 3597 τοίνυν
3513 3541 3669 3605 αὑτὸς
3695 3544 3720 3595 ό
3748 3540 3843 3593 τοῦ
3885 3541 4022 3609 ἡμιεμ

2471 3643 2631 3714 τέρου
2657 3640 2844 3710 γένους
2866 3641 2938 3709 Ar1
2949 3635 3208 3709 μιουργδς
3234 3637 3261 3688 ὀ
3281 3633 3683 3703 φιλανθρώποις
3712 3631 4045 3699 σπλάγχνοις

2472 3736 2539 3786 ἐκ
2586 3732 2681 3785 τοῦ
2736 3732 2811 3802 μὴ
2859 3730 3011 3792 ὄντος
3054 3725 3418 3798 παραγαγὼν,
3458 3723 3532 3792 μὴ
3566 3724 3747 3792 φέρων
3787 3722 3892 3772 ὑπὸ
3949 3718 4042 3772 τοῦ

2473 3823 2714 3893 πονηροῦ
2748 3808 2839 3874 τδν
2869 3821 3158 3888 ἄνθρωπον
3188 3819 3319 3887 όρᾷν
3351 3815 3807 3883 τυραννούμενον,
3841 3812 3951 3864 τῶν
3983 3828 4042 3864 τε

2474 3908 2769 3982 Πατρικῶν
2798 3909 2898 3962 οὑκ
2932 3906 3127 3976 ὲξέστη
3156 3904 3395 3968 κόλπων,
3437 3901 3530 3955 καὶ
3566 3901 3741 3954 πάντα
3772 3900 3913 3969 πλὴν
3948 3900 4045 3970 μό-

2471 4023 2568 4074 νης
2596 4004 2695 4073 τῆς
2728 4001 3001 4072 ἁμαρτίας
3048 3998 3171 4053 καθ’
3222 4000 3366 4067 ἡμᾶς
3400 3993 3663 4065 γεγονὼς,
3704 3993 4042 4061 σταυροῦται

2472 4096 2569 4147 καὶ
2613 4094 2857 4162 θνήσκει,
2900 4090 2997 4142 τοῦ
3030 4089 3132 4157 τῆς
3188 4086 3463 4158 ἁμαρτίας
3498 4086 3790 4155 πτώματος
3821 4084 4044 4138 ’ἐθέλων

2473 4182 2620 4253 ἡμᾶς
2651 4177 3059 4236 ἀνασώσασθαι.
3117 4175 3208 4248 Τῷ
3255 4174 3454 4229 ἑαυτοῦ
3489 4172 3779 4242 τοιγαροῦν
3816 4169 4043 4239 θανάτῳ

2471 4274 2564 4327 τὸν
2605 4272 2778 4326 αἴτιον
2810 4270 2904 4324 τοῦ
2938 4267 3205 4339 ἡμετέρου
3241 4266 3533 4334 πτώματος
3588 4257 4039 4327 καταόεὸληκὼς,

2472 4362 2633 4423 αὑτός
2663 4377 2722 4413 τε
2750 4360 2833 4420 είς
2880 4357 3141 4427 οὐρανοὺς
3186 4351 3525 4423 ἀνεληλύθει,
3557 4349 3650 4418 ἀφ’
3683 4342 3757 4403 ὧν
3779 4350 3877 4403 καὶ
3907 4367 4045 4404 κατ·

811 4444 995 4511 cisset,
1023 4440 1135 4511 ipse
1168 4447 1221 4494 et
1249 4438 1301 4492 in
1327 4436 1495 4493 ctelos
1540 4436 1803 4502 ascendit,
1833 4450 1864 4491 e
1894 4436 2091 4505 quibus
2144 4436 2370 4490 descen-
2402 4443 2449 4503 ι)

2402 4443 2449 4503 Ι)
2475 4447 2658 4517 ἦλθεν,
2687 4444 2779 4499 καὶ
2808 4445 2955 4517 ἡμᾶς
2992 4445 3168 4497 ἐκεῖσε
3196 4441 3370 4506 καλεῖ,
3403 4441 3501 4511 τὴν
3532 4439 3665 4512 πρὸς
3704 4439 3868 4493 αὑτὸν
3905 4440 4042 4509 ἡμῖν

811 4535 965 4585 derat
1000 4546 1017 4584 :
1043 4538 1096 4586 et
1129 4544 1226 4585 nos
1249 4527 1371 4584 illuc
1397 4536 1575 4592 vocat,
1612 4534 1670 4581 ut
1697 4525 1787 4596 qui
1819 4525 1976 4582 nobis
1999 4525 2067 4581 ad
2100 4540 2159 4580 se
2184 4540 2371 4581 ascen-

812 4637 931 4677 sum
963 4620 1280 4677 ostenderit.
1317 4618 1548 4676 Potesne
1579 4626 1636 4672 tu
1670 4632 1885 4688 quoque
1913 4618 2016 4672 tale
2044 4617 2172 4689 quid
2188 4627 2371 4673 osten-

814 4716 966 4777 dere,
994 4711 1135 4782 (ιυοὰ
1166 4725 1195 4763 a
1238 4708 1343 4765 tuis
1364 4710 1468 4764 diis
1494 4709 1691 4767 Factum
1713 4710 1803 4774 sit,
1840 4722 1906 4762 an
1943 4708 2121 4776 tejam
2155 4722 2249 4765 eos
2272 4724 2369 4764 vo-

811 4819 937 4861 care
963 4802 1191 4875 pmnitet
1216 4802 1239 4857 τ
1269 4800 1676 4858 Possessionum
1707 4809 1885 4855 autem
1919 4808 1974 4856 et
2000 4800 2368 4871 pecuniarum,

799 4924 853 4969 οι
892 4898 1112 4955 honoris
1165 4897 1305 4967 apud
1355 4897 1728 4966 imperatores,
1756 4908 1875 4965 qua:
1931 4902 2058 4949 sunt
2082 4902 2281 4960 vestra,
2314 4902 2373 4947 ut

798 4992 1015 5061 dicitis,
1050 4990 1212 5055 bona,
1244 5002 1343 5044 uos
1367 5002 1587 5058 parvam
1611 5001 1795 5041 curam
1820 4986 2075 5057 gerimus.
2107 4994 2163 5040 ut
2185 4986 2273 5056 qui
2307 5000 2368 5039 ea

796 5097 826 5133 n
848 5098 915 5137 ou
949 5091 1202 5151 tauquam
1232 5078 1429 5134 stantia
1453 5076 1716 5146 judicare,
1748 5077 1842 5131 sed
1875 5085 2127 5144 tanquam
2160 5073 2369 5145 lugien-

813 5177 907 5241 tia,
941 5182 1084 5228 recte
1137 5171 1484 5227 didicerimus
1513 5184 1543 5223 a
1592 5168 1873 5238 propheta,
1896 5177 1948 5222 et
1985 5168 2212 5221 maxime
2247 5182 2369 5222 cum

813 5268 866 5320 in
896 5265 1063 5319 Deum
1112 5266 1285 5333 ips-tm
1343 5276 1489 5331 spem
1537 5258 2001 5323 collocaverimus,
2050 5268 2104 5313 et
2138 5258 2204 5311 ab
2230 5258 2370 5313 illius

811 5357 979 5422 gloria
1013 5353 1108 5408 toti
1144 5354 1493 5421 pendeamus,
1530 5360 1749 5419 propter
1797 5361 1953 5418 quem
1984 5346 2148 5401 etiam
2176 5360 2369 5413 magno

810 5464 882 5502 ac
907 5446 1029 5501 forti
1062 5449 1241 5499 animo
1267 5446 1373 5514 pati
1392 5444 1700 5498 statuimus.

864 5538 973 5595 ιιι.
992 5536 1112 5591 Hrec
1125 5552 1245 5589 cum
1264 5532 1789 5600 audiissetValerius,
1806 5540 1859 5587 et
1873 5533 2187 5599 aegritudine
2204 5532 2366 5585 animi

810 5632 911 5687 fuit
942 5633 1189 5696 allectus,
1214 5638 1266 5684 et
1300 5628 1421 5698 igne
1468 5626 1690 5683 insaniae
1736 5626 2005 5681 incensus.
2036 5624 2099 5678 Et
2125 5623 2371 5692 protinus

812 5737 1014 5778 exuens
1043 5722 1218 5775 ﬁctam
1277 5733 1560 5790 personam
1612 5714 2054 5783 mansuetudinis,
2097 5715 2364 5769 interuam

2473 4540 2659 4594 ἄνοδον
2723 4538 3030 4603 ὑποδείξας.
3099 4536 3283 4607 Ἔχεις
3319 4551 3371 4588 τι
3432 4533 3527 4588 καὶ
3584 4532 3745 4596 αὑτὸς
3791 4530 4041 4585 τοιοῦτον

2472 4630 2842 4697 ἀντεπιδείξαι
2881 4629 3033 4697 παρὰ
3083 4628 3190 4680 τῶν
3222 4626 3502 4695 ὑμετέρων
3528 4623 3663 4676 θεῶν
3697 4622 3998 4693 γενόμενον
4027 4638 4041 4686 ;

2473 4726 2505 4795 ἢ
2537 4725 2634 4779 καὶ
2668 4725 2728 4777 τὸ
2772 4722 2928 4784 θεοὺς
2952 4720 3051 4790 ήδη
3099 4717 3322 4779 τούτους
3370 4716 3557 4768 καλεῖν
3589 4716 3885 4785 μεταμέλει
3914 4730 4039 4777 σοι;

2472 4815 2773 4884 κτημάτων
2800 4812 2857 4866 δὲ
2880 4813 2973 4867 καὶ
3002 4810 3300 4881 χρημάτων
3326 4808 3419 4859 καὶ
3444 4810 3543 4875 τῆς
3577 4807 3725 4876 παρὰ
3749 4804 4043 4873 βασιλεῦσι

2471 4906 2637 4975 τιμῆς
2661 4904 2771 4958 τῶν
2802 4904 3107 4973 ὑμετέρων,
3165 4900 3240 4963 ὣς
3280 4914 3442 4967 φατε,
3494 4895 3673 4951 καλῶν
3717 4895 3873 4964 λόγος
3905 4896 4045 4967 ἡμῖν

2471 4996 2671 5061 ὀλίγος,
2702 4998 2802 5064 οὐχ
2830 4994 2905 5056 ώς
2953 4990 3162 5044 ἑστῶτα
3212 4990 3438 5060 κρίνειν,
3498 4988 3612 5042 ἀλλ’
3657 4988 3731 5051 ὡς
3761 4988 4043 5056 φεύγοντα

2472 5078 2653 5143 καλῶς
2703 5079 2808 5131 ὑπὸ
2854 5076 2948 5130 τοῦ
2999 5077 3278 5145 προφήτου
3332 5073 3504 5126 ταῦτα
3554 5072 4045 5141 πεπαιδευμένοις,

2471 5171 2645 5234 ἄλλως
2691 5187 2750 5222 τε
2779 5169 2833 5221 δὲ
2870 5168 2965 5221 καὶ
2996 5169 3075 5231 είς
3128 5166 3259 5219 Θεὸν
3293 5165 3390 5235 ήδη
3431 5164 3621 5216 ἐλπίδα
3656 5162 3911 5232 θεμένοις
3946 5161 4046 5215 καὶ

2472 5263 2567 5330 τῆς
2631 5260 2837 5313 ἐκεῖθεν
2883 5260 3040 5329 δόξης
3084 5258 3216 5319 ὅλως
3274 5256 3637 5327 ἐξεχομένοις,
3668 5255 3733 5307 δι’
3763 5256 3822 5307 δν
3864 5254 3962 5307 καὶ
3984 5253 4046 5306 τὸ

2472 5351 2665 5403 παθεῖν
2698 5349 2945 5425 εὐψύχως
2977 5348 3251 5418 εἱλόμεθα.

2544 5536 2616 5591 Z'.
2651 5535 2867 5589 Τούτων
2902 5534 3140 5598 ἀκούσας
3179 5534 3496 5604 Οὐαλέριος,
3529 5535 3735 5605 ἀθυμίᾳ
3764 5552 3821 5587 τε
3859 5536 4043 5604 εἴχετο

2473 5628 2568 5680 καὶ
2603 5627 2734 5697 πυρὶ
2770 5629 2962 5694 μανίας
2993 5628 3269 5693 ἐφλέγετο,
3309 5628 3399 5678 καὶ
3436 5629 3777 5696 παραχρῆμα
3829 5630 3891 5679 τὸ
3917 5625 4043 5678 ἐπί-

2474 5719 2707 5773 πλαστον
2739 5721 2834 5790 τῆς
2864 5720 3203 5790 ἡμερότητος
3235 5722 3575 5788 προσωπεῖον
3598 5719 3915 5786 ἀποϐαλὼν,
3941 5719 4045 5785 τὴν
