4208 6300
194 385 280 453 113
1189 392 1367 451 VITA
1411 388 1470 451 S.
1517 387 1740 447 CARPI
1788 386 1881 446 ET
1911 386 2325 451 SOCIORUM.

3274 392 3375 460 ιιι

176 507 296 560 ἔνδον
329 504 630 575 ἀγριότητα
686 506 989 578 ἐξεγύμνου
1043 510 1136 561 καὶ
1171 510 1268 580 τὴν
1330 510 1427 577 μὲν
1475 508 1707 577 ὓπαρξιν
1738 513 1781 567 Δ
1814 522 1838 560 a

1738 513 1781 567 Α
1814 509 2024 580 aperuit
2053 508 2341 565 feritatem.
2379 506 2442 562 Et
2470 515 2775 565 sanctorum
2810 508 3029 579 quidem
3091 507 3374 569 facultates

175 598 263 649 τῶν
286 595 442 662 ἁγίων
470 598 550 658 είς
579 597 891 667 διαρπαγὴν
921 601 1032 662 τοῖς
1063 601 1512 672 κατηγορήσασιν
1540 599 1711 663 ἐξεδί-

175 690 270 751 δου,
307 686 532 756 πρᾶγμα
562 686 625 739 τὸ
671 687 792 741 λίαν
813 688 903 740 ὑπ’
928 689 1152 743 ἐκείνων
1185 690 1707 761 περιφρονούμενον,

174 781 262 840 τοῖς
283 777 411 830 πάνυ
445 779 589 848 μέγα
617 779 773 832 τοῦτο
799 777 1197 850 λογιζομένοις·
1230 784 1428 844 αὐτοὺς
1447 783 1502 835 δέ
1526 783 1711 835 ῖππων

174 872 306 925 τινῶν
358 874 565 941 ἀγρίων
612 874 977 938 ἀποδεθέντας
1032 877 1285 931 ἐκέλευεν
1308 879 1389 930 ὅτι
1426 879 1589 947 τάχος
1615 878 1709 930 ἐπὶ

173 964 251 1027 τὰς
285 963 498 1031 Σάρδεις
554 965 898 1019 ἐλαύνεσθαι.
943 967 1053 1029 Τάς
1088 969 1189 1037 μὲν
1241 964 1335 1021 οὖν
1366 970 1568 1032 ἵππους
1600 969 1708 1022 ἀπὸ

172 1056 451 1124 Θυατείρων
477 1056 692 1124 τρέχειν
718 1057 1049 1126 ἀρξαμένας,
1074 1059 1311 1130 ἑσπέρας
1334 1061 1436 1132 ἤδη
1466 1060 1707 1113 καταλα-

171 1146 360 1216 ϐούσης,
388 1147 445 1197 αἱ
473 1147 695 1217 Σάρδεις
716 1148 866 1216 μόλις
889 1148 989 1200 τοῦ
1014 1150 1215 1220 δρόμου
1243 1152 1509 1205 παύουσιν
1527 1168 1541 1182 ο
1570 1152 1707 1206 ἀλλὰ

171 1242 263 1301 τοῖς
293 1238 542 1307 μάρτυσι,
585 1239 688 1292 κᾶν
715 1242 777 1308 τῇ
831 1242 1002 1311 πικρᾷ
1044 1241 1215 1313 ταύτῃ
1247 1243 1490 1318 τιμωρία
1517 1245 1705 1314 διημε-

170 1330 422 1399 ρεῦσασιν,
472 1331 621 1397 ὅμως
681 1330 801 1383 οὐδὲ
849 1332 880 1400 ἡ
927 1330 1021 1397 νὺξ
1064 1332 1305 1401 ἄμοχθος
1349 1329 1436 1404 ἦν,
1485 1335 1707 1397 ἁλλέίς

169 1424 343 1489 ὕμνους
376 1422 556 1484 θείους
586 1422 645 1474 τὸ
678 1422 928 1475 πλεῖστον
973 1423 1145 1492 αὐτῆς
1183 1426 1347 1493 μέρος
1379 1425 1703 1482 ἐδαπανᾶτο.

166 1513 215 1564 ΕΞ
241 1511 291 1563 δέ
322 1529 417 1563 που
449 1511 623 1581 βραχὺ
658 1512 751 1563 καὶ
777 1510 946 1565 ὕπνου
1008 1514 1322 1584 μετέλαϐον,
1358 1516 1577 1583 ἄγγελοι
1604 1518 1706 1569 αὖ·

165 1605 259 1665 τοῖς
292 1603 635 1670 ἐφιστάμενοι
674 1604 1051 1673 πεπονηκότας
1090 1622 1148 1657 τε
1194 1606 1571 1673 ἀνελάμϐανον
1610 1610 1704 1661 καὶ

163 1697 274 1763 περὶ
327 1696 420 1756 τὰς
478 1695 775 1764 μελλούσας
824 1695 903 1747 έτι
937 1694 1206 1764 βασάνους
1257 1699 1702 1771 προθυμοτέρους

162 1786 370 1839 ἐποίουν.
409 1786 487 1854 Ἰζῇ
520 1786 575 1837 δὲ
609 1786 872 1856 ὑστεραίᾳ
911 1786 1070 1840 τοῦτο
1104 1788 1202 1858 μὲν
1240 1790 1513 1861 ἀλλήλοις,
1543 1791 1702 1845 τοῦτο

158 1878 204 1930 δὲ
224 1878 305 1929 καὶ
336 1879 442 1939 τοῖς
477 1877 711 1947 παροῦσι
744 1878 840 1942 τὴν
870 1881 1021 1932 Θείαν
1054 1881 1272 1953 ἐκείνην
1303 1883 1625 1937 ἐπιστασίαν
1652 1886 1701 1938 οί

160 1969 285 2034 άγιοι
312 1968 616 2037 διηγοῦντο,
664 1970 757 2022 καὶ
794 1971 921 2023 πότε
964 1973 1260 2043 Οὐαλέριος
1296 1974 1415 2044 ἥξει
1442 1976 1702 2041 ἐπανεξε-

155 2058 535 2119 τάσωναῦτοὺς
592 2058 935 2129 περιέμενον,
992 2060 1183 2132 ὥσπερ
1242 2064 1389 2127 τινὲς
1418 2065 1701 2136 ἀξιόμαχοι

159 2148 462 2216 στρατιῶται
493 2147 717 2217 άγώνων
745 2148 1140 2220 ἐπιθυμοῦντες
1166 2153 1257 2205 καὶ
1283 2153 1420 2225 πρὸς
1448 2156 1539 2208 τὸν
1562 2157 1702 2225 μετὰ

152 2239 289 2309 δόξης
333 2241 560 2295 θάνατον
588 2242 853 2313 εὖτολμόν
893 2263 947 2298 τι
991 2246 1086 2299 καὶ
1128 2247 1349 2316 εὐγενὲς
1386 2248 1697 2318 βλέποντες.

165 2326 379 2389 Ἐκεῖνος
408 2328 463 2380 δὲ
499 2329 599 2391 τὰς
653 2330 876 2401 Σάρδεις
914 2334 1260 2400 καταλαϐὼν,
1314 2337 1390 2400 ὡς
1413 2338 1473 2392 τὸ
1504 2338 1621 2406 νῦν,
1650 2340 1699 2394 εί

154 2417 233 2469 καὶ
261 2419 330 2487 μὴ
376 2421 670 2490 πρότερον,
701 2423 1142 2497 εὐπειθεστέροις
1171 2430 1287 2491 τοῖς
1328 2430 1564 2499 μάρτυσι
1602 2430 1695 2485 καὶ

153 2504 473 2574 εὐχειρώτοις
496 2509 598 2578 ήδη
633 2512 949 2579 γενομένοις
984 2519 1320 2585 περιτυχεῖν,
1354 2519 1421 2572 τὰ
1457 2520 1555 2589 μὲν
1588 2520 1699 2591 γὰρ

151 2592 236 2660 τῆς
261 2596 527 2663 τιμωρίας
562 2598 827 2665 ἐγίνωσκε
865 2601 1045 2671 μόνον,
1083 2603 1155 2656 τὰ
1183 2606 1240 2658 δὲ
1270 2606 1369 2677 τῆς
1402 2612 1697 2683 παρακλή-

152 2697 291 2746 σεως,
352 2684 516 2737 πόθεν
551 2687 584 2757 ἡ
640 2686 849 2760 γεώδης
887 2691 1069 2765 ἐκείνη
1100 2694 1244 2766 ψυχὴ
1269 2699 1363 2751 καὶ
1392 2699 1516 2770 ξένη
1546 2701 1699 2767 θείας

148 2774 443 2865 ἐπιςανεὶας
466 2777 563 2830 καὶ
592 2779 929 2853 άγαθότητος
955 2800 970 2850 ;
1006 2786 1127 2837 ἐπεὶ
1152 2787 1208 2839 δὲ
1234 2788 1395 2841 πλέον
1425 2791 1519 2844 νῦν
1553 2794 1699 2865 ἥπερ

148 2857 434 2946 έμπροσθεν
464 2868 860 2938 χαριεστάτους
887 2872 985 2939 μὲν
1012 2875 1111 2944 τὴν
1135 2874 1280 2946 ὄψιν,
1322 2857 1604 2946 εὐσταθεῖς
1638 2857 1696 2936 δέ

147 2942 196 2994 τὺ
222 2949 469 3017 φρόνημα
499 2954 598 3005 καὶ
621 2954 1028 3021 ἀταπεινώτους
1178 2942 1365 3037 γψυχὴν
1410 2942 1693 3041 ἐθεάσατο,

145 3035 391 3101 ἀπογνοὺς
419 3040 479 3092 τδ
498 3042 587 3093 διὰ
625 3045 873 3111 βασάνων
899 3050 1063 3112 ἐλεῖν,
1114 3035 1379 3121 θωπείαις
1410 3062 1570 3115 πάλιν
1602 3035 1695 3119 καί

1812 600 1957 653 dedit
2017 599 2345 669 diripiendas
2397 600 2469 654 iis
2510 600 2602 669 qui
2638 610 3048 667 accusaverant,
3081 619 3216 667 rem,
3252 619 3373 673 qua:

1812 690 1964 744 valde
1996 690 2211 760 quidem
2260 693 2328 747 ab
2356 689 2461 744 illis
2498 691 2916 761 despiciebatur,
2947 694 3160 763 plurimi
3187 704 3369 747 autem

1813 782 1973 835 ﬁebat
2006 783 2075 836 ab
2112 782 2178 837 iis
2219 782 2309 851 qui
2366 783 2419 835 id
2458 798 2708 852 magnum
2771 785 3195 840 existimabant:
3225 789 3371 854 ipsos

1812 887 1937 927 vero
1987 873 2289 943 agrestibus
2336 874 2657 942 quibusdam
2713 878 2865 945 equis
2919 877 3372 946 alligatos,jussit

1809 980 1971 1034 quam
2032 966 2264 1032 primum
2329 967 2415 1037 agi
2452 966 2672 1023 Sardes.
2706 970 2885 1039 Atque
2929 985 3101 1039 equos
3127 970 3367 1040 quidem,

1807 1068 1930 1107 cum
1960 1054 2281 1122 incepissent
2308 1071 2529 1112 currere
2589 1057 2885 1127 Thyatiris,
2920 1061 3245 1117 adventante
3279 1078 3369 1119 ve-

1808 1157 1985 1208 spere,
2022 1143 2208 1199 Sardis
2239 1145 2322 1199 vix
2368 1144 2582 1202 tandem
2612 1146 2819 1203 faciunt
2848 1166 2873 1203 a
2894 1167 3055 1207 cursu
3087 1155 3367 1209 desistere.

1808 1231 2069 1287 Caeterum
2097 1236 2441 1306 martyribus,
2474 1240 2565 1306 qui
2591 1239 2644 1292 in
2672 1241 2773 1294 Itoc
2797 1242 2991 1296 acerbo
3016 1244 3251 1297 cruciatu
3289 1253 3372 1298 to-

1810 1332 1921 1376 tum
1951 1322 2092 1377 diem
2145 1335 2532 1397 transegerant,
2568 1344 2667 1384 nec
2717 1341 3023 1387 nox-tamen
3056 1334 3211 1389 ιιοιιίε
3236 1338 3369 1389 acti-

1809 1414 1908 1468 bus
1934 1428 2099 1468 vacua
2130 1418 2391 1472 remansit
2420 1436 2433 1471 :
2468 1421 2559 1473 sed
2591 1420 2643 1473 in
2671 1419 2869 1476 divinis
2900 1422 3115 1493 hymnis
3142 1424 3367 1490 plurima

1809 1521 1933 1575 pars
1959 1508 2074 1577 ejus
2102 1509 2200 1563 fuit
2235 1523 2579 1582 consumpta.
2615 1513 2669 1569 Si
2710 1517 2924 1583 quando
2947 1528 3125 1571 autem
3179 1535 3365 1588 parum

1806 1600 1977 1651 somni
2018 1610 2293 1668 caperent,
2316 1604 2396 1656 eis
2423 1605 2739 1661 assistentes
2777 1609 2973 1677 angeli,
3013 1610 3253 1665 defessos
3286 1627 3369 1666 re-

1804 1690 2059 1745 creabant
2091 1710 2106 1749 :
2137 1701 2190 1747 et
2212 1693 2277 1747 ad
2311 1704 2580 1750 tormenta
2609 1712 2730 1751 mox
2760 1697 2937 1753 futura
2958 1703 3227 1757 faciebant
3252 1706 3370 1757 ani—

1805 1797 1892 1836 mo
1931 1783 2244 1840 alacriores.
2280 1785 2548 1842 Postridie
2594 1799 2772 1845 autem
2802 1792 2995 1861 partim
3030 1794 3247 1863 quidem
3282 1796 3365 1847 in-

1807 1882 1889 1928 ter
1909 1888 1989 1939 se,
2017 1876 2209 1945 partim
2233 1886 2409 1934 autem
2433 1879 2469 1932 ii
2501 1879 2589 1948 qui
2612 1882 2856 1948 aderant,
2881 1884 3170 1938 narrabant
3192 1887 3364 1939 sancti

1804 1964 2038 2019 divinam
2077 1967 2220 2021 illam
2242 1968 2652 2037 apparitionem,
2686 1981 2740 2026 et
2774 1983 3054 2028 venturum
3086 1973 3362 2029 Valerium

1803 2055 1867 2107 ad
1900 2070 2085 2109 eorum
2117 2060 2568 2115 exanimationem
2603 2067 3008 2131 exspectabant,
3043 2068 3261 2134 perinde
3302 2080 3364 2117 ac

1802 2147 2018 2214 quidam
2042 2150 2247 2203 strenui
2282 2151 2479 2206 milites
2508 2156 2805 2208 certamina
2855 2154 3153 2225 cupientes,
3188 2168 3242 2211 et
3296 2161 3361 2211 ad

1802 2246 2029 2292 mortem
2090 2256 2212 2295 cum
2244 2242 2412 2311 gloria
2456 2246 2871 2313 suscipiendam,
2899 2264 3157 2317 generose
3187 2260 3241 2303 et
3271 2266 3365 2302 au-

1802 2328 1986 2381 dacter
2010 2328 2298 2385 intuentes.
2322 2333 2412 2387 Ille
2432 2344 2609 2389 autem
2637 2351 2757 2389 cum
2784 2339 3117 2405 pervenisset
3136 2340 3359 2404 Sardus.

1803 2427 1931 2475 tunc
1960 2421 2326 2490 existimabat,
2358 2434 2412 2479 et
2447 2425 2491 2479 si
2525 2442 2630 2481 non
2683 2428 2854 2497 prius,
2885 2444 2941 2483 se
2969 2430 3362 2485 obedientiores

1800 2519 1857 2566 et
1914 2513 2185 2570 faciliores
2239 2516 2587 2572 inventurum
2647 2530 2933 2592 martyres.
2982 2522 3163 2576 Solum
3216 2524 3360 2578 enim

1799 2602 2000 2657 sciebat
2050 2606 2364 2673 cruciatus;
2396 2609 2819 2666 consolationem
2869 2623 3047 2672 autem
3084 2614 3223 2667 unde
3254 2615 3363 2668 sci-

1800 2703 1883 2749 ret
1909 2706 2118 2751 terrena
2158 2698 2246 2752 illa
2288 2700 2490 2767 anima,
2520 2708 2575 2757 et
2607 2703 2777 2758 aliena
2827 2718 2856 2757 a
2918 2705 3094 2758 divina
3142 2707 3359 2773 appari-

1798 2786 1943 2839 tione
1988 2796 2043 2842 et
2086 2787 2517 2846 bonitate?Cum
2562 2806 2656 2847 eos
2694 2805 2869 2849 autem
2924 2796 3152 2851 vidisset
3185 2798 3356 2863 vultu,

1796 2889 1958 2943 quam
2010 2878 2158 2947 prius
2209 2879 2463 2947 laetiores,
2513 2884 2813 2955 spirituque
2850 2889 3267 2952 constantiores,
3304 2898 3358 2942 et

1795 2969 1976 3022 animo
2011 2971 2187 3025 minus
2237 2972 2495 3042 deiectos,
2535 2978 2829 3045 desperans
2859 2993 2917 3033 se
2948 2995 3104 3047 posse
3132 2995 3223 3034 eos
3253 2989 3361 3034 tor-

1796 3061 1992 3117 mentis
2014 3077 2342 3135 expugnare,
2378 3070 2835 3126 assentationibus
2881 3087 3069 3127 rursus
3103 3082 3154 3128 et
3184 3075 3357 3142 maio-

143 3121 341 3233 δωρεῶν
405 3129 675 3197 μειζόνων
734 3134 1091 3204 ἐπαγγελίαις
1123 3142 1225 3211 τὴν
1274 3144 1384 3197 τῶν
1429 3152 1805 3223 γενναίωνρι

2085 3121 2100 3135 .
2156 3121 2185 3135 υ
2304 3121 2342 3132 κ,
2883 3121 3067 3127 ww"
3106 3121 3322 3142 --πη-,-

1718 3160 1763 3223 C
1798 3167 1913 3206 rum
1943 3154 2208 3211 donorum
2251 3161 2701 3227 promissionibus
2738 3165 3149 3233 aggrediebatur
3191 3167 3359 3221 emol-

143 3214 373 3271 ἔνστασιν
422 3221 765 3293 ὑποχαυνοῦν
815 3229 1110 3301 ἐπεχείρει.
1164 3232 1253 3297 Ὠς
1302 3235 1360 3288 δὲ
1386 3238 1479 3291 ἐπὶ
1529 3242 1692 3299 πλέον
1727 3214 1805 3295 *Ι

1727 3214 1763 3223 _
2252 3214 2265 3227 .
2584 3214 2698 3218 ε-ρ-
2742 3214 3137 3233 ισσ---η--νν-
3195 3214 3331 3221 ν-----

1690 3265 1692 3281 ι
1793 3243 1891 3297 Iire
1922 3246 2160 3301 virorum
2200 3249 2422 3305 fortium
2463 3255 2841 3309 constantiam.
2875 3257 3007 3309 Cum
3033 3268 3208 3312 autem
3237 3275 3352 3311 ma-

142 3304 320 3377 ἐπείρα
370 3312 462 3363 καὶ
501 3313 726 3369 πλείονα
779 3318 858 3370 ἔτι
894 3320 992 3391 τὴν
1034 3326 1372 3395 στερρότητα
1422 3333 1687 3402 κατενόει,

143 3399 345 3498 πρδςτδ
376 3405 657 3476 αὐστηρὸν
686 3404 841 3474 αὖθις
875 3414 1074 3487 ἐχώρει
1110 3422 1187 3490 τῷ
1220 3425 1434 3493 συνεχεῖ
1458 3426 1558 3496 τῆς
1591 3399 1690 3498 tu;

140 3488 349 3560 ταϐολῆς
379 3496 472 3545 καὶ
496 3496 579 3566 τῷ
612 3501 841 3572 ποικίλῳ
868 3506 960 3574 τῆς
996 3488 1213 3577 ὁμιλίας
1245 3488 1479 3582 θηρνάσαι
1632 3520 1692 3573 ἐν

139 3582 339 3658 Χριστῷ
374 3587 658 3660 ἁπλότητα
699 3592 807 3648 τῶν
847 3596 1019 3665 ἁγίων
1051 3603 1080 3654 ὁ
1123 3603 1335 3668 σκολιὸς
1365 3582 1693 3682 μηχανώμε-

138 3691 232 3738 νος.

196 3765 269 3865 ll'.
313 3773 467 3827 Ἐπεὶ
494 3775 554 3830 δέ
590 3777 683 3831 καὶ
706 3777 848 3835 οὕτω
876 3784 1182 3857 νικώμενος
1208 3783 1276 3863 ἦν
1309 3790 1405 3847 καὶ
1439 3792 1557 3848 οὐδὲ
1597 3813 1686 3865 μι-

138 3860 253 3927 κρὸν
284 3863 671 3932 ὕπενδιδόντας
695 3868 841 3939 ἐώρα
863 3874 989 3936 τοὺς
1013 3860 1320 3947 μάρτυρας,
1357 3882 1473 3933 ἀλλ’
1499 3860 1689 3955 ὥσπερ

135 3965 206 4010 τις
225 3952 444 4023 ἀλώπηξ
475 3959 654 4028 ἐφάνη
686 3960 1067 4038 διαμαχομένη
1110 3969 1245 4040 πρὸς
1282 3969 1521 4037 λέοντας,
1554 3952 1689 4028 άποο

136 4040 232 4110 ρῶν
262 4048 371 4109 τοῖς
407 4045 579 4114 ὅλοις,
608 4050 903 4122 ὑπέρχεται
929 4058 1126 4128 τέχνην
1172 4061 1386 4132 ἑτέραν,
1419 4065 1513 4117 καὶ
1542 4065 1690 4137 Κάρ-

134 4152 222 4187 πον
253 4141 349 4206 μέν
370 4141 467 4194 καὶ
501 4141 763 4196 Πάπυλον
792 4146 1183 4217 ἀποπέμπεται
1215 4154 1345 4215 τοὺς
1382 4157 1686 4223 γενναίους,

135 4226 367 4295 ἀσφαλῶς
418 4233 711 4303 τηρεῖσθαι
785 4236 1063 4302 κελεύσας.
1108 4240 1211 4292 Τὸν
1259 4241 1317 4294 δὲ
1372 4242 1685 4313 θαυμαστὸν

142 4316 517 4391 Ἀγαθόδωρον,
553 4324 615 4388 ὃς
648 4329 759 4391 τοῖς
784 4328 1019 4400 μάρτυσι
1048 4328 1351 4402 διηκονεῖτο
1372 4332 1465 4387 καὶ
1490 4335 1557 4388 τὰ
1579 4336 1684 4392 τῶν

130 4409 337 4463 οἰκετῶν
359 4415 605 4484 ἔπραττε
633 4419 651 4484 (
678 4418 889 4487 μάρτυς
916 4423 1009 4473 καὶ
1039 4425 1201 4484 αὐτὸς
1234 4425 1334 4496 ἤδη
1358 4427 1563 4491 τέλειος
1583 4430 1680 4498 ὢν,

1790 3335 1871 3402 gis
1901 3344 2183 3403 tentasset,
2225 3350 2283 3395 et
2330 3343 2505 3398 adhuc
2566 3344 2823 3411 majorem
2880 3346 3355 3404 animadvertisset

1792 3422 2001 3478 roboris
2027 3426 2357 3492 firmitatem,
2395 3436 2658 3499 processit
2680 3449 2864 3489 rursus
2892 3439 2957 3488 ad
2980 3439 3350 3503 acerbitatem,

1790 3514 2043 3569 continua
2084 3518 2401 3585 mutatione,
2452 3530 2506 3574 et
2532 3520 2675 3576 varia
2722 3524 3097 3592 collocutione,
3127 3529 3353 3585 moliens

1789 3605 2064 3675 improbus
2110 3612 2294 3667 venari
2318 3627 2457 3680 eam,
2492 3631 2612 3684 qua:
2663 3616 2714 3671 in
2748 3617 2961 3675 Christo
2988 3618 3206 3675 fundata
3235 3630 3354 3676 erat

1788 3706 2099 3749 sanctorum
2133 3699 2556 3766 simplicitatem.

1859 3785 1990 3843 VIII.
2017 3787 2149 3842 Cum
2179 3799 2355 3845 autem
2386 3793 2464 3847 sie
2486 3808 2698 3863 quoque
2729 3796 3059 3864 vinceretur,
3087 3809 3139 3853 et
3164 3816 3229 3856 ne
3252 3817 3349 3872 pa-

1788 3896 1905 3933 rum
1929 3882 2144 3949 quidem
2172 3884 2425 3940 cedentes
2448 3884 2951 3958 videretmartyres,
2976 3893 3068 3945 sed
3082 3901 3342 3959 tanquam

1785 3970 1970 4040 vulpes
2021 3972 2265 4039 quaedam
2326 3976 2475 4030 visus
2530 3990 2612 4033 est
2649 3994 2891 4047 pugnare
2918 3991 3105 4035 contra
3140 3983 3343 4045 leones.

1786 4061 1951 4117 animi
1982 4063 2141 4132 plane
2183 4065 2377 4121 dubius
2412 4076 2465 4121 et
2488 4072 2796 4138 perplexus,
2837 4071 2938 4126 alia
2986 4085 3100 4129 arte
3133 4090 3225 4129 eos
3251 4091 3344 4130 su-

1787 4169 1976 4222 perare
2003 4157 2343 4225 aggreditur;
2375 4171 2428 4213 et
2453 4160 2686 4228 Carpqu
2723 4165 2940 4230 quidem
2987 4177 3038 4218 et
3082 4166 3341 4237 Papylum

1786 4245 1928 4298 viros
1958 4244 2123 4302 fortes
2149 4262 2212 4301 ac
2256 4248 2544 4317 prmclaros
2583 4251 2826 4319 dimittit,
2856 4254 3057 4324 jubens
3095 4274 3188 4311 eos
3230 4270 3346 4314 tuto

1784 4336 1987 4390 servari
2015 4354 2028 4391 :
2062 4336 2431 4395 admirabilem
2455 4353 2631 4397 autem
2663 4344 3088 4414 Agatbodorum,
3118 4352 3209 4421 qui
3244 4353 3345 4404 mi.

1787 4426 2050 4480 nistrabat
2078 4429 2426 4499 martyribus,
2453 4442 2503 4486 et
2531 4432 2847 4486 famulorum
2887 4452 3108 4492 munere
3148 4440 3341 4509 funge-

131 4498 211 4549 καὶ
254 4502 327 4569 τῷ
389 4505 524 4573 περὶ
575 4504 775 4567 αὐτοὺς
837 4508 1042 4580 φίλτρῳ
1080 4511 1190 4565 τῶν
1228 4491 1408 4568 αὐτῶν
1451 4491 1680 4583 ἐκείνοις
1708 4491 1793 4568 D1

1677 4540 1680 4549 ~
1708 4491 1761 4549 D
1790 4517 1946 4569 batur
1989 4517 2103 4587 (qui
2146 4491 2259 4588 ipse
2287 4491 2499 4587 quoque
2528 4521 2635 4589 jam
2665 4535 2781 4579 erat
2811 4491 3339 4601 perfectttsmartg'r,

131 4588 382 4646 ἐκοινώνει
414 4596 747 4665 κολάσεων),
788 4599 978 4655 τοῦτον
1008 4602 1258 4657 ἐκέλευσε
1299 4604 1532 4660 ταθέντα
1557 4611 1676 4679 βου-

130 4679 318 4749 νεὺροις
358 4685 612 4756 ἀνηλεῶς
659 4690 996 4745 τύπτεσθαι·
1027 4693 1143 4763 ἅμα
1193 4695 1292 4764 μέν
1335 4698 1524 4751 λυπεῖν
1552 4702 1677 4765 τοὺς

132 4769 298 4837 ἁγίους
328 4775 418 4831 διὰ
476 4777 582 4846 τῆς
632 4776 772 4847 πρὸς
799 4779 888 4831 τὸν
918 4782 1213 4848 όμόττιστον
1240 4788 1530 4856 τιμωρίας,
1561 4789 1677 4857 ἅμα

130 4857 177 4910 δέ
205 4863 290 4914 καὶ
323 4868 514 4933 φοϐεῖν
542 4867 891 4937 βουλόμενος.
937 4868 1273 4937 Ἠμιλλῶντο
1305 4870 1397 4927 οὖν
1425 4877 1675 4948 ἀλλήλοις

132 4950 355 5024 ἑκάτεροι
385 4956 413 5008 ὃ
468 4974 531 5009 τε
584 4958 833 5023 κολάζων
882 4960 1143 5032 δικαστὴς
1191 4967 1283 5019 καὶ
1312 4966 1340 5019 ὁ
1373 4968 1618 5037 μάρτυς·
1650 4975 1678 5025 ὁ

130 5037 362 5115 δικαστὴς
384 5046 486 5117 μέν
515 5045 666 5099 ὥστε
687 5048 763 5115 τῷ
792 5050 981 5120 πλήθει
1000 5052 1106 5104 τῶν
1136 5053 1358 5122 πληγῶν
1386 5056 1478 5109 τὸν
1508 5056 1677 5127 ἄνδρα

131 5130 269 5197 ἑλεῖν,
299 5140 325 5189 ό
357 5140 575 5208 μάρτυς
610 5138 667 5190 δέ
693 5139 858 5209 ἡδέως
876 5142 1023 5195 οὕτω
1070 5144 1167 5207 τὰς
1202 5145 1416 5215 πληγὰς
1446 5149 1670 5218 δεχόμε-

128 5244 220 5295 νος,
242 5227 312 5292 ὡς
340 5228 501 5298 δῆλον
551 5225 880 5283 εἶναιτοῦτο
910 5233 978 5286 δι’
1022 5236 1185 5305 εὐχῆς
1216 5236 1484 5302 τίθεσθαι,
1510 5241 1567 5292 τὸ
1596 5241 1676 5293 δι-

128 5320 334 5384 αρκέσαι
382 5322 485 5388 τὴν
519 5322 816 5392 ξτιμωρίαν
863 5322 958 5375 καὶ
1000 5328 1073 5394 μὴ
1135 5328 1514 5398 ἀπαγορεῦσαι
1547 5333 1673 5396 τοὺς

128 5406 371 5473 κολαστάς
409 5410 705 5473 παίοντας.
766 5412 851 5474 Ὠς
903 5408 996 5465 οὖν
1027 5415 1087 5465 τὸ
1136 5420 1470 5489 μσρτυρικὸν
1499 5422 1675 5474 ἐκεῖνο

126 5499 265 5566 σῶμα
298 5501 467 5556 πολὺν
532 5502 643 5573 ήδη
697 5504 817 5563 ταῖς
866 5504 1119 5572 μάστιξιν
1169 5509 1429 5569 ἐκοπτετο
1458 5505 1671 5581 χρόνον,

126 5590 332 5659 αἳματος
365 5594 467 5663 μὲν
520 5594 721 5666 ὥσπερ
770 5593 832 5647 ἐκ
865 5613 1009 5660 τινος
1041 5598 1224 5669 πηγῆς
1252 5605 1470 5669 κρουνοὶ
1504 5606 1674 5657 ἀνεδί-

125 5682 275 5749 δοντο,
298 5687 590 5756 σπλάγχνα
607 5687 668 5738 δέ
691 5688 787 5757 τῆς
804 5688 1008 5752 οῒκείας
1033 5707 1096 5742 πε
1107 5691 1323 5760 ριϐολῆς
1349 5696 1670 5763 ἐγυμνοῦτο,

127 5774 241 5842 μύες
286 5780 388 5833 τῶν
447 5778 737 5851 ἁρμονιῶν
789 5780 1105 5847 διεσπῶντο,
1150 5784 1239 5837 καὶ
1293 5786 1455 5855 ἠτῆς
1484 5788 1673 5857 ὀδύνης

1784 4615 1837 4659 et
1861 4621 1958 4660 suo
1983 4608 2033 4659 in
2070 4623 2161 4662 eos
2192 4624 2374 4663 amore
2396 4620 2513 4664 erat
2557 4614 2735 4669 socius
2784 4620 3096 4674 eorumdem
3136 4624 3339 4691 suppli-

1784 4698 2055 4765 ciorum),
2108 4716 2252 4767 eum,
2304 4705 2544 4775 inquam.
2587 4706 2745 4775 jussit
2801 4722 3120 4776 extensum,
3179 4716 3379 4773 boum‘

1784 4790 1964 4844 nervis
2004 4792 2136 4846 caedi
2170 4794 2686 4859 imtnisericorditer,
2714 4800 3098 4869 simulquidem
3122 4816 3341 4858 sanctus

1782 4881 2026 4935 molestia
2062 4881 2272 4937 allicere
2301 4894 2519 4952 propter
2566 4888 2861 4943 cruciatum
2894 4889 3033 4957 ejus,
3079 4892 3164 4961 qui
3226 4906 3341 4947 erat

1781 4972 2016 5038 ejusdem
2053 4973 2195 5035 fidei,
2227 4984 2280 5028 et
2318 4975 2642 5032 terrefacere
2671 4981 2876 5039 volens.
2938 4981 3161 5050 Utrique
3210 5001 3343 5056 ergo

1784 5065 1922 5114 inter
1953 5076 2011 5117 se
2039 5067 2456 5129 cantendebant,
2488 5084 2678 5138 nempe
2704 5072 2959 5140 etjmiex,
3001 5077 3087 5139 qui
3149 5082 3335 5143 punie-

1785 5151 1892 5212 bat,
1932 5162 1985 5204 οι
2032 5167 2255 5224 martyr,
2303 5156 2463 5223 judex
2500 5158 2735 5226 quidem,
2770 5171 2825 5215 ut
2860 5164 3201 5217 multitudine
3233 5170 3343 5234 pla-

1783 5257 1965 5310 garum
1998 5260 2119 5299 eum
2148 5258 2473 5315 expugnaret
2500 5266 2514 5315 ;
2545 5261 2749 5321 martyr
2785 5262 2984 5317 autem,
3014 5254 3197 5324 plagas
3231 5270 3337 5311 tam

1784 5334 2013 5390 libenter
2066 5338 2359 5406 accipiens,
2398 5352 2456 5393 ut
2515 5343 2735 5395 evidens
2769 5355 2937 5411 esset,
2962 5361 3080 5398 eum
3113 5352 3211 5402 hoc
3247 5351 3338 5403 ha-

1784 5428 1909 5479 bere
1946 5426 1996 5478 in
2030 5427 2183 5491 votis,
2221 5438 2277 5481 ut
2329 5431 2547 5487 duraret
2585 5434 2923 5502 supplicium,
2961 5453 3013 5490 et
3046 5455 3149 5494 non
3186 5443 3335 5495 defa—

1786 5517 2082 5585 tigareutur
2114 5529 2342 5573 tortores
2371 5520 2643 5579 ferientes?
2671 5527 2801 5581 Cum
2838 5544 2965 5599 ergo
2995 5536 3336 5602 martyricum

1786 5607 1912 5659 illud
1950 5623 2143 5676 COI‘pUS
2172 5616 2281 5676 jam
2324 5612 2480 5683 longo
2505 5624 2742 5684 tempore
2770 5620 3061 5673 caederetur
3094 5621 3335 5693 ﬂagellis,

1784 5700 2165 5752 etnittebanlur
2216 5702 2429 5766 quidem
2480 5705 2577 5757 rivi
2626 5711 2923 5777 sanguinis,
2988 5718 3240 5779 tanquam
3273 5732 3338 5769 ex

1782 5790 2010 5856 quodam
2048 5788 2211 5859 fonte,
2274 5810 2368 5847 suo
2401 5806 2577 5851 autem
2618 5799 2978 5865 integumento
3007 5804 3341 5861 nudabantur
