4208 6300
806 350 909 411 115

2090 342 2370 401 MENSIS
2405 343 2734 404 APRILIS.

3924 347 4014 410 116

807 464 1035 523 viscera,
1087 455 1481 513 divellebantur
1531 456 1756 510 musculi
1816 472 1846 510 a
1903 455 2275 525 compagibus,
2313 455 2469 512 οιΑ.

2355 455 2438 512 tA
2465 455 2713 524 αἴσθησις
2753 455 2919 524 πολλή
2956 473 3038 518 τις
3096 455 3337 524 ἀτεχνῶς
3395 456 3484 508 καὶ
3517 455 3734 524 δριμεῖα
3769 458 3860 509 τὸν
3903 473 4017 524 γεν-

805 566 993 606 sensus
1055 547 1258 604 doloris
1309 561 1497 601 revera
1559 562 1784 618 magnus
1820 557 1875 601 et
1907 561 2032 601 acer
2075 545 2361 600 invadebat

806 641 976 694 virum
1011 626 1229 695 fortem.
1262 638 1356 694 Ille
1391 647 1568 693 autem
1607 639 1830 708 perinde
1857 653 1921 691 ac
1948 638 1992 692 si
2034 638 2233 691 nullam
2263 652 2362 706 pa-

802 739 1007 784 teretur
1039 727 1362 794 molestiam,
1400 727 1450 781 in
1477 727 1632 782 malis
1667 729 1738 783 ita
1778 735 1896 781 erat
1926 726 2170 792 aﬂ'ecms,
2196 727 2362 782 silen-

802 822 876 874 tio
897 819 1080 876 ferens
1134 820 1354 874 crebros
1408 820 1543 874 ictus
1600 817 1954 889 ﬂagellorum,
1993 828 2046 872 et
2087 819 2194 887 pati
2230 833 2360 888 pro-

804 921 922 978 pter
944 912 1244 979 Christum,
1275 914 1482 968 habens
1504 912 1639 968 satis
1671 927 1920 981 magnum
1941 911 2182 966 dolorum
2213 913 2361 966 sola-

801 1002 956 1057 tium.

871 1090 962 1146 lx.
997 1091 1129 1146 Cum
1155 1103 1332 1149 autem
1357 1093 1468 1164 jam
1498 1093 1743 1149 defessus
1777 1093 1993 1161 quidem
2022 1102 2164 1148 esset
2205 1092 2362 1148 Vale-

800 1179 930 1247 rius,
966 1182 1235 1252 defatigati
1267 1193 1444 1239 autem
1483 1195 1662 1239 essent
1696 1185 1913 1239 lictores
1941 1183 2206 1249 feriendo,
2233 1199 2359 1238 eum

797 1286 926 1326 vero
983 1281 1250 1330 tormenta
1298 1278 1466 1349 magis
1493 1277 1848 1343 laetificarent,
1875 1278 2124 1334 Christus
2152 1293 2273 1333 eum
2303 1279 2357 1332 in

797 1363 966 1418 ctelos
1002 1368 1252 1432 accersit,
1292 1369 1550 1423 athletam
1577 1369 1736 1439 digne
1780 1379 2153 1424 coronaturus.
2186 1367 2235 1424 ls
2258 1385 2359 1424 au-

800 1463 904 1507 tem
932 1465 988 1509 et
1017 1457 1199 1511 statim
1230 1459 1474 1527 spiritum
1500 1459 1554 1513 in
1584 1475 1772 1514 manus
1819 1460 1954 1529 ejus,
1987 1461 2077 1530 qui
2124 1461 2356 1526 vocavit,

799 1554 854 1596 et
880 1561 1073 1613 curpus
1103 1559 1373 1605 mortuum
1412 1552 1633 1606 tradidit
1655 1551 2068 1622 ilagellantibus.
2094 1552 2246 1619 Quod
2273 1555 2358 1607 in-

798 1637 1062 1704 sepultum
1116 1641 1329 1708 quidem
1361 1641 1461 1696 fuit
1494 1642 1817 1712 projectum,
1856 1653 1915 1697 ut
1941 1644 2291 1700 devoraretur
2326 1658 2354 1697 a

799 1728 928 1780 feris
955 1739 1009 1782 et
1032 1720 1272 1796 alitibus,
1299 1748 1421 1787 cum
1454 1736 1524 1787 ita
1547 1733 1796 1802 jussisset
1831 1735 2091 1791 Valerius.
2125 1734 2357 1806 Vespere

795 1829 974 1875 autem
1013 1821 1227 1891 quidam
1259 1839 1323 1878 ex
1358 1824 1421 1879 iis
1447 1825 1536 1894 qui
1567 1825 1674 1880 illic
1725 1841 1890 1896 prope
1924 1827 2259 1894 habitabant,
2304 1828 2356 1882 id

794 1911 1128 1968 abscondunt
1149 1914 1199 1968 in
1222 1916 1448 1984 quadam
1474 1920 1772 1986 prepinqua
1795 1919 2071 1983 spelunca,
2099 1920 2354 1973 ducentes

796 2002 898 2058 hoc
939 2018 1056 2059 esse
1102 2018 1237 2075 opus
1303 2005 1515 2074 benigni
1544 2017 1594 2061 et
1630 2008 1910 2062 clementis
1928 2009 2112 2070 animi,
2149 2021 2242 2063 aut
2277 2010 2354 2064 sic

795 2093 960 2148 etiam
991 2095 1170 2150 divina
1198 2095 1546 2165 dispensante
1569 2098 1930 2153 Providentia.
1955 2099 2220 2164 Quidnam
2259 2116 2354 2154 au-

798 2193 905 2238 tem
943 2196 1023 2239 est
1057 2196 1239 2256 postea
1284 2189 1677 2242 consecutum?
1717 2187 1961 2243 Valerius
2011 2205 2228 2256 prmses.
2261 2191 2350 2257 qui

795 2287 911 2331 erat
947 2292 1129 2333 revera
1155 2288 1364 2334 versuta
1397 2290 1450 2334 et
1476 2279 1812 2337 fraudulenta
1833 2281 2037 2349 vulpes,
2061 2281 2354 2334 lenioribus

795 2368 974 2422 verbis
1025 2379 1244 2425 sanctos
1305 2371 1634 2438 aggreditur,
1684 2373 1874 2424 timens
1913 2372 2068 2434 forte,
2111 2387 2175 2426 ne
2212 2373 2354 2439 ipsos

793 2472 1027 2527 quoque,
1045 2461 1307 2529 sicutjam
1326 2462 1488 2515 etiam
1512 2461 1932 2527 Agathodornm,
1957 2465 2240 2518 amitteret.
2264 2463 2351 2516 Di-

793 2552 1116 2606 cebatenim
1152 2569 1166 2607 ε
1197 2552 1292 2607 Ille
1323 2552 1540 2622 quidem
1595 2554 1796 2608 invenit
1854 2566 2079 2609 mortem
2134 2557 2349 2625 dignam

795 2642 882 2695 tali
917 2647 1224 2715 arrogantia
1280 2656 1331 2700 et
1366 2645 1625 2708 amentia,
1669 2660 1790 2699 cum
1828 2661 1930 2700 non
1967 2649 2259 2714 paruisset,
2297 2655 2353 2696 ut

795 2734 1129 2787 sacriﬁcaret
1153 2735 1255 2786 diis
1286 2734 1702 2787 immortalibus.
1740 2733 1840 2788 Vos
1872 2744 2048 2786 autem
2079 2751 2196 2788 cum
2232 2736 2353 2790 sitis

790 2823 1081 2890 sapientes.
1115 2838 1212 2879 cur
1239 2839 1342 2880 non
1383 2826 1624 2894 asPicitis
1670 2827 1735 2880 ad
1778 2828 1851 2887 id.
1897 2828 2036 2894 quod
2083 2838 2163 2880 est
2201 2827 2351 2882 vobis

789 2915 1148 2979 conducibile,
1187 2919 1279 2971 sed
1319 2918 1476 2971 vultis
1506 2934 1625 2973 esse
1653 2918 1854 2973 similes
1882 2918 2086 2972 homini
2116 2935 2238 2975 vere
2268 2922 2351 2972 in-

789 3005 955 3069 felici,
983 3008 1073 3077 qui
1109 3022 1205 3077 pro
1235 3010 1339 3062 vita
1373 3018 1426 3062 et
1455 3009 1648 3077 gaudio
1670 3009 1834 3062 stulte
1865 3010 2152 3063 violentam
2216 3025 2351 3063 mor-

2417 585 2422 590 -
2465 549 2610 599 ναῖον
2638 547 2807 618 εἰσῄει
2832 565 2845 579 ο
2881 549 2907 600 ό
2934 549 3010 611 δὲ,
3043 548 3292 614 καθάπερ
3324 547 3431 598 τῶν
3459 547 3773 599 λυπούντων
3803 549 4018 615 πάσχων

2464 637 2635 701 οὐδὲν,
2681 638 2855 700 οὕτως
2884 640 2941 691 ὲν
2976 643 3085 700 τοῖς
3134 638 3327 698 δεινοῖς
3357 639 3612 698 διέκειτο,
3637 636 3814 706 ησυχῆ
3837 639 4016 706 φέρων

2463 728 2558 790 τὰς
2583 730 2690 780 τῶν
2723 732 3004 798 μαστίγων
3039 732 3264 798 νιφάδας
3318 729 3409 781 καὶ
3444 729 3504 779 τὸ
3533 729 3620 780 διὰ
3653 728 3887 798 Χριστὸν
3919 730 4015 780 πά·-

2464 833 2613 885 σχειν
2637 817 2841 889 ἀρκοῦν
2862 818 2999 887 ἔχων
3031 819 3135 869 τῶν
3167 818 3364 870 ὀδυνῶν
3388 815 3756 886 παραμύθιον.

2530 1088 2605 1143 Θ¹.
2637 1088 2725 1149 Ὠς
2756 1086 2811 1139 δὲ
2836 1084 3126 1154 ἀπειρήκει
3155 1082 3254 1150 μὲν
3281 1083 3308 1134 ὁ
3329 1080 3620 1150 Οὐαλέριος
3646 1078 3766 1150 ἤδη,
3790 1078 4018 1148 ἔκαμνον

2462 1179 2517 1232 δὲ
2545 1180 2594 1232 οἱ
2630 1179 2814 1247 δήμιοι
2845 1175 3122 1236 παίοντες,
3157 1174 3248 1225 τὸν
3280 1171 3336 1223 δὲ
3378 1172 3469 1223 καὶ
3501 1168 3734 1239 ἠγαλλον
3771 1167 3831 1221 αί
3857 1167 4018 1237 βάσα-

2462 1287 2541 1324 νοι
2573 1269 2792 1340 μᾶλλον,
2828 1266 3215 1335 μετακαλεῖται
3269 1263 3369 1332 μὲν
3399 1263 3477 1324 είς
3525 1261 3782 1329 οὐρανοὺς
3827 1261 3855 1311 ό
3888 1260 4018 1328 Χρι-

2461 1362 2605 1424 στὸς,
2646 1359 2810 1425 ἀξίως
2839 1353 3203 1425 στεφανώσων
3244 1353 3336 1407 τ’ὸν
3376 1351 3647 1420 ἀθλητήν·
3696 1343 3850 1411 οὗτος
3881 1349 3936 1401 δὲ
3963 1347 4018 1400 τὸ

2460 1452 2678 1522 πνεῦμά
2709 1467 2767 1504 τε
2789 1452 2867 1515 είς
2901 1451 3090 1519 χεῖρας
3117 1446 3274 1508 εὐθὺς
3323 1443 3416 1497 τοῦ
3450 1443 3777 1503 καλέσαντος
3834 1439 3929 1492 καὶ
3961 1439 4020 1495 τδ

2459 1544 2619 1614 σῶμα
2650 1541 2843 1613 νεκρδν
2869 1542 2982 1602 τοῖς
3008 1538 3282 1601 αἱκίζουσι
3323 1534 3626 1606 παρετίθει,
3653 1534 3789 1604 ὅπερ
3816 1531 4019 1600 ἄταφον

2460 1637 2561 1707 μὲν
2585 1633 3017 1705 παρερρίπτετο,
3048 1630 3264 1682 δεῖπνον
3306 1627 3524 1694 ἕτοιμον
3553 1623 3763 1695 θηρίοις
3791 1623 3886 1676 καὶ
3921 1639 4018 1676 πε-

2456 1729 2653 1789 τεινοῖς
2679 1724 3000 1793 ἐκκείμενον
3021 1738 3035 1751 ⁸
3059 1719 3202 1772 οὕτω
3229 1715 3536 1787 προσταγὲν
3573 1716 3678 1768 ὑπὸ
3702 1713 4015 1783 Οὐαλερίου.

2385 1787 2432 1847 Β
2472 1787 2662 1889 Ὀψίας
2690 1817 2748 1870 δὲ
2771 1787 3094 1884 γενομένης,
3126 1809 3270 1870 τινὲς
3305 1807 3415 1860 τῶν
3448 1809 3562 1859 ἐκεῖ
3588 1805 4019 1875 προσοικούντων

2460 1908 2758 1981 κρύπτουσι
2785 1903 2940 1956 τοῦτο
2970 1900 3027 1954 ἓν
3056 1917 3161 1953 τινι
3197 1895 3524 1967 γειτονοῦντι
3565 1892 3833 1963 σπηλαίῳ,
3863 1894 4020 1962 ἔργον

2459 1990 2842 2071 φιλανθρώπου
2880 1993 3059 2064 ψυχῆς
3113 1991 3417 2053 ποιοῦντες,
3477 1988 3512 2056 ἢ
3566 1986 3658 2039 καὶ
3692 1985 3843 2047 θείας
3879 1985 4020 2038 οὓτω

2456 2092 2711 2163 προνοίας
2739 2087 3150 2156 οίκονομούσης.
3182 2084 3253 2134 Τὸ
3286 2082 3344 2134 δὲ
3377 2079 3515 2148 μετὰ
3553 2076 3727 2131 ταῦτα
3757 2078 3844 2141 τί;
3882 2076 4021 2127 05a-

2453 2186 2631 2253 λέριος
2666 2182 2953 2250 όὴγεμὼν,
2979 2181 3012 2248 ἡ
3052 2176 3390 2246 παλίμϐολος
3431 2173 3508 2241 τῷ
3539 2175 3655 2226 δντι
3696 2171 3789 2228 καὶ
3826 2171 4021 2240 δολερά

2455 2276 2614 2329 πάλιν
2649 2271 2894 2342 ἀλώπηξ,
2937 2267 3266 2340 ἡπιωτέροις
3295 2267 3419 2329 τοὺς
3477 2264 3667 2332 ἁγίους
3716 2262 4018 2333 ὑπέρχεται

2453 2367 2650 2434 λόγοις,
2685 2364 2940 2433 φοϐηθεὶς
2974 2363 3125 2425 ἴσως,
3157 2360 3232 2430 μὴ
3259 2357 3351 2412 καὶ
3377 2357 3596 2420 αὐτοὺς,
3626 2355 3815 2423 ὥσπερ
3840 2355 3906 2423 δὴ
3928 2353 4020 2405 καὶ

2466 2458 2855 2527 ’Δγαθόδωρον,
2882 2456 2984 2524 ἤδη
3008 2451 3315 2523 ζημιωθείη
3335 2469 3346 2482 ·
3375 2449 3529 2518 ἔλεγε
3547 2448 3654 2518 γάρ
3670 2462 3684 2478 °
3702 2447 3790 2509 Ὠς
3817 2448 4020 2507 ἐκεῖνος

2455 2555 2552 2622 μὶν
2588 2551 2738 2612 ἄξιον
2776 2548 3032 2609 ἀπονοίας
3063 2543 3320 2612 τοιαύτης
3349 2542 3581 2596 θάνατον
3612 2532 3761 2610 εὗρε,
3797 2537 3873 2608 μὴ
3901 2553 4019 2588 πει-

2454 2641 2602 2701 σθεὶς
2633 2639 2791 2690 θῦσαι
2820 2639 2933 2698 τοῖς
2965 2635 3254 2696 ἀθανάτοις
3299 2635 3468 2696 θεοῖς’
3514 2632 3671 2686 αὐτοὶ
3708 2629 3768 2684 δὲ
3809 2628 4022 2680 συνετοὶ

2451 2732 2627 2794 ὄντες,
2664 2730 2808 2790 τίνος
2872 2727 2938 2780 ἂν
2967 2727 3126 2797 χάριν
3167 2725 3225 2776 οὐ
3271 2724 3408 2793 πρὸς
3463 2725 3525 2776 τὺ
3579 2721 3862 2791 συμφέρον
3890 2721 4017 2788 ὑμῖν

2449 2822 2813 2891 ἀποϐλέψητε,
2840 2818 2954 2872 ἀλλ’
2997 2814 3394 2886 ὲξομοιωθῆναι
3443 2811 3709 2882 θελήσητε
3742 2808 4018 2880 ἀνθρώπῳ

2449 2916 2638 2976 δεινῶς
2664 2912 3044 2978 κακοδαίμονι,
3067 2908 3192 2962 ἀντὶ
3210 2905 3305 2960 τοῦ
3339 2904 3439 2977 ζῇν
3474 2905 3568 2958 καὶ
3602 2902 3813 2972 χαίρειν
3859 2899 4022 2970 ἀνοή-

2451 3023 2559 3068 τως
2599 3006 2770 3073 βίαιον
2808 3005 3038 3057 θάνατον
3096 3001 3371 3070 ἑλομένῳς
3403 2998 3526 3066 ,Καὶ
3563 2995 3736 3049 ταῦτα
3779 2993 3882 3064 μὲν
3918 2988 4022 3046 οὖν

792 3108 898 3153 tem
951 3098 1148 3166 elegit?
1176 3097 1240 3152 Et
1280 3100 1394 3152 haec
1427 3099 1642 3168 quidem
1689 3097 1952 3153 Valerius.
1989 3099 2123 3153 Cum
2168 3110 2345 3154 autem
2376 3119 2417 3178 ε
2452 3115 2454 3139 ι

2376 3119 2417 3178 c
2452 3098 2763 3168 Οὐαλέριος.
2807 3097 2957 3150 Ἐπεὶ
2987 3095 3080 3148 καὶ
3110 3095 3234 3155 τοὺς
3264 3092 3450 3160 ἁγίους
3489 3091 3652 3160 ἤκουε
3679 3086 3882 3178 πολλὴν
3904 3084 4021 3178 ,μὲν

792 3187 1084 3242 audivisset
1106 3199 1321 3244 sanctos
1354 3205 1476 3245 eum
1526 3207 1732 3264 magna:
1794 3207 2050 3248 accusare
2109 3192 2350 3248 stultitiae
2386 3175 2404 3178 ⁷
2450 3217 2454 3243 ‹

2386 3175 2404 3178 ⁷
2450 3190 2615 3246 αὑτοῦ
2647 3187 3155 3255 καταγινώσκοντας
3206 3184 3417 3246 ἄνοιαν,
3469 3181 3632 3233 ἕνεκα
3664 3179 3761 3246 τῆς
3816 3175 4019 3242 ἀλόγου

790 3289 1012 3346 propter
1034 3280 1134 3334 hoc
1157 3295 1186 3334 a
1219 3281 1428 3336 ratione
1465 3282 1697 3336 alienum
1723 3283 2028 3343 consilium,
2061 3298 2119 3338 se
2170 3293 2346 3338 autem

792 3379 920 3424 tunc
950 3369 1358 3440 conspiciendus
1386 3372 1542 3441 plane
1561 3370 1748 3428 felices
1774 3387 1839 3427 ac
1856 3371 2042 3426 beatos
2069 3374 2344 3438 arbitrari,

789 3461 1007 3528 quando
1034 3461 1348 3524 violentam,
1382 3478 1501 3532 qua:
1531 3463 1671 3530 apud
1706 3479 1826 3518 eum
1848 3465 2076 3526 videtur,
2113 3467 2347 3533 Agatho-

791 3548 911 3602 deri
941 3556 1165 3601 mortem
1200 3549 1391 3604 imitati
1441 3550 1638 3604 fuerint
1672 3567 1685 3602 :
1716 3551 1899 3604 relicta
1949 3566 2135 3605 rursus
2161 3568 2348 3607 emen-

791 3637 884 3691 tita
919 3635 1227 3702 clementia,
1257 3638 1322 3692 ad
1352 3639 1399 3693 ei
1428 3648 1740 3696 consuetam
1781 3651 1830 3697 et
1857 3650 2061 3713 gratam
2101 3658 2346 3700 reversus

790 3735 872 3781 est
895 3727 1160 3781 feritatem
1192 3745 1206 3782 :
1243 3738 1298 3782 et
1326 3743 1384 3783 ea
1421 3729 1570 3793 facit,
1605 3745 1725 3799 quae
1761 3733 1929 3799 ipsam
1966 3735 2176 3786 decent.
2207 3733 2347 3786 Lon-

790 3833 856 3886 ge
875 3819 1016 3871 enim
1049 3818 1411 3886 profecturus,
1445 3835 1473 3872 a
1497 3820 1714 3877 civitate
1746 3821 2113 3878 Sardanorum
2148 3822 2346 3893 Perga-

792 3924 935 3960 mum
1010 3922 1178 3976 usque
1213 3906 1363 3974 jubet
1421 3909 1597 3977 ipsum
1651 3912 1802 3978 sequi
1834 3921 2090 3967 sanctos:
2121 3922 2174 3967 et
2205 3916 2347 3981 cogit

790 4013 881 4052 eos
925 3999 1040 4064 pari
1091 4012 1250 4066 passu
1276 3999 1502 4068 pedibus
1533 4015 1752 4057 currere
1783 4017 1903 4057 cum
1934 4005 2090 4072 equis
2115 4007 2349 4071 pernici-

791 4090 912 4151 bus,
966 4093 1024 4140 ut
1054 4085 1237 4143 labore
1270 4102 1464 4144 cursus
1510 4089 1808 4162 defatigati,
1829 4091 1956 4162 quid
1988 4092 2153 4159 aliud,
2186 4107 2347 4161 quam

790 4178 942 4231 inviti
974 4188 1313 4233 mutarentur
1341 4189 1394 4235 et
1429 4185 1883 4251 persuaderenlur
1926 4185 2153 4239 adorare
2181 4186 2347 4238 simu-

787 4267 934 4320 lacra
957 4267 980 4319 ?
1005 4265 1188 4319 Sancti
1218 4275 1422 4332 autem,
1451 4270 1594 4335 quod
1620 4286 1724 4325 non
1753 4285 1900 4329 esset
1921 4275 2093 4344 major
2127 4289 2344 4342 cursus,

789 4373 906 4412 eam
940 4372 1052 4414 rem
1089 4356 1475 4414 existimabant
1503 4362 1783 4419 detrahere
1818 4366 1883 4423 de
1932 4368 2224 4436 voluptate.
2255 4367 2346 4424 Sic

2455 3282 2764 3352 συμόουλῆς
2795 3279 3023 3346 ταύτης,
3049 3277 3246 3339 αὐτοὺς
3271 3275 3327 3327 δὲ
3360 3275 3480 3326 τότε
3503 3270 3778 3342 ζηλωτοὺς
3812 3266 4021 3338 μᾶλλον

2450 3376 2544 3429 καὶ
2595 3371 2898 3442 μακαρίους
2935 3366 3288 3437 ὀφθήσεσθαι,
3351 3365 3440 3418 ὅτε
3477 3364 3567 3416 τὸν
3596 3359 3856 3415 δοκοῦντα
3880 3358 4019 3428 παρ’

2450 3464 2596 3534 αὐτῷ
2638 3464 2812 3534 βίαιον
2853 3461 3082 3515 θάνατον
3143 3459 3237 3513 τοῦ
3279 3453 3648 3524 Ἀγαθοδὼρου
3692 3453 4018 3523 μνήσονται,

2449 3556 2729 3611 ἀπολιπὼν
2748 3556 2909 3610 πάλιν
2937 3556 3033 3625 τὴν
3058 3552 3396 3624 ἐψευσμένην
3420 3548 3852 3618 φιλανθρωπίαν,
3875 3545 4019 3614 πρὸς

2448 3651 2544 3719 τὴν
2567 3649 2711 3717 αὐτῷ
2745 3648 2949 3716 συνήθη
2986 3649 3076 3698 καὶ
3104 3646 3264 3712 φίλην
3299 3641 3568 3707 ἐπανῆλθε
3599 3637 3894 3707 Θηριωδίαν
3921 3636 4019 3689 καὶ

2446 3741 2516 3793 τὰ
2547 3738 2890 3806 προσήκοντα
2917 3737 3087 3788 ταῦτα
3144 3735 3288 3785 ποιεί
3313 3747 3326 3761 ·
3380 3729 3599 3800 μακρὰν
3651 3728 3758 3797 γὰρ
3793 3727 4016 3778 ὁδοιποο

2450 3830 2572 3902 ρίαν
2593 3827 2904 3882 στείλασθαι
2939 3826 3150 3896 μέλλων
3177 3823 3283 3878 ἀπὺ
3315 3824 3413 3890 τῆς
3445 3817 3756 3890 Σαρδιανῶν
3798 3816 4019 3880 πόλεως

2447 3920 2583 3988 πρὸς
2619 3918 2718 3986 την
2771 3917 3083 3986 Πέργαμον,
3133 3912 3445 3967 ἀκολουθεῖν
3473 3907 3623 3978 αὑτῷ
3648 3905 3864 3961 κελεύει
3919 3907 4020 3959 καὶ

2448 4009 2573 4068 τοὺς
2602 4007 2792 4072 ἁγίους
2814 4005 2910 4058 καὶ
2955 4004 3031 4073 τῷ
3053 4003 3205 4073 τάχει
3229 4003 3337 4054 τῶν
3377 4003 3559 4054 ἵππων
3590 3998 3907 4067 συντρέχειν
3951 3999 4020 4049 ἐκ

2448 4097 2606 4160 ποδὸς
2636 4095 2957 4164 ἀναγκάζει,
2989 4094 3075 4148 ἵνα
3105 4095 3240 4164 πρὸς
3270 4093 3363 4145 τὸν
3391 4093 3454 4144 ὲκ
3487 4089 3580 4143 τοῦ
3612 4090 3813 4159 δρόμου
3844 4088 4018 4140 κόπον

2448 4189 2927 4260 ἀπαγορεύσαντες
2967 4189 3055 4257 (τί
3085 4202 3147 4253 γε
3174 4185 3300 4237 ἄλλο
3323 4182 3374 4250 ;)
3401 4183 3433 4250 ἢ
3462 4183 3556 4232 καὶ
3586 4180 3811 4239 ἄκοντες
3841 4194 4018 4246 μετα-

2448 4281 2697 4334 ιάλοιντο
2729 4279 2824 4333 καὶ
2854 4278 3151 4340 πεισθεῖεν,
3194 4271 3387 4326 εἴδωλα
3408 4270 3754 4340 προσκυνεῖν.
3774 4269 3837 4320 Οἱ
3863 4267 4019 4335 ᾶγιοε

2447 4369 2524 4434 δδ,
2563 4371 2645 4422 ὅτι
2670 4368 2750 4438 μὴ
2775 4368 2869 4419 καὶ
2889 4365 3086 4419 πλείων
3113 4367 3140 4420 ὁ
3166 4363 3362 4434 δρόμος
3385 4357 3473 4432 ἢν,
3507 4361 3698 4428 ἡδονῆς
3729 4357 3927 4426 ὕφεσιν
3955 4359 4019 4410 τὸ

788 4450 1047 4520 quidquid
1101 4465 1323 4526 propter
1376 4457 1650 4513 Christum
1711 4456 2061 4522 inferebatur,
2086 4474 2187 4513 non
2225 4473 2342 4515 mo-
2369 4439 2450 4500 Du

2369 4439 2423 4500 Β
2449 4459 2678 4528 πρᾶγμα
2714 4455 2945 4529 ἡγοῦντο
2968 4473 2980 4485 ·
3012 4455 3156 4511 οὕτω
3185 4458 3296 4509 πᾶν
3329 4454 3389 4506 τὸ
3417 4451 3502 4505 διὰ
3543 4453 3774 4521 Χριστὸν
3810 4450 4019 4518 ὲπαγό·

787 4541 1019 4610 lestiam,
1049 4545 1140 4598 sed
1187 4561 1435 4617 magnam
1484 4550 1660 4618 potius
1684 4548 1944 4604 aﬂerebat
1984 4548 2244 4615 letitiam,
2286 4559 2346 4605 ut

790 4634 931 4701 quod
963 4643 1106 4690 esset
1137 4635 1218 4691 eis
1259 4651 1447 4705 magna
1479 4639 1863 4693 demonstratio
1884 4640 1965 4694 sui
1992 4641 2040 4694 in
2068 4641 2338 4698 Christum

789 4722 1059 4778 desiderii.

854 4813 918 4867 Χ.
952 4815 1083 4869 Cum
1108 4832 1233 4887 ergo
1283 4819 1334 4872 in
1382 4819 1513 4873 tanti
1554 4832 1748 4874 cursus
1779 4816 1959 4874 labore
1983 4818 2124 4872 diem
2163 4826 2342 4875 trans-

787 4906 1045 4974 egisseut,
1112 4918 1274 4977 atque
1317 4909 1383 4962 ad
1439 4907 1679 4963 dolorem
1709 4909 1989 4962 vulnerum
2016 4923 2234 4964 suorum
2262 4910 2345 4981 (ut

782 5013 908 5052 cum
935 4999 1120 5054 divino
1145 4999 1306 5056 David
1343 5002 1516 5056 dicam
1553 5001 1594 5068 ⁸)
1619 5000 1721 5057 hoc
1762 5017 1974 5070 quoque
1989 5013 2133 5058 esset
2149 5004 2225 5060 eis
2246 5005 2342 5058 ad-

788 5092 982 5154 ditum,
1007 5090 1276 5160 simulque
1307 5101 1592 5147 consecuta
1628 5091 1820 5146 fuisset
1859 5094 2129 5160 custodia,
2153 5102 2207 5149 et
2238 5110 2340 5150 nos

780 5181 893 5247 jam
921 5181 1284 5245 adventasset,
1309 5182 1548 5254 angelica
1572 5182 1813 5250 quaedam
1861 5193 1916 5237 et
1957 5184 2137 5239 divina
2175 5185 2344 5240 virtus

785 5272 863 5323 eis
915 5285 1197 5340 apparens,
1230 5275 1438 5328 curavit
1472 5288 1654 5327 eorum
1699 5273 1939 5338 vulnera,
1967 5285 2022 5330 et
2076 5276 2139 5328 ad
2171 5287 2338 5330 certa-

790 5359 935 5410 mina
990 5361 1330 5430 suscipienda
1367 5363 1449 5418 eis
1482 5362 1738 5431 majorem
1799 5362 1992 5418 indidit
2033 5365 2196 5419 animi
2224 5365 2335 5424 ala-

790 5447 1057 5498 crilatem.
1090 5449 1222 5502 Cum
1252 5466 1380 5520 ergo
1412 5469 1569 5508 mane
1603 5458 1924 5511 surrexisset
1959 5458 2225 5523 Valerius,
2249 5458 2335 5525 ju-

799 5533 958 5587 bebat
1015 5550 1107 5588 eos
1155 5539 1378 5605 ingredi,
1411 5545 1476 5598 ab
1515 5544 1748 5599 laborem
1796 5548 2125 5601 solummodo
2155 5559 2208 5602 et
2245 5549 2338 5601 he-

872 5688 891 5718 ‘
919 5686 1054 5739 Psal.
1104 5705 1280 5753 Lxrttt,
1321 5693 1407 5744 9.7.

2449 4564 2611 4618 μενον
2643 4550 2704 4603 οὐ
2724 4539 2930 4618 λύπην,
2975 4547 3109 4600 ἀλλὰ
3160 4546 3360 4618 πολλὴν
3413 4543 3612 4615 μᾶλλον
3644 4541 3878 4597 ἐνεποίει
3915 4540 4017 4610 τὴν

2443 4643 2808 4710 εὐφροσύνην,
2837 4637 3092 4707 καθάπερ
3129 4637 3403 4701 ἀπόδειξις
3437 4635 3619 4697 αὐτοῖς
3669 4632 3761 4686 τοῦ
3809 4628 4017 4684 πολλοῦ

2442 4735 2609 4790 πόθου
2632 4731 2725 4786 τοῦ
2750 4729 2992 4802 πρδςῖτὺν
3025 4728 3235 4796 Ἰησοῦν
3254 4727 3568 4797 γενομένου.

2513 4823 2570 4882 ι’.
2597 4824 2690 4896 Τῷ
2721 4823 2852 4894 γοῦν
2874 4822 2966 4875 τοῦ
3000 4820 3254 4874 τοσούτου
3287 4820 3487 4890 δρόμου
3535 4817 3767 4889 καμάτῳ
3818 4817 4016 4889 διημεο

2445 4913 2732 4984 ρεύσαντες
2781 4912 2874 4966 ἐπὶ
2904 4909 2979 4979 τῷ
3016 4910 3171 4977 ἀλγει
3209 4925 3266 4960 τε
3299 4908 3407 4961 τῶν
3441 4909 3771 4978 τραυμάτων
3799 4909 4011 4970 αὐτῶν,

2443 5006 2581 5060 κατὰ
2603 5006 2693 5058 τον
2710 5002 2851 5056 θεῖον
2877 5001 3039 5070 φάναι
3059 4999 3248 5063 Δαυὶδ,
3269 4999 3361 5053 καὶ
3387 4999 3576 5053 τούτου
3612 4998 4014 5067 προστεθέντος

2440 5096 2646 5158 αὐτοῖς,
2692 5089 2810 5145 εἶτα
2842 5094 2935 5147 καὶ
2989 5088 3237 5159 φυλακῆς
3280 5092 3453 5144 ταῦτα
3482 5087 3896 5158 διαδεξαμένης,
3923 5109 4017 5143 νυ-

2440 5189 2565 5252 ut;
2596 5187 2988 5257 ἐπιγενομένης
3031 5188 3153 5256 ἤδη,
3203 5184 3467 5254 ἀγγελική
3515 5200 3596 5245 τις
3639 5182 3735 5236 καὶ
3755 5182 4016 5252 θειοτέρα

2439 5281 2667 5351 δύναμις
2695 5282 2964 5334 ἐπιστᾶσα
2996 5280 3335 5351 ὲθεράπευσέ
3366 5295 3423 5331 τε
3451 5280 3632 5341 αὐτοίς
3663 5278 3761 5338 τὰς
3791 5277 4013 5348 πληγὰς

2444 5374 2537 5426 καὶ
2581 5372 2801 5442 μείζονα
2821 5373 2958 5443 πρὸς
2978 5375 3102 5436 τοὺς
3125 5374 3340 5443 ἀγῶνας
3362 5373 3460 5442 τὴν
3489 5369 3796 5441 προθυμίαν
3819 5369 4012 5439 ἀνέθη·

2444 5480 2559 5517 κεν.
2592 5465 2884 5536 Οὐαλέριος
2909 5466 3110 5530 τοίνυν,
3144 5466 3313 5520 ῑωθεν
3343 5465 3602 5526 ἀναστὰς,
3632 5461 3875 5532 βαδίζειν
3907 5462 4008 5516 αὖ·

2445 5555 2567 5614 τοὺς
2596 5556 2808 5606 ἐκέλευε
2849 5558 2979 5632 πρὸς
3019 5559 3110 5610 τὴν
3147 5559 3302 5612 πόνον
3349 5555 3532 5618 ἁπλῶς
3565 5557 3654 5609 καὶ
3686 5555 3784 5628 τὴν
3821 5555 4006 5610 ταλαι-
