4208 6300
159 349 242 412 ll'l

1181 356 1355 414 VITA
1398 359 1458 415 S.
1507 358 1731 418 CARPI
1780 361 1871 421 ET
1918 361 2339 424 SOCIORUM.

3265 362 3365 424 ΗΒ

154 467 352 535 πωρίαν
383 467 479 534 τῆς
541 467 666 536 χθὲς
698 467 908 536 ἡμέρας
964 467 1298 520 ἀποσκοπῶν
1350 471 1443 522 καὶ
1469 469 1711 539 οἷόμενος

1817 483 2007 528 sternae
2040 476 2145 530 diei
2175 476 2441 546 aspiciens
2463 476 2821 538 aﬂlictionem,
2852 485 2903 530 et
2927 477 3243 530 existimans
3273 491 3366 528 eos

153 559 292 626 μόλις
323 558 390 610 ἀν
431 560 527 610 καὶ
553 558 990 628 βαπτιζομένους
1010 559 1110 628 τὴν
1139 559 1258 611 όδδν
1291 560 1484 613 ἀνύσαι
1510 578 1522 590 ο
1555 563 1628 624 ώς
1654 563 1709 615 δέ

150 649 311 712 οὕτως
347 651 577 718 ἔχοντας
635 651 983 721 ἐρρωμένους
1045 651 1213 719 ἐώρα,
1275 650 1366 704 καὶ
1410 652 1476 704 τὰ
1512 653 1715 705 τούτων

151 741 406 810 πρόσωπα
436 743 693 794 θάλλοντα
722 741 922 810 μᾶλλον
955 742 1064 793 τῶν
1093 741 1334 812 λουτροῖς
1370 745 1462 795 καὶ
1496 746 1711 797 ἀνέσεσι

152 835 232 884 καὶ
263 834 599 902 σκιατραφίᾳ
619 834 882 901 διηνεκῶς
914 834 1346 904 προσκειμένων,
1382 837 1630 905 γοητείαν
1652 837 1710 889 τὸ

150 926 372 992 πρᾶγμα
407 926 590 978 ἐκάλει
612 927 638 977 6
670 925 943 993 δαιμόνων
970 926 1184 996 ἀληθῶς
1214 927 1482 995 ἔμπλεως,
1507 929 1602 984 καὶ
1625 929 1710 981 διά

149 1015 294 1066 τοῦτο
348 1016 445 1066 καὶ
505 1015 817 1084 προσετίθει
873 1020 987 1079 τοῖς
1043 1019 1337 1080 ἐπιπόνοις,
1395 1019 1709 1088 θεραπεύων

149 1104 315 1172 ἐαυτῷ
348 1107 439 1156 τον
504 1105 674 1173 θυμὸν
726 1107 820 1159 καὶ
849 1107 1054 1175 σιδήρῳ
1092 1107 1158 1158 τὰ
1209 1108 1341 1176 μέλη
1375 1109 1708 1177 πανταχόθεν

151 1195 546 1263 βαρυνομένους
581 1196 799 1248 ἐκέλευε
845 1197 1004 1248 πάλιν
1028 1196 1250 1248 ὁδεύειν.
1297 1198 1446 1250 Ἐπεὶ
1476 1200 1530 1250 δὲ
1557 1193 1709 1263 οὗτός

149 1301 200 1336 τε
226 1286 474 1338 κάκεῖνοι
505 1288 564 1340 ἐν
609 1288 689 1356 τῷ
715 1287 1010 1358 ὡρισμένῳ
1056 1291 1312 1356 γεγόνασι
1337 1292 1506 1360 τόπῳ,
1540 1292 1708 1357 θύσας

146 1374 388 1443 δαίμοσιν
417 1378 732 1448 Οὐαλέριος,
761 1379 853 1431 ἐπὶ
882 1379 1201 1432 δικαστικοῦ
1229 1382 1467 1450 βήματος
1507 1400 1709 1452 προκα-

148 1467 274 1530 θίξει
299 1469 509 1524 καὶτὸν
541 1472 812 1540 μακάριον
841 1475 1336 1542 παραστησάμενος
1368 1475 1592 1542 Κάρπον
1617 1477 1708 1527 καὶ

147 1559 431 1626 πρόσωπον
488 1561 729 1630 περιθεὶς
774 1561 952 1631 ἐαυτῷ
1006 1563 1194 1616 πιστοῦ
1233 1581 1376 1626 τινος
1431 1566 1584 1631 φίλου
1617 1569 1708 1617 καὶ

146 1649 346 1720 θερμὴν
379 1651 598 1721 ἄκοντος
628 1652 724 1721 τὴν
778 1655 907 1722 περὶ
961 1653 1128 1706 αὑτοῦ
1168 1655 1463 1724 μέριμναν
1515 1658 1709 1727 Ἐχρῆν

147 1741 255 1808 μιν,
288 1737 468 1805 εἶπεν,
497 1743 813 1809 αίδούμενόν
868 1761 926 1796 σε
978 1746 1077 1816 τὴν
1108 1746 1306 1816 πολλὴν
1340 1749 1494 1817 ἡμῶν
1539 1750 1708 1801 ἐπιεί-

146 1847 310 1894 κειαν,
344 1833 658 1902 αὐτόματον
689 1837 928 1906 ὁρμῆσαι
964 1837 1100 1905 πρὸς
1149 1837 1208 1890 τὸ
1258 1839 1422 1890 καλὸν
1477 1840 1570 1892 καὶ
1599 1843 1709 1903 τοῖς

1813 563 1896 615 τῖε
1927 566 2140 620 tandem
2175 575 2414 635 portatos
2463 567 2566 622 iter
2601 582 2747 635 posse
2775 567 3066 621 coniicere.
3097 567 3232 620 Cum
3269 582 3362 619 an-

1812 663 1920 707 tem
1944 656 2170 712 vidisset
2192 658 2310 713 illos
2345 660 2478 713 adeo
2506 659 2745 713 valentes
2785 669 2838 712 et
2867 660 3135 720 robustos,
3163 671 3216 712 et
3255 661 3371 712 γυι-

1812 751 1895 798 tus
1927 761 2112 801 eorum
2150 763 2252 802 non
2281 750 2456 805 minus
2483 748 2632 804 laetos
2662 761 2716 803 et
2747 749 2974 813 alacres,
3000 764 3157 816 quam
3179 764 3367 800 eorum

1810 841 1898 908 qui
1935 851 2157 895 utuntur
2202 843 2418 898 assidue
2475 844 2726 906 lavacris,
2765 851 2817 896 et
2854 845 3015 895 vitam
3052 851 3211 909 agunt
3249 857 3368 897 um-

1810 930 2081 997 bratilem,
2112 948 2230 987 eam
2265 949 2374 987 rem
2401 937 2624 987 vocabat
2648 934 2968 1003 praestiglas,
2990 934 3078 1000 qui
3104 948 3229 986 vere
3249 939 3367 984 erat

1810 1023 1995 1088 plenus
2027 1024 2359 1078 dmmnnibus
2397 1042 2409 1076 :
2439 1036 2491 1077 et
2521 1025 2639 1078 ideo
2673 1025 2988 1092 ampliorem
3021 1025 3098 1076 eis
3126 1023 3368 1090 adjunxit

1808 1112 2045 1165 dolorem
2071 1130 2086 1179 ;
2123 1128 2243 1167 nam
2273 1129 2459 1169 eorum
2489 1115 2742 1169 membris
2775 1114 2923 1167 ferro
2946 1114 3090 1166 omni
3115 1129 3179 1166 ex
3219 1121 3369 1177 parte

1809 1206 2064 1272 gravatis,
2121 1206 2280 1276 jussit
2336 1221 2432 1260 eos
2484 1221 2671 1260 rursus
2699 1206 2837 1258 viam
2878 1206 3032 1258 inire.
3069 1205 3364 1270 Postquam

1811 1306 1989 1349 autem
2043 1307 2095 1351 et
2131 1300 2266 1366 ipse,
2305 1308 2357 1352 et
2379 1298 2453 1353 illi
2486 1297 2537 1351 in
2579 1298 2695 1352 loco
2722 1298 2869 1351 luere
2896 1297 3215 1367 praestituto,
3245 1310 3368 1347 cum

1810 1387 2142 1443 daemonibus
2177 1389 2536 1444 sacriﬂcasset
2576 1388 2843 1449 Valerius.
2878 1389 2928 1441 in
2964 1386 3214 1440 tribunali
3238 1400 3372 1452 pra:-

1810 1477 1945 1529 sidet
1970 1477 2231 1541 judiciali.
2265 1477 2327 1530 Et
2357 1495 2476 1532 cum
2509 1481 2722 1533 beatum
2766 1479 2998 1546 Carpum
3033 1474 3148 1528 sisti
3181 1487 3368 1526 curas-

1809 1577 1911 1628 set,
1962 1577 2013 1618 et
2067 1567 2238 1620 ﬁdelis
2272 1569 2500 1636 alicujus
2562 1569 2722 1621 amici
2770 1581 3056 1636 personam
3085 1564 3374 1626 induisset,

1810 1668 1860 1711 et
1894 1658 1981 1726 qui
2016 1659 2081 1712 de
2124 1659 2238 1727 ipso
2272 1669 2390 1713 erat
2429 1659 2715 1713 admodum
2749 1657 3012 1711 sollicitus
3038 1675 3051 1707 :
3082 1654 3374 1722 Oportebat

1816 1749 2055 1818 quidem,
2110 1751 2265 1813 dixit,
2299 1759 2351 1804 te
2401 1759 2640 1806 nostram
2699 1757 3032 1803 reverentem
3071 1745 3376 1804 leuitatem,

1820 1853 1904 1893 tua
1937 1853 2124 1910 sponte
2153 1845 2339 1897 venire
2377 1843 2439 1895 ad
2465 1840 2539 1905 id,
2565 1840 2704 1909 quod
2735 1852 2818 1894 est
2879 1840 3073 1892 bonum
3105 1845 3159 1887 et
3202 1835 3373 1886 hone-

147 1920 422 1989 μεγίστοις
454 1920 620 1976 θῦσαι
645 1923 816 1984 θεοῖς·
858 1923 952 1977 νῦν
981 1925 1037 1977 δὲ
1084 1925 1177 1977 καὶ
1227 1927 1714 1995 παρακαλούμενος

1817 1944 1975 1994 srum,
2033 1942 2087 1985 et
2129 1933 2230 1985 diis
2275 1932 2582 1986 sacriﬁcare
2645 1931 2914 1985 maximis.
2973 1927 3121 1981 Nunc
3170 1939 3375 1982 autem.

149 2012 277 2076 πρὸς
307 2012 470 2062 τοῦτο
499 2015 593 2064 καλ.
635 2013 1117 2081 εὐεργετούμενος,
1164 2017 1240 2078 ὠς
1265 2017 1394 2086 όρῶ,
1428 2018 1548 2070 οὐδὲ
1576 2019 1710 2088 βραο

142 2102 285 2170 ιιῖάν
318 2118 447 2155 τινα
477 2102 636 2170 χάριν
669 2104 851 2166 αὐτοῖς
876 2105 1193 2174 ἀπονέμεις,
1230 2107 1364 2160 ἀλλὰ
1383 2108 1478 2161 τοῦ
1509 2109 1710 2162 οἰκείου

144 2190 515 2261 συμφέροντος
545 2191 769 2262 ἀμελεῖς
791 2210 802 2223 ·
835 2194 946 2247 [δοῦ
981 2193 1092 2264 γὰρ
1121 2189 1268 2248 οὗτοί
1297 2213 1356 2248 σε
1395 2196 1490 2250 τοῦ
1526 2201 1710 2269 γήρως

140 2284 531 2354 οίκτείραντες,
553 2286 939 2358 ἀταλαίπωρόν
965 2306 1046 2342 σοι
1070 2290 1325 2358 διέθηκαν
1347 2292 1446 2362 τὴν
1467 2295 1708 2362 πορείανο

143 2375 293 2438 αὐτὸς
324 2376 385 2430 δὲ
419 2378 520 2430 οὐκ
547 2372 644 2431 οἶδ’
679 2380 761 2431 ὅτι
787 2378 978 2432 παθὼν
1006 2380 1275 2450 ἀγνώμων
1327 2399 1386 2434 τε
1422 2384 1550 2452 περὶ
1591 2387 1714 2447 τοὺς

140 2468 435 2537 εὐεργέτας
463 2469 658 2538 ἐλέγχῃ
691 2470 784 2522 καὶ
806 2472 954 2537 ἡμᾶς
973 2472 1028 2521 ἐν
1056 2472 1244 2538 μηδενὶ
1273 2470 1552 2538 τιθέμενος
1578 2476 1714 2541 πρὸς

141 2557 232 2624 τὴν
261 2558 494 2610 ἐκείνων
524 2559 813 2628 ὀλιγωρεῖς
848 2560 1148 2629 θεραπείαν
1169 2579 1181 2590 ·
1214 2561 1440 2628 θέλησον
1464 2562 1590 2628 γοῦν
1613 2564 1714 2615 κᾶν

142 2649 261 2716 ἄρτι
298 2649 632 2702 κατανεῦσαι
665 2653 757 2703 καὶ
791 2652 1214 2722 συμϐουλεύοντί
1249 2671 1337 2724 μοι
1370 2657 1437 2708 τὰ
1465 2657 1713 2725 λυσιτελῆ

79 2783 91 2804 ⁸
140 2739 454 2810 Μισθῆναῆ
507 2739 582 2804 ὡς
641 2743 806 2815 ἔμ’ὲή
861 2746 927 2813 σὴ
966 2745 1206 2797 δυσωπεῖ
1247 2745 1407 2797 πολιά
1449 2747 1540 2798 καὶ
1571 2746 1716 2817 λύπη

138 2832 276 2902 δεινῇ
315 2834 626 2903 συνέχομαι
686 2835 781 2888 καὶ
821 2835 1011 2905 ὥσπερ
1074 2837 1174 2889 οὐκ
1238 2837 1542 2905 ἀλλοτρίαν,
1601 2839 1715 2889 ἀλλ’

141 2924 376 2992 ἐμαυτοῦ
431 2926 722 2993 συμφορὰν
776 2926 837 2977 τὸ
888 2927 978 2978 σὺν
1031 2930 1411 2997 ἀνακλαίομαι.
1479 2929 1636 2984 Ἀλλά
1666 2930 1716 2982 τί

139 3013 324 3077 πάθως
359 3010 514 3074 οἶδας
545 3016 675 3082 γάρ,
713 3015 793 3066 ὅτι
820 3016 938 3066 λίαν
971 3016 1146 3077 οὕτως
1175 3020 1594 3089 ὑπερορώμενος
1614 3023 1719 3076 οὐκ

135 3104 416 3174 ἀνέξομαι,
453 3106 504 3158 εί
532 3105 625 3157 καὶ
650 3106 722 3176 μὴ
746 3107 816 3159 δι’
841 3108 1095 3176 ἐμαυτὸν,
1129 3107 1264 3160 ἀλλά
1287 3125 1348 3176 γε
1381 3110 1468 3163 δια
1501 3112 1598 3180 τὴν
1631 3117 1711 3176 εἰς

141 3195 254 3256 τοὺς
289 3195 451 3259 θεοὺς
482 3195 662 3265 ὕϐριν.

202 3289 303 3341 lA'.
344 3289 495 3356 Πρὸς
534 3287 702 3339 ταῦτα
733 3290 760 3340 6
791 3288 930 3347 θεῖος
962 3290 1224 3357 Κάρπος·
1257 3290 1571 3361 Συμὸουλὴν
1607 3291 1716 3344 ἀπὸ

137 3379 333 3447 φωτός,
360 3379 493 3447 ἔφη,
522 3378 656 3446 πρέις
693 3379 881 3440 σκότος
931 3379 1024 3430 καὶ
1058 3379 1164 3430 ἀπὸ
1203 3378 1346 3446 ζωῆς
1381 3384 1517 3449 πρὸς
1551 3383 1716 3435 θάνα-

135 3489 220 3524 τον
252 3473 505 3536 ἄγουσαν
531 3471 631 3522 οὐκ
659 3470 724 3523 ἄν
746 3486 828 3534 τις
861 3471 1123 3542 λογισμοῦ
1155 3472 1341 3544 κύριος
1384 3491 1445 3525 συ
1455 3475 1713 3546 μσουλὴν,

134 3562 241 3617 ἀλλ’
271 3561 408 3614 αὐτὸ
433 3560 620 3624 τοῦτο,
653 3562 789 3632 ὅπερ
822 3563 994 3627 ἐστὶν,
1023 3563 1315 3634 ἐπιϐουλὴν
1348 3564 1602 3634 όνομάσοι
1624 3583 1638 3599 ο
1667 3570 1711 3619 εί

135 3653 186 3706 δὲ
219 3657 316 3709 καὶ
343 3658 377 3728 ἡ
417 3657 533 3726 ἐμή
571 3672 631 3707 σε
655 3656 896 3707 δυσωπεῖ
926 3655 1106 3720 πολιὰ,
1138 3657 1189 3708 τί
1219 3657 1278 3710 τὸ
1304 3659 1617 3726 ἐμποδίζον,
1642 3659 1716 3730 μὴ

134 3747 222 3800 καὶ
279 3750 339 3801 σέ
377 3746 684 3814 πεισθῆναι
729 3745 929 3814 μᾶλλον
975 3747 1098 3815 ἐμοὶ
1157 3747 1440 3816 πατρικῶς
1477 3749 1715 3817 συμϐου-

135 3841 372 3906 λεύοντι;
417 3841 555 3894 Ὀτι
604 3838 660 3891 δέ
713 3839 771 3892 σέ
805 3841 872 3891 τά
902 3839 1010 3907 ἐμά
1062 3838 1239 3897 λυπεῖ,
1272 3837 1380 3905 ἐγὼ
1426 3839 1484 3893 σέ
1520 3841 1718 3909 μᾶλλον

134 3931 388 4000 οἰκτείρω
414 3932 526 4000 τῆς
549 3929 847 3993 ἀπωλείας,
885 3931 977 3982 καὶ
1013 3930 1172 3998 δῆλός
1212 3931 1328 3999 είμι
1351 3931 1560 4001 (ὴφίλη
1593 3933 1721 3984 ίστω

136 4022 392 4094 ἀλήθεια)
431 4019 839 4089 συναχθόμενός
895 4036 988 4074 σου
1035 4023 1100 4090 τῇ
1153 4023 1429 4090 συμφορᾷ,
1463 4021 1721 4084 τοιούτοις

138 4115 552 4184 προσκειμένου
587 4110 729 4173 Θεοῖς
783 4112 875 4162 καὶ
903 4111 1094 4178 ψεῦδος
1117 4112 1212 4180 τὴν
1243 4113 1432 4165 ἐλπίδα
1463 4115 1716 4180 θεμένου,

135 4206 193 4257 τὸ
218 4205 319 4275 τῆς
367 4203 534 4264 θείας
581 4202 744 4268 φάναι
801 4199 838 4250 Γ
843 4200 1023 4270 ραφῆς
1088 4201 1199 4268 οἵγε
1228 4201 1345 4264 πῶς
1376 4202 1440 4255 ἄν
1491 4220 1618 4255 ποτε
1646 4203 1722 4256 δι-

1743 3067 1785 3124 C

1812 2035 1931 2072 cum
1969 2031 2020 2072 et
2051 2021 2116 2073 ad
2143 2021 2193 2073 id
2236 2021 2580 2073 suasionibus
2615 2019 2879 2081 inciterls,
2912 2028 2963 2069 et
3006 2016 3261 2069 beneﬂcio
3288 2015 3368 2065 al—

1815 2109 2030 2170 liciaris,
2074 2121 2130 2161 ut
2153 2109 2330 2170 video,
2361 2123 2426 2160 ne
2480 2109 2727 2159 minimas
2753 2108 2966 2173 quidem
3000 2105 3076 2156 eis
3105 2103 3219 2168 agis
3247 2117 3373 2167 gra-

1815 2201 1915 2253 tias
1948 2217 1960 2253 :
1993 2201 2086 2255 sed
2147 2199 2375 2270 negligis
2416 2194 2490 2264 id,
2523 2197 2664 2266 quod
2725 2207 2808 2250 est
2869 2194 2962 2247 tibi
3007 2193 3366 2246 conducibile.

1816 2290 1954 2343 Ecce
1982 2291 2122 2344 enim
2150 2291 2202 2343 lii
2231 2300 2334 2344 tua:
2362 2295 2680 2344 miserenles
2710 2288 3022 2349 senectutis,
3052 2284 3369 2345 effecerunt,

1816 2391 1872 2432 ut
1903 2382 2002 2434 iter
2032 2394 2316 2449 perageres
2339 2382 2542 2446 absque
2572 2377 2877 2432 alllictione.
2901 2378 3016 2443 ipse
3053 2384 3252 2437 autem,
3273 2389 3369 2427 ne-

1815 2472 1930 2523 scio
1956 2470 2243 2537 quomodo,
2276 2480 2327 2522 et
2359 2470 2600 2538 ingratus
2645 2482 2764 2522 esse
2799 2467 3136 2523 convinceris
3171 2466 3220 2518 in
3255 2476 3375 2516 tuos

1814 2557 2209 2621 benefactores,
2246 2567 2298 2611 et
2323 2572 2420 2612 nos
2451 2559 2602 2610 nihili
2633 2558 2858 2623 faciens,
2903 2558 3114 2612 illorum
3171 2557 3373 2608 cultum

1815 2649 2067 2718 despicis.
2100 2649 2240 2704 Velis
2267 2663 2393 2718 ergo
2449 2663 2594 2702 nunc
2627 2649 2820 2703 saltem
2868 2664 3127 2712 annuere,
3156 2659 3209 2702 et
3242 2647 3374 2700 milii

1817 2743 2037 2797 credere
2069 2741 2366 2796 consulenti
2398 2756 2483 2803 ea,
2524 2756 2642 2811 qua:
2682 2751 2805 2796 sunt
2830 2741 3003 2796 utilia.
3036 2739 3201 2794 Tuam
3229 2739 3372 2793 enim

1817 2849 2068 2887 revereor
2101 2834 2358 2888 canitiem
2391 2843 2445 2887 et
2476 2849 2666 2902 magno
2701 2834 2884 2888 dolore
2909 2835 3134 2895 al'llcior,
3169 2844 3223 2886 et
3258 2843 3379 2885 tau-

1817 2938 1977 2992 quam
2027 2938 2133 2976 non
2179 2923 2432 2985 alienam,
2468 2926 2560 2976 sed
2616 2938 2814 2986 meam,
2843 2932 2986 2975 tuam
3035 2925 3205 2976 defleo
3237 2924 3398 2976 cale-—

1822 3017 2083 3069 ntitnlem.
2125 3013 2229 3070 Sed
2258 3016 2384 3085 quid
2442 3013 2642 3083 agam?
2679 3012 2799 3067 Scis
2853 3013 3018 3076 enim,
3080 3014 3219 3080 quod
3255 3028 3381 3066 cum

1819 3108 1952 3160 adeo
1976 3107 2267 3176 despiciar,
2292 3124 2395 3163 non
2422 3108 2614 3172 ieram,
2635 3109 2677 3163 si
2705 3123 2808 3162 non
2835 3115 3053 3176 propter
3077 3107 3378 3173 meipsum,

1818 3209 1870 3252 at
1902 3209 2120 3266 pmpter
2142 3204 2362 3254 deorum
2393 3200 2800 3254 contumeliam.

1890 3290 1978 3344 ΧΙ.
2009 3291 2086 3343 Ad
2127 3290 2241 3345 haec
2271 3290 2483 3345 divinus
2514 3290 2748 3359 Carpus:
2787 3290 3083 3343 Consilium
3112 3332 3128 3354 ,
3165 3291 3337 3356 inquit
3362 3331 3378 3354 ,

1818 3385 1957 3454 quod
1993 3399 2020 3437 a
2052 3382 2170 3438 luce
2199 3382 2262 3437 ad
2287 3383 2556 3449 tenebras,
2589 3393 2643 3438 et
2673 3398 2700 3436 a
2727 3385 2828 3438 vita
2860 3383 3007 3438 ducit
3031 3383 3094 3436 ad
3127 3394 3381 3448 mortem,

1821 3489 1996 3539 nemo,
2029 3477 2116 3542 qui
2150 3474 2312 3528 inierit
2343 3492 2562 3544 compos
2583 3478 2798 3539 mentis,
2831 3477 3133 3542 consilium,
3154 3478 3243 3530 sed
3271 3475 3374 3530 idi-

1820 3579 1995 3634 psum,
2031 3563 2172 3631 quod
2194 3574 2295 3625 est,
2328 3564 2637 3627 nominarit,
2665 3564 2909 3616 insidias.
2945 3565 3096 3629 Quod
3129 3570 3172 3616 si
3209 3580 3382 3617 meam

1822 3656 2075 3708 reveretis
2096 3655 2372 3721 canitiem,
2409 3653 2534 3724 quid
2571 3655 2810 3723 impedit,
2849 3654 3132 3723 quominus
3164 3664 3214 3705 tu
3253 3656 3380 3706 mihi

1821 3746 1990 3816 magis
2029 3747 2217 3798 credas
2247 3757 2464 3813 paterne
2518 3746 2852 3798 consulenti?
2901 3746 3051 3810 Quod
3101 3756 3278 3800 autem
3326 3753 3381 3802 tu

1822 3855 1885 3893 cx
1920 3852 2004 3892 me
2039 3837 2274 3892 dolorem
2309 3837 2527 3904 accipis,
2558 3851 2654 3904 ego
2686 3837 2852 3904 magis
2881 3838 2953 3889 tui
2994 3837 3258 3890 misereor
3298 3837 3380 3889 in-

1825 3930 2034 3990 teritus.
2064 3938 2118 3982 et
2150 3935 2332 3996 aperte
2366 3936 2508 3980 tuam
2545 3926 2688 3996 (hoc
2742 3928 2878 3982 sciat
2922 3927 3092 3982 amica
3145 3927 3382 3993 veritas)

1821 4034 1961 4089 πετο
1989 4019 2100 4072 fero
2136 4018 2519 4082 calamitatem,
2544 4019 2633 4086 qui
2661 4017 2792 4072 tales
2818 4020 2942 4072 deos
2965 4019 3138 4079 colas.
3160 4027 3212 4070 ct
3234 4033 3384 4085 spem

1824 4111 2066 4179 posueris
2099 4109 2472 4174 mendacium,
2517 4121 2574 4162 ut
2613 4111 2784 4162 dicam
2845 4123 2965 4162 cum
3011 4109 3187 4160 divina
3235 4109 3386 4161 Scri-

1824 4207 1975 4267 ptura
1999 4198 2160 4262 '..Qui
2190 4197 2403 4266 quidem
2437 4197 2885 4264 quemadmodum
2918 4205 3143 4263 possunt
3165 4197 3238 4248 dii
3262 4195 3384 4261 jure

135 4297 299 4359 ιαίως
336 4294 666 4364 νομισθεῖεν
712 4290 848 4354 θεοὶ,
910 4289 1041 4360 ὕλης
1074 4291 1284 4361 ἀψύχου
1330 4292 1479 4355 ὄντες
1506 4295 1596 4346 καὶ
1625 4293 1721 4365 τὴν

1827 4289 2085 4357 reputari,
2118 4303 2240 4342 cum
2266 4287 2375 4342 sint
2401 4302 2466 4342 ex
2497 4287 2731 4341 inanima
2773 4284 2995 4340 materia
3021 4324 3038 4350 ,
3062 4295 3114 4340 et
3144 4287 3209 4341 ad
3240 4287 3342 4340 hoc
3368 4329 3384 4351 ,

137 4386 209 4448 είς
240 4385 300 4437 τὸ
331 4379 482 4436 εἶναι
518 4380 866 4448 παραγωγὴν
896 4380 954 4444 ἐξ
987 4379 1331 4449 ἀνθρωπίνης
1364 4380 1543 4452 χειρὸς
1574 4382 1721 4452 ἕχον-

1826 4379 1964 4447 quod
1995 4389 2136 4441 sunt,
2167 4377 2570 4446 productionem
2597 4377 2909 4430 habeantex
2935 4389 3092 4428 manu
3119 4375 3390 4429 humana?

135 4493 256 4543 τεςς
289 4474 609 4542 Οὐαλέριος
637 4467 728 4524 οὖν
769 4470 942 4532 οὕτως
978 4471 1083 4523 ὑπὸ
1136 4472 1361 4540 Κάρπου
1409 4477 1535 4537 τοὺς
1563 4475 1723 4527 αὑτοῦ

139 4569 307 4631 θεοὺς.
366 4566 480 4622 κᾶν
534 4567 564 4617 6
596 4563 754 4631 λόγος
803 4561 1007 4632 ἀληθὴς
1060 4558 1146 4631 ἦν,
1199 4563 1585 4635 ὑϐριζομένους
1629 4569 1728 4620 οὑκ

138 4658 398 4725 ἐνεγκὼν,
442 4654 679 4723 ἀγαθῶν
707 4654 880 4721 λόγων
902 4653 1143 4722 πονηρὰν
1178 4653 1442 4707 ἀντίδοσιν
1471 4657 1726 4709 ἐποιεῖτοο

136 4750 362 4816 ιμίσησε
396 4745 514 4814 γὰρ
556 4746 617 4794 ἐν
672 4742 872 4803 πύλαις
937 4743 1229 4810 ἐλέγχοντα
1263 4745 1434 4812 (κατά
1459 4745 1550 4797 τὸν
1585 4745 1729 4799 θεῖον

149 4839 362 4908 ’Δμῶς)
401 4835 506 4890 καὶ
539 4832 700 4898 λόγον
724 4831 869 4884 ὅσιον
911 4831 1250 4896 ἐϐδελύξατο,
1287 4835 1506 4888 ἐκέλευέ
1534 4854 1591 4889 τε
1633 4838 1725 4888 εύ-

139 4927 288 4990 θέως,
327 4927 428 4978 καὶ⁵
469 4927 500 4979 6
563 4922 734 4990 θῦμος
774 4920 1010 4990 ἄμετρος
1056 4918 1145 4992 ἦν,
1177 4923 1269 4974 καὶ
1299 4922 1509 4993 δημίων
1539 4927 1723 4995 χεῖρες

138 5013 275 5089 εἶχον
294 5016 390 5070 τὸν
410 5016 586 5083 ᾰγιον
606 5009 621 5043 ὀ
645 5011 832 5083 ρἀδοι
859 5029 915 5064 τε
941 5014 1101 5067 αὐτὸν
1132 5014 1465 5080 ἀκανθώδεις
1483 5017 1723 5085 ἀνηλεῶς

138 5113 340 5180 ﬁngo»,
366 5108 470 5160 καὶ
502 5106 563 5158 al
614 5107 812 5173 σάρκες
845 5105 1159 5173 ξαινόμεναι
1215 5108 1455 5176 συνεχῶς
1477 5110 1556 5171 είς
1587 5109 1724 5176 ἀέρα

137 5199 576 5264 διεσκεδὰζοντο·
608 5193 702 5244 καὶ
737 5193 895 5260 κόρον
939 5195 995 5245 ἐν
1035 5194 1244 5256 τούτοις
1275 5195 1374 5246 οὐκ
1398 5195 1666 5264 ἐλάμϐανε
1698 5197 1736 5247 6

141 5271 323 5359 θύμος,
387 5289 537 5344 ἀλλά
572 5287 674 5338 καὶ
728 5283 889 5338 πάλιν
933 5285 1110 5355 ἐτεροι
1143 5284 1248 5336 τῶν
1281 5284 1510 5355 δημίων,
1541 5286 1590 5337 oi
1626 5286 1725 5354 μὲν

139 5373 644 5451 λαμπάδας.αὑτοῦ
679 5375 798 5436 ταῖς
830 5373 1091 5444 πλευραῖς
1131 5375 1392 5442 ἀνῆπτον,
1419 5376 1467 5427 οί
1509 5375 1562 5426 δὲ
1595 5374 1728 5436 ἃλας

142 5476 245 5535 τοῖς
305 5469 585 5539 μώλωψιν
649 5463 1030 5532 ἀπανθρώπως
1091 5466 1421 5519 ἐπέταττονο
1488 5466 1732 5518 ἐντεῦθεν

145 5564 386 5632 αἱμάτων
431 5561 539 5630 μὲν
582 5555 788 5628 ρύακες
836 5556 978 5608 κατά
1029 5557 1120 5608 τοῦ
1184 5559 1412 5626 ἐδάφους
1457 5559 1729 5627 ἐφέροντο,

203 5729 231 5777 J
259 5728 357 5780 lsa.
399 5737 604 5784 uult,
647 5721 727 5773 l5.
806 5719 823 5749 "
853 5721 1017 5773 Amos
1039 5736 1091 5779 γ,
1133 5719 1214 5771 l0.

1828 4469 2066 4523 Valerius
2093 4483 2220 4536 ergo
2252 4482 2354 4520 non
2382 4467 2556 4520 ferens
2589 4467 2717 4519 deos
2748 4480 2877 4519 suos
2925 4479 2954 4514 a
3004 4465 3181 4532 Carpo
3212 4505 3226 4530 ,
3287 4469 3390 4519 etsi

1826 4576 2012 4617 verum
2043 4559 2269 4624 diceret,
2306 4573 2366 4611 ea
2399 4557 2624 4612 allectos
2654 4556 2980 4612 contumelia
3003 4593 3016 4618 ,
3057 4554 3193 4608 bona
3227 4553 3386 4608 verba

1827 4653 1962 4705 male
1990 4657 2072 4706 est
2106 4657 2502 4703 remuneratus.
2541 4648 2676 4701 Odia
2711 4647 2851 4699 enim
2887 4645 3070 4699 habuit
3119 4644 3170 4698 in
3221 4646 3392 4714 portis

1826 4741 2332 4811 reprehendentem,
2359 4747 2373 4806 (
2399 4749 2456 4792 ut
2480 4739 2693 4792 divinus
2725 4739 2854 4792 dicit
2879 4740 3042 4789 Amos
3078 4738 3136 4801 ⁸)
3165 4749 3220 4789 et
3264 4751 3392 4789 san-

1826 4842 1969 4885 ctum
2027 4845 2330 4890 sermonem
2383 4838 2466 4883 est
2534 4828 2894 4883 abominatus.
2971 4826 3272 4895 Statimque
3322 4841 3387 4882 ex

1826 4924 1975 4995 jussu
2008 4925 2122 4992 ejus
2167 4923 2413 4975 lictorum
2457 4935 2650 4975 manus
2698 4921 2950 4972 tenebant
2994 4927 3284 4972 sanctum:
3338 4930 3392 4972 et

1833 5017 1993 5079 virgm
2023 5014 2218 5078 spineam
2250 5026 2373 5065 eum
2403 5011 2673 5065 caedebant
2725 5010 3064 5061 immaniter:
3092 5022 3392 5077 carnesque

1833 5101 2046 5154 assidue
2089 5101 2332 5154 lacerata
2374 5115 2434 5152 ac
2477 5099 2793 5162 discerptae,
2852 5096 3296 5164 dispergebantur
3341 5096 3393 5149 in

1833 5207 2031 5246 aerem.
2067 5191 2176 5245 Nec
2205 5192 2286 5244 liis
2314 5192 2611 5246 satiabatur
2642 5190 2754 5242 ira:
2793 5189 2883 5240 sed
2908 5187 2993 5239 alii
3021 5203 3207 5240 rursus
3243 5187 3397 5240 licto-

1834 5300 1937 5346 res,
1975 5284 2165 5352 partim
2198 5285 2412 5352 quidem
2452 5283 2808 5335 adium/ebant
2849 5279 3119 5345 lampades
3169 5278 3287 5345 ejus
3318 5277 3398 5330 la-

1835 5375 2056 5437 teribus,
2116 5373 2306 5440 partim
2362 5383 2536 5426 autem
2566 5374 2858 5425 inhumane
2902 5366 3258 5436 aspergebant
3289 5365 3402 5419 sale

1835 5468 1949 5533 ejus
1981 5465 2198 5519 vibices.
2232 5465 2364 5519 Hinc
2401 5466 2496 5518 rivi
2537 5466 2750 5532 quidem
2784 5461 3060 5530 sanguinis
3107 5475 3198 5529 per
3223 5458 3403 5511 solum

1840 5556 2175 5610 ferebantur:
2217 5555 2386 5609 Fibra
2418 5567 2618 5617 autem,
2660 5567 2778 5624 qua
2811 5552 3223 5614 divellebanlur,
3257 5563 3398 5601 Inar-
