4208 6300
805 347 909 410 119

2089 344 2374 404 MENSIS
2413 344 2744 405 APRILIS.

3926 333 4021 398 120

800 475 899 545 tyri
932 484 1147 540 gravent
1179 468 1412 521 dolorem
1446 464 1761 520 efferebant.
1793 462 1885 517 His
1916 461 2185 516 defessum
2233 457 2363 512 fuis-

2462 452 2572 519 ἶνςς
2604 457 2659 509 δέ
2708 453 3083 523 διασπῖὶιμεναι
3134 450 3471 521 δριμυτάτην
3524 449 3603 519 τῷ
3639 450 3874 521 μάρτυρι
3925 449 4023 521 τὴν

799 572 880 619 set
910 606 925 630 ,
951 562 1113 614 etiam
1150 558 1194 613 si
1221 558 1350 626 quid
1407 555 1701 609 inanimum
1751 553 1823 606 ita
1876 551 2067 606 fuisset
2116 563 2354 604 caesum:

800 652 1047 706 doluistis
1080 659 1261 703 antem
1297 662 1391 701 vos
1422 660 1636 714 quoque
1662 643 1876 697 omnino
1925 640 2006 695 vel
2052 639 2223 695 solum
2260 652 2352 691 au-

802 744 1028 798 dientes.
1064 740 1167 794 Sed
1200 747 1404 806 martyr
1435 752 1539 805 quo
1564 735 1729 804 magis
1751 733 2046 804 augebatur
2075 730 2359 785 multitudo

801 832 1208 902 suppliciorum.
1240 842 1303 881 eo
1344 828 1510 896 magis
1538 834 1654 880 erat
1686 825 1799 893 ipse
1826 830 2012 889 captus
2041 820 2135 875 Dei
2157 833 2358 881 amore,

800 939 853 980 et
895 938 1149 992 tanquam
1199 912 1263 975 ex
1326 935 1384 974 re
1408 921 1583 987 aliqua
1634 914 1950 971 suavissima
1986 928 2045 967 se
2091 911 2363 979 voluptate

799 1017 1049 1084 explebat
1078 1031 1141 1067 ex
1173 1012 1480 1068 doloribus:
1517 1009 1690 1063 donec
1721 1008 1839 1075 ejus
1868 1007 2069 1060 virtute
2116 1002 2361 1059 defessus

803 1107 1067 1171 Valerius,
1092 1121 1212 1159 eum
1251 1102 1550 1157 transmisit
1584 1100 1635 1154 in
1665 1113 1960 1155 carcerem.

873 1287 987 1341 XII.
1021 1286 1156 1342 Cum
1187 1294 1360 1341 autem
1385 1282 1620 1336 divinum
1655 1281 1770 1336 sisti
1802 1287 2039 1335 curassel
2085 1276 2357 1348 Papylnm,

803 1380 1026 1447 perinde
1056 1394 1115 1435 ac
1135 1379 1178 1433 si
1206 1394 1346 1433 nunc
1371 1392 1489 1431 eum
1520 1375 1746 1443 primum
1779 1372 2095 1440 aspexisset,
2136 1371 2360 1439 rogavit,

806 1472 1020 1538 quinam
1049 1479 1227 1524 essent
1255 1475 1502 1536 parentes
1528 1507 1543 1533 ,
1574 1480 1815 1535 qua-nam
1849 1465 2023 1533 patria
2046 1503 2061 1525 ,
2113 1473 2165 1516 et
2214 1478 2365 1531 qua:-

808 1576 928 1614 nam
964 1568 1102 1613 esset
1134 1558 1351 1629 martyri
1384 1559 1629 1612 scientia.
1682 1556 1911 1610 Sanctus
1955 1566 2165 1610 autem:
2198 1552 2314 1608 Jam
2344 1593 2361 1619 ,

808 1653 1000 1721 inquit,
1030 1653 1234 1707 discere
1262 1650 1506 1721 potuisti,
1538 1665 1620 1705 me
1646 1664 1763 1703 esse
1794 1658 1974 1702 natum
2021 1662 2083 1701 ex
2119 1645 2364 1715 ingenuis

807 1743 1158 1814 parentibus;
1220 1756 1337 1795 sum
1390 1742 1532 1795 enim
1587 1742 1745 1793 natu‘s
1796 1736 2100 1795 Thvatiris:
2138 1748 2365 1791 exerceo

809 1840 988 1884 autem
1018 1830 1358 1894 medicinam,
1395 1844 1496 1880 non
1531 1842 1648 1896 quae
1682 1827 1841 1880 fuerit
1867 1840 1931 1878 ex
1956 1824 2135 1878 herbis
2165 1838 2195 1877 e
2223 1833 2365 1877 terra

811 1922 1177 1986 nascentibus,
1217 1921 1308 1975 sed
1334 1935 1449 1988 qua:
1485 1917 1644 1972 alicui
1674 1936 1703 1971 a
1736 1917 1842 1971 Deo
1877 1919 1994 1968 data
2031 1914 2213 1969 fuerit.
2247 1911 2364 1967 Non

810 2016 953 2068 enim
987 2028 1155 2083 nsque
1190 2013 1255 2066 ad
1288 2027 1511 2081 corpora
1543 2009 2035 2065 circumscribimus
2062 2008 2178 2079 ejus
2223 2007 2368 2061 utili-

812 2115 1004 2159 tatem:
1047 2105 1138 2158 sed
1166 2104 1324 2157 etiam
1357 2103 1572 2157 morbos
1616 2101 1809 2155 anima:
1849 2099 2189 2169 corrigimus.
2218 2098 2368 2151 Tunc

807 2196 1010 2265 jndex:
1047 2194 1161 2248 Non
1190 2196 1319 2259 hare,
1347 2194 1541 2263 inquit,
1567 2193 1680 2247 fieri
1710 2192 1982 2262 potuerint
2011 2191 2129 2244 sine
2157 2188 2367 2244 exerci—

818 2290 1017 2343 tatione
1044 2304 1253 2352 eorum,
1286 2304 1403 2355 quae
1438 2288 1603 2353 scipta
1637 2295 1760 2339 stmt
1790 2300 1820 2339 a
1852 2285 2055 2339 Caleno
2078 2294 2131 2337 et
2170 2282 2367 2351 Hippo-

814 2392 982 2447 crate,
1009 2383 1097 2449 qui
1117 2388 1439 2449 acceperunt
1470 2394 1499 2431 a
1532 2378 1637 2433 diis
1660 2392 1922 2431 summam
1950 2376 2089 2430 illius
2109 2374 2367 2429 scientize.

813 2473 1041 2543 Papylus
1072 2481 1282 2526 autem:
1320 2470 1554 2526 Galenus
1586 2470 1818 2538 quidem,
1872 2470 2066 2540 inquit,
2093 2482 2148 2524 et
2171 2469 2369 2538 Hippo-

813 2574 1016 2627 crates,
1051 2574 1101 2618 et
1128 2565 1217 2633 qui
1252 2564 1461 2617 illorum
1485 2574 1652 2617 artem
1684 2573 1963 2626 exercent,
1985 2571 2111 2616 tunc
2136 2561 2367 2631 aliquem

814 2659 1137 2721 curaverint,
1173 2659 1385 2727 quando
1417 2657 1643 2727 gratiam
1679 2672 1788 2711 suae
1842 2657 2188 2723 benignitatis
2218 2669 2373 2710 meus

812 2762 1031 2815 quoque
1074 2746 1322 2803 Christus
1361 2746 1668 2815 przebuerit.
1719 2746 1815 2799 Sin
1863 2747 2071 2809 minns,
2125 2747 2264 2813 perit
2294 2744 2373 2799 eis

815 2840 1074 2901 studium,
1108 2839 1237 2892 nihil
1273 2837 1535 2891 commodi
1571 2851 1903 2905 consequens
1943 2851 2006 2892 ex
2046 2852 2145 2891 sua
2178 2837 2229 2891 in
2256 2844 2374 2890 arte

815 2930 1223 2984 exercitatione.
1256 2928 1403 2996 Quos
1427 2939 1602 2984 autem
1639 2930 1767 2984 deos
1799 2930 2041 2982 nominas
2069 2969 2084 2993 ,
2120 2944 2240 2983 eum
2274 2944 2372 2985 nec

792 3024 917 3083 ,sihi
948 3024 1159 3091 quidem
1198 3022 1403 3091 possint
1435 3021 1634 3087 aliquid
1689 3022 1942 3089 prodesse
1970 3060 1985 3085 ,
2040 3022 2306 3088 quomodo
2335 3022 2370 3074 ii

2463 546 2714 615 αἴσθησιν
2742 543 3021 598 ἐνεποίουν
3043 558 3055 571 ·
3086 542 3291 609 ἔκαμεν
3316 540 3381 593 ἂν
3413 540 3471 591 ἐν
3503 538 3737 604 τούτοις,
3770 540 3823 591 ετ
3851 555 3902 590 τι
3934 541 4023 591 καὶ

2460 635 2566 686 τῶν
2589 634 2812 703 ἀψύχων
2842 627 2908 703 ἦν
2955 628 3331 699 αἰκιζόμενον·
3359 628 3634 698 ὴλγήσατι
3663 626 3720 678 δέ
3749 626 3841 678 καὶ
3869 627 4022 694 ὑμεῖς

2464 728 2680 788 πάντως
2720 725 2813 778 καὶ
2845 723 2979 793 πρὸς
3013 723 3183 793 μόνην
3220 722 3319 789 τὴν
3352 720 3545 789 ἀκοήν.
3589 718 3727 772 Ἀλλ’
3761 719 3787 769 6
3815 719 4023 788 μάρτυς

2462 824 2570 891 ὅσῳ
2620 820 2679 873 τὸ
2731 819 2933 888 πλῆθος
2973 817 3080 869 τῶν
3111 814 3383 869 κολάσεων
3437 813 3765 875 ἐπετείνετο,
3792 811 4026 878 τοσούτῳ

2463 917 2555 967 καὶ
2616 913 2776 974 αὐτὸς
2833 911 3031 980 μᾶλλον
3078 908 3157 978 τῷ
3190 906 3327 977 πρὸς
3381 904 3514 958 Θεὸν
3548 905 3802 973 ἡλίσκετο
3837 904 4024 974 ἔρωτι,

2464 1007 2557 1059 καὶ
2596 1005 2787 1074 ὥσπερ
2839 1004 2984 1063 τινὸς
3038 1000 3257 1071 ἡδίστου
3316 996 3633 1067 κατετρύφα
3664 996 3772 1050 τῶν
3805 994 4025 1053 ὀδυνῶν,

2462 1100 2568 1161 ἕως
2601 1096 2735 1167 πρὸς
2765 1097 2825 1147 τὸ
2853 1092 2946 1147 τοῦ
2976 1091 3171 1162 ἀνδρὸς
3209 1091 3455 1158 γενναῖον
3483 1086 3790 1157 ἁποκαμὼν
3819 1085 4024 1138 Οὐαλέο

2468 1208 2601 1261 ριος,
2635 1187 2821 1241 τοῦτον
2858 1187 2955 1255 μὲν
2988 1181 3317 1254 παρέπεμψε
3346 1184 3411 1251 τῇ
3439 1181 3655 1250 εἱρκτῇ.

2534 1283 2633 1335 ΙΒ¹.
2660 1281 2764 1333 Τὸν
2796 1279 2852 1331 δὲ
2883 1278 3026 1331 θεῖον
3056 1276 3556 1347 παραστησάμενος
3593 1271 3869 1337 Πάπυλον,
3920 1270 4028 1323 ὥσ-

2465 1387 2569 1441 περ
2600 1371 2695 1423 νῦν
2724 1368 2939 1439 πρῶτον
2965 1365 3126 1420 αὐτὸν
3152 1364 3511 1433 θεασάμενος,
3542 1360 3755 1433 ἠρώτα,
3783 1360 3930 1424 τίνες
3978 1361 4027 1414 oi

2464 1465 2700 1534 γενέται,
2729 1461 2813 1524 τίς
2844 1463 2877 1529 ή
2907 1460 3108 1528 πατρὶς
3157 1458 3255 1511 καὶ
3290 1456 3374 1519 τίς
3411 1453 3518 1522 ἄρα
3548 1456 3580 1525 ἡ
3630 1454 3910 1523 ἐπιστήμη
3949 1455 4028 1523 τῷ

2468 1556 2723 1627 μάρτυρι.
2777 1552 2838 1604 '0
2872 1550 2930 1603 δὲ
2964 1551 3121 1616 ἅγιος
3149 1563 3163 1577 ’
3202 1545 3545 1617 Μεμάθηκας
3567 1544 3692 1615 ήδη,
3725 1545 3910 1612 φησὶν,
3949 1544 4028 1595 ὅτι

2465 1646 2764 1715 ἐλευθέρων
2791 1642 3043 1713 πατέρων
3073 1637 3183 1705 ἐγὼ
3205 1639 3333 1701 παῖς
3358 1654 3372 1668 ο
3404 1639 3467 1690 ἐκ
3498 1635 3811 1703 Θυατείρων
3840 1633 3897 1686 δέ
3917 1633 4030 1703 ὦρ.

2398 1784 2439 1839 Β
2471 1754 2669 1808 μημαι,
2695 1734 2915 1804 μέτείμι
2936 1731 2992 1785 δὲ
3013 1730 3285 1800 ἰατρικὴν,
3309 1728 3407 1797 οὐχ
3439 1727 3610 1794 ὁπόση
3643 1724 3849 1792 γένοιτο
3880 1723 3946 1777 ἂν
3967 1724 4032 1775 ἐκ

2470 1827 2709 1900 βοτανῶν
2735 1826 2842 1878 τῶν
2870 1827 2934 1877 ἐκ
2960 1824 3065 1891 γῆς
3088 1820 3401 1891 φυομένων,
3434 1819 3548 1872 ἀλλ’
3573 1818 3670 1887 ὅση
3703 1817 3766 1869 ἄν
3799 1832 3906 1867 τινι
3924 1816 4033 1867 άπδ

2467 1918 2602 1973 Θεοῦ
2631 1917 2809 1987 δοθείη
2831 1932 2845 1946 ·
2886 1914 2980 1967 καὶ
3006 1912 3114 1983 γὰρ
3138 1911 3200 1964 οὐ
3237 1910 3399 1981 μέχρι
3447 1908 3554 1961 τῶν
3580 1904 3849 1976 σωμάτων
3877 1920 4033 1974 περι-

2467 2011 2723 2082 ορίζομεν
2749 2007 2847 2079 τὴν
2866 2005 3153 2076 ὠφέλειαν,
3178 2001 3313 2055 ἀλλὰ
3331 1999 3553 2054 καὶτῶν
3581 1996 3827 2068 ψυχικῶν
3852 1996 4034 2066 666m-

2469 2101 2759 2172 στημάτων
2816 2093 3120 2165 ποιούμεθα
3148 2092 3247 2163 τὴν
3295 2091 3600 2161 διόρθωσιν.
3646 2085 3779 2141 Εἶτα
3812 2087 3843 2139 6
3874 2086 4033 2139 δικα-

2471 2180 2639 2259 στής·
2690 2188 2802 2239 Ούκ
2833 2186 2959 2239 ἄνευ
3004 2185 3291 2251 ἀσκήσεως
3324 2180 3433 2233 τῶν
3487 2178 3752 2247 Γαληνοῦ,
3784 2177 3910 2246 ἔφη,
3940 2176 4035 2228 καὶ

2480 2276 2877 2349 Ἱπποκράτους
2898 2331 2907 2339 ,
2928 2272 3087 2329 ταυτὶ
3112 2273 3341 2340 γένοιτο,
3364 2269 3420 2323 οἳ
3449 2268 3602 2339 παρά
3628 2267 3734 2320 τῶν
3764 2267 3903 2321 θεῶν
3937 2269 4037 2337 τῆς

2469 2363 2780 2441 ἐπιστήμης
2824 2368 2885 2419 τὸ
2918 2364 3213 2432 κεφάλαιον
3245 2362 3455 2415 έλαὸον.
3517 2360 3627 2414 Καὶ
3681 2361 3710 2412 6
3743 2357 4035 2421 Πάπυλο;’

2471 2463 2708 2533 Γαληνὸς
2742 2458 2841 2530 μέν
2885 2456 2980 2511 καί⁸
3025 2454 3417 2524 Ἱπποκράτης,
3471 2453 3565 2505 καὶ
3595 2451 3643 2502 οί
3670 2450 3770 2521 τὴν
3806 2447 4046 2533 ἐκείνων

2474 2517 2754 2629 μετιδντες
2780 2551 2999 2621 τέχνην,
3039 2548 3163 2600 τότε
3197 2517 3263 2600 άν
3288 2517 3412 2598 τινα
3431 2517 3846 2614 θεραπεύσειαν,
3874 2538 4038 2612 ἡνίκα

2471 2651 2567 2718 τῆς
2590 2644 2787 2700 ἐαυτοῦ
2816 2642 3229 2713 φιλανθρωπίας
3249 2638 3350 2705 τὴν
3394 2637 3555 2707 χάριν
3594 2634 3686 2687 καὶ
3718 2636 3744 2687 6
3776 2632 3905 2703 ἐμὸς
3935 2648 4039 2684 πα-

2474 2742 2664 2813 ράσχοι
2691 2735 2957 2807 Χριστὸς’
3003 2735 3051 2787 εί
3093 2732 3138 2786 δ’
3172 2728 3288 2794 οὖν,
3318 2730 3525 2798 οἴχεται
3558 2726 3741 2787 αὐτοῖς
3764 2726 3797 2787 ή
3834 2723 4037 2789 σπουδὴ
4108 2754 4131 2781 ,

2476 2811 2641 2903 μηδὲν
2667 2828 2766 2898 τῆς
2796 2826 2923 2895 περὶ
2954 2823 3052 2893 τὴν
3080 2823 3278 2891 τέχνην
3311 2818 3599 2885 ἀσκήσεως
3644 2811 4001 2865 ἀπολαύσασα
4020 2826 4037 2840 ο

2471 2901 2561 2986 οὓς
2589 2922 2646 2975 δέ
2699 2936 2763 2987 γε
2809 2916 3094 2986 ὀνομάζεις
3127 2913 3306 2976 θεοὺς,
3353 2908 3474 2962 οὐδὲ
3499 2905 3728 2967 ἑαυτοὺς
3762 2901 3955 2972 ὀνῆσαί
3987 2918 4041 2953 τι

2474 3018 2785 3087 δυνάμενοι,
2843 3010 2959 3073 πῶς
3006 3010 3074 3061 ἂν
3129 3006 3227 3076 τῆς
3257 3003 3467 3074 ἐτέρων
3519 2993 3670 3054 οὗτοι
3709 2996 4041 3066 φροντίσωσι

815 3128 998 3166 curam
1023 3112 1289 3182 gesserint
1336 3111 1561 3163 aliorum
1604 3109 1871 3164 sanitatis.
1924 3103 2076 3176 Quod
2112 3109 2156 3163 si
2207 3112 2369 3165 etiam

2475 3085 2801 3180 θεραπείας;
2843 3103 2906 3155 Ei
2943 3100 3000 3153 δέ
3026 3099 3120 3152 καὶ
3151 3094 3346 3166 μαθεῖν
3378 3094 3526 3163 ἔργῳ
3569 3090 3630 3143 τὸ
3650 3089 3899 3185 Ἇπρᾶγμα
3926 3085 4045 3138 ἐθέ·

815 3203 947 3255 velis
974 3218 1081 3253 rem
1109 3204 1275 3265 ipsam
1307 3217 1429 3253 vere
1466 3199 1759 3262 intelligere
1786 3240 1799 3262 ,
1831 3215 1951 3254 etnn
1986 3240 1999 3265 ,
2029 3200 2120 3269 qui
2153 3211 2372 3270 propter

817 3296 869 3345 te
897 3293 1065 3353 sedet,
1084 3292 1253 3345 altero
1278 3304 1331 3343 nt
1365 3292 1510 3345 rides
1537 3291 1692 3345 Oculo
1717 3292 1926 3355 orbum,
1964 3290 2163 3344 faciant
2199 3294 2369 3345 visum

819 3400 1174 3454 recuperare:
1232 3395 1286 3435 et
1329 3394 1513 3451 postea
1555 3385 1684 3437 nihil
1726 3384 1915 3436 dicam.
1968 3382 2150 3435 Fuerit
2195 3392 2372 3435 autem

820 3474 1108 3543 quispiam,
1138 3475 1212 3528 ait
1246 3473 1507 3538 Valerius,
1540 3475 1627 3542 qui
1659 3489 1778 3526 enm
1814 3473 1981 3542 possit
2006 3474 2236 3529 sanare?
2259 3472 2373 3527 Non

820 3566 923 3622 hoc
953 3566 1151 3627 solum,
1181 3566 1350 3632 inquit
1378 3574 1626 3629 sanctus,
1663 3566 1754 3619 sed
1797 3581 1984 3621 omnes
2029 3566 2190 3619 etiam
2243 3566 2380 3619 alios

820 3657 1042 3711 morbos
1070 3666 1122 3710 et
1160 3654 1470 3711 affectiones
1508 3656 1831 3711 insanabiles
1884 3656 2040 3708 facile
2079 3656 2373 3721 curaverit,

818 3749 909 3819 qui
945 3749 1220 3803 Christum
1254 3747 1401 3801 omni
1434 3748 1623 3802 morbo
1678 3746 1978 3801 medentem
2024 3748 2377 3803 invocaverit.

822 3838 967 3893 Dixit
999 3849 1178 3895 autent
1213 3836 1493 3893 Valerius:
1530 3837 1819 3893 Videamus
1870 3840 1920 3893 in
1956 3842 2240 3909 praesentia
2276 3840 2325 3893 id
2362 3880 2376 3903 ,

820 3930 967 4001 quod
994 3932 1159 3987 dicis:
1192 3930 1306 3984 Non
1338 3946 1456 3999 ego,
1488 3931 1661 3997 inquit
1687 3931 1931 4001 Papylus,
1965 3932 2242 4000 aggrediar
2269 3933 2381 4001 pri-

825 4040 968 4078 mus.
1003 4023 1203 4076 Vereor
1233 4023 1374 4076 enim
1405 4063 1421 4088 ,
1455 4036 1521 4075 ne
1554 4036 1673 4075 cum
1700 4023 1812 4090 ipse
1839 4024 2016 4078 omnia
2063 4023 2334 4077 adulteres
2361 4064 2378 4087 .

822 4115 1139 4170 miraculum
1185 4114 1426 4168 ascribas
1475 4112 1829 4167 daamonibus.
1876 4116 1980 4166 Sed
2029 4115 2101 4166 tui
2151 4115 2381 4180 primum

824 4209 1075 4261 invocent
1106 4222 1262 4275 quem
1298 4205 1460 4260 velint
1494 4218 1707 4260 tuorum
1744 4206 1998 4270 deorum,
2032 4216 2085 4262 ct
2117 4217 2243 4263 tunc
2280 4221 2382 4277 ego

823 4314 1036 4371 quoque
1066 4300 1350 4354 ostendam
1374 4298 1576 4352 Christi
1607 4298 1713 4351 mei
1738 4298 2014 4351 virtutem.

831 4666 1036 4723 trilices
1065 4664 1376 4719 adduxisset
1423 4662 1668 4717 Valerius
1696 4701 1712 4725 ,
1762 4660 1921 4729 jussit
1969 4674 2095 4715 suos
2133 4661 2385 4714 invocare

832 4764 973 4822 deos,
1003 4757 1226 4821 nullam,
1258 4770 1378 4827 qua:
1409 4754 1473 4809 ad
1501 4754 1603 4810 hoc
1631 4752 1819 4817 faciat,
1852 4753 2162 4807 amittentes
2187 4760 2380 4813 artem,

830 4865 923 4904 nec
954 4850 1293 4911 industriam,
1328 4862 1427 4901 nec
1448 4847 1732 4901 rationem.
1760 4844 1839 4901 Illi
1872 4853 2068 4909 autem,
2103 4842 2241 4897 alios
2279 4843 2383 4896 alio

825 4942 1162 5003 accedentes,
1184 4939 1270 4993 hic
1288 4936 1502 5008 quidem
1529 4936 1845 5005 Apollinem,
1874 4936 1961 4991 ille
1985 4945 2163 4989 autem
2189 4933 2385 4988 discu-

827 5034 1047 5100 Iapium,
1081 5032 1217 5086 alius
1246 5030 1440 5085 deinde
1471 5030 1631 5083 alium
1664 5029 1946 5083 invocabat
1999 5043 2061 5081 ex
2090 5028 2192 5082 diis
2233 5026 2384 5081 adnlo

826 5124 1013 5178 Ierinis
1044 5164 1059 5187 ,
1093 5123 1415 5191 impotentes
1448 5121 1501 5174 in
1533 5136 1588 5175 re
1616 5163 1630 5184 ,
1664 5133 1781 5189 qua:
1833 5117 1946 5171 fieri
1994 5133 2099 5172 non
2129 5128 2335 5186 poterat
2370 5160 2382 5183 ,

824 5216 968 5282 quod
1002 5215 1067 5268 ad
1098 5214 1343 5269 homines
1383 5213 1595 5276 attinet,
1622 5211 1953 5267 invocantes.
2020 5208 2257 5278 Eratque
2302 5224 2387 5264 res

824 5309 982 5360 valde
1009 5306 1257 5363 ridicula.
1284 5315 1335 5360 et
1365 5305 1519 5373 plena
1549 5304 1829 5358 dedecore.
1856 5302 1991 5368 Quid
2029 5303 2171 5357 enim
2206 5300 2272 5354 de
2302 5300 2385 5353 vi-

826 5382 1114 5459 ventibus,
1168 5411 1391 5465 magnus
1442 5395 1612 5463 inquit
1638 5393 1804 5447 Isaias
1854 5394 1915 5455 ³,
1969 5391 2388 5447 sciscitabantur

829 5488 1112 5547 mortuos?
1140 5487 1306 5540 Totus
1337 5501 1464 5551 ergo
1491 5485 1604 5538 dies
1640 5484 1891 5553 praateriit
1917 5522 1931 5545 ,
1965 5492 2018 5537 et
2064 5482 2136 5535 illi
2174 5482 2385 5547 quidem

830 5582 1085 5651 rogabant
1113 5621 1125 5641 .
1170 5580 1576 5657 supplicabant,
1626 5576 1997 5631 sacriﬁcabant
2031 5616 2041 5636 ,
2094 5574 2250 5625 rebus
2287 5574 2389 5622 illis

908 5740 926 5767 '
961 5736 1060 5787 lsa.
1105 5750 1215 5794 νιιι,
1260 5734 1321 5783 l9

2473 3177 2605 3263 λεις,
2649 3198 2738 3251 τὸν
2788 3193 2940 3263 παρὰ
2997 3191 3081 3244 σοὶ
3138 3188 3449 3257 καθήμενον
3508 3177 3932 3252 πεπηρωμένον,
3967 3177 4044 3238 ὡς

2472 3292 2638 3361 ὁρᾷς,
2697 3286 2825 3339 δντα
2874 3282 2964 3337 τὸν
3006 3280 3192 3349 ἕτερον
3228 3277 3336 3330 τῶν
3368 3270 3687 3345 ὀφθαλμῶν,
3742 3266 4044 3335 ἀναᾶλέψαι

2476 3359 2878 3451 ποιησάτωσαν,
2934 3373 3104 3444 κάμοὶ
3154 3371 3311 3437 λόγος
3365 3369 3426 3421 τὸ
3473 3364 3615 3436 μετὰ
3636 3360 3811 3415 ταῦτα
3843 3359 4042 3419 οὐδείς.

2477 3472 2577 3540 Εῖη
2630 3470 2674 3523 δ’
2707 3470 2771 3523 ἄν
2819 3482 2924 3529 τις,
2960 3460 3115 3515 εἶπεν
3143 3459 3460 3528 Οὐαλέριος,
3505 3458 3534 3509 6
3580 3453 3770 3509 τοῦτον
3809 3451 4046 3519 ὑγιῶσαι

2476 3539 2808 3630 δυνάμενοςς
2845 3587 2914 3598 -
2947 3553 3023 3606 Οὐ
3061 3550 3252 3604 τοῦτον
3288 3548 3470 3619 μόνον,
3520 3547 3549 3599 6
3578 3545 3729 3614 ἅγιος
3758 3542 3886 3612 ἔφη,
3909 3539 4047 3593 ἀλλὰ

2478 3651 2580 3705 κᾶν
2608 3629 2760 3712 νόσος
2788 3646 2922 3714 άλλη
2952 3660 3033 3707 τις
3079 3640 3139 3717 ᾖ,
3178 3642 3283 3695 κᾶν
3336 3639 3506 3699 πάθος
3556 3635 3675 3689 οὐδὲ
3706 3632 3835 3716 παρ’
3865 3629 4051 3695 ὀλίγον

2481 3748 2717 3815 ἰάσιμον,
2789 3739 2984 3811 ῥᾳδίως
3027 3737 3244 3790 ἅπαντα
3294 3728 3703 3799 θεραπεύσειεν,
3761 3723 3819 3785 ὃς
3859 3721 3927 3775 ἂν
3955 3720 4047 3772 τὸν

2483 3840 2544 3893 ιώ
2553 3854 2712 3909 μενον
2733 3838 2911 3888 πᾶσαν
2935 3832 3090 3884 νόσον
3113 3830 3208 3881 καὶ
3234 3827 3413 3879 πᾶσαν
3442 3820 3712 3895 μαλακίαν
3730 3817 4053 3873 ἐπικαλοῖτο

2480 3906 2735 4003 Χριστόν.
2779 3926 2890 3982 Καὶ
2914 3924 3006 3977 τὸν
3041 3919 3337 3988 Οὐαλέριον
3376 3917 3576 3986 φάναι·
3616 3913 3846 3981 ἰδωμεν
3877 3911 3936 3961 ἐν
3969 3906 4047 3977 τῷ

2484 3997 2711 4086 παρόντι
2748 4014 2775 4065 ὃ
2811 4012 3010 4077 λέγεις.
3060 4041 3131 4052 --
3184 4008 3298 4059 Οὐκ
3354 4004 3483 4071 ἐγὼ,
3511 4003 3676 4070 φησὶν
3708 4003 3736 4051 6
3769 3997 4047 4057 Πάπυλος,

2482 4106 2791 4175 ἐγχειρήσω
2850 4100 3104 4171 πρῶτος
3144 4097 3362 4151 δέδοικα
3414 4093 3544 4163 γὰρ,
3596 4090 3761 4162 μὴτὸ
3813 4089 4051 4158 πρᾶγμα

2484 4198 2742 4261 νοθεύσας
2772 4194 2934 4257 αὐτὸς
2966 4195 3076 4254 τοῖς
3112 4190 3331 4260 δαίμοσι
3387 4188 3455 4239 τὰ
3490 4186 3587 4239 τοῦ
3614 4184 3893 4252 θαύματος
3920 4180 4052 4232 ὑπο-

2483 4295 2732 4365 γράψῃς·
2759 4291 2872 4345 ἀλλ’
2906 4291 2955 4342 οἱ
2988 4290 3072 4341 σοὶ
3128 4286 3418 4356 πρότερον,
3465 4283 3532 4352 ἢν
3582 4279 3902 4349 βούλωνται,
3941 4274 4053 4327 τῶν

2487 4388 2624 4440 θεῶν
2655 4383 2809 4454 ὑμῶν
2838 4380 3129 4449 ἐπίκλησιν
3169 4377 3574 4446 ποιησάτωσαν,
3610 4372 3706 4427 καὶ
3734 4372 3855 4425 τότε
3886 4370 4063 4423 πάλιν

2415 4459 2460 4515 Ῐ)
2489 4476 2651 4536 αὐτὸς
2680 4473 2778 4542 τὴν
2807 4470 2902 4525 τοῦ
2927 4466 3061 4541 ἐμοῦ
3100 4466 3335 4538 Χριστοῦ
3359 4465 3595 4542 δύναμιν.
3620 4461 3895 4527 ἐπιδείξω.

893 4572 1039 4628 XIII.
1079 4571 1233 4627 Tune
1254 4585 1376 4627 cum
1412 4569 1914 4643 quosdam-deorum
1943 4568 2180 4626 cultores
2209 4578 2263 4623 et
2292 4583 2383 4622 sa-
2441 4595 2463 4616 .

2560 4567 2665 4621 ιΓι.
2697 4540 2828 4621 Τνότε
2855 4540 3196 4633 θεραπευτάς
3217 4576 3370 4619 τινας
3397 4558 3490 4609 καὶ
3519 4540 3687 4617 θύτας
3708 4553 4053 4624 παραγαγὼν

2485 4662 2513 4714 6
2542 4653 2857 4727 Οὐαλέριος,
2898 4655 3023 4714 τοὺς
3085 4649 3295 4704 ἐαυτῶν
3353 4648 3610 4702 ἐκέλευεν
3669 4645 4051 4699 ἐπικαλεῖσθαι

2487 4751 2666 4813 θεοὺς,
2705 4748 2839 4816 μηδέ
2860 4746 3076 4813 τέχνης,
3104 4742 3239 4814 μηδέ
3265 4740 3533 4807 ἐπινοίας,
3562 4738 3685 4810 μηδ’
3717 4737 3885 4804 ἄλλης
3910 4737 4054 4797 τινὸς

2490 4838 2716 4911 μεθόδου
2768 4835 2902 4907 πρὸς
2953 4834 3110 4888 τοῦτο
3158 4831 3446 4902 μεθιέντας
3499 4827 3688 4899 μηδέν.
3724 4824 3869 4879 Οίδέ
3893 4824 4054 4887 ἄλλος

2488 4928 2691 4996 ἀλλαχῆ
2720 4924 3070 4995 παρινεντες,ο
3094 4922 3192 4990 μὲν
3220 4920 3553 4982 Ἀπόλλωνα,
3573 4920 3601 4970 6
3621 4916 3677 4971 δὲ
3699 4914 4053 4984 Ἀσκληπιὸν,

2486 5020 2512 5072 6
2541 5020 2596 5081 δέ
2626 5019 2779 5079 ἄλλος
2809 5016 2969 5069 ἄλλον
3003 5013 3109 5066 τῶν
3134 5012 3403 5080 κιϐδήλων
3432 5010 3617 5061 ἐκάλει
3664 5006 3825 5072 θεῶν,
3854 5006 4054 5059 ἀδυνά-

2483 5130 2611 5175 τους
2646 5110 2784 5166 κατὰ
2804 5110 3065 5163 ἀδυνάτου
3096 5107 3442 5178 πράγματος,
3479 5104 3581 5158 ὅσα
3620 5120 3682 5171 γε
3728 5104 3809 5166 είς
3839 5098 4054 5168 direpti)-

2486 5223 2620 5268 πους
2666 5200 2799 5276 ἧκεν
2839 5201 3260 5270 ἐπικαλούμενοι
3281 5216 3295 5230 υ
3341 5199 3433 5251 καὶ
3462 5192 3530 5268 ἦν
3556 5197 3613 5249 τὸ
3635 5195 3825 5267 χρῆμα
3856 5192 4053 5261 κομιδῇ

2496 5297 2690 5365 γέλως,
2745 5292 2972 5364 αἰσχύνη
3029 5293 3228 5360 σαφής.
3266 5290 3330 5342 Τί
3380 5290 3487 5357 γὰρ
3520 5288 3645 5356 περὶ
3684 5286 3794 5337 τῶν
3818 5282 4078 5346 ζώντων,-

2509 5386 2735 5446 Ἢσαῖας
2760 5384 2921 5451 φησιν
2953 5384 2980 5433 6
3009 5382 3199 5449 μέγας,
3257 5376 3618 5444 ἐκζητήσουσι
3652 5374 3777 5434 τοὺς
3808 5369 4053 5437 νεκρούςς

2509 5478 2723 5546 Ἡμέρα
2774 5472 2904 5539 γοῦν
2932 5469 3144 5539 διῆλθεν
3175 5469 3293 5531 ὅλη,
3324 5467 3418 5518 καὶ
3446 5466 3493 5518 οἱ
3524 5465 3622 5531 μέν
3673 5461 3902 5520 ἐδέοντο,
3950 5457 4055 5510 Ixi-

2499 5585 2671 5620 τευον.
2729 5563 3027 5625 ὲθυσίαζον,
3081 5562 3254 5610 πᾶσαν
3293 5559 3413 5624 περῖ
3445 5555 3511 5605 τὰ
3555 5553 3757 5621 μάταια
3782 5548 4053 5601 ἐποιοῦντο
