4208 6300
181 372 257 435 ἵέῐ
1190 373 1365 429 νιΤΑ
1408 373 1464 430 S.
1500 372 1724 429 CARPI
1773 373 1843 430 ΕΊ

1190 373 1365 429 νιτΑ
1408 373 1464 430 S.
1500 372 1724 429 CARPI
1773 373 1862 430 ET
1896 373 2316 441 SOCIORUM.

3294 388 3392 451 122

177 484 257 546 τὴν
283 479 636 548 προσεδρείαν
659 495 672 508 ⁸
718 481 785 534 τὰ
814 482 868 534 δὲ
914 484 1069 549 κωφὰ
1106 484 1264 549 κωφὰ
1296 480 1389 553 ἦν,
1437 487 1531 537 καὶ
1559 487 1636 555 τῷ
1667 487 1730 538 ὲκ
1761 485 1804 541 Α

1727 485 1804 541 ,Α
1840 493 1990 540 Vanis
2039 505 2300 559 perpetuo
2345 498 2672 554 assidebaut.
2731 500 2899 556 Surda
2955 517 3131 555 autem
3231 504 3389 558 surda

177 571 344 638 μέρους
372 569 746 636 τυφλώττοντι
770 571 994 638 οὐδεμία
1021 571 1245 640 βοήθεια
1270 573 1420 642 παρὰ
1449 574 1559 625 τῶν
1585 574 1723 637 ὅλως
1827 597 1839 633 t

1827 591 2012 634 erant:
2047 594 2098 634 et
2126 585 2172 636 ei
2202 626 2213 636 .
2250 587 2338 653 qui
2371 603 2434 641 cx
2467 600 2617 656 parte
2658 592 2970 645 ctecutiebat
3027 593 3228 646 nullum
3275 603 3395 646 erat

175 659 582 727 πεπηρωμένων.
607 658 672 711 Τί
705 660 798 713 οῦν
820 662 850 713 ὁ
878 661 971 713 τοῦ
996 662 1234 730 Χριστοῦ
1270 665 1514 735 μάρτυς;
1553 667 1720 736 Ὀμοῦ

174 753 253 803 σὺν
279 753 382 811 τοῖς
414 751 630 821 δμμασι
681 753 779 821 τῆς
811 754 1015 824 σαρκὸς
1048 755 1142 806 καὶ
1191 754 1258 807 τὰ
1283 757 1393 825 τῆς,
1432 758 1608 827 ψυχῆς
1642 759 1716 822 είς

169 843 402 910 οὐρανοὺς
427 845 587 912 ἄρας,
621 845 713 896 τὸν
742 847 937 899 ἑαυτοῦ
968 847 1105 915 πρὸς
1139 848 1287 900 ἔλεον
1305 849 1488 900 ἐκάλει
1519 850 1720 903 Δεσπό-

167 951 268 1000 την.
301 927 424 985 Εἶτα
463 933 549 997 τίς
613 936 687 986 Τὸ
739 937 833 988 τοῦ
888 937 1126 1006 σταυροῦ
1161 944 1384 1008 σημεῖον
1440 942 1717 995 ἐπιϐάλλει

166 1027 268 1086 ταῖς
294 1025 500 1092 δψεσιν,
545 1025 777 1078 ἅπτεται
801 1030 865 1095 τῇ
911 1029 1077 1097 χειρὶ,
1113 1031 1207 1082 καὶ
1262 1033 1327 1099 τῇ
1363 1031 1473 1102 ἁφῇ
1509 1034 1568 1084 τὸ
1603 1035 1717 1098 φῶς

165 1114 442 1181 ἠκολούθει,
487 1115 582 1166 καὶ
636 1116 663 1166 ὁ
717 1117 967 1180 οδεσθεὶς
1019 1119 1296 1187 ὀφθαλμὸς
1333 1122 1462 1190 ῥᾷον
1506 1122 1537 1192 ἢ
1580 1124 1714 1191 πρὸς

167 1205 310 1255 ὐπνον
342 1205 755 1274 συγκαλυφθεὶς
800 1208 1128 1275 ἀνεῴγνυτο,
1187 1211 1281 1262 καὶ
1320 1211 1380 1264 τὸ
1410 1211 1473 1280 δὴ
1508 1212 1709 1281 μεῖζον.

162 1297 244 1346 καὶ
269 1298 299 1364 ἡ
330 1296 506 1365 ψυχῆς
534 1297 727 1350 ἐλύετο
765 1299 1031 1366 πήρωσις,
1065 1301 1160 1351 καὶ
1184 1302 1461 1354 πιστεύων
1491 1299 1580 1372 ἦν,
1621 1305 1713 1356 καὶ

162 1387 213 1435 τὸ
243 1385 348 1451 φῶς
376 1387 438 1438 τὸ
476 1387 734 1457 ἀληθινὸν
760 1389 926 1456 ἑώρα,
967 1388 994 1440 ὃ
1042 1389 1267 1457 φωτίζει
1301 1392 1478 1443 πάντα
1503 1393 1712 1461 ἄνθρω-

163 1493 250 1527 πον
278 1478 566 1547 ἐρχόμενον
591 1482 672 1540 είς
692 1481 782 1531 τὸν
800 1480 1025 1548 κόσμον,
1054 1481 1148 1534 καὶ
1172 1481 1288 1549 ἅμα
1320 1483 1454 1533 πολύ
1487 1500 1536 1534 τι
1570 1485 1710 1550 πλῆ-

161 1568 238 1630 Θος
261 1569 559 1639 ἀνθρώπων
587 1569 665 1639 τῷ
721 1571 962 1639 θαύματι
1018 1571 1156 1642 πρὸς
1192 1573 1292 1643 τὴν
1322 1573 1422 1642 τῆς
1452 1573 1711 1644 ἀληθείας

158 1660 434 1726 ἐπίγνωσιν
497 1664 941 1731 ἐχειραγωγεῖτο.
1005 1666 1139 1718 Τίνα
1177 1667 1248 1718 ἂν
1295 1667 1356 1720 οὐ
1417 1669 1710 1736 μετέϐαλον

157 1753 328 1819 ταῦτα,
357 1754 450 1806 καὶ
475 1755 560 1817 τίς
594 1757 621 1806 ὀ
653 1755 750 1826 τὴν
793 1757 948 1826 ἰσχὺν
985 1757 1122 1825 ἔχων
1158 1757 1364 1828 ταύτην
1411 1758 1707 1831 ἐκζητῆσαι

1825 674 2078 727 auxilium
2128 681 2193 730 ab
2235 680 2300 732 iis
2338 681 2426 748 qui
2458 691 2611 736 erant
2638 685 2764 737 caeci
2811 686 3042 754 penitus.
3089 686 3227 751 Quid
3263 702 3396 756 ergo

1823 765 2024 819 Christi
2072 770 2316 823 servus?
2367 771 2538 825 Simul
2583 789 2701 826 cum
2751 775 2931 829 carnis
2978 775 3148 828 oculis
3195 775 3393 828 animae

1823 873 2034 926 quoque
2064 861 2249 914 oculos
2279 863 2344 915 ad
2379 863 2574 915 cmlum
2613 865 2824 926 tollens,
2853 865 2919 917 ad
2958 863 3387 920 misericordiam

1822 964 1978 1002 suum
2030 950 2319 1007 invocabat
2370 954 2680 1012 Dominum.
2736 958 2938 1011 Deinde
2984 957 3153 1025 quid?
3195 957 3385 1011 Crucis

1819 1039 2027 1104 signum
2079 1042 2319 1097 immittit
2371 1047 2578 1110 oculis,
2617 1063 2779 1100 manu
2841 1048 3050 1116 tangit.
3097 1057 3149 1102 et
3183 1056 3384 1101 tactum

1819 1132 1904 1184 lux
1938 1143 2018 1186 est
2042 1147 2334 1190 consecuta
2363 1177 2377 1200 ,
2409 1148 2460 1191 et
2490 1145 2792 1193 exstinctus
2823 1142 3013 1194 oculus
3058 1141 3270 1194 facilius
3303 1153 3388 1194 est

1817 1235 2033 1291 apertus
2060 1267 2074 1290 ,
2111 1243 2269 1294 quam
2303 1230 2346 1282 si
2390 1245 2580 1284 somno
2616 1231 2802 1285 fuisset
2846 1241 3094 1300 opertus:
3147 1242 3198 1285 et
3241 1233 3383 1299 quod

1816 1316 1988 1383 majus
2011 1325 2114 1378 est.
2149 1318 2285 1384 ejus,
2309 1320 2398 1388 qui
2428 1320 2692 1376 beneficio
2724 1323 2946 1376 allectus
2972 1322 3166 1385 fuerat,
3190 1325 3383 1376 animae

1814 1421 2027 1474 quoque
2051 1409 2225 1462 ablata
2246 1423 2327 1464 est
2349 1414 2584 1471 caecitas.
2609 1423 2830 1481 eratque
2859 1415 3102 1478 credens,
3126 1424 3381 1468 et'veram

1813 1495 1983 1550 lucem
2021 1499 2326 1553 intuebatur
2353 1542 2368 1564 ,
2404 1517 2523 1569 qua!
2554 1503 2820 1557 illuminat
2848 1518 3066 1558 omnem
3105 1505 3380 1564 hominem

1811 1588 2111 1641 venientem
2144 1589 2197 1641 in
2223 1590 2363 1645 hunc
2399 1596 2653 1649 mundum
2686 1612 2698 1647 :
2732 1606 2783 1647 et
2814 1594 2972 1648 simul
2995 1595 3154 1648 etiam
3189 1595 3380 1664 magna

1813 1678 2087 1731 hominum
2125 1681 2410 1735 multitudo
2441 1684 2665 1739 deducta
2698 1695 2779 1737 est
2815 1685 3075 1738 miraculo
3111 1687 3174 1738 ad
3228 1686 3379 1753 agni-

1813 1769 2008 1823 tionem
2035 1771 2295 1826 veritatis.
2331 1772 2497 1837 Quem
2530 1789 2635 1827 n0n
2671 1775 2784 1828 haec
2833 1784 3127 1828 mutassent
3154 1817 3168 1840 ,
3216 1785 3268 1830 et
3292 1777 3375 1830 ef-

156 1840 237 1892 Jul
286 1842 474 1910 μαθεῖν
522 1846 966 1912 παρεσκεύασεν;
1034 1848 1173 1900 Ἀλλ’
1233 1852 1281 1902 εί
1327 1850 1419 1902 καὶ
1473 1852 1704 1918 πάντας,
1741 1853 1818 1915 B1

1741 1853 1778 1906 Β
1810 1863 2063 1918 fecissent
2100 1879 2344 1931 qumere
2371 1876 2426 1918 et
2451 1865 2658 1920 discere
2685 1909 2698 1928 ,
2754 1867 3003 1936 quisnam
3051 1869 3096 1921 is
3129 1870 3238 1934 sit,
3284 1869 3379 1936 qui

154 1932 427 2001 Οὐαλέριον
480 1934 613 2002 γοῦν
663 1935 934 2004 οὐδαμῶς,
992 1938 1130 1990 ἀλλὰ
1183 1941 1280 1992 καὶ
1326 1942 1459 1993 πολὺ
1499 1943 1700 2010 μᾶλλον

151 2024 504 2091 ἀπηνέστερον
540 2025 731 2078 ἑαυτοῦ
757 2028 1122 2096 πεποιήκασι,
1155 2030 1408 2100 καθάπερ
1440 2033 1700 2101 ένηδόμε-

151 2133 227 2166 νον
270 2118 330 2184 τῇ
383 2115 636 2186 ἀπωλείᾳ.
669 2117 768 2184 τῆς
801 2117 1006 2189 πλάνης
1047 2120 1141 2172 καὶ
1180 2121 1434 2190 οὐδαμῶς
1468 2125 1702 2177 ἐκκαλυ-

152 2206 329 2275 φθῆναι
363 2209 459 2277 τὴν
495 2208 758 2276 ἀλήθειαν
785 2210 1143 2280 ἀνεχόμενονθ
1179 2211 1302 2267 ὅθεν
1324 2216 1530 2269 καὶτὸν
1561 2217 1702 2288 μάρ-

147 2315 266 2367 τυρα
301 2301 505 2369 ταύτης
545 2302 636 2354 ἐπὶ
675 2302 832 2367 ξύλου
869 2306 1230 2374 μετεωρίσας,
1282 2309 1554 2373 αἰκίζεται
1583 2312 1701 2379 δρι-

147 2391 402 2455 μυτὰτως,
463 2395 722 2457 τοιαύτας
780 2395 928 2466 αὐτῷ
959 2398 1056 2458 τὰς
1101 2398 1338 2467 ἀμοιϐὰς
1369 2401 1467 2468 τῆς
1499 2403 1578 2463 είς
1608 2404 1701 2456 τὸν

145 2479 500 2550 συγκᾶθεδρον
531 2483 850 2551 εὐεργεσίας
883 2485 1189 2549 ἀποδιδούς.

204 2654 291 2709 1Δ’.
334 2655 609 2720 Ἐξαίνετο
640 2659 740 2727 μὲν
769 2655 862 2714 οὖν
894 2662 954 2718 τὸ
984 2664 1147 2718 καλὸν
1186 2668 1362 2723 έκεῖνο
1394 2671 1553 2742 σῶμα
1576 2676 1699 2737 ταῖς

144 2745 363 2812 μάστιξι.
424 2747 680 2802 Πάπυλον
711 2749 768 2803 δὲ
819 2751 878 2804 οὐ
918 2754 1076 2807 τοῦτο
1110 2756 1322 2821 ἐλύπει,
1357 2760 1471 2812 ἀλλ’
1511 2763 1593 2815 δτι
1622 2764 1696 2834 μὴ

138 2837 498 2908 χαλεπώτεραι
574 2841 777 2909 μᾶλλον
842 2844 1113 2914 ἐπήγοντο
1170 2847 1433 2916 βάσανοι,
1510 2853 1698 2916 δεινῶς

138 2928 384 2995 ἦσχαλλεν
408 2946 421 2959 ’
472 2929 667 2998 ὥσπερ
700 2933 829 2997 γοῦν
856 2934 948 2986 ἀπ’
989 2938 1240 3001 ἐναντίας
1270 2941 1365 2992 καὶ
1396 2942 1694 3013 Οὐαλέριος

137 3021 434 3086 ἡττωμένας
458 3019 604 3088 ὀρῶν
636 3023 796 3074 πάλιν
827 3023 926 3086 τὰς
948 3027 1109 3077 αὐτοῦ
1144 3028 1412 3095 βασάνους
1436 3035 1571 3101 πρὸς
1597 3037 1696 3106 τὴν

133 3108 214 3159 τοῦ
253 3109 530 3180 μάρτυρος
562 3110 852 3181 εὐψυχίαν,
890 3114 1061 3179 πάθος
1095 3117 1227 3170 ἴδιον
1266 3117 1378 3189 εἶχε
1407 3124 1563 3176 τοῦτο
1595 3130 1688 3179 καὶ

133 3201 326 3268 πικρῶς
359 3203 525 3272 ἔφερε
548 3219 562 3236 ο
598 3205 888 3274 τοιγαροῦν
909 3209 1218 3276 προσετίθει
1249 3213 1345 3264 καὶ
1377 3211 1561 3281 ἄλλας,
1595 3219 1687 3268 καὶ

134 3293 228 3360 πῦρ
259 3298 376 3357 ταῖς
406 3296 576 3348 αὐτοῦ
603 3297 862 3365 πλευραῖς
896 3299 1204 3354 ὐπανάπτει
1241 3305 1337 3354 καὶ
1369 3303 1536 3368 λίθοις
1562 3306 1694 3376 βάλ-

619 3388 755 3438 sm
794 3389 886 3440 καὶ
920 3391 1056 3456 πρύς
1095 3393 1156 3443 τὸ
1207 3394 1318 3463 πῦρ
1363 3398 1389 3447 ό
1424 3399 1693 3468 μακάριος

128 3477 262 3527 οὐδὲν
295 3478 499 3527 ἔπαθεν
535 3477 782 3541 ἀγεννὲς,
812 3479 905 3530 καὶ
931 3482 978 3531 oi
1006 3480 1142 3534 λίθοι
1171 3485 1419 3555 καθάπερ
1440 3489 1692 3556 αἰδούμε-

127 3583 193 3617 νοι
217 3568 272 3617 το
298 3568 385 3619 διὰ
407 3568 656 3635 Χριστὸν
680 3567 852 3631 οὕτως
876 3571 1225 3641 αἰκιζόμενον
1251 3574 1430 3645 σῶμα,
1458 3578 1689 3648 ἀλλαχοῦ

130 3660 216 3722 μὲν
240 3659 591 3725 ἠκοντίζοντο
611 3701 626 3723 ,
671 3661 795 3714 κατ’
832 3663 998 3716 αὐτοῦ
1045 3665 1101 3717 δὲ
1132 3667 1381 3735 οὐδαμῶς
1411 3671 1688 3739 ἐφέροντο.

129 3383 298 3436 λεσθαι
328 3387 542 3437 κελεύει
569 3403 582 3416 ·

139 3752 272 3804 Ἐπεὶ
317 3750 411 3806 οὖν
462 3753 852 3823 ἀπηγόρευσεν
889 3756 1183 3824 Οὐαλέριος
1239 3759 1341 3827 ήδη
1393 3763 1486 3811 καὶ
1538 3763 1690 3814 οὐδὲν

127 3839 278 3911 εἶχεν,
304 3846 334 3897 ὃ
369 3848 654 3914 ἐπαγάγοι
700 3850 811 3909 τοῖς
851 3848 1027 3914 ἁγίοις
1071 3848 1150 3911 είς
1177 3851 1468 3921 τιμωρίαν,
1500 3855 1690 3924 καιρὸν

124 3934 274 3985 ἐδίδου
296 3937 408 3996 τοῖς
432 3934 693 4004 μώλωψι,
728 3936 1076 4006 λογιζόμενος
1107 3941 1260 4004 ίσως,
1294 3942 1369 4004 ὡς
1409 3943 1461 3995 εί
1486 3961 1548 4010 γε
1597 3947 1689 3998 καὶ

126 4023 300 4093 μικρὸν
348 4024 530 4089 οὕτως
578 4025 822 4079 ἀνεθεῖεν
873 4029 924 4080 οί
985 4030 1284 4100 μάρτυρες,
1336 4033 1688 4104 δριμυτέραις

121 4116 298 4182 αὐτοὺς
325 4120 374 4172 οί
399 4118 679 4188 μώλωπες
710 4120 1098 4185 περιϐαλοῦσιν
1134 4123 1349 4186 ὀδύναις
1385 4126 1485 4194 ἤδη
1520 4127 1685 4194 φλεγ-

122 4209 372 4275 μήναντες
403 4211 504 4263 καὶ
534 4208 686 4262 οὕτω
711 4205 1068 4282 χαυνοτέρους
1092 4213 1228 4283 πρὸς
1264 4215 1364 4278 τὰς
1390 4217 1686 4283 μελλούσας

115 4298 371 4366 ἐξετάσεις
401 4303 764 4371 παρέξονται.
814 4303 956 4356 Ἀλλ’
988 4297 1135 4359 οῦτοι
1180 4305 1270 4360 τὸν
1307 4308 1491 4380 ἰατρὸν
1517 4311 1684 4381 ἐγγὺς

114 4389 328 4460 ἕχοντες,
393 4394 465 4447 δι’
507 4393 572 4446 ὃν
608 4394 700 4447 καὶ
755 4395 854 4458 τὰς
883 4396 1100 4467 πληγὰς
1129 4399 1299 4468 ήδέως
1330 4402 1595 4470 ἐδέχοντο,
1621 4407 1682 4458 οὐ

1806 1961 1951 2005 tanta
1987 1963 2071 2006 est
2103 1954 2297 2006 virtute
2323 1955 2618 2020 praeditus?
2647 1954 2750 2009 Sed
2780 1965 2835 2009 et
2863 1954 2907 2008 si
2938 1969 3126 2008 omnes
3172 1969 3384 2022 nequa-

1803 2059 1962 2112 quam
2000 2043 2213 2111 quidem
2239 2056 2386 2097 certe
2419 2046 2709 2108 Valerium,
2744 2048 2850 2098 imo
2872 2061 2995 2098 eum
3026 2047 3186 2098 etiam
3209 2060 3268 2098 se
3291 2047 3375 2112 ip-

1803 2153 1900 2206 pso
1933 2136 2176 2190 fecerunt
2207 2135 2360 2204 longe
2383 2139 2683 2201 sas-iorem,
2717 2138 2939 2206 perinde
2968 2138 3078 2192 acsi
3130 2137 3365 2192 delecta-

1806 2240 1955 2283 retur
1980 2244 2167 2285 errore
2200 2276 2215 2299 ,
2249 2242 2302 2287 et
2332 2243 2665 2300 nequaquam
2695 2231 2988 2287 sustineret
3028 2231 3230 2298 aperiri
3282 2247 3375 2285 ve-

1805 2325 2036 2378 ritatem.
2069 2324 2225 2380 Unde
2257 2327 2420 2378 etiam
2449 2339 2568 2377 cum
2599 2324 2716 2392 ejus
2745 2331 3034 2392 martyrem
3084 2321 3370 2376 sublimem

1801 2431 1961 2484 supra
1995 2419 2196 2487 lignum
2233 2418 2556 2482 sustulisset,
2586 2417 2837 2468 verberat
2863 2414 3215 2471 acerbissime
3240 2453 3254 2476 ,
3283 2425 3370 2468 ta-

1801 2507 1876 2562 les
1905 2511 1952 2560 ei
1989 2509 2215 2562 reddens
2265 2509 2728 2561 remunerationes
2779 2522 2875 2576 pro
2918 2507 3204 2570 beneﬁcio,
3259 2519 3375 2575 quo

1803 2601 1917 2665 ejus
1949 2597 2201 2653 affecerat
2233 2613 2592 2654 assessorem.

1868 2691 2006 2747 XIV.
2044 2693 2105 2745 Et
2159 2691 2384 2760 ﬂagellis
2440 2692 2653 2758 quidem
2713 2691 3030 2743 caedebatur
3082 2690 3366 2759 pulchrum

1800 2782 1922 2835 illud
1944 2797 2172 2850 corpus:
2200 2780 2455 2851 Papylum
2481 2789 2656 2832 autem
2685 2795 2789 2832 non
2818 2779 2918 2833 b'oc
2951 2781 3089 2834 male
3113 2779 3368 2841 habebat,

1796 2875 1887 2926 sed
1922 2874 2065 2940 quod
2093 2889 2197 2925 non
2223 2874 2471 2940 graviora
2508 2872 2880 2940 inlligereutur
2905 2883 3196 2937 tormenta,
3220 2889 3363 2941 :egre

1795 2963 2040 3017 ferebat:
2073 2963 2344 3029 quomodo
2373 2971 2560 3014 contra
2586 2962 2856 3027 Valerius,
2884 2964 3022 3015 victa
3057 2965 3242 3015 ridens
3269 2979 3366 3016 sua

1797 3062 2059 3106 tormenta
2092 3068 2120 3104 a
2161 3053 2411 3122 martyris
2455 3052 2617 3104 animi
2649 3052 3038 3121 magnitudine,
3068 3052 3282 3106 dolebat
3310 3062 3367 3105 et

1797 3146 1990 3198 acerbe
2052 3144 2333 3196 tolerabat.
2383 3143 2590 3210 Adiecit
2638 3144 2824 3210 itaque
2882 3143 3049 3195 etium
3108 3143 3244 3203 alia;
3311 3153 3368 3196 et

1798 3238 1970 3304 ignem
2003 3236 2243 3286 accendit
2276 3235 2394 3299 ejus
2429 3234 2708 3298 lateribus,
2738 3245 2787 3286 et
2816 3235 2968 3300 jubet
3025 3249 3145 3286 eum
3181 3234 3367 3300 appeti

1797 3328 2078 3395 lapidibus.
2109 3327 2215 3380 Sed
2252 3343 2349 3379 nec
2374 3327 2629 3379 adversus
2663 3328 2838 3392 ignem
2904 3342 2962 3379 se
3007 3330 3170 3393 gessit
3222 3342 3366 3378 mar-

1799 3428 1886 3486 tyr
1922 3419 2152 3484 ignave:
2185 3426 2237 3470 et
2271 3417 2472 3484 lapides
2496 3416 2654 3468 veluti
2689 3415 2900 3469 reveriti
2925 3429 3121 3483 corpus
3152 3455 3166 3479 ,
3217 3418 3367 3483 quod

1795 3513 1874 3563 sic
1903 3526 1998 3578 pro
2031 3509 2250 3562 Christo
2287 3510 2660 3577 torquebatur,
2697 3507 2803 3560 alio
2829 3508 3044 3575 quidem
3077 3506 3358 3570 iacieban-

1798 3608 1900 3657 tur,
1962 3610 2296 3663 nequaquam
2333 3607 2511 3647 autem
2551 3598 2602 3646 in
2648 3596 2819 3663 ipsmn
2861 3597 3192 3648 ferebantur.
3222 3595 3358 3648 Cum

1792 3701 1919 3752 ergo
1945 3686 2055 3752 jam
2087 3676 2331 3738 defessus
2359 3695 2499 3738 esset
2529 3683 2798 3745 Valerius,
2830 3701 2928 3738 nec
2974 3688 3083 3753 jam
3112 3688 3357 3748 haberet,

1793 3775 1932 3841 quod
1967 3776 2168 3828 sanctis
2194 3773 2413 3828 inferret
2441 3776 2506 3827 ad
2538 3774 2864 3844 supplicium
2893 3813 2909 3836 ,
2963 3773 3125 3828 dabat
3146 3781 3360 3842 tempus

1793 3867 2071 3927 wbicibus,
2104 3877 2352 3932 reputans
2383 3865 2631 3926 fortasse,
2671 3869 2813 3931 quod
2839 3868 2880 3919 si
2907 3882 3095 3935 parum
3145 3867 3357 3922 dimissi

1790 3958 1868 4010 sic
1932 3955 2130 4008 fuerint
2178 3967 2464 4024 martyres,
2513 3955 2829 4009 inflammati
2876 3957 2986 4024 jam
3031 3957 3234 4014 vibices
3261 3973 3356 4011 eos

1790 4049 2129 4115 gravioribus
2180 4047 2454 4102 allicerent
2510 4048 2806 4109 doloribus,
2843 4060 2897 4102 et
2929 4051 3011 4104 sic
3067 4049 3361 4104 redderent

1791 4138 2065 4192 molliores
2124 4136 2190 4191 ad
2252 4137 2484 4191 futuram
2549 4140 2927 4205 quaestionem.
2981 4139 3087 4194 Sed
3142 4139 3177 4194 ii
3233 4154 3356 4194 cum

1787 4246 1950 4298 prope
1983 4229 2244 4282 baberent
2290 4227 2578 4291 Medicum,
2629 4238 2843 4297 prepter
2892 4245 3050 4297 quem
3084 4230 3267 4296 plagas
3292 4230 3357 4281 li-

1785 4317 1974 4372 benter
2035 4317 2394 4383 accipiebant,
2451 4332 2555 4372 non
2608 4317 2779 4371 solum
2841 4332 2870 4370 a
2921 4317 3214 4381 doloribus,
3261 4319 3355 4372 sed

1787 4415 1948 4468 etiam
1977 4429 2004 4465 ε
2039 4413 2349 4466 vulneribus
2373 4413 2580 4466 liberati
2620 4422 2746 4468 sunt
2781 4412 2940 4466 simul
2984 4428 3106 4465 cum
3134 4412 3356 4466 cicatri—

113 4482 208 4536 τῶν
234 4485 434 4540 ὀδυνῶν
475 4485 669 4556 μόνον.
697 4484 837 4539 ἀλλὰ
867 4487 966 4540 καὶ
996 4489 1104 4540 τῶν
1136 4493 1465 4560 τραυμάτων
1486 4499 1677 4559 αὐταῖς
1710 4513 1757 4573 ο

1710 4513 1757 4573 D
1785 4507 1958 4571 cibus,
1989 4520 2055 4558 ne
2083 4505 2246 4558 ullum
2273 4505 2490 4572 quidem
2523 4507 2574 4557 in
2615 4519 2673 4556 se
2707 4516 2894 4556 eorum
2929 4503 3162 4556 ferentes
3186 4503 3351 4556 vesti-

111 4576 278 4640 οὐλαῖς
298 4578 748 4649 ἀπηλλάττοντο,
777 4576 913 4648 μηδὲ
938 4579 1084 4648 ῐχνος
1115 4595 1168 4633 τι
1207 4581 1412 4636 τούτων
1434 4585 1521 4654 ἐφ’
1554 4588 1682 4641 ἑαυ-

111 4667 206 4720 τῶν
257 4670 689 4740 περιφέροντες,
736 4669 876 4723 ῶστε
911 4671 1169 4732 ἐλάνθανε
1201 4673 1453 4744 πλήττων
1488 4678 1679 4732 ἑαυτὸν

110 4758 405 4828 Οὐαλέριος,
438 4758 501 4811 οὐ
532 4757 667 4820 τοὺς
709 4757 992 4829 μάρτυρας
1019 4776 1030 4790 ·
1058 4761 1166 4830 ὅσῳ
1195 4763 1303 4834 γὰρ
1332 4767 1678 4835 ἑκουφίξοντο

108 4848 202 4901 τῶν
233 4850 404 4902 πόνων
435 4850 686 4914 ἐκεῖθεν,
709 4850 948 4920 τοσούτῳ
978 4851 1076 4923 τὴν
1101 4853 1329 4924 καρδίαν
1360 4860 1525 4922 αὐτὸς
1549 4862 1678 4931 έμα-

110 4940 320 5005 στίξετο,
345 4942 442 4994 καὶ
465 4942 650 5010 θυμὸς
671 4942 835 4996 αὐτὸν
866 4943 957 4996 ῐσα
993 4946 1087 4996 καὶ
1119 4947 1251 5017 πυρὶ
1283 4950 1619 5021 κατεπίπρα.

165 5033 255 5088 IE'.
285 5034 471 5105 Βραχὺ
493 5032 560 5085 τὸ
587 5033 797 5102 μεταξὺ
822 5037 916 5088 καὶ
949 5036 1111 5090 πάλιν
1149 5040 1177 5092 ὁ
1220 5040 1320 5108 μὲν
1351 5043 1436 5109 ἐφ’
1471 5043 1672 5114 ὑψηλοῦ

105 5125 426 5194 προκάθηται
455 5123 738 5194 βήματος,
758 5127 977 5192 φονικόν
997 5144 1054 5181 τε
1074 5131 1166 5182 καὶ
1186 5133 1416 5200 μανικὸν
1435 5135 1668 5204 βλέπων,

105 5213 182 5291 καὶ
208 5213 290 5268 διὰ
316 5217 409 5270 τοῦ
459 5216 569 5286 τῆς
599 5213 783 5286 ψυχῆς
829 5220 1160 5290 κατόπτρου,
1211 5225 1318 5275 τῶν
1351 5225 1667 5295 ὀφθαλμῶν,

1781 4599 1945 4669 gium.
1977 4596 2157 4661 Quare
2187 4597 2424 4665 seipsum
2473 4596 2786 4665 imprudens
2818 4595 3043 4649 feriebat
3085 4593 3349 4658 Valerios,

1779 4705 1886 4744 non
1918 4700 2205 4760 martyres.
2245 4688 2361 4753 Quo
2396 4687 2540 4741 enim
2578 4689 2650 4742 illi
2682 4691 2852 4756 magis
2914 4687 3224 4742 levabantur
3273 4685 3353 4740 la-

1779 4780 2020 4843 boribus,
2057 4795 2121 4833 eo
2146 4777 2316 4847 magis
2352 4793 2451 4834 cor
2494 4779 2609 4846 ejus
2634 4779 2940 4834 caedebatur
2972 4797 2986 4832 :
3021 4779 3231 4848 iraque,
3255 4792 3350 4847 pe-

1780 4873 1934 4929 t'inde
1957 4888 2020 4927 ac
2044 4872 2203 4942 ignis,
2233 4887 2358 4928 eum
2385 4871 2736 4926 accendebat.

1847 5048 1962 5102 XV.
1991 5047 2160 5103 Breve
2192 5057 2403 5119 tempus
2438 5049 2768 5110 intercessit,
2802 5057 2854 5103 et
2898 5063 3084 5104 rursus
3111 5047 3196 5100 illc
3222 5049 3342 5115 qui-

1777 5142 1893 5195 dem
1920 5140 2172 5208 praesidet
2205 5141 2258 5194 in
2285 5141 2502 5195 excelso
2543 5138 2815 5203 tribunali,
2849 5150 2997 5192 torvo
3032 5147 3084 5191 et
3137 5141 3336 5190 caedent

1772 5232 2011 5298 spirante
2043 5240 2260 5297 aspectu
2284 5232 2522 5291 intuens,
2548 5239 2603 5281 et
2646 5246 2742 5296 per
2784 5231 2975 5281 animm
3030 5232 3332 5295 speculum,

103 5303 183 5369 τὴν
212 5306 350 5357 ἔνδον
401 5305 738 5373 ὑποφαίνων
792 5310 1049 5374 πικρίαν,
1107 5314 1198 5363 καὶ
1249 5314 1370 5365 οὐδὲ
1401 5319 1666 5384 προσιτδς

1663 5336 1666 5345 ν
1768 5317 1974 5378 oculos,
2029 5316 2290 5368 iuternam
2350 5315 2646 5367 ostendens
2692 5314 3062 5375 acerbitatem,
3120 5316 3181 5364 et
3230 5328 3325 5365 uec

104 5393 198 5452 τοῖς
231 5395 472 5448 πλείοσιν
514 5396 635 5447 ὧν·
699 5397 1044 5462 περιίσταται
1092 5401 1148 5452 δὲ
1203 5403 1363 5456 αὐτὸν
1407 5408 1515 5456 πᾶν
1541 5407 1664 5457 ὅσον

1653 5424 1664 5454 ρ
1766 5406 2004 5472 pluribus
2028 5402 2240 5469 quidem
2275 5402 2359 5454 sui
2385 5404 2628 5468 przcbcns
2655 5401 2879 5454 adeundi
2908 5401 3114 5465 copiam
3138 5399 3315 5451 :illum

105 5482 410 5548 ὑπηρετικὸν
449 5480 570 5552 εἶχε
597 5483 698 5550 τῆς
731 5488 998 5552 σφετέρας
1029 5487 1346 5551 ἀλαζονείας
1369 5507 1380 5520 ·
1408 5494 1656 5557 είσὰγον-

103 5586 177 5618 ται
203 5571 251 5621 δὲ
289 5573 336 5621 οί
383 5573 694 5637 γεννάδαν
753 5573 951 5637 μᾶλλον
988 5576 1045 5625 δὲ
1100 5576 1299 5627 είσίασι
1348 5578 1648 5645 πρόθυμον

103 5652 231 5717 εἶπες
258 5659 319 5708 ἂν
336 5660 539 5719 αὐτοὺς
573 5660 659 5713 είς
696 5660 952 5726 εὐωχίαν,
986 5662 1084 5713 οὐκ
1133 5664 1211 5724 είς
1246 5665 1428 5730 ἀγῶνα
1465 5667 1644 5718 καλεῖ.

105 5740 238 5793 c‘h'.‘
274 5751 361 5798 καὶ
396 5751 420 5799 ὁ
453 5748 557 5817 μὲν
586 5750 955 5816 καταπλήξειν
1007 5753 1198 5814 αὐτοῦς
1235 5755 1323 5807 καὶ
1377 5756 1479 5825 πρὸ
1534 5757 1636 5809 τῶν

1764 5505 1939 5545 autem
1987 5499 2198 5542 tantum
2237 5492 2663 5553 circumsistunt,
2706 5490 3012 5556 quicunque
3034 5491 3311 5539 erantmio

1758 5581 1909 5632 uistri
1951 5579 2065 5646 ejus
2114 5581 2450 5646 arrogantim.
2495 5580 2910 5631 lutroducuntur
2960 5587 3138 5629 autem
3197 5579 3296 5630 viri

1750 5670 2010 5734 ρι’ῖιιρίίιιοὶ,
2055 5669 2133 5721 vel
2165 5671 2338 5735 potius
2375 5670 2744 5736 ingrediuntur
2775 5675 3014 5736 prompto
3039 5675 3090 5720 et
3121 5667 3285 5723 alacri

1744 5762 1939 5815 animo.
1982 5762 2192 5816 Diceres
2248 5776 2335 5817 eos
2369 5763 2542 5817 vocari
2593 5765 2658 5819 ad
2692 5763 3015 5828 convivium,
3041 5777 3143 5818 non
3176 5776 3283 5816 au-
