4208 6300
793 363 895 430 123

2090 363 2372 424 MENSIS
2413 364 2742 429 APRILIS.

3943 366 4038 428 1‘24

794 487 905 534 tem
936 476 1001 531 ad
1033 483 1331 532 certamen.
1359 473 1424 528 Et
1459 472 1548 528 ille
1575 465 1790 542 quidem
1815 471 2116 534 videbatur,
2141 473 2220 524 vel
2242 482 2364 526 ante
2396 477 2418 533 Α

2470 474 2707 527 ἀπειλῶν
2744 474 2917 528 ἐδόκει
2947 477 3083 548 μόνῃ
3112 479 3174 547 τῇ
3205 477 3325 546 θέᾳ,
3351 477 3446 530 καὶ
3482 477 3668 548 ἠρώτα
3691 480 3792 546 τῆς
3815 476 4041 550 γνώμης

795 571 991 634 minas,
1030 585 1124 626 eos
1149 583 1274 625 esse
1308 569 1598 622 territurus
1621 565 1737 634 ipso
1766 564 1879 616 solo
1900 572 2115 630 aspectu
2148 582 2159 616 :
2187 574 2240 616 et
2278 564 2358 617 in-

800 664 1135 731 terrogabat,
1164 661 1447 717 sententia:
1472 670 1767 728 martyrum
1793 655 1996 711 faciens
2023 658 2316 726 periculum
2348 675 2361 711 :

795 764 853 809 et
879 755 1089 810 visione
1120 753 1562 823 apprehendebat
1591 767 1778 806 eorum
1823 751 2198 804 mutationem.
2221 749 2368 804 Tan-

797 855 910 902 tum
942 861 1071 901 vero
1095 849 1305 909 aberat,
1338 855 1394 900 ut
1427 847 1500 900 illi
1535 847 1602 899 ita
1657 857 1842 900 essent
1872 842 2070 906 allecti,
2115 853 2173 896 ut
2203 843 2366 897 etiam

800 937 848 990 ei
872 937 1590 1005 exprobrareiittarditatem
1630 937 1680 998 in
1730 935 1952 990 ferenda
1995 935 2284 994 sententia.
2315 941 2370 985 et

801 1030 945 1096 quod
1001 1042 1105 1082 non
1167 1029 1274 1083 cito
1327 1038 1693 1089 morerentur,
1748 1028 1901 1081 valde
1930 1041 2074 1095 aegre
2119 1025 2368 1081 ferrent:

802 1117 932 1182 Cur,
965 1119 1228 1181 dicentes.
1259 1129 1313 1174 ct
1345 1119 1461 1181 tibi,
1485 1131 1537 1171 et
1566 1117 1780 1173 famulis
1803 1119 2022 1173 exhibes
2042 1117 2366 1182 molestiam,

799 1221 900 1260 nos
928 1207 1141 1275 quidem
1178 1222 1318 1273 Saepe
1365 1206 1659 1271 adducens,
1704 1217 1990 1277 postremae
2014 1216 2194 1261 autem
2223 1221 2366 1260 sem-

803 1309 900 1365 per
961 1311 1187 1364 parcens
1237 1298 1539 1364 sententiae,
1597 1313 1822 1367 sperans
1873 1297 2100 1351 fortasse
2153 1297 2288 1358 fore,
2316 1305 2374 1350 ut

801 1401 902 1441 nos
948 1387 1228 1456 paeniteat,
1265 1398 1318 1443 et
1351 1392 1699 1457 persuadeas,
1731 1397 1790 1442 ut
1823 1404 1850 1441 a
1906 1387 2122 1442 Christo
2151 1387 2370 1442 deficia-

801 1493 925 1533 mus
987 1487 1043 1533 et
1095 1479 1363 1533 veritate?
1405 1479 1556 1545 Quod
1620 1481 1837 1548 quidem
1902 1490 2026 1534 tunc
2070 1479 2371 1547 aspexeris,

802 1583 930 1623 cum
981 1568 1187 1624 videris
1231 1585 1326 1625 nos
1371 1585 1524 1642 atque
1563 1587 1626 1627 ac
1670 1572 1801 1626 deos
1832 1579 1971 1635 tuos,
2021 1569 2166 1625 nullo
2210 1585 2370 1625 sensu

805 1661 1056 1730 praeditos
1091 1671 1144 1717 et
1197 1664 1410 1718 surdos.
1471 1664 1594 1718 Haec
1643 1680 1768 1717 cum
1823 1665 2052 1730 primum
2088 1664 2371 1728 dixissent,

805 1753 1041 1807 murices
1087 1754 1305 1823 quidem
1369 1754 1528 1808 ferrei
1590 1756 2034 1824 dispergebantur
2090 1756 2140 1808 in
2184 1765 2370 1810 terra:

807 1845 1048 1910 praeclari
1081 1856 1257 1898 autem
1297 1845 1396 1898 viri
1429 1848 1479 1897 in
1520 1860 1614 1900 eos
1642 1847 1765 1900 nudi
1797 1844 2155 1913 iaciebantur,
2198 1855 2252 1899 et
2274 1861 2365 1898 su-

810 1935 918 2002 pini
944 1949 1108 2002 super
1152 1950 1246 1989 eos
1282 1936 1633 1990 trahebantur
1677 1936 2008 1991 crudeliter:
2043 1951 2129 1990 res
2159 1940 2223 1990 ad
2251 1951 2368 1990 cru-

811 2026 1012 2080 ciatum
1038 2029 1414 2096 acerbissima,
1441 2045 1564 2084 cum
1603 2030 1682 2083 vel
1715 2031 1886 2084 solum
1933 2029 2217 2097 subjicitur
2249 2045 2377 2084 ocu-

808 2118 897 2172 lis.
928 2117 1036 2173 Sed
1090 2136 1186 2174 nec
1224 2123 1273 2173 in
1311 2123 1411 2175 hoc
1437 2123 1651 2191 quidem
1693 2125 1822 2178 deos
1859 2138 1982 2176 suos
2031 2123 2265 2191 neglexit
2298 2122 2378 2175 fa-

814 2211 990 2263 mulos
1026 2228 1040 2264 :
1075 2211 1170 2265 sed
1200 2213 1383 2265 statim
1415 2214 1651 2280 (oportet
1674 2215 1818 2267 enim
1862 2228 2046 2266 rursus
2069 2212 2266 2280 aliquid
2296 2213 2377 2264 di-

809 2315 933 2357 cere
961 2317 1025 2358 ex
1062 2304 1240 2358 divina
1275 2304 1578 2370 Scriptura)
1608 2305 1852 2358 ascendit
1905 2305 2174 2373 inspirans
2219 2304 2271 2356 in
2301 2303 2380 2355 fa-

810 2391 948 2445 ciem
979 2407 1190 2454 eorum,
1214 2403 1267 2446 et
1297 2408 1389 2447 eos
1414 2394 1646 2448 liberans
1671 2409 1734 2447 ex
1772 2395 2077 2450 alllictione.
2107 2395 2172 2448 Et
2215 2396 2378 2462 proti-

813 2497 918 2537 nus
973 2495 1310 2539 evanuerunt
1360 2486 1610 2552 murices,
1650 2495 1703 2540 et
1737 2489 2041 2541 conservati
2099 2495 2226 2542 sunt
2279 2486 2378 2556 ipsi

812 2574 962 2629 Πισιςί
1003 2592 1028 2628 a
1065 2577 1239 2630 malis.
1275 2576 1383 2631 Hoc
1418 2578 1572 2646 plane
1589 2579 1824 2649 iudicem
1853 2581 2190 2635 accenditad
2227 2581 2377 2635 furo-

812 2681 927 2720 rem
955 2686 968 2720 :
1001 2679 1052 2720 et
1087 2669 1357 2721 novaculae
1390 2672 1523 2723 adeo
1553 2670 1845 2725 crudeliter
1885 2681 2178 2740 martyrum
2213 2672 2378 2724 latera

812 2756 1106 2820 laniabant,
1145 2770 1198 2814 ut
1230 2770 1521 2828 utrumque.
1556 2777 1651 2829 par
1670 2776 1858 2814 rursus
1890 2764 2236 2829 egrederetur
2286 2777 2382 2815 na-

813 2847 1016 2903 turales
1037 2850 1258 2914 limites,
1285 2866 1474 2917 nempe
1496 2861 1549 2906 et
1586 2853 1803 2907 lictores
1831 2854 1881 2907 in
1913 2853 2182 2922 puniendo
2207 2853 2380 2908 immi-

813 2940 1185 3000 serieorditer,
1209 2952 1259 2994 et
1290 2944 1458 2996 sancti
1496 2942 1545 2995 in
1579 2943 1701 2996 forti
1735 2946 1915 2997 animo
1949 2945 2242 2998 tolerandis
2267 2960 2380 2998 mo-

813 3027 1004 3081 testiis.

884 3118 1022 3174 χγι.
1065 3121 1188 3175 Post
1231 3123 1342 3174 haec
1385 3138 1568 3176 rursus
1618 3134 1911 3194 congregat
1958 3126 2157 3178 bestias
2192 3127 2380 3181 crude-
2409 3142 2453 3203 ς

813 3208 1078 3273 lissimas,
1103 3222 1156 3264 et
1188 3213 1389 3266 sanctis
1412 3219 1680 3270 theatrum
1709 3217 2008 3282 constituit,
2047 3230 2099 3272 et
2146 3220 2258 3287 ipse
2291 3236 2380 3274 se-

813 3303 904 3356 det
932 3312 1224 3373 spectator.
1263 3306 1475 3360 Etcum
1518 3309 1569 3362 in
1603 3312 1836 3363 medium
1889 3313 2199 3367 adduxisset
2247 3329 2381 3366 mar-

816 3405 983 3463 tyres,
1032 3397 1085 3449 in
1111 3413 1204 3452 eus
1241 3399 1482 3452 immittit
1512 3416 1688 3455 ursam
1726 3421 1737 3455 :
1767 3413 1822 3455 et
1854 3419 1971 3457 cum
2003 3415 2264 3471 putasset,
2302 3408 2380 3460 si-

816 3484 925 3535 Inul
957 3493 1118 3554 atque
1142 3486 1371 3540 fuissent
1393 3489 1647 3552 immissi,
1683 3489 1793 3542 fore
1819 3500 1875 3543 ut
1899 3493 2135 3545 virorum
2162 3497 2382 3562 prmcla-

818 3591 1000 3628 rerum
1034 3592 1258 3646 corpora
1306 3579 1656 3647 discerperet,
1709 3584 1838 3635 vidit
1896 3584 2074 3651 potius
2135 3597 2380 3639 naturam

817 3668 1130 3723 animalium
1167 3673 1373 3726 ratione
1413 3675 1734 3738 carentium,
1766 3676 2154 3730 admirabiliter
2185 3677 2384 3739 docen-

819 3771 926 3814 tcm
963 3763 1375 3831 intelligentiam
1427 3781 1518 3818 eos
1544 3771 1630 3833 qui
1669 3777 1793 3819 sunt
1828 3770 2115 3836 participes
2136 3772 2379 3826 rationis.

822 3852 960 3906 Ursa
1000 3853 1164 3919 enim,
1202 3855 1359 3910 veluti
1386 3858 1611 3911 reverita
1677 3859 1952 3926 speciosos
1979 3874 2166 3914 eorum
2200 3863 2381 3930 pedes,

817 3952 874 3998 et
903 3959 1088 4011 pacem
1129 3961 1251 3999 vere
1283 3948 1687 4014 annuntiantes,
1726 3965 1828 4003 non
1879 3950 2052 4005 solum
2111 3952 2245 4006 nihil
2297 3969 2386 4006 no-

819 4037 989 4098 xium,
1022 4051 1120 4087 nec
1149 4047 1362 4106 agreste
1397 4037 1542 4101 fecit,
1590 4053 1687 4091 nec
1735 4048 1792 4092 ut
1821 4043 1986 4095 semel
2042 4045 2241 4105 dicam,
2273 4045 2378 4097 bel-

818 4125 1025 4180 luinum
1067 4144 1081 4180 :
1113 4132 1204 4182 sed
1230 4130 1296 4182 ad
1324 4145 1508 4184 eorum
1544 4131 1703 4199 pedes
1745 4133 1992 4202 procidit,
2019 4145 2072 4188 et
2105 4137 2276 4189 amice
2306 4147 2388 4191 est

822 4220 1091 4287 amplexa.
1145 4220 1252 4276 Nec
1310 4224 1412 4276 hoc
1466 4226 1678 4292 quidem
1729 4226 1940 4280 sull‘ecit
1998 4228 2269 4297 insipienti
2319 4232 2384 4284 ad

824 4316 1052 4367 dandam
1085 4319 1131 4368 ei
1161 4317 1591 4384 intelligentiam.
1621 4318 1724 4370 Sed
1773 4320 1854 4372 leo
1897 4336 2110 4388 quoque
2144 4325 2388 4388 protinus

828 4406 1143 4460 immittitur
1176 4424 1190 4460 :
1222 4407 1310 4476 qui
1349 4409 1462 4476 ipse
1521 4409 1770 4464 similiter
1814 4420 1974 4480 atque
2009 4428 2154 4478 ursa,
2194 4413 2387 4468 divinis

826 4495 1109 4550 obediebat
1162 4498 1401 4560 nutibus,
1443 4499 1506 4552 iis
1557 4499 1647 4570 qui
1703 4515 1801 4569 pro
1843 4504 2115 4557 communi
2163 4503 2390 4561 Domino

830 4589 1013 4656 gravia
1044 4589 1408 4657 patiebantur,
1445 4592 1575 4644 nihil
1601 4594 1822 4648 omnino
1837 4597 2020 4651 volens
2040 4597 2165 4652 mali
2188 4597 2418 4676 ἣξει-θ..

827 4678 1082 4734 Valerius
1107 4691 1309 4742 autem,
1360 4690 1616 4751 tanquam
1649 4683 1761 4751 ipse
1793 4686 2028 4754 seipsum
2057 4701 2257 4744 conans
2297 4705 2390 4745 su-

825 4786 1021 4842 perare
1044 4772 1096 4824 in
1138 4773 1364 4837 scelere,
1397 4773 1450 4828 in
1481 4774 1654 4829 lacum
1689 4780 1974 4845 quemdam
2001 4792 2138 4833 nova
2169 4782 2313 4837 calce
2338 4791 2392 4836 ct

827 4879 1022 4918 recens
1055 4865 1344 4929 exstincta,
1379 4867 1484 4931 vel,
1517 4877 1574 4922 ut
1620 4869 1812 4926 melius
1828 4872 2029 4937 dicam,
2052 4886 2274 4927 accensa
2309 4890 2392 4929 re-

829 4954 1052 5017 fertum,
1080 4956 1228 5022 jubet
1269 4966 1488 5012 sanctos
1524 4959 1762 5030 immitti,
1794 4974 1846 5019 et
1870 4964 1921 5017 in
1955 4980 2019 5018 eo
2055 4965 2247 5036 degere
2285 4977 2391 5020 tres

831 5055 972 5102 totos
1007 5046 1143 5111 dies,
1171 5050 1258 5102 tali
1310 5052 1466 5107 modo
1514 5052 1742 5106 invictos
1785 5058 2008 5110 moliens
2042 5057 2258 5111 vincere
2287 5057 2393 5109 im-

832 5139 970 5205 pius.
1005 5136 1110 5192 Sed
1139 5138 1335 5194 frustra
1387 5142 1690 5209 laborabat,
1724 5147 1981 5198 adversus
2014 5162 2198 5201 verum
2224 5148 2390 5201 Deum

832 5227 1165 5299 depttgnans.
1221 5230 1352 5286 Nam
1409 5233 1588 5288 divina
1636 5239 1878 5305 qnaedam
1928 5238 2119 5307 gratia,
2151 5250 2203 5293 et
2226 5240 2395 5294 virtus

833 5317 1032 5374 Christi
1059 5321 1240 5375 aderat
1277 5327 1619 5396 martyribus,
1651 5331 1738 5396 qui
1771 5339 1989 5397 propter
2046 5331 2216 5398 ipsum
2244 5341 2394 5384 erant

835 5411 888 5464 in
919 5410 1061 5473 lacu,
1116 5413 1378 5470 hebetans
1439 5421 1652 5486 quidem
1718 5423 1880 5475 calcis
1927 5423 2312 5490 operationem,
2364 5438 2391 5475 a

839 5504 978 5557 malo
1000 5513 1179 5558 autem
1209 5508 1406 5563 illaesos
1445 5526 1662 5566 servans
1699 5514 1929 5568 athletas

910 5679 1070 5735 XVll.
1110 5681 1350 5738 Valerius
1372 5698 1544 5741 autem
1579 5703 1684 5755 quo
1711 5689 1966 5757 majorem
1995 5693 2222 5760 gratiam
2250 5694 2392 5747 vide-

839 5774 922 5827 bat
953 5790 1207 5844 apparere
1265 5779 1312 5829 in
1358 5782 1578 5843 sanctis,
1617 5795 1678 5838 eo
1721 5783 1888 5852 magis
1915 5783 2186 5836 iracundia
2217 5783 2392 5836 ferve-

2468 567 2924 639 ἀποπειρὼμενος
2981 569 3090 621 τῶν
3122 571 3294 637 ἀγίων
3343 572 3436 624 καὶ
3475 573 3776 641 μεταϐολὴν
3806 574 4039 642 ἐφαντά-

2467 659 2590 721 ζετο
2611 675 2623 690 ⁸
2659 661 2706 712 οἱ
2742 659 2798 712 δὲ
2826 659 3078 712 τοσοῦτον
3101 660 3341 730 ἀπέσχον
3364 660 3457 712 τοῦ
3487 677 3539 712 τι
3565 661 3805 714 τοιοῦτον
3827 662 4040 736 παθεῖν,

2468 747 2607 802 ὥστε
2659 750 2752 802 καὶ
2798 751 3074 814 ὠνείδιζον
3116 751 3265 822 αὺτῷ
3303 753 3403 821 τὴν
3448 753 3577 820 περὶ
3610 752 3704 823 τὴν
3761 754 4042 820 ἀπόφασιν

2471 837 2797 908 βραδυτῆτα,
2835 841 2926 892 καὶ
2955 842 3037 893 ὃτι
3065 843 3137 911 μὴ
3162 843 3371 911 ταχέως
3407 845 3752 913 ἀπέθνησκον
3785 845 4043 908 επιεικῶς

2471 929 2866 998 ἐδυσχέραινον.
2902 931 2968 983 Τί
3023 933 3350 1001 πράγματα,
3409 933 3679 1000 λέγοντες,
3731 937 3824 987 καὶ
3862 936 4043 1004 σαυτῷ

2471 1020 2566 1072 καλ⁹
2593 1023 2707 1084 τοῖς
2735 1021 3040 1091 ὑπηρέταις
3094 1024 3376 1094 παρέχεις,
3423 1026 3740 1094 ἀγωγίμους
3777 1027 3874 1095 μὲν
3900 1030 4043 1096 ἡμᾶς

2471 1113 2731 1175 πολλάκις
2753 1114 2942 1179 ποιῶν,
2964 1117 3061 1182 τῆς
3089 1116 3144 1168 δὲ
3169 1116 3483 1178 τελευταίας
3507 1118 3688 1186 ψήφου
3712 1119 4044 1195 φειδόμενος,

2471 1205 2705 1269 ὲλπίζων
2737 1207 2877 1276 τάχα
2916 1209 3248 1278 μεταϐαλεῖν
3274 1210 3422 1278 ἡμᾶς
3455 1211 3545 1262 καὶ
3584 1215 3768 1264 πεῖσαι
3800 1212 4043 1280 ἀποστῆ-

2473 1315 2560 1351 ναι
2614 1299 2852 1368 Χριστοῦ
2908 1300 3004 1351 καὶ
3059 1303 3157 1370 τῆς
3224 1301 3516 1371 ἀληθείας;
3569 1303 3744 1373 Ὅπερ
3797 1305 3919 1355 τότε
3982 1303 4044 1356 ἂν

2473 1389 2700 1454 ἐθεάσω,
2727 1391 2815 1443 ὅτε
2841 1391 3042 1460 ὁμοίως
3066 1396 3175 1452 τοῖς
3203 1396 3316 1454 σοῖς
3347 1394 3488 1456 Θεοῖς
3519 1395 3877 1464 ἀναισθήτους
3899 1395 4046 1464 ἡμᾶς

2474 1478 2725 1552 ἑώρακας
2755 1484 2849 1535 καὶ
2883 1485 3125 1550 κωφούς.
3164 1483 3348 1536 Ταῦτα
3379 1487 3474 1537 οὐκ
3510 1486 3750 1552 ἔφθασαν
3782 1487 3859 1550 είς
3897 1486 4045 1546 τέλος

2474 1575 2670 1638 εἰπεῖν,
2706 1575 2800 1627 καὶ
2839 1576 3048 1645 σιδηροῖ
3085 1577 3183 1646 μὲν
3219 1581 3358 1629 κατά
3386 1579 3486 1646 γῆς
3521 1578 3834 1646 ὲσπείροντο
3867 1577 4047 1646 τρίϐο-

2475 1664 2586 1718 λοιο
2623 1667 2970 1734 ἠκοντίζοντο
2998 1667 3054 1719 δὲ
3093 1670 3212 1720 κατ’
3243 1669 3423 1722 αὑτῶν
3477 1671 3525 1721 oi
3585 1673 3818 1737 γενναῖοι
3851 1671 4048 1738 γυμνοὶ

2477 1761 2568 1814 καὶ
2594 1760 2773 1812 ὕπτιοι
2809 1762 2995 1814 ὲπάνω
3019 1760 3224 1814 τούτων
3258 1762 3494 1830 ἀφειδῶς
3525 1763 3784 1823 εἶλκοντο,
3818 1763 4050 1831 πρᾶγμα

2479 1850 2804 1918 πικρότατον
2862 1850 2941 1911 είς
2973 1851 3248 1919 τιμωρίαν
3307 1852 3398 1903 καὶ
3440 1853 3599 1919 μόνον
3628 1855 3704 1911 εἰς
3737 1852 4051 1919 ὀφθαλμοὺς

2480 1940 2807 2010 ἐρχόμενον
2861 1939 2976 1992 ἀλλ’
3030 1940 3138 1991 οὐδ’
3195 1942 3253 1992 ὲν
3280 1939 3452 2011 τούτῳ
3513 1940 3643 2001 Θεὸς
3697 1940 3804 1992 τῶν
3835 1937 4050 1992 οἰκείων

2480 2031 2667 2101 ἠμέλει
2703 2030 3075 2100 θεραπευτῶν,
3109 2032 3225 2085 ἀλλ’
3248 2033 3452 2094 εὐθέως
3497 2034 3613 2097 (δεῖ
3642 2033 3749 2103 γὰρ
3774 2034 3864 2085 καὶ
3895 2030 4051 2094 αὖθις

2478 2120 2538 2173 τὸ
2572 2122 2665 2191 τῆς
2697 2120 2844 2185 θείας
2882 2124 3049 2187 φάναι
3083 2123 3344 2192 Γραφῆς)
3405 2123 3571 2192 ἀνέϐη
3609 2125 3636 2176 δ
3679 2123 3938 2192 ἐμφυσῶν
3976 2125 4052 2184 είς

2480 2213 2772 2279 πρόσωπον
2830 2213 3010 2264 αὐτῶν
3068 2214 3161 2266 καὶ
3193 2213 3582 2284 ἐξαιρούμενος
3627 2215 3825 2275 αὐτοὺς
3851 2216 3914 2266 ὲκ
3941 2213 4052 2265 θλί-

2481 2307 2623 2373 ψεως
2643 2320 2655 2332 ⁸
2687 2306 2778 2358 καὶ
2811 2306 3151 2375 παραχρῆμα
3183 2307 3231 2357 οί
3256 2305 3494 2374 τρίϐολοι
3532 2307 3754 2373 ἀφανεῖς
3779 2301 3920 2375 ἦσαν
3962 2307 4054 2357 καὶ

2480 2396 2632 2448 αὐτοὶ
2681 2397 2864 2449 κακῶν
2919 2396 3152 2457 ἀπαθεῖς
3211 2397 3614 2468 ἐφυλάχθησαν.
3681 2398 3853 2449 Τοῦτο
3915 2401 4053 2466 πγλὸς

2482 2489 2701 2541 πλείονα
2737 2492 2932 2560 μανίαν
2973 2491 3174 2559 ἐξῆπτε
3219 2491 3310 2544 τὸν
3347 2492 3627 2561 δικαστὴν,
3660 2491 3753 2544 καὶ
3782 2489 4051 2559 ξυστῆρες

2482 2581 2642 2633 πάλιν
2663 2583 2758 2644 τὰς
2781 2582 3017 2652 πλευρὰς
3040 2582 3263 2646 ὑπέξεον
3284 2584 3390 2635 τῶν
3413 2583 3604 2651 ἀγίων,
3623 2565 3793 2644 οὕτως
3822 2582 4054 2654 ἀγρίως,

2479 2672 2554 2736 ὡς
2593 2676 2935 2744 ἀμφοτέρους
2968 2675 3122 2736 αὖθις
3155 2676 3258 2737 ἔξω
3290 2676 3397 2726 τῶν
3432 2675 3678 2743 φυσικῶν
3725 2677 3866 2744 ὅρων
3905 2677 4057 2742 γενέ-

2484 2764 2626 2825 σθαι,
2655 2767 2748 2818 καὶ
2792 2766 2917 2828 τοὺς
2963 2765 3190 2835 δημίους
3230 2766 3287 2817 ὲν
3322 2765 3397 2835 τῷ
3431 2767 3682 2827 κολάζειν
3716 2766 4059 2831 ἀσυμπαθιῖις

2483 2856 2576 2908 καὶ
2607 2856 2732 2920 τοὺς
2761 2857 2950 2924 ἁγίους
2981 2859 3038 2911 ὲν
3072 2856 3149 2928 τῷ
3183 2855 3370 2928 φέρειν
3399 2857 3648 2927 εὐψύχως
3689 2855 3752 2909 τὰ
3782 2858 4021 2926 λυπηρά.

2557 3119 2673 3186 ις’.
2709 3120 2861 3173 Μετὰ
2913 3119 3086 3174 ταῦτα
3123 3120 3286 3174 πάλιν
3327 3121 3395 3173 τὰ
3425 3120 3534 3173 τῶν
3565 3119 3766 3188 θηρίων
3799 3120 4061 3186 ὡμότατα

2495 3211 2859 3280 συναθροίζει,
2895 3214 3122 3281 θέατρόν
3153 3231 3210 3264 τε
3268 3215 3547 3281 συνίστησι
3601 3215 3708 3271 τοῖς
3744 3213 3938 3275 ἀγίοις,
3971 3213 4063 3262 καὶ

2483 3303 2678 3374 θεατὴς
2703 3304 2861 3364 αὐτὸς
2894 3306 3129 3372 κάθηται
3157 3319 3171 3334 °
3206 3305 3282 3366 είς
3319 3305 3482 3372 μέσον
3509 3321 3566 3355 τε
3599 3304 3722 3364 τοὺς
3767 3304 4058 3371 μάρτυρας

2482 3395 2725 3463 ἀγαγὼν,
2752 3398 2949 3464 ἄρκτον
2990 3397 3173 3458 αὐτοῖς
3211 3397 3479 3464 ἐπαφίησι
3526 3397 3619 3447 καὶ
3662 3397 3892 3464 νομίσας
3926 3395 4060 3462 ὁμοῦ

2484 3501 2537 3536 τε
2597 3485 2865 3553 ἀφεθῆναι
2924 3487 3018 3538 καὶ
3059 3488 3174 3548 τοῖς
3229 3487 3515 3553 γεννάδαις
3579 3486 3955 3555 διασπαράξαι
3998 3487 4060 3535 τὰ

2485 3577 2727 3644 σώματα,
2760 3577 2867 3629 τῶν
2892 3578 3099 3643 ἀλόγων
3131 3578 3331 3645 μᾶλλον
3374 3578 3518 3646 ἑώρα
3550 3579 3646 3647 τὴν
3681 3579 3840 3645 φύσιν
3880 3595 4059 3645 παρα-

2482 3667 2647 3730 δόξως
2675 3668 2799 3728 τοὺς
2851 3668 3101 3734 λογικοῦς
3153 3671 3634 3736 συνετίζουσανοή
3692 3674 3797 3738 γὰρ
3833 3671 4060 3736 ἄρκτος,

2483 3761 2670 3830 ῶσπερ
2720 3760 3011 3831 αῖδουμένη
3060 3763 3185 3824 τοὺς
3229 3761 3467 3827 ὡραίους
3506 3762 3684 3812 αὐτῶν
3739 3762 3902 3820 πόδας
3967 3766 4059 3816 καὶ

2484 3852 2704 3919 εἰρήνην
2729 3853 2941 3918 ἀληθῶς
2973 3852 3518 3918 εὐαγγελιζομένους,
3545 3853 3602 3904 οὐ
3643 3852 3798 3921 μόνον
3831 3852 4058 3905 ἐπιϐλα-

2484 3938 2574 4001 ϐὲς
2607 3939 2758 3991 οὐδὲν
2810 3942 2906 3991 καλ.
2952 3941 3146 4006 ἄγριον
3200 3942 3293 3993 καὶ
3323 3941 3382 3994 τι
3433 3943 3553 3994 ὅλον
3587 3944 3750 4011 φάναι
3793 3943 4062 4013 θηριῶδες

2486 4032 2799 4102 εἰργάσατο,
2855 4032 2990 4088 ἀλλὰ
3038 4035 3131 4087 καὶ
3185 4038 3556 4106 προσέπιπτεν
3622 4039 3803 4097 αὐτοῖς
3860 4041 4061 4104 μᾶλλον

2485 4123 2577 4174 καὶ
2603 4122 2830 4190 φιλικῶς
2858 4124 3164 4191 ἠσπάζετοι
3212 4126 3510 4180 οὐδὲτοῦτο
3548 4127 3746 4197 ἤρκεσε
3783 4127 3860 4190 τῷ
3893 4129 4059 4180 ἀσυν-

2487 4214 2591 4285 έτῳ
2623 4214 2749 4266 νοῦν
2786 4216 3065 4283 ἐμϐαλεῖν,
3097 4219 3232 4271 ἀλλά
3272 4221 3362 4272 καὶ
3389 4219 3526 4272 λέων
3555 4220 3717 4281 εὐθὺς
3747 4221 4058 4287 ὲπαφίεται·

2489 4307 2581 4359 καὶ¹
2615 4307 2775 4369 αὐτὸς
2813 4308 3010 4374 ὁμοίως
3038 4312 3103 4376 τῇ
3137 4311 3324 4377 ἄρκτῳ
3355 4312 3466 4378 τοῖς
3494 4311 3657 4371 θείοις
3682 4310 3916 4380 νεύμασι
3952 4331 4065 4364 πει-

2489 4399 2705 4468 θαρχῶν
2739 4394 2807 4469 ἦν
2847 4401 2939 4453 καὶ
2989 4401 3100 4463 τοῖς
3137 4401 3273 4472 ὑπὲρ
3309 4400 3399 4454 τοῦ
3438 4401 3619 4455 κοινοῦ
3677 4402 3953 4465 Δεσπότου
3997 4405 4062 4457 τὰ

2424 4482 2467 4538 D
2497 4491 2707 4561 χαλεπά
2734 4492 3040 4563 πάσχοντας
3073 4495 3171 4565 οὐχ
3199 4496 3345 4558 ὅπως
3371 4496 3568 4564 δρᾶσαί
3597 4515 3648 4548 τι
3673 4496 3910 4566 πονηρὸν
3941 4498 4062 4566 βουο

2494 4583 2735 4655 λόμενος.
2796 4586 3094 4656 Οὐαλέριος
3157 4587 3358 4650 τοίνυν,
3409 4589 3599 4656 ὥσπερ
3655 4587 3815 4650 αὐτὸς
3873 4589 4065 4641 ἑαυτὸν

2494 4677 2822 4748 ὑπερϐαλεῖν
2875 4678 2937 4730 ὲν
2989 4677 3159 4746 κακία
3215 4679 3579 4749 πειρώμενος,
3632 4679 3690 4732 ἓν
3727 4697 3832 4732 τινι
3874 4678 4063 4746 λάκκῳ

2492 4771 2706 4822 τιτάνου
2744 4768 3181 4841 πεπληρωμένῳ,
3211 4771 3270 4824 δν
3308 4771 3534 4841 σύνηθες
3563 4771 3823 4824 ἄσϐεστον
3862 4773 4062 4841 ὀνομά-

2494 4861 2627 4927 (etv,
2652 4861 2846 4932 νεαροῦ
2872 4866 2964 4915 καὶ
2989 4864 3115 4932 ἀρτι
3144 4863 3480 4923 σϐεσθέντος,
3507 4863 3536 4928 ἦ
3576 4861 3775 4929 μᾶλλον
3803 4863 4065 4929 ἀναφθέν-

2492 4969 2583 5015 τος
2613 4954 2808 5014 εἰπεῖν,
2844 4953 3168 5020 εἰσαχθῆναι
3221 4954 3344 5014 τοὺς
3371 4953 3556 5017 ἁγίους
3589 4954 3916 5023 προστάττει
3969 4953 4063 5004 καὶ

2493 5044 2619 5105 δλας
2650 5044 2796 5110 τρεῖς
2827 5045 2883 5094 ὲν
2907 5042 3055 5112 αὐτῷ
3082 5043 3291 5109 διάγειν
3327 5043 3563 5112 ἡμέρας.
3593 5045 3778 5113 τρόπῳ
3815 5043 3923 5094 τινὶ
3947 5060 4061 5093 τοι-

2494 5135 2636 5204 ούτῳ
2677 5133 2898 5204 νικῆσαι
2947 5136 3072 5196 τοὺς
3103 5135 3405 5205 ἀηττήτους
3436 5137 3462 5187 ὁ
3492 5135 3756 5205 δυσσεϐὴς
3804 5135 4062 5204 μηχανῶ-

2499 5240 2695 5296 μενος’
2751 5226 2864 5278 ἀλλ’
2920 5225 3121 5295 ἔκαμνε
3183 5227 3839 5295 μάτηνάντιμαχόμενος
3871 5226 4064 5293 ἀληθεῖ

2495 5317 2645 5386 Θεῷ·
2682 5316 2798 5370 θεία
2826 5318 2937 5386 γάρ
2977 5335 3058 5379 τις
3093 5317 3249 5388 χάρις
3281 5319 3374 5369 καὶ⁵
3404 5318 3636 5386 δύναμις
3656 5318 3767 5380 τοῖς
3794 5315 3861 5367 δι’
3896 5316 4061 5368 αὐτοῦ

2500 5409 2764 5478 μάρτυσιν
2799 5409 2856 5458 ὲν
2883 5407 2958 5477 τῷ
2979 5408 3166 5476 λάκκῳ
3216 5407 3420 5477 παρῆν,
3458 5407 3805 5475 ἀμϐλύνουσα
3836 5407 3934 5475 μὲν
3965 5406 4062 5472 τὴν

2498 5501 2777 5571 ἐνέργειαν
2809 5498 2901 5551 τοῦ
2925 5500 3162 5564 τιτάνου,
3193 5499 3361 5551 κακοῦ
3395 5500 3450 5552 δὲ
3474 5500 3700 5558 ἀπαθεῖς
3737 5498 3861 5561 τοὺς
3894 5498 4060 5563 ἀθλη-

2496 5594 2593 5657 τὰς
2625 5592 2983 5662 συντηροῦσα.

2567 5688 2662 5740 1Ζ’.
2697 5687 2988 5755 Οὐαλέριος
3019 5685 3074 5736 δὲ
3110 5687 3217 5754 ὅσῳ
3267 5685 3487 5738 πλείονα
3527 5685 3623 5753 τὴν
3655 5685 3812 5752 χάριν
3855 5685 3909 5732 ἐν
3950 5684 4062 5742 τοῖς

2500 5781 2671 5848 ἁγίοις
2698 5776 3114 5846 διαφαινομένην
3173 5776 3336 5848 ἐώρα,
3395 5777 3632 5846 τοσούτῳ
3671 5776 3869 5842 μᾶλλον
3901 5775 4059 5833 αὐτὸς
