4208 6300
152 370 251 439 125

1170 382 1349 443 VlTA
1388 387 1450 444 S.
1482 387 1710 445 CARPI
1748 390 1844 448 ET
1879 390 2301 452 SOCIORUM.

3273 389 3375 457 126

148 486 482 540 ἐνεανιεύετο
534 488 904 559 ἰσχυρότερος,
940 489 969 542 ό
1019 490 1229 561 ἄφρων,
1267 494 1358 546 καὶ
1391 494 1527 546 Θεοῦ
1563 496 1711 563 γενέ-

1823 500 1912 553 bat
1942 502 2056 571 ipse
2097 504 2430 573 juveniliter,
2489 504 2822 559 contendens
2878 502 3073 559 stultus
3125 501 3207 557 vel
3269 502 3374 556 Deo

150 580 267 631 σθαι
290 579 645 647 φιλονεικῶν⁵
670 580 940 651 κρηπῖδας
960 578 1054 635 οῦν
1074 584 1301 654 σιδηρᾶς
1334 587 1587 655 περόναις
1617 605 1718 657 μα.

150 672 308 739 κραῖς
379 670 829 741 διαπεπαρμένας
892 676 1005 736 τοῖς
1067 680 1423 746 μαρτυρικοϊς
1488 680 1718 742 ἐκεινοις

158 763 309 813 ποσὶν
334 763 664 829 ῦπυδεθῆναι
709 766 1037 831 προστάττει
1066 768 1160 820 καὶ
1207 768 1566 830 ὐποδεθέντας
1595 767 1721 837 τρι-ε

150 868 265 932 χειν
316 856 447 918 τοῦς
503 858 805 924 μάρτυρας,
858 857 943 909 ῖνα
995 859 1098 911 κᾶν
1142 860 1273 927 γοῦν
1325 862 1425 929 τῆς
1482 860 1717 929 βασάνου

153 946 359 1014 ταύτης
416 946 741 1016 ἡττηθέντες
794 948 1050 1015 ὀφθεῖεν·
1107 950 1222 1003 ἀλλ’
1285 951 1409 1021 είκῆ
1472 952 1566 1005 καὶ
1614 951 1719 1004 πά-

151 1041 232 1089 λιν
274 1038 491 1089 ἐπόνει·
534 1039 642 1108 ὅσῳ
696 1042 805 1108 γὰρ
853 1042 1143 1111 καινότερα
1192 1043 1425 1107 ἐπενόει,
1481 1044 1718 1114 τοσούτῳ

152 1128 244 1178 καὶ
302 1126 554 1198 θειοτέρα
617 1129 847 1198 δύναμις
904 1132 1294 1195 ἐπισκιάζουσα
1349 1134 1477 1196 τοὺς
1530 1134 1718 1201 ἁγίους

153 1218 437 1286 κρείττους
486 1236 546 1271 τε
604 1220 713 1273 τῶν
767 1224 1124 1291 ἐπαγομένων
1168 1224 1337 1277 ἐποίει
1379 1227 1473 1278 καὶ
1530 1229 1718 1296 ῥωμα-

146 1306 452 1377 λεωτέρους
508 1310 709 1378 μᾶλλον
767 1312 902 1380 πρὸς
955 1313 1024 1364 τὰ
1079 1315 1228 1366 δεινὰ
1282 1314 1715 1382 παρεσκεύαζεν.

157 1397 215 1451 Ὀ
252 1398 310 1450 ει
346 1401 442 1451 καὶ
472 1399 554 1452 ἔτι
579 1402 838 1471 ἐπειρᾶτο
869 1404 1242 1471 μεταπείσειν,
1271 1405 1442 1469 οὕτως
1481 1407 1587 1459 ὑπὸ
1620 1406 1719 1475 τῆς

147 1487 299 1550 θείας
341 1490 569 1560 χάριτος
620 1495 888 1561 ἐπιδήλως
925 1495 1358 1567 βοηθουμένους·
1395 1500 1488 1552 καὶ
1536 1499 1720 1553 θύσειν

145 1578 302 1647 ἠξίου
340 1581 455 1641 τοῖς
489 1579 795 1647 βδελυχτοῖς
820 1598 834 1612 ·
890 1584 1127 1654 τοσαύτη
1157 1587 1553 1653 φρενοϐλάϐεια
1583 1605 1720 1640 κατ-

145 1670 258 1738 εῖχε
310 1670 405 1720 τὸν
461 1670 652 1738 ἀσεϐῆ.
713 1672 805 1742 Μὴ
839 1672 979 1742 ἔχων
1038 1670 1153 1737 οὖν,
1201 1676 1402 1728 ὅτικαὶ
1434 1678 1714 1746 χρήσαιτο,

146 1758 605 1828 κατῃσχυμμένος
630 1760 730 1831 ήδη
751 1763 845 1813 καὶ
870 1762 1115 1831 φανερῶς
1140 1763 1467 1833 ἡττώμενος,
1493 1766 1720 1832 κάμινον

1822 612 1941 651 esse
2001 597 2210 651 fortior.
2238 596 2482 664 Crepidis
2535 598 2714 666 itaque
2758 596 2969 660 ferreis,
3006 596 3178 665 longis
3203 595 3377 648 ﬁbulis

1818 691 2067 755 conﬁxis,
2094 689 2246 757 jubet
2275 689 2509 749 calceari
2540 688 2700 759 pedes
2740 698 3054 759 martyrum,
3087 695 3140 739 et
3173 686 3377 740 calcea-

1822 790 1904 835 tos
1936 780 2052 834 illos
2098 782 2178 835 sic
2210 796 2457 847 currere,
2488 788 2544 835 ut
2584 781 2772 836 saltem
2816 781 3122 833 viderentur
3156 778 3279 829 victi
3320 778 3373 831 in

1821 872 1921 926 hoc
1947 870 2263 925 certamine.
2290 871 2394 925 Sed
2422 886 2612 925 rursus
2632 887 2843 940 quoque
2864 869 3123 923 laboravit
3152 880 3374 922 temere.

1820 964 1936 1028 Quo
1974 963 2115 1018 enim
2141 962 2312 1031 magis
2340 976 2473 1018 nova
2513 964 2871 1031 excogitabat,
2897 976 2962 1014 eo
3002 963 3170 1028 magis
3191 959 3371 1012 divina

1822 1057 1986 1108 virtus
2018 1054 2371 1109 adumbrabat
2400 1063 2636 1117 sanctos,
2661 1054 2795 1107 etiis
2825 1069 2942 1123 quae
2977 1052 3366 1113 inferebantur,

1820 1147 2080 1202 reddebat
2131 1148 2460 1214 superiores,
2492 1156 2546 1200 et
2573 1146 2832 1200 adversus
2875 1160 3062 1210 aspera
3104 1156 3157 1198 ct
3191 1145 3373 1213 gravia

1819 1237 2079 1291 alliciebat
2110 1239 2461 1290 robustiores.
2491 1236 2583 1289 Ille
2614 1246 2792 1290 autem
2843 1237 3016 1289 adhuc
3048 1251 3139 1289 eos
3196 1246 3375 1287 tenta-

1820 1327 1911 1382 bat
1958 1342 1985 1380 a
2045 1342 2143 1379 sua
2202 1326 2481 1378 traducere
2529 1325 2816 1386 sententia,
2848 1326 3045 1392 quibus
3074 1325 3151 1376 sic.
3190 1332 3375 1387 aperte

1819 1420 1998 1472 divina
2058 1433 2210 1485 opem
2246 1418 2451 1470 ferebat
2499 1416 2667 1485 gratia
2699 1433 2712 1468 :
2749 1422 2801 1467 et
2841 1413 3050 1467 volebat
3082 1428 3176 1467 eos
3202 1414 3375 1466 sacri-

1821 1511 1982 1564 ﬁcare
2017 1510 2174 1562 rebus
2205 1508 2574 1562 abominandis
2618 1523 2629 1558 :
2662 1508 2795 1559 adeo
2826 1514 3018 1559 emota
3049 1502 3241 1557 tuentis
3262 1512 3376 1554 erat

1822 1594 2037 1663 impius.
2102 1594 2233 1646 Cum
2289 1608 2418 1661 ergo
2471 1595 2702 1646 nesciret
2760 1594 2889 1660 quid
2944 1600 3146 1658 ageret,
3171 1593 3376 1660 pudore

1817 1684 1927 1752 jam
1958 1683 2200 1747 affectus,
2233 1694 2286 1736 et
2336 1692 2520 1750 aperte
2579 1692 2883 1748 superatus,
2913 1681 3159 1735 accendit
3197 1679 3376 1759 furua-

1824 1791 1961 1840 cem,
2020 1791 2139 1845 qua
2172 1774 2336 1829 umha
2376 1774 2619 1828 alebatur
2675 1774 2897 1827 materia
2928 1791 2942 1827 :
2975 1781 3028 1826 et
3053 1772 3103 1824 iu
3139 1772 3372 1826 medium

147 1848 250 1922 ῦλη
283 1849 454 1919 πολλῇ
488 1853 831 1921 τρεφομένην
860 1855 1092 1906 ἀνάπτει
1117 1832 1210 1909 καὶ
1240 1832 1382 1909 κατὰ
1411 1858 1580 1927 μέσης
1617 1858 1711 1909 αὑ-

1822 1866 1939 1935 ejus
1972 1868 2143 1936 injicit
2193 1876 2479 1936 martyres.
2507 1865 2598 1919 Ilia
2641 1875 2818 1918 autem
2870 1854 3118 1931 pr‘otiuus
3153 1862 3255 1915 fuit
3277 1877 3375 1915 ex-

143 1942 245 2006 τῆς
315 1939 578 2009 ἐμϐάλλει
615 1942 742 2004 τοὺς
807 1944 1128 2016 μάρτυρας⁴
1167 1948 1198 2015 ή
1244 1947 1300 2000 δὲ
1352 1948 1635 2000 ἐσϐέννυτο
1658 1964 1717 2000 τι

143 2031 352 2093 εὐθέως
384 2033 477 2085 καὶ
512 2034 637 2096 τοὺς
662 2032 851 2101 ἁγίους
883 2036 1151 2105 ἀνέψυχεν
1172 2054 1185 2067 ο
1215 2039 1302 2091 ὅτε
1335 2040 1430 2091 καὶ
1460 2042 1493 2106 ὴ
1526 2056 1719 2107 σεμνο-

143 2122 280 2191 τάτη
320 2123 645 2193 ’Λγαθονίκη
682 2125 959 2195 μάρτυρος
987 2126 1158 2189 ὅντως
1205 2128 1409 2197 ἀδελφὴ
1437 2128 1592 2195 οῦσα,
1624 2130 1716 2182 τοῦ

146 2214 315 2275 θείου,
345 2216 505 2284 φημὶ,
543 2216 823 2281 Παπύλου,
857 2219 955 2288 τὴν
980 2218 1155 2287 φλόγα
1188 2237 1247 2273 τε
1279 2221 1376 2272 σὺν
1396 2221 1577 2283 αὐτοῖς
1606 2223 1718 2274 εἰσ-

145 2305 273 2375 ῆλθε
302 2307 400 2360 καὶ
431 2305 541 2359 τῶν
576 2308 826 2376 ἀγώνων,
879 2311 1069 2381 ὥσπερ
1093 2313 1154 2383 δὴ
1179 2315 1272 2365 καὶ
1298 2313 1406 2366 τῶν
1439 2316 1719 2382 στεφάνων

145 2399 404 2460 κοινωνὸς
463 2399 676 2467 γίγονε.
722 2403 887 2456 Πάλιν
911 2399 1004 2457 οὖν
1040 2407 1072 2473 ὴ
1106 2406 1317 2473 φρουρὰ
1348 2406 1542 2467 αὐτοὺς
1581 2403 1713 2473 εἶχε,

145 2490 241 2543 καὶ
271 2483 617 2543 πάλιν-οὗτοι
650 2492 757 2543 τῶν
783 2493 917 2561 πρὸς
944 2493 1077 2544 Θεὸν
1098 2493 1280 2562 ὓμνων
1311 2496 1401 2547 καὶ
1424 2497 1521 2565 τῆς
1551 2496 1715 2565 εὐχῆς

145 2581 383 2649 εἴχοντο.
758 2614 761 2615 ν

215 2676 326 2727 ιη’.
365 2674 520 2727 Ἐπεὶ
547 2676 603 2728 δι
642 2675 970 2747 ἡπόρειτοῖς
997 2676 1139 2740 ὅλοις
1174 2680 1202 2732 6
1236 2678 1517 2752 δικαστὴς,
1562 2680 1717 2750 μόλις

145 2767 263 2819 τότε
294 2767 357 2821 τὸ
389 2767 477 2821 διὰ
503 2768 692 2837 ξίφους
725 2770 905 2822 αὐτῶν
939 2773 1260 2841 κατακρίνει
1288 2773 1459 2836 τέλος.
1485 2775 1716 2841 Ἠγοντο

144 2857 235 2911 οὖν
261 2860 315 2911 οἱ
348 2860 630 2929 μάρτυρες
650 2861 741 2912 ἐπὶ
770 2861 861 2912 τὸν
889 2863 984 2925 τῆς
1028 2864 1361 2928 τελειώσεως
1394 2865 1577 2928 τόπον,
1614 2884 1711 2936 χαο

146 2950 245 3016 ρᾶς
278 2949 531 3016 ἔμπλεῳ,
566 2950 685 3001 οὐδὲ
715 2954 816 3017 τῆς
869 2955 1124 3016 γενναέας
1177 2955 1531 3023 ’Δγαθονίκης
1578 2961 1715 3009 ἀπο-

142 3038 438 3107 λειφθῆναι
466 3038 672 3091 τούτων
715 3041 1085 3109 ὑπομεινάσης
1112 3061 1126 3075 ·
1180 3043 1297 3097 εἶτα
1344 3053 1530 3117 χεῖρας
1563 3052 1714 3115 ὁσίας

1821 1957 2039 2020 stincta,
2075 1966 2129 2009 et
2183 1953 2537 2023 refrigerabat
2580 1964 2815 2008 sanctos.
2845 1951 2963 2019 Quo
2989 1952 3206 2022 quidem
3242 1960 3379 2005 tem-

1820 2062 1949 2116 pore
1991 2047 2369 2101 honestissima
2436 2061 2646 2116 quoque
2680 2046 3031 2116 Agathonica,
3089 2059 3209 2112 qute
3262 2051 3377 2096 erat

1820 2155 1945 2195 vere
1982 2155 2138 2193 soror
2179 2140 2454 2210 martyris,
2515 2141 2704 2203 divini,
2761 2139 2998 2206 inquam,
3052 2134 3258 2205 Papyli,
3322 2144 3379 2188 et

1820 2237 2090 2289 flammam
2141 2246 2261 2284 cum
2324 2233 2402 2285 eis
2454 2230 2694 2290 intravit,
2738 2239 2792 2283 et
2829 2226 3379 2289 certaminum,sicut
3478 2273 3489 2284 ,

1822 2330 1982 2382 etiam
2040 2338 2386 2388 coronarum,
2420 2323 2519 2376 fuit
2564 2321 2859 2388 particeps.
2890 2318 3095 2371 Rursus
3124 2330 3252 2385 ergo
3289 2331 3378 2367 re-

1822 2419 2037 2471 tlicrtml
2073 2419 2123 2469 in
2155 2416 2453 2469 custodiam
2494 2431 2510 2469 :
2542 2425 2595 2470 et
2644 2426 2834 2467 rursus
2871 2410 3131 2463 vacabant
3163 2408 3378 2478 hymnis

1822 2514 1884 2568 ad
1920 2509 2085 2562 Deum
2120 2518 2171 2562 et
2205 2507 2476 2576 precibus.

1890 2692 2073 2747 XVIII.
2111 2691 2245 2746 Cum
2269 2701 2447 2744 autem
2478 2689 2673 2742 dubius
2705 2698 2848 2742 esset
2874 2686 3035 2740 animi
3063 2684 3248 2752 iudex,
3277 2697 3375 2737 nec

1821 2786 1983 2839 ullum
2060 2783 2325 2837 inveniret
2354 2783 2578 2843 exitum,
2619 2780 2700 2831 vix
2751 2780 2963 2831 tandem
2995 2790 3087 2829 eos
3122 2774 3376 2828 condem-

1819 2889 1929 2941 nar,
1964 2888 2021 2929 ut
2048 2882 2210 2930 vitam
2239 2873 2452 2926 tinirent
2482 2874 2681 2941 gladio.
2710 2870 3053 2925 Ducebantur
3082 2881 3209 2936 ergo
3232 2880 3376 2919 mar-

1817 2978 1958 3039 tyres
1989 2968 2181 3035 gaudio
2211 2966 2350 3034 pleni
2391 2967 2455 3017 ad
2484 2965 2655 3015 locum
2705 2958 3208 3024 consummationis,
3248 2972 3371 3010 cum

1820 3076 1915 3111 nec
1946 3058 2196 3127 praeclara
2249 3054 2466 3124 quidem
2504 3051 2837 3121 Agathonica
2879 3049 2946 3103 ab
2971 3049 3050 3102 eis
3082 3047 3376 3102 abscedere

140 3131 377 3201 ἄραντες
411 3131 546 3201 πρὸς
571 3130 726 3198 Θεὸν,
756 3135 853 3202 οὐχ
887 3136 1093 3189 ἑαυτῶν
1125 3136 1497 3208 ὑπερηὺχοντο
1532 3130 1711 3209 μόνον,

1820 3149 2182 3202 sustinuisset.
2217 3146 2415 3199 Deinde
2440 3159 2561 3198 cum
2622 3150 2839 3197 sanctas
2886 3154 3071 3194 manus
3108 3141 3172 3191 ad
3208 3135 3373 3191 Deum

136 3222 273 3277 ἀλλὰ
328 3224 429 3277 καὶ
488 3226 614 3288 τοὺς
667 3226 847 3281 αὐτῶν
900 3229 1162 3296 φονευτὰς
1215 3231 1476 3300 ρυσθῆναί
1526 3249 1582 3283 τε
1615 3234 1711 3303 τῆς

135 3316 352 3385 πλάνης
386 3317 484 3370 καὶ
524 3319 850 3386 μεταϐαλεῖν
897 3322 1033 3388 πρὸς
1082 3321 1363 3376 εὐσέϐειαν
1386 3340 1399 3355 ·
1434 3326 1712 3388 τοιαύταις

134 3407 401 3476 ἀμοιϐαῖς
440 3406 729 3474 ἠμείϐοντο
753 3411 875 3469 τοὺς
907 3410 1135 3477 ἐχθροὺς
1165 3415 1212 3466 oi
1249 3412 1344 3466 τοῦ
1371 3414 1576 3481 ἀγαθοῦ
1610 3433 1711 3484 μα-

132 3497 323 3568 θηταὶ,
366 3499 466 3548 καὶ
513 3497 706 3563 ἄφεσιν
730 3497 824 3551 τοῦ
875 3502 1224 3570 τολμήματος
1274 3507 1574 3575 εὐξαμένου
1600 3510 1711 3570 τοῖς

127 3594 451 3658 φονευταῖς,
503 3589 678 3653 ἄλλως
710 3610 768 3643 τε
795 3593 852 3645 δὲ
886 3594 978 3646 καὶ
1029 3595 1182 3648 αὐτοὶ
1211 3598 1454 3668 μεγάλην
1481 3600 1711 3659 ἐκείνοις-

125 3682 353 3754 ᾔδεισαν
386 3683 568 3753 χάριν,
594 3684 710 3737 ἀνθ’
731 3677 806 3737 ὧν
827 3687 895 3739 δι’
917 3687 1096 3740 αὐτῶν
1126 3688 1419 3759 ἐξεδήμουν
1454 3689 1587 3760 πρὸς
1615 3690 1708 3742 τὸν

126 3774 497 3842 ποθούμενον.
544 3775 941 3847 -Ἑπευξάμενοι
963 3780 1019 3831 δὲ
1041 3781 1109 3833 τὰ
1138 3782 1389 3853 λυσιτελῆ
1418 3786 1574 3844 πᾶσι,
1612 3783 1709 3846 τὰς

124 3865 377 3934 κεφαλὰς
408 3867 831 3938 ἀπετμήθησαν,
848 3871 1309 3941 τρισκαιδεκάτην
1334 3874 1559 3939 ἄγοντος
1585 3874 1705 3926 τότε

122 3956 219 4009 τοῦ
264 3956 607 4025 Ὀκτωϐρίου
667 3962 851 4029 μηνός.
910 3963 990 4016 Τὰ
1020 3961 1149 4031 γοῦν
1179 3964 1334 4035 τίμια
1365 3964 1568 4017 τούτων
1594 3962 1704 4016 λεί-

121 4048 273 4117 ψανα
303 4046 485 4109 οὕτως
504 4047 711 4117 ἀτίμως
729 4055 823 4103 καὶ
850 4053 1069 4119 ἀμελῶς
1099 4057 1326 4126 κείμενα
1365 4056 1704 4125 Χριστιανῶν

127 4138 463 4207 ἀνελόμεναι
493 4139 696 4209 χεῖρες,
731 4140 867 4208 μετὰ
891 4140 1189 4210 λαμπάδων
1220 4145 1355 4209 ὁμοῦ
1388 4146 1477 4197 καὶ
1521 4146 1704 4214 ὓμνων

123 4227 406 4300 λαμπρῶς
439 4232 499 4283 ἐν
516 4232 769 4301 ἐπιφανεῖ
796 4234 1087 4289 κατέθεντο
1117 4236 1285 4307 τόπῳ,
1319 4235 1546 4289 πλοῦτον
1565 4237 1701 4302 Χριο

124 4324 369 4382 στιανοῖς
423 4321 646 4387 ἄσυλον,
681 4326 957 4397 πνεύμασι
1008 4330 1264 4399 πονηροῖς
1294 4329 1533 4401 φοϐερὰν
1598 4330 1701 4401 μά·

121 4427 312 4477 στιγα,
364 4415 463 4466 καὶ
499 4414 718 4468 νοσοῦσι
748 4420 882 4469 πᾶσι
919 4418 1108 4489 δρόσον
1143 4424 1238 4476 καὶ
1286 4422 1513 4491 ἀψευδὲς
1543 4423 1696 4493 ἴαμα,

118 4506 201 4612 :lc
232 4505 398 4611 δόξαν
420 4504 596 4612 *Θεοῦ
637 4507 850 4578 Harpe;
906 4513 998 4564 καὶ
1055 4514 1262 4583 Κυρίου
1310 4515 1469 4582 ἡμῶν
1524 4514 1699 4585 Ἰησοῦ
1733 4558 1778 4612 ο

118 4595 381 4666 Χριστοῦ,
490 4599 695 4667 πρέπει
716 4602 851 4674 τιμὴ
880 4604 973 4657 καὶ
999 4604 1203 4677 κράτος
1226 4606 1323 4657 σὺν
1352 4605 1427 4674 τῷ
1448 4609 1697 4676 παναγίῳ

117 4687 215 4741 καὶ
245 4688 501 4759 ζωοποιῷ
557 4692 862 4761 Πνεῦματι,
920 4696 1016 4749 νῦν
1055 4700 1147 4751 καὶ
1177 4699 1283 4766 ἀεὶ,
1339 4698 1431 4751 καὶ
1464 4700 1539 4762 εἰς
1568 4698 1696 4762 τοὺς

118 4778 317 4845 αίῶνας
345 4778 457 4833 τῶν
484 4780 727 4835 αἰώνων.
785 4784 979 4854 Ἀμήν.

1817 3238 2182 3301 sustulissent,
2231 3252 2334 3291 non
2376 3252 2472 3306 pro
2519 3249 2580 3289 se
2610 3234 2782 3287 solum
2832 3247 3017 3304 preces
3058 3229 3372 3293 fundebant,

1816 3327 1908 3379 setl
1941 3327 2103 3378 etiam
2139 3324 2387 3389 orabant,
2417 3334 2475 3376 ut
2506 3322 2585 3375 sui
2626 3323 2897 3375 occisores
2925 3322 2989 3371 ab
3021 3334 3209 3372 errore
3240 3319 3375 3371 libe-

1815 3426 2086 3480 rarentur,
2131 3428 2184 3469 et
2229 3424 2673 3469 converterentur
2705 3412 2771 3467 ad
2816 3410 3092 3481 pietatem.
3136 3407 3229 3462 Sic
3251 3422 3377 3477 gra-

1818 3510 1944 3563 tiam
1999 3510 2112 3560 suis
2147 3506 2453 3560 refcrebant
2487 3506 2741 3567 inimicis,
2773 3504 2909 3571 ejus,
2944 3502 3033 3570 qui
3061 3502 3233 3556 bonus
3262 3510 3370 3564 est,

1814 3598 2080 3667 discipuli,
2118 3596 2443 3654 occisor-ibus
2465 3595 2581 3650 suis
2628 3604 2908 3664 precantes
2960 3594 3170 3645 veniam
3228 3591 3370 3657 ejus.

1811 3692 1952 3757 quod
2000 3699 2183 3742 erant.
2218 3690 2525 3756 atituissuri,
2577 3673 2836 3742 facinoris
2866 3702 2883 3742 :
2914 3686 3110 3755 quibus
3166 3681 3369 3752 alioqui

1810 3780 1911 3849 ipsi
1962 3793 2206 3848 magnam
2238 3778 2505 3832 habebant
2560 3778 2807 3846 gratiam,
2832 3775 2973 3845 quod
3003 3788 3099 3843 per
3133 3787 3226 3826 eos
3264 3773 3370 3825 mi-

1809 3881 2028 3941 grarent
2058 3872 2124 3925 ad
2153 3884 2296 3930 eum,
2328 3882 2485 3938 quem
2538 3866 2935 3923 desiderabant.
2976 3864 3109 3918 Cum
3164 3862 3369 3933 precati

1808 3978 2020 4033 quoque
2052 3971 2233 4017 essent
2263 3976 2323 4015 ea
2350 3976 2467 4029 qua:
2503 3968 2662 4016 erant
2686 3957 2935 4013 omnibus
2964 3956 3136 4017 utilia,
3168 3955 3247 4008 eis
3271 3968 3367 4008 ca-

1806 4053 1915 4123 pita
1961 4051 2179 4106 fuerunt
2211 4059 2482 4118 amputata
2525 4047 2683 4103 tertio
2725 4046 2937 4102 decimo
2967 4045 3168 4100 mensis
3202 4044 3369 4097 Octo-

1810 4146 1941 4197 bris.
1975 4143 2248 4196 Pretiosas
2281 4150 2455 4195 autem
2484 4155 2671 4195 eorum
2696 4139 2974 4208 reliquias,
3003 4152 3123 4207 quae
3159 4135 3370 4206 abjecte

1807 4243 1857 4289 et
1916 4232 2264 4300 contemptim
2316 4232 2598 4299 jaccbant,
2664 4229 3096 4283 Christianorum
3173 4241 3367 4280 manus

1808 4342 1929 4381 cum
1964 4323 2328 4385 sustulissent,
2354 4336 2475 4375 eum
2526 4320 2861 4390 lampadibus
2888 4317 3048 4373 simul
3071 4328 3125 4373 et
3150 4317 3369 4387 hymnis

1811 4417 1863 4470 in
1918 4416 2036 4471 loco
2103 4402 2294 4482 insigni
2350 4414 2608 4484 praclare
2643 4413 3031 4480 deposuerunt,
3057 4425 3185 4479 opes
3208 4411 3370 4465 Chri-

1808 4508 1996 4562 stianis
2058 4507 2413 4570 inviolabiles,
2474 4503 2719 4573 malignis
2767 4502 3047 4571 spiritibus
3098 4502 3365 4570 ﬂagellum

1809 4598 2069 4661 terribile,
2106 4606 2160 4651 et
2188 4611 2364 4651 rorem
2400 4594 2647 4649 omnibus
2672 4592 3061 4663 aegrotantibus
3076 4600 3131 4645 et
3155 4602 3359 4644 certam

1810 4690 2071 4746 medelam
2098 4706 2114 4745 :
2142 4691 2205 4743 ad
2237 4688 2461 4761 gloriam
2490 4687 2582 4743 Dei
2619 4686 2795 4742 Patris
2845 4696 2899 4741 et
2927 4684 3141 4740 Domini
3171 4682 3365 4750 nostri,

1804 4781 1932 4840 Jesu
1966 4779 2166 4837 Christi
2197 4800 2211 4837 :
2241 4796 2397 4851 quem
2446 4780 2602 4834 decet
2655 4779 2829 4833 honor
2854 4786 2909 4831 et
2950 4776 3211 4845 potentia,
3242 4789 3364 4829 cum

1806 4874 2146 4929 sanctissimo
2177 4883 2232 4927 et
2265 4869 2475 4924 viviﬂco
2510 4868 2737 4939 Spiritu,
2768 4882 2912 4922 nunc
2956 4874 3009 4922 et
3035 4877 3271 4935 semper.
3307 4870 3366 4919 et

1805 4962 1857 5016 in
1886 4964 2079 5019 saecula
2106 4960 2447 5017 saeculorum.
2472 4962 2665 5018 Amen.
