4208 6300
812 346 907 409 111

2110 336 2391 397 MENSIS
2425 335 2750 400 APRILIS.

3941 335 4035 399 112

804 453 1048 514 recondit
1075 462 1127 508 et
1149 461 1385 506 reservat
1422 450 1486 504 iis
1515 448 1604 519 qui
1649 450 1817 517 ipsam
1843 447 2091 517 diligunt.
2125 445 2183 499 In
2219 461 2369 500 sum-
2400 453 2442 506 Α

2400 453 2442 506 Α
2474 467 2537 520 σὺ
2560 469 2687 529 τοὺς
2719 467 2849 536 παρ’
2883 467 3010 536 ὑμιν
3041 467 3392 535 τιμωμένους
3422 464 3578 528 θεοὺς
3609 464 3762 517 οὐδὲν
3795 465 4034 536 ἕτερονῆ

809 562 894 599 ma
927 554 1125 608 autem,
1174 542 1218 596 si
1279 540 1413 595 velis
1466 550 1720 593 accurate
1788 538 2088 602 attendere,
2132 536 2373 589 invenies

802 639 1021 691 omnino
1047 646 1098 689 tu
1127 647 1341 704 quoque
1369 646 1483 695 eos,
1514 631 1603 698 qui
1641 629 1781 699 apud
1806 643 1901 682 vos
1920 628 2193 690 coluntur,
2219 628 2370 689 deos,

804 731 933 783 nihil
957 728 1099 782 aliud
1146 741 1268 780 esse
1329 739 1491 790 quant
1549 737 1712 793 opera
1782 735 2032 775 manuum
2089 719 2369 774 hominum

803 820 1039 873 inanima
1097 828 1150 871 et
1216 815 1400 879 surda,
1439 830 1559 883 qure
1614 814 1745 868 nihil
1805 812 2045 875 omnino,
2076 826 2180 864 non
2212 811 2368 862 modo

751 901 757 907 ’
802 914 946 974 aliis,
979 911 1069 965 sed
1099 924 1161 963 ne
1185 910 1286 963 sibi
1314 908 1527 977 quidem
1565 907 1716 975 ipsis,
1757 906 1964 974 possint
1997 905 2118 971 opis
2149 902 2363 956 aﬂ‘erre.

801 1003 857 1056 Si
890 1017 1019 1070 ergo
1050 1002 1211 1055 homo
1268 1000 1484 1068 quidem
1521 1009 1602 1052 est
1658 997 1747 1051 Dei
1811 1012 1964 1062 opus,
1995 1006 2052 1049 ut
2081 995 2173 1063 qui
2205 993 2272 1048 ab
2302 1009 2367 1049 eo

798 1098 868 1150 sit
896 1094 1128 1159 eﬂictus,
1186 1107 1302 1160 qua:
1327 1107 1417 1144 vos
1445 1095 1621 1143 autem
1644 1089 1933 1142 simulacra
1962 1087 2218 1152 adoratis,
2242 1095 2369 1141 sunt

798 1202 962 1259 opera
992 1202 1187 1240 manus
1216 1187 1465 1238 humanae
1500 1200 1512 1236 :
1549 1186 1814 1251 quontodo
1855 1181 1997 1250 quis,
2054 1181 2156 1235 nisi
2204 1179 2367 1233 fuerit

800 1279 961 1347 plane
987 1276 1131 1331 nullo
1152 1290 1311 1330 sensu
1338 1274 1616 1343 praeditus,
1648 1284 1701 1326 et
1728 1274 1888 1341 plane
1922 1271 2016 1324 hos
2048 1280 2102 1324 ct
2156 1270 2364 1333 asinus,

800 1372 887 1434 iis,
918 1384 1036 1437 quae
1060 1368 1175 1436 ipse
1195 1377 1277 1420 est
1301 1365 1617 1425 fabricatus,
1639 1364 1896 1416 honorem
1930 1361 2215 1415 tribuerit?
2244 1375 2366 1414 cum

797 1466 1073 1526 oporteret
1096 1456 1183 1508 illa
1222 1455 1392 1521 magis
1415 1467 1544 1506 suos
1578 1453 1843 1505 honorare
1867 1450 2110 1518 opiﬁces,
2148 1448 2193 1502 si
2240 1450 2365 1519 quis

797 1552 1003 1603 inesset
1059 1547 1138 1603 eis
1195 1545 1427 1600 sensus?
1457 1544 1719 1610 Quoniam
1780 1557 1909 1613 ergo
1966 1541 2248 1597 confessus
2281 1556 2362 1609 es,

800 1651 897 1690 nos
932 1649 1058 1689 esse
1110 1633 1496 1702 iutelligentes,
1525 1640 1579 1684 et
1611 1631 1740 1694 scis,
1771 1630 1910 1697 quod
1938 1630 2123 1694 homo,
2157 1629 2250 1698 qui
2282 1638 2365 1683 est

799 1742 943 1781 sanae
971 1725 1189 1787 mentis,
1222 1736 1496 1791 nunquam
1530 1722 1743 1775 veritati
1779 1721 1851 1787 id,
1873 1722 2013 1790 quod
2038 1728 2120 1775 est
2146 1720 2359 1787 falsum,

799 1818 1113 1888 praetulerit,
1148 1817 1366 1871 adverte
1396 1815 1660 1878 animmu,
1693 1822 1745 1868 et
1780 1815 1845 1868 de
1872 1827 1957 1879 eo,
1991 1813 2081 1883 qui
2130 1826 2255 1868 vere
2281 1822 2364 1868 εει

796 1911 988 1981 Opifex
1011 1910 1409 1973 universorum,
1440 1908 1585 1961 disce
1614 1921 1645 1960 a
1682 1904 1933 1959 veridicis
1960 1905 2145 1959 labris.

869 2001 960 2057 V’l.
986 2001 1127 2055 Deus
1158 2010 1346 2068 suapte
1371 2006 1562 2051 natura
1595 2012 1699 2051 non
1732 2004 1909 2065 potest
1946 1994 2318 2049 circumscribi
2345 2011 2359 2049 :

799 2102 878 2149 est
902 2092 1043 2146 enim
1067 2091 1353 2160 ejusmodi,
1384 2089 1511 2142 utin
1541 2103 1660 2142 eum
1690 2102 1795 2142 non
1822 2086 1981 2141 cadat
2011 2085 2230 2139 omnino
2259 2086 2363 2139 eir-

797 2186 1169 2255 cumscriptio,
1229 2194 1284 2239 et
1328 2190 1548 2251 superat
1579 2194 1816 2245 onmem,
1850 2194 1970 2248 qua:
2005 2179 2058 2233 in
2118 2188 2362 2247 tempore

797 2278 1106 2346 suscipitur,
1132 2274 1530 2343 cogitationem.
1553 2271 1793 2340 Namque
1817 2268 2363 2338 temporumCreator

800 2385 902 2422 nun
921 2366 1206 2437 subjicitur
1224 2364 1469 2434 tempori.
1490 2362 1844 2429 Quamobrem
1861 2376 1955 2415 nec
1972 2362 2136 2429 erepit
2149 2359 2360 2428 quidem

797 2475 936 2515 esse.
960 2458 1153 2513 Omnia
1183 2467 1385 2521 autem,
1418 2470 1523 2509 tam
1556 2470 1673 2523 quae
1701 2455 1801 2508 sub
1830 2463 2105 2520 aspectum
2140 2452 2357 2517 eadunt,

798 2568 958 2619 quam
989 2563 1107 2619 qua:
1137 2557 1315 2601 mente
1343 2547 1729 2617 percipiuntur,
1764 2546 1828 2597 ad
1880 2545 2006 2608 hoc,
2042 2544 2183 2613 quod
2229 2544 2356 2609 sint,

801 2642 1071 2711 produxit.
1115 2639 1283 2693 llomo
1312 2652 1438 2705 ergo
1470 2652 1591 2691 cum
1622 2646 1763 2691 esset
1812 2651 1841 2689 a
1880 2635 1985 2690 Deo
2033 2634 2258 2699 eﬂictus,
2308 2643 2362 2687 et

796 2734 843 2786 ei
878 2740 1019 2785 esset
1054 2731 1311 2785 tributum
1344 2738 1400 2782 ut
1437 2729 1699 2783 habitaret
1730 2727 2063 2796 paradisum,
2091 2738 2143 2777 et
2171 2726 2235 2777 ad
2253 2740 2363 2777 ma—

791 2823 924 2887 joris
947 2818 1220 2889 profectus
1240 2818 1681 2873 exercitationem
1707 2816 2003 2883 accepisset
2023 2814 2359 2880 mandatum,

800 2912 998 2964 invidia
1056 2908 1253 2963 diaboli
1309 2907 1536 2961 ail‘ectus
1586 2906 1773 2960 morbo
1826 2905 2222 2971 inobedieutiae,
2254 2922 2358 2961 nou

798 3014 957 3067 posse
1007 2996 1250 3061 interire,
1284 2995 1607 3067 permutavit
1646 2995 1863 3050 interitu
1896 3012 1910 3050 ε
1948 3005 2001 3051 et
2030 3011 2151 3049 cum
2182 2998 2361 3049 carnis

2472 555 2608 624 ἔργα
2632 556 2829 625 χειρῶν
2861 555 3167 624 ἀνθρώπων
3214 554 3399 625 ἄψυχα
3449 554 3543 606 καὶ
3570 554 3745 621 κωφὰ,
3780 556 3843 607 οὑ
3881 554 4036 623 μόνον

2470 644 2650 707 ἄλλοις
2700 644 2806 696 οὐδ’
2837 642 3037 709 ὁτιοῦν,
3100 642 3237 695 ἀλλά
3300 641 3392 693 καὶ
3446 642 3659 700 ἑαυτοῖς
3694 639 3957 707 βοηθῆσαι
3979 639 4037 689 τὸ

2471 732 2819 802 παράπανού
2862 732 3216 801 δυναμένους.
3279 731 3343 784 Εἰ
3373 730 3553 782 τοίνυν
3605 728 3891 795 ἄνθρωπος
3940 728 4035 796 μὲν

2470 826 2714 894 πλάσμα,
2750 823 2786 877 ἃ.
2817 824 2873 877 δέ
2902 824 3059 892 ὑμεῖς
3093 821 3287 876 εἴδωλα
3342 823 3723 888 προσκυνεῖτε,
3758 817 4033 885 ἀνθρωπί-

2468 916 2739 987 νης-εἰσὶν
2762 915 2900 986 ἔργα
2933 913 3136 984 χειρὸς,
3169 914 3285 975 πῶς
3318 912 3381 967 ἄν
3405 929 3509 973 τις,
3540 912 3589 962 εί
3626 910 3701 979 μὴ
3737 910 3859 961 λίαν
3884 908 4033 961 ἀναίο

2469 1008 2664 1077 σθητος
2685 1006 2795 1075 εἴη,
2824 1008 2917 1059 καὶ
2948 1004 3076 1075 βοῦς
3105 1004 3427 1073 αὐτόχρημα
3464 1003 3557 1055 καὶ
3589 1002 3731 1063 ὑνος,
3764 1002 3875 1062 τοῖς
3906 992 4034 1067 παρ’

2468 1097 2632 1151 αὑτοῦ
2662 1097 3028 1166 δεδημιουργη
3039 1095 3220 1165 μένοις
3254 1096 3354 1164 τὴν
3376 1094 3539 1161 τιμὴν
3568 1091 3880 1160 ἀπονείμοι,
3917 1091 4035 1142 δέον

2466 1192 2650 1244 ἐκεῖνα
2684 1189 2885 1259 μᾶλλον
2935 1190 3060 1249 τοὺς
3107 1185 3341 1247 οἰκείους
3370 1185 3536 1254 τιμᾷν
3568 1171 3960 1254 δημιουργοὺς,
3988 1182 4038 1233 si

2465 1301 2550 1345 τις
2594 1283 2777 1344 αὐτοῖς
2804 1281 3054 1350 αἴσθησις
3080 1294 3095 1344 ;
3140 1277 3357 1347 Ἐπειδὴ
3385 1276 3566 1329 τοίνυν
3606 1275 3858 1337 συνετοὺς
3888 1274 4036 1343 ἡμᾶς

2464 1375 2824 1447 ὡμολόγησας
2854 1374 2948 1427 καὶ
2970 1369 3119 1435 οἶδας
3141 1371 3217 1435 ὡς
3241 1371 3342 1424 οὑκ
3365 1370 3429 1424 άν
3461 1384 3592 1422 ποτε
3623 1367 3821 1438 φρενὸς
3848 1366 4036 1435 ὑγιοῦς

2465 1466 2752 1537 ἄνθρωπος
2795 1464 2991 1535 ψεῦδος
3052 1464 3176 1516 ἀντὶ
3228 1462 3331 1533 τῆς
3398 1460 3662 1528 ἀληθείας
3728 1458 4033 1529 προέλοιτο,

2465 1558 2758 1627 ἐπίστησον
2804 1556 2903 1627 τὴν
2958 1555 3199 1610 διάνοιαν
3230 1551 3416 1607 καὶτὰ
3450 1541 3578 1622 περὶ
3623 1549 3717 1603 τοῦ
3740 1550 3909 1612 ὅντως
3937 1549 4033 1618 δη-

2468 1649 2730 1721 μιουργοῦ
2754 1648 2860 1701 τῶν
2889 1647 3025 1701 ὅλων
3065 1645 3204 1699 Θεοῦ
3241 1645 3346 1699 ὑπὸ
3377 1643 3593 1715 άληθῶν
3624 1640 3850 1713 χειλέων
3885 1639 4035 1693 διδά-

2394 1777 2440 1839 B
2466 1741 2648 1813 χθητι.

2534 2002 2625 2071 ς’.
2658 2003 2789 2067 Θεδς
2833 2001 2894 2055 οὐ
2932 2001 3141 2070 πέφυκε
3196 1996 3669 2070 περιγράφεσθαιο
3724 1996 4033 2066 ἀπερίγρα-

2462 2114 2594 2161 πτος
2623 2095 2731 2165 γὰρ
2780 2095 2957 2163 πάντη
2986 2093 3081 2148 καὶ
3126 2093 3460 2162 ὑψηλότερος
3494 2090 3755 2162 χρονικῆς
3809 2090 4031 2157 ἁπάσης

2460 2187 2668 2247 ἐννοίας
2691 2202 2705 2217 ο
2741 2184 2969 2253 ποιητὴς
3004 2182 3113 2252 γὰρ
3144 2183 3373 2253 χρόνων,
3404 2184 3504 2249 οὑχ
3534 2182 3637 2233 ὑπὸ
3662 2181 3855 2250 χρόνον
3877 2196 3889 2208 ⁸
3909 2179 4033 2232 ὅθεν

2461 2275 2582 2328 οὑδέ
2619 2273 2713 2326 τοῦ
2761 2267 2899 2325 εἶναι
2947 2270 3182 2342 ἤρξατοο
3222 2270 3402 2324 πάντα
3450 2269 3507 2321 δέ
3546 2268 3616 2321 τά
3650 2284 3708 2319 τε
3736 2268 3909 2338 ὀρατὰ
3940 2266 4033 2319 καὶ

2462 2366 2729 2436 νοούμενα
2758 2365 2838 2428 είς
2888 2364 2949 2417 τὸ
2978 2359 3120 2417 εἶναι
3150 2364 3311 2427 αὐτὸς
3349 2364 3698 2431 παρήγαγεν.
3765 2361 3825 2414 '0
3852 2362 4032 2413 τοίνυν

2460 2460 2744 2531 ἄνθρωπος
2778 2456 3007 2528 πλάσμα
3036 2454 3170 2509 Θεοῦ
3198 2453 3439 2523 γεγονὼς
3481 2453 3573 2507 τὸν
3608 2452 3944 2521 παράδεισον
3974 2468 4031 2504 τε

2460 2555 2628 2607 οἰκεῖν
2654 2548 2955 2621 κληρωθεὶς
2977 2548 3072 2601 καὶ
3096 2547 3275 2600 λαϐὼν
3307 2546 3526 2616 ἐντολὴν
3559 2545 3691 2614 πρὸς
3721 2542 4033 2612 γυμνασίαν

2462 2642 2746 2712 προκοπῆς
2786 2639 3051 2708 μείζονος,
3078 2637 3260 2705 φθόνῳ
3281 2637 3530 2690 διαϐόλου
3562 2633 3848 2706 παρακοήν
3880 2634 4034 2703 νοσή-

2463 2749 2586 2794 σας,
2609 2731 2707 2801 τὴν
2743 2728 2949 2797 φθορὰν
2975 2727 3072 2795 τῆς
3101 2724 3409 2795 ἀφθαρσίας
3441 2726 3710 2794 ἠλλάξατο
3740 2727 3835 2778 καὶ
3869 2724 4032 2792 θελή-

2464 2841 2599 2896 μασι
2636 2820 2836 2892 σαρκὸς
2861 2816 3169 2886 ὑποκύψας,
3196 2813 3301 2867 ὑπὸ
3338 2816 3497 2884 χεῖρα
3528 2814 3719 2881 γέγονε
3751 2813 3831 2882 τῷ
3861 2812 4029 2867 θανά·

2460 2931 2569 2985 τῳ·
2609 2914 2706 2967 καὶ
2731 2914 2759 2964 ὁ
2811 2913 2909 2980 τῆς
2947 2907 3244 2979 βασκανίας
3291 2904 3473 2975 πατὴρ
3505 2905 3624 2957 ούδέ
3676 2903 3850 2973 τούτῳ
3886 2903 4032 2972 μόνῳ

2460 3005 2557 3059 τοῦ
2590 3001 2949 3073 φθονηθέντος
2978 2999 3221 3071 ἠρκέσθη
3258 2998 3334 3069 τῷ
3358 2998 3630 3067 πτώματι,
3663 2996 3799 3050 ἀλλὰ
3832 2997 3925 3048 καὶ
3952 2997 4032 3058 είς

798 3092 1051 3146 subiisset
1108 3090 1456 3153 voluntatem,
1501 3088 1604 3141 fuit
1651 3086 1939 3155 subjectus
1974 3086 2154 3138 morti.
2190 3087 2359 3140 Caete-
2385 3110 2429 3171 ρ

2385 3110 2429 3171 C
2461 3098 2654 3169 λήθην,
2684 3095 2829 3166 οἴμοι
2853 3094 2865 3148 1
2890 3093 3025 3147 Θεοῦ
3057 3093 3182 3155 τοὺς
3207 3093 3271 3144 ἐκ
3299 3090 3390 3144 τοῦ
3414 3090 3576 3144 αὑτοῦ
3609 3089 3811 3157 φύντας
3836 3088 4030 3155 γένους

800 3198 919 3236 rum
980 3189 1129 3248 pater
1164 3179 1379 3231 invidia:
1407 3192 1509 3230 non
1555 3178 1654 3231 t‘uit
1688 3183 1977 3231 contentus
2002 3176 2102 3231 ltoe
2135 3176 2251 3230 solo
2284 3175 2361 3230 la-

799 3289 897 3343 psu
930 3272 1068 3341 ejus,
1111 3271 1194 3325 cui
1237 3269 1667 3325 invidebatzsed
1708 3269 1871 3325 etiam
1929 3269 1995 3324 ad
2047 3269 2171 3335 Dei,
2224 3270 2358 3339 prob

796 3362 1341 3418 dolorloblivionem
1398 3375 1493 3415 eos
1549 3361 1788 3424 deduxit,
1849 3360 1942 3429 qui
2006 3373 2186 3431 postea
2247 3361 2357 3415 nati

798 3465 927 3509 sunt
973 3468 1037 3507 ex
1093 3453 1279 3507 eodem
1331 3466 1545 3523 genere,
1574 3461 1633 3506 ut
1677 3467 1782 3506 non
1813 3451 1984 3506 solum
2015 3452 2357 3520 corporibus,

800 3549 891 3599 sed
922 3546 1085 3599 ctiam
1116 3544 1312 3599 animis
1342 3557 1487 3596 mors
1523 3541 1910 3595 dominaretur.
1946 3540 2154 3595 Relicto
2182 3543 2361 3610 itaque

801 3651 924 3689 vero
960 3635 1089 3696 Deo,
1117 3641 1172 3686 et
1220 3632 1289 3685 ad
1342 3630 1511 3685 lucem
1548 3630 1790 3685 veritatis
1840 3645 1933 3685 sua
1986 3640 2179 3699 sponte
2212 3630 2358 3686 elau-

801 3726 987 3779 dentes
1045 3721 1248 3784 oculos,
1298 3718 1474 3775 cultus
1520 3719 1934 3775 simulacrorum
1959 3721 2174 3775 subiere
2206 3731 2357 3776 tene-

800 3821 942 3872 bras.
976 3815 1264 3886 Propterea
1316 3828 1445 3880 ergo
1502 3812 1643 3865 idem
1689 3810 1859 3865 nostri
1904 3812 2116 3879 generis
2144 3811 2357 3879 Opifex,

798 3905 889 3971 qui
916 3903 1162 3973 benignis
1191 3900 1485 3955 visceribus
1513 3913 1610 3954 nos
1641 3898 1894 3968 produxit
1919 3913 1984 3955 ex
2024 3898 2215 3967 nihilo,
2253 3914 2357 3955 non

798 3996 978 4049 ferens
1006 3991 1186 4048 videre
1239 3992 1508 4047 hominem
1537 3991 1766 4060 opprimi
1800 3991 2017 4058 maligni
2052 3992 2356 4062 tyrannide,

797 4099 852 4139 et
884 4103 912 4139 a
952 4087 1185 4139 Paterno
1219 4085 1337 4138 sinu
1366 4097 1470 4136 non
1531 4082 1786 4146 excessit,
1833 4088 1888 4135 et
1938 4084 2118 4135 omnia
2161 4082 2357 4145 factus,

801 4179 940 4232 sicut
963 4190 1084 4240 nos,
1114 4182 1315 4246 praeter
1344 4171 1518 4229 solum
1569 4180 1869 4243 peccatum,
1902 4173 2049 4228 cruci
2105 4170 2356 4242 anigitur,

798 4279 852 4323 et
911 4268 1156 4332 moritur,
1191 4280 1221 4319 a
1281 4263 1431 4333 lapsu
1486 4262 1695 4332 peccati
1759 4276 1856 4317 nos
1889 4261 2353 4319 volensliberare.

797 4358 928 4409 Cum
982 4367 1109 4423 ergo
1140 4367 1235 4407 sua
1267 4361 1441 4405 morte
1467 4350 1635 4404 nostri
1668 4350 1849 4419 lapsus
1901 4360 2179 4405 auctorem
2208 4350 2355 4419 deje-

2464 3189 2692 3260 ῦστερον
2746 3188 2977 3258 ἢγαγεν,
3040 3185 3114 3246 ώς
3143 3184 3217 3253 μὴ
3249 3182 3515 3250 σωμάτων
3557 3180 3735 3248 μόνον,
3761 3179 3899 3232 ἀλλὰ
3938 3179 4032 3231 καὶ

2458 3282 2643 3353 ψυχῶν
2704 3280 2884 3334 αὐτῶν
2920 3276 3194 3346 κυριεύειν
3242 3274 3508 3328 θάνατον·
3576 3269 3765 3340 ἀμέλει
3795 3271 3891 3322 καὶ
3937 3269 4030 3321 τὸν

2456 3374 2637 3442 άληθῆ
2675 3372 2808 3425 Θεὸν
2848 3367 3213 3428 ἀπολιπόντες
3268 3365 3364 3418 καὶ
3419 3363 3557 3433 πρὸς
3617 3362 3675 3416 τὸ
3702 3362 3903 3429 φέγγος
3930 3360 4029 3425 τῆς

2459 3463 2719 3533 ἀληθείας
2765 3462 2947 3514 ἑκοντὶ
2995 3459 3287 3530 μύσαντες,
3322 3455 3413 3508 τὸν
3440 3458 3537 3526 τῆς
3578 3452 4030 3523 είδωλολατρείας

2462 3555 2652 3608 σκότον
2681 3552 2941 3623 ὑπῆλθον.
2983 3550 3081 3603 Διὰ
3106 3548 3281 3603 ταῦτα
3301 3546 3477 3601 τοίνυν
3500 3545 3656 3609 αὐτὸς
3682 3548 3707 3600 ὁ
3734 3543 3828 3597 τοῦ
3870 3544 4006 3612 ἡμε-

2457 3648 2617 3719 τέρου
2643 3645 2830 3715 γένους
2851 3640 3195 3714 Δημιουργδς
3220 3641 3247 3693 ὁ
3267 3638 3670 3708 φιλανθρώποις
3698 3636 4029 3703 σπλάγχνοις

2458 3741 2525 3791 ἐκ
2572 3737 2667 3791 τοῦ
2722 3737 2797 3806 μὴ
2845 3736 2998 3796 ὄντος
3040 3729 3404 3803 παραγαγὼν,
3444 3727 3518 3796 μὴ
3553 3728 3733 3796 φέρων
3773 3726 3877 3776 ὑπὸ
3932 3723 4026 3776 τοῦ

2460 3828 2700 3898 πονηροῦ
2733 3812 2825 3879 τδν
2855 3825 3144 3893 ἄνθρωπον
3174 3823 3306 3891 ὀρᾷν
3338 3819 3793 3887 τυραννούμενον,
3827 3816 3935 3868 τῶν
3966 3832 4025 3868 τε

2460 3913 2754 3986 Πατρικῶν
2784 3914 2884 3967 ούκ
2918 3910 3114 3981 ἐξέστη
3143 3908 3382 3972 κόλπων,
3423 3906 3517 3959 καὶ
3552 3905 3728 3958 πάντα
3758 3903 3898 3973 πλὴν
3932 3904 4027 3974 μό-

2457 4027 2554 4078 νης
2582 4009 2681 4078 τῆς
2713 4005 2987 4077 ἁμαρτίας
3035 4002 3158 4057 καθ’
3208 4004 3352 4072 ἡμᾶς
3387 3998 3649 4069 γεγονὼς,
3691 3997 4024 4065 σταυροῦται

2459 4101 2555 4152 καὶ⁹
2598 4098 2843 4167 θνήσκει,
2887 4094 2983 4147 τοῦ
3017 4093 3118 4162 τῆς
3175 4091 3449 4162 ἁμαρτίας
3485 4090 3777 4159 πτώματος
3808 4088 4025 4141 ’ἐθέλων

2459 4186 2606 4258 ἡμᾶς
2637 4181 3046 4240 ἀνασώσασθαι.
3103 4180 3194 4252 Τῷ
3243 4178 3440 4233 ἑαυτοῦ
3476 4176 3766 4246 τοιγαροῦν
3804 4173 4024 4243 θανάτῳ

2456 4278 2550 4332 τὸν
2591 4277 2763 4331 αἴτιον
2795 4275 2891 4329 τοῦ
2924 4272 3191 4343 ἡμετέρου
3228 4269 3520 4338 πτώματος
3575 4261 4019 4330 καταὸεὸληκὼς,

2458 4366 2620 4426 αὑτός
2649 4381 2708 4417 τε
2736 4365 2818 4425 είς
2866 4361 3129 4431 οὐρανοὺς
3173 4356 3512 4427 ὰνεληλύθει,
3544 4353 3637 4422 ἀφ’
3670 4347 3744 4407 ὧν
3766 4354 3863 4406 καὶ
3892 4371 4025 4407 κατ-

797 4448 981 4515 cisset,
1009 4444 1121 4515 ipse
1154 4452 1207 4498 et
1235 4443 1287 4497 in
1314 4440 1481 4498 cmlos
1527 4440 1790 4506 ascendit,
1820 4453 1851 4495 e
1881 4440 2078 4509 quibus
2130 4440 2357 4495 descen-
2388 4447 2435 4506 ι)

2388 4447 2435 4506 D
2461 4450 2644 4521 ἦλθεν,
2673 4449 2765 4503 καὶ
2794 4450 2943 4521 ἡμᾶς
2979 4450 3155 4501 ἐκεῖσε
3183 4445 3357 4511 καλεῖ,
3390 4445 3488 4515 τὴν
3518 4444 3651 4515 πρὸς
3692 4443 3854 4497 αὑτὸν
3891 4444 4022 4513 ἡμῖν

797 4539 951 4591 derat
986 4552 1003 4589 :
1029 4544 1082 4591 et
1115 4548 1212 4590 nos
1235 4532 1358 4589 illuc
1383 4541 1562 4596 vocat,
1599 4539 1657 4585 ut
1685 4530 1775 4601 qui
1806 4529 1963 4586 nobis
1986 4529 2054 4585 ad
2087 4544 2145 4585 se
2171 4544 2357 4585 ascen-

798 4642 918 4682 sum
949 4624 1266 4681 ostenderit.
1303 4622 1535 4681 Potesne
1565 4631 1623 4677 tu
1657 4636 1872 4693 quoque
1900 4622 2003 4676 tale
2031 4621 2159 4693 quid
2175 4631 2358 4677 osten-

801 4720 953 4782 dere,
980 4716 1122 4786 (ιιιοὰ
1153 4730 1181 4768 a
1224 4714 1330 4769 tuis
1351 4716 1454 4769 diis
1481 4714 1678 4772 factum
1700 4714 1791 4779 sit,
1827 4727 1893 4766 an
1930 4712 2108 4780 tejam
2142 4726 2236 4768 eos
2259 4728 2356 4768 vo-

797 4824 924 4866 care
950 4807 1225 4880 panitet?
1256 4804 1662 4862 Possessionum
1694 4814 1872 4860 autem
1906 4812 1960 4860 et
1987 4804 2355 4875 pecuniarum,

785 4928 840 4973 οι
879 4903 1099 4960 honoris
1152 4901 1291 4972 apud
1341 4900 1715 4971 imperatores,
1743 4912 1862 4969 qua:
1918 4907 2045 4953 sunt
2069 4906 2268 4964 vestra,
2301 4906 2359 4951 ut

785 4996 1002 5065 dicitis,
1037 4995 1199 5059 bona,
1231 5007 1329 5049 nos
1354 5006 1574 5063 parvam
1598 5006 1783 5045 curam
1807 4990 2062 5061 gerimus.
2094 4998 2151 5045 ut
2172 4990 2260 5060 qui
2295 5004 2355 5043 ea

783 5101 813 5137 n
834 5102 902 5142 ou
935 5096 1189 5155 tanquam
1219 5082 1416 5138 stantia
1440 5080 1703 5150 judicare,
1735 5081 1829 5135 sed
1862 5088 2114 5148 tanquam
2147 5077 2356 5148 fugien-

800 5182 894 5245 tia,
928 5187 1071 5232 recte
1124 5176 1471 5231 didicerimus
1500 5189 1529 5227 a
1580 5172 1859 5243 prepheta,
1883 5181 1936 5226 et
1972 5172 2200 5225 maxime
2234 5186 2356 5225 cum

800 5272 853 5324 in
882 5270 1049 5324 Deum
1098 5270 1273 5337 ips-un
1330 5281 1475 5336 spent
1524 5263 1989 5328 collocaverimus,
2038 5272 2091 5316 et
2126 5261 2192 5315 ab
2217 5262 2357 5316 illius

797 5360 967 5427 gloria
1000 5358 1095 5412 toti
1131 5358 1480 5425 peudeamus,
1518 5364 1737 5423 propter
1784 5365 1940 5422 quem
1971 5350 2135 5405 etiam
2164 5364 2357 5417 magno

796 5468 860 5507 ac
894 5451 1016 5506 forti
1049 5453 1229 5503 animo
1254 5450 1360 5519 pati
1379 5448 1687 5503 statuimus.

851 5542 961 5599 \‘ll.
979 5541 1232 5595 Hrcccum
1251 5537 1776 5605 audiissetValcrius,
1794 5544 1846 5591 et
1860 5538 2174 5603 aegritudine
2192 5535 2354 5589 animi

796 5636 898 5691 fuit
929 5637 1176 5700 aﬂ'eclus,
1202 5642 1253 5688 ει
1288 5633 1408 5702 igne
1456 5631 1677 5687 insaniae
1723 5630 1993 5685 incensus.
2023 5628 2087 5682 Et
2113 5627 2358 5697 protinus

798 5741 1001 5781 exuens
1031 5726 1205 5780 ﬁctam
1264 5737 1548 5794 personam
1600 5718 2042 5787 mansuetudinis,
2085 5720 2352 5773 internain

2460 4543 2645 4598 ἄνοδον
2709 4541 3017 4607 ὑποδείξας.
3085 4541 3269 4612 Ἔχεις
3306 4555 3358 4593 τι
3419 4537 3513 4592 καὶ
3570 4536 3733 4601 αὑτὸς
3778 4534 4020 4589 τοιοῦτον

2458 4633 2828 4701 άντεπιδεῖξαι
2867 4634 3020 4702 παρὰ
3069 4632 3176 4684 τῶν
3208 4630 3489 4700 ὑμετέρων
3514 4627 3650 4681 θεῶν
3684 4626 3977 4697 γενόμενον
4006 4643 4019 4690 ;

2459 4730 2491 4799 ἢ
2524 4729 2620 4784 καὶ
2654 4729 2715 4781 τὸ
2759 4726 2914 4789 θεοὺς
2939 4724 3037 4795 ήδη
3086 4722 3308 4783 τούτους
3357 4720 3544 4773 καλεῖν
3576 4720 3870 4789 μεταμέλει
3900 4734 4017 4781 σοις

2460 4820 2760 4889 κτημάτων
2787 4817 2844 4870 δέ
2866 4818 2960 4871 καὶ
2989 4814 3287 4885 χρημάτων
3313 4812 3406 4864 καὶ
3431 4814 3530 4879 τῆς
3565 4812 3712 4881 παρὰ
3736 4808 4021 4878 βασιλεῦσι

2458 4910 2623 4979 τιμῆς
2648 4908 2758 4962 τῶν
2789 4908 3093 4978 ὑμετέρων,
3152 4904 3227 4967 ὥς
3267 4919 3428 4972 φατε,
3480 4900 3659 4955 καλῶν
3704 4899 3858 4969 λόγος
3889 4900 4021 4971 ἡμῖν

2457 5000 2658 5066 ὀλίγος,
2689 5002 2789 5068 οὐχ
2818 4998 2891 5060 ώς
2939 4995 3150 5049 ἑστῶτα
3200 4995 3425 5065 κρίνειν,
3486 4993 3599 5047 ἀλλ’
3644 4992 3718 5055 ὡς
3748 4992 4020 5061 φεύγοντα

2459 5083 2640 5146 καλῶς
2690 5084 2795 5135 ὑπὸ
2842 5080 2935 5134 τοῦ
2986 5082 3265 5149 προφήτου
3319 5078 3491 5131 ταῦτα
3540 5076 4020 5145 πεπαιδευμένοις,

2459 5176 2632 5238 ἄλλως
2678 5191 2737 5226 τε
2765 5173 2819 5226 δὲ
2857 5172 2953 5225 καὶ
2983 5174 3063 5235 είς
3115 5170 3246 5225 Θεὸν
3280 5170 3377 5239 ήδη
3419 5168 3608 5221 ἐλπίδα
3643 5167 3895 5236 θεμένοις
3927 5166 4022 5219 καὶ

2459 5267 2554 5334 τῆς
2618 5264 2824 5317 ἐκεῖθεν
2870 5264 3027 5334 δόξης
3072 5263 3204 5324 ὅλως
3261 5260 3625 5331 ἐξεχομένοις,
3655 5259 3721 5311 δι’
3750 5260 3808 5311 ὑν
3850 5257 4022 5311 καὶτὸ

2459 5355 2652 5407 παθεῖν
2685 5354 2932 5429 εὐψύχως
2964 5353 3238 5422 εἱλόμεθα.

2532 5539 2604 5595 Ζ⁹.
2638 5540 2854 5593 Τούτων
2889 5538 3127 5602 ἀκούσας
3166 5539 3483 5608 Οὐαλέριος,
3516 5539 3723 5609 ἀθυμίᾳ
3750 5556 3808 5591 τε
3844 5540 4019 5608 εἴχετο

2461 5631 2556 5684 καὶ
2591 5631 2721 5700 πυρὶ
2758 5633 2949 5698 μανίας
2980 5632 3257 5698 ἐφλέγετο,
3296 5633 3386 5683 καὶ
3422 5633 3764 5700 παραχρῆμα
3815 5633 3876 5683 τὸ
3901 5630 4017 5682 επί-

2460 5723 2695 5777 πλαστον
2726 5726 2821 5795 τῆς
2852 5724 3190 5794 ἡμερότητος
3223 5726 3562 5793 προσωπεῖον
3586 5723 3900 5789 ἀποϐαλὼν,
3922 5724 4020 5789 τὴν
