4208 6300
198 365 291 436 113

1207 377 1384 437 VITA
1427 373 1487 436 S.
1534 374 1758 434 CARPI
1805 374 1897 433 ET
1928 374 2342 439 SOCIORUM.

3290 382 3392 450 ιιι

179 489 308 541 ἔνδον
344 488 648 559 ἀγριότητα
703 490 1005 563 ἐξεγύμνου
1060 495 1153 547 καὶ
1188 496 1285 565 τὴν
1347 496 1444 563 μὲν
1492 494 1773 563 ὓπαρξινλ

1791 524 1797 552 ι
1830 497 2040 567 aperuit
2069 495 2358 553 feritatem.
2396 495 2458 551 Et
2486 504 2792 553 sanctorum
2827 497 3045 568 quidem
3108 498 3391 559 facultates

177 580 272 631 τῶν
297 578 458 646 ἁγίων
486 582 568 642 είς
597 581 907 651 διαρπαγὴν
938 586 1049 647 τοῖς
1080 587 1528 658 κατηγορήσασιν
1556 586 1728 649 ἐξεδί-

176 671 279 734 δου,
318 670 549 740 πρᾶγμα
580 670 643 723 τὸ
688 671 808 725 λίαν
829 672 919 724 ὑπ’
944 674 1168 729 ἐκείνων
1202 676 1723 747 περιφρονούμενον,

176 763 270 822 τοῖς
293 760 425 813 πάνυ
459 762 605 832 μέγα
634 763 789 816 τοῦτο
815 762 1215 835 λογιζομένοις·
1246 769 1444 830 αὐτοὺς
1464 769 1519 821 δὲ
1543 769 1726 821 ἵππων

174 855 317 907 τινῶν
371 857 581 925 ἀγρίων
629 858 994 923 ἀποδεθέντας
1049 863 1301 916 ἐκέλευεν
1323 864 1405 916 ὅτι
1442 866 1605 933 τάχος
1631 864 1725 916 ὲπὶ

174 946 258 1009 τὰς
294 946 515 1014 Σάρδεις
570 949 914 1003 ἐλαύνεσθαι.
958 952 1069 1014 Τὰς
1104 954 1205 1022 μὲν
1257 950 1350 1007 οὗν
1382 955 1584 1018 ἵππους
1615 955 1723 1008 ἀπὸ

172 1037 463 1107 θυατείρων
492 1041 707 1108 τρέχειν
733 1041 1065 1111 ἀρξαμένας,
1090 1044 1328 1115 ἑσπέρας
1350 1047 1451 1117 ἤδη
1481 1046 1723 1100 καταλα-

173 1129 372 1199 ϐούσης,
402 1131 456 1181 al
487 1130 709 1201 Σάρδεις
731 1132 881 1201 μδλις
905 1133 999 1185 τοῦ
1030 1135 1231 1205 δρόμου
1258 1138 1556 1191 παύουσιν·
1586 1138 1722 1192 ἀλλὰ

172 1224 269 1284 τοῖς
301 1221 557 1289 μάρτυσι,
600 1224 702 1276 κᾶν
729 1227 792 1292 τῇ
846 1228 1017 1296 πικρᾷ
1059 1227 1231 1298 ταύτῃ
1262 1229 1505 1303 τιμωρίᾳ
1532 1231 1721 1300 διημε-

172 1312 433 1381 ρεῦσασιν,
483 1314 635 1381 ὅμως
695 1314 816 1367 οὐδὲ
864 1317 896 1385 ἡ
942 1315 1037 1381 νὺξ
1079 1317 1319 1387 ἇμοχθος
1363 1315 1451 1389 ἦν,
1500 1322 1614 1373 ἀλλ’
1642 1323 1721 1383 είς

170 1406 353 1471 ὕμνους
388 1405 570 1467 Θείους
600 1406 659 1458 τὸ
692 1407 942 1460 πλεῖστον
988 1408 1159 1477 αὐτῆς
1198 1411 1362 1479 μέρος
1394 1411 1718 1469 ἐδαπανᾶτο.

169 1494 221 1545 ΕΞ
248 1494 300 1546 δέ
332 1512 430 1546 που
462 1494 637 1563 βραχὺ
672 1496 765 1547 καὶ
791 1495 961 1549 ὕπνου
1022 1499 1336 1569 μετέλαϐον,
1373 1502 1592 1569 ἄγγελοι
1618 1504 1721 1556 αὖ·

167 1587 265 1648 τοῖς
300 1586 649 1654 ἐφιστάμενοι
688 1588 1066 1657 πεπονηκότας
1104 1607 1162 1642 τε
1209 1591 1585 1659 ἀνελάμϐανον
1624 1596 1719 1648 καὶ

166 1680 281 1745 περὶ
338 1679 434 1740 τὰς
491 1679 789 1747 μελλούσας
838 1679 919 1731 ἔτι
952 1680 1220 1749 βασάνους
1271 1684 1717 1757 προθυμοτέρους

164 1768 381 1822 ἐποίουν.
421 1769 499 1837 Ἰζῇ
532 1769 589 1821 δὲ
622 1770 886 1841 ὑστεραίᾳ
925 1770 1084 1825 τοῦτο
1118 1773 1215 1843 μὲν
1254 1775 1527 1846 ἀλλήλοις,
1557 1778 1716 1831 τοῦτο

162 1860 210 1911 δὲ
230 1860 314 1911 καὶ
345 1862 455 1922 τοῖς
490 1861 723 1930 παροῦσι
758 1862 853 1927 τὴν
884 1865 1036 1917 Θείαν
1068 1866 1286 1938 ἐκείνην
1317 1869 1639 1923 ἐπιστασίαν
1665 1872 1714 1924 οί

161 1951 292 2017 ἅγιοι
320 1951 629 2020 διηγοῦντο,
677 1954 770 2006 καὶ
807 1955 935 2007 πότε
978 1957 1274 2028 Οὐαλέριος
1310 1960 1428 2029 ἥξει
1455 1962 1716 2027 ἐπανεξε-

159 2040 547 2103 τὰσωναῦτοὺς
604 2042 949 2113 περιέμενον,
1005 2045 1196 2117 ὥσπερ
1256 2050 1403 2113 τινὲς
1432 2051 1715 2122 ἀξιόμαχοι

162 2130 475 2199 στρατιῶται
504 2131 730 2201 ἀγώνων
758 2133 1153 2205 ἐπιθυμοῦντες
1179 2138 1271 2190 καὶ
1297 2139 1433 2210 πρὸς
1461 2142 1552 2194 τὸν
1575 2143 1715 2211 μετὰ

157 2222 297 2291 δόξης
342 2224 573 2278 Θάνατον
601 2226 865 2297 εὔτολμον
906 2247 960 2282 τι
1004 2231 1099 2284 καὶ
1141 2232 1363 2301 εὐγενὲς
1399 2234 1710 2303 βλέποντες.

169 2308 389 2372 Ἐκεῖνος
420 2311 477 2363 δὲ
511 2313 611 2374 τὰς
665 2314 889 2385 Σάρδεις
927 2318 1273 2385 καταλαϐὼν,
1328 2322 1403 2385 ὼς
1426 2324 1486 2378 τὸ
1518 2324 1633 2393 νῦν,
1663 2327 1712 2380 εί

158 2400 241 2452 καὶ
269 2402 340 2470 μὴ
387 2404 681 2473 πρότερον,
713 2407 1155 2481 εὐπειθεστέροις
1184 2415 1300 2475 τοῖς
1341 2416 1577 2485 μάρτυσι
1614 2416 1708 2471 καὶ

156 2486 484 2556 εὐχειρώτοις
508 2492 609 2561 ήδη
645 2495 961 2563 γενομένοις
996 2504 1333 2570 περιτυχεῖν,
1366 2504 1434 2557 τὰ
1469 2505 1568 2574 μὲν
1601 2506 1711 2578 γὰρ

154 2574 242 2643 τῆς
267 2581 538 2646 τιμωρίας
574 2581 839 2649 ἐγίνωσκε
877 2585 1058 2655 μόνον,
1096 2588 1167 2641 τὰ
1196 2590 1252 2643 δὲ
1282 2592 1381 2662 τῆς
1415 2574 1710 2669 παρακλήξ

157 2679 299 2729 σεως,
361 2667 526 2721 πάθεν
563 2671 595 2740 ἡ
651 2670 861 2744 γεώδης
899 2675 1081 2749 ἐκείνη
1112 2678 1256 2751 ψυχὴ
1281 2684 1375 2736 καὶ
1404 2684 1528 2756 ξένη
1558 2667 1711 2753 Θείας

152 2757 454 2823 ὲπιοςανεῖας
478 2760 574 2813 καὶ
603 2763 941 2837 ἀγαθότητος
967 2785 981 2834 ;
1019 2770 1139 2822 ἐπεὶ
1165 2772 1220 2824 δὲ
1245 2774 1407 2827 πλέον
1438 2776 1531 2829 νῦν
1566 2780 1710 2851 ἥπερ

152 2839 445 2932 ἔμπροσθεν
476 2852 871 2920 χαριεστάτους
898 2856 997 2923 μὲν
1024 2859 1124 2929 τὴν
1147 2859 1291 2930 ὄψιν,
1333 2839 1617 2932 εὐσταθεῖς
1649 2839 1708 2923 δδ

151 2924 202 3027 τὸ
229 2932 480 3000 φρόνημα
511 2938 609 2988 καὶ
632 2938 1039 3006 ἀταπεινὼτους
1189 2924 1376 3023 -ψυχὴν
1421 2924 1703 3027 ἐθεάσατο,

151 3017 401 3084 ἀπογνοὺς
429 3024 490 3075 τὸ
509 3024 600 3076 διὰ
636 3028 883 3094 βασάνων
910 3034 1074 3097 ἑλεῖν,
1126 3017 1391 3107 θωπείαις
1421 3047 1582 3101 πάλιν
1613 3017 1706 3105 καί

148 3104 350 3209 δωρεῶν
415 3112 685 3180 μειζόνων
745 3117 1102 3189 ἐπαγγελίαις
1134 3127 1235 3196 τὴν
1285 3104 1396 3182 τῶν
1440 3139 1773 3209 γενναίωνρ

150 3196 384 3255 ἔνστασιν
433 3205 776 3276 ὑποχαυνοῦν
826 3212 1121 3285 ἐπεχείρει.
1175 3217 1263 3282 Ὠς
1313 3220 1370 3273 δὲ
1397 3196 1491 3277 ἐπὶ
1540 3227 1702 3284 πλέον

147 3288 328 3360 ἐπείρα
380 3294 472 3347 καὶ
511 3296 736 3352 πλείονα
790 3302 868 3355 ἔτι
904 3305 1003 3375 τὴν
1045 3311 1383 3381 στερρότητα
1433 3319 1698 3389 κατενόει,

149 3382 355 3484 πρδςὶτδ
385 3389 667 3458 αὐστηρὸν
696 3388 851 3458 αὖθις
885 3398 1085 3471 ἐχώρει
1121 3407 1198 3474 τῷ
1230 3410 1444 3478 συνεχεῖ
1468 3412 1569 3481 τῆς
1602 3382 1701 3484 tu;

147 3471 358 3543 ταϐολῆς
389 3478 483 3530 καὶ
506 3479 590 3548 τῷ
622 3485 851 3556 ποικίλῳ
878 3491 971 3558 τῆς
1006 3471 1223 3561 ὁμιλίας
1255 3471 1489 3568 Θηρυάσαι
1643 3505 1702 3559 ἐν

147 3566 349 3641 Χριστῷ
384 3570 668 3644 ἁπλότητα
708 3576 816 3631 τῶν
856 3580 1029 3649 ἁγίων
1062 3588 1091 3638 6
1133 3566 1344 3653 σκολιὸς
1374 3566 1702 3667 μηχανώμε-

145 3673 241 3721 νος.

206 3748 279 3851 ll'.
323 3756 477 3810 Ἐπεὶ
504 3758 564 3813 δὶ
598 3761 691 3814 καὶ
715 3760 858 3818 οὕτω
886 3768 1191 3841 νικώμενος
1217 3768 1286 3847 ἦν
1318 3775 1414 3831 καὶ
1448 3778 1567 3833 οὐδὲ
1607 3798 1695 3851 μι-

146 3842 264 3910 κρὸν
295 3845 680 3915 ὕπενδιδόντας
704 3852 850 3923 ἑώρα
872 3858 998 3920 τοὺς
1022 3842 1328 3933 μάρτυρας,
1366 3867 1482 3918 ἀλλ’
1508 3842 1699 3940 ὥσπερ

144 3946 216 4024 τις
236 3935 455 4006 ἀλώπηξ
485 3942 663 4011 ἐφάνη
694 3944 1077 4022 διαμαχομιένη
1119 3954 1253 4024 πρὸς
1291 3954 1530 4023 λέοντας,
1564 3935 1698 4014 ἁπο-

146 4023 242 4095 ρῶν
273 4030 381 4092 τοῖς
418 4028 588 4097 δλοις,
615 4033 912 4105 ὑπέρχεται
938 4042 1135 4113 τέχνην
1166 4023 1395 4118 νὲτέραν,
1428 4051 1521 4102 καὶ
1552 4051 1699 4123 Κάρ-

143 4134 233 4170 πον
265 4124 360 4189 μιν
381 4123 477 4176 καὶ
512 4124 771 4180 Πάπυλον
800 4130 1191 4200 ἀποπέμπεται
1224 4140 1353 4201 τοὺς
1390 4143 1695 4209 γενναίους,

144 4208 378 4279 ἀσφαλῶς
429 4216 719 4287 τηρεῖσθαι
792 4220 1071 4286 κελεύσας.
1117 4225 1221 4277 Τὸν
1268 4227 1326 4279 δὲ
1380 4208 1693 4299 θαυμαστὸν

152 4300 527 4374 ’Λγαθόδωρον.
563 4307 622 4372 ὃς
656 4312 767 4375 τοῖς
792 4312 1027 4384 μάρτυσι
1057 4313 1359 4386 διηκονεῖτο
1380 4318 1473 4372 καὶ
1500 4321 1565 4374 τὰ
1587 4322 1693 4378 τῶν

141 4392 348 4447 olant-.th
370 4398 613 4468 ἔπραττε
642 4402 660 4468 (
685 4402 897 4470 μάρτυς
924 4406 1017 4458 καὶ
1047 4410 1209 4469 αὐτὸς
1243 4410 1342 4480 ήδη
1367 4412 1572 4477 τέλειος
1591 4416 1688 4484 ὢν,

1829 586 1974 641 dedit
2033 587 2361 657 diripiendas
2413 588 2485 643 iis
2526 589 2619 658 qui
2653 600 3065 656 accusaverant,
3098 609 3232 657 rem,
3268 609 3389 664 qum

1828 677 1980 731 valde
2012 677 2227 748 quidem
2276 681 2344 735 ab
2372 678 2477 733 illis
2514 680 2932 749 despiciebatur,
2963 683 3176 751 plurimi
3204 695 3385 737 autem

1829 769 1990 823 ﬁebat
2022 770 2091 823 ab
2128 769 2194 825 iis
2234 770 2325 839 qui
2383 771 2435 824 id
2473 786 2724 841 magnum
2787 774 3211 830 existimabant:
3240 778 3387 844 ipsos

1828 873 1953 914 vero
2003 860 2304 930 agrestibus
2351 863 2672 930 quibusdam
2729 867 2881 934 equis
2935 867 3387 936 alligatos,jussit

1824 966 1987 1021 quam
2048 954 2279 1020 primum
2345 955 2432 1025 agi
2467 955 2687 1011 Sardas.
2722 959 2900 1028 Atque
2944 974 3116 1029 equos
3143 960 3382 1030 quidem,

1822 1055 1945 1095 cum
1975 1041 2297 1111 incepissenl
2323 1059 2545 1100 currere
2604 1046 2899 1116 Thyatiris,
2935 1050 3260 1107 adventante
3294 1069 3384 1109 re-

1823 1143 1999 1195 spere,
2037 1131 2223 1186 Sardis
2254 1133 2337 1186 vix
2383 1133 2597 1190 tandem
2626 1136 2834 1193 faciunt
2863 1155 2889 1191 a
2910 1156 3070 1196 cttrsu
3102 1145 3382 1199 desistere.

1822 1218 2085 1274 Caeterum
2112 1224 2455 1293 martyribus,
2489 1230 2580 1294 qui
2606 1227 2659 1281 in
2687 1230 2787 1283 ltoc
2812 1232 3006 1285 acerbo
3030 1234 3266 1287 cruciatu
3304 1243 3386 1288 to-

1825 1318 1936 1363 tum
1966 1310 2107 1364 diem
2160 1322 2547 1385 transegerant,
2582 1332 2681 1372 nec
2731 1335 2842 1373 nox-
2859 1330 3038 1377 tamen
3071 1324 3226 1379 bonis
3251 1328 3383 1380 aeti-

1824 1401 1923 1456 bus
1949 1416 2114 1457 vacua
2145 1406 2405 1460 remansit
2434 1424 2447 1460 :
2482 1410 2573 1461 sed
2605 1409 2657 1461 in
2685 1408 2884 1466 divinis
2916 1412 3129 1483 hymnis
3157 1414 3381 1479 plurima

1824 1509 1947 1561 pars
1974 1494 2089 1564 ejus
2116 1497 2215 1551 fttit
2249 1512 2593 1571 consumpta.
2629 1502 2683 1557 Si
2724 1506 2938 1572 quando
2962 1518 3141 1561 autem
3194 1525 3379 1578 parum

1821 1587 1991 1638 somni
2032 1598 2307 1655 caperent.
2331 1591 2409 1645 eis
2437 1594 2753 1650 assistentes
2790 1599 2987 1666 angeli,
3026 1601 3267 1656 defessos
3300 1618 3383 1657 reo

1818 1677 2073 1732 creabant
2105 1697 2119 1737 :
2151 1688 2203 1735 et
2225 1680 2291 1735 ad
2325 1692 2594 1739 tormenta
2623 1701 2744 1741 mox
2775 1686 2951 1743 futura
2972 1692 3241 1747 faciebant
3266 1697 3384 1747 ani—

1819 1783 1906 1823 mo
1945 1770 2257 1828 alacriores.
2294 1773 2562 1831 Postridie
2608 1787 2785 1834 autem
2816 1781 3009 1849 partim
3043 1784 3261 1852 quidem
3296 1787 3378 1838 in-

1820 1868 1902 1915 ter
1922 1876 2002 1927 se,
2030 1864 2223 1932 partim
2247 1874 2422 1921 autem
2447 1867 2482 1920 ii
2515 1868 2603 1936 qui
2626 1871 2870 1936 aderant,
2894 1874 3184 1928 narrabant
3205 1878 3378 1930 sancti

1817 1950 2052 2006 divinam
2090 1954 2233 2008 illam
2255 1956 2665 2025 appat'itionem,
2699 1970 2753 2014 et
2786 1972 3067 2017 venturum
3100 1963 3375 2019 Valerium

1816 2042 1880 2094 ad
1914 2057 2097 2096 eorum
2130 2048 2581 2103 exanimationem
2616 2056 3021 2119 exspectabant,
3056 2058 3274 2124 perinde
3316 2070 3377 2107 ac

1815 2134 2031 2201 quidam
2054 2137 2260 2191 strenui
2295 2138 2492 2194 milites
2521 2145 2819 2197 certamina
2867 2144 3165 2214 Cupientes,
3200 2158 3255 2201 et
3310 2151 3374 2201 ad

1816 2234 2042 2279 mortem
2102 2243 2225 2282 cum
2256 2229 2424 2299 gloria
2469 2234 2883 2301 suscipiendam,
2911 2253 3170 2306 generose
3200 2250 3254 2293 et
3283 2255 3377 2292 au-

1815 2314 1998 2369 dacter
2022 2315 2310 2373 intuentes.
2334 2321 2424 2374 ille
2444 2333 2622 2377 autem
2649 2340 2769 2378 cum
2796 2329 3129 2394 pervenisset
3148 2331 3371 2394 Sardas.

1815 2414 1943 2461 tunc
1972 2408 2339 2477 existimabat,
2370 2422 2425 2467 et
2459 2413 2503 2467 si
2537 2430 2642 2470 non
2695 2417 2866 2485 prius,
2897 2434 2953 2472 se
2981 2420 3374 2476 obedientiores

1812 2505 1869 2553 et
1926 2500 2197 2557 faciliores
2250 2504 2599 2560 inventurum
2659 2519 2945 2581 martyres.
2994 2512 3175 2566 Solum
3228 2514 3371 2568 enim

1811 2588 2012 2644 sciebat
2062 2593 2376 2662 cruciatus;
2408 2597 2831 2655 consolationem
2880 2612 3059 2661 autem
3097 2605 3235 2657 unde
3266 2604 3375 2658 sci-

1812 2690 1895 2735 ret
1921 2693 2129 2738 terrena
2170 2685 2258 2739 illa
2300 2688 2501 2755 anima,
2532 2697 2587 2745 et
2618 2691 2788 2746 aliena
2839 2707 2868 2746 a
2931 2694 3105 2747 divitia
3154 2697 3370 2763 appari-

1810 2773 1954 2826 tione
2000 2783 2055 2829 et
2098 2774 2528 2835 bonitate?Cum
2573 2794 2667 2836 eos
2705 2793 2881 2838 autem
2936 2785 3163 2841 vidisset
3196 2789 3367 2853 vultu,

1808 2876 1969 2930 quam
2022 2866 2170 2934 prius
2221 2866 2474 2935 laetiores,
2524 2872 2825 2944 spirituque
2862 2878 3279 2942 constantiores,
3315 2889 3370 2933 et

1806 2956 1987 3008 animo
2023 2958 2198 3012 minus
2247 2960 2505 3030 deiectos,
2546 2967 2840 3034 desperans
2870 2982 2928 3021 se
2959 2984 3115 3037 posse
3142 2985 3234 3024 eos
3264 2978 3371 3023 tor-

1808 3048 2003 3104 mentis
2025 3064 2353 3122 expugnare,
2388 3059 2847 3115 assentationibus
2892 3077 3080 3117 rursus
3113 3072 3164 3118 et
3195 3065 3368 3133 maio-

1809 3154 1923 3193 rum
1954 3142 2219 3198 donorum
2262 3150 2712 3215 promissionibus
2749 3155 3160 3223 aggrediebatur
3202 3157 3369 3211 emol-

1803 3230 1902 3284 lire
1933 3233 2171 3289 virorum
2210 3236 2432 3293 fortium
2473 3243 2851 3298 consmutiam.
2886 3246 3017 3299 Cum
3043 3258 3219 3302 autem
3247 3265 3363 3302 ma-

1800 3321 1881 3388 gis
1912 3330 2194 3390 tentasset,
2236 3338 2292 3382 et
2341 3331 2515 3387 adhuc
2577 3332 2833 3401 majorem
2889 3335 3365 3394 animadvertisset

1802 3409 2010 3465 roboris
2037 3412 2366 3480 firmitatem,
2405 3423 2669 3487 processit
2690 3438 2874 3478 rursus
2902 3427 2967 3478 ad
2990 3429 3359 3493 acerbitatem,

1800 3501 2053 3556 continua
2093 3506 2410 3573 mutatione,
2462 3518 2515 3563 et
2541 3510 2685 3565 varia
2732 3513 3106 3583 collocutione,
3137 3519 3363 3575 moliens

1800 3591 2073 3662 improbus
2120 3599 2304 3655 venari
2328 3615 2466 3669 eam,
2502 3619 2622 3673 qua:
2673 3605 2724 3661 in
2757 3606 2970 3665 Christo
2998 3607 3215 3664 fundata
3245 3620 3363 3666 erat

1798 3692 2109 3736 sanctorum
2142 3687 2565 3754 simplicitatem.

1868 3771 2000 3829 Vill.
2026 3774 2159 3829 Cum
2188 3787 2365 3833 autem
2395 3780 2473 3836 sic
2495 3796 2707 3852 quoque
2738 3785 3068 3852 vinceretur,
3096 3799 3147 3844 et
3173 3806 3239 3845 ne
3260 3807 3357 3861 pa-

1798 3881 1914 3919 rum
1939 3869 2153 3935 quidem
2181 3872 2433 3928 cedentes
2456 3872 2959 3948 videretmartyrcs,
2984 3882 3077 3935 sed
3090 3891 3351 3949 tanquam

1795 3957 1979 4025 vulpes
2030 3959 2273 4026 quaedam
2335 3963 2483 4018 visus
2539 3978 2621 4021 est
2658 3982 2900 4036 pugnare
2926 3980 3114 4024 contra
3149 3972 3352 4035 leones.

1795 4048 1961 4103 animi
1991 4049 2150 4119 plane
2192 4052 2386 4109 dubius
2420 4064 2474 4109 et
2497 4060 2804 4126 pcrplexus,
2845 4061 2946 4115 alia
2995 4075 3109 4119 arte
3142 4080 3233 4119 eos
3260 4082 3352 4120 su.

1796 4155 1985 4208 perare
2011 4145 2352 4212 aggreditur;
2383 4158 2437 4200 et
2461 4148 2695 4216 Carpunt
2731 4154 2948 4219 quidem
2995 4166 3047 4208 et
3092 4156 3349 4227 Papylum

1795 4231 1937 4285 viros
1967 4231 2132 4288 fortes
2158 4249 2221 4289 ac
2265 4236 2552 4304 prmclaros
2591 4240 2834 4308 dimittit,
2865 4244 3065 4313 iubens
3103 4263 3197 4302 eos
3239 4260 3354 4304 tuto

1793 4322 1995 4377 servari
2024 4341 2036 4377 :
2070 4323 2439 4382 admirabilem
2464 4341 2638 4386 autem
2671 4333 3095 4403 Agathodorum,
3126 4342 3217 4410 qui
3252 4342 3353 4395 mi-

1796 4412 2059 4467 nistrabat
2086 4417 2434 4486 martyribus,
2461 4430 2511 4474 et
2539 4420 2855 4476 famulorum
2895 4441 3116 4482 munere
3156 4430 3349 4499 fungo-

141 4482 223 4532 καὶ
265 4485 339 4552 τῷ
400 4487 535 4555 περὶ
584 4487 783 4551 αὐτοὺς
844 4492 1051 4564 φίλτρῳ
1087 4496 1198 4550 τῶν
1237 4477 1417 4553 αὐτῶν
1459 4477 1688 4569 ἐκείνοις
1718 4477 1769 4536 D

1798 4503 1954 4556 batur
1997 4504 2111 4574 (qui
2154 4477 2267 4576 ipse
2295 4477 2507 4575 quoque
2536 4509 2643 4578 jam
2673 4523 2788 4567 erat
2819 4477 3347 4590 perfecti—ts'mavrrtg'r,

141 4571 393 4629 ἐκοινώνει
426 4578 754 4648 κολάσεων),
795 4583 985 4639 τοῦτον
1015 4587 1266 4642 ἐκέλευσε
1307 4589 1540 4646 ταθέντα
1565 4596 1684 4665 βου-

140 4662 330 4732 νεύροις
369 4668 620 4739 ἀνηλεῶς
666 4674 1004 4729 τύπτεσθαι⁸
1034 4677 1151 4748 ἅμα
1200 4680 1299 4749 μὲν
1343 4683 1532 4736 λυπεῖν
1559 4688 1685 4751 τοὺς

142 4751 309 4820 ἁγίους
340 4758 428 4814 διὰ
487 4760 591 4830 τῆς
640 4759 779 4832 πρὸς
806 4763 895 4815 τὸν
925 4767 1220 4833 ὁμὸπιστον
1248 4773 1538 4841 τιμωρίας,
1569 4775 1684 4842 ἅμα

140 4840 189 4892 δὲ
216 4846 302 4896 καὶ
334 4850 524 4915 φοϐεῖν
551 4850 898 4921 βουλόμενος.
944 4853 1005 4906 Ἠ
1014 4858 1279 4922 μιλλῶντο
1312 4840 1407 4913 οὖν
1433 4840 1683 4934 ἀλλήλοις

144 4931 367 5006 ἑκάτεροι
396 4939 425 4990 6
479 4957 541 4991 τε
592 4942 839 5007 κολάζων
889 4945 1149 5017 δικαστὴς
1198 4952 1290 5003 καὶ
1319 4952 1347 5005 6
1380 4931 1626 5023 μάρτυς·
1657 4961 1685 5011 6

141 5019 373 5098 δικαστὴς
396 5029 496 5100 μὲν
526 5028 671 5082 ὥστε
692 5032 768 5100 τῷ
799 5034 988 5105 πλήθει
1006 5036 1112 5089 τῶν
1142 5038 1365 5106 πληγῶν
1382 5019 1485 5095 ⁷τὸν
1515 5042 1683 5113 ἄνδρα

142 5112 282 5179 ἑλεῖν,
311 5122 338 5171 6
368 5122 584 5191 μάρτυς
618 5121 672 5175 δὲ
698 5123 864 5193 ἡδέως
886 5126 1029 5181 οὕτω
1077 5129 1173 5191 τὰς
1208 5130 1423 5200 πληγὰς
1453 5112 1677 5204 δεχόμε-

139 5226 233 5276 νος,
255 5210 324 5273 ώς
353 5212 512 5280 δῆλον
561 5207 703 5266 εἶναι
728 5214 886 5268 τοῦτο
915 5218 984 5270 δι’
1028 5221 1192 5290 εὐχῆς
1223 5222 1491 5287 τίθεσθαι,
1516 5227 1573 5278 τὸ
1603 5227 1682 5279 δι-

138 5302 346 5366 aputu:
394 5304 496 5371 τὴν
530 5306 822 5376 ξτιμωρίαν
868 5308 964 5360 καὶ
1005 5312 1078 5379 μὴ
1141 5313 1520 5383 ἀπαγορεῦσαι
1553 5319 1679 5382 τοὺς

139 5388 383 5455 κολαστὰς
421 5393 710 5457 παίοντας.
771 5396 856 5458 Ὠς
908 5392 1001 5450 οὖν
1032 5400 1093 5450 τὸ
1140 5405 1476 5473 μσρτυρικδν
1505 5407 1682 5460 ἐκεῖνο

137 5480 276 5547 σῶμα
310 5482 478 5538 πολὺν
541 5484 647 5557 ἢδη
702 5489 823 5548 ταῖς
871 5488 1123 5556 μάστιξιν
1174 5494 1435 5554 ἑκόπτετο
1464 5490 1677 5566 χρόνον,

136 5573 344 5640 αῖματος
378 5577 478 5644 μὲν
530 5577 726 5650 ὥσπερ
774 5577 837 5631 ἐκ
869 5597 1015 5644 τινος
1046 5583 1229 5653 πηγῆς
1257 5590 1476 5653 κρουνοὶ
1509 5591 1680 5643 ἀνεδί-

135 5661 286 5728 δοντο,
310 5669 599 5738 σπλάγχνα
616 5670 671 5722 δὲ
694 5672 791 5742 τῆς
808 5672 1012 5737 οὶκείας
1037 5676 1329 5745 περιϐολῆς
1355 5680 1675 5748 ἐείυμνοῦτο,

136 5754 253 5821 μύες
298 5760 400 5813 τῶν
458 5762 741 5833 ἁρμονιῶν
794 5764 1109 5831 διεσπῶντο,
1154 5768 1244 5821 καὶ
1298 5770 1460 5841 ήτῆς
1489 5773 1678 5843 ὀδύνης

1791 4600 1844 4646 et
1869 4608 1966 4645 suo
1991 4594 2041 4646 in
2078 4610 2169 4649 eos
2200 4611 2382 4651 amore
2404 4609 2521 4652 erat
2566 4602 2743 4658 socius
2792 4609 3104 4663 eorumdem
3144 4615 3346 4681 suppli-

1791 4685 2064 4752 ciorum),
2116 4704 2259 4753 eum,
2311 4692 2552 4762 inquam,
2596 4695 2753 4763 jussit
2810 4711 3127 4766 extensum,
3186 4705 3386 4763 bOUm‘

1792 4776 1971 4830 nervis
2010 4779 2144 4834 caedi
2177 4781 2694 4847 imtniserieorditer,
2721 4789 3105 4858 simulquidem
3130 4806 3349 4848 sanctos

1790 4867 2033 4922 molestia
2069 4868 2279 4924 allicere
2308 4883 2525 4940 propter
2573 4876 2869 4932 cruciatum
2902 4877 3041 4946 ejus,
3086 4882 3171 4950 qui
3233 4896 3348 4936 erat

1789 4958 2023 5024 ejusdem
2060 4960 2201 5023 fidei,
2234 4972 2287 5015 et
2325 4963 2650 5021 terrefaeere
2678 4970 2882 5028 volens.
2945 4970 3168 5039 Utrique
3218 4990 3349 5045 erga

1792 5052 1929 5101 inter
1960 5063 2018 5103 se
2046 5055 2463 5116 contendebant,
2495 5073 2685 5126 nempe
2711 5061 2965 5128 etjudex,
3008 5065 3095 5128 qui
3155 5071 3341 5132 punie-

1792 5137 1899 5199 bat,
1939 5149 1992 5191 et
2038 5154 2261 5212 martyr,
2310 5143 2469 5211 judex
2506 5146 2741 5215 quidem,
2777 5160 2832 5204 ut
2866 5153 3207 5207 multitudine
3239 5160 3349 5224 pla-

1789 5243 1972 5296 garum
2005 5246 2125 5285 eum
2154 5247 2479 5302 expugnaret
2506 5253 2520 5303 ;
2551 5250 2757 5309 martyr
2792 5250 2990 5305 autem,
3021 5244 3203 5314 plagas
3238 5260 3343 5301 tam

1790 5320 2019 5376 libenter
2073 5325 2365 5394 accipiens,
2405 5338 2462 5381 ut
2521 5332 2741 5384 evidens
2776 5344 2943 5400 esset,
2968 5350 3086 5388 eum
3119 5341 3218 5391 hoc.
3254 5340 3344 5393 ha-

1790 5413 1915 5466 bere
1952 5413 2002 5465 in
2036 5414 2189 5478 votis,
2227 5425 2282 5468 ut
2335 5419 2553 5475 duraret
2591 5422 2930 5490 supplicium,
2967 5442 3019 5480 et
3052 5444 3156 5484 non
3193 5433 3341 5485 defa-

1792 5503 2088 5571 tigareutur
2119 5517 2347 5560 torrOres
2376 5508 2648 5567 ferientes‘.
2677 5515 2807 5570 Cum
2844 5532 2970 5587 ergo
3001 5526 3341 5591 martyricum

1791 5594 1918 5645 illud
1955 5610 2148 5663 c0rpus
2177 5612 2286 5664 jam
2329 5599 2486 5670 longo
2511 5611 2749 5672 tempore
2776 5609 3067 5662 caederetur
3100 5611 3339 5682 ﬂagellis.

1789 5686 2170 5739 emittebanlur
2222 5690 2434 5753 quidem
2486 5692 2582 5745 rivi
2632 5700 2929 5765 sanguinis,
2993 5708 3245 5768 tanquam
3279 5722 3343 5758 ex

1787 5776 2015 5842 quodam
2053 5775 2215 5845 fonte,
2279 5797 2372 5834 suo
2406 5794 2582 5838 autem
2623 5787 2984 5853 integumento
3012 5793 3347 5851 nudabantur
