4208 6300
819 355 923 416 ll!)

2105 349 2156 406 Μ
2170 347 2385 406 ENSIS
2420 348 2748 409 APRILIS.

3937 351 4024 415 116

821 469 1049 529 viscera.
1101 460 1495 518 divellebantur
1546 461 1770 516 musculi
1830 477 1860 515 a
1918 461 2289 530 compagibus,
2327 459 2483 517 ειΔε

2365 459 2452 517 ιΑ
2479 460 2727 529 αἴσθησις
2767 460 2933 529 πολλή
2969 478 3051 523 τις
3110 459 3351 529 ἀτεχνῶς
3409 461 3498 512 καὶ
3531 460 3748 529 δριμεῖα
3783 463 3873 513 τὸν
3915 477 4027 528 γεν-

819 571 1008 611 sensus
1069 552 1273 609 doloris
1323 566 1511 606 revera
1573 567 1798 622 magnus
1834 561 1889 606 et
1921 566 2047 605 acer
2089 550 2376 605 invadebat

820 647 990 700 virum
1025 632 1244 700 fortem.
1276 643 1370 698 llle
1405 653 1582 698 autem
1622 644 1844 714 perinde
1871 658 1935 696 ac
1963 643 2007 697 si
2049 643 2247 696 nullam
2277 657 2376 712 pa-

816 745 1022 789 teretur
1054 732 1376 799 molestiam,
1414 732 1465 786 in
1491 733 1647 787 malis
1682 734 1753 788 ita
1793 741 1910 787 erat
1941 731 2185 797 aﬂ‘ectus,
2211 732 2376 787 silen-

817 827 891 879 tio
910 825 1094 881 ferens
1149 825 1369 879 crebros
1422 825 1558 878 ictus
1614 823 1968 894 ﬂagellorum,
2007 833 2060 878 et
2101 824 2208 893 pati
2244 838 2375 893 pro-

818 926 936 983 pter
958 917 1258 984 Christum,
1289 918 1497 974 habens
1518 917 1654 973 satis
1685 932 1934 986 magnum
1955 917 2197 971 dolorum
2228 918 2375 972 sola-

816 1007 970 1062 tium.

886 1095 977 1152 lx.
1011 1095 1143 1151 Cum
1170 1109 1347 1154 autem
1371 1099 1483 1170 jam
1513 1099 1757 1154 defessus
1792 1098 2007 1166 quidem
2037 1108 2178 1154 esset
2219 1097 2376 1153 Vale—

814 1184 944 1253 rius,
981 1187 1250 1257 defatigati
1281 1198 1458 1245 autem
1498 1201 1677 1245 essent
1711 1190 1927 1244 lictores
1955 1188 2220 1254 feriendo,
2247 1204 2373 1243 eum

811 1291 941 1333 vero
997 1287 1264 1335 tormenta
1313 1283 1481 1355 magis
1507 1283 1862 1348 laetificarent,
1889 1283 2139 1339 Christus
2167 1298 2286 1338 eum
2317 1284 2371 1338 in

811 1369 980 1424 ctelos
1016 1373 1267 1438 accersit,
1307 1375 1564 1428 athletam
1592 1375 1751 1445 digne
1795 1385 2168 1430 coronaturus.
2201 1373 2249 1429 Is
2272 1390 2373 1429 au»

815 1468 918 1513 tem
946 1470 1003 1515 et
1032 1463 1214 1517 statim
1245 1464 1489 1533 spiritum
1515 1465 1569 1519 in
1599 1480 1787 1520 manus
1833 1466 1968 1534 ejus,
2001 1466 2092 1535 qui
2138 1466 2371 1532 vocavit,

814 1559 869 1602 et
894 1566 1088 1620 corpus
1118 1564 1388 1610 mortuum
1427 1557 1648 1612 tradidit
1669 1557 2082 1627 ﬂagellantibus.
2109 1556 2260 1624 Quod
2288 1561 2371 1612 in-

813 1643 1076 1709 sepultum
1131 1646 1344 1713 quidem
1377 1646 1476 1701 fuit
1509 1648 1831 1717 projectum,
1870 1658 1929 1702 ut
1955 1649 2306 1705 devoraretur
2340 1663 2369 1702 a

814 1734 943 1786 feris
970 1745 1023 1788 et
1047 1725 1286 1802 alitibus,
1313 1754 1436 1792 cum
1469 1743 1538 1793 ita
1562 1739 1810 1807 jussisset
1846 1740 2105 1796 Valerius.
2141 1739 2370 1811 Vespere

810 1835 988 1881 autem
1028 1827 1242 1897 quidam
1274 1845 1338 1884 es
1372 1830 1436 1884 iis
1462 1830 1551 1900 qui
1582 1831 1688 1886 illic
1739 1846 1904 1900 prope
1939 1832 2273 1899 habitabant,
2318 1833 2370 1888 id

808 1917 1143 1973 abscondunt
1163 1920 1213 1974 in
1237 1922 1463 1989 quadam
1489 1925 1786 1991 pr0pinqua
1809 1924 2085 1988 spelunca,
2114 1925 2369 1978 ducentes

810 2007 913 2064 hoc
953 2024 1071 2065 esse
1117 2023 1252 2080 opus
1318 2010 1530 2080 benigni
1559 2023 1610 2066 et
1645 2013 1924 2067 clementis
1942 2014 2127 2076 animi,
2164 2026 2256 2068 aut
2292 2015 2368 2069 sic

810 2099 974 2154 etiam
1006 2101 1185 2155 divina
1214 2101 1561 2170 dispensante
1583 2103 1945 2158 Providentia.
1970 2104 2235 2168 Quidnam
2274 2121 2369 2158 au-

813 2198 921 2244 tem
958 2202 1037 2244 est
1072 2201 1255 2261 postea
1299 2194 1692 2247 consecutum?
1732 2193 1976 2249 Valerius
2026 2210 2242 2261 praeses.
2275 2196 2366 2262 qui

810 2292 926 2336 erat
962 2298 1144 2338 revera
1170 2293 1379 2339 versuta
1412 2295 1465 2338 et
1491 2284 1827 2341 fraudulenta
1848 2286 2052 2354 vulpes,
2076 2285 2368 2339 lenioribus

811 2373 989 2427 verbis
1040 2384 1259 2430 sanctos
1319 2376 1649 2443 aggreditur,
1698 2377 1889 2429 timens
1928 2377 2084 2439 forte,
2126 2391 2190 2431 ne
2227 2378 2369 2444 ipsos

808 2478 1042 2533 quoque,
1060 2466 1322 2534 sicutjam
1341 2467 1503 2520 etiam
1527 2466 1947 2532 Agathodorum,
1971 2469 2256 2523 amitteret.
2279 2468 2366 2521 Di-

807 2557 1131 2611 cebatcnitn
1167 2574 1181 2612 :
1212 2557 1306 2612 Ille
1338 2557 1554 2627 quidem
1609 2559 1811 2612 invenit
1869 2571 2094 2614 mortem
2149 2562 2364 2630 dignam

810 2648 897 2700 tali
931 2652 1238 2720 arrogantia
1295 2660 1346 2704 et
1381 2650 1640 2713 amentia,
1684 2665 1805 2704 cum
1842 2665 1945 2704 non
1983 2653 2274 2718 paruisset,
2312 2661 2368 2701 ut

810 2739 1144 2792 sacriﬁcaret
1168 2739 1270 2791 diis
1301 2739 1717 2792 immortalibus.
1755 2738 1856 2792 Vos
1887 2749 2062 2790 autem
2093 2755 2210 2792 cum
2248 2740 2367 2794 sitis

805 2829 1095 2894 sapientes,
1129 2843 1226 2884 cur
1254 2845 1356 2884 non
1398 2831 1639 2899 aspicitis
1685 2833 1750 2885 ad
1794 2832 1865 2890 id.
1912 2833 2052 2899 quod
2099 2843 2178 2885 est
2217 2831 2366 2886 vobis

804 2920 1162 2984 conducibile,
1203 2924 1294 2976 sed
1334 2922 1491 2977 vultis
1521 2939 1640 2978 esse
1668 2923 1869 2978 similes
1897 2923 2100 2977 homini
2132 2940 2252 2980 vere
2283 2926 2366 2976 in-

804 3010 970 3074 felici,
998 3013 1088 3082 qui
1123 3027 1220 3082 pro
1249 3015 1354 3067 vita
1388 3023 1441 3067 et
1470 3015 1663 3083 gaudio
1685 3014 1849 3067 stulte
1881 3015 2167 3068 violentam
2231 3030 2367 3068 mor-

2431 589 2438 594 --
2480 554 2624 604 ναῖον
2652 551 2821 623 εἰσῄει
2846 570 2859 584 ο
2895 554 2922 604 ὁ
2947 553 3024 617 δὲ,
3058 553 3306 618 καθάπερ
3338 552 3444 603 τῶν
3473 552 3787 603 λυπούντων
3817 553 4028 620 πάσχων

2478 642 2649 707 οὐδὲν,
2695 643 2868 706 οὕτως
2897 645 2955 696 ἑν
2990 646 3099 705 τοῖς
3149 643 3342 702 δεινοῖς
3371 643 3626 703 διέκειτο,
3651 641 3828 710 ήσυχῆ
3851 643 4026 710 φέρων

2477 733 2573 796 τὰς
2597 734 2704 785 τῶν
2737 735 3018 803 μαστίγων
3053 737 3278 802 νιφὰδας
3331 734 3423 786 καὶ
3458 733 3518 784 τὸ
3548 734 3635 786 διὰ
3667 733 3900 802 Χριστὸν
3931 734 4025 784 πά-

2479 838 2627 891 σχειν
2651 822 2856 894 ἀρκοῦν
2876 823 3013 892 ἔχων
3045 823 3149 874 τῶν
3181 823 3378 874 ὀδυνῶν
3402 820 3770 891 παραμύθιον.

2544 1093 2620 1148 Θ¹.
2652 1093 2739 1154 Ὠς
2769 1091 2825 1144 δὲ
2851 1089 3140 1159 ἀπειρήκει
3169 1087 3268 1154 μὲν
3296 1088 3322 1138 ὁ
3343 1085 3634 1155 Οὐαλέριος
3660 1083 3781 1154 ήδη,
3805 1082 4029 1152 ἔκαμνον

2477 1184 2531 1237 δὲ
2560 1186 2608 1236 οἱ
2644 1184 2828 1253 δήμιοι
2860 1180 3137 1241 παίοντες,
3171 1179 3262 1230 τὸν
3294 1175 3351 1228 δὲ
3392 1176 3484 1227 καὶ
3515 1173 3748 1243 ήγαλλον
3786 1172 3845 1226 αῖ
3871 1172 4030 1242 βάσα-

2476 1293 2555 1329 νοι
2587 1274 2806 1345 μᾶλλον,
2843 1270 3229 1340 μετακαλεῖται
3283 1267 3383 1337 μὲν
3413 1267 3492 1329 είς
3539 1266 3798 1334 οὐρανοὺς
3842 1266 3869 1316 ὁ
3901 1265 4030 1332 Χρι-

2476 1367 2620 1429 στὸς,
2661 1364 2825 1430 ἀξίως
2853 1359 3217 1430 στεφανώσων
3258 1358 3350 1412 τ’ὸν
3390 1355 3661 1425 ἀθλητήν·
3711 1347 3864 1416 οὗτος
3895 1354 3948 1406 δὲ
3975 1351 4030 1404 τὸ

2474 1456 2692 1527 πνεῦμά
2723 1471 2782 1509 τε
2803 1457 2881 1520 είς
2915 1455 3103 1524 χεῖρας
3131 1451 3288 1513 εὐθὺς
3337 1448 3430 1501 τοῦ
3465 1447 3792 1507 καλέσαντος
3849 1444 3942 1496 καὶ
3973 1443 4032 1500 τὸ

2473 1549 2634 1620 σῶμα
2664 1546 2857 1618 νεκρὸν
2883 1547 2996 1608 τοῖς
3023 1543 3296 1606 αἰκίζουσι
3337 1538 3640 1610 παρετίθει,
3667 1538 3804 1608 ὅπερ
3831 1536 4030 1605 ἄταφον

2475 1641 2575 1712 μὲν
2599 1638 3031 1710 παρερῤίπτετο,
3063 1635 3278 1687 δεῖπνον
3320 1631 3539 1698 ἕτοιμον
3567 1628 3778 1699 θηρίοις
3806 1628 3900 1681 καὶ
3934 1643 4029 1680 πε-

2471 1734 2668 1794 τεινοῖς
2694 1729 3014 1798 ἐκκείμενον
3035 1742 3049 1755 ·
3073 1724 3216 1777 οὕτω
3243 1720 3551 1792 προσταγὲν
3588 1720 3692 1773 ὐπὸ
3717 1718 4027 1788 Οὐαλερίου.

2400 1792 2446 1852 Β
2487 1792 2677 1893 Ὀψίας
2705 1821 2762 1875 δὲ
2785 1792 3108 1888 γενομένης,
3141 1814 3284 1875 τινὲς
3319 1812 3429 1865 τῶν
3462 1813 3577 1864 ὲκεῖ
3602 1809 4030 1879 προσοικούντων

2475 1913 2773 1986 κρύπτουσι
2799 1907 2956 1961 τοῦτο
2985 1905 3042 1959 ἐν
3070 1922 3176 1957 τινι
3210 1900 3539 1972 γειτονοῦντι
3580 1897 3848 1968 σπηλαίῳ,
3877 1899 4032 1967 ἔργον

2473 1995 2856 2076 φιλανθρώπου
2895 1998 3074 2069 ψυχῆς
3127 1995 3431 2058 ποιοῦντες,
3491 1993 3527 2060 ἢ
3581 1991 3672 2044 καὶ
3706 1990 3858 2052 θείας
3893 1989 4032 2042 οὓτω

2471 2097 2726 2167 προνοίας
2753 2091 3164 2160 οἱκονομούσης.
3197 2088 3267 2139 Τὸ
3301 2087 3358 2139 δὲ
3391 2084 3529 2152 μετὰ
3567 2080 3742 2135 ταῦτα
3772 2081 3858 2146 τίς
3896 2081 4033 2132 Οὐα-

2468 2191 2645 2258 λέριος
2680 2187 2968 2254 ὁήγεμὼν,
2993 2185 3026 2253 ἡ
3067 2181 3405 2251 παλίμϐολος
3445 2178 3523 2246 τῷ
3554 2179 3668 2230 δντι
3711 2175 3804 2234 καὶ
3841 2175 4033 2244 δολερά

2469 2281 2630 2334 πάλιν
2665 2276 2908 2347 ἀλώπηξ,
2952 2273 3281 2344 ἠπιωτέροις
3309 2271 3434 2333 τοὺς
3492 2268 3682 2336 ἁγίους
3730 2267 4031 2338 ὑπέρχεται

2467 2373 2666 2439 λόγοις,
2699 2369 2955 2438 φοϐηθεὶς
2989 2367 3139 2429 ἴσως,
3171 2364 3246 2434 μὴ
3274 2362 3366 2416 καὶ
3392 2361 3611 2425 αὐτοὺς,
3641 2359 3829 2429 ὥσπερ
3855 2360 3920 2428 δὴ
3941 2358 4032 2409 καὶ

2481 2463 2870 2531 ’Δγαθόδωρον,
2897 2461 2999 2528 ήδη
3023 2455 3329 2528 ζημιωθείη
3349 2473 3361 2487 ·
3390 2453 3544 2522 ἔλεγε
3562 2452 3668 2522 γάρ
3684 2467 3698 2482 ο
3716 2452 3805 2514 Ὠς
3831 2452 4033 2512 ἐκεῖνος

2470 2559 2567 2627 μεν
2603 2555 2752 2617 ἄξιον
2791 2552 3047 2613 ἀπονοίας
3077 2548 3335 2617 τοιαύτης
3364 2547 3595 2600 θάνατον
3627 2537 3776 2614 εὗρε.
3812 2541 3886 2612 μὴ
3914 2557 4032 2593 πει-

2469 2645 2616 2706 σθεὶς
2647 2643 2806 2694 θῦσαι
2835 2644 2948 2702 τοῖς
2981 2639 3269 2700 ἀθανάτοις
3313 2639 3483 2701 θεοῖς·
3528 2636 3686 2690 αὐτοὶ
3723 2633 3782 2688 δὲ
3824 2632 4035 2685 συνετοὶ

2466 2737 2641 2799 ὅντες,
2679 2734 2823 2795 τίνος
2887 2732 2953 2786 ἂν
2982 2731 3141 2802 χάριν
3181 2729 3239 2780 οὐ
3285 2727 3422 2797 πρὸς
3479 2729 3539 2779 τὺ
3594 2725 3875 2795 συμφέρον
3903 2725 4030 2791 ὑμῖν

2464 2827 2828 2896 ἀποϐλέψητε,
2855 2823 2968 2877 ἀλλ’
3012 2818 3408 2890 ὲξομοιωθῆναι
3457 2816 3723 2887 θελήσητε
3757 2813 4031 2884 ἀνθρώπῳ

2464 2920 2653 2981 δεινῶς
2679 2917 3060 2983 κακοδαίμονι,
3082 2913 3207 2966 ἀντὶ
3225 2909 3319 2965 τοῦ
3353 2909 3454 2981 ζῇν
3489 2910 3583 2963 καὶ
3617 2907 3828 2977 χαίρειν
3873 2905 4034 2974 ἀνοή-

2467 3028 2574 3072 τως
2614 3010 2785 3078 βίαιον
2823 3009 3052 3061 θάνατον
3111 3005 3386 3075 ἑλομένῳς
3418 3003 3540 3070 ,Καὶ
3578 2999 3750 3054 ταῦτα
3794 2998 3896 3069 μὲν
3932 2993 4035 3050 οὖν

808 3113 912 3158 tem
965 3104 1163 3172 elegit?
1190 3102 1255 3157 Et
1295 3105 1408 3158 lucc
1442 3104 1657 3173 quidem
1704 3102 1966 3158 Valerius.
2004 3104 2138 3158 Cum
2184 3115 2360 3159 autem
2391 3123 2432 3182 ο
2467 3118 2470 3147 ι

2391 3123 2432 3182 c
2467 3103 2778 3174 Οὐαλέριος.
2822 3101 2972 3155 Ἐπεὶ
3002 3099 3095 3154 καὶ
3125 3100 3248 3160 τοὺς
3279 3096 3465 3164 ἁγίους
3504 3096 3669 3165 ἧκουε
3694 3091 3896 3182 πολλὴν
3933 3088 4033 3159 μὲν

806 3192 1099 3248 audivisset
1120 3204 1336 3249 sanctos
1369 3210 1491 3250 eum
1541 3212 1746 3269 magnae
1809 3212 2066 3252 accusare
2124 3197 2364 3253 stultitia:
2401 3180 2420 3182 —
2466 3225 2468 3244 ι

2401 3180 2420 3182 —
2466 3195 2630 3250 αὐτοῦ
2662 3193 3170 3259 καταγινώσκοντας
3221 3189 3432 3250 ἄνοιαν,
3484 3185 3647 3236 ἕνεκα
3679 3183 3776 3250 τῆς
3831 3180 4032 3247 ἀλόγου

805 3295 1027 3351 propter
1048 3286 1149 3340 hoc
1172 3301 1200 3339 a
1233 3287 1442 3342 ratione
1479 3287 1712 3342 alienum
1737 3288 2043 3349 consilium,
2077 3303 2134 3342 se
2186 3298 2362 3342 autem

807 3385 935 3429 tunc
965 3375 1373 3444 conspiciendos
1400 3378 1556 3447 plane
1575 3375 1762 3433 felices
1789 3391 1854 3432 ac
1871 3376 2057 3431 beatos
2084 3379 2360 3443 arbitrari,

803 3467 1021 3534 quando
1049 3467 1363 3529 violentam,
1396 3483 1516 3538 qua:
1546 3468 1686 3536 apud
1721 3484 1841 3522 eum
1863 3469 2091 3530 videtur,
2128 3472 2362 3538 Agatho-

806 3553 926 3607 dori
955 3562 1180 3607 mortem
1215 3555 1406 3609 imitati
1456 3555 1653 3609 fuerint
1687 3572 1700 3608 :
1731 3557 1914 3609 relicta
1965 3571 2150 3610 rursus
2177 3572 2363 3611 emen-

806 3643 899 3697 tita
934 3641 1241 3707 clementia,
1273 3643 1337 3698 ad
1366 3644 1414 3698 ei
1442 3654 1755 3701 consuetam
1795 3657 1846 3702 et
1872 3654 2076 3718 gratam
2116 3663 2361 3704 reversus

805 3742 888 3786 est
910 3733 1174 3787 feritatem
1207 3751 1221 3787 :
1258 3743 1313 3787 et
1341 3749 1399 3788 ea
1436 3734 1585 3798 facit,
1619 3751 1740 3804 quas
1776 3738 1943 3804 ipsam
1981 3739 2191 3791 decent.
2222 3737 2362 3791 Lon-

805 3839 870 3892 ge
890 3824 1030 3876 enim
1063 3823 1426 3892 profecturus,
1460 3840 1488 3878 a
1512 3826 1728 3882 civitate
1761 3825 2128 3883 Sardanorum
2163 3827 2362 3897 Perga-

807 3929 950 3965 mum
1025 3928 1193 3981 usque
1227 3911 1378 3980 jubet
1435 3914 1611 3982 ipsum
1665 3917 1816 3983 sequi
1848 3925 2105 3972 sanctos:
2136 3925 2190 3971 et
2220 3921 2362 3985 cogit

804 4018 896 4057 eos
939 4005 1054 4070 pari
1105 4018 1264 4071 passu
1291 4004 1517 4073 pedibus
1548 4020 1767 4062 currere
1797 4021 1918 4062 cum
1949 4009 2105 4076 equis
2131 4010 2363 4076 pernici-

805 4096 926 4156 bus,
981 4099 1039 4146 ut
1069 4089 1252 4148 labore
1285 4107 1479 4150 cursus
1525 4093 1822 4166 defatigati,
1843 4096 1970 4166 quid
2003 4097 2169 4163 aliud,
2201 4111 2363 4165 quam

805 4183 957 4236 inviti
989 4193 1328 4238 mutarentur
1355 4194 1408 4239 et
1444 4189 1898 4256 persuaderentur
1941 4189 2168 4244 adorare
2196 4191 2362 4243 simu-

801 4272 949 4326 lacra
972 4271 994 4324 ?
1019 4271 1202 4324 Sancti
1233 4280 1436 4336 autem,
1466 4275 1609 4340 quod
1634 4290 1738 4330 non
1767 4290 1915 4334 esset
1936 4280 2108 4349 maior
2142 4293 2359 4346 cursus,

803 4379 921 4418 eam
955 4377 1067 4419 rem
1104 4361 1490 4419 existimabant
1517 4367 1798 4424 detrahere
1833 4371 1899 4427 de
1946 4372 2239 4440 voluptate.
2271 4372 2361 4428 Sic

2469 3287 2779 3357 συμϐουλῆς
2811 3285 3038 3351 ταύτης,
3064 3281 3261 3344 αὐτοὺς
3286 3280 3342 3332 δὲ
3375 3279 3494 3330 τότε
3518 3275 3793 3346 ζηλωτοὺς
3827 3271 4034 3342 μᾶλλον

2465 3380 2559 3434 καὶ
2611 3376 2912 3447 μακαρίους
2949 3371 3303 3442 ὀφθήσεσθαι,
3365 3369 3455 3422 ὅτε
3492 3368 3582 3420 τὸν
3611 3364 3871 3419 δοκοῦντα
3894 3363 4032 3432 παρ’

2465 3468 2611 3538 αὐτῷ
2654 3469 2828 3538 βίαιον
2867 3465 3097 3520 θάνατον
3158 3463 3251 3516 τοῦ
3293 3457 3664 3528 Ἀγαθοδώρου
3707 3457 4031 3528 μνήσονται,

2464 3561 2744 3616 ἀπολιπὼν
2764 3561 2924 3614 πάλιν
2952 3560 3048 3629 τὴν
3072 3557 3411 3628 ἐψευσμένην
3435 3552 3867 3622 φιλανθρωπίαν,
3889 3549 4033 3620 πρὸς

2463 3656 2559 3723 τὴν
2582 3654 2726 3721 αὐτῷ
2760 3653 2964 3720 συνήθη
3001 3653 3091 3702 καὶ
3118 3650 3279 3717 φίλην
3314 3646 3583 3712 ἐπανῆλθε
3614 3641 3908 3712 θηριωδίαν
3935 3641 4032 3693 καὶ

2462 3745 2531 3797 τα
2562 3743 2905 3810 προσήκοντα
2932 3741 3102 3792 ταῦτα
3159 3740 3341 3789 ποιεῖ’
3395 3734 3614 3806 μακρὰν
3666 3732 3774 3802 γὰρ
3809 3731 4030 3783 ὁδοιπο-

2466 3834 2587 3906 ρίαν
2609 3831 2920 3887 στείλασθαι
2954 3830 3166 3899 μέλλων
3193 3827 3298 3882 ἁπδ
3331 3828 3428 3895 τῆς
3461 3822 3771 3894 Σαρδιανῶν
3813 3821 4032 3885 πόλεως

2463 3925 2599 3992 πρὸς
2635 3923 2734 3990 τήν
2785 3923 3099 3990 Πέργαμον,
3148 3917 3460 3972 ἀκολουθεῖν
3488 3912 3638 3983 αὐτῷ
3663 3911 3879 3966 κελεύει
3934 3911 4034 3964 καὶ

2463 4013 2589 4072 τοὺς
2617 4011 2808 4076 ἁγίους
2829 4010 2924 4062 καὶ
2969 4009 3047 4077 τῷ
3069 4007 3221 4077 τάχει
3245 4007 3353 4059 τῶν
3393 4007 3574 4059 ἵππων
3605 4003 3922 4071 συντρέχειν
3965 4002 4034 4054 ὲκ

2464 4102 2621 4165 ποδὸς
2652 4100 2972 4169 ἀναγκάζει,
3005 4098 3090 4152 ἵνα
3121 4100 3256 4168 πρὸς
3287 4098 3378 4150 τὸν
3407 4098 3470 4148 ἐκ
3502 4093 3596 4148 τοῦ
3628 4095 3828 4164 δρόμου
3859 4093 4032 4145 κόπον

2464 4193 2942 4264 ἀπαγορεύσαντες
2982 4193 3070 4262 (τί
3100 4207 3163 4258 γε
3190 4190 3316 4242 ἄλλο
3339 4187 3390 4255 ;)
3417 4187 3448 4254 ἢ
3478 4187 3571 4237 καὶ
3601 4185 3827 4244 ἄκοντες
3855 4199 4033 4250 μετα-

2463 4286 2712 4338 ὕάλοιντο
2745 4284 2839 4336 καὶ
2869 4283 3166 4344 πεισθεῖεν,
3210 4276 3403 4330 εῐδωλα
3424 4275 3769 4344 προσκυνεῖν.
3790 4273 3851 4324 Οἱ
3878 4271 4034 4339 ἅγιοι

2463 4373 2539 4438 δὶ,
2578 4375 2660 4426 ὅτι
2685 4372 2765 4443 μὴ
2790 4373 2884 4424 καὶ
2904 4370 3102 4424 πλείων
3129 4371 3156 4424 ὁ
3181 4367 3378 4439 δρόμος
3401 4361 3489 4437 ἦν,
3523 4364 3713 4432 ἡδονῆς
3744 4361 3942 4430 ὕφεσιν
3971 4363 4034 4414 τὸ

803 4455 1061 4526 ἣυῖάτίυίά
1115 4470 1338 4531 propter
1391 4461 1664 4518 Christum
1725 4461 2076 4528 inferebatur,
2101 4479 2202 4518 non
2240 4444 2465 4520 mo—D‘

2384 4444 2438 4504 Ῑ)
2464 4464 2694 4533 πρᾶγμα
2729 4460 2961 4534 ἡγοῦντο
2983 4477 2996 4490 ’
3027 4460 3172 4516 οὕτω
3201 4463 3311 4513 πᾶν
3344 4459 3405 4511 τὸ
3433 4456 3517 4509 διὰ
3558 4457 3789 4524 Χριστὸν
3824 4455 4035 4522 ἑπαγό-

802 4546 1035 4615 lestiam,
1064 4551 1155 4604 sed
1202 4565 1450 4622 magnam
1498 4555 1675 4623 potius
1699 4553 1960 4609 afferebat
1999 4553 2260 4620 latitiam,
2301 4563 2360 4610 ut

805 4639 946 4706 quod
978 4648 1121 4694 esset
1151 4640 1233 4696 eis
1273 4656 1462 4710 magna
1493 4644 1878 4698 demonstratio
1899 4645 1980 4700 sui
2007 4647 2056 4699 in
2083 4646 2354 4703 Christum

804 4727 1073 4783 desiderii.

869 4819 932 4872 Χ.
967 4819 1096 4874 Cum
1122 4836 1248 4892 ergo
1298 4825 1349 4876 in
1396 4823 1527 4877 tanti
1569 4837 1763 4879 cursus
1794 4821 1974 4879 labore
1997 4823 2140 4877 diem
2179 4831 2357 4880 trans-

801 4911 1059 4978 egisseut,
1127 4923 1288 4981 atque
1332 4913 1398 4966 ad
1453 4911 1694 4968 dolorem
1723 4914 2004 4967 vulnerum
2032 4928 2249 4968 suorum
2278 4915 2361 4986 (ut

797 5017 922 5056 cum
949 5003 1134 5059 divino
1159 5004 1320 5060 David
1357 5007 1531 5060 dicam
1568 5006 1609 5072 ')
1635 5005 1736 5062 hoc
1777 5021 1990 5075 quoque
2004 5009 2241 5064 esseteis
2262 5010 2358 5063 ad-

802 5096 996 5158 ditum,
1021 5095 1290 5165 simulque
1322 5106 1607 5152 consecuta
1643 5096 1836 5151 fuisset
1875 5099 2145 5164 custodia,
2169 5107 2222 5153 et
2253 5115 2356 5154 nos

794 5185 907 5251 jam
936 5186 1298 5250 adventasset,
1323 5187 1562 5259 angelica
1587 5187 1828 5255 quaedam
1877 5197 1932 5242 et
1973 5189 2153 5243 divina
2191 5190 2359 5245 virtus

800 5276 878 5327 eis
929 5289 1212 5345 apparens,
1245 5279 1453 5333 curavit
1488 5293 1669 5332 eorum
1715 5277 1955 5343 vulnera,
1983 5290 2037 5334 et
2091 5280 2154 5333 ad
2188 5291 2353 5335 certa-

804 5364 950 5416 mina
1004 5366 1345 5434 suseipienda
1382 5368 1464 5423 eis
1498 5367 1754 5436 majorem
1815 5367 2008 5423 indidit
2049 5369 2212 5424 animi
2239 5370 2351 5428 all-

805 5452 1071 5502 eritatetn.
1105 5454 1236 5508 Cum
1267 5471 1396 5525 ergo
1428 5473 1584 5513 mane
1617 5463 1939 5516 surrexisset
1975 5463 2240 5528 Valerius,
2265 5463 2351 5530 ju-

814 5538 973 5592 bebat
1029 5555 1122 5593 eos
1171 5545 1393 5610 ingredi,
1427 5549 1491 5602 ab
1532 5549 1764 5604 laborem
1811 5553 2141 5606 solummodo
2171 5564 2224 5607 et
2261 5553 2354 5606 lte-

887 5693 906 5723 ‘
934 5691 1068 5744 Psal.
1119 5709 1296 5757 Lsnu,
1336 5697 1422 5748 ‘27.

2464 4569 2626 4622 μενον
2659 4555 2719 4608 οὐ
2740 4544 2945 4623 λύπην,
2990 4552 3124 4606 ἀλλὰ
3175 4550 3376 4622 πολλὴν
3428 4547 3627 4619 μᾶλλον
3659 4544 3893 4600 ἐνεποίει
3930 4544 4034 4614 τὴν

2458 4647 2823 4715 εὐφροσύνην,
2853 4642 3107 4712 καθάπερ
3145 4641 3419 4706 ἀπόδειξις
3452 4639 3635 4701 αὐτοῖς
3684 4636 3777 4690 τοῦ
3825 4631 4033 4688 πολλοῦ

2458 4740 2624 4794 πίθου
2647 4736 2740 4791 τοῦ
2766 4735 3008 4807 πρὸςῖτδν
3042 4733 3250 4801 Ἰησοῦν
3269 4732 3583 4802 γενομένου.

2529 4827 2586 4886 ι’.
2613 4828 2706 4901 τῷ
2737 4828 2868 4898 γοῦν
2889 4827 2982 4880 τοῦ
3016 4825 3269 4879 τοσούτου
3303 4824 3502 4894 δρόμου
3549 4821 3782 4893 καμάτῳ
3833 4821 3924 4892 διη
3936 4840 4035 4893 με-

2460 4918 2748 4988 ρεύσαντες
2797 4917 2890 4971 ἐπὶ
2920 4913 2994 4984 τῷ
3032 4916 3186 4982 ἄλγει
3225 4929 3281 4964 τε
3314 4913 3422 4966 τῶν
3456 4913 3786 4982 τραυμάτων
3814 4913 4031 4975 αὐτῶν,

2459 5010 2597 5065 κατᾶ
2619 5011 2708 5062 τδν
2726 5007 2867 5062 θεῖον
2892 5006 3055 5074 φάναι
3074 5003 3262 5067 Δαυὶδ,
3285 5003 3376 5056 καὶ
3401 5003 3592 5056 τούτου
3627 5003 4034 5072 προστεθέντος

2455 5101 2662 5163 αὐτοῖς,
2708 5094 2826 5151 εἶτα
2857 5098 2950 5151 καὶ
3005 5093 3252 5163 φυλακῆς
3295 5096 3468 5148 ταῦτα
3497 5092 3912 5163 διαδεξαμένης,
3941 5113 4038 5147 νυ-

2456 5194 2581 5257 κτδς
2612 5192 3004 5261 ἐπιγενομένης
3048 5192 3168 5261 ήδη,
3218 5189 3483 5259 ἁγγελική
3530 5205 3612 5250 τις
3654 5187 3750 5240 καὶ
3771 5187 4039 5256 θειοτέρα

2455 5285 2682 5356 δύναμις
2712 5286 2979 5338 ὶπιστᾶσα
3012 5285 3350 5356 ὲθερὰπευσέ
3381 5300 3438 5336 τε
3467 5285 3647 5345 αὐτοῖς
3678 5282 3776 5342 τὰς
3806 5281 4036 5352 πληγὰς

2459 5379 2554 5431 καὶ
2597 5377 2817 5447 μείζονα
2837 5378 2972 5448 πρὸς
2993 5380 3118 5440 τοὺς
3141 5379 3355 5448 ἀγῶνας
3377 5377 3474 5447 τὴν
3505 5373 3810 5445 προθυμίαν
3834 5374 4035 5443 hiet;-

2460 5485 2575 5521 κεν.
2609 5469 2900 5539 Οὐαλέριος
2926 5471 3125 5534 τοίνυν,
3160 5469 3328 5523 ῑωθεν
3358 5470 3617 5531 ἀναστὰς,
3647 5465 3892 5537 βαδίζειν
3925 5466 4032 5520 αὐ-

2461 5560 2583 5618 τοὺς
2612 5560 2824 5611 ἰκέλευε
2865 5562 2995 5635 πρὸς
3034 5563 3125 5614 τὸν
3162 5563 3317 5615 πόνον
3365 5560 3547 5622 ἀτελῶς
3580 5562 3669 5613 καὶ
3701 5560 3798 5631 την
3835 5559 4030 5614 ταλαι-
