4208 6300
162 342 239 406 il'l

1160 347 1336 407 VI'I’A
1379 350 1439 408 S.
1486 350 1711 411 CARPI
1760 353 1853 414 ET
1898 354 2320 417 SOCIORUM.

3244 356 3346 419 118

158 459 335 528 πωρίαν
364 458 461 526 τῆς
523 458 648 527 χθὲς
679 458 889 528 ἡμέρας
944 458 1279 512 ἀποσκοπῶν
1330 462 1424 514 καὶ
1449 461 1691 531 οίόμενος

1795 475 1988 521 sternte
2020 468 2126 523 diei
2155 468 2423 539 aspiciens
2443 469 2802 532 aﬂlictionem,
2832 478 2884 523 et
2907 470 3224 525 existimans
3253 484 3347 523 eos

156 551 281 619 μόλις
305 549 372 603 ἀν
412 550 508 602 καὶ
533 549 971 619 βασταζομένους
990 550 1091 619 τὴν
1119 551 1238 604 ὁδὸν
1272 551 1465 605 ἀνύσαι
1490 570 1503 583 ·
1536 554 1608 617 ὡς
1634 556 1689 608 δὲ

1795 555 1876 608 vis
1907 558 2121 612 tandem
2155 567 2395 628 portatos
2443 560 2547 614 iter
2581 574 2728 628 posse
2755 560 3047 615 coniicere.
3077 561 3213 614 Cum
3248 576 3343 613 su-

154 642 297 704 οὖτως
330 641 559 710 έχοντας
615 642 964 714 ἐρρωμένους
1025 642 1193 711 ἐώρα,
1255 642 1347 696 καὶ
1390 644 1456 696 τὰ
1492 645 1695 697 τούτων

154 733 387 804 πρόσωπα
416 734 675 787 θάλλοντα
702 733 903 801 μᾶλλον
936 733 1044 785 τῶν
1073 732 1314 804 λουτροῖς
1350 737 1442 787 καὶ
1476 737 1693 790 ἀνέσεσι

154 828 230 877 καὶ
255 825 579 895 σκιατραφίᾳ
599 825 863 893 διηνεκῶς
894 826 1327 896 προσκειμένων,
1362 828 1609 897 γοητείαν
1632 828 1690 881 τὸ

152 918 355 985 πρᾶγμα
387 918 571 969 έκάλει
592 918 619 969 ό
650 916 923 985 δαιμόνων
950 917 1165 988 ἀληθῶς
1194 919 1462 987 ἔμπλεως,
1486 921 1583 976 καὶ
1605 921 1690 973 διὰ

152 1006 283 1059 τοῦτο
330 1007 426 1058 καὶ
484 1007 798 1076 προσετίθει
853 1011 967 1071 τοῖς
1022 1010 1317 1072 ἐπιπόνοις,
1374 1010 1690 1080 θεραπεύων

152 1095 302 1164 ἐαυτῷ
330 1098 421 1148 τὸν
484 1096 655 1165 θυμὸν
706 1098 800 1151 καὶ
829 1098 1035 1167 σιδήρῳ
1072 1098 1139 1150 τὰ
1188 1099 1321 1168 μέλη
1354 1101 1688 1169 πανταχόθεν

152 1186 527 1256 βαρυνομένους
560 1187 779 1240 ἀκέλευε
824 1188 984 1241 πάλιν
1007 1187 1230 1240 ὁδεύειν.
1277 1190 1427 1242 Ἐπεὶ
1455 1191 1510 1243 δὲ
1536 1185 1689 1256 οὗτός

151 1291 199 1327 τε
223 1277 455 1330 κάκεῖνοι
485 1279 544 1332 ιν
588 1279 669 1348 τῷ
695 1278 991 1350 ὡρισμένῳ
1035 1283 1291 1349 γεγόνασι
1316 1283 1486 1352 τόπῳ,
1520 1283 1688 1349 θύσας

148 1366 368 1435 δαίμοσιν
396 1368 712 1440 Οὐαλέριος,
739 1370 834 1423 ἐπὶ
862 1371 1181 1425 δικαστικοῦ
1208 1373 1447 1443 βήματος
1486 1392 1689 1444 προκα-

149 1458 267 1521 θίξει
287 1460 374 1514 καὶ
395 1460 490 1515 τὸν
520 1463 793 1532 μακάριον
821 1466 1316 1534 παραστησάμενος
1347 1466 1571 1534 Κάρπον
1597 1469 1689 1520 καὶ

147 1551 411 1618 πρόσωπον
467 1552 709 1621 περιθεὶς
754 1552 932 1623 ἑαυτῷ
985 1555 1174 1608 πιστοῦ
1212 1573 1356 1619 τινος
1410 1557 1564 1623 φίλου
1596 1560 1688 1610 καὶ

147 1640 331 1711 θερμὴν
358 1642 578 1712 ἔχοντος
606 1643 704 1713 τὴν
757 1646 887 1715 περὶ
940 1645 1109 1698 αὑτοῦ
1147 1646 1442 1717 μέριμναν·
1494 1650 1688 1721 Ἐχρῆν

146 1732 248 1800 μιν,
278 1728 449 1797 εἶπεν,
476 1734 793 1801 αίδούμενόν
848 1753 907 1789 σε
958 1737 1057 1807 τὴν
1087 1737 1286 1808 πολλὴν
1318 1740 1473 1809 ἡμῶν
1518 1742 1687 1794 smel-

146 1838 298 1885 κείαν,
328 1824 638 1893 αὐτόματον
668 1827 909 1898 ὁρμῆσαι
943 1828 1080 1897 πρὸς
1128 1829 1188 1881 τὸ
1237 1830 1401 1882 καλὸν
1456 1831 1549 1884 καὶ
1577 1834 1689 1895 τοῖς

148 1912 400 1980 μεγίστοις
433 1912 600 1967 θῦσαι
624 1914 796 1976 θεοῖς’
837 1915 932 1969 νῦν
959 1916 1017 1969 δὲ
1063 1917 1157 1969 καὶ
1206 1918 1693 1987 παρακαλούμενος

149 2002 268 2067 πρὸς
294 2002 449 2054 τοῦτο
477 2006 573 2055 καὶ
614 2003 1096 2073 εὐεργετούμενος,
1143 2009 1219 2069 ὡς
1244 2008 1373 2078 ὁρῶ,
1407 2010 1527 2062 οὐδὲ
1554 2010 1690 2081 βρα-

142 2092 276 2162 χεῖάν
305 2108 424 2146 τινα
454 2092 617 2163 χάριν
648 2095 830 2157 αὐτοῖς
855 2096 1021 2150 ἀπονὲ
1032 2113 1173 2165 μεις,
1209 2098 1344 2152 ἀλλά
1362 2099 1458 2153 τοῦ
1488 2101 1690 2155 οἰκείου

144 2181 494 2252 συμφέροντος
525 2181 748 2253 ἀμελεῖς
769 2200 782 2215 ’
814 2184 925 2238 ἰδοὺ
960 2184 1071 2257 γὰρ
1100 2179 1247 2240 οὗτοι
1276 2205 1335 2241 σε
1374 2187 1469 2242 τοῦ
1506 2192 1690 2262 γήρως

140 2275 511 2345 οἰκτείραντες,
532 2277 919 2349 ἀταλαίπωρόν
943 2296 1025 2333 σοι
1048 2281 1304 2349 διέθηκαν
1326 2283 1425 2354 τὴν
1444 2287 1687 2354 πορείαν

142 2366 283 2429 αὐτὸς
310 2366 367 2420 δὲ
395 2368 500 2421 οὐκ
526 2363 623 2423 οἶδ’
658 2371 740 2423 ὅτι
766 2369 957 2424 παθὼν
984 2370 1255 2442 ἀγνώμων
1306 2390 1365 2426 τε
1400 2375 1529 2444 περὶ
1569 2379 1693 2439 τοὺς

140 2458 411 2527 εὐεργέτας
438 2459 638 2530 έλέγχῃ
670 2460 763 2513 καὶ
784 2463 933 2530 ημᾶς
951 2463 1007 2513 ὲν
1034 2463 1223 2529 μηδενὶ
1251 2462 1531 2530 τιθέμενος
1557 2468 1693 2533 πρὸς

141 2547 226 2615 τὴν
252 2548 472 2602 ἐκείνων
502 2550 792 2620 ὀλιγωρεῖς
826 2551 1128 2621 θεραπείαν
1149 2570 1160 2582 ·
1193 2551 1419 2620 θέλησον
1442 2554 1569 2621 γοῦν
1591 2556 1693 2608 κᾶν

142 2638 252 2707 ἄρτι
285 2639 611 2694 κατανεῦσαι
644 2644 735 2695 καὶ
770 2643 1194 2714 συμϐουλεύοντί
1227 2662 1315 2715 μοι
1348 2648 1416 2700 τὰ
1443 2647 1692 2717 λυσιτελῆ

82 2771 96 2795 ,
140 2729 429 2800 ¹κεισθῆναι,
484 2730 561 2795 ὡς
620 2734 785 2807 έμὲή
839 2738 906 2805 σὴ
944 2736 1185 2789 δυσωπεῖ
1224 2736 1385 2789 πολιὰ
1428 2738 1519 2789 καὶ
1549 2738 1694 2811 λύπῃ

138 2822 266 2893 δεινῇ
302 2825 605 2895 συνέχομαι
664 2827 760 2880 καί
799 2826 990 2897 ὥσπερ
1052 2829 1153 2881 οὐκ
1216 2828 1522 2896 ἀλλοτρίαν,
1580 2830 1694 2882 ἀλλ’

140 2915 359 2982 ἐμαυτοῦ
410 2917 701 2985 συμφορὰν
755 2918 816 2969 τό
866 2918 957 2970 σὸν
1008 2921 1390 2989 ἀνακλαίομαι.
1456 2921 1614 2976 Ἀλλά
1644 2922 1695 2975 τί

138 3003 310 3068 πάθω;
341 3000 491 3066 οἶδας
523 3007 654 3074 γὰρ.
691 3007 773 3059 ὅτι
798 3008 917 3059 λίαν
948 3007 1123 3070 οὕτως
1153 3011 1573 3081 ὑπερορώμενος
1592 3015 1697 3069 οὐκ

134 3094 395 3165 ἀνέξομαι,
430 3097 479 3150 εί
510 3096 701 3169 καὶμὴ
724 3098 795 3151 δι’
819 3100 1073 3168 ἐμαυτὸν,
1107 3099 1242 3153 ἀλλά
1264 3116 1326 3168 γε
1359 3102 1446 3155 διὰ
1478 3103 1577 3173 τὴν
1609 3108 1690 3169 εἰς

138 3185 245 3246 τοὺς
276 3184 428 3251 θεοὺς
456 3186 641 3257 ὓϐριν.

195 3278 291 3331 1Δ’.
327 3279 470 3347 Πρὸς
511 3278 680 3331 ταῦτα
711 3281 738 3332 ό
769 3279 909 3339 θεῖος
939 3280 1203 3349 Κάρπος·
1235 3282 1549 3353 Συμδουλὴν
1584 3284 1694 3337 ἀπὸ

135 3368 319 3437 φωτός,
342 3370 467 3439 εφη,
494 3369 635 3439 πρὸς
670 3370 859 3433 σκότος
909 3371 1002 3422 καὶ
1036 3371 1143 3423 ἀπὸ
1180 3370 1323 3439 ζωῆς
1358 3376 1495 3441 πρὸς
1529 3375 1695 3428 θάναο

134 3477 215 3514 τον
243 3462 479 3527 ἄγουσαν
506 3462 609 3514 οὐκ
636 3460 702 3515 ἄν
724 3478 807 3527 τις
839 3462 1101 3534 λογισμοῦ
1132 3463 1319 3536 κύριος
1362 3466 1691 3538 συμϐουλὴν,

133 3550 234 3605 ἀλλ’
262 3552 389 3606 αὐτὸ
411 3551 598 3617 τοῦτο,
631 3553 768 3625 ὅπερ
799 3555 972 3619 ἐστὶν,
1000 3555 1293 3627 ἐπιϐουλὴν
1326 3556 1581 3627 όνομάσοι
1601 3576 1616 3592 ·
1644 3562 1690 3613 εί

135 3640 184 3696 δὲ
213 3646 303 3699 καὶ
328 3648 361 3719 ἡ
396 3648 507 3718 έμή
545 3663 610 3699 σε
633 3647 873 3699 δυσωπεῖ
902 3646 1083 3713 πολιὰ,
1116 3649 1167 3701 τί
1196 3649 1256 3702 τὸ
1282 3650 1595 3718 έμποδίςον,
1619 3652 1694 3723 μὴ

134 3736 217 3790 καὶ
268 3738 325 3791 σε
359 3737 663 3807 πεισθῆναι
706 3737 907 3806 μᾶλλον
951 3738 1076 3808 ἐμοὶ
1134 3739 1418 3809 πατρικῶς
1454 3742 1693 3810 συμϐου-

135 3829 356 3896 λεύοντι;
397 3832 529 3885 Ὀτι
579 3829 638 3883 δὲ
691 3830 748 3884 σε
782 3832 850 3907 τά
879 3830 987 3899 ὶμά
1038 3830 1217 3890 λυπεῖ,
1249 3829 1359 3897 ἐγὼ
1403 3831 1461 3886 σε
1497 3833 1696 3902 μᾶλλον

134 3920 371 3991 οἰκτείρω
394 3922 497 3991 τῆς
522 3920 825 3985 ἀπωλείας,
862 3922 955 3975 καὶ
990 3922 1150 3991 δῆλός
1189 3923 1306 3992 ειμι
1328 3923 1538 3995 (ἠφίλη
1570 3925 1699 3978 ῐστω

136 4011 375 4083 ἀλήθεια)
409 4010 817 4081 συναχθόμενός
872 4027 965 4065 σου
1012 4014 1078 4083 τῇ
1130 4014 1407 4083 συμφορᾷ,
1440 4013 1699 4077 τοιούτοις

136 4104 528 4173 προσκειμένου
563 4102 707 4165 θεοῖς
760 4104 853 4154 καὶ
879 4102 1072 4170 ψεῦδος
1094 4103 1189 4171 τὴν
1220 4105 1410 4157 ἐλπίδα
1440 4106 1693 4173 θεμένου,

134 4192 189 4246 τὸ
211 4194 306 4264 τῆς
350 4193 508 4256 θείας
555 4192 723 4259 φάναι
778 4190 816 4242 Γ
820 4192 1000 4262 ραφῆς
1064 4192 1177 4261 οἵγε
1205 4193 1322 4257 πῶς
1353 4194 1419 4247 ἀν
1467 4212 1595 4247 ποτε
1622 4195 1700 4249 δι-

1721 3059 1764 3117 C

1792 654 1900 699 tem
1924 647 2151 705 vidisset
2172 650 2291 706 illos
2325 652 2458 706 adeo
2486 652 2726 707 valentes
2766 662 2818 705 et
2847 652 3116 714 robustos,
3144 665 3197 706 et
3235 655 3352 707 vul-

1792 743 1876 791 tus
1906 752 2093 794 eorum
2130 755 2233 795 non
2261 742 2438 798 minus
2463 740 2613 797 laetos
2641 753 2697 796 et
2726 742 2955 807 alacres,
2980 757 3138 810 quam
3159 757 3348 794 eorum

1790 832 1879 900 qui
1914 842 2137 887 utuntur
2182 835 2398 891 assidue
2455 836 2707 900 lavacris,
2744 844 2798 889 et
2834 838 2995 889 vitam
3032 844 3192 903 agunt
3229 850 3350 891 nm-

1789 922 2061 990 bratilem,
2092 940 2210 979 eam
2244 942 2355 980 rem
2381 929 2604 979 vocabat
2627 927 2949 996 praestigias,
2970 927 3059 993 qui
3084 941 3210 980 vere
3229 932 3348 978 erat

1790 1015 1975 1080 plenus
2006 1016 2339 1071 daemonibus
2376 1034 2389 1069 :
2418 1029 2472 1070 et
2501 1018 2619 1071 ideo
2652 1018 2968 1085 ampliorem
3000 1018 3079 1070 eis
3106 1016 3349 1085 adiunxit

1787 1104 2066 1171 dolorem;
2102 1120 2223 1160 nam
2254 1122 2440 1162 eorum
2469 1108 2723 1161 membris
2754 1106 2903 1161 ferro
2926 1106 3070 1159 omni
3095 1122 3159 1161 ex
3199 1100 3349 1171 parte

1789 1197 2044 1266 gravatis,
2099 1198 2261 1269 jussit
2316 1213 2413 1253 eos
2464 1214 2651 1253 rursus
2679 1198 2817 1252 viam
2858 1198 3012 1251 inire.
3048 1198 3344 1264 Postquam

1790 1297 1969 1342 autem
2022 1299 2075 1344 et
2110 1292 2246 1359 ipse,
2284 1300 2337 1345 et
2359 1290 2433 1346 illi
2465 1290 2517 1344 in
2558 1291 2675 1345 loco
2702 1291 2849 1345 l'uere
2876 1291 3195 1360 praestituto,
3225 1303 3349 1341 cum

1789 1379 2123 1436 daemonibus
2156 1381 2516 1438 sacriﬁcasset
2555 1380 2822 1443 Valerius,
2858 1382 2909 1435 in
2944 1379 3194 1433 tribunali
3218 1393 3353 1445 pra:-

1789 1469 1925 1522 sidet
1949 1468 2211 1534 judiciali.
2242 1469 2307 1523 Et
2337 1487 2456 1525 cum
2488 1473 2702 1526 beatum
2745 1471 2978 1539 Carpum
3013 1467 3128 1522 sisti
3161 1481 3349 1520 curas-

1788 1568 1891 1621 set,
1940 1569 1993 1611 et
2045 1558 2217 1613 ﬁdelis
2250 1561 2480 1628 alicujus
2542 1562 2702 1614 amici
2750 1574 3037 1631 personam
3064 1558 3355 1620 induisset,

1789 1660 1840 1705 et
1873 1650 1961 1719 qui
1994 1651 2061 1704 de
2103 1652 2218 1719 ipso
2251 1661 2371 1706 erat
2409 1652 2695 1706 admodum
2729 1651 3031 1705 sollicitos:
3062 1648 3355 1716 Oportebat

1795 1742 2035 1810 quidem,
2088 1742 2245 1806 dixit,
2278 1752 2331 1797 te
2380 1752 2620 1799 nostram
2678 1750 3012 1797 reverentem
3050 1738 3356 1798 lenitatem,

1799 1845 1883 1886 tua
1916 1844 2104 1902 sponte
2132 1837 2318 1890 venire
2356 1836 2419 1888 ad
2444 1832 2519 1898 id,
2545 1832 2684 1903 quod
2714 1845 2798 1887 es:
2858 1833 3053 1886 bonum
3083 1837 3139 1882 et
3181 1828 3353 1881 hone-

1793 1936 1955 1987 stum,
2012 1934 2066 1977 et
2108 1926 2210 1978 diis
2254 1925 2562 1979 sacrillcare
2624 1924 2894 1978 maximis.
2952 1920 3101 1974 Nunc
3149 1932 3355 1977 autem,

1791 2027 1910 2064 cum
1947 2023 1999 2065 et
2030 2013 2095 2065 ad
2122 2013 2173 2065 id
2214 2014 2559 2066 suasionibus
2595 2013 2858 2075 inciteris,
2890 2021 2942 2062 et
2985 2010 3241 2063 beneflcio
3267 2009 3350 2059 ai-

1794 2100 2009 2163 liciaris,
2053 2113 2110 2154 ut
2132 2101 2309 2164 video,
2340 2116 2406 2153 ne
2459 2101 2706 2153 minimas
2732 2101 2946 2166 quidem
2978 2098 3056 2149 eis
3085 2096 3199 2161 agis
3226 2111 3352 2161 gra-

1794 2192 1894 2245 tias
1926 2210 1940 2246 :
1970 2192 2066 2247 sed
2125 2191 2354 2263 negligis
2395 2187 2470 2256 id,
2502 2190 2644 2259 quod
2704 2200 2788 2244 est
2848 2186 2943 2241 tibi
2987 2185 3346 2241 conducibile.

1795 2281 1933 2336 Ecce
1960 2282 2101 2336 enim
2128 2283 2181 2335 lii
2209 2292 2313 2337 tua:
2341 2287 2660 2337 miserentes
2689 2281 3003 2343 senectutis,
3031 2277 3349 2339 ell‘ecerunt,

1795 2382 1851 2425 ut
1881 2374 1981 2426 iter
2010 2386 2295 2441 perageres
2318 2374 2522 2439 absque
2550 2370 2856 2425 amictione.
2879 2370 2997 2437 ipse
3032 2377 3232 2431 autem,
3252 2383 3349 2420 ne-

1793 2464 1909 2516 scio
1934 2463 2223 2530 quomodo,
2255 2472 2307 2515 et
2337 2462 2579 2531 ingratus
2623 2475 2744 2516 esse
2778 2460 3115 2516 convinceris
3150 2459 3200 2512 in
3234 2469 3356 2510 tuos

1792 2549 2188 2613 benefactores,
2225 2560 2277 2605 et
2301 2564 2399 2605 nos
2430 2551 2581 2604 nihili
2611 2550 2837 2616 faciens,
2882 2551 3094 2605 illorum
3150 2550 3352 2603 cultum

1793 2641 2045 2711 despicis.
2079 2641 2218 2696 Veiis
2246 2655 2373 2711 ergo
2427 2656 2572 2696 nunc
2606 2642 2799 2696 saltem
2846 2657 3106 2705 annuere,
3134 2652 3188 2695 et
3221 2640 3353 2693 milii

1795 2735 2016 2790 credere
2048 2734 2344 2789 consulenti
2376 2748 2462 2796 ea,
2502 2748 2621 2804 qua
2661 2744 2783 2789 sunt
2809 2734 2983 2789 utilia.
3014 2732 3180 2787 Tuam
3208 2733 3351 2787 enim

1795 2840 2047 2881 revereor
2080 2826 2338 2881 canitiem
2370 2836 2425 2881 et
2454 2842 2646 2895 magno
2679 2827 2863 2881 dolore
2887 2827 3113 2889 alliciar,
3147 2837 3202 2880 et
3236 2836 3375 2878 tan-~

1795 2930 1956 2984 quant
2005 2931 2112 2969 non
2157 2916 2411 2978 alienam,
2446 2918 2540 2969 sed
2594 2930 2793 2980 meam,
2822 2925 2965 2969 tuam
3014 2918 3184 2969 deﬂeo
3214 2917 3377 2969 calam

1801 3009 2062 3062 mitatem.
2103 3006 2208 3063 Sed
2236 3008 2363 3078 quid
2420 3006 2621 3077 agam?
2657 3004 2778 3061 Scis
2831 3006 2997 3069 enim,
3058 3007 3198 3075 quod
3233 3020 3361 3060 cum

1797 3100 1931 3153 adeo
1954 3099 2246 3169 despiciar,
2270 3117 2374 3156 non
2400 3100 2592 3165 ieram,
2614 3102 2657 3156 si
2683 3116 2787 3156 non
2813 3108 3031 3170 propter
3055 3100 3357 3168 meipsum,

1796 3202 1849 3245 at
1880 3201 2098 3259 pmpter
2120 3196 2340 3247 deorum
2372 3194 2778 3248 contumeliam.

1868 3281 1956 3336 XI.
1986 3283 2065 3336 Ad
2105 3282 2220 3339 haec
2249 3282 2461 3339 divinus
2492 3282 2727 3353 Carpus:
2765 3283 3062 3336 Consilium
3090 3326 3106 3349 ,
3142 3284 3357 3351 inquit,

1795 3377 1936 3447 quod
1970 3391 1998 3430 a
2030 3374 2149 3431 luce
2177 3375 2241 3430 ad
2266 3376 2534 3443 tenebras,
2568 3386 2623 3431 et
2651 3391 2679 3429 a
2705 3377 2806 3431 vita
2838 3376 2986 3431 ducit
3008 3377 3073 3430 ad
3105 3387 3361 3441 mortem,

1798 3482 1975 3532 nemo,
2007 3469 2094 3535 qui
2128 3466 2290 3521 inerit
2320 3484 2541 3537 compos
2560 3470 2776 3533 mentis,
2809 3470 3112 3537 consilium,
3132 3471 3221 3524 sed
3249 3468 3353 3523 idi-

1797 3571 1973 3626 psum,
2008 3555 2151 3624 quod
2172 3566 2273 3618 est,
2306 3557 2616 3621 nominarit,
2642 3557 2887 3610 insidias.
2922 3558 3075 3622 Quod
3107 3562 3150 3610 si
3187 3573 3360 3611 meam

1800 3648 2053 3701 reveretis
2074 3647 2351 3714 canitiem,
2386 3646 2512 3717 quid
2549 3648 2789 3717 impedit,
2827 3646 3110 3717 quominus
3142 3657 3192 3699 tn
3230 3649 3359 3700 milii

1798 3738 1968 3809 magis
2006 3739 2195 3791 credas
2225 3749 2443 3806 paterne
2495 3739 2830 3793 consulenti?
2878 3739 3029 3804 Quod
3079 3748 3256 3793 autem
3303 3746 3359 3796 tu

1799 3848 1863 3887 ex
1897 3844 1983 3886 me
2016 3830 2252 3885 dolorem
2287 3830 2506 3897 accipis,
2536 3844 2633 3898 ego
2664 3830 2830 3899 magis
2858 3830 2931 3883 tui
2972 3831 3236 3885 misereor
3275 3830 3358 3883 in-

1802 3922 2012 3984 teritus,
2041 3931 2096 3975 et
2127 3928 2310 3990 aperte
2343 3929 2487 3973 tuam
2522 3919 2666 3990 (hoc
2719 3922 2857 3976 sciat
2899 3920 3070 3976 amica
3122 3920 3360 3987 veritas)

1799 4027 1939 4082 mgre
1966 4012 2078 4065 fero
2113 4010 2497 4077 calamitatem,
2522 4012 2611 4079 qui
2638 4011 2770 4066 tales
2795 4013 2920 4066 deos
2943 4012 3115 4073 colas,
3137 4020 3189 4065 ct
3211 4026 3362 4079 spem

1801 4104 2044 4172 posueris
2076 4102 2449 4168 mendacium,
2494 4113 2552 4156 ut
2590 4104 2762 4156 dicam
2821 4116 2943 4156 cum
2988 4102 3163 4154 divina
3212 4102 3364 4155 Scri-

1800 4200 1953 4260 ptura
1976 4190 2138 4256 '..Qui
2168 4190 2381 4260 quidem
2415 4190 2862 4257 quemadmodum
2895 4198 3121 4257 possunt
3142 4190 3216 4242 dii
3238 4188 3362 4256 jure

133 4286 287 4348 καίως
320 4285 644 4355 νομισθεὴν
690 4280 825 4346 θεοὶ,
886 4281 1019 4353 ὕλης
1051 4282 1262 4354 ἀψύχου
1307 4283 1457 4347 ὄντες
1482 4286 1574 4338 καὶ
1602 4285 1699 4357 τὴν

1804 4282 2063 4350 reputari,
2095 4295 2219 4335 cum
2243 4280 2352 4334 sint
2378 4295 2443 4335 ex
2474 4280 2709 4335 inanima
2750 4278 2973 4334 materia
2998 4317 3015 4344 ,
3038 4289 3093 4335 et
3121 4281 3187 4335 ad
3217 4280 3320 4335 hoc
3344 4323 3362 4345 ,

135 4374 203 4436 si;
231 4374 289 4426 τὸ
316 4368 458 4426 εῖναι
489 4371 844 4440 παραγωγὴν
873 4372 931 4437 ἐξ
963 4371 1309 4442 ἀνθρωπίνης
1341 4372 1521 4444 χειρὸς
1551 4373 1699 4445 έχον-

1802 4371 1943 4440 quod
1972 4381 2115 4434 sunt,
2144 4370 2548 4439 productionem
2574 4370 2809 4424 habeant
2821 4384 2887 4423 ex
2912 4382 3069 4422 manu
3096 4368 3367 4423 humana?

134 4480 247 4533 τεςς
277 4464 584 4534 Οὐαλέριος
613 4458 706 4515 οὖν
746 4462 919 4525 οῦτως
954 4463 1060 4515 ὑπὸ
1112 4464 1339 4532 Κάρπου
1386 4468 1513 4530 τοὺς
1540 4467 1700 4519 αὑτοῦ

1805 4462 2044 4517 Valerius
2070 4474 2198 4530 ergo
2229 4474 2332 4513 non
2359 4460 2534 4513 ferens
2566 4460 2695 4512 deos
2724 4472 2855 4513 suos
2902 4472 2931 4508 a
2980 4458 3159 4526 Carpo
3188 4498 3204 4524 ,
3264 4462 3367 4514 etsi

136 4555 294 4620 θεοϋς.
348 4556 455 4612 κάν
505 4558 536 4609 0
567 4554 732 4623 λόγος
779 4552 983 4624 ἀληθὴς
1036 4549 1124 4624 ἦν,
1175 4555 1563 4627 ὑϐριζομένους
1606 4561 1705 4612 οὐκ

135 4647 379 4715 ῖνεγκὼν,
420 4645 657 4715 ἀγαθῶν
685 4645 858 4713 λόγων
878 4644 1120 4714 πονηρὰν
1154 4645 1419 4700 ἀντίδοσιν
1448 4649 1704 4702 ἐποιεῖτοο

133 4737 346 4805 έμίσησε
376 4736 488 4804 γὰρ
526 4737 590 4787 εν
648 4733 849 4795 πύλαις
913 4734 1206 4802 ἐλέγχοντα
1239 4737 1411 4805 (κατά
1436 4736 1527 4789 τὸν
1562 4737 1706 4791 θεῖον

145 4826 346 4898 ’Δμῶς)
381 4825 481 4881 καὶ
511 4824 677 4891 λόγον
701 4822 847 4876 ὅσιον
888 4823 1228 4888 ὲὸδελύξατο,
1264 4826 1484 4881 ἐκέλευέ
1510 4845 1569 4881 τε
1610 4830 1702 4881 εὑ-

136 4913 277 4979 θέως,
313 4916 408 4968 καὶ
445 4918 475 4969 ό
534 4913 712 4983 θυμὸς
751 4911 987 4983 ἄμετρος
1032 4910 1122 4984 ἦν,
1152 4914 1246 4967 καὶ
1275 4914 1487 4985 δημίων
1515 4920 1699 4988 χεῖρες

135 4999 265 5075 εἶχον
282 5004 373 5060 τὸν
390 4998 594 5074 ἀγιονλ
619 5002 809 5076 ῥάϐδοι
835 5020 892 5056 τε
917 5005 1078 5058 αὐτὸν
1108 5005 1443 5071 ἀκανθώδεις
1459 5008 1700 5078 ἀνηλεῶς

135 5098 327 5167 ῇκιςον,
349 5098 448 5150 καὶ
476 5098 536 5150 αῖ
584 5098 789 5165 σάρκες
821 5095 1136 5165 ξαινόμεναι
1191 5099 1433 5168 συνεχῶς
1453 5102 1532 5164 είς
1563 5102 1700 5168 ἀέρα

134 5184 547 5254 διεσκεδὰςοντο·
577 5184 678 5236 καὶ
714 5183 872 5253 κόρον
915 5186 971 5237 ὲν
1010 5184 1221 5248 τούτοις
1251 5186 1351 5238 οὐκ
1374 5186 1643 5256 έλάμὸανε
1674 5189 1713 5241 δ

136 5257 309 5347 θύμδς,
369 5280 512 5333 ἀλλά
543 5278 649 5331 καὶ
704 5274 865 5329 πάλιν
909 5276 1086 5347 ἕτεροι
1119 5275 1225 5328 τῶν
1257 5276 1487 5347 δημίων,
1517 5278 1566 5329 οἱ
1602 5278 1702 5346 μὲν

135 5364 617 5438 λαμπάδαςαύτοῦ
654 5366 774 5429 ταῖς
806 5363 1068 5437 πλευραῖς
1107 5366 1369 5435 ἀνῆπτον,
1395 5367 1444 5419 oi
1486 5367 1540 5419 δὲ
1572 5366 1705 5429 ἃλας

136 5461 235 5522 sui;
291 5459 558 5529 μὼλωψιν
620 5455 1007 5525 ἀπανθρώπως
1067 5458 1398 5511 έπέταττον·
1464 5458 1709 5511 ἐντεῦθεν

140 5549 368 5619 αἱμάτων
410 5551 513 5621 μὲν
554 5548 762 5621 ρύακες
810 5548 953 5601 κατά
1004 5548 1097 5601 τοῦ
1159 5550 1388 5619 ἐδάφους
1433 5551 1706 5620 ἐφέροντο,

192 5715 221 5763 1
245 5714 341 5767 lsa.
378 5728 575 5777 nuit,
614 5713 699 5766 13.
780 5712 798 5742 ⁸
827 5713 991 5766 Amos
1014 5728 1066 5772 ν,
1108 5711 1191 5763 l0.

1802 4568 1990 4610 verum
2021 4550 2247 4617 diceret,
2283 4565 2344 4604 ea
2377 4549 2601 4605 allectos
2631 4549 2959 4604 contumelia
2979 4586 2994 4611 ,
3033 4547 3170 4602 bona
3203 4547 3364 4602 verba

1803 4645 1940 4698 male
1966 4649 2050 4699 est
2083 4649 2480 4696 remuneratus.
2518 4639 2654 4693 0dio
2688 4638 2829 4692 enim
2864 4639 3049 4693 habuit
3095 4637 3147 4692 in
3196 4639 3369 4708 portis

1802 4734 2309 4804 reprehendentem,
2336 4739 2351 4799 (
2376 4741 2433 4785 ut
2457 4730 2671 4785 divinus
2702 4731 2831 4785 dicit
2855 4733 3019 4782 Amos
3054 4731 3113 4795 ⁵)
3141 4741 3197 4783 et
3240 4744 3370 4783 san-

1802 4834 1946 4879 ctum
2004 4836 2307 4882 sermonem
2359 4830 2443 4876 est
2510 4820 2872 4876 abominatus.
2947 4818 3249 4889 Statimque
3298 4834 3364 4875 ea

1802 4917 1952 4987 jussu
1984 4918 2099 4985 ejus
2144 4915 2390 4969 lictorum
2434 4928 2628 4968 manus
2675 4914 2927 4966 tenebant
2971 4920 3261 4966 sanctum:
3314 4923 3369 4966 et

1809 5008 1970 5072 virga:
1999 5006 2196 5071 spinezc
2226 5020 2350 5059 eum
2379 5004 2651 5059 caedebant
2701 5002 3041 5055 immaniter:
3068 5015 3368 5071 carnesque

1809 5093 2023 5147 assidue
2065 5093 2309 5148 laceratae
2350 5107 2410 5147 ac
2453 5092 2770 5156 discerpta.
2829 5089 3273 5158 dispergebantur
3316 5089 3370 5143 in

1808 5199 2008 5239 aerem.
2043 5183 2153 5239 Nec
2181 5184 2263 5237 liis
2290 5184 2588 5239 satiabatur
2619 5183 2732 5235 ira:
2770 5182 2860 5234 sed
2884 5180 2970 5232 alii
2998 5196 3184 5234 rursus
3219 5180 3374 5233 licto-

1810 5292 1914 5339 res,
1952 5277 2141 5345 partim
2174 5278 2389 5345 quidem
2428 5276 2785 5329 admovebant
2826 5272 3097 5339 lampades
3146 5270 3264 5339 ejus
3294 5270 3375 5324 la-

1811 5367 2033 5430 teribus,
2092 5366 2283 5433 partim
2338 5376 2514 5419 autem
2542 5366 2835 5418 inhumane
2878 5359 3236 5431 aspergebant
3266 5358 3379 5413 sale

1811 5460 1926 5526 eius
1957 5458 2175 5513 vibices.
2208 5458 2341 5513 Hinc
2377 5458 2474 5511 rivi
2513 5458 2728 5526 quidem
2760 5454 3037 5523 sanguinis
3083 5469 3176 5523 per
3200 5451 3381 5505 solum

1816 5548 2151 5603 ferebantur:
2192 5548 2363 5603 Fibtae
2394 5559 2596 5612 autem,
2636 5560 2755 5619 qua
2787 5545 3200 5608 divellebantur,
3233 5556 3375 5595 Inar-
