4208 6300
828 334 931 397 119

2112 343 2394 400 MENSIS
2437 345 2765 407 APRILIS.

3948 347 4043 410 120

821 463 920 532 tyri
954 474 1168 528 gravem
1201 458 1432 511 dolorem
1467 457 1782 513 alierebaut.
1815 457 1906 512 His
1937 457 2204 512 defossum
2254 456 2384 511 luis-
2409 456 2456 514 A

2381 456 2456 514 ιΑ
2483 453 2592 520 ἶνες
2625 459 2679 510 δὲ
2729 457 3103 526 διασπῦμεναι
3156 458 3492 528 δριμυτάτην
3546 458 3623 528 τῷ
3660 461 3894 532 μάρτυρι
3947 463 4043 532 τὴν

820 560 945 616 set,
972 551 1133 602 etiam
1171 549 1214 602 si
1243 549 1370 616 quid
1427 548 1722 600 inanimum
1772 549 1843 600 ita
1897 547 2087 601 fuisset
2137 563 2374 600 caesum:

820 641 1066 693 doluistis
1099 648 1280 692 autem
1317 653 1410 691 vos
1443 653 1655 705 quoque
1681 637 1896 691 omnino
1946 637 2024 690 vel
2072 636 2242 691 solum
2279 652 2371 689 au-

822 732 1047 784 dientes.
1083 729 1186 782 Sed
1220 739 1423 797 martyr
1454 745 1557 796 quo
1583 729 1747 797 magis
1771 728 2065 798 augebatur
2094 729 2378 782 multitudo

820 821 1226 889 suppliciorum.
1259 833 1321 871 eo
1363 819 1529 887 magis
1557 828 1671 872 erat
1705 819 1816 887 ipse
1844 826 2030 884 captus
2060 817 2152 871 Dei
2175 833 2376 880 amore,

817 926 870 966 et
912 925 1166 980 tanquam
1217 903 1279 964 ex
1343 927 1401 964 re
1426 913 1600 979 aliqua
1651 909 1967 964 suavissima
2004 925 2062 964 se
2110 909 2379 977 voluptate

816 1005 1064 1071 explebat
1095 1021 1156 1056 ex
1190 1003 1496 1057 doloribus:
1533 1002 1706 1056 donec
1738 1002 1855 1069 ejus
1886 1004 2084 1057 virtute
2133 1000 2376 1057 defessus

819 1096 1082 1159 Valerius,
1108 1111 1227 1148 eum
1267 1095 1565 1148 transmisit
1601 1094 1650 1146 iu
1681 1108 1975 1150 carcerem.

889 1275 1001 1328 XII.
1036 1275 1170 1330 Cum
1201 1285 1374 1329 autem
1399 1275 1634 1328 divinum
1670 1275 1784 1329 sisti
1817 1285 2054 1330 curasset
2100 1275 2370 1346 Papylum,

817 1368 1039 1434 perinde
1069 1384 1128 1422 ac
1149 1369 1191 1422 si
1220 1385 1360 1422 nunc
1385 1384 1503 1422 eum
1534 1368 1759 1435 primum
1792 1368 2108 1435 aspexisset,
2150 1370 2373 1436 rogavit,

819 1459 1032 1524 quinam
1062 1469 1238 1511 essent
1269 1467 1515 1526 parentes
1541 1500 1555 1525 ,
1587 1474 1827 1528 qumnam
1862 1461 2034 1528 patria
2059 1500 2072 1521 ,
2126 1472 2178 1513 et
2227 1477 2377 1529 qure-

820 1564 940 1600 nam
977 1559 1114 1601 esset
1145 1550 1363 1619 martyri
1397 1551 1641 1604 scientia.
1694 1549 1923 1605 Sanctus
1968 1563 2177 1606 autem:
2211 1551 2326 1606 iam
2356 1593 2372 1618 ,

819 1641 1010 1708 inquit.
1041 1642 1244 1696 discere
1274 1642 1516 1711 potuisti,
1550 1659 1631 1698 me
1658 1658 1774 1697 esse
1806 1654 1984 1697 natum
2033 1660 2094 1696 ex
2130 1644 2374 1712 ingenuis

817 1731 1168 1800 parentibus;
1231 1747 1347 1786 sum
1401 1735 1541 1786 enim
1598 1736 1755 1786 natu‘s
1807 1731 2109 1788 Thvatiris:
2149 1747 2375 1788 exerceo

819 1827 996 1871 autem
1028 1820 1367 1884 medicinam,
1405 1837 1505 1872 non
1541 1836 1658 1888 quae
1692 1821 1850 1873 fuerit
1877 1836 1941 1873 ex
1966 1821 2144 1874 herbis
2175 1836 2204 1875 e
2233 1831 2374 1875 terra

820 1911 1186 1975 nascentibus,
1226 1912 1317 1964 sed
1343 1927 1458 1978 quae
1494 1911 1652 1964 alicui
1683 1929 1712 1964 a
1746 1911 1851 1965 Deo
1887 1914 2003 1963 data
2040 1911 2222 1966 fuerit.
2256 1911 2372 1966 Non

819 2003 961 2055 enim
996 2019 1162 2072 usque
1198 2003 1263 2056 ad
1297 2019 1519 2072 corpora
1552 2004 2043 2058 circumscribimus
2071 2005 2186 2075 ejus
2232 2007 2376 2060 utili-

819 2102 1011 2144 tatem:
1055 2095 1146 2147 sed
1173 2095 1331 2146 etiam
1365 2095 1579 2148 morbos
1624 2095 1816 2149 anima:
1857 2096 2196 2166 corrigimus.
2227 2097 2376 2150 Tunc

815 2183 1016 2251 judcx:
1054 2182 1167 2237 Non
1197 2186 1325 2248 haec,
1356 2186 1547 2254 inquit,
1574 2187 1686 2240 ﬁeri
1717 2189 1988 2255 potuerint
2018 2188 2136 2240 sine
2164 2188 2373 2241 excrci-

825 2277 1022 2330 tatione
1051 2293 1258 2341 eorum,
1292 2294 1408 2345 quae
1444 2280 1609 2344 scipta
1643 2289 1765 2332 sunt
1797 2295 1825 2333 a
1858 2280 2061 2333 Caleno
2085 2291 2137 2333 et
2177 2280 2372 2349 Hippo-

820 2379 986 2433 crate,
1015 2372 1101 2437 qui
1122 2381 1444 2439 acceperunt
1476 2386 1503 2422 a
1537 2371 1641 2425 diis
1666 2387 1927 2425 summam
1955 2372 2093 2426 illius
2115 2373 2371 2427 scientizc.

819 2460 1046 2530 Papylus
1077 2470 1285 2515 autem:
1325 2461 1558 2516 Galenus
1590 2464 1822 2530 quidem,
1877 2466 2070 2536 inquit,
2098 2479 2151 2520 et
2175 2467 2372 2535 Hippo-

817 2562 1019 2614 crates,
1055 2563 1104 2606 et
1132 2555 1221 2622 qui
1256 2554 1464 2607 illorum
1489 2566 1655 2609 artem
1688 2569 1960 2620 exercent,
1990 2567 2114 2612 tunc
2140 2559 2370 2628 aliquem

817 2647 1139 2710 curaverint,
1176 2651 1387 2716 quando
1420 2650 1645 2718 gratiam
1682 2665 1790 2705 suae
1846 2653 2191 2719 benignitatis
2225 2669 2375 2708 meus

815 2750 1032 2802 quoque
1076 2735 1324 2791 Christus
1363 2738 1670 2806 przebuerit.
1721 2741 1816 2794 Sin
1866 2743 2072 2804 minus,
2128 2745 2265 2810 perit
2296 2744 2374 2797 eis

817 2828 1075 2890 studium,
1109 2829 1238 2881 nihil
1275 2830 1536 2883 commodi
1573 2846 1904 2900 consequens
1945 2848 2007 2887 ex
2047 2850 2146 2887 sua
2180 2835 2230 2888 in
2258 2843 2375 2889 arte

816 2918 1224 2973 exercitatione.
1257 2919 1402 2986 Quos
1429 2931 1603 2976 autem
1640 2923 1768 2977 deos
1800 2925 2041 2978 nominas
2070 2966 2084 2989 ,
2121 2941 2240 2980 cum
2275 2943 2372 2983 nec

793 3011 916 3066 .sibi
949 3012 1159 3078 quidem
1198 3013 1403 3080 pass-int
1436 3015 1633 3079 aliquid
1689 3017 1942 3081 prodesse
1970 3057 1984 3080 ,
2040 3021 2306 3084 quomodo
2335 3021 2368 3072 ii

2483 547 2733 616 αἴσθησιν
2763 547 3041 600 ὲνεποίουν
3063 563 3076 576 ·
3107 548 3311 615 ἔκαμεν
3338 548 3401 599 ἂν
3433 548 3491 598 ὲν
3524 548 3756 614 τούτοις,
3791 551 3843 602 εί
3872 567 3922 602 τι
3954 555 4044 602 καὶ

2480 636 2586 686 τῶν
2609 637 2831 706 ἀψύχων
2861 632 2927 706 ἦν
2975 633 3350 704 αἰκιζόμενονο
3379 635 3652 705 ήλγήσατε
3683 637 3739 688 δὲ
3770 638 3861 688 καὶ
3889 639 4042 706 ὑμεῖς

2483 730 2698 789 πάντως
2739 729 2831 780 καὶ
2865 728 2998 797 πρὸς
3031 729 3200 797 μόνην
3240 729 3338 796 τὴν
3371 728 3562 797 ἀκοήν.
3608 728 3746 781 Ἀλλ’
3780 730 3806 780 6
3834 732 4043 799 μάρτυς

2480 825 2588 891 ὅσῳ
2638 823 2696 875 τὸ
2749 823 2950 891 πλῆθος
2991 822 3097 874 τῶν
3129 821 3401 874 κολάσεων
3455 822 3782 884 ἐπετείνετο,
3810 824 4045 890 τοσούτῳ

2481 919 2571 966 καὶ
2633 915 2792 976 αὐτὸς
2850 916 3048 983 μᾶλλον
3096 915 3174 984 τῷ
3208 914 3344 984 πρὸς
3398 913 3530 966 Θεὸν
3566 915 3819 982 ἡλίσκετο
3856 916 4043 986 ἔρωτι,

2481 1008 2573 1059 καὶ
2613 1007 2802 1077 ὧσπερ
2856 1009 3000 1068 τινος
3055 1007 3273 1076 ἡδίστου
3332 1006 3648 1075 κατετρύφα
3681 1007 3788 1060 τῶν
3821 1008 4042 1067 ὀδυνῶν,

2479 1101 2584 1161 ἓως
2618 1099 2750 1168 πρὸς
2781 1101 2841 1150 τὸ
2869 1098 2961 1151 τοῦ
2993 1097 3186 1167 ἀνδρὸς
3225 1100 3470 1165 γενναῖον
3499 1096 3804 1167 ἀποκαμών
3836 1098 4040 1150 Ούαλέ-

2483 1209 2615 1261 ριος,
2650 1190 2835 1242 τοῦτον
2873 1191 2970 1258 μὲν
3005 1189 3331 1259 παρέπεμψε
3361 1193 3425 1258 τῇ
3454 1190 3669 1258 εἱρκτῇ.

2549 1284 2647 1335 IB'.
2675 1283 2778 1334 Τὸν
2810 1283 2865 1334 δὲ
2898 1282 3040 1335 θεῖον
3071 1284 3569 1352 παραστησάμενος
3608 1282 3882 1347 Πάπυλον,
3935 1283 4042 1336 ῶσ-

2479 1388 2582 1441 περ
2614 1373 2708 1424 νῦν
2738 1371 2952 1441 πρῶτον
2979 1371 3138 1424 αὐτὸν
3166 1370 3523 1440 θεασάμενος,
3556 1371 3767 1442 ἠρώτα,
3797 1372 3943 1436 τίνες
3992 1375 4041 1426 oi

2477 1466 2712 1533 γενέται,
2742 1464 2826 1526 τίς
2858 1466 2890 1532 ἡ
2921 1466 3120 1532 πατρὶς
3170 1465 3266 1516 καὶ
3303 1463 3386 1526 τίς
3423 1462 3530 1529 ἄρα
3560 1466 3592 1534 ἡ
3643 1466 3921 1535 ἐπιστήμη
3963 1468 4042 1535 τῷ

2480 1557 2734 1627 μάρτυρι.
2790 1555 2850 1607 '0
2885 1554 2942 1606 δὲ
2977 1555 3132 1620 ἅγιος
3162 1569 3174 1582 ·
3214 1553 3556 1624 Μεμάθηκας
3579 1554 3702 1623 Ιἤδη,
3737 1557 3921 1623 φησὶν,
3961 1557 4041 1608 ὅτι

2477 1649 2775 1716 ἐλευθέρων
2803 1646 3055 1716 πατέρων
3085 1644 3194 1711 ἐγὼ
3217 1647 3344 1707 παῖς
3369 1662 3382 1674 ·
3414 1647 3476 1697 ὲκ
3509 1644 3822 1713 Θυατείρων
3852 1645 3906 1698 δὲ
3929 1645 4042 1716 ῶρι

2481 1756 2679 1808 μημαι,
2705 1738 2924 1806 μέτειμι
2947 1736 3002 1789 δὲ
3024 1736 3294 1806 ίατρικὴν,
3319 1736 3416 1804 οὐχ
3449 1735 3619 1803 ὁπόση
3653 1734 3860 1802 γένοιτο
3890 1735 3956 1788 ἂν
3978 1737 4043 1787 ἑκ

2480 1829 2719 1900 βοτανῶν
2745 1829 2852 1880 τῶν
2879 1831 2943 1881 ὲκ
2971 1830 3074 1896 γῆς
3098 1827 3411 1896 φυομένων,
3444 1827 3557 1880 ἀλλ’
3582 1828 3679 1896 ὅση
3713 1828 3776 1879 ἄν
3809 1843 3916 1878 τινι
3933 1829 4044 1879 ἀπὸ

2477 1920 2610 1974 Θεοῦ
2640 1920 2816 1989 δοθείη
2840 1936 2854 1948 ’
2896 1920 2989 1970 καὶ
3015 1918 3122 1988 γὰρ
3148 1917 3208 1969 οὐ
3246 1917 3407 1986 μέχρι
3456 1917 3562 1969 τῶν
3589 1916 3858 1985 σωμάτων
3886 1933 4043 1986 περι-

2476 2013 2730 2082 ορίξομεν
2757 2010 2854 2081 τὴν
2875 2009 3160 2079 ὠφέλειαν,
3187 2008 3320 2060 ἀλλὰ
3339 2009 3432 2061 καὶ⁵
3453 2009 3561 2061 τῶν
3589 2007 3835 2076 ψυχικῶν
3860 2009 4043 2078 apem-

2477 2103 2766 2172 στημάτων
2824 2098 3127 2170 ποιούμεθα
3155 2099 3254 2168 τὴν
3301 2099 3607 2168 διόρθωσιν.
3654 2095 3786 2150 Είτα
3819 2099 3849 2149 ὀ
3882 2098 4041 2150 δικα-

2479 2193 2606 2259 στής
2633 2207 2645 2220 ·
2697 2190 2807 2240 Οὐκ
2840 2190 2965 2241 ἄνευ
3011 2190 3297 2256 ἀσκήσεως
3330 2188 3439 2240 τῶν
3494 2188 3758 2256 Γαληνοῦ,
3791 2189 3916 2257 ἔφη,
3947 2189 4042 2240 καὶ

2487 2278 2882 2350 Ἱπποκράτους
2904 2335 2913 2342 ,
2934 2278 3092 2332 ταυτὶ
3119 2279 3346 2344 γένοιτο,
3371 2277 3426 2330 οἳ
3456 2278 3607 2347 παρᾲ
3634 2278 3740 2329 τῶν
3770 2279 3908 2333 θεῶν
3943 2282 4042 2349 τῆς

2475 2365 2785 2442 ὲπιστῆμης
2830 2371 2889 2422 τὸ
2924 2369 3218 2435 κεφάλαιον
3250 2370 3460 2423 ἔλαϐον.
3523 2370 3631 2423 Καὶ
3686 2372 3715 2421 6
3749 2371 4002 2433 ίίάπυλος
4025 2388 4041 2402 ⁸

2476 2464 2712 2534 Γαληνὸς
2746 2461 2844 2532 μὲν
2890 2459 2983 2513 καὶ
3030 2460 3421 2530 Ἱπποκράτης,
3475 2463 3568 2513 καὶ
3599 2461 3647 2511 oi
3676 2460 3774 2530 τὴν
3810 2460 4050 2554 ἐκείνων

2479 2557 2753 2629 μετιόντες
2784 2554 3002 2624 τέχνην,
3043 2553 3165 2605 τότε
3201 2551 3266 2605 ἄν
3292 2570 3415 2605 τινα
3435 2551 3850 2622 θεραπεύσειαν,
3877 2551 4042 2624 ἡνίκα

2474 2652 2570 2719 τῆς
2593 2647 2789 2701 ἑαυτοῦ
2819 2647 3230 2716 φιλανθρωπίας
3253 2645 3352 2711 τὴν
3398 2645 3557 2713 χάριν
3598 2645 3688 2695 καὶ
3721 2647 3747 2696 6
3779 2644 3908 2713 ἐμὸς
3940 2661 4043 2696 πα-

2477 2743 2666 2812 ράσχοι
2693 2739 2958 2809 Χριστόςο
3005 2739 3052 2791 εἰ
3095 2737 3139 2790 δ’
3175 2734 3289 2798 οὖν,
3321 2738 3526 2804 οἴχεται
3561 2736 3742 2797 αὐτοῖς
3767 2736 3798 2798 ἡ
3837 2735 4038 2801 σπουδὴ
4109 2768 4130 2793 .

2477 2831 2642 2902 μηδὲν
2670 2830 2766 2899 τῆς
2797 2829 2924 2898 περὶ
2955 2827 3052 2896 τὴν
3081 2828 3278 2896 τέχνην
3313 2826 3600 2892 ἀσκήσεως
3646 2822 4002 2875 ἀπολαύσασα
4023 2839 4038 2852 ο

2472 2925 2561 2985 οὒς
2589 2923 2646 2974 δέ
2700 2939 2763 2988 γε
2810 2919 3094 2988 ὀνομάζεις
3128 2919 3306 2981 θεοὺς,
3353 2916 3474 2969 οὐδὲ
3500 2915 3728 2976 ἑαυτοὺς
3763 2913 3955 2982 ὀνῆσαί
3988 2931 4042 2965 τι

2474 3019 2783 3086 δυνάμενοι,
2843 3014 2958 3075 πῶς
3006 3014 3073 3065 ἂν
3129 3012 3227 3080 τῆς
3257 3010 3467 3080 ἑτέρων
3520 3003 3670 3062 οὗτοι
3709 3007 4040 3076 φροντίσωσι

814 3117 997 3152 curaui
1023 3103 1288 3170 gesserint
1335 3101 1559 3154 aliorum
1603 3103 1870 3158 sanitatis.
1924 3105 2074 3170 Quod
2111 3106 2154 3159 si
2207 3109 2367 3162 etiam
2400 3114 2476 3171 Ct

2400 3114 2440 3171 C
2475 3109 2799 3179 οεραπείας;
2842 3105 2904 3156 Εἰ
2943 3104 2998 3156 δὲ
3026 3103 3119 3156 καὶ
3150 3101 3345 3170 μαθεῖν
3378 3101 3525 3171 ἔργῳ
3570 3100 3629 3152 τὸ
3648 3100 3897 3193 ᾌπρᾶγμα
3925 3097 4042 3150 ὲθέ-

814 3191 944 3242 velis
973 3207 1079 3242 rem
1108 3193 1274 3254 ipsam
1306 3208 1426 3243 vere
1465 3193 1758 3255 intelligere
1785 3235 1797 3256 ,
1829 3210 1950 3247 eum
1985 3236 1998 3258 ,
2028 3197 2118 3264 qui
2151 3209 2369 3268 propter

815 3283 867 3331 te
895 3282 1062 3340 sedet,
1083 3282 1249 3334 altero
1275 3295 1327 3332 ut
1363 3284 1507 3336 vides
1534 3284 1689 3338 oculo
1715 3287 1923 3349 0rbum,
1962 3285 2160 3340 faciant
2197 3292 2366 3342 visum

817 3388 1170 3440 recuperare:
1229 3385 1282 3424 ct
1326 3385 1509 3441 postea
1552 3378 1680 3429 tiiliil
1723 3378 1911 3429 dicam.
1966 3377 2146 3430 Fuerit
2192 3390 2369 3433 autem

817 3462 1104 3529 quispiam,
1134 3464 1207 3517 ait
1243 3463 1502 3528 Valerius,
1536 3468 1621 3534 qui
1656 3483 1774 3518 eum
1809 3468 1977 3535 possit
2002 3471 2232 3524 sanare?
2255 3470 2368 3524 Non

815 3553 917 3608 hoc
949 3555 1146 3615 solum,
1177 3556 1345 3621 inquit
1373 3565 1620 3621 sanctus,
1658 3560 1748 3610 sed
1793 3576 1978 3615 omnes
2025 3563 2184 3615 etiam
2239 3564 2375 3617 alios

815 3644 1036 3698 morbos
1065 3655 1116 3698 et
1155 3644 1464 3702 allectioues
1503 3648 1825 3703 insanabiles
1879 3650 2034 3703 facile
2073 3655 2367 3719 curaverit,

813 3737 902 3805 qui
939 3737 1213 3790 Clll'iSltIlll
1248 3738 1394 3790 omni
1428 3741 1616 3793 morbo
1672 3741 1971 3796 medentem
2018 3745 2370 3801 invocaveril.

815 3825 959 3880 Dixit
993 3838 1170 3881 autem
1207 3825 1486 3884 Valerius:
1524 3829 1811 3886 Videamus
1864 3834 1912 3886 iu
1949 3839 2232 3903 praesentia
2270 3838 2318 3890 id
2355 3879 2368 3900 ,

813 3918 957 3987 qttod
985 3920 1150 3973 dicis:
1185 3919 1297 3973 Non
1331 3937 1448 3989 ego,
1481 3923 1653 3988 inquit
1680 3925 1922 3994 Papylus,
1957 3929 2234 3996 aggrediar
2261 3931 2373 3998 pri-

817 4027 958 4064 mus.
995 4011 1194 4064 Vereor
1224 4014 1364 4066 enim
1397 4054 1412 4078 ,
1447 4028 1512 4066 ne
1545 4028 1663 4066 cum
1691 4017 1803 4083 ipse
1831 4019 2007 4073 omnia
2055 4021 2325 4075 adultercs
2353 4064 2369 4085 ,

813 4103 1129 4156 miraculum
1175 4104 1416 4158 ascribas
1465 4104 1819 4160 daemonibus.
1867 4111 1970 4161 Sed
2021 4111 2091 4162 tui
2143 4113 2371 4177 primum

814 4196 1064 4248 iuvnrcut
1095 4211 1252 4263 quem
1288 4196 1449 4250 velint
1484 4210 1697 4253 tuorum
1734 4201 1988 4264 deorum,
2022 4212 2074 4257 ct
2108 4215 2233 4260 tunc
2271 4220 2372 4274 ego

812 4302 1024 4358 quoque
1055 4290 1338 4344 ostendam
1364 4290 1565 4343 Christi
1597 4293 1702 4344 mei
1728 4293 2002 4347 virtutem.

818 4655 1022 4709 trilices
1052 4655 1361 4708 adduxisset
1410 4655 1653 4710 Valerius
1683 4695 1697 4718 ,
1748 4655 1908 4722 jussit
1955 4671 2081 4710 suos
2120 4659 2372 4713 invocare

818 4751 958 4809 deos.
989 4747 1211 4810 nullam,
1243 4761 1362 4816 qua:
1394 4746 1458 4800 ad
1487 4747 1586 4802 hoc
1617 4746 1804 4810 faciat,
1838 4749 2147 4803 omittente:
2173 4759 2366 4811 artem,

814 4853 907 4890 nec
939 4839 1276 4900 industriam,
1313 4854 1410 4892 nec
1433 4841 1716 4894 rationem.
1746 4839 1823 4894 llli
1857 4850 2053 4905 autem,
2089 4840 2226 4894 alios
2264 4842 2368 4895 alio

809 4930 1146 4991 accedentes,
1169 4930 1253 4982 hic
1272 4928 1486 4998 quidem
1513 4930 1828 4998 Apollinem,
1859 4932 1945 4986 ille
1969 4942 2146 4986 autem
2173 4931 2368 4985 Αἰδου-

810 5021 1030 5086 Iapium,
1065 5021 1199 5074 alius
1229 5021 1422 5074 deinde
1454 5022 1614 5074 alium
1647 5024 1928 5076 invocabat
1983 5039 2044 5077 ex
2073 5026 2176 5078 diis
2217 5025 2366 5078 adulo

809 5113 996 5165 terinis
1027 5153 1041 5175 ,
1077 5113 1396 5180 impotentes
1432 5113 1482 5164 in
1516 5129 1569 5166 re
1599 5156 1612 5176 ,
1647 5128 1762 5182 qua
1815 5112 1928 5166 ﬁeri
1977 5130 2081 5167 non
2112 5126 2316 5183 poterat
2352 5160 2364 5182 ,

806 5204 949 5269 quod
983 5204 1048 5256 ad
1081 5204 1324 5258 homines
1365 5205 1576 5266 attinet,
1605 5205 1934 5260 invocantes.
2003 5205 2239 5275 Eratque
2285 5223 2368 5262 res

807 5297 962 5348 valde
991 5296 1237 5352 ridicula.
1265 5305 1316 5349 et
1346 5297 1499 5364 plena
1530 5297 1809 5350 dedecore.
1837 5298 1972 5363 Quid
2011 5301 2152 5353 enim
2187 5299 2252 5351 de
2284 5299 2366 5351 vi-

807 5371 1093 5446 ventibus,
1148 5401 1371 5454 magnus
1423 5388 1592 5454 inquit
1619 5386 1783 5440 Isaias
1835 5390 1894 5450 ⁸,
1950 5390 2368 5444 sciscitobuntur

809 5477 1091 5535 mortuos?
1120 5477 1285 5530 Totus
1317 5493 1443 5542 ergo
1471 5478 1583 5531 dies
1619 5479 1869 5544 prteteriit
1898 5518 1910 5540 ,
1945 5489 1997 5532 et
2044 5480 2114 5531 iiIi
2154 5481 2364 5544 quidem

809 5570 1063 5637 rogabant
1092 5611 1103 5628 .
1149 5571 1516 5647 Supplicahant
1542 5610 1554 5631 ,
1605 5570 1976 5625 sacriﬁcabant
2010 5615 2019 5631 ,
2074 5572 2228 5621 rebus
2267 5574 2366 5621 illis

887 5727 902 5753 '
939 5724 1037 5774 Isa.
1082 5739 1192 5781 vttt,
1239 5725 1298 5773 l9

2472 3203 2602 3263 λεις,
2648 3200 2736 3252 τὸν
2786 3197 2938 3265 παρὰ
2996 3196 3078 3247 σοὶ
3137 3195 3447 3262 καθήμενον
3507 3185 3928 3261 πεπηρωμένον,
3965 3190 4041 3250 ὡς

2470 3292 2635 3360 ὁρᾷς,
2694 3288 2822 3339 ὅντα
2872 3285 2961 3339 τὸν
3004 3284 3188 3354 ἕτερον
3226 3283 3334 3336 τῶν
3366 3279 3684 3352 ὀφθαλμῶν,
3739 3278 4040 3346 ἀναᾶλέψαι

2473 3380 2874 3451 ποιησάτωσαν,
2931 3378 3100 3447 κάμοὶ
3151 3377 3308 3442 λόγος
3363 3376 3422 3428 τὸ
3471 3374 3612 3444 μετὰ
3633 3371 3807 3424 ταῦτα
3840 3371 4037 3430 οὐδείς.

2473 3471 2573 3539 Εἴη
2626 3471 2670 3523 δ’
2703 3471 2766 3524 ἄν
2815 3486 2920 3532 τις,
2956 3464 3110 3519 εἶπεν
3139 3466 3455 3534 Οὐαλέριος,
3502 3466 3530 3518 6
3577 3463 3766 3517 τοῦτον
3806 3463 4041 3531 ὑγιῶσαι

2471 3563 2803 3630 δυνάμενοςς
2840 3590 2909 3600 -
2943 3557 3018 3609 Oti
3057 3555 3248 3608 τοῦτον
3284 3556 3465 3625 μόνον,
3515 3556 3544 3608 ὀ
3573 3555 3725 3623 ἅγιος
3753 3553 3880 3623 ἔφη,
3905 3551 4040 3604 am

2473 3651 2574 3704 κᾶν
2603 3651 2754 3712 νόσος
2783 3649 2916 3716 άλλη
2947 3665 3028 3711 τις
3075 3645 3132 3721 ᾖ,
3173 3648 3277 3701 κᾶν
3331 3647 3499 3707 πάθος
3551 3645 3670 3698 οὐδὲ
3701 3644 3829 3726 παρ’
3860 3642 4044 3707 ὀλίγον

2476 3748 2711 3814 ἰάσιμον,
2783 3743 2977 3813 ῥᾳδίως
3021 3742 3237 3794 ἅπαντα
3288 3737 3696 3806 θεραπεύσειεν,
3755 3735 3812 3795 ὃς
3852 3733 3920 3786 ἂν
3949 3731 4040 3785 τὸν

2477 3840 2705 3909 ιώμενον
2727 3840 2904 3890 πᾶσαν
2928 3837 3083 3887 νόσον
3107 3837 3200 3886 καὶ
3228 3835 3406 3886 πᾶσαν
3436 3830 3706 3902 μαλακίαν
3724 3828 4045 3882 ἐπικαλοῖτο

2473 3931 2727 4002 Χριστόν.
2773 3929 2882 3984 Καὶ
2906 3928 2998 3980 τὸν
3033 3925 3329 3993 Οὐαλέριον
3369 3925 3568 3993 φάναι’
3609 3923 3838 3991 ἰδωμεν
3869 3923 3928 3972 ὲν
3960 3920 4038 3989 τῷ

2477 4017 2702 4086 παρόντι
2740 4017 2766 4066 ὃ
2803 4016 3001 4080 λέγεις.
3052 4046 3122 4056 --
3176 4014 3288 4064 Ούκ
3345 4012 3474 4078 ἐγὼ,
3502 4013 3667 4078 φησὶν
3700 4013 3727 4060 ό
3761 4009 4036 4068 Πάπυλος.

2473 4107 2782 4176 ἐγχειρήσω
2842 4105 3095 4174 πρῶτος·
3136 4103 3353 4156 δέδοικα
3405 4101 3534 4171 γὰρ,
3587 4100 3662 4171 μὴ
3693 4100 3751 4153 τὸ
3804 4101 4040 4169 πρᾶγμα

2475 4200 2732 4262 νοθεύσας
2763 4198 2924 4260 αὐτὸς
2957 4201 3065 4259 τοῖς
3103 4196 3321 4266 δαίμοσι
3377 4196 3445 4247 τὰ.
3481 4195 3576 4246 τοῦ
3603 4194 3881 4262 θαύματος
3910 4193 4040 4243 ὐπο-

2473 4296 2722 4365 γράψῃς’
2749 4295 2861 4347 ἀλλ’
2896 4295 2944 4345 οἱ
2978 4295 3060 4345 σοὶ
3119 4293 3406 4361 πρότερον,
3455 4291 3521 4360 ἣν
3571 4289 3889 4358 βούλωνται,
3930 4287 4041 4339 τῶν

2477 4389 2612 4440 θεῶν
2645 4385 2798 4455 ὑμῶν
2827 4385 3117 4453 ἐπίκλησιν
3158 4384 3562 4452 ποιησάτωσαν,
3599 4382 3694 4436 καὶ
3723 4383 3843 4435 τότε
3874 4382 4051 4434 πάλιν

2405 4459 2448 4514 Ῐ)
2478 4477 2638 4536 αὐτὸς
2669 4475 2766 4543 τὴν
2796 4474 2889 4527 τοῦ
2915 4472 3049 4545 ἐμοῦ
3089 4473 3322 4543 Χριστοῦ
3347 4473 3576 4540 δύναμιν
3607 4473 3880 4538 ἐπιδείξω.

881 4561 1025 4616 XIII.
1066 4561 1219 4617 Tunc
1242 4577 1362 4616 cum
1399 4563 1900 4633 quosdam-deorum
1931 4564 2166 4620 cultores
2197 4577 2250 4620 et
2279 4582 2370 4620 sa-
2428 4595 2450 4616 .

2548 4569 2651 4620 IF'.
2685 4567 2815 4623 Τότε
2843 4567 3182 4636 θεραπευτάς
3204 4583 3356 4626 τινας
3385 4566 3476 4616 καὶ
3506 4550 3673 4626 θύτας
3695 4565 4039 4634 παραγαγὼν

2471 4655 2844 4729 ὀΟύαλέῥιος,
2885 4660 3009 4718 τοὺς
3071 4655 3280 4710 ἑαυτῶν
3339 4655 3596 4708 ὲκέλιυεν
3655 4656 4037 4710 ἐπικαλεῖσθαι

2473 4751 2651 4813 θεοὺς,
2691 4751 2825 4817 μηδὲ
2846 4750 3061 4816 τέχνης,
3089 4748 3223 4818 μηδὲ
3251 4748 3517 4814 ἐπινοίας,
3548 4748 3669 4818 μηδ’
3703 4748 3869 4815 ἄλλης
3895 4750 4039 4810 τινὸς

2476 4839 2700 4911 μεθόδου
2753 4839 2887 4908 πρὸς
2939 4839 3094 4892 τοῦτο
3143 4838 3429 4907 μεθιέντας
3483 4837 3672 4907 μηδέν.
3709 4837 3772 4887 Οἱ
3797 4835 3853 4889 δὲ
3876 4837 4039 4900 ἄλλος

2473 4930 2675 4997 ἀλλαχῆ
2706 4947 2775 4980 πα
2786 4931 3007 4993 ριίντες,
3027 4929 3054 4978 6
3078 4927 3175 4994 μὲν
3205 4928 3536 4990 Ἀπόλλωνα,
3557 4929 3584 4979 ὀ
3605 4927 3660 4979 δὲ
3683 4926 4036 4995 Ἀσκληπιὸν,

2470 5021 2495 5071 ὀ
2525 5021 2579 5072 δὲ
2610 5020 2762 5081 ἄλλος
2795 5019 2952 5071 ἄλλον
2987 5018 3092 5070 τῶν
3118 5018 3386 5086 κιὸὀὴλων
3415 5020 3598 5070 ἐκάλει
3647 5017 3807 5082 θεῶν,
3837 5019 4037 5070 ἀδυνά-

2466 5131 2593 5175 τους
2629 5113 2767 5167 κατὰ
2787 5114 3047 5166 ἀδυνάτου
3079 5113 3423 5183 πράγματος,
3462 5114 3563 5166 ὅσα
3603 5130 3664 5180 γε
3710 5115 3790 5176 εις
3821 5111 4037 5180 ἀνθρὼ-

2469 5224 2602 5269 πους
2649 5203 2781 5278 ἧκεν
2822 5206 3240 5274 ἐπικαλούμενοι
3263 5223 3276 5236 ο
3323 5208 3414 5258 καὶ
3445 5201 3512 5276 ἦν
3537 5207 3594 5257 τὸ
3617 5206 3806 5276 χρῆμα
3838 5205 4036 5273 κομιδῇ

2477 5298 2670 5364 γέλως,
2727 5295 2952 5366 αἰσχύνη
3011 5299 3208 5365 σαφής.
3248 5297 3311 5348 Τί
3361 5298 3467 5365 γὰρ
3502 5299 3626 5365 περὶ
3665 5297 3773 5346 τῶν
3798 5293 4061 5356 ζώντων,-

2489 5388 2715 5447 Ἠσαῖας
2741 5387 2902 5454 φησιν
2933 5389 2960 5436 ὀ
2991 5387 3178 5453 μέγας,
3238 5383 3598 5451 ὲκζητήσουσι
3632 5384 3756 5444 τοὺς
3787 5383 4036 5448 νεκρούςς

2490 5479 2702 5546 Ἡμέρα
2755 5475 2884 5541 γοῦν
2913 5474 3124 5543 διῆλθεν
3155 5475 3272 5538 ὅλη,
3305 5475 3398 5524 καὶ
3425 5475 3472 5525 οἱ
3504 5475 3601 5539 μὲν
3652 5472 3881 5531 ἐδέοντο,
3931 5471 4039 5523 ἰκέ-

2479 5587 2649 5620 tam».
2709 5567 3005 5627 sentacov,
3060 5567 3233 5614 πᾶσαν
3272 5566 3391 5630 περὶ
3425 5564 3489 5613 τὰ
3534 5563 3734 5629 μάταια
3761 5561 4038 5611 ἐποιοῦντο
