4208 6300
180 370 256 433 121
1201 374 1375 431 νιΤΑ
1418 374 1475 431 S.
1510 374 1734 431 CARl’l
1783 376 1872 433 ET
1906 375 2327 444 SOCIORUM.

3304 393 3403 456 122

177 482 256 544 τὴν
283 479 646 547 προσεδρείαν
670 495 683 508 ⁸
727 481 793 533 τά
823 483 878 534 δὲ
923 484 1080 550 κωφά
1115 485 1274 550 κωφά
1306 481 1399 554 ἦν,
1447 488 1541 538 καὶ
1568 489 1646 557 τῷ
1677 490 1740 540 ἐκ
1771 487 1815 544 Α

1737 487 1815 544 ,Α
1850 495 2000 543 Vanis
2049 508 2310 562 perpetuo
2354 501 2682 557 assidebant.
2741 504 2909 559 Surda
2965 521 3141 559 autem
3241 508 3399 563 surda

176 569 351 637 μέρους
382 568 755 636 τυφλώττοντι
779 572 1004 639 οὐδεμία
1030 572 1255 640 βοήθεια
1279 575 1430 643 παρά
1459 576 1568 627 τῶν
1595 577 1734 639 ὅλως
1837 610 1838 623 ι

1837 593 2021 636 erant:
2057 588 2223 640 etei.
2260 590 2347 657 qui
2381 607 2444 644 ex
2476 604 2627 660 parte
2668 597 2980 649 czecutiebat
3037 597 3238 650 nullum
3285 607 3405 652 erat

175 660 592 726 πεπηρωμένων.
617 658 681 711 Τί
715 660 806 713 οὖν
830 662 858 713 ὁ
887 661 980 714 τοῦ
1006 663 1243 732 Χριστοῦ
1280 666 1523 737 μάρτυς;
1563 669 1731 738 Ὁμοῦ

175 751 255 802 σὺν
280 753 393 812 τοῖς
426 751 640 821 ὄμμασι
689 753 788 822 τῆς
820 755 1024 824 σαρκὸς
1057 756 1152 807 καὶ
1201 755 1268 808 τά
1292 758 1402 827 τῆς,
1441 759 1618 828 ψυχῆς
1652 762 1726 824 είς

170 842 414 908 οὐρανοὺς
437 844 596 912 άρας,
630 845 722 896 τὸν
751 847 946 899 ἑαυτοῦ
977 847 1115 915 πρὺς
1148 848 1296 902 ἔλεον
1315 851 1497 902 ἐκάλει
1528 852 1729 905 Δεσπόο

168 949 270 999 την.
303 927 435 984 Εἶτα
472 933 558 997 τί;
621 936 695 986 Τὸ
748 937 842 988 τοῦ
897 939 1135 1007 σταυροῦ
1169 945 1393 1009 σημεῖον
1450 944 1727 998 ἐπιϐάλλει

168 1026 271 1084 ταῖς
296 1024 509 1091 ὄψεσιν,
554 1025 786 1078 άπτεται
809 1029 874 1096 τῇ
921 1029 1086 1097 χειρὶ,
1123 1031 1216 1083 καὶ
1271 1035 1336 1101 τῇ
1372 1033 1482 1104 ἁφῇ
1518 1035 1578 1086 τὸ
1611 1037 1727 1100 φῶς

167 1113 451 1179 ἠκολούθει,
496 1115 591 1164 καὶ
644 1116 672 1166 ὀ
725 1116 976 1181 σϐεσθεὶς
1029 1120 1305 1188 ὀφθαλμὸς
1342 1124 1471 1191 ῥᾷον
1515 1124 1546 1194 ἢ
1589 1127 1724 1194 πρὸς

169 1204 314 1254 ὐπιον
348 1204 764 1274 συγκαλυφθεὶς
808 1208 1136 1276 ἀνεῴγνυτο,
1196 1213 1290 1263 καὶ
1329 1212 1388 1265 τὸ
1418 1213 1483 1282 δὴ
1517 1214 1718 1283 μεῖξον.

165 1296 303 1363 καὶὴ
335 1295 515 1365 ψυχῆς
542 1297 735 1350 ἐλύετο
773 1301 1040 1366 πήρωσις,
1074 1301 1168 1352 καὶ
1193 1303 1470 1356 πιστεύων
1501 1300 1588 1375 ἦν,
1629 1307 1722 1358 καὶ

164 1386 215 1434 τὸ
246 1385 354 1450 φῶς
386 1387 448 1438 τὸ
486 1387 742 1456 ἀληθινὸν
767 1389 935 1456 έὼρα,
975 1389 1003 1441 ὃ
1050 1390 1276 1458 φωτίζει
1310 1393 1486 1445 πάντα
1512 1394 1721 1463 ἄνθρω-

165 1493 254 1527 πον
283 1477 574 1546 ἐρχόμενον
600 1483 680 1540 είς
700 1482 789 1532 τὸν
808 1481 1034 1548 κόσμον,
1062 1482 1156 1535 καὶ
1181 1482 1296 1550 ἅμα
1328 1484 1462 1535 πολύ
1495 1502 1545 1536 τι
1578 1487 1718 1553 πλῆ-

163 1567 242 1629 Θος
265 1568 568 1639 ἀνθρώπων
595 1568 674 1640 τῷ
729 1571 970 1640 θαύματι
1026 1573 1164 1642 πρδς
1201 1574 1300 1644 τὴν
1331 1575 1430 1643 τῆς
1460 1576 1719 1646 ἀληθείας

160 1660 446 1726 ἐπίγνωσιν
506 1663 950 1731 ἕχειραγωγεῖτο.
1013 1666 1147 1719 Τίνα
1185 1668 1256 1720 ἂν
1304 1669 1364 1721 οὐ
1425 1671 1718 1738 μετέϐαλον

159 1752 332 1818 ταῦτα,
363 1754 461 1806 καὶ
485 1755 568 1817 τίς
602 1757 629 1808 ὁ
661 1756 758 1826 τὴν
801 1758 955 1826 ίσχὺν
992 1758 1130 1826 ἔχων
1166 1759 1372 1830 ταύτην
1420 1759 1715 1832 ὲκζητῆσαι

1835 677 2088 730 auxilium
2137 684 2202 732 ab
2245 683 2309 735 iis
2348 685 2435 751 qni
2467 695 2620 740 erant
2647 689 2774 742 caeci
2821 691 3052 758 penitus.
3098 690 3236 756 Quid
3273 707 3406 761 ergo

1832 767 2034 822 Christi
2081 773 2325 827 servus?
2377 775 2548 829 Simul
2592 793 2710 830 cum
2760 779 2940 832 carnis
2987 779 3157 834 oculis
3205 780 3403 833 anima-

1832 875 2043 929 quoque
2073 864 2258 917 oculos
2288 866 2353 919 ad
2389 866 2583 919 caelum
2622 869 2833 930 tollens,
2863 870 2928 922 ad
2968 867 3397 924 misericordiam

1832 966 1987 1005 suum
2040 953 2328 1012 invocabat
2379 957 2689 1016 Dominum.
2745 962 2947 1016 Deinde
2993 961 3161 1029 quid?
3205 961 3394 1016 Crueis

1828 1043 2036 1107 signum
2088 1046 2328 1100 immittit
2380 1051 2587 1114 oculis,
2626 1067 2789 1104 manu
2850 1053 3059 1121 tangit.
3105 1062 3158 1106 et
3193 1061 3393 1106 tactum

1828 1135 1914 1187 lux
1947 1146 2027 1189 est
2051 1150 2342 1193 consecuta
2372 1181 2386 1204 ,
2417 1153 2470 1195 et
2499 1149 2800 1197 exstinctus
2832 1146 3022 1198 oculus
3066 1145 3280 1200 facilius
3311 1158 3397 1199 est

1826 1237 2042 1293 apertus
2068 1269 2082 1293 ,
2121 1245 2278 1297 quam
2311 1233 2354 1285 si
2399 1249 2588 1288 somno
2625 1235 2811 1289 fuisset
2855 1247 3103 1304 opertus:
3155 1247 3207 1290 et
3250 1239 3393 1304 quod

1826 1318 1996 1384 majus
2019 1328 2122 1382 est,
2157 1321 2294 1388 ejus,
2318 1324 2407 1391 qui
2437 1324 2701 1380 beneficio
2733 1328 2955 1381 affectus
2981 1327 3174 1390 fuerat,
3199 1331 3391 1381 animae

1822 1423 2036 1477 quoque
2059 1412 2234 1466 ablata
2255 1427 2336 1468 est
2357 1418 2593 1476 cmcitas.
2617 1428 2839 1486 eratque
2868 1420 3110 1484 credens,
3134 1428 3389 1473 et'veraut

1822 1497 1992 1552 lucem
2029 1502 2335 1556 intuebatur
2362 1545 2377 1567 ,
2413 1521 2531 1573 qure
2562 1507 2828 1561 illuminat
2857 1523 3074 1562 omnem
3113 1510 3387 1570 hominem

1820 1591 2120 1644 venientem
2153 1592 2205 1644 in
2231 1594 2371 1648 hunc
2407 1600 2662 1652 mundum
2693 1616 2706 1651 :
2740 1610 2791 1651 et
2822 1599 2980 1651 simul
3003 1600 3162 1653 etiam
3197 1600 3389 1669 magna

1821 1681 2095 1734 hominum
2134 1684 2418 1738 multitudo
2449 1687 2674 1743 deducta
2706 1699 2788 1741 est
2823 1690 3083 1743 miraculo
3118 1691 3182 1742 ad
3236 1691 3387 1758 agni-

1821 1772 2016 1826 tionem
2043 1774 2303 1829 veritatis.
2339 1775 2504 1840 Quem
2538 1793 2643 1830 non
2680 1779 2792 1833 haec
2841 1788 3176 1845 mutassent,
3224 1790 3276 1835 et
3300 1782 3383 1835 ef-

159 1839 241 1892 καὶ
290 1841 484 1910 μαθεῖν
530 1847 974 1913 παρεσκεύασεν;
1042 1849 1181 1902 Ἀλλ’
1241 1853 1289 1902 εί
1335 1852 1427 1904 καὶ
1481 1853 1711 1920 πάντας,
1749 1856 1821 1917 Β]

1749 1856 1786 1908 Β
1817 1865 2070 1920 fecissent
2108 1881 2351 1934 qumere
2379 1878 2434 1922 et
2459 1869 2666 1923 discere
2692 1913 2706 1932 ,
2761 1872 3010 1941 quisnam
3059 1874 3104 1926 is
3137 1875 3205 1927 sit
3231 1915 3246 1938 ,
3291 1874 3386 1942 qui

156 1932 437 2001 Οὐαλέριον
489 1934 621 2002 γοῦν
671 1936 941 2004 οὐδαμῶς,
1000 1938 1137 1991 ἀλλὰ
1191 1943 1288 1993 καὶ
1334 1943 1468 1994 πολὺ
1507 1945 1708 2011 μᾶλλον

154 2023 512 2091 ἀπηνέστερον
547 2026 739 2078 ἑαυτοῦ
764 2029 1130 2096 πεποιήκασι,
1163 2031 1416 2102 καθάπερ
1447 2035 1708 2103 ὲνηδόμε-

154 2131 230 2165 νον
275 2117 335 2183 τῇ
390 2116 643 2186 ἀπωλείᾳ
676 2117 775 2185 τῆς
808 2119 1014 2190 πλάνης
1055 2121 1148 2174 καὶ
1188 2123 1442 2192 οὐδαμῶς
1476 2126 1710 2179 ἐκκαλυ-

155 2207 334 2274 φθῆναι
369 2209 469 2277 τὴν
505 2208 764 2276 ἀλήθειαν
791 2211 1150 2280 ἀνεχόμενον
1187 2212 1310 2268 ὅθεν
1331 2218 1425 2269 καὶ
1448 2217 1537 2270 τὸν
1569 2220 1709 2289 μάρ-

149 2313 272 2366 rapa
307 2301 512 2368 ταύτης
553 2302 643 2353 ἐπὶ
682 2302 839 2367 ξύλου
876 2307 1237 2376 μετεωρίσας,
1289 2311 1560 2375 αἰκίζεται
1590 2313 1708 2382 δρι-

151 2390 409 2454 μυτάτως,
473 2395 729 2457 τοιαύτας
786 2396 934 2466 αὐτῷ
966 2399 1063 2460 τὰς
1108 2399 1346 2468 ἀμοιϐὰς
1375 2403 1474 2470 τῆς
1505 2405 1585 2466 είς
1615 2405 1708 2457 τὸν

147 2479 508 2550 συγκάθεδρον
538 2484 856 2551 εὐεργεσίας
889 2485 1196 2550 ἀποδιδούς.

207 2654 297 2710 1Δ’.
341 2655 615 2720 Ἐξαίνετο
647 2660 746 2727 μὲν
774 2655 868 2716 οῦν
900 2662 960 2718 τὸ
990 2665 1154 2719 καλὸν
1193 2669 1368 2724 έκεῖνο
1401 2673 1560 2743 σῶμα
1582 2678 1706 2740 ταῖς

146 2745 370 2811 μάστιξι.
430 2747 687 2803 Πάπυλον
717 2750 774 2803 δὲ
825 2752 884 2804 οὐ
924 2755 1082 2807 τοῦτο
1117 2757 1328 2822 ἐλύπει,
1364 2761 1478 2813 ἀλλ’
1518 2764 1600 2816 ὅτι
1629 2766 1703 2836 μὴ

140 2836 507 2907 χαλεπώτεραι
582 2841 783 2908 μᾶλλον
848 2844 1120 2915 ἐπήγοντο
1177 2848 1439 2917 βάσανοι,
1516 2854 1704 2918 δεινῶς

140 2928 392 2995 ἤσχαλλεν
415 2946 428 2959 ·
482 2929 673 2999 ὥσπερ
706 2933 835 2998 γοῦν
862 2935 954 2987 ἀπ’
995 2939 1247 3002 ἐναντίας
1277 2943 1371 2994 καὶ
1402 2943 1700 3015 Οὐαλέριος

138 3021 440 3086 ἡττωμένας
467 3019 610 3088 δρῶν
643 3023 802 3075 πάλιν
833 3024 933 3086 τὰς
954 3028 1115 3078 αὐτοῦ
1150 3029 1418 3096 βασάνους
1441 3037 1577 3103 πρὸς
1602 3039 1702 3108 τὴν

134 3108 217 3159 τοῦ
256 3108 539 3179 μάρτυρος
569 3111 858 3181 εὐψυχίαν,
896 3115 1066 3179 πάθος
1101 3119 1232 3172 ίδιον
1272 3119 1384 3190 εἶχε
1413 3125 1568 3177 τοῦτο
1601 3131 1694 3180 καὶ

134 3201 330 3268 πικρῶς
364 3202 533 3272 ἔφερε
556 3219 570 3235 ·
604 3206 894 3275 τοιγαροῦν
915 3210 1223 3276 προσετίθει
1255 3214 1351 3265 καὶ
1382 3214 1567 3282 ἄλλας,
1601 3220 1694 3271 καὶ

133 3293 231 3359 πῦρ
262 3298 381 3356 ταῖς
411 3295 582 3348 αὐτοῦ
609 3297 867 3365 πλευραῖς
903 3300 1209 3355 ὐπανάπτει
1247 3306 1343 3356 καὶ
1374 3305 1542 3370 λίθοις
1567 3308 1700 3377 βάλ-

129 3382 301 3436 λεσθαι
332 3386 588 3437 κελεύει·
625 3388 759 3439 άλλά
799 3390 891 3439 καὶ
926 3392 1062 3456 πρὸς
1101 3394 1161 3444 τὸ
1212 3395 1323 3464 πῦρ
1368 3399 1394 3448 ό
1429 3401 1699 3470 μακάριος

128 3476 265 3526 οὐδὲν
298 3477 507 3526 ἔπαθεν
541 3477 788 3541 ἀγεννὲς,
817 3479 910 3531 καὶ
937 3482 984 3532 οί
1011 3481 1147 3534 λίθοι
1176 3485 1424 3556 καθάπερ
1445 3490 1697 3558 αἰδούμε-

128 3583 195 3616 νοι
221 3567 276 3616 τὸ
303 3567 391 3618 δ;ἀ
413 3567 661 3634 Χριστὸν
685 3567 857 3631 οὕτως
881 3572 1229 3642 αἰκιζόμενον
1256 3576 1435 3646 σῶμα,
1464 3580 1694 3649 ἀλλαχοῦ

130 3658 218 3722 μὲν
242 3658 596 3725 ἠκοντίζοντο
616 3700 632 3723 ,
676 3661 800 3714 κατ’
836 3664 1003 3717 αὐτοῦ
1050 3666 1106 3718 δὲ
1136 3667 1386 3737 οὐδαμῶς
1416 3672 1692 3740 ἐφέροντο.

140 3751 275 3804 Ἐπεὶ
321 3749 416 3806 οὖν
469 3753 857 3823 ἀπηγόρευσεν
894 3757 1188 3825 Οὐαλέριος
1244 3761 1346 3828 ἠδη
1399 3765 1491 3813 καὶ
1543 3766 1694 3816 οὐδὲν

126 3839 282 3911 εἶχεν,
307 3845 338 3897 δ
374 3847 660 3914 ἐπαγάγοι
704 3851 816 3910 τοῖς
856 3849 1032 3915 ἁγίοις
1075 3849 1154 3912 είς
1183 3853 1472 3923 τιμωρίαν,
1505 3857 1695 3926 καιρὸν

123 3934 277 3986 ἐδίδου
299 3937 413 3996 τοῖς
437 3934 698 4004 μώλωψι,
731 3937 1081 4006 λογιζόμενος
1112 3942 1265 4005 ἴσως,
1298 3943 1374 4006 ὡς
1414 3945 1465 3997 εῐ
1491 3963 1552 4012 γε
1602 3949 1694 4000 καὶ

125 4023 302 4094 μικρὸν
351 4024 536 4089 οὕτως
584 4025 827 4080 ἀνεθεῖεν
878 4030 928 4082 oi
989 4031 1288 4101 μάρτυρες,
1340 4034 1691 4106 δριμυτέραις

120 4115 301 4182 αὐτοὺς
327 4121 378 4172 οί
403 4118 684 4189 μώλωπες
714 4121 1102 4186 περιϐαλοῦσιν
1138 4125 1353 4188 ὀδύναις
1389 4128 1489 4196 ήδη
1524 4129 1689 4196 φλεγ-

1813 1963 1959 2008 tanta
1995 1966 2078 2008 est
2111 1957 2305 2008 virtute
2332 1958 2626 2023 praeditus?
2654 1958 2758 2013 Sed
2788 1969 2842 2013 et
2871 1959 2914 2012 si
2945 1974 3132 2014 omnes
3180 1975 3392 2027 nequa-

1810 2061 1969 2114 quam
2007 2045 2221 2114 quidem
2247 2059 2394 2099 certe
2427 2049 2717 2111 Valerium,
2752 2052 2857 2102 imo
2880 2065 3003 2102 eum
3033 2051 3194 2102 etiam
3216 2065 3275 2104 se
3297 2052 3382 2117 ip-

1811 2155 1906 2208 pso
1940 2139 2184 2192 fecerunt
2215 2138 2368 2208 longe
2391 2141 2690 2205 seriorem,
2725 2143 2947 2210 perinde
2975 2143 3085 2197 acsi
3137 2142 3372 2197 delecta-

1813 2242 1962 2286 retur
1987 2247 2174 2288 errore
2207 2279 2222 2302 ,
2257 2245 2309 2290 et
2339 2247 2672 2304 nequaquam
2703 2234 2995 2291 sustineret
3035 2236 3237 2302 aperiri
3289 2251 3383 2290 ve-

1813 2328 2043 2380 ritatem.
2077 2327 2232 2382 Unde
2264 2330 2427 2382 etiam
2456 2343 2575 2380 cum
2607 2329 2723 2395 ejus
2751 2335 3041 2396 martyrem
3091 2326 3379 2380 sublimem

1808 2433 1968 2486 supra
2002 2421 2202 2490 lignum
2239 2421 2563 2485 sustulisset,
2593 2421 2844 2472 verberat
2870 2419 3222 2475 acerbissime
3246 2457 3261 2481 ,
3290 2429 3376 2472 ta-

1807 2509 1882 2563 les
1911 2513 1959 2563 ei
1996 2512 2222 2564 reddens
2272 2513 2735 2564 remunerationes
2785 2526 2881 2580 pro
2925 2511 3211 2575 beneflcio,
3266 2524 3382 2580 quo

1809 2603 1923 2668 ejus
1956 2599 2208 2656 affecerat
2239 2617 2599 2657 assessorem.

1875 2693 2013 2749 XIV.
2051 2695 2111 2748 Et
2165 2694 2390 2763 ﬂagellis
2447 2695 2660 2761 quidem
2719 2694 3036 2747 czedebatur
3088 2694 3373 2763 pulchrum

1807 2784 1929 2837 illud
1950 2799 2177 2852 corpus:
2207 2783 2461 2854 Papylum
2488 2792 2662 2836 autem
2692 2798 2795 2835 non
2825 2783 2925 2837 b'oc
2958 2785 3096 2838 male
3120 2783 3374 2846 habebat,

1802 2877 1893 2928 sed
1929 2876 2071 2942 quod
2099 2891 2203 2927 non
2229 2877 2477 2944 graviora
2514 2876 2887 2944 inlligcrentur
2911 2887 3202 2942 tormenta,
3226 2893 3369 2946 :egre

1801 2965 2046 3019 ferebat:
2079 2966 2350 3032 quomodo
2379 2975 2567 3018 contra
2593 2966 2862 3031 Valerius,
2890 2969 3028 3020 victa
3063 2969 3248 3020 videns
3275 2984 3372 3021 sua

1804 3065 2065 3108 tormenta
2099 3070 2127 3107 a
2167 3056 2417 3125 martyris
2461 3056 2623 3108 animi
2656 3056 3044 3125 magnitudine,
3074 3057 3288 3110 dolebat
3316 3067 3372 3110 et

1803 3148 1995 3200 acerbe
2058 3147 2339 3200 tolerabat.
2389 3146 2596 3213 Adiecit
2644 3148 2830 3214 itaque
2888 3147 3055 3200 etium
3114 3148 3250 3208 alia;
3316 3158 3374 3201 et

1804 3241 1976 3306 ignem
2009 3239 2248 3289 accendit
2281 3238 2399 3302 ejus
2435 3238 2714 3302 lateribus,
2743 3249 2793 3290 et
2821 3239 2974 3304 jubet
3031 3254 3151 3291 eum
3187 3239 3372 3305 appeti

1802 3330 2084 3398 lapidibus.
2115 3331 2220 3383 Sed
2257 3345 2355 3382 nec
2380 3331 2635 3383 adversus
2669 3332 2843 3397 ignem
2910 3347 2967 3383 se
3012 3334 3176 3397 gessit
3228 3347 3371 3383 mar-

1804 3431 1892 3488 tyr
1927 3421 2158 3488 ignave:
2191 3429 2242 3473 et
2277 3420 2478 3487 lapides
2502 3420 2660 3472 veluti
2695 3419 2905 3472 reveriti
2931 3434 3126 3488 corpus
3157 3459 3172 3483 ,
3223 3423 3372 3488 quod

1801 3515 1880 3565 sic
1908 3529 2003 3580 pro
2036 3511 2256 3566 Christo
2293 3514 2664 3580 torquebatur,
2703 3511 2809 3564 alio
2835 3512 3049 3579 quidem
3083 3510 3364 3575 iacieban-

1803 3609 1905 3660 tur,
1967 3614 2301 3666 nequaquam
2338 3611 2517 3651 autem
2557 3601 2607 3650 in
2653 3599 2824 3667 ipsum
2866 3601 3197 3652 ferebantur.
3227 3599 3363 3652 Cum

1797 3703 1924 3755 ergo
1949 3688 2060 3754 jam
2092 3679 2336 3741 defessus
2364 3699 2504 3742 esset
2535 3687 2803 3749 Valerius,
2834 3705 2933 3742 nec
2978 3692 3088 3757 jam
3117 3692 3361 3752 haberet,

1798 3778 1937 3844 quod
1972 3779 2173 3831 sanctis
2198 3776 2418 3832 inferret
2446 3781 2511 3831 ad
2543 3779 2869 3847 supplicium
2898 3817 2914 3841 ,
2969 3777 3130 3832 dabat
3151 3786 3364 3847 tempus

1797 3869 2076 3931 vibicibus,
2109 3881 2358 3935 reputans
2389 3869 2636 3930 fortasse,
2676 3873 2817 3935 quod
2843 3873 2884 3923 si
2911 3886 3099 3939 parum
3149 3872 3362 3926 dimissi

1795 3960 1872 4013 sic
1937 3957 2135 4011 fuerint
2183 3969 2469 4027 martyres,
2518 3959 2833 4012 inflammati
2881 3962 2991 4029 jam
3035 3962 3239 4018 vibices
3266 3979 3360 4016 eos

1794 4052 2134 4118 gravioribus
2185 4050 2458 4105 allicerent
2514 4052 2810 4113 doloribus,
2848 4063 2902 4107 et
2933 4055 3014 4109 sic
3071 4055 3364 4109 redderent

1795 4141 2069 4195 molliores
2128 4140 2194 4194 ad
2256 4140 2488 4194 futuram
2553 4145 2930 4209 quastionem.
2984 4144 3090 4198 Sed
3146 4144 3182 4198 ii
3237 4159 3359 4198 cum

121 4209 376 4275 μήναντες
407 4212 510 4263 καὶ
540 4208 690 4263 οὕτω
716 4206 1073 4283 χαυνοτέρους
1097 4214 1233 4285 πρὸς
1268 4216 1368 4279 τὰς
1394 4218 1690 4285 μελλούσας

1791 4248 1954 4300 prope
1987 4233 2248 4284 baberent
2295 4206 2585 4295 Medicum,
2633 4243 2848 4300 prepter
2896 4249 3054 4301 quem
3087 4235 3270 4301 plagas
3295 4235 3359 4286 li-

115 4297 376 4366 ἐξετάσεις
405 4303 768 4371 παρέξονται.
818 4304 959 4357 Ἀλλ’
992 4298 1139 4360 οὗτοι
1184 4307 1274 4361 τὸν
1311 4309 1495 4381 ἰατρὸν
1521 4313 1688 4382 ἐγγὺς

1789 4297 1978 4375 benter
2039 4320 2398 4386 accipiebant,
2455 4335 2559 4375 non
2611 4297 2782 4374 solum
2845 4336 2874 4374 a
2915 4297 3218 4385 doloribus,
3264 4324 3357 4378 sed

113 4389 331 4460 ἕχοντες,
397 4394 471 4446 δι’
513 4393 579 4446 ὃν
612 4395 704 4447 καὶ
758 4395 858 4459 τάς
888 4397 1104 4469 πληγὰς
1133 4400 1303 4469 ἡδέως
1334 4403 1599 4473 ἐδέχοντο,
1625 4408 1685 4461 οὐ

1790 4417 1952 4470 etiam
1981 4432 2008 4468 a
2043 4416 2352 4469 vulneribus
2377 4416 2584 4469 liberati
2623 4425 2750 4472 sunt
2784 4416 2943 4470 simul
2987 4432 3110 4470 cum
3137 4417 3359 4471 cicatri-

112 4482 208 4536 τῶν
235 4485 439 4540 ὀδυνῶν
481 4485 673 4556 μόνον,
701 4485 840 4539 ἀλλά
871 4487 970 4542 καὶ
999 4489 1108 4542 τῶν
1139 4495 1469 4561 τραυμάτων
1489 4500 1680 4561 αὐταῖς
1714 4515 1761 4574 ο

1714 4515 1761 4574 ο
1789 4509 1961 4574 cibus,
1993 4523 2059 4561 nc
2086 4508 2250 4560 ullum
2277 4509 2493 4576 quidem
2527 4509 2578 4560 in
2619 4522 2677 4560 se
2711 4520 2898 4560 eorum
2932 4506 3166 4561 ferentes
3189 4508 3353 4561 vesti-

109 4576 280 4640 οὐλαῖς
300 4577 750 4648 ἀπηλλάττοντο,
779 4577 916 4648 μηδὲ
942 4579 1087 4649 ίχνος
1118 4597 1172 4634 τι
1210 4583 1416 4637 τούτων
1439 4587 1525 4655 ιφ*
1557 4589 1685 4642 ἑαυ-

1784 4601 1949 4672 gium.
1981 4599 2160 4664 Quare
2190 4601 2428 4668 seipsum
2477 4599 2790 4668 imprudens
2821 4599 3046 4653 feriebat
3089 4597 3351 4662 Valerius,

111 4666 206 4721 τῶν
257 4670 692 4740 περιφέροντες,
738 4669 880 4724 ὥστε
915 4671 1172 4734 ἐλάνθανε
1204 4674 1457 4745 πλήττων
1492 4680 1682 4734 ἑαυτὸν

1783 4707 1889 4746 non
1921 4703 2208 4762 martyres.
2248 4691 2364 4756 Quo
2400 4691 2544 4745 enim
2582 4692 2654 4745 illi
2685 4694 2856 4760 magis
2917 4691 3227 4746 levabantur
3277 4690 3354 4745 la-

108 4758 408 4829 Οὐαλέριος,
441 4758 506 4811 οὐ
537 4758 671 4820 τοὺς
711 4758 995 4830 μάρτυρας
1021 4777 1033 4792 ·
1061 4763 1170 4832 ὅσῳ
1198 4765 1306 4836 γάρ
1335 4768 1682 4837 ὲκουφίξοντο

1782 4782 2023 4845 boribus,
2061 4758 2124 4835 eo
2149 4780 2319 4850 magis
2355 4796 2454 4836 cor
2497 4783 2611 4848 ejus
2637 4758 2943 4837 credebatur
2975 4801 2989 4836 :
3023 4783 3234 4852 iraque,
3258 4797 3351 4851 pe-

105 4848 201 4901 τῶν
232 4850 406 4904 πόνων
439 4850 689 4915 ἐκεῖθεν,
711 4851 952 4921 τοσούτῳ
982 4852 1080 4924 τὴν
1103 4855 1332 4925 καρδίαν
1363 4862 1528 4924 αὐτὸς
1552 4864 1681 4932 ἐμα-

108 4940 321 5005 στίζετο,
346 4943 444 4994 καὶ
469 4943 654 5010 θυμὸς
675 4942 838 4996 αὐτὸν
869 4944 960 4996 ῐσα
996 4946 1090 4997 καὶ
1121 4949 1254 5018 πυρὶ
1286 4951 1621 5022 κατεπίπρα.

163 5033 256 5088 lE'.
285 5034 474 5105 Βραχύ
496 5032 565 5085 τὸ
592 5033 800 5102 μεταξύ
823 5037 918 5088 καὶ
952 5036 1114 5090 πάλιν
1152 5041 1180 5093 ὁ
1223 5041 1323 5108 μὲν
1353 5044 1439 5110 ἐφ’
1473 5045 1674 5114 ὑψηλοῦ

102 5125 429 5194 προκάθηται
457 5123 740 5194 βήματος.
759 5128 980 5192 φονικόν
999 5144 1056 5182 τε
1077 5131 1168 5183 καὶ
1189 5133 1418 5200 μανικὸν
1438 5135 1671 5205 βλέπων,

103 5213 181 5291 καὶ
207 5213 290 5269 διὰ
317 5216 410 5270 τοῦ
462 5215 572 5285 τῆς
603 5213 784 5286 ψυχῆς
831 5220 1163 5291 κατόπτρου,
1214 5225 1321 5276 τῶν
1353 5225 1670 5296 ὀφθαλμῶν,

1783 4876 1937 4931 rinde
1961 4890 2023 4929 ac
2047 4875 2206 4944 ignis,
2236 4890 2360 4931 eum
2388 4875 2739 4930 accendebat.

1850 5050 1964 5104 XV.
1993 5050 2163 5105 Breve
2195 5059 2405 5122 tempus
2441 5053 2770 5113 lutercessit,
2804 5061 2856 5106 et
2900 5067 3086 5109 mrsns
3113 5051 3198 5103 ille
3225 5053 3345 5118 qui-

1779 5144 1895 5197 deut
1922 5141 2174 5210 praesidet
2208 5143 2261 5196 in
2288 5144 2504 5198 excelso
2545 5141 2817 5206 tribunali,
2851 5153 2999 5195 torvo
3034 5151 3086 5195 et
3139 5145 3338 5194 caedent

1774 5234 2013 5299 spirante
2045 5241 2262 5299 aspectu
2286 5234 2524 5294 intuens,
2550 5242 2604 5284 et
2648 5249 2743 5299 per
2786 5234 2977 5283 anima:
3033 5236 3335 5298 speculum,

100 5303 351 5370 τὴνένδον
403 5305 740 5373 ὑποφαίνων
794 5310 1052 5375 πικρίαν,
1109 5315 1200 5364 καὶ
1252 5314 1372 5365 οὐδὲ
1403 5319 1668 5384 προσιτὸς

1666 5338 1668 5345 ν
1771 5318 1976 5380 oculos,
2030 5318 2292 5370 internam
2352 5318 2648 5370 ostendens
2694 5317 3063 5378 acerbitatem,
3122 5319 3184 5368 et
3232 5331 3328 5368 nec

101 5394 196 5452 τοῖς
231 5395 474 5447 πλείοσιν
517 5396 636 5446 ὢν·
700 5398 1046 5462 περιίσταται
1094 5401 1150 5452 δὲ
1205 5404 1365 5457 αὐτὸν
1409 5409 1517 5457 πᾶν
1543 5408 1666 5458 ὅσον

1655 5425 1666 5454 ρ
1768 5407 2006 5472 pluribus
2029 5404 2242 5469 quidem
2277 5404 2360 5456 sui
2387 5406 2629 5470 praebens
2657 5403 2881 5456 adeundi
2909 5404 3116 5468 copiam
3140 5403 3317 5454 :illum

102 5483 411 5548 ὑπηρετικὸν
450 5479 573 5551 εἶχε
601 5482 700 5550 τῆς
733 5487 999 5552 σφετέρας
1031 5488 1347 5551 ἀλαζονείας
1370 5508 1382 5521 ’
1410 5495 1658 5558 είσάγον-

101 5586 175 5618 ται
201 5571 250 5621 δὲ
288 5573 336 5620 oi
383 5573 655 5637 γεννάδαι
681 5587 696 5601 ⁸
754 5573 952 5637 μᾶλλον
990 5576 1047 5625 δὲ
1102 5576 1301 5628 είσίασι
1350 5579 1650 5646 πρόθυμοι·

100 5653 230 5716 εἶπες
256 5659 318 5708 ἆν
336 5659 541 5718 αὐτοὺς
576 5659 661 5713 είς
698 5660 952 5727 εὐωχίαν,
987 5663 1085 5713 οὐκ
1134 5664 1213 5724 είς
1247 5665 1429 5730 ἀγῶνα
1466 5669 1645 5719 καλεῖς

1765 5506 1940 5546 autem
1989 5501 2200 5544 tantum
2238 5494 2664 5555 circumsistunt,
2707 5492 3014 5559 quicunque
3036 5495 3314 5543 erantmi-

1759 5581 1910 5633 nistri
1952 5581 2067 5647 ejus
2115 5583 2451 5648 arrogantim.
2497 5582 2910 5633 lutroducuntur
2962 5590 3140 5632 autem
3199 5581 3298 5633 viri

1751 5671 2011 5736 pt'arclari,
2056 5670 2135 5722 vel
2166 5671 2339 5737 potius
2377 5671 2745 5737 ingrediuntur
2775 5678 3016 5738 prompto
3040 5679 3092 5723 et
3123 5669 3287 5726 alacri

101 5741 237 5794 σθαι·
273 5751 360 5798 καὶ
396 5751 421 5799 ὁ
455 5747 560 5816 μὲν
589 5750 956 5815 καταπλήξειν
1008 5753 1199 5814 αὐτοῦς
1236 5756 1325 5808 καὶ
1379 5757 1480 5826 πρὸ
1536 5759 1637 5809 τῶν
1744 5778 1763 5814 2

1621 5781 1637 5809 κ
1744 5762 1939 5817 animo.
1983 5763 2193 5818 Diceres
2248 5778 2336 5818 eos
2370 5765 2543 5819 vocari
2594 5767 2660 5821 ad
2693 5766 3016 5832 convivium,
3042 5780 3144 5821 non
3177 5779 3283 5819 att-
