4208 6300
770 375 872 442 123

2066 363 2349 425 MENSIS
2388 362 2719 426 APRILIS.

3919 351 4018 415 1%

770 499 883 546 tem
912 487 978 543 ad
1009 491 1308 542 certamen.
1334 480 1403 536 Et
1435 479 1525 535 ille
1552 468 1767 549 quidem
1790 474 2094 537 videbatur,
2118 472 2198 525 vel
2218 482 2341 527 ante
2372 475 2409 532 Α

2485 471 2684 524 πειλῶν
2720 469 2895 524 ἐδόκει
2923 471 3061 543 μόνῃ
3088 472 3152 541 τῇ
3182 468 3302 539 θέα.
3327 467 3424 521 καὶ
3458 466 3645 538 ἠρώτα
3667 467 3769 534 τῆς
3791 462 4021 536 γνώμης

773 581 970 645 minas,
1007 594 1102 636 eos
1126 592 1252 635 esse
1285 576 1576 631 territurus
1598 570 1715 639 ipso
1744 567 1857 622 solo
1877 573 2093 633 aspectu
2124 582 2137 618 :
2164 573 2218 618 et
2255 563 2336 617 in-

777 674 1114 743 terrogabat,
1142 669 1427 727 sententia:
1450 677 1745 734 martyrum
1771 659 1975 715 faciens
2001 658 2295 729 periculum
2326 675 2340 711 :

774 775 833 822 et
858 766 1069 822 visione
1099 759 1542 834 apprehendehat
1571 772 1758 812 eorum
1802 752 2178 808 mutationem.
2200 749 2347 804 Tan-

778 866 891 915 tum
922 872 1052 912 vero
1075 859 1286 919 aberat,
1317 863 1374 909 ut
1406 854 1480 907 illi
1515 852 1583 905 ita
1637 860 1823 905 essent
1852 845 2051 910 affecti,
2094 854 2153 899 ut
2182 843 2346 898 etiam

780 949 830 1003 ei
852 948 1245 1017 exprobrarent
1269 944 1572 998 tarditatem
1610 943 1662 1003 in
1710 939 1933 994 ferenda
1975 934 2266 995 sententia,
2295 940 2351 985 et

782 1040 927 1109 quod
982 1052 1087 1093 non
1148 1038 1256 1093 cito
1308 1044 1676 1094 morerentur,
1729 1032 1882 1086 valde
1912 1043 2056 1099 aegre
2099 1026 2349 1083 ferrent:

784 1128 915 1194 Cur,
947 1129 1211 1191 dicentes,
1240 1137 1297 1183 et
1328 1127 1444 1189 tibi,
1466 1137 1519 1179 et
1548 1123 1763 1179 famulis
1785 1122 2005 1178 exhibes
2024 1118 2349 1183 molestiam,

782 1232 884 1274 nos
911 1217 1125 1286 quidem
1161 1230 1302 1282 saepe
1347 1213 1643 1277 adducens,
1687 1220 1973 1282 postremae
1997 1218 2177 1264 autem
2206 1220 2349 1262 sem-

786 1321 884 1379 per
944 1320 1172 1376 parcens
1221 1305 1524 1370 senteutiae,
1581 1317 1807 1373 sperans
1856 1300 2085 1354 fortasse
2135 1298 2272 1359 fore,
2298 1304 2358 1349 ut

786 1413 888 1455 nos
932 1397 1213 1468 poeniteat,
1249 1406 1304 1452 et
1336 1398 1685 1465 persuadeas,
1715 1400 1775 1447 ut
1807 1406 1835 1445 a
1891 1390 2108 1445 Christo
2134 1386 2355 1442 delicia-

786 1505 911 1546 mus
971 1498 1028 1545 et
1080 1487 1349 1543 veritate?
1391 1486 1542 1552 Quod
1605 1485 1823 1554 quidem
1887 1492 2013 1536 tunc
2054 1478 2356 1548 aspexeris,

788 1594 917 1636 cum
966 1578 1173 1635 videris
1216 1593 1313 1633 nos
1357 1592 1511 1649 atque
1548 1592 1613 1633 ac
1656 1576 1788 1631 deos
1818 1582 1958 1638 tuos,
2006 1571 2153 1627 nullo
2196 1584 2356 1626 sensu

791 1672 1044 1743 praeditos
1077 1680 1131 1727 et
1183 1671 1398 1727 surdos.
1458 1670 1582 1726 Haec
1629 1684 1755 1723 cum
1809 1668 2039 1735 primum
2075 1665 2357 1728 dixissent,

793 1764 1029 1819 murices
1074 1763 1293 1834 quidem
1356 1762 1517 1816 ferrei
1577 1759 2022 1830 dispergebantur
2078 1758 2128 1811 in
2170 1764 2357 1811 terra:

795 1855 1036 1924 praclari
1068 1865 1246 1908 autem
1285 1852 1385 1907 viri
1416 1854 1468 1905 ln
1508 1866 1602 1907 eos
1630 1851 1754 1905 nudi
1785 1848 2143 1917 iaciebantur,
2185 1855 2240 1899 et
2261 1860 2353 1899 su-

799 1946 907 2016 pini
934 1959 1098 2014 super
1141 1959 1236 1999 eos
1271 1944 1622 1997 trahebantur
1666 1939 1997 1995 crudeliter:
2032 1952 2118 1992 res
2147 1940 2212 1991 ad
2240 1951 2357 1991 cru-

800 2038 1003 2093 ciatum
1028 2037 1405 2103 acerbissima,
1431 2051 1554 2091 cum
1592 2036 1673 2089 vel
1705 2034 1876 2089 solum
1923 2031 2207 2100 subjicitur
2238 2044 2367 2085 ocuo

799 2130 889 2185 lis.
918 2128 1028 2184 Sed
1080 2145 1178 2184 nec
1214 2131 1265 2182 in
1301 2131 1403 2183 hoc
1427 2128 1643 2198 quidem
1683 2129 1813 2182 deos
1848 2140 1973 2180 suos
2021 2124 2255 2193 neglexit
2288 2121 2387 2175 far

805 2221 983 2275 mulos
1018 2239 1033 2275 :
1066 2220 1161 2276 sed
1191 2220 1375 2274 statim
1406 2220 1643 2287 (oportet
1665 2218 1810 2272 enim
1853 2229 2037 2269 rursus
2059 2213 2258 2281 aliquid
2287 2212 2369 2264 tli-

801 2327 926 2369 cere
952 2328 1018 2369 ex
1054 2313 1234 2368 divina
1266 2312 1571 2379 Scriptura)
1600 2308 1845 2363 ascendit
1896 2306 2166 2376 inspirans
2210 2303 2263 2357 in
2292 2302 2372 2355 l'a-

803 2402 941 2458 ciem
972 2417 1183 2463 eorum,
1207 2411 1261 2455 et
1289 2416 1383 2455 eos
1406 2400 1639 2454 liberans
1664 2414 1727 2452 ex
1765 2397 2070 2452 alllictione.
2100 2395 2165 2449 Et
2207 2394 2371 2464 proti-

805 2508 912 2550 nus
966 2502 1305 2549 evanuerunt
1353 2492 1605 2559 murices,
1643 2499 1697 2546 et
1730 2490 2036 2545 conservati
2092 2494 2221 2544 sunt
2272 2485 2371 2556 ipsi

806 2586 957 2641 illaasi
997 2601 1024 2639 a
1059 2586 1235 2640 malis.
1269 2584 1379 2639 lloc
1412 2584 1567 2653 plane
1583 2584 1819 2654 indicem
1847 2582 2185 2637 accenditad
2220 2580 2371 2635 furo—

807 2693 923 2732 rem
950 2696 963 2731 :
996 2690 1048 2732 et
1081 2677 1353 2731 novaculae
1385 2678 1518 2730 adeo
1547 2674 1840 2730 crudeliter
1880 2682 2174 2741 martyrum
2208 2672 2374 2724 latera

808 2767 1103 2831 laniabant,
1141 2779 1195 2823 ut
1226 2778 1517 2836 utrumque
1551 2782 1647 2836 par
1665 2779 1855 2819 rursus
1886 2765 2232 2833 egrederetur
2281 2777 2378 2816 na-

809 2858 1013 2915 turales
1034 2860 1256 2922 limites,
1282 2874 1471 2924 nempe
1493 2867 1546 2913 et
1582 2859 1800 2911 lictores
1827 2857 1878 2911 in
1910 2854 2179 2926 puniendo
2203 2852 2377 2908 immi-

809 2950 1183 3010 sericorditer,
1206 2960 1257 3004 et
1287 2950 1456 3004 sancti
1493 2948 1543 3002 in
1575 2948 1699 3003 forti
1732 2950 1914 3001 animo
1946 2945 2240 3001 tolerandis
2264 2959 2377 2998 nto-

812 3039 1003 3094 testiis.

2445 563 2901 635 ἀποπειρώμενος
2958 563 3068 616 τῶν
3100 563 3272 629 ἀγίων
3319 562 3415 615 καὶ
3452 561 3754 630 μεταϐολὴν
3783 559 4020 629 ἐφαντά-

2445 656 2568 719 ζετο
2588 672 2602 687 ·
2637 657 2685 709 οί
2720 655 2777 708 δέ
2804 652 3057 707 τοσοῦτον
3079 652 3319 722 ἀπέσχον
3342 650 3436 703 τοῦ
3465 666 3518 703 τι
3543 650 3784 704 τοιοῦτον
3804 648 4022 722 παθεῖν,

2446 745 2587 800 ὥστε
2637 746 2731 799 καὶ
2777 744 3053 808 ὠνείδιζον
3094 743 3245 814 αὐτῷ
3282 744 3383 812 τὴν
3426 742 3557 810 περὶ
3589 740 3684 812 τὴν
3741 740 4025 807 ἀπόφασιν

2450 835 2778 907 βραδυτῆτα,
2814 835 2906 887 καὶ
2934 835 3017 887 ὅτι
3045 835 3118 904 μὴ
3141 834 3352 903 ταχέως
3386 834 3733 903 ἀπέθνησκον
3765 830 4025 894 ἐπιεικῶς

2450 926 2847 996 ἐδυσχέραινον.
2882 925 2949 978 Τί
3003 925 3331 994 πράγματα,
3389 922 3660 991 λέγοντες,
3712 924 3806 975 καὶ
3841 921 4027 989 σαυτῷ

2452 1018 2547 1071 καὶ
2574 1019 2689 1081 τοῖς
2716 1016 3022 1088 ὑπηρέταις
3074 1016 3358 1086 παρέχεις,
3405 1015 3723 1084 ἀγωγίμους
3758 1014 3855 1083 μὲν
3881 1015 4027 1083 ἡμᾶς

2452 1110 2713 1172 πολλάκις
2734 1109 2925 1174 ποιῶν,
2946 1110 3043 1177 τῆς
3071 1109 3126 1162 δὲ
3150 1106 3466 1169 τελευταίας
3489 1107 3671 1176 ψήφου
3694 1106 4029 1184 φειδόμενος,

2453 1202 2689 1267 ἐλπίζων
2718 1203 2860 1272 τάχα
2898 1202 3231 1273 μεταϐαλεῖν
3257 1202 3288 1270 ἡ
3300 1200 3406 1270 μᾶς
3437 1200 3529 1252 καὶ
3566 1202 3751 1252 πεῖσαι
3783 1197 4029 1266 ἀποστῆ-

2456 1313 2545 1350 ναι
2598 1294 2836 1366 Χριστοῦ
2890 1294 2987 1347 καὶ
3042 1296 3141 1364 τῆς
3207 1292 3501 1363 ἀληθείας;
3552 1292 3728 1362 Ὅπερ
3780 1291 3903 1343 τότε
3966 1287 4031 1342 ἂν

2457 1387 2685 1451 ἐθεάσω,
2710 1387 2800 1440 ὅτε
2825 1385 3027 1455 ὁμοίως
3050 1388 3160 1446 τοῖς
3187 1388 3301 1446 σοῖς
3331 1384 3473 1447 θεοῖς
3503 1382 3861 1451 ἀναισθήτους
3884 1380 4034 1450 ἡμᾶς

2458 1476 2711 1550 ἑώρακας
2739 1479 2835 1532 καὶ
2868 1478 3111 1545 κωφούς.
3148 1475 3334 1528 Ταῦτα
3363 1477 3459 1527 οὐκ
3495 1475 3736 1542 ἔφθασαν
3766 1473 3845 1537 είς
3881 1471 4033 1532 τέλος

2459 1572 2656 1635 είπεῖν,
2691 1569 2787 1623 καὶ
2825 1571 3035 1640 σιδηροῖ
3071 1570 3170 1639 μὲν
3205 1571 3345 1621 κατά
3372 1570 3472 1637 γῆς
3506 1566 3820 1635 ἐσπείροντο
3851 1562 4037 1633 τρίϐο⁸

2462 1663 2573 1717 λοι·
2608 1662 2957 1732 ἠκοντίζοντο
2984 1661 3041 1713 δὲ
3079 1662 3199 1713 κατ’
3229 1660 3410 1714 αὐτῶν
3464 1660 3513 1712 οί
3572 1660 3807 1727 γενναῖοι
3837 1656 4039 1725 γυμνοὶ

2464 1758 2556 1812 καὶ
2581 1756 2761 1810 ὕπτιοι
2796 1756 2983 1809 ἐπάνω
3005 1752 3212 1807 τούτων
3245 1752 3481 1822 ἀφειδῶς
3512 1752 3773 1812 εἶλκοντο.
3806 1749 4040 1818 πρᾶγμα

2467 1847 2792 1916 πικρότατον
2849 1844 2930 1906 είς
2960 1843 3236 1912 τιμωρίαν
3295 1842 3387 1894 καὶ
3427 1842 3587 1910 μόνον
3616 1843 3693 1899 εἰς
3725 1838 4043 1906 ὀφθαλμοὺς

2469 1937 2796 2009 ἐρχόμενον·
2850 1933 2965 1988 ἀλλ’
3019 1932 3127 1985 οὐδ’
3184 1933 3242 1984 ἐν
3268 1929 3442 2002 τούτῳ
3501 1929 3633 1991 Θεὸς
3686 1927 3794 1980 τῶν
3824 1923 4042 1979 οἰκείων

2468 2028 2657 2099 ἠμέλει
2692 2025 3066 2097 θεραπευτιῖΝ,
3098 2024 3215 2079 ἀλλ’
3238 2023 3442 2085 εὐθέως
3486 2022 3603 2087 (δεῖ
3632 2021 3740 2091 γὰρ
3764 2019 3856 2073 καὶ
3885 2015 4044 2080 αὖθις

2468 2118 2529 2172 τὸ
2561 2120 2657 2188 τῆς
2687 2116 2835 2181 θείας
2872 2117 3040 2181 φάναι
3072 2114 3335 2185 Γραφῆς)
3395 2112 3562 2182 ἀνέϐη
3600 2113 3627 2165 ὁ
3670 2109 3928 2181 ἐμφυσῶν
3966 2110 4046 2169 είς

2470 2211 2763 2279 πρόσωπον
2821 2207 3002 2260 αὐτῶν
3059 2206 3153 2259 καὶ
3184 2203 3574 2275 ἐξαιρούμενος
3619 2202 3817 2263 αὐτοὺς
3842 2202 3905 2253 ἐκ
3931 2199 4046 2252 θλί-

2472 2303 2615 2371 ψεως
2635 2317 2647 2329 ·
2679 2301 2771 2355 καὶ
2802 2300 3143 2370 παραχρῆμα
3174 2298 3224 2350 οί
3248 2296 3487 2367 τρίϐολοι
3524 2295 3746 2362 ἀφανεῖς
3770 2288 3912 2363 ἦσαν
3953 2291 4049 2343 καὶ

2472 2394 2625 2447 αὐτοὶ
2673 2392 2857 2446 κακῶν
2911 2389 3145 2450 ἀπαθεῖς
3204 2388 3608 2459 ἐφυλάχθησαν.
3673 2385 3846 2437 Τοῦτο
3907 2385 4048 2452 πυρὸς

2475 2486 2694 2540 πλείονα
2730 2487 2925 2555 μανίαν
2966 2485 3168 2554 ἐξῆπτε
3212 2482 3304 2535 τὸν
3340 2483 3622 2551 δικαστὴν,
3653 2478 3748 2555 κα).
3775 2476 4047 2546 ξυστῆρες

2475 2578 2637 2631 πάλιν
2656 2579 2753 2641 τάς
2774 2577 2904 2630 πλευ
2915 2579 3012 2647 ρας
3033 2574 3258 2639 ὑπέξεον
3278 2574 3385 2627 τῶν
3406 2573 3598 2641 ἀγίων,
3617 2552 3788 2632 οὕτως
3816 2567 4049 2641 ἀγρίως,

2474 2670 2549 2735 ὥς
2587 2672 2931 2741 ἀμφοτέρους
2963 2669 3117 2731 αὖθις
3149 2667 3253 2730 ἔξω
3284 2666 3391 2718 τῶν
3426 2664 3674 2734 φυσικῶν
3720 2664 3862 2732 ὅρων
3899 2661 4053 2728 γενέ-

2480 2762 2623 2823 σθαι,
2649 2762 2744 2815 καὶ
2787 2760 2913 2824 τοὺς
2959 2758 3186 2830 δημίους
3225 2758 3283 2809 ἐν
3317 2756 3393 2826 τῷ
3425 2755 3679 2817 κολάζειν
3712 2752 4055 2820 ἀσυμπαθῶς

2478 2853 2573 2906 καὶ
2603 2853 2728 2918 τοὺς
2756 2853 2948 2921 ἁγίους
2977 2853 3035 2905 ἐν
3068 2849 3145 2921 τῷ
3179 2847 3367 2921 φέρειν
3395 2846 3645 2917 εὐψύχως
3685 2843 3750 2898 τὰ
3778 2844 4019 2913 λυπηρά.

882 3130 1021 3185 XVI.
1064 3131 1188 3184 Post
1229 3131 1341 3183 haec
1383 3144 1568 3183 rursus
1616 3138 1911 3198 congregat
1957 3128 2156 3181 bestias
2191 3127 2409 3183 crude-i

2555 3116 2672 3184 ις’.
2707 3114 2860 3169 Μετᾶ
2910 3113 3085 3169 ταῦτα
3122 3112 3284 3167 πάλιν
3324 3111 3395 3165 τὰ
3423 3110 3533 3163 τῶν
3563 3107 3766 3178 θηρίων
3797 3105 4061 3174 ὡμότατα

812 3220 1078 3284 lissitnas,
1102 3230 1157 3274 et
1188 3220 1390 3275 sanctis
1411 3225 1681 3276 theatrum
1709 3220 2009 3285 constituit,
2047 3231 2099 3273 et
2144 3220 2258 3289 ipse
2290 3235 2380 3274 se-

814 3315 905 3368 det
932 3322 1226 3384 spectator.
1263 3314 1476 3368 Etcum
1518 3316 1570 3369 in
1603 3315 1837 3367 medium
1888 3314 2201 3368 adduxisset
2248 3329 2382 3366 mar-

816 3416 985 3475 tyres,
1033 3406 1087 3459 in
1112 3422 1206 3462 eus
1241 3406 1484 3459 immittit
1513 3422 1690 3461 ursam
1727 3424 1740 3460 :
1769 3416 1823 3459 et
1855 3422 1973 3461 cum
2005 3416 2266 3473 putasset,
2303 3406 2381 3460 si-

818 3495 927 3548 tnul
958 3503 1121 3566 atque
1144 3494 1373 3550 fuissent
1395 3496 1650 3558 immissi,
1683 3493 1796 3547 fore
1821 3503 1878 3547 ut
1901 3494 2138 3548 virorum
2163 3496 2384 3563 praecla-

821 3602 1004 3640 rorum
1036 3601 1262 3656 corpora
1308 3587 1659 3654 discerperet,
1711 3588 1842 3639 vidit
1898 3586 2077 3654 potius
2137 3597 2383 3639 naturam

820 3679 1134 3734 animalium
1169 3681 1377 3735 ratione
1415 3680 1738 3743 carentium,
1770 3677 2158 3733 admirabiliter
2188 3677 2388 3738 docen-

822 3784 931 3827 tem
967 3773 1380 3841 intelligentiam
1430 3788 1524 3825 eos
1547 3776 1635 3839 qui
1673 3781 1798 3825 Sunt
1832 3772 2119 3839 participes
2139 3772 2383 3825 rationis.

826 3863 966 3918 Ursa
1005 3863 1171 3929 enim,
1207 3863 1365 3918 veluti
1390 3863 1616 3919 reverita
1682 3862 1958 3931 speciosos
1984 3876 2171 3916 eorum
2205 3861 2386 3931 pedes,

823 3964 881 4010 et
909 3969 1094 4023 pacem
1133 3969 1257 4008 vere
1288 3954 1693 4019 annuntiautes,
1731 3969 1834 4007 non
1884 3952 2058 4009 solum
2117 3953 2252 4007 nihil
2303 3968 2392 4007 no-

825 4048 995 4110 xium,
1028 4060 1128 4098 nec
1155 4054 1369 4115 agreste
1403 4043 1549 4108 fecit,
1596 4058 1694 4097 nec
1741 4052 1798 4097 ut
1827 4045 1994 4099 semel
2048 4046 2248 4108 dicam,
2278 4044 2385 4097 hel-

825 4137 1033 4192 luinum
1074 4154 1089 4191 :
1120 4140 1211 4192 sed
1237 4137 1303 4191 ad
1331 4152 1516 4192 eorum
1551 4136 1711 4205 pedes
1752 4136 2000 4206 procidit,
2026 4146 2080 4191 et
2112 4138 2284 4190 amice
2313 4146 2396 4190 est

2494 3207 2859 3278 συναθροίζει,
2894 3208 3122 3276 θέατρόν
3152 3223 3209 3257 τε
3266 3205 3547 3271 συνίστησι
3600 3202 3707 3260 τοῖς
3742 3198 3938 3263 ἁγίοις,
3970 3198 4064 3248 καὶ

2483 3300 2679 3371 θεατὴς
2702 3299 2861 3361 αὐτὸς
2893 3299 3130 3367 κάθηται
3156 3312 3171 3327 ·
3206 3296 3282 3358 είς
3319 3295 3482 3364 μέσον
3509 3310 3567 3345 τε
3599 3292 3721 3353 τοὺς
3767 3291 4059 3359 μάρτυρας

2482 3391 2726 3462 ἀγαγὼν,
2752 3393 2951 3460 ἄρκτον
2991 3391 3175 3451 αὐτοῖς
3212 3387 3480 3457 ἐπαφίησι
3527 3386 3621 3437 καὶ
3662 3384 3894 3453 νομίσας
3926 3380 4063 3449 ὁμοῦ

2486 3498 2539 3535 τε
2598 3481 2867 3549 ἀφεθῆναι
2925 3480 3021 3532 καὶ
3060 3480 3176 3541 τοῖς
3230 3478 3518 3546 γεννάδαις
3580 3472 3958 3544 διασπαράξαι
4000 3471 4064 3522 τά

2487 3574 2730 3641 σώματα,
2762 3572 2870 3625 τῶν
2894 3572 3103 3637 ἀλόγων
3134 3570 3334 3639 μᾶλλον
3376 3568 3522 3637 ἐώρα
3551 3568 3648 3637 τὴν
3683 3566 3843 3634 φύσιν
3882 3581 4063 3631 παρα-

2485 3664 2650 3728 δόξως
2678 3664 2803 3725 τοὺς
2854 3663 3105 3730 λογικοὺς
3155 3661 3541 3723 συνετίζουσαν
3564 3677 3575 3691 ·
3607 3661 3638 3726 ἡ
3694 3662 3801 3726 γὰρ
3836 3657 4066 3724 ἄρκτος.

2487 3758 2675 3827 ὥσπερ
2723 3755 3016 3825 αἴδουμένη
3063 3755 3190 3817 τοὺς
3233 3751 3472 3819 ὡραίους
3510 3751 3689 3803 αὐτῶν
3743 3748 3907 3807 πόδας
3970 3751 4066 3803 καὶ

2489 3850 2709 3917 εἰρήνην
2732 3847 2946 3914 ἀληθῶς
2977 3842 3524 3912 εὐαγγελιζομένους,
3549 3842 3607 3894 οὗ
3647 3840 3804 3911 μόνον
3835 3838 4066 3893 ἐπιϐλα-

2489 3936 2581 3999 ϐἐς
2612 3935 2764 3988 οὐδὲν
2815 3936 2912 3986 καὶ
2957 3934 3153 4001 ἄγριον
3205 3934 3299 3986 καὶ
3328 3932 3387 3986 τὸ
3438 3932 3559 3984 ὅλον
3592 3932 3757 4001 φάναι
3798 3930 4071 4000 θηριῶδες

2492 4029 2806 4100 εἰργάσατο,
2860 4027 2996 4083 ἀλλά
3044 4027 3137 4081 καὶ
3191 4028 3563 4099 προσέπιπτεν
3628 4028 3810 4084 αὐτοῖς
3867 4026 4071 4091 μᾶλλον

2492 4120 2584 4172 καὶ
2610 4117 2837 4187 φιλικῶς
2864 4117 3172 4186 ἠσπάζετο·
3219 4116 3518 4170 οὐδὲτοῦτο
3554 4116 3753 4186 ἢρκεσε
3791 4114 3867 4178 τῷ
3899 4114 4070 4166 ἀσυν-

830 4230 1100 4299 amplexa.
1153 4228 1261 4285 Nec
1318 4232 1420 4285 hoc
1474 4232 1687 4298 quidem
1736 4230 1949 4285 sull‘ecit
2005 4230 2277 4299 insipienti
2327 4230 2393 4285 ad

2494 4211 2599 4282 έτῳ
2630 4209 2757 4263 νοῦν
2794 4210 3074 4279 ἐμϐαλεῖν,
3104 4210 3240 4263 ἀλλά
3279 4210 3371 4264 καὶ
3397 4209 3535 4263 λέων
3563 4208 3725 4269 εὐθὺς
3754 4207 4069 4274 ἐπαφίεται·

833 4297 1061 4379 dandam
1094 4328 1141 4379 ei
1170 4297 1601 4392 intelligentiam.
1630 4323 1734 4376 Sed
1781 4324 1864 4377 leo
1905 4297 2123 4391 quoque
2152 4324 2397 4389 protinus

2497 4304 2590 4357 xui.
2623 4303 2784 4365 αὐτὸς
2822 4302 3019 4369 ὁμοίως
3046 4304 3112 4370 τῇ
3146 4302 3333 4369 ἄρκτῳ
3363 4302 3475 4369 τοῖς
3502 4299 3666 4360 θείοις
3690 4297 3923 4368 νεύμασι
3958 4316 4077 4351 πει-

838 4416 1153 4473 immittitur
1185 4433 1200 4469 :
1232 4414 1320 4484 qui
1346 4388 1472 4483 ipse
1531 4414 1781 4469 similiter
1823 4388 1984 4483 atque
2018 4388 2166 4480 ursa,
2202 4413 2397 4468 divinis

2498 4395 2715 4465 θαρχῶν
2748 4389 2817 4465 ἦν
2855 4394 2949 4448 καὶ
2997 4394 3109 4457 τοῖς
3146 4392 3283 4464 ὑπὲρ
3318 4390 3409 4445 τοῦ
3447 4390 3629 4445 κοινοῦ
3686 4388 3963 4453 Δεσπὸτου
4007 4391 4075 4444 τά

837 4506 1120 4562 obediebat
1172 4480 1412 4568 nutibus,
1453 4504 1517 4559 iis
1568 4504 1658 4577 qui
1713 4520 1812 4575 pro
1853 4480 2126 4562 communi
2172 4504 2401 4560 Domino

2506 4487 2717 4559 χαλεπά
2743 4487 3051 4558 πάσχοντας
3082 4487 3181 4559 οὐχ
3209 4487 3355 4550 ὅπως
3380 4485 3579 4555 δρᾶσαί
3607 4503 3658 4537 τι
3682 4482 3919 4554 πονηρὸν
3952 4484 4075 4553 βου·

841 4598 1025 4669 gravia
1055 4598 1420 4667 patiebantur,
1456 4597 1587 4652 nihil
1612 4598 1834 4653 omnino
1848 4599 2032 4653 volens
2050 4598 2176 4653 mali
2198 4598 2431 4675 facere“

839 4689 1095 4744 Valerius
1118 4698 1321 4751 autem,
1372 4697 1629 4758 tanquam
1660 4688 1775 4757 ipse
1804 4689 2040 4758 seipsum
2068 4702 2270 4744 conaris
2308 4704 2403 4745 su-

838 4796 1035 4854 perare
1056 4781 1110 4834 in
1150 4780 1377 4846 scelere,
1408 4780 1464 4835 in
1493 4780 1667 4835 lacum
1701 4783 1987 4850 quemdam
2012 4793 2150 4835 nova
2180 4781 2326 4837 calce
2351 4790 2405 4835 ct

841 4888 1036 4930 recens
1068 4873 1359 4938 exstincta,
1392 4874 1498 4938 vel,
1530 4882 1589 4928 ut
1634 4874 1826 4931 melius
1841 4875 2042 4940 dicam,
2064 4887 2288 4929 accensa
2322 4888 2407 4928 re-

843 4966 1067 5027 fertum,
1095 4964 1243 5031 jubet
1283 4973 1502 5021 sanctos
1538 4964 1777 5034 immitti,
1808 4967 1935 5023 etin
1969 4981 2033 5021 eo
2068 4966 2262 5037 degere
2298 4976 2406 5019 tres

846 5066 988 5114 totos
1022 5056 1159 5121 dies,
1185 5059 1273 5111 tali
1325 5059 1482 5115 modo
1529 5057 1757 5113 invictos
1800 5060 2023 5112 moliens
2056 5058 2273 5112 vincere
2301 5055 2408 5109 im-

847 5149 987 5218 pius.
1020 5146 1126 5202 Sed
1154 5147 1352 5202 frustra
1402 5148 1707 5213 laborabat,
1738 5150 1997 5202 adversus
2029 5163 2213 5203 verum
2239 5147 2406 5201 Deum

848 5238 1182 5310 depugnans.
1238 5238 1369 5294 Nam
1425 5240 1605 5295 divina
1652 5242 1894 5310 quaedam
1944 5239 2136 5309 gratia,
2166 5250 2219 5295 et
2241 5239 2411 5293 virtus

849 5329 1049 5385 Christi
1074 5331 1258 5385 aderat
1293 5332 1637 5403 martyribus,
1668 5334 1755 5400 qui
1788 5340 2007 5401 propter
2062 5331 2233 5400 ipsum
2260 5340 2412 5384 erant

852 5421 1079 5485 inlacu,
1133 5422 1397 5478 hebetans
1456 5426 1671 5492 quidem
1736 5426 1898 5478 calcis
1943 5423 2332 5493 operationem,
2382 5436 2411 5475 a

857 5515 997 5569 malo
1018 5522 1199 5569 autem
1228 5515 1425 5571 illaesos
1463 5531 1681 5571 servans
1717 5516 1948 5571 athletas

930 5690 1091 5747 XVII.
1129 5690 1370 5747 Valerius
1391 5704 1565 5747 autem
1600 5708 1705 5761 quo
1731 5692 1987 5761 majorem
2014 5693 2242 5763 gratium'
2269 5693 2413 5747 vide-

858 5786 945 5841 bat
973 5799 1228 5854 apparere
1284 5786 1334 5837 in
1378 5787 1600 5849 sanctis,
1638 5799 1699 5843 eo
1742 5786 1909 5856 magis
1935 5784 2207 5839 iracundia
2238 5783 2414 5836 ferve-

2504 4580 2746 4652 λόμενος.
2806 4580 3106 4651 Οὐαλέριος
3167 4579 3370 4642 τοίνυν,
3420 4578 3611 4645 ὥσπερ
3665 4575 3825 4638 αὐτὸς
3884 4575 4078 4629 ἐαυτὸν

2505 4674 2834 4746 ὑπερϐαλεῖν
2886 4672 2949 4725 ἐν
3000 4670 3171 4740 κακίᾳ
3226 4670 3591 4740 πειρώμενος,
3643 4668 3703 4720 ἔν
3738 4684 3844 4721 τινι
3885 4664 4077 4734 λάκκῳ

2503 4768 2719 4820 τιτάνου
2755 4763 3193 4835 πεπληρωμένῳ,
3224 4762 3283 4817 ὃν
3319 4760 3547 4832 σύνηθες
3575 4759 3835 4813 ἄσϐεστον
3874 4760 4077 4828 ὀνομάο

2507 4858 2640 4924 ζειν,
2664 4856 2860 4930 νεαροῦ
2885 4860 2978 4911 καὶ
3002 4858 3128 4927 άρτι
3156 4854 3494 4914 σϐεσθέντος,
3520 4853 3550 4918 ἦ
3589 4849 3789 4919 μᾶλλον
3816 4850 4081 4917 ἀναφθὲνο

2505 4966 2597 5012 τος
2626 4950 2823 5011 εἰπεῖν,
2857 4946 3182 5015 εἰσαχθῆναι
3235 4946 3358 5006 τοὺς
3385 4943 3570 5009 ἁγίους
3602 4941 3931 5013 προστάττει
3986 4940 4079 4992 καὶ

2508 5040 2635 5101 ὅλας
2664 5040 2811 5108 τρεῖς
2840 5040 2897 5090 ἐν
2920 5036 3070 5107 αὐτῷ
3096 5036 3305 5102 διάγειν
3341 5033 3578 5103 ἡμέρας,
3607 5033 3793 5103 τροπῳ
3828 5030 3939 5083 τινὶ
3963 5046 4077 5081 τοι·

2509 5131 2652 5201 ούτῳ
2693 5128 2914 5199 νικῆσαι
2963 5130 3088 5191 τοὺς
3118 5128 3421 5198 ἀηττήτους
3452 5128 3478 5179 ὁ
3508 5124 3773 5193 δυσσεϐὴς
3819 5122 4078 5192 μηχανώ-

2515 5236 2711 5295 μενος·
2766 5220 2881 5275 ἀλλ*
2936 5219 3138 5289 ἔκαμνε
3200 5215 3856 5288 μάτην.ἀντιμαχόμενος
3888 5213 4080 5281 ἀληθεί

2512 5313 2663 5384 Θεῷ·
2699 5311 2815 5367 θεία
2842 5312 2955 5381 γάρ
2994 5328 3076 5374 τις
3109 5310 3267 5381 χάρις
3297 5310 3393 5361 καὶ
3421 5308 3655 5377 δύναμις
3673 5307 3785 5368 τοῖς
3810 5302 3879 5355 δι’
3913 5302 4077 5355 αὐτοῦ

2518 5406 2783 5477 μάρτυσιν
2817 5404 2874 5454 ἐν
2900 5400 2976 5471 τῷ
2996 5401 3184 5470 λάκκῳ
3234 5399 3439 5469 παρῆν,
3476 5396 3823 5465 ἀμϐλύνουσα
3853 5393 3955 5463 μέν
3986 5393 4078 5461 τὴν

2516 5498 2796 5568 ἐνέργειαν
2826 5493 2920 5547 τοῦ
2943 5493 3181 5557 τιτάνου,
3211 5488 3381 5544 κακοῦ
3413 5490 3469 5543 δέ
3493 5488 3719 5549 ἀπαθεῖς
3754 5484 3880 5549 τοὺς
3913 5484 4077 5550 ἀθλη-

2516 5592 2613 5654 τὰς
2644 5606 2808 5659 συντη
2818 5586 2910 5657 ροῦ
2920 5605 3003 5640 σα.

2586 5684 2683 5738 ιζ’.
2716 5682 3008 5751 Οὐαλέριος
3038 5678 3095 5731 δέ
3130 5679 3238 5747 ὅσῳ
3286 5675 3517 5729 πλείονα
3547 5674 3644 5743 τὴν
3675 5673 3833 5742 χάριν
3875 5672 3933 5721 ἐν
3974 5671 4078 5730 τοῖς

2521 5777 2692 5845 ἁγίοις
2718 5770 3135 5843 διαφαινομένην
3193 5768 3358 5841 ἐώρα,
3416 5767 3653 5836 τοσούτῳ
3692 5763 3892 5832 μᾶλλον
3925 5763 4077 5820 αὐτὸς
