4208 6300
165 368 263 437 125

1181 382 1361 442 νιΤΑ
1400 386 1462 444 S.
1495 386 1722 446 CARPI
1761 390 1856 448 ET
1892 390 2313 452 SOCIORUM.

3286 391 3387 459 126

161 484 493 539 ινεανιεύετο
547 487 916 557 ἰσχυρότερος,
952 488 981 542 6
1031 489 1241 561 ἄφρων,
1280 492 1371 546 καὶ
1403 493 1540 546 Θεοῦ
1575 497 1718 563 γενέ‹

1835 500 1924 553 bat
1954 503 2068 571 ipse
2110 504 2441 573 iuveniliter,
2501 505 2834 560 contendens
2890 504 3085 561 stultus
3137 502 3219 559 vel
3281 504 3386 558 Deo

162 578 279 629 σθαι
302 578 655 647 φιλονεικων·
681 579 952 650 κρηπῖδας
972 577 1066 635 οὖν
1086 583 1313 654 σιδηρᾶς
1346 586 1599 654 περόναις
1629 605 1731 657 μαο

164 671 320 738 κραῖς
390 669 842 740 διαπεπαρμένας
904 676 1016 736 τοῖς
1079 680 1435 746 μαρτυρικοίς
1499 680 1730 742 ἐκείνοις

170 762 320 811 ποσὶν
346 761 675 829 ύπυδεθῆναι
720 766 1048 830 προστάττει
1078 768 1172 820 καὶ
1219 767 1578 831 ύποδεθέντας
1608 768 1733 837 ’τρέις

161 866 277 932 χειν
328 855 458 918 τοὺς
516 858 817 924 μάρτυρας,
870 857 954 909 ἵνα
1006 859 1110 911 κᾶν
1154 859 1285 927 γοῦν
1336 862 1436 929 τῆς
1494 860 1729 930 βασάνου

163 946 371 1013 ταύτης
428 946 753 1014 ἡττηθέντες
806 948 1062 1015 ὀφθεῖεν·
1118 951 1233 1002 ἀλλ’
1297 951 1421 1021 είκῆ
1483 953 1577 1005 καὶ
1626 951 1730 1005 πά-

162 1040 244 1089 λιν
286 1037 503 1089 ἐπόνειυ
544 1038 654 1107 ὅσῳ
707 1042 817 1108 γὰρ
864 1041 1154 1110 καινότερα
1203 1042 1436 1108 ἐπενόει,
1492 1044 1730 1114 τοσούτῳ

164 1127 257 1177 καὶ
314 1126 565 1197 θειοτέρα
628 1128 858 1197 δύναμις
915 1131 1305 1195 ἐπισκιάζουσα
1360 1135 1487 1195 τοὺς
1542 1134 1729 1201 ἁγίους

165 1218 449 1285 κρείττους
498 1235 557 1270 τε
614 1220 725 1272 τῶν
779 1222 1135 1291 ἐπαγομένων
1179 1223 1348 1278 ἐποίει
1390 1227 1484 1278 καὶ
1540 1228 1729 1296 ῥωμα-

159 1305 463 1376 λεωτέρους
519 1309 720 1377 μᾶλλον
778 1311 913 1379 πρὸς
966 1312 1034 1363 τά
1089 1315 1239 1366 δεινά
1292 1314 1726 1382 παρεσκεύαζεν.

170 1396 227 1449 '0
263 1397 322 1449 δὶ
357 1400 453 1450 καὶ
483 1399 565 1451 ἐτι
590 1401 849 1471 ἐπειρᾶτο
880 1404 1252 1472 μεταπείσειν,
1281 1406 1453 1469 οὕτως
1492 1407 1598 1459 ὑπὸ
1631 1406 1729 1476 τῆς

158 1486 310 1549 θείας
352 1489 579 1559 χάριτος
630 1494 900 1561 ἐπιδήλως
935 1494 1369 1567 βοηθουμένουςο
1405 1500 1498 1552 καὶ
1547 1499 1730 1553 θύσειν

156 1576 313 1644 ἠξίου
351 1580 465 1640 τοῖς
500 1578 807 1647 βδελυκτοῖς
831 1597 846 1612 ο
900 1584 1138 1653 τοσαύτη
1168 1586 1563 1653 φρενοϐλάϐεια
1593 1604 1731 1640 κατ-

155 1669 269 1737 εῖχε
321 1669 415 1719 τὸν
471 1670 663 1737 ἀσεϐῆ.
724 1671 815 1741 Μὴ
850 1672 989 1741 ἔχων
1048 1670 1164 1737 οὖν,
1212 1676 1412 1728 δτικαὶ
1444 1678 1725 1747 χρήσαιτο,

157 1757 616 1826 κατῃσχυμμένος
641 1760 741 1830 ήδη
762 1762 856 1812 καὶ
881 1762 1125 1831 φανερῶς
1151 1763 1476 1833 ἡττώμενος,
1504 1767 1729 1833 κάμινον

157 1846 260 1920 ῦλῃ
295 1848 464 1917 πολλῇ
499 1852 843 1920 τρεφομένην
870 1854 1102 1906 ἀνάπτει
1128 1856 1220 1908 καὶ
1250 1855 1392 1908 κατά
1422 1857 1591 1927 μέσης
1628 1858 1727 1909 αύ-

153 1940 255 2004 τῆς
326 1938 588 2007 ἐμϐάλλει
626 1941 753 2003 τοὺς
817 1944 1137 2014 μάρτυρας*
1177 1947 1209 2014 ἡ
1254 1946 1310 1999 δὲ
1362 1947 1645 2000 ἑσϐέννυτό
1668 1963 1728 2001 τε

154 2030 362 2092 εὐθέως
394 2032 487 2084 καὶ
522 2032 647 2094 τοὺς
673 2031 861 2100 ἀγίους
893 2035 1161 2104 ἀνέψυχεν
1182 2053 1195 2066 ·
1225 2038 1313 2089 ὅτε
1346 2040 1440 2091 καὶ
1471 2041 1503 2106 ἡ
1536 2056 1729 2107 σεμνο-

154 2121 289 2189 τάτη
331 2121 655 2192 Ἀγαθονίκη
692 2124 968 2193 μάρτυρος
998 2125 1167 2188 δντως
1214 2128 1418 2197 ἀδελφὴ
1447 2128 1602 2195 οῦσα,
1634 2129 1726 2182 τοῦ

155 2212 325 2273 θείου,
354 2215 515 2282 φημὶ,
553 2214 833 2280 Παπύλου,
867 2218 964 2286 τὴν
990 2217 1165 2286 φλόγα
1197 2236 1256 2271 τε
1289 2220 1385 2271 σὺν
1406 2221 1586 2283 αὐτοῖς
1615 2223 1727 2273 εἰσ-

154 2303 283 2372 ῆλθε
312 2306 409 2358 καὶ
442 2304 550 2358 τῶν
586 2307 836 2375 ἀγώνων,
888 2310 1079 2381 ὥσπερ
1102 2312 1164 2381 δὴ
1189 2314 1281 2364 καὶ
1308 2313 1416 2365 τῶν
1449 2316 1728 2382 στεφάνων

154 2398 415 2458 κοινωνὸς
473 2398 686 2466 γίγονε.
732 2402 896 2455 Πάλιν
920 2398 1014 2456 οὖν
1050 2407 1081 2471 ἡ
1116 2405 1327 2473 φρουρὰ
1357 2405 1552 2467 αὐτοὺς
1590 2403 1723 2473 εἶχε,

153 2489 250 2542 καὶ
282 2481 626 2541 πάλιν-οῦτοι
659 2491 767 2542 τῶν
792 2492 926 2560 πρὸς
954 2492 1086 2544 Θεὸν
1107 2493 1289 2562 ὕμνων
1320 2495 1410 2547 καὶ
1434 2497 1530 2565 τῆς
1561 2496 1725 2565 εὐχῆς

152 2580 392 2648 εῐχοντο.

223 2675 334 2725 IH'.
375 2673 530 2725 Ἐπεὶ
556 2675 613 2727 δὲ
652 2674 848 2746 ἠπόρει
868 2678 979 2739 τοῖς
1006 2676 1148 2740 ὅλοις
1183 2680 1211 2731 δ
1246 2678 1526 2751 δικαστὴς,
1572 2680 1727 2750 μόλις

151 2765 272 2817 τότε
304 2766 367 2819 τὸ
398 2766 487 2819 διὰ.
514 2766 701 2835 ξίφους
735 2769 914 2821 αὐτῶν
948 2772 1269 2840 κατακρίνει
1296 2773 1469 2836 τέλος.
1494 2775 1725 2840 Ἥγοντο

151 2855 243 2909 οὖν
270 2858 324 2909 οἱ
357 2860 639 2927 μάρτυρες
660 2860 749 2911 ἐπὶ
778 2860 869 2911 τὸν
898 2861 993 2924 τῆς
1037 2863 1370 2927 τελειώσεως
1403 2865 1586 2926 τόπον,
1624 2885 1720 2935 χα-

153 2948 253 3015 ρᾶς
286 2947 540 3015 ἔμπλεῳ,
576 2948 694 3000 οὐδὲ
724 2952 825 3016 τῆς
878 2954 1133 3015 γενναίας
1186 2955 1540 3023 ’Δγαθονίκης
1587 2961 1724 3009 ἁπο-

150 3036 446 3106 λιιφοῆναι
476 3036 681 3091 τούτων
723 3039 1093 3108 ύπομεινάσης
1121 3060 1135 3075 ο
1189 3042 1306 3096 εἶτα
1353 3052 1539 3116 χεῖρας
1572 3052 1724 3116 ὁσίας

1833 611 1952 650 esse
2014 596 2221 651 fortior.
2250 597 2494 664 Crepidis
2546 598 2726 667 itaque
2770 597 2981 661 ferreis,
3017 597 3190 666 longis
3215 596 3389 650 ilbulis

1830 691 2079 755 conﬁxis,
2106 689 2258 757 jubet
2287 690 2520 745 calceari
2551 689 2712 760 pedes
2752 699 3066 760 martyrum,
3099 696 3152 741 et
3185 688 3388 742 calcea-

1833 789 1915 835 tos
1947 781 2064 835 illos
2110 782 2190 836 sic
2222 796 2469 848 currere,
2499 789 2555 836 ut
2596 782 2784 837 saltem
2827 782 3134 835 viderentur
3167 780 3291 831 victi
3332 781 3384 832 in

1833 872 1933 927 boc
1958 871 2274 926 certamine.
2302 872 2405 926 Sed
2434 886 2624 927 rursus
2644 888 2855 941 quoque
2875 871 3135 924 laboravit
3164 881 3386 924 temere.

1832 964 1948 1028 Quo
1986 963 2127 1018 enim
2153 963 2323 1032 magis
2351 977 2485 1019 nova
2524 965 2882 1032 excogitabat,
2908 977 2973 1015 eo
3014 965 3182 1030 magis
3203 960 3382 1014 divina

1832 1056 1997 1109 virtus
2029 1054 2382 1109 adumbrabat
2412 1064 2648 1118 sanctos,
2672 1054 2805 1107 etiis
2836 1070 2954 1124 qua!
2988 1054 3377 1115 inferebantur,

1831 1148 2091 1202 reddebat
2142 1148 2472 1215 superiores,
2503 1157 2557 1201 et
2584 1147 2843 1201 adversus
2886 1161 3073 1212 aspera
3116 1157 3168 1199 et
3202 1147 3384 1215 gravia

1830 1237 2090 1291 efficiebat
2121 1240 2472 1291 robustiores.
2502 1236 2593 1290 Ille
2625 1248 2803 1291 autem
2855 1238 3027 1291 adhuc
3059 1252 3150 1290 eos
3207 1247 3386 1289 tenta-

1831 1327 1922 1381 bat
1968 1343 1995 1381 a
2057 1343 2153 1379 sua
2212 1327 2493 1379 traducere
2541 1326 2827 1388 sententia,
2858 1327 3056 1393 quibus
3086 1326 3162 1377 sic.
3202 1334 3386 1388 aperte

1830 1420 2009 1473 divina
2068 1434 2221 1486 onem
2257 1418 2463 1471 ferebat
2510 1417 2678 1486 gratia
2709 1434 2723 1469 :
2760 1424 2812 1468 et
2852 1414 3062 1468 volebat
3094 1429 3187 1468 eos
3214 1416 3385 1468 sacri-

1832 1511 1992 1564 ficare
2027 1510 2185 1561 rebus
2215 1509 2586 1563 abominandis
2628 1524 2640 1559 :
2672 1509 2805 1560 adeo
2837 1516 3029 1560 emota:
3060 1504 3251 1558 tuentis
3272 1514 3388 1556 erat

1833 1595 2048 1662 impius.
2113 1595 2244 1647 Cum
2299 1608 2429 1662 ergo
2481 1596 2713 1647 nesciret
2771 1595 2899 1661 quid
2954 1602 3157 1659 ageret,
3182 1595 3387 1662 pudore

1827 1684 1937 1752 jam
1967 1683 2210 1748 affectus,
2243 1695 2298 1737 et
2346 1693 2532 1751 aperte
2590 1693 2893 1749 superatus,
2924 1683 3171 1736 accendit
3208 1682 3387 1761 forna-

1835 1792 1971 1840 cem,
2030 1791 2149 1845 quae
2182 1775 2346 1829 multa
2386 1775 2631 1829 alebatur
2686 1775 2907 1829 materia
2939 1793 2952 1829 :
2985 1783 3038 1828 et
3064 1774 3113 1825 in
3150 1774 3382 1827 medium

1833 1867 1949 1935 ejus
1983 1867 2153 1936 injicit
2203 1876 2489 1937 martyres.
2517 1867 2608 1920 Illa
2652 1876 2828 1919 autem
2880 1856 3129 1933 protinus
3163 1864 3265 1917 fuit
3288 1879 3385 1917 ex-

1832 1958 2049 2019 stincta,
2085 1968 2139 2009 et
2193 1954 2547 2024 refrigerabat
2591 1964 2825 2009 sanctos.
2856 1952 2973 2020 Quo
2999 1954 3217 2023 quidem
3253 1962 3389 2008 torn-

1832 2063 1959 2117 pore
2001 2047 2379 2102 honestissima
2446 2062 2657 2117 quoque
2691 2048 3041 2117 Agatlionica,
3100 2060 3219 2114 qua:
3272 2053 3387 2099 erat

1830 2155 1955 2196 vere
1992 2154 2148 2193 soror
2190 2141 2465 2211 martyris,
2525 2142 2714 2204 divini,
2771 2140 3008 2208 inqunm,
3062 2136 3268 2207 Papyli,
3333 2146 3389 2190 ct

1830 2236 2100 2290 flammam
2150 2246 2270 2284 cum
2333 2234 2412 2286 eis
2464 2232 2704 2291 intravit.
2748 2241 2802 2284 et
2840 2228 3389 2291 certaminum,sicut
3488 2276 3499 2286 .

1832 2330 1992 2382 etiam
2050 2339 2396 2389 coronarum,
2430 2324 2529 2376 fuit
2575 2322 2869 2389 particeps.
2900 2320 3105 2373 Rursus
3134 2332 3262 2387 ergo
3300 2333 3388 2369 re-

1832 2419 2047 2471 dierunt
2082 2419 2133 2470 in
2165 2417 2463 2470 custodiam
2504 2432 2520 2470 :
2552 2426 2605 2471 et
2655 2427 2844 2469 rursus
2882 2412 3142 2465 vacabant
3173 2410 3387 2480 hymnis

1831 2514 1893 2568 ad
1930 2510 2094 2562 Deum
2130 2519 2181 2563 et
2215 2507 2485 2578 precibus.

1899 2692 2082 2748 XVIII.
2120 2692 2253 2747 Cum
2278 2702 2457 2745 autem
2486 2690 2682 2743 dubius
2715 2699 2857 2743 esset
2884 2688 3045 2742 animi
3073 2685 3257 2755 juriex,
3286 2700 3385 2739 nec

1829 2787 1992 2838 nilum
2070 2784 2334 2838 inveniret
2364 2785 2587 2844 exitum,
2628 2781 2710 2833 vix
2760 2782 2972 2833 tandem
3004 2792 3097 2831 eos
3131 2777 3385 2830 condetu-

1828 2889 1938 2942 nar,
1973 2888 2031 2929 ιιι
2057 2882 2219 2931 vitam
2248 2875 2461 2927 finirent
2491 2874 2691 2943 gladio.
2720 2871 3062 2926 Ducebantur
3091 2883 3219 2938 ergo
3241 2883 3385 2921 mar-

1827 2978 1968 3040 tyres
1998 2969 2190 3036 gaudio
2220 2966 2359 3035 plcni
2400 2968 2464 3019 ad
2493 2966 2664 3016 locum
2714 2960 3217 3025 consummationis,
3256 2974 3380 3012 cum

1828 3077 1924 3112 nec
1955 3059 2204 3127 przeclaru
2259 3055 2475 3125 quidem
2514 3052 2846 3122 Agatltonica
2888 3051 2955 3105 ab
2980 3052 3059 3104 eis
3092 3049 3385 3104 abscedere

148 3128 387 3199 ἄραντες
420 3129 556 3199 πρὸς
581 3130 735 3197 Θεὸν,
764 3134 862 3201 οὐχ
896 3135 1102 3188 ἑαυτῶν
1134 3136 1506 3208 ὑπερηύχοντο
1541 3128 1718 3209 μόνον,

1830 3150 2190 3203 sustinuisset.
2226 3147 2424 3200 Deinde
2448 3160 2569 3199 cum
2631 3152 2848 3198 sanctas
2894 3156 3080 3196 manus
3117 3143 3181 3193 ad
3216 3137 3381 3193 Deum

144 3220 283 3275 ἀλλά
337 3223 438 3276 καὶ
497 3224 623 3287 τοὺς
675 3224 856 3281 αὐτῶν
908 3228 1171 3295 φονευτὰς
1224 3230 1485 3301 ρυσθῆναί
1535 3250 1591 3283 τε
1624 3235 1719 3303 τῆς

143 3314 361 3384 πλάνης
396 3316 493 3368 καὶ
534 3317 859 3385 μεταϐαλεῖν
906 3321 1042 3388 πρὸς
1091 3321 1409 3376 εὐσέϐειανο
1444 3325 1721 3389 τοιαύταις

141 3405 412 3475 ἀμοιϐαῖς
449 3405 737 3472 ἠμείϐοντο
762 3410 884 3467 τοὺς
916 3409 1144 3477 ἐχθροὺς
1173 3415 1221 3465 οί
1259 3412 1353 3466 τοῦ
1380 3414 1585 3481 ἀγαθοῦ
1619 3433 1721 3484 μα-

139 3495 331 3565 θηται,
376 3497 475 3546 καὶ
522 3496 714 3562 ἄφεσιν
739 3496 833 3550 τοῦ
884 3500 1233 3570 τολμήματος
1283 3506 1582 3574 εὐξαμένου
1609 3511 1720 3570 τοῖς

134 3592 460 3655 φονευταῖς,
513 3587 687 3652 ἄλλως
718 3609 776 3642 τε
804 3593 861 3644 δὲ
895 3594 987 3645 καὶ
1037 3595 1191 3648 αὐτοὶ
1220 3598 1463 3667 μεγάλην
1490 3600 1719 3659 ἐκείνοις

132 3680 361 3753 ᾔδεισαν
394 3681 578 3751 χάριν,
604 3682 719 3736 ἀνθ’
739 3676 815 3737 ὧν
836 3686 903 3739 δι’
926 3686 1104 3740 αὐτῶν
1135 3688 1428 3759 ἐξεδήμουν
1463 3689 1597 3761 πρὸς
1624 3690 1717 3742 τὸν

131 3773 506 3841 ποθούμενον.
553 3774 950 3846 -Ἐπευξάμενοι
972 3779 1027 3830 δὲ
1050 3780 1118 3832 τὰ
1147 3782 1398 3853 λυσιτελῆ
1427 3785 1583 3843 πᾶσι.
1620 3783 1717 3846 τὰς

130 3864 384 3932 κεφαλὰς
417 3866 839 3937 ἀπετμήθησαν,
857 3870 1318 3941 τρισκαιδεκάτην
1343 3874 1568 3939 ἄγοντος
1594 3874 1713 3925 τότε

127 3955 224 4008 τοῦ
270 3955 616 4024 Ὀκτωϐρίου
676 3960 861 4028 μηνός.
918 3962 999 4015 re
1028 3961 1158 4031 γοῦν
1188 3964 1342 4035 τίμια
1373 3964 1576 4017 τούτων
1603 3963 1713 4017 λεί-

126 4046 278 4117 ψανα
308 4045 493 4107 οὕτως
513 4046 720 4116 ἀτίμως
739 4054 833 4102 καὶ
859 4052 1078 4119 ἀμελῶς
1109 4057 1333 4125 κείμενα
1374 4056 1713 4125 Χριστιανῶν

132 4136 471 4205 ἀνελόμεναι
502 4137 704 4207 χεῖρες,
740 4138 876 4207 μετά
900 4139 1197 4209 λαμπάδων
1229 4145 1363 4209 ὁμοῦ
1396 4147 1485 4198 καὶ
1528 4146 1712 4213 ὓμνων

128 4226 414 4299 λαμπρῶς
447 4231 507 4283 ιν
525 4231 778 4299 ἐπιφανεῖ
806 4234 1095 4289 κατέθεντο
1126 4236 1293 4307 τόπῳ,
1326 4236 1554 4289 πλοῦτον
1573 4238 1709 4302 Χρι-

129 4323 373 4381 στιανοῖς
431 4320 654 4386 ἄσυλον,
689 4325 964 4396 πνεύμασι
1016 4330 1272 4399 πονηροῖς
1302 4329 1541 4401 φοϐεράν
1606 4330 1709 4401 μάο

126 4427 315 4476 στιγα,
370 4414 470 4465 καὶ
507 4414 726 4468 νοσοῦσι
757 4419 890 4469 πᾶσι
927 4419 1116 4489 δρόσον
1151 4424 1247 4476 καὶ
1295 4422 1522 4491 ἀψευδὲς
1551 4423 1703 4493 ίαμα,

122 4506 205 4613 ἐς
236 4504 404 4610 δόξαν
426 4502 596 4613 τΘεοῦ
645 4507 858 4577 Πατρδς
914 4512 1007 4563 καὶ
1064 4514 1271 4582 Κυρίου
1318 4515 1477 4582 ἡμῶν
1533 4514 1706 4586 Ἰησοῦ
1742 4558 1786 4613 D

123 4595 387 4666 Χριστοῦ,
497 4599 703 4667 πρέπει
725 4601 859 4674 τιμὴ
888 4604 981 4657 καὶ
1007 4604 1211 4676 κράτος
1235 4605 1331 4657 σὺν
1360 4605 1435 4675 τῷ
1456 4609 1705 4677 παναγεῳ

121 4687 218 4739 καὶ
249 4688 510 4759 ζωοποιῷ
565 4692 869 4760 Πνεύματι,
928 4696 1023 4749 νῦν
1062 4699 1154 4750 καὶ
1185 4699 1291 4766 ἀεὶ,
1347 4698 1437 4752 καὶ
1472 4700 1547 4762 εἰς
1575 4699 1703 4762 τοὺς

123 4778 319 4845 αιῶνας
348 4778 465 4834 τῶν
491 4780 735 4834 αἰώνων.
793 4784 986 4854 Ἀμήν.

1825 3240 2190 3303 sustulissent,
2240 3253 2343 3292 non
2384 3254 2481 3306 pro
2528 3250 2588 3290 se
2619 3236 2791 3289 solum
2841 3250 3027 3306 preces
3067 3232 3381 3295 fundebant,

1825 3327 1917 3379 sed
1950 3328 2112 3379 etiam
2148 3325 2395 3391 orabant,
2426 3335 2484 3377 ut
2515 3324 2594 3377 sui
2634 3325 2906 3377 occisores
2934 3324 2998 3373 ab
3029 3336 3217 3375 errore
3249 3322 3384 3373 libe-

1824 3427 2095 3481 rarentur,
2139 3428 2193 3470 et
2238 3425 2682 3469 converterentur
2713 3414 2779 3469 ad
2825 3412 3100 3482 pietatem.
3144 3409 3237 3464 Sic
3260 3424 3386 3479 gra-

1826 3510 1952 3563 tiam
2008 3511 2121 3561 suis
2156 3508 2462 3560 referebant
2496 3507 2749 3567 inimicis,
2781 3505 2918 3571 ejus,
2952 3504 3042 3572 qui
3069 3504 3241 3557 bonus
3270 3513 3378 3566 est,

1823 3600 2088 3668 discipuli,
2127 3597 2451 3655 occisoribns
2474 3596 2589 3651 suis
2637 3606 2915 3665 precnntes
2968 3596 3178 3648 veniam
3236 3593 3378 3659 ejus.

1819 3694 1960 3759 quod
2008 3700 2192 3743 erant.
2227 3691 2533 3756 admissnrl,
2585 3674 2844 3743 facinoris
2874 3704 2891 3744 :
2922 3687 3118 3756 quibus
3174 3684 3377 3754 alioqui

1820 3781 1919 3849 ipsi
1970 3794 2214 3849 magnam
2246 3779 2513 3833 habebant
2568 3779 2816 3847 gratiam,
2840 3777 2982 3846 quod
3011 3790 3107 3844 per
3141 3788 3234 3828 eos
3271 3775 3379 3826 mi-

1817 3882 2035 3941 grarent
2066 3873 2132 3925 ad
2162 3884 2304 3931 eum,
2336 3883 2493 3939 quem
2545 3868 2943 3924 desiderabant.
2982 3865 3116 3919 Cum
3171 3864 3377 3935 precati

1815 3979 2028 4033 quoque
2061 3971 2240 4017 essent
2272 3977 2331 4015 ea
2358 3978 2475 4031 quae
2512 3968 2669 4017 erant
2694 3958 2943 4014 omnibus
2971 3958 3144 4019 utilia,
3175 3956 3254 4010 eis
3279 3970 3374 4010 ca-

1814 4054 1924 4123 pita
1969 4052 2186 4107 fuerunt
2219 4060 2489 4119 amputata
2533 4048 2690 4104 tertio
2733 4046 2944 4103 decimo
2975 4047 3175 4101 mensis
3209 4046 3376 4099 Octo-

1818 4146 1950 4199 bris.
1984 4144 2255 4197 Pretiosas
2289 4151 2463 4197 autem
2491 4156 2678 4196 eorum
2704 4140 2981 4209 reliquias,
3011 4152 3130 4208 qua
3167 4138 3378 4208 abjecte

1815 4244 1866 4289 et
1923 4233 2272 4302 contemptim
2323 4232 2605 4300 jacebant,
2671 4230 3103 4284 Christianorum
3180 4242 3374 4282 manus

1816 4342 1937 4382 cum
1973 4324 2335 4386 sustulissent,
2362 4337 2483 4376 cum
2534 4321 2869 4391 lampadibus
2896 4318 3055 4374 simul
3078 4330 3132 4374 et
3157 4319 3376 4389 hymnis

1818 4418 1871 4472 in
1925 4418 2043 4472 loco
2110 4404 2302 4482 insigni
2357 4415 2614 4485 praeclare
2650 4415 3191 4481 deposuerunt,opes
3215 4412 3377 4466 Cbri-

1815 4509 2003 4563 stiauis
2065 4508 2420 4571 inviolabiles,
2481 4504 2727 4574 malignis
2774 4504 3054 4572 spiritibus
3105 4504 3372 4571 ﬂagellum

1817 4598 2077 4663 terribile,
2113 4608 2167 4653 et
2196 4612 2371 4653 rorem
2406 4595 2655 4650 omnibus
2679 4593 3068 4664 aegretantibus
3082 4602 3137 4647 et
3161 4603 3366 4646 certam

1818 4691 2077 4747 medelam
2106 4707 2121 4747 :
2148 4692 2211 4743 ad
2244 4690 2469 4762 gloriam
2496 4688 2589 4744 Dei
2626 4688 2801 4743 Patris
2851 4697 2905 4743 et
2933 4685 3146 4741 Domini
3178 4684 3372 4752 nostri,

1812 4782 1940 4840 Jesu
1974 4781 2172 4838 Cbristi
2204 4801 2217 4838 :
2247 4797 2404 4853 quem
2453 4782 2609 4835 decet
2662 4780 2835 4834 bonor
2861 4788 2915 4833 et
2955 4778 3217 4848 potentia,
3248 4791 3371 4830 cum

1812 4874 2153 4930 sanctissimo
2183 4884 2239 4927 et
2271 4870 2482 4925 vivifico
2517 4870 2744 4941 Spiritu,
2774 4883 2919 4924 nunc
2962 4876 3016 4924 et
3042 4879 3278 4937 semper,
3314 4872 3372 4921 et

1812 4963 1865 5017 in
1893 4965 2085 5019 stecula
2112 4962 2453 5018 saeculorum.
2477 4963 2671 5019 Amen.
