4208 6300
781 362 881 414 12'!
2073 348 2353 408 MENSIS
2390 347 2719 408 APRILIS.
3902 337 4002 399 128

840 488 3999 523 _____________________________________________________.___.._.-

2066 675 2491 796 ΑΘΛΗ
2508 682 2739 792 ΣΙΣ

1328 905 1557 993 ΤΟΥ
1628 906 1966 992 ΑΓΙΟΥ
2016 908 2207 990 ΚΑΙ
2284 898 2819 991 ΕΝΔΟΞΟΥ
2874 908 2990 991 Ml-

1798 906 1966 992 ῙΟΥ
2016 908 2207 990 ΚΑΙ
2284 898 2819 991 ENA-0301'
2874 902 3460 991 ΜΑΡΤΥΡΟΣ

1882 1094 2939 1228 ΕΛΕΥΘΕΡΙΟΥ

2042 1495 2564 1600 CERTAM
2582 1496 2749 1599 EN

1416 1725 1855 1814 SANC'I‘I'
1914 1723 2059 1809 ET
2132 1717 2703 1809 GLORIOSI
2787 1715 3399 1804 MARTYBIS

1220 1938 2506 2097 ELEUTHERII
2637 1932 3596 2087 EPISCOPI

811 2229 1008 2291 (Latine
1029 2229 1158 2292 apud
1182 2229 1380 2278 Snrium
1406 2229 1468 2277 ad
1486 2227 1615 2276 diem
1640 2227 1699 2277 18
1721 2226 1924 2290 Aprilis,
1955 2227 2125 2277 Graece
2149 2226 2275 2288 apud
2296 2226 2527 2275 Bolland.
2547 2226 2669 2275 tom.
2695 2223 2739 2272 Ῐῐ
2764 2223 2968 2286 Aprilis,
2993 2237 3043 2285 p.
3063 2222 3175 2282 976,
3201 2236 3260 2272 ex
3290 2225 3401 2274 end.
3433 2223 3554 2273 1190
3574 2222 3806 2274 biblioth.
3845 2221 4030 2283 Valle.)

881 2532 922 2586 1.
954 2527 1088 2581 Cum
1121 2526 1292 2581 Elius
1310 2527 1577 2581 Adrianus
1599 2526 1856 2582 Romanis
1888 2526 2099 2598 quidem
2130 2527 2364 2598 impera-
2393 2529 2438 2587 Α
2538 2571 2543 2579 .

2393 2529 2438 2587 Α
2538 2530 2614 2580 Ᾱ⁹.
2648 2528 2828 2580 Αίλίου
2852 2524 3138 2595 Ἀδριανοῦ
3179 2524 3462 2594 Ῥωμαίων
3494 2524 3591 2591 μὲν
3635 2523 4030 2592 βασιλεύοντος.

809 2633 914 2686 ret,
946 2620 1284 2676 demonibus
1313 2631 1491 2673 autem
1525 2630 1577 2674 et
1609 2620 1910 2674 simulacris
1946 2621 2227 2687 diligenter
2256 2634 2371 2673 ser-

2473 2622 2689 2689 δαίμοσι
2718 2623 2775 2673 δὲ
2827 2623 2919 2672 καὶ
2950 2620 3186 2680 εἰδώλοις
3235 2619 3510 2685 ἐπιμελῶς
3544 2619 3908 2680 δουλεύοντος,
3944 2620 4038 2669 καὶ

812 2715 952 2768 viret
982 2730 995 2766 :
1024 2710 1355 2764 admirabilis
1391 2726 1605 2780 quoque
1640 2711 1976 2763 Eleutlterius
2010 2710 2100 2762 illo
2134 2718 2373 2777 tempore

2474 2716 2501 2766 ὁ
2529 2713 2839 2779 θαυμαστὸς
2880 2710 3213 2778 Ἐλευθέριος
3242 2709 3362 2760 κατ’
3385 2709 3561 2761 ὲκεῖνο
3584 2708 3798 2775 καιροῦ,
3833 2704 3925 2761 οἶά
3955 2724 4037 2769 τις

808 2803 1061 2871 cognitus
1087 2808 1191 2864 est,
1229 2800 1390 2851 veluti
1436 2801 1678 2865 quaedam
1716 2797 1867 2851 stella
1909 2798 2045 2852 diem
2078 2797 2372 2853 illustrans.

2476 2804 2875 2877 ἡμερολαμπὴς
2929 2803 3105 2874 ἀστὴρ
3157 2801 3505 2870 ἑγνωρίζετο·
3534 2794 3578 2867 ᾧ
3631 2802 3825 2871 πατρὶς
3865 2801 3964 2869 μὲν
4003 2803 4035 2869 ή

815 2892 914 2947 Cui
958 2891 1131 2961 patria
1184 2889 1398 2959 quidem
1438 2889 1537 2943 fuit
1586 2891 1779 2961 inclyta
1812 2900 1864 2945 et
1904 2906 2092 2963 magna
2152 2891 2320 2945 Roma
2355 2910 2368 2946 :

2480 2896 2691 2966 μεγάλη
2729 2895 2823 2947 καὶ
2859 2893 3155 2966 περιφανὴς
3187 2890 3449 2961 ἐτύγχανε
3478 2888 3686 2959 Ῥώμη,
3718 2890 3957 2959 πατέρες
3981 2890 4038 2942 δὲ

741 3002 745 3007 ·
814 2993 1067 3053 parentes
1096 2991 1275 3036 autem
1309 2996 1502 3052 genere
1543 2982 1754 3046 quidem
1790 2982 2129 3048 nobilissimi,
2176 2983 2375 3036 divitiis

2476 2988 2645 3056 γένει,
2676 2985 2889 3054 πλούτῳ
2917 3002 2973 3035 τε
3006 2986 3097 3037 καὶ
3123 2984 3247 3053 δόξῃ
3278 2983 3735 3051 περιφανέστατοι
3765 2982 3859 3033 καὶ
3894 2980 4037 3048 λαμ-

813 3092 945 3131 vero
991 3075 1407 3142 Opulentissimi,
1463 3074 1628 3142 gloria
1680 3074 1840 3126 etiam
1905 3075 2211 3127 clarissimi.
2273 3075 2379 3128 Ter

2378 3096 2379 3099 ‘
2479 3078 2737 3145 πρότατοι
2764 3095 2775 3110 ·
2803 3076 3147 3145 τρισύπατον
3171 3076 3281 3144 γὰρ
3313 3074 3480 3127 αὑτοῦ
3517 3074 3605 3126 τὸν
3642 3075 3855 3144 πατέρα
3885 3072 4040 3139 γενέ-

819 3167 1097 3221 consulem
1135 3166 1275 3218 enim
1302 3164 1468 3219 fuisse
1498 3165 1613 3233 ejus
1643 3175 1873 3233 patrem,
1921 3163 2038 3234 ejus
2079 3165 2265 3220 scribit
2295 3166 2381 3219 hi-

2376 3194 2381 3207 ι
2482 3165 2602 3218 σθαι
2630 3165 2815 3233 φασιν.
2886 3165 3046 3217 Ἀλλὰ
3100 3165 3194 3216 καὶ
3227 3165 3369 3216 οὓτω
3411 3164 3767 3233 περιφανείας
3800 3164 4038 3231 ἔχοντες,

818 3260 1010 3315 storia.
1047 3258 1152 3313 Sed
1180 3274 1301 3313 cum
1328 3269 1516 3313 essent
1545 3260 1677 3313 adeo
1711 3259 1967 3327 insignes,
1997 3275 2096 3314 nec
2137 3262 2216 3314 eis
2257 3260 2379 3330 qui-

2480 3260 2599 3313 οὑδὲ
2654 3260 2751 3330 τῆς
2784 3259 2904 3311 κατ’
2932 3257 3213 3310 εὐσέϐειαν
3256 3256 3614 3309 ἀπελείποντο
3665 3256 3975 3323 εὐγενείαςο
4011 3259 4042 3324 ἠ

817 3355 940 3406 dem
977 3354 1163 3404 deerat
1195 3351 1446 3404 nobilitas
1491 3365 1554 3403 ex
1596 3351 1793 3418 pietate
1825 3359 1941 3403 orta
1995 3361 2049 3403 et
2098 3349 2377 3417 religione.

2484 3352 2663 3420 μήτηρ
2719 3350 2828 3419 γὰρ
2881 3348 3029 3417 αὑτῷ
3064 3348 3322 3412 Εὖανθία,
3353 3349 3469 3410 ταῖς
3500 3346 3593 3399 τοῦ
3646 3345 3794 3399 θείου
3827 3346 4042 3399 Παύλου

822 3445 949 3510 Ejus
978 3443 1117 3496 enim
1152 3452 1322 3495 mater
1344 3441 1626 3503 Evanthia,
1654 3457 1771 3496 cum
1796 3442 1963 3495 divini
1989 3440 2133 3493 Pauli
2166 3450 2381 3508 amslo-
2482 3472 2484 3486 ι

2482 3440 2865 3503 ἁποστολικαῖς
2920 3441 3282 3510 παραινέσεσι
3338 3439 3436 3510 τὴν
3484 3438 3667 3492 πίστιν
3702 3437 4044 3507 ἰκμαθοῦσα,

822 3533 943 3588 licis
975 3532 1431 3587 admonitionibus
1465 3533 1618 3586 ﬁdem
1641 3541 1895 3584 accurate
1930 3532 2224 3592 didicisset,
2261 3547 2381 3584 cum

2485 3528 2683 3598 πολλὴν
2712 3532 2925 3599 ὑπῆρχε
2953 3535 3048 3582 σὺν
3069 3533 3134 3599 τῇ
3181 3531 3349 3599 ἀρετῇ
3382 3530 3689 3583 πλουτοῦσα
3731 3534 3826 3583 καὶ
3857 3532 4046 3583 θεοσέ-

822 3625 998 3679 studio
1023 3624 1262 3676 virtutis.
1288 3623 1378 3674 Dei
1400 3636 1613 3691 quoque
1633 3620 1779 3675 cultu
1806 3630 1923 3675 erat
1950 3620 2103 3675 valde
2130 3621 2381 3692 locuples.

2486 3619 2660 3672 δειαν.
2712 3618 2859 3689 Αὕτη
2891 3618 2983 3671 τὸν
3022 3619 3164 3688 ἱερὸν
3216 3617 3406 3670 τοῦτον
3461 3618 3804 3671 ἀποτεκοῦσα
3856 3620 4045 3680 παῖδα.

827 3716 899 3771 Ea
926 3731 1045 3771 cum
1080 3716 1222 3771 hunc
1252 3724 1498 3771 sanetum
1534 3714 1826 3783 peperisset
1853 3729 2095 3783 puerum,
2121 3714 2384 3771 Eleuthe-

2497 3710 2833 3783 Ἐλευθέριον
2860 3710 2959 3781 μὲν
2984 3709 3289 3779 ὠνόμασεν,
3340 3708 3662 3778 ἐλευθερίως
3694 3708 3750 3760 δὲ
3780 3708 3922 3761 οὕτω
3955 3710 4048 3763 καὶ

822 3806 963 3861 rium
1023 3806 1240 3874 quidem
1294 3802 1507 3858 vocavit
1560 3819 1625 3859 ex
1686 3803 1800 3873 ipso
1842 3814 1963 3858 ortu
1999 3822 2013 3859 :
2045 3804 2181 3857 adeo
2209 3814 2382 3857 autem
2412 3862 2457 3874 __

2412 3862 2457 3874 _
2486 3802 2666 3866 καλῶς
2695 3802 3065 3873 ἅναθρέψασα,
3100 3803 3241 3855 ὥστε
3287 3802 3353 3872 τῇ
3385 3800 3577 3872 κλήσει
3612 3803 3922 3869 συμφωνεῖν
3952 3806 4048 3855 καὶ

822 3897 1120 3952 liberaliter
1160 3905 1213 3950 et
1242 3896 1466 3950 honeste
1510 3909 1632 3949 eum
1666 3896 1933 3958 educavit,
1964 3903 2021 3945 ut
2054 3893 2255 3947 nomini
2300 3908 2386 3949 res
2412 3862 2460 3921 Β

2384 3929 2386 3941 ι
2412 3862 2460 3921 Β
2486 3896 2557 3949 τὰ
2585 3862 2922 3963 πράγματα..
2951 3862 3239 3963 Τραφέντα
3291 3862 3423 3962 γδῦν
3465 3862 3558 3949 παὶ
3589 3862 3930 3965 ἀνδρωθέντα
3967 3894 4046 3964 τῷ

825 4003 1038 4058 quoque
1074 3985 1446 4040 convenirent.
1498 3983 1590 4038 Sic
1638 3999 1767 4054 ergo
1808 3987 2111 4049 educatum,
2146 3999 2266 4039 cum
2319 3983 2386 4039 ad
2486 4019 2487 4029 ι

2486 3988 2733 4057 ἀρχιερεῖ
2752 3988 2849 4055 τῆς
2892 3986 3179 4054 Ῥωμαίων
3210 3986 3535 4057 Ἐκκλησίας
3575 3987 3838 4057 Ἀνικήτῳ
3861 3985 4050 4057 [Ἄνα-

830 4079 1038 4132 virilem
1094 4086 1305 4131 mtalcm
1358 4076 1718 4144 pervenisset,
1754 4074 1862 4131 Deo
1893 4086 1946 4131 et
1986 4074 2388 4147 archiepiscopo
2486 4095 2492 4132 :

2385 4102 2388 4119 ι
2486 4077 2694 4149 κλήτῳ]
2732 4076 2905 4151 δῶρον
2940 4078 3088 4143 ἄξιον
3118 4078 3353 4144 δίδωσιν,
3386 4078 3444 4142 ὃς
3474 4077 3536 4131 τὸ
3567 4077 3662 4131 τοῦ
3685 4071 3849 4147 ἤθους
3880 4076 4047 4131 αὐτοῦ

822 4167 1051 4223 Aniceto
1080 4164 1157 4236 (l)
1188 4166 1277 4219 dat
1299 4165 1660 4229 eum,donum
1696 4164 1813 4235 ipso
1835 4166 2074 4235 dignum.
2098 4167 2215 4236 Ipse
2241 4168 2385 4223 enim

2486 4170 2709 4242 κόσμιον
2741 4172 2833 4224 καὶ
2861 4171 2959 4241 τὴν
2985 4171 3152 4237 ἄλλην
3191 4171 3335 4239 ὀρῶν
3379 4168 3601 4237 ἀρετὴν,
3660 4169 3905 4221 διάκονον
3950 4170 4048 4236 μὲν

827 4268 954 4312 tunc
985 4257 1238 4311 Romana:
1263 4266 1490 4326 praeerat
1520 4256 1791 4310 Ecclesiae.
1825 4256 1923 4322 Qui
1952 4258 2137 4312 videns
2177 4273 2384 4311 tuorum
2486 4286 2489 4299 ι

2486 4264 2727 4333 πρῶτον,
2749 4257 2867 4313 εἶτα
2888 4261 3277 4331 πρεσὸύτερον,
3301 4258 3395 4312 καὶ
3418 4258 3722 4314 τελευταῖον
3750 4256 4048 4315 ἐπίσκοπον

828 4349 948 4418 ejus
996 4347 1416 4401 moderationem
1466 4355 1519 4399 et
1558 4346 1695 4401 alias
1725 4348 1969 4411 virtutes,
2017 4361 2138 4400 eum
2174 4348 2387 4414 quidem
2487 4373 2490 4382 ι

1599 4346 1695 4401 Iias
1725 4348 1969 4411 virtutes,
2017 4361 2138 4400 eum
2174 4348 2387 4414 quidem
2487 4353 2780 4425 χειροτονεῖ
2804 4349 2897 4403 τοῦ
2942 4349 3261 4419 Ἰλλυρικοῦ.

827 4440 1059 4510 primum
1083 4437 1392 4501 diaconum,
1445 4436 1637 4491 deimle
1682 4436 2081 4508 presbyterum,
2119 4449 2388 4507 postremo

827 4531 1142 4601 episcopum
1176 4529 1396 4585 ordinat
1418 4527 1633 4599 Illyrici.

898 4621 965 4674 ll.
999 4620 1199 4687 Sicque
1250 4619 1489 4680 lucerna,
1518 4630 1570 4671 ut
1592 4620 1897 4689 evangelice
1926 4622 2097 4675 dicam
2127 4622 2168 4685 ⁸,
2219 4622 2387 4691 posita

2384 4648 2387 4674 |
2561 4621 2637 4676 B'.
2669 4621 2777 4673 Καὶ
2809 4620 2949 4673 οὕτω
2976 4620 3038 4689 δὴ
3060 4618 3153 4670 τοῦ
3190 4616 3402 4689 λύχνου,
3444 4614 3811 4683 εὐαγγελικῶς
3852 4617 4046 4681 εἰπεῖν,

830 4726 993 4780 super
1020 4708 1424 4774 candelabrum,
1440 4719 1493 4764 et
1506 4710 1649 4765 verbi
1671 4709 1900 4778 vitaeque
1923 4712 2392 4770 luceilluminante

2386 4733 2392 4768 ι
2492 4713 2586 4765 ἐπὶ
2613 4711 2712 4778 τὴν
2738 4710 2959 4780 λυχνίαν
2989 4707 3262 4770 τεθέντος,
3322 4710 3415 4762 καὶ
3445 4705 3624 4773 πολλῷ
3675 4707 3750 4774 τῷ
3784 4707 3878 4761 τοῦ
3934 4706 4048 4776 βίου

831 4800 1122 4856 multorum
1149 4800 1506 4870 cogitationes
1539 4811 1620 4855 :et
1649 4800 1837 4858 falsam
1861 4802 2076 4872 quidem
2115 4806 2380 4861 mendacii

2493 4804 2589 4857 καὶ
2617 4802 2692 4871 τῷ
2728 4802 2821 4856 τοῦ
2876 4802 3035 4868 λόγου
3089 4800 3230 4867 φωτὶ
3276 4800 3375 4860 τὰς
3409 4797 3516 4850 τῶν
3548 4797 3756 4851 πολλῶν
3812 4797 4051 4860 διανοίας

832 4890 1130 4946 doctrinam
1153 4892 1520 4961 proculcante,
1557 4891 1813 4949 doctrina:
1840 4909 2088 4951 sermone
2120 4895 2390 4961 alnuente,

2389 4943 2390 4947 η
2496 4891 3169 4962 περιαστράπτοντος,καὶ
3208 4888 3640 4956 καθοδηγοῦντος
3684 4888 3819 4957 πρὸς
3866 4888 4051 4941 θεοσέο

830 4983 898 5035 ad
958 4980 1129 5037 solius
1206 4991 1382 5035 autem
1453 4982 1544 5038 Dei
1589 4985 1947 5052 cognitionem
2014 4989 2207 5044 multos
2261 5006 2393 5045 con-

2386 5020 2393 5033 ι
2495 4988 2646 5039 6ειαν
2671 5026 2685 5049 ,
2724 4986 2823 5037 οὐκ
2855 4971 2933 5052 ἦν’
2966 4981 3136 5034 ταῦτα
3192 4981 3382 5049 πράως
3405 4982 3495 5033 τὸν
3518 4979 3751 5049 πονηρὸν
3784 4980 4048 5046 ἐνεγκεῖν,

834 5081 1083 5127 vertente
1139 5082 1196 5127 et
1263 5072 1559 5129 deducente
1627 5073 1693 5128 ad
1744 5075 2021 5143 pietatem,
2055 5094 2158 5133 non
2188 5091 2394 5147 poterat
2495 5114 2496 5121 η

2392 5124 2394 5133 .
2495 5077 2631 5131 ἀλλὰ
2655 5076 2773 5130 κατ’
2809 5074 2973 5127 αὐτοῦ
3001 5074 3094 5127 καὶ
3131 5073 3229 5139 τῆς
3253 5071 3537 5133 εὐσεϐείας
3562 5069 3735 5123 δεινὸν
3782 5069 3935 5123 ἔπνει
3963 5073 4054 5123 καὶ

835 5162 1105 5231 malignus
1133 5163 1247 5217 haec
1281 5162 1421 5219 ferre
1447 5165 1719 5222 moderate
1745 5184 1760 5223 :
1796 5168 1888 5221 sed
1921 5170 2065 5223 rabie
2091 5170 2307 5239 quidem
2340 5174 2392 5225 in
2423 5220 2462 5242 η

2423 5220 2462 5242 η
2502 5172 2747 5242 μανικὸν,
2802 5167 2923 5220 ὅθεν
2977 5168 3071 5219 καὶ
3099 5165 3189 5218 τὸν
3229 5164 3505 5233 ’Δδριανὸν
3548 5162 3748 5221 ὑποδὺς
3774 5161 3917 5224 ὅλον,
3952 5162 4054 5230 πρὸ

835 5253 1013 5323 ipsum
1045 5254 1368 5322 agitabatur,
1403 5262 1457 5309 et
1480 5256 1714 5325 graviter
1738 5257 1971 5326 spirabat
1998 5271 2185 5313 contra
2221 5262 2392 5331 pieta-
2422 5250 2462 5276 υ

2422 5250 2462 5276 υ
2498 5262 2607 5316 τῶν
2633 5262 2806 5315 ἄλλων
2834 5258 3109 5318 ἁπάντων,
3136 5258 3225 5309 τὸν
3264 5256 3595 5322 Ἐλευθέριον
3632 5253 3771 5304 ἑλεῖν
3794 5250 4054 5319 ἀγωνίζε-

839 5355 972 5398 tem.
1003 5340 1200 5398 Totum
1222 5358 1351 5399 vero
1381 5344 1597 5399 subiens
1613 5345 1925 5412 Adrianum,
1958 5362 2078 5403 cum
2106 5349 2195 5404 illo
2218 5364 2396 5404 arma-

2390 5380 2396 5392 ι
2502 5368 2611 5409 ται.
2653 5350 2777 5409 τοὺς
2804 5346 3237 5416 ὲπισημοτέρους
3257 5343 3365 5396 τῶν
3397 5341 3635 5395 εὐσεϐῶν
3661 5341 3905 5395 σπεύδων
3924 5342 4052 5394 ἀπο-

838 5446 928 5489 tnr
957 5444 1145 5488 contra
1178 5436 1458 5491 veritatem
1497 5454 1511 5492 :
1544 5444 1597 5490 et
1629 5443 1753 5490 ante
1792 5437 1925 5491 alios
1964 5455 2148 5495 omnes
2175 5448 2398 5495 conton-

2392 5473 2398 5484 -
2505 5439 2764 5507 θερίζειν,
2782 5438 2969 5505 ὥσπερ
2998 5435 3060 5506 δή
3088 5452 3239 5496 τινας
3267 5432 3372 5485 τῶν
3392 5433 3677 5502 ἀσταχύων
3708 5430 4054 5501 προέχοντας,

910 5598 924 5628 ¹
962 5598 1143 5655 Matth.
1186 5617 1235 5653 ν.

911 5718 985 5783 (Ι)
1032 5714 1167 5785 L058
1229 5718 1501 5785 Αηηείυιο,
1569 5732 1691 5774 (um
1737 5720 1997 5776 Anicetus
2029 5720 2227 5773 sederit
2268 5728 2385 5787 post
2425 5718 2748 5777 Adrianum,
2785 5712 2885 5765 sub
2923 5727 3028 5780 quo
3064 5725 3251 5777 passus
3283 5716 3366 5761 est
3437 5704 3800 5758 Elettthcritts.
