4208 6300
153 354 239 419 129
1328 348 1508 409 VITA
1551 346 1615 405 S.
1659 345 2163 406 ELEUTHERII.

3270 346 3372 410 130

146 470 297 530 Εὐθὺς
330 462 426 519 οὖν
451 464 620 534 sane
650 481 732 526 τις
756 464 863 516 τῶν
897 462 1241 532 στρατιωτῶν
1279 464 1580 531 πέμπεται,
1612 463 1701 514 τὸν
1733 469 1758 522 Α

1807 458 1884 513 dit
1918 461 1982 513 de
2017 461 2193 513 tnedio
2247 458 2434 514 tollere
2466 457 2853 526 Elcmherlnm,
2889 476 2952 514 ex
3009 462 3108 530 piis
3154 465 3371 517 studens

155 558 476 624 Ἐλευθέριον
501 556 581 625 τῷ
606 554 869 625 βασιλικῷ
907 553 1108 620 βήματι
1139 554 1486 622 παραστῆναι
1536 569 1688 605 κεκε-

144 649 442 716 λευσμένος.
508 650 549 699 Ο
573 648 628 700 δὲ
668 647 766 715 τὴν
798 645 1093 712 ἐκκλησίαν
1124 628 1474 708 κατάλαϐὼν,
1494 643 1690 712 πλήθει

141 758 188 791 τε
217 738 766 806 περικυκλωσάμενος
829 736 1199 805 στρατιωτῶν,
1243 737 1337 787 καὶ
1393 735 1485 787 τὸν
1535 735 1689 800 ἅγιον

141 831 268 882 ἔνδον
300 829 614 889 ἀπολαϐὼν,
649 823 766 879 εἶτα
792 827 885 878 καὶ
916 825 1196 889 εἰσελθὼν,
1229 827 1322 878 καὶ
1368 827 1544 896 ἀγρίῳ
1594 827 1690 895 μὲν

137 923 350 988 ὖμματι,
376 920 699 988 ἀγριωτέρῳ
719 919 774 970 δὲ
803 918 1114 986 φρονήματι
1136 922 1247 980 τοῖς
1273 918 1440 987 ὁρῶσι
1475 917 1686 984 φανείς·

136 1012 195 1073 ὡς
223 1012 271 1062 δὲ
303 1007 442 1062 εἶδον
484 1010 645 1062 αὑτὸν
675 1015 734 1062 τὸ
759 1013 854 1078 τῆς
886 1009 1239 1070 διδασκαλίας
1291 1011 1506 1077 ἥδιστον
1540 1009 1689 1075 νᾶμα

137 1101 442 1170 προχέονται.
472 1102 564 1152 καὶ
597 1101 692 1152 σὺν
715 1101 984 1170 εὐκοσμία
1011 1098 1175 1168 πολλῇ
1209 1103 1317 1161 τοῖς
1349 1098 1568 1150 συνοῦσι
1591 1101 1690 1166 τὴν

137 1192 402 1245 εὐσέϐειαν
431 1192 889 1259 καταγγέλλοντα,
923 1193 1021 1261 τὴν
1053 1190 1147 1243 τοῦ
1184 1188 1420 1258 Χριστοῦ
1455 1190 1684 1257 δύναμιν

135 1283 414 1351 θαυμάζων
447 1279 534 1352 ἦν.
564 1284 672 1335 Καὶ
707 1281 1026 1351 μεταϐαλὼν
1061 1281 1259 1334 αὐτίκα
1289 1282 1387 1350 τῆς
1423 1281 1682 1347 ἀγριότη-

135 1391 229 1438 τος,
260 1373 533 1443 πρόϐατον
557 1377 675 1428 ἀντὶ
699 1373 887 1437 λύκου,
921 1373 1012 1425 καὶ
1039 1370 1282 1441 μαθητὴς
1311 1371 1430 1424 ἀντὶ
1456 1369 1685 1423 διώκτου

133 1468 355 1532 γίνεται·
394 1469 487 1519 καὶ
518 1467 762 1536 ὑπερορᾷ
798 1466 896 1534 μὲν
921 1465 1086 1517 αὑτοῦ
1124 1463 1413 1532 βασιλέως,
1454 1460 1687 1531 προσπί-

132 1557 312 1610 πτειδὲ
343 1561 460 1619 τοῖς
487 1557 611 1610 ποσὶ
640 1556 732 1608 τοῦ
770 1555 948 1622 ἁγίου,
988 1555 1082 1607 καὶ
1109 1555 1167 1606 τὸ
1199 1553 1306 1606 ἀπὸ
1331 1553 1482 1605 τοῦδε
1523 1553 1685 1621 συνῆν

132 1647 261 1715 αὖτῷ
293 1650 411 1708 τοῖς
443 1649 651 1700 ἐκείνου
683 1647 860 1712 λόγοις
893 1645 1028 1713 πρὸς
1051 1643 1150 1709 τὴν
1183 1642 1465 1696 εὐσέϐειαν
1498 1659 1688 1712 στηρι-

132 1739 358 1806 ζόμενος.
414 1739 550 1790 Ἀλλ’
596 1737 735 1790 οὕτω
765 1735 865 1804 μὲν
911 1737 938 1786 6
966 1734 1134 1803 Φίληξ
1168 1735 1366 1798 ἐποίει,
1421 1732 1516 1789 καὶ
1554 1734 1692 1803 πρὸς

1798 554 2075 606 demetere
2097 567 2211 615 eos,
2242 555 2333 622 qui
2366 564 2519 606 crant
2547 554 2884 623 insigniores,
2917 563 3171 622 tanquam
3199 556 3373 623 spicas

1798 644 2056 710 quasdam
2096 647 2304 698 caateris
2336 646 2737 714 praestantiorcs
2770 662 2781 698 :
2817 656 2870 698 et
2893 647 3072 698 statim
3111 661 3233 700 cum
3269 657 3402 712 ter-_

1800 731 1940 785 ribili
1961 732 2226 800 legatione
2262 735 2492 787 mittitur
2513 734 2662 788 Felix
2687 734 2926 803 quidam,
2960 750 3096 789 unus
3123 749 3188 786 ex
3221 735 3372 788 duci-

1795 824 1896 876 bus
1948 824 2236 887 exercitus,
2266 823 2447 889 jussus
2479 835 2534 878 ut
2581 840 2675 893 per
2717 827 2822 879 vim
2857 826 3087 883 adducat
3118 825 3372 879 Eleuthe-

1797 916 1960 979 rium,
1994 925 2048 968 et
2080 930 2200 969 eum
2229 916 2382 970 sistat
2409 927 2529 968 ante
2556 919 2788 971 tribunal
2816 919 3246 986 imperatorium.
3266 918 3370 986 Qui

1793 1021 1916 1058 cum
1938 1008 2002 1058 ad
2023 1006 2219 1060 Christi
2247 1008 2522 1061 mandratn
2544 1009 2896 1074 pervenisset,
2924 1011 3229 1076 ecclesiam,
3248 1027 3368 1066 eam

1792 1102 2139 1151 extrinsecus
2201 1098 2545 1152 circumsidet
2607 1100 2948 1155 multitudine
3003 1102 3227 1156 militum
3265 1122 3282 1158 :
3315 1115 3370 1158 et

1793 1205 1912 1242 cum
1947 1190 2092 1243 intus
2125 1190 2500 1256 intercepisset
2532 1191 2922 1260 Eleutherium,
2959 1206 3206 1264 tanquam
3232 1214 3370 1265 pra:-

1793 1283 1914 1333 datn
1938 1281 2169 1350 aliquam
2206 1284 2453 1337 studebat
2472 1284 2671 1339 habere
2702 1301 2893 1353 agnum
2919 1287 3141 1340 Christi.
3169 1287 3369 1343 Deinde

1797 1373 2056 1441 templum
2094 1373 2390 1444 ingressus,
2423 1386 2475 1430 et
2509 1376 2823 1430 truculentis
2852 1376 3069 1444 quidem
3101 1379 3278 1434 oculis
3313 1391 3367 1435 et

1797 1470 2178 1525 truculentiore
2200 1471 2360 1525 etiam
2391 1472 2864 1543 spiritu,tanquam
2905 1475 3020 1544 ipso
3048 1476 3196 1528 vultu
3227 1475 3365 1543 ejus,

1794 1562 1884 1628 qui
1920 1562 2158 1624 miserat,
2180 1563 2490 1631 signiﬁcans
2533 1567 2820 1631 saevitiam,
2856 1581 2914 1620 se
2963 1569 3253 1621 ostendens
3279 1566 3367 1633 iis,

1795 1651 1889 1719 qui
1928 1651 2180 1706 videbant
2217 1673 2230 1707 ι
2275 1663 2552 1723 postquam
2587 1657 2716 1710 vidit
2750 1658 3120 1712 Eleutherium
3149 1659 3365 1712 suavis-

1792 1739 1989 1792 simum
2027 1742 2286 1796 doctrina.-
2323 1742 2582 1798 ﬂuentum
2629 1747 3058 1813 profundentem,
3099 1759 3154 1801 et
3200 1763 3366 1800 orna-

130 1829 208 1880 τὸν
246 1828 648 1881 ἀποστέί).αντα
695 1826 948 1895 οὐδαμῶς
1012 1826 1377 1896 ἀναστρέφειν
1413 1823 1635 1894 ὴγάπα·
1668 1825 1695 1877 6
1728 1812 1758 1868 Ε

1801 1830 2005 1885 tissime
2058 1832 2311 1901 pietatem
2371 1812 2776 1890 annttntiantem
2837 1837 2924 1901 iis,
2991 1838 3081 1906 qui
3127 1852 3248 1891 cum
3297 1851 3368 1892 eo

129 1918 253 1980 θεῖος
283 1916 338 1970 δὲ
389 1916 730 1988 Ἐλευθέριος
754 1914 1241 1988 παρρησιάσασθαι
1271 1914 1369 1985 τὴν
1401 1913 1691 1967 εὐσέϐειαν

128 2009 587 2079 προθυμούμενος,
641 2007 868 2079 πορείας
902 2007 1064 2070 εὐθὺς
1111 2006 1311 2076 εἴχετο,
1360 2006 1455 2059 καὶ
1486 2005 1575 2058 τὸν
1596 2004 1691 2057 Φί-

126 2101 256 2172 ληκα
276 2103 650 2172 συνεπόμενον
682 2102 842 2170 ἔχων.
884 2100 971 2161 Ὠς
1007 2098 1065 2150 δὲ
1102 2099 1242 2150 κατά
1262 2098 1360 2167 τὴν
1391 2098 1508 2149 ὁδὸν
1535 2097 1692 2151 ὕδατι

127 2193 460 2265 περιέτυχον,
513 2194 670 2256 ἄλλος
699 2186 853 2255 οὗτος
887 2190 1180 2258 Κανδάκης
1208 2192 1235 2242 6
1259 2186 1426 2258 Φίληξ
1453 2187 1689 2256 γίνεται,

126 2288 380 2356 καὶπαρά
403 2286 673 2339 Φιλίππου
705 2285 799 2338 τοῦ
837 2283 981 2336 θείου
1035 2281 1375 2351 Ἐλευθερίου
1419 2278 1682 2352 βαπτίζε-

123 2393 222 2442 ται,
252 2377 351 2446 τὴν
385 2376 830 2446 είδωλολατρείαν
862 2393 921 2428 τε
957 2373 1350 2432 ἀποϐάλλεται.

1795 1922 2177 1987 versabantur,
2210 1923 2297 1977 ille
2320 1923 2618 1978 mirandum
2649 1927 2701 1979 in
2729 1925 2943 1980 modum
2997 1927 3368 1981 admirabatur

1791 2009 1994 2065 Cltristi
2031 2012 2285 2066 virtutem
2320 2032 2334 2067 :
2366 2023 2419 2067 et
2443 2014 2627 2069 statim
2654 2027 2856 2069 mutata
2895 2016 3100 2070 saevitia
3170 2019 3189 2084 (
3220 2016 3368 2072 visus

1791 2111 1876 2155 est
1909 2103 2054 2155 enim
2097 2102 2294 2158 habere
2332 2104 2569 2158 animum
2605 2115 2794 2174 aptum
2843 2110 2908 2159 ad
2965 2108 3365 2175 suscipiendum

1790 2191 1994 2244 semina
2025 2193 2287 2261 pietatis),
2320 2193 2376 2247 tit
2396 2196 2512 2249 ovis
2527 2209 2621 2262 pro
2651 2196 2790 2264 lupo,
2819 2205 2873 2249 et
2909 2211 3002 2265 pro
3025 2205 3367 2264 persecutore

1793 2281 2086 2351 discipulus
2120 2297 2135 2335 :
2167 2292 2219 2336 et
2242 2287 2482 2351 priorum
2531 2287 2693 2338 veluti
2728 2288 2945 2352 oblitus,
2994 2305 3096 2342 non
3141 2289 3278 2341 latro
3313 2296 3368 2341 et

1790 2383 2130 2440 persecutor,
2171 2376 2261 2428 sed
2294 2373 2518 2440 Christi,
2552 2392 2711 2444 quem
2742 2378 3188 2447 persequebatur,
3231 2380 3369 2433 ami-

123 2482 207 2525 cus
236 2478 288 2525 et
323 2472 622 2540 discipulus
655 2489 668 2526 :
705 2483 758 2524 et
790 2471 1018 2541 despicit
1051 2471 1264 2539 quidem
1299 2472 1468 2536 ipsum
1507 2470 1885 2538 imperatorem
1915 2486 1928 2521 :
1963 2470 2206 2536 procedit
2270 2480 2450 2524 autem
2489 2477 2555 2526 ad
2615 2475 2775 2541 pedes
2841 2474 3044 2539 sancti,
3101 2486 3155 2530 et
3207 2475 3274 2528 ab
3304 2491 3367 2530 eo

129 2574 355 2634 tempore
385 2565 576 2619 lubens
595 2566 912 2619 versabatur
937 2579 1057 2616 cum
1087 2563 1366 2630 magistro,
1418 2562 1564 2614 illius
1607 2561 1784 2613 verbis
1847 2559 2201 2623 illuminatus,
2243 2572 2298 2615 et
2340 2562 2395 2615 in
2443 2565 2640 2632 pietate
2704 2567 3078 2619 conﬁrmatus.
3113 2564 3216 2618 Sed
3287 2566 3365 2618 sic

120 2658 320 2724 quidem
347 2657 479 2708 fecit
504 2655 675 2718 Felix,
702 2667 1110 2723 etnequaqnam
1137 2653 1346 2706 curavit
1379 2651 1574 2705 reverti
1610 2650 1676 2703 ad
1718 2664 1865 2717 eum,
1936 2653 2024 2720 qui
2061 2653 2304 2707 miserat.
2340 2652 2457 2708 Non
2487 2665 2604 2709 erat
2631 2666 2832 2721 autem,
2867 2656 2918 2707 id
2946 2655 3088 2724 quod
3146 2655 3365 2710 videbao

124 2758 200 2801 tur
230 2749 568 2803 Eleutherio.
596 2748 907 2802 Festinabat
932 2749 1073 2802 enim
1119 2748 1187 2802 ad
1225 2745 1625 2802 confessionem
1662 2763 1682 2801 ι,
1717 2755 1942 2814 eratque
2007 2758 2255 2816 prompto
2284 2756 2339 2800 et
2403 2750 2570 2802 alacri
2603 2750 2783 2803 animo
2811 2753 2874 2802 ad
2907 2751 3159 2818 pietatem
3195 2751 3364 2807 libere

119 2842 591 2898 ederendamJter
617 2840 1022 2912 certeprotinus
1065 2849 1150 2896 est
1205 2841 1498 2909 ingressus,
1557 2840 1764 2894 habens
1828 2841 1990 2894 etiam
2055 2854 2113 2894 se
2165 2851 2478 2910 sequentem
2535 2839 2765 2894 Felicem
2822 2843 3010 2895 ducem
3069 2844 3363 2898 exercitus.

119 2939 238 2992 Cum
290 2947 475 2992 autem
538 2942 678 2994 inter
729 2941 979 2992 eumdum
1034 2937 1086 2990 in
1147 2951 1340 3006 aquam
1396 2934 1731 3000 incidissent,
1764 2937 1820 2988 lit
1853 2936 1941 2988 hic
1979 2935 2129 2989 Felix
2193 2938 2331 2991 alius
2391 2937 2666 2990 Candaces
2703 2953 2717 2987 :
2759 2945 2811 2990 et
2849 2951 2878 2988 a
2913 2937 3090 2991 divino
3117 2936 3366 3006 Philippo

116 3028 413 3096 baptizatur
443 3025 485 3090 ',

118 3117 339 3170 exuitur.

180 3210 252 3266 I".
291 3211 450 3264 Ἐπεὶ
482 3210 646 3265 δὲκαὶ
670 3209 767 3282 τὴν
801 3209 1022 3282 Ῥώμην
1051 3210 1373 3274 κατέλαϐον,
1396 3211 1560 3281 Φίληξ
1589 3211 1687 3279 μὲν
1717 3226 1758 3281 c

117 3306 215 3366 τοῖς
244 3305 301 3356 ιν
370 3302 568 3374 Ῥώμῃ
626 3305 837 3366 πιστοῖς
895 3303 962 3357 τὰ
1018 3305 1160 3356 κατά
1209 3302 1300 3355 τὸν
1343 3301 1681 3370 Ἐλευθέριον

116 3396 468 3464 ἀπαγγέλλει,
541 3396 879 3464 Ἐλευθέριον
927 3396 984 3448 δὲ
1031 3398 1059 3448 6
1090 3396 1341 3466 βασιλεὺς
1374 3395 1450 3464 τῷ
1488 3392 1680 3446 ἑαυτοῦ

115 3487 400 3554 παρίστησι
439 3485 652 3553 βήματι
677 3501 691 3515 ο
727 3485 784 3536 ὃν
824 3485 921 3536 καὶ
955 3484 1081 3536 ίδὼν
1133 3487 1250 3536 νέον
1276 3503 1334 3538 τε
1393 3485 1488 3538 καὶ
1524 3500 1682 3554 περι·

113 3577 294 3645 καλλῆ,
353 3577 451 3627 καὶ
503 3573 579 3642 τῷ
637 3577 736 3642 τῆς
768 3574 970 3643 ἀρετῆς
1005 3573 1196 3642 κόσμῳ
1233 3575 1411 3642 ψυχὴν
1439 3575 1557 3642 ἅμα
1590 3575 1683 3627 καὶ

112 3667 412 3734 ὀφθαλμοὺς
454 3663 813 3732 ἀγλαῒζοντα,
868 3662 982 3716 Ἵνα
1013 3663 1087 3727 τί,
1123 3665 1308 3732 φησιν,
1356 3663 1679 3731 Ἐλευθέριε,

110 3758 199 3827 τὴν
221 3755 492 3827 πατρῴαν
517 3755 814 3826 θρησκείαν
839 3754 1142 3816 ἀπολιπὼν,
1164 3754 1349 3807 καινόν
1367 3770 1486 3806 τινα
1513 3769 1680 3822 πρεσ-

111 3848 274 3911 ϐεύεις
303 3849 464 3914 Θεὸν,
497 3850 593 3901 καὶ
625 3847 813 3900 τοῦτον
842 3845 1256 3915 ἐσταυρωμένον
1284 3862 1298 3910 ;
1345 3845 1682 3914 Ἐλευθέριος

109 3941 159 3993 δὲ
181 3941 314 4010 πρὸς
336 3939 519 4001 οὕτως
546 3938 913 3990 ἀσυνετοῦντα
964 3938 1099 4005 μηδὲ
1139 3937 1534 4004 ἀποκρίνεσθαι
1590 3936 1679 3988 θέ-

111 4033 227 4096 λων,
258 4031 436 4091 ἄλλως
488 4046 550 4081 τε
583 4028 639 4080 δὲ
661 4028 753 4080 καὶ
777 4028 916 4081 αύτά
934 4028 998 4098 δὴ
1020 4029 1088 4080 τὰ
1110 4028 1201 4080 τοῦ
1224 4027 1457 4098 Χριστοῦ
1489 4030 1546 4081 ὲν
1570 4031 1680 4092 τοῖς

111 4123 237 4194 ὑπὲρ
277 4119 527 4193 Χριστοῦ
570 4119 924 4189 μιμούμενος,
983 4119 1203 4173 σιωπῶν
1244 4121 1491 4191 ἑστήκει.
1540 4120 1678 4174 ⁹Αλλ*

111 4216 383 4286 ἀπόκρινε,
420 4213 521 4266 καὶ
564 4207 721 4273 αὖθις
747 4213 773 4263 6
808 4210 1064 4278 βασιλεὺς
1092 4209 1216 4279 έερη,
1265 4212 1394 4279 περὶ
1426 4206 1500 4264 ὧν
1531 4213 1676 4280 ἠρω-

109 4305 288 4378 τήθης.
323 4301 462 4359 Εῐτα
496 4303 596 4357 καὶ
621 4303 716 4371 τῆς
754 4299 978 4370 πικρίας
1018 4301 1237 4365 ἐνδοὺς,
1270 4299 1529 4370 Πείσθητι
1567 4316 1676 4368 μοι,

114 4397 276 4463 ἔλεγε,
336 4398 437 4450 καὶ
481 4397 606 4458 τοῖς
653 4394 946 4463 ἀηττήτοις
995 4393 1157 4446 θῦσον
1207 4392 1387 4456 θεοῖς·
1440 4394 1489 4444 εί
1517 4389 1676 4456 δὀὔ,

111 4487 339 4556 χαλεπὰς
367 4487 569 4549 έπάξω
599 4502 680 4536 σοι
709 4485 999 4554 τιμωρίας,
1024 4484 1330 4554 πειθομένῳ
1362 4484 1418 4537 δὲ
1450 4483 1547 4546 τὰς
1581 4501 1678 4552 με-

539 3039 731 3093 nempe
803 3025 1150 3090 Eleutherio,
1233 3034 1288 3078 et
1367 3023 1684 3077 idololatria:
1746 3023 2026 3092 caligine,
2115 3033 2368 3093 tanquam
2448 3026 2664 3094 putrido
2746 3026 2927 3094 aliquo
2997 3027 3362 3097 indumento,

1862 3209 1955 3266 ιιι.
1982 3210 2272 3277 Postquam
2295 3223 2419 3262 vero
2448 3208 2642 3263 itinere
2673 3208 2921 3264 confecto
2944 3208 3169 3265 Romam
3206 3226 3366 3266 vene-

1795 3313 1949 3364 runt,
1975 3318 2002 3354 a
2040 3301 2286 3354 ﬁdelibus
2317 3300 2555 3367 quidem,
2591 3299 2680 3365 qui
2721 3309 2875 3353 erant
2914 3299 3112 3364 Βοιηαι,
3151 3302 3364 3367 agnitus

1790 3391 2065 3459 sigillatim
2116 3390 2181 3444 de
2219 3389 2533 3442 Eleutherio
2564 3388 2746 3440 omnia
2776 3388 3079 3441 annuntiat.
3109 3388 3361 3445 Eleuthe-

1793 3482 1935 3537 rium
1983 3491 2164 3535 autem
2194 3482 2378 3547 jussus
2426 3481 2767 3547 imperatoris
2811 3480 3106 3546 imperabat
3145 3481 3260 3533 sisti
3295 3481 3363 3535 ad

1795 3576 1934 3630 illius
1965 3572 2218 3628 tribunal.
2251 3569 2343 3624 llle
2377 3584 2502 3623 vero
2554 3579 2661 3622 tam
2697 3583 2888 3638 magno
2917 3579 2969 3623 et
2999 3570 3214 3624 excelso
3245 3573 3362 3625 ani-

1790 3681 1878 3717 mo
1922 3662 2245 3730 ingreditur,
2277 3676 2340 3715 ac
2366 3662 2410 3715 si
2455 3676 2558 3714 non
2593 3661 2658 3713 ad
2690 3661 3005 3722 certamina,
3045 3660 3137 3711 sed
3185 3662 3249 3711 ad
3282 3661 3363 3714 l'e-

1791 3765 1934 3808 stum
1970 3760 2366 3805 accerseretur.
2425 3749 2595 3814 Quem
2643 3765 2764 3802 cum
2797 3752 3096 3818 aspexisset
3124 3751 3359 3819 impera-

1792 3856 1896 3909 tor,
1933 3851 1991 3898 ut
2029 3842 2161 3896 vidit
2189 3857 2311 3897 eum
2347 3855 2467 3896 esse
2515 3850 2570 3894 et
2595 3840 2848 3908 juvenem
2880 3849 2933 3893 et
2975 3838 3269 3895 formosum
3303 3848 3359 3897 et

1788 3934 2003 3985 virtutis
2059 3938 2379 3983 ornamento
2428 3935 2482 3979 et
2539 3929 2718 3979 animo
2760 3936 2814 3978 et
2859 3926 3026 3979 oculis
3049 3927 3306 3980 decorum
3337 3941 3358 3983 :

1786 4024 1914 4085 Cur,
1961 4021 2155 4090 inquit,
2201 4033 2233 4072 ο
2279 4017 2574 4080 Eleutheri,
2611 4016 2782 4085 patria
2835 4015 3021 4071 relicta
3074 4016 3355 4086 religione,

1787 4117 2008 4170 deorum
2055 4112 2256 4168 cultum
2306 4109 2458 4165 nihili
2506 4109 2737 4173 faciens,
2809 4123 3007 4163 novum
3070 4108 3355 4176 quemdam

1787 4209 1955 4260 Deum
1987 4204 2120 4257 colis
2153 4220 2167 4257 :
2211 4202 2362 4270 isque
2393 4216 2513 4254 cum
2545 4216 2650 4254 non
2678 4200 2852 4253 solum
2885 4201 2958 4252 sit
2999 4212 3181 4268 aperte
3213 4217 3356 4255 mor-

1786 4305 1931 4358 tuus,
1968 4295 2061 4350 sed
2096 4293 2260 4347 etiam
2310 4299 2538 4347 mortem
2584 4288 2813 4344 subierit
2874 4288 3238 4355 turpissimam
3272 4289 3295 4342 7
3329 4307 3347 4340 ι

1787 4385 2131 4440 Eleutherius
2156 4392 2335 4436 autem
2365 4381 2437 4444 ei,
2464 4380 2552 4448 qui
2590 4383 2647 4433 Se
2679 4389 2783 4432 tam
2807 4378 2965 4434 stulte
2988 4379 3226 4449 gerebat,
3256 4394 3354 4434 nec

1789 4477 2220 4546 respondendum
2255 4474 2470 4544 quidem
2532 4485 2654 4525 esse
2697 4472 3011 4535 arbitratus,
3064 4481 3118 4525 et
3150 4471 3353 4539 alioqui

111 4581 287 4644 γίστας
321 4576 558 4646 παρέξω
589 4574 774 4642 τιμάς.
811 4575 918 4624 Καὶ
947 4576 976 4626 6
1023 4573 1363 4641 Ἐλευθέριος
1391 4575 1674 4641 εύπαρρη-
1705 4565 1756 4621 D

1793 4573 1959 4638 ipsum
2016 4567 2292 4622 Christum
2339 4566 2392 4618 in
2449 4565 2534 4627 iis,
2569 4575 2684 4628 qua:
2732 4576 2826 4628 pro
2855 4560 3070 4615 Christo
3096 4574 3352 4627 passurus

114 4670 366 4731 σιάστωςο
407 4666 525 4719 Καὶ⁸
583 4663 699 4727 πῶς
770 4665 856 4727 ἂν,
897 4663 1024 4735 ἔφη,
1082 4663 1346 4727 τοιούτοις
1403 4663 1683 4733 λατρεύσω

112 4759 238 4820 θεοῖς
259 4799 272 4823 ,
302 4760 336 4826 ἦ
368 4757 509 4812 ἄλλο
558 4755 873 4825 ἀνεχομένη)
933 4755 1311 4825 συνθήσομαι;
1359 4755 1482 4815 Πῶς
1537 4753 1590 4805 δὲ
1620 4755 1681 4803 οὐ

119 4853 306 4921 μᾶλλον
340 4850 663 4920 ἀποστῆναι
689 4848 893 4900 τούτων
922 4848 1016 4902 καὶ
1040 4848 1167 4917 ὑμῖν
1195 4845 1684 4914 συμϐουλεύσαιμι;

116 4942 469 5002 ἀπειθοῦντας
537 4941 596 4992 δὲ
650 4937 904 5007 δακρύσω
935 4937 1035 5005 τῆς
1084 4935 1361 4999 ἀπονοίας,
1424 4935 1505 4987 ὅτι
1544 4935 1686 5003 λόγῳ

121 5037 236 5104 προς
261 5034 398 5088 Θεοῦ
433 5030 792 5102 τιμηθέντες,
833 5029 1006 5094 ξύλων
1045 5032 1140 5082 καὶ
1183 5029 1345 5082 λίθων
1371 5027 1684 5096 ἀτιμότεροι

116 5125 510 5194 καθεστήκατε,
551 5119 710 5182 Θεοῦς
739 5118 910 5171 ταῦτα
935 5116 1248 5186 ἡγούμενοι,
1282 5114 1482 5167 καὶτὸν
1509 5111 1682 5179 ἀληθῆ

118 5215 232 5266 Θεὸν
255 5215 516 5284 ἀφρόνως
547 5211 1043 5278 ἀποστρεφόμενοι,
1083 5208 1140 5268 ὃς
1179 5205 1247 5258 τὰ
1282 5206 1456 5257 πάντα
1479 5203 1685 5273 ῥήματι

119 5309 479 5375 συνεστήσατο
583 5304 679 5354 καὶ
720 5302 867 5369 ἡμᾶς
919 5299 994 5360 δὲ,
1022 5299 1128 5351 τῶν
1179 5297 1342 5350 αὐτοῦ
1372 5295 1686 5364 κτισμάτων

118 5397 169 5448 τὺ
189 5399 474 5451 κάλλιστόν
500 5413 563 5446 τε
601 5396 691 5447 καὶ
723 5392 1073 5460 τιμιώτατον,
1105 5392 1152 5442 εί
1179 5392 1270 5443 καὶ
1299 5388 1485 5456 ὥσπερ
1512 5391 1566 5438 ὲν
1593 5404 1684 5437 νυ-

122 5493 402 5562 κτομαχίᾳ,
431 5493 494 5542 τὸ
524 5489 686 5556 φίλον
738 5505 795 5538 τε
829 5486 923 5538 καὶ
956 5483 1208 5552 πολέμιον
1241 5483 1562 5551 cirros-5pm;
1595 5481 1687 5555 xui:

126 5583 245 5652 πρὸς
274 5585 369 5649 μὲν
401 5583 498 5636 τὸν
557 5581 829 5650 ἡμέτερον
888 5578 1163 5646 Δεσπότην
1217 5572 1684 5644 ἐκπολεμούμεθα,

183 5720 342 5771 'Act.
379 5733 500 5769 v::t.
590 5713 610 5742 ³
656 5712 786 5766 an.
828 5725 938 5763 XXI.

1782 4672 1921 4724 erat,
1954 4660 2173 4715 imitans
2201 4655 2378 4712 stabat
2405 4665 2608 4710 tacens.
2642 4672 2660 4706 ι
2695 4650 2800 4708 Sed
2834 4655 3120 4721 responde,
3160 4668 3353 4707 rursus

1784 4754 1916 4808 dixit
1953 4754 2279 4819 imperator:
2322 4748 2420 4814 Qui
2449 4749 2526 4811 lit,
2556 4747 2696 4813 quod
2725 4757 2773 4799 te
2808 4755 2913 4798 tam
2945 4744 3144 4799 stolide
3169 4761 3346 4817 geras,

1781 4853 1835 4898 et
1864 4845 1918 4896 in
1948 4843 2092 4895 hunc
2117 4839 2543 4893 Christianorum
2574 4835 2775 4888 cultum
2807 4835 3054 4888 insanum
3091 4843 3143 4889 te
3169 4834 3351 4888 immi-

1780 4934 1918 4989 seris
1951 4932 1973 4984 2
2013 4948 2031 4981 ›
2075 4929 2275 4984 Deinde
2309 4928 2642 4997 aliquantum
2675 4928 2956 4981 remittens
2987 4928 3052 4980 de
3080 4927 3349 4978 acerbita-

1781 5035 1836 5080 te
1865 5043 1878 5079 :
1909 5042 1926 5075 ι
1965 5020 2122 5087 Pare,
2155 5020 2347 5090 inquit,
2375 5019 2507 5072 mihi
2535 5028 2588 5071 et
2614 5018 2718 5071 diis
2748 5014 2964 5070 invictis
2993 5015 3254 5071 sacriﬁca.
3289 5015 3348 5071 Si

1787 5120 1930 5172 enim
1967 5128 2261 5183 persuasus
2300 5112 2660 5173 convertaris,
2708 5108 2941 5161 honores
2980 5109 3068 5160 tibi
3101 5110 3348 5176 praebebo

1787 5207 2049 5261 maximos
2085 5223 2096 5259 :
2133 5205 2215 5258 sin
2261 5211 2440 5255 autem
2474 5216 2576 5254 non
2606 5214 2814 5268 pareas,
2861 5198 3173 5266 gravissima
3212 5199 3347 5254 infe-

1787 5314 1898 5351 ram
1963 5297 2245 5365 supplicia.
2306 5292 2645 5345 Eleutherius
2703 5306 2830 5345 vero
2907 5289 3133 5344 Domino
3199 5292 3349 5344 invo-

1784 5404 1923 5454 cato,
1993 5393 2080 5457 qui
2133 5387 2264 5440 dixit
2317 5406 2329 5440 :
2381 5384 2554 5439 Nolite
2614 5399 2732 5438 esse
2779 5382 3031 5448 solliciti,
3080 5386 3345 5450 quomodo

1785 5491 1876 5535 aut
1925 5482 2050 5549 quid
2103 5480 2487 5546 respondeatis.
2538 5465 2757 5529 Dabi'tur
2804 5475 2944 5527 enim
2978 5473 3146 5537 vobis,
3176 5476 3347 5540 inquit

1788 5572 1893 5637 ille,
1937 5568 2220 5638 sapientia,
2259 5567 2339 5620 cui
2394 5566 2568 5621 nullus
2627 5565 2822 5634 poterit
2868 5562 3348 5627 rcsistcre’:Qu0—
