4208 6300
836 326 929 391 [31
2115 310 2398 369 MENSIS
2430 309 2764 369 APRILIS.
3960 311 4056 372 132

835 436 1014 500 modo,
1051 431 1241 502 inquit,
1274 440 1461 499 potero
1502 426 1771 481 sustinere
1811 421 2008 475 talibus
2041 420 2144 474 diis
2172 422 2397 484 servire,
2430 427 2474 482 Α

2430 427 2474 482 Α
2503 419 2628 474 τοὺς
2659 418 2714 469 δὲ
2735 417 2951 483 ἀληθῶς
2979 414 3273 482 πολεμίους
3301 415 3423 478 τοὺς
3447 416 3706 483 δαίμονας
3753 423 3939 488 τιμαῖς
3974 422 4061 474 οε.

838 538 930 584 aut
972 528 1061 580 alii
1109 525 1395 578 sustinenti
1430 520 1696 574 assentiar
1725 513 2057 583 {Quomodo
2087 522 2390 564 autemnon

2503 527 2638 579 ραπε
2651 507 2813 578 ὑομεν
2844 509 2936 560 καὶ
2958 506 3188 568 θυσίαις.
3223 506 3437 572 Ἔγωγε
3460 506 3551 558 οῦν
3576 507 3668 558 τοῦ
3697 509 3828 575 ἐμοῦ
3857 513 4059 563 Asand-

840 621 1007 689 magis
1042 617 1192 671 vobis
1227 613 1585 669 consuluerim
1618 612 1684 663 ab
1705 609 1780 663 eis
1813 607 2045 661 deiicere
2082 621 2095 659 :
2125 615 2174 658 et
2215 605 2255 656 si
2285 617 2391 656 non
2500 622 2502 632 ι

2500 617 2591 651 του
2627 600 2716 650 ἀεὶ
2772 596 3094 667 περιέχομαί
3160 613 3219 646 τε
3284 598 3378 648 καὶ
3439 597 3780 666 περιὲξνιμαι.
3839 601 4060 666 ἀτιμίας

834 687 1093 780 parcatis,
1125 716 1361 761 vestram
1392 702 1613 757 deﬂeam
1647 701 1960 759 amentiam,
2001 698 2140 766 quod
2189 695 2394 748 ratione

2501 691 2652 756 ὑμῶν
2684 687 3025 759 περιφρονῶν
3050 689 3140 739 καὶ
3165 689 3348 756 τιμὰς,
3384 689 3478 740 καὶ
3507 690 3564 738 τὸ
3594 689 3883 741 ἀπ’,θινείν
3922 693 4059 744 ὑπὲρ

835 818 862 852 a
900 800 1008 854 Deo
1043 798 1320 860 honorari,
1351 794 1527 849 effecti
1573 795 1701 847 estis
1745 793 1962 844 vilic-r413
1991 789 2146 856 lignis
2176 798 2226 841 et
2259 787 2392 853 lapi-

2323 787 2392 853 pi-
2500 783 2736 853 Χριστοῦ
2769 782 2980 851 τρυφὴν
3004 781 3096 832 καὶ
3125 780 3443 846 ἀγαλλίααιν
3468 781 3632 844 ὅντως
3663 783 3985 851 ἡγούμενος.

834 893 1012 954 dibus,
1038 896 1172 944 adeo
1205 900 1262 944 ut
1299 890 1409 941 haec
1433 891 1562 942 deos
1582 901 1702 940 esse
1730 885 1929 952 putetis
1962 900 1976 938 :
2010 893 2064 936 et
2095 897 2197 935 non
2230 883 2398 934 solum
2426 892 2570 942 esse,
2615 879 2709 931 sed
2745 877 2907 930 etiam
2945 875 3079 928 bene
3148 888 3270 930 esse
3310 876 3632 929 existimetis
3664 894 3675 927 :
3747 878 3908 945 idque
3940 891 4062 931 vero

835 986 945 1037 Deo
984 983 1188 1044 relicto,
1225 985 1310 1048 qui
1349 981 1550 1032 ratione
1575 979 1849 1031 constitui!
1886 975 2233 1029 universum?
2298 972 2504 1026 Casium
2577 971 2718 1023 enim
2780 978 2834 1022 et
2868 979 3006 1021 terra
3061 977 3184 1021 sunt
3247 983 3380 1035 opus
3413 984 3604 1021 manus
3646 969 3812 1024 illius.
3862 969 4058 1025 Sumus

833 1088 961 1125 vero
993 1087 1088 1126 nos
1111 1087 1177 1124 ex
1211 1072 1294 1132 iis,
1325 1086 1444 1137 quae
1475 1071 1698 1133 creavit,
1733 1083 1864 1134 opus
1898 1065 2313 1134 pulcherrimum
2340 1074 2393 1115 et
2435 1061 2916 1129 pretiosissimum:
2984 1059 3192 1112 etiamsi
3227 1069 3480 1127 tanquam
3551 1061 3601 1113 in
3634 1076 3804 1128 pugna
3842 1070 4060 1114 noctur-

833 1180 900 1216 na
962 1164 1275 1230 ignoramus
1319 1161 1369 1213 id
1421 1161 1560 1228 quod
1603 1170 1682 1212 est
1725 1161 1953 1211 amicum
1989 1171 2041 1210 et
2109 1155 2349 1209 hostile:
2420 1165 2471 1205 et
2512 1153 2769 1205 adversus
2817 1159 3055 1203 nostrum
3100 1151 3311 1218 quidem
3359 1152 3641 1205 Dominum
3693 1152 3883 1205 bellum
3926 1154 4062 1221 geri-

833 1273 953 1310 mus
984 1274 996 1308 :
1032 1271 1123 1309 eos
1151 1265 1347 1318 autem,
1377 1254 1466 1322 qui
1495 1262 1614 1305 sunt
1637 1266 1761 1306 vere
1786 1251 1951 1304 nostri
1983 1250 2184 1302 inimici
2212 1259 2265 1300 et
2291 1248 2472 1299 hostes
2495 1256 2546 1297 et
2583 1243 2874 1303 daemones,
2901 1241 3140 1310 inquam,
3180 1253 3416 1305 nostros,
3439 1259 3470 1294 ο
3500 1245 3783 1305 insaniam,
3815 1255 4062 1312 putamus

831 1368 953 1408 esse
985 1351 1253 1410 dominos,
1293 1359 1348 1401 et
1376 1363 1466 1401 eos
1500 1347 1792 1400 honoribus
1821 1346 2126 1399 extollimus
2149 1353 2202 1395 et
2231 1341 2531 1394 sacriﬁciis.
2578 1337 2690 1409 Ego
2761 1338 2922 1407 igitur
2957 1337 3184 1392 Domino
3221 1355 3339 1394 meo
3405 1341 3673 1400 atllizereo,
3742 1350 3793 1395 et
3851 1358 4064 1411 semper

832 1445 1142 1505 adlnerebo,
1178 1455 1234 1498 et
1266 1441 1485 1496 Christo
1515 1453 1634 1491 meo
1667 1438 1922 1501 serviam,
1956 1436 2274 1503 ignominias
2328 1444 2534 1489 vestras
2588 1442 2642 1488 et
2700 1434 2954 1497 honores,
3011 1443 3064 1489 et
3091 1435 3184 1489 has
3208 1436 3440 1503 pueriles
3467 1437 3639 1490 larvas
3659 1437 4059 1504 suppliciorum,

834 1536 1118 1594 infantium
1145 1551 1266 1590 esse
1292 1535 1473 1604 plagas
1493 1541 1769 1602 reputans.
1799 1530 1924 1584 Mihi
1952 1531 2117 1595 enim,
2179 1542 2234 1583 ut
2271 1546 2421 1582 meus
2494 1529 2629 1582 dixit
2659 1529 2845 1582 doctor
2880 1529 3095 1594 Paulus,
3135 1539 3276 1583 totus
3310 1533 3536 1583 mundus
3561 1540 3644 1585 est
3675 1533 3983 1596 cruciﬁxus,
4011 1541 4062 1587 ct

831 1651 934 1704 ego
965 1630 1164 1686 mundo
1189 1636 1210 1666 ι
1239 1647 1253 1683 :
1285 1639 1340 1684 et
1367 1629 1500 1682 mori
1535 1642 1630 1696 pro
1659 1627 1896 1688 Christo,
1926 1627 2133 1679 delicia:
2169 1626 2295 1677 mihi
2322 1635 2445 1678 sunt
2486 1635 2538 1676 et
2567 1625 2881 1679 exsultatio.
2916 1641 2934 1675 ι

906 1724 996 1779 ιν.
1034 1723 1113 1776 Ira
1153 1722 1341 1788 plenus
1369 1734 1456 1788 per
1490 1721 1604 1773 haec
1649 1720 1827 1772 evadit
1854 1720 2161 1785 imperator,
2198 1728 2245 1768 et
2280 1732 2399 1783 gra-
2436 1723 2474 1776 Β

2397 1745 2399 1753 ι
2436 1723 2474 1776 Β
2575 1715 2647 1768 Α’,
2684 1715 2868 1782 Θυμοῡ
2901 1715 3166 1786 πλήρηςιὸ
3199 1715 3450 1783 βασιλεὺς
3495 1716 3552 1765 ἐν
3590 1715 3800 1779 τούτοις
3831 1717 4059 1785 γίνεται,

839 1818 1019 1872 batnm
1050 1815 1200 1881 jubet
1236 1811 1416 1864 afferri
1449 1826 1679 1872 aeneum,
1715 1817 1765 1862 et
1811 1808 1859 1862 ei
1908 1808 2134 1859 multmn
2184 1806 2397 1874 quidem

838 1906 980 1974 ignis
1013 1902 1281 1957 substerni
1316 1917 1330 1955 :
1372 1915 1533 1970 supra
1585 1916 1704 1952 eum
1731 1909 1907 1950 autem
1944 1897 2138 1950 nudum
2187 1895 2398 1949 extendi

842 1998 1122 2059 athletam,
1156 2006 1209 2047 et
1241 1994 1318 2047 sic
1344 2004 1600 2062 perpetuo
1638 1991 1956 2060 deﬂagrare,
1985 1992 2153 2043 donec
2180 1990 2400 2042 omnino

839 2086 1125 2143 interierit.
1188 2083 1478 2153 Postquam
1541 2086 1718 2140 autem
1768 2084 1879 2134 haec
1921 2085 2030 2134 cito
2074 2081 2211 2134 facta
2255 2085 2396 2146 sunt,

845 2187 1051 2244 martyr
1090 2175 1295 2228 insiluit
1336 2174 1388 2225 in
1441 2179 1722 2241 grabatum
1747 2212 1760 2237 ,
1797 2179 1848 2223 et
1887 2181 2024 2223 totus
2071 2170 2121 2223 in
2160 2179 2269 2223 toto
2304 2169 2402 2222 fuit

843 2279 1122 2322 extensus.
1158 2265 1360 2320 Civitas
1399 2278 1524 2317 vero
1552 2278 1690 2332 aegre
1732 2262 1906 2317 ferens
1949 2262 1998 2314 id
2028 2263 2165 2329 quod
2201 2261 2400 2312 factum

842 2359 1009 2412 fuerat
1040 2358 1249 2427 (omnes
1285 2357 1428 2410 enim
1473 2354 1583 2407 fere
1630 2362 1994 2406 convenerant
2026 2353 2089 2403 ad
2118 2359 2401 2420 Spectat-u-

842 2451 974 2517 ium)
1004 2448 1405 2518 exproprabant
1451 2445 1760 2513 imperatori
1799 2444 2164 2498 crudelitatem
2205 2460 2218 2496 :
2271 2442 2398 2502 Cur.

843 2541 1105 2602 dicentes,
1133 2538 1213 2591 vir
1238 2539 1371 2590 adeo
1401 2536 1599 2598 clarus,
1629 2551 1928 2606 genereque
1960 2543 2012 2587 et
2036 2535 2295 2602 sapientia
2324 2536 2401 2585 in-

844 2631 1030 2699 signis,
1059 2630 1194 2682 male
1219 2630 1377 2697 perit,
1411 2639 1664 2697 tanquam
1691 2627 1906 2681 infamis
1934 2628 2240 2696 quispiam?
2265 2627 2402 2678 Deus

843 2732 1024 2776 autem
1095 2720 1334 2774 dolorem
1385 2721 1986 2788 allevabntesnperis:
2043 2729 2096 2770 et
2151 2731 2401 2784 tanquam

842 2815 1073 2879 quodam
1094 2827 1214 2865 rore
1247 2811 1619 2880 refrigeratus,
1651 2819 1707 2862 et
1736 2811 1786 2859 in
1816 2807 1959 2860 molli
1994 2807 2154 2861 herba
2180 2807 2400 2870 cubans,

2500 1808 2596 1859 καὶ
2625 1804 2896 1874 κράϐατον
2931 1804 3217 1873 ἐνεχθῆναι
3258 1804 3468 1857 κελεύει
3492 1806 3748 1873 χαλκοῦν,
3785 1802 3844 1860 οῦ
3884 1811 4060 1861 κάτω-

2499 1896 2590 1948 θεν
2617 1895 2715 1964 μὲν
2747 1893 2859 1963 πῦρ
2887 1895 3300 1963 ὑποστρωθῆναι
3332 1894 3488 1957 πολὺ,
3518 1895 3724 1948 ἄνωθεν
3754 1896 3810 1948 δὲ
3849 1914 4063 1966 γυμνω-

2501 1989 2663 2040 θέντα
2699 1986 3022 2056 διαταθῆναι
3045 1987 3134 2038 τὸν
3163 1987 3420 2058 ἀθλητὴν,
3457 1987 3560 2052 ἕως
3591 1987 3653 2040 ἂν
3685 1989 3778 2041 xa‘t
3806 1989 3884 2051 είς
3912 1990 4061 2050 τέλος

2499 2079 2790 2149 διαφθαρῇ.
2850 2078 2936 2140 Ὠς
2965 2077 3020 2129 δέ
3053 2078 3224 2131 ταῦτα
3250 2079 3442 2132 θᾶττον
3473 2081 3704 2147 ἐγίνετο,
3727 2081 3821 2132 καὶ
3858 2083 3884 2133 6
3922 2083 4060 2150 μάρ-

2497 2187 2592 2230 τυς
2630 2170 2761 2229 ὅλως
2797 2169 2903 2237 ὅλῳ
2942 2167 3016 2235 τῷ
3053 2170 3310 2237 κραδάτῳ
3341 2171 3649 2237 ἐιρήπλωτο,
3692 2172 3740 2221 oi
3766 2171 3906 2223 κατά
3933 2171 4059 2222 θέαν

2499 2260 2896 2326 ἀθροισθέντες,
2957 2260 3168 2326 βαρέως
3229 2262 3546 2326 ἐνεγκόντες
3589 2261 3650 2312 τὸ
3693 2263 3935 2328 γεγονὸς,
3985 2264 4060 2324 είς

2499 2350 2758 2420 ὠμότητα
2790 2350 3090 2419 ἐλοιδόρουν
3124 2351 3213 2402 τὸν
3249 2351 3497 2418 βασιλέα,
3543 2353 3659 2404 Ἵνα
3693 2343 3768 2415 τί,
3797 2353 4059 2419 λέγοντες,

2499 2442 2636 2513 ἀνὴρ
2662 2442 2802 2495 οὕτω
2864 2444 3008 2511 γένει
3037 2460 3095 2495 τε
3126 2445 3217 2495 καὶ
3249 2445 3411 2513 σοφίᾳ
3459 2445 3837 2514 περίϐλεπτος,
3867 2440 3955 2497 οἷά
3983 2464 4062 2506 τις

2500 2534 2606 2586 τῶν
2674 2533 2882 2602 ἀτίμων
2937 2535 3122 2597 κακῶς
3178 2535 3520 2598 ἀπόλλυταις
3568 2534 3698 2599 Θεὸς
3742 2535 3796 2588 δὲ
3859 2538 4062 2590 ἄνωθεν

2502 2625 2826 2692 ὲπεκούφιζε
2851 2627 2948 2687 τὰς
2981 2620 3192 2689 ὀδύνας,
3233 2629 3327 2680 καὶ
3360 2627 3545 2698 ὥσπερ
3573 2628 3678 2680 τινὶ
3711 2629 4064 2697 μαλακῇ’πόᾳ

2504 2718 2596 2768 καὶ
2625 2716 2879 2786 δροσώδει
2920 2719 3348 2785 κατακείμενος,
3386 2720 3555 2780 οὕτως
3599 2722 3626 2771 6
3654 2722 3859 2788 μάρτυς
3883 2722 4062 2770 ἐὐπα-

2504 2807 2609 2859 θῶν
2637 2803 2723 2875 ἦν.
2755 2809 2850 2859 Ὃν
2872 2811 2898 2860 6
2923 2807 3186 2875 τύραννος
3207 2808 3460 2861 τεθνάναι
3491 2808 3795 2870 ὑπολαϐὼν,
3832 2808 4062 2876 ἀρθῆναι

848 2911 1054 2972 martyr
1075 2901 1345 2955 sentiebat
1369 2898 1713 2968 voluptatem.
1745 2896 2037 2966 Imperator
2055 2908 2229 2952 autem
2255 2909 2402 2966 post-
2501 2915 2510 2930 ·

2400 2928 2402 2934 ι
2501 2899 2591 2950 τὸν
2620 2899 2826 2950 ἐκείνου
2856 2901 3048 2968 νεκρὸν
3068 2901 3340 2952 ἐκέλευεν.
3374 2900 3459 2963 Ὡς
3484 2900 3539 2952 δὲ
3565 2901 3661 2967 τῆς
3690 2900 3912 2970 σιδηρᾶς
3947 2900 4062 2952 κλί-

843 3008 1004 3063 quam
1043 2993 1206 3047 animi
1263 2991 1463 3046 rabiem
1518 2999 1783 3045 tormento
1822 2990 1932 3056 iam
1975 2989 2104 3046 satis
2153 2988 2396 3050 lenierat,
2433 3057 2466 3064 _
2502 3009 2505 3018 ι

2433 3057 2466 3064 _
2502 3007 2596 3056 νης
2632 2990 2843 3058 ἐκείνης
2876 2993 3116 3054 ἀναστὰς
3146 2994 3174 3045 6
3215 2993 3450 3062 μάρτυς,
3489 2993 3706 3064 ἀπαθὴς
3756 2989 3824 3064 ἧν
3857 2993 3949 3046 καὶ
3976 2991 4063 3044 c5-

842 3085 1159 3138 existimans
1193 3099 1314 3138 eum
1341 3082 1451 3149 jam
1482 3097 1602 3134 esse
1632 3089 1918 3142 ιιιοιιιιιιιιι,
1948 3080 2096 3144 iubet
2126 3078 2270 3130 illine
2298 3080 2399 3130 tol-
2424 3057 2468 3116 (ἶ
2502 3088 2504 3118 l

2424 3057 2468 3116 (ἶ
2502 3080 2691 3148 θυμος,
2722 3057 2954 3149 ’Υᾲώσω
2985 3084 3111 3146 σε,ὀ
3132 3057 3262 3146 Θεδς
3290 3057 3415 3152 pou,
3449 3085 3476 3134 ὁ
3500 3057 3914 3153 Βασιλεύς-μου,
3942 3083 4061 3153 μεθ’

845 3173 879 3227 li
930 3173 1072 3226 illius
1123 3185 1338 3239 corpus.
1384 3167 1671 3237 Postquam
1703 3182 1732 3222 e
1765 3167 1902 3221 lecto
1957 3167 2132 3220 ferreo
2171 3168 2404 3219 surrexit
2497 3175 2507 3217 ι

2399 3202 2404 3215 .
2497 3170 2690 3237 ἡδονῆς
2721 3171 2939 3237 ἔψαλλε,
2979 3175 3073 3223 καὶ
3103 3174 3301 3226 αίνέσω
3329 3174 3387 3225 τδ
3414 3175 3585 3243 ὄνομά
3611 3191 3703 3227 σου
3725 3175 3812 3227 διὲ
3837 3175 4061 3238 παντός.

847 3278 1074 3332 martyr,
1111 3277 1215 3316 non
1250 3261 1419 3318 solum
1461 3259 1680 3324 illzsus,
1718 3258 1810 3312 sed
1841 3257 2001 3312 etiam
2041 3255 2190 3309 latus
2218 3263 2269 3308 et
2294 3253 2406 3306 ala-

2403 3282 2406 3292 ν
2511 3257 2666 3310 Ἐπεὶ
2725 3259 2781 3312 δὲ
2838 3261 2928 3312 τὸν
2976 3261 3109 3314 Θεὸν
3167 3262 3310 3314 οὕτω
3349 3264 3584 3328 δοξάζων
3619 3265 4065 3335 θαρραλεώτερος

845 3373 982 3411 cer:
1020 3354 1282 3409 Extoilam
1325 3363 1375 3407 te
1413 3354 1553 3406 Deus
1610 3366 1780 3418 meus,
1815 3350 1924 3404 Rex
1963 3364 2132 3408 meus.
2180 3349 2408 3403 canebat.
2502 3353 2507 3402 ί

2401 3361 2408 3400 L
2502 3351 2626 3421 ἑξῆς
2657 3351 2733 3421 τῷ
2763 3354 3011 3423 τυράννῳ
3044 3356 3308 3426 παρέστη.
3337 3356 3537 3426 Βλέψον
3561 3360 3640 3420 είς
3663 3358 3782 3425 ἐμὲ,
3820 3357 4063 3426 βασιλεῦ,

847 3461 968 3501 cum
1015 3446 1231 3515 gaudio,
1280 3451 1336 3499 et
1395 3442 1621 3495 laudabo
1671 3455 1862 3494 nomen
1912 3447 2060 3492 tuum
2128 3446 2407 3507 perpetuo.

847 3537 1102 3592 Laudabo
1153 3536 1344 3599 Deum,
1398 3536 1487 3602 qui
1543 3531 1775 3585 laetiﬁcat
1815 3530 2152 3595 iuventutem
2209 3541 2405 3582 meam.

847 3628 1109 3693 Quoniam
1143 3626 1419 3695 generatio
1451 3633 1502 3678 et
1528 3622 1803 3691 generatio
1829 3619 2068 3673 laudabit
2100 3633 2262 3686 opera
2289 3629 2401 3684 tua,

2503 3443 2625 3509 ἔφη,
2661 3444 2719 3494 δν
2766 3447 2831 3496 σὺ
2868 3448 3040 3515 πυρὸς
3087 3447 3248 3516 ἔργον
3302 3450 3557 3516 γενέσθαι
3599 3449 3918 3518 νενόμικας,
3979 3449 4071 3498 καὶ

2510 3534 2664 3595 stiva;
2707 3536 2805 3604 μὲν
2837 3536 2926 3587 τὸν
2958 3539 3049 3590 ὑπ’
3085 3541 3218 3606 ἐμοῦ
3270 3543 3694 3611 κηρυττόμενον,
3722 3541 3985 3609 ἐπίγνωθι
4015 3541 4070 3591 ι’»ὲ

2510 3626 2603 3676 καὶ
2631 3627 2736 3677 τῶν
2761 3627 2869 3679 σῶν
2895 3628 3034 3680 θεῶν
3059 3630 3156 3697 τὴν
3180 3631 3482 3687 ἀσθένειαν.

844 3735 897 3778 et
924 3721 1214 3791 potentiam
1260 3729 1404 3773 tuam
1468 3714 1887 3778 annnntiabunt,
1942 3721 1996 3767 et
2063 3714 2323 3768 miracula
2395 3724 2481 3768 tua
2543 3719 2898 3774 narrabunt'.
2930 3719 3218 3789 Postquam
3274 3738 3400 3776 vero
3446 3724 3554 3777 Deo
3615 3725 3693 3778 sic
3750 3724 4067 3793 gioriiicato,

847 3814 1104 3870 audacius
1160 3810 1416 3875 deinceps
1465 3810 1634 3861 astitit
1682 3816 1804 3861 ante
1856 3814 2140 3878 tyrannum
2186 3822 2200 3858 :

2260 3806 2454 3877 Aspice
2505 3810 2571 3864 ad
2630 3827 2734 3877 me,
2788 3813 2894 3878 ait,
2960 3829 2994 3869 ο
3051 3814 3376 3885 imperator,
3426 3830 3583 3885 quem
3636 3827 3688 3870 tu
3746 3818 4068 3882 existimasti

847 3913 916 3968 ab
940 3912 1059 3981 igne
1086 3903 1446 3967 exedendum,
1473 3911 1530 3959 et
1551 3902 1786 3970 intellige
1845 3916 1991 3964 eum,
2056 3901 2149 3966 qui
2208 3915 2342 3953 ame
2394 3904 2742 3970 praedicatur.
2796 3908 3041 3977 Agnosce
3083 3922 3260 3962 autem
3313 3917 3523 3964 tuorum
3581 3925 3791 3981 quoque
3847 3916 4068 3973 deorum

850 4000 1296 4056 imbecillitatem.

924 4091 988 4147 ν.
1042 4087 1194 4142 Hanc
1241 4085 1520 4140 audaciam
1561 4093 1615 4138 et
1656 4083 1865 4139 dicendi
1899 4082 2223 4150 libertatem,
2256 4097 2407 4137 suam

849 4197 970 4238 esse
1000 4176 1379 4235 contumeliam
1408 4176 1697 4246 imperator
1717 4176 2028 4236 arbitratus,
2049 4185 2102 4230 et
2131 4189 2190 4229 se
2213 4174 2409 4228 victum

2588 4081 2663 4140 E’.
2709 4085 2764 4137 '0
2792 4083 2848 4138 δὶ
2879 4084 3159 4156 τύραννος,
3189 4086 3417 4156 νομίσας
3459 4089 3774 4158 ὑϐρίζεσθαι
3808 4069 3876 4162 τῇ
3928 4100 4072 4166 παῤ-

2520 4176 2683 4248 ρησίᾳ
2709 4175 2798 4228 τοῦ
2827 4175 3122 4246 μάρτυρος,
3162 4179 3254 4230 καὶ
3287 4179 3590 4248 ἡττηθῆναι
3618 4181 3776 4244 δόξας
3809 4183 3884 4251 τῷ
3911 4200 4070 4254 περι-

854 4281 973 4324 esse
1001 4268 1272 4337 opinatus,
1305 4265 1448 4333 quod
1491 4274 1950 4327 contemneretur,
1997 4264 2314 4332 supplicium
2347 4278 2412 4318 eo
2444 4283 2486 4337 ι)

2407 4284 2412 4312 ι
2444 4283 2486 4337 ι)
2517 4267 2766 4337 φρονητῷ
2792 4267 2890 4335 τῆς
2920 4267 3213 4331 κολάσεως,
3243 4270 3464 4335 μείζονα
3491 4270 3692 4339 ταύτης
3721 4276 3813 4324 καὶ
3840 4278 4069 4347 σφοδροο

854 4361 1126 4427 excogitat
1172 4357 1348 4426 maius
1385 4364 1440 4407 et
1493 4354 1886 4409 vehementius.
1933 4355 2143 4409 Rursus
2191 4370 2318 4424 ergo
2357 4357 2408 4409 in

859 4449 1037 4507 medio
1095 4447 1411 4520 proponitur
1463 4447 1740 4514 craticula,
1787 4447 1910 4517 igne
1957 4448 2170 4516 quidem
2223 4451 2411 4504 subtus

853 4553 1084 4596 accenso
1117 4556 1130 4594 :
1160 4537 1281 4594 oleo
1317 4546 1496 4593 autem
1529 4539 1758 4607 desuper
1789 4553 2028 4606 aspersa,
2063 4548 2116 4593 et
2140 4536 2410 4592 ﬂammam

855 4630 1094 4700 graviter
1125 4629 1444 4683 accendens.
1479 4627 1586 4681 Sed
1617 4641 1681 4680 ne
1711 4639 1838 4681 tunc
1871 4629 2086 4696 quidem
2117 4631 2286 4700 gratia
2320 4641 2412 4681 ne-

857 4721 1024 4791 glexit
1064 4727 1355 4790 martyrem
1387 4734 1402 4773 :
1451 4719 1544 4773 sed
1576 4718 1898 4788 simulatque
1932 4720 2026 4779 fuit
2054 4722 2165 4790 ipse
2191 4718 2411 4788 imposi-

858 4824 946 4868 tus
975 4812 1264 4874 craticula,
1285 4813 1420 4878 ignis
1445 4814 1625 4868 statim
1661 4812 1762 4868 fuit
1800 4814 2118 4875 exstinctus,
2142 4821 2194 4865 et
2222 4811 2411 4866 carbo-

857 4915 952 4957 nes
1001 4912 1431 4957 emarcuerunt:
1477 4905 1732 4958 craticula
1795 4919 1944 4965 vero,
1999 4912 2251 4972 tanquam
2303 4917 2407 4957 non

855 4995 1058 5059 oleum,
1094 4995 1186 5048 sed
1215 5011 1349 5064 aqua
1381 4994 1558 5062 potius
1583 4994 1810 5064 desuper
1841 4995 2006 5050 tuisse
2042 4993 2237 5058 infusa,
2295 4994 2408 5061 ipsa

856 5101 1072 5156 quoque
1125 5094 1240 5141 erat
1271 5085 1481 5153 frigida,
1514 5096 1758 5142 sanctum
1794 5100 2121 5140 conservans
2162 5086 2405 5138 iiimsum.

855 5178 994 5242 Quid
1018 5192 1143 5232 vero
1164 5177 1185 5231 2
1215 5192 1336 5234 cum
1363 5177 1516 5232 hisne
1534 5179 1632 5232 fuit
1649 5177 2001 5234 exstinctaria
2029 5176 2410 5245 imperatoris?

853 5267 1202 5337 Nequaquam
1237 5287 1250 5323 :
1293 5270 1386 5325 sed
1425 5270 1570 5325 rabie
1603 5271 1766 5326 semel
1819 5269 2076 5338 percitus,
2112 5277 2166 5322 et
2203 5267 2268 5320 ad
2303 5269 2406 5322 alia

853 5360 1073 5431 quidem
1131 5362 1296 5415 nibilo
1346 5361 1539 5417 melius
1576 5359 1815 5427 aiiectus,
1853 5377 2015 5432 quam
2045 5374 2220 5415 cacus
2265 5378 2278 5414 :
2341 5359 2406 5411 ad

858 5451 961 5508 ltoc
991 5460 1170 5506 autem
1201 5453 1373 5507 solum
1399 5454 1637 5515 intuens.
1658 5464 1714 5508 ut
1741 5457 1845 5510 diis
1874 5458 1986 5510 suis
2014 5455 2409 5525 gratiﬁcaretur

857 5541 912 5597 in
937 5552 1121 5598 sancto
1149 5544 1438 5612 puniendo,
1465 5547 1557 5615 qui
1581 5545 1798 5615 quidem
1825 5557 1945 5602 sunt
1969 5549 2188 5602 omnino
2206 5547 2404 5602 daemo-

927 5677 949 5707 ⁸
971 5678 1144 5732 Galat.
1181 5695 1254 5734 vt.
1331 5682 1350 5711 ³
1383 5681 1519 5736 Psal.
1549 5697 1725 5738 chtv.

2510 4359 2675 4427 τέραν
2698 4358 2919 4409 ἐπινοεῖ.
2991 4357 3232 4427 Ἐσχάρα
3277 4357 3405 4424 γοῦν
3452 4360 3510 4412 ἰν
3558 4361 3706 4431 μέσῳ
3734 4367 4069 4434 προτίθεται,

2511 4448 2643 4517 πυρὶ
2677 4447 2776 4517 μὲν
2811 4447 3057 4502 κάτωθεν
3109 4448 3490 4523 διακαιομινη,
3537 4453 3702 4527 ἐλαίῳ
3748 4457 3804 4509 δὲ
3860 4459 4070 4514 ἄνωθεν

2510 4537 2923 4610 διαδρεχομένη,
2972 4540 3066 4594 καὶ
3119 4543 3217 4612 τὴν
3256 4544 3426 4612 φλόγα
3487 4547 3676 4611 δεινῶς
3736 4551 4065 4614 ὲξάπτουσα.

2511 4629 2655 4696 Πλὴν
2709 4629 2829 4682 οὐδὲ
2880 4631 2998 4684 τότε
3027 4633 3122 4684 τοῦ
3157 4635 3434 4703 μάρτυρος
3483 4638 3515 4704 ἡ
3547 4637 3705 4706 χάρις
3735 4641 3928 4707 ἠμέλει
3950 4660 3964 4673 ο
3995 4645 4068 4707 ὡς

2510 4722 2616 4792 γὰρ
2647 4721 2928 4775 ἐπετίθετο
2949 4727 3014 4794 τῇ
3052 4725 3282 4794 ἐσχάρᾳ,
3303 4725 3362 4778 τὸ
3380 4726 3491 4794 πῦρ
3520 4728 3723 4792 εὐθέως
3759 4731 4068 4798 ἐσϐέννυτο,

2510 4814 2605 4865 καὶ
2634 4815 2682 4865 oi
2710 4813 2979 4880 ἄνθρακες
3006 4816 3368 4883 ιμαραίνοντο
3388 4833 3400 4845 ⁸
3430 4818 3462 4888 ἡ
3498 4819 3705 4890 ὶσχάρα
3743 4821 3822 4884 δὲ,
3859 4822 3934 4886 ὠς
3971 4824 4070 4877 οὐκ

2511 4901 2689 4953 ὲλαίου
2716 4903 2916 4971 μᾶλλον
2954 4905 3069 4957 ἀλλ’
3125 4905 3315 4970 ὕδατος
3350 4909 3724 4980 ιπιχεομένου,
3755 4911 3938 4983 ψυχρὰ
3979 4918 4069 4968 καὶ

2510 4992 2645 5064 αὑτὴ
2694 4990 2782 5063 ἦν,
2824 4996 3008 5047 κακῶν
3037 4998 3221 5067 ἀπαθῆ
3259 4998 3585 5069 διατηροῦσα
3641 5005 3732 5055 τὸν
3775 5005 3950 5069 ἅγιον.
4005 5007 4067 5059 Τί

2508 5083 2564 5136 δέ
2593 5100 2606 5149 ;
2646 5083 2968 5136 συνέοῦεστο
2997 5088 3203 5146 τούτοις
3244 5087 3349 5154 ἄρα
3380 5089 3468 5138 καὶ
3497 5090 3524 5140 6
3554 5089 3643 5140 τοῦ
3677 5089 3942 5159 βασιλέως
3972 5096 4063 5148 θυο

2511 5174 2644 5242 μός;
2709 5173 3018 5240 Οὗμενοῦνο
3095 5175 3251 5238 αὖθις
3302 5178 3410 5248 γὰρ
3475 5181 3760 5253 ἐνεχθῆναι
3829 5187 4067 5254 τήγανον

2509 5265 2856 5336 προστάττει,
2914 5267 3080 5335 κηρόν
3135 5285 3190 5320 τε
3240 5271 3332 5322 καὶ
3386 5272 3602 5337 πίσσαν,
3664 5277 3756 5327 καὶ
3813 5277 3981 5348 στέαρ
4013 5281 4066 5329 εν

2507 5357 2656 5427 αὺτῴ
2686 5356 3042 5427 ιμῦληθῆναι,
3071 5360 3200 5429 πυρὶ
3222 5361 3278 5413 δὲ
3304 5361 3482 5431 πολλῷ
3517 5365 3778 5435 ἑκκαῆναι
3796 5367 4061 5432 κάτωθεν,

2509 5453 2598 5506 καὶ
2641 5450 2810 5516 οὕτως
2842 5453 2899 5502 ὲν
2933 5451 3081 5520 αὑτῷ
3107 5453 3270 5505 πάλιν
3315 5454 3630 5527 διαταθῆναι
3665 5459 3752 5511 τὸν
3786 5461 4059 5532 μάρτυρα.

2521 5545 2604 5606 Ὠ,
2631 5542 2724 5597 οῦν
2758 5544 2915 5613 ἔργον
2955 5542 3145 5612 γέγονε
3175 5543 3234 5597 τὸ
3274 5548 3718 5618 κεκελευσμένον,
3749 5554 3840 5603 καὶ
3875 5552 3936 5604 τὸ
3967 5550 4061 5614 τή-
