4208 6300
185 305 279 371 133

1375 302 1549 361 VlTA
1585 301 1647 361 S.
1685 300 2188 362 ELEUTHERII.

3310 308 3416 376 134

180 439 333 494 γανον
373 421 494 475 ὅλον
526 417 881 488 ἀνθρακῶδες
928 413 1016 487 ἦν,
1056 415 1240 467 ἵστατο
1273 415 1329 467 δὲ
1358 414 1455 467 καὶ
1480 414 1507 467 ὁ
1542 414 1753 485 μάρτυς

1861 428 1955 470 nes
1988 415 2296 483 homicidae,
2337 430 2527 472 rursus
2552 415 2705 483 jubet
2736 415 2922 472 aﬂ'erri
2960 421 3311 492 sartaginem,
3343 441 3433 484 ce'

175 516 268 584 τὴν
304 510 581 583 τιμωρίαν
604 506 1021 576 ὑποδεξάμενος,
1055 506 1081 556 ὁ
1118 503 1378 574 τύραννος
1410 504 1579 556 πολλὰ
1606 520 1747 575 παρ-

178 605 394 665 αινέσας
424 600 595 669 αύτῷ,
630 596 906 657 ποικίλαις
930 611 985 647 τε
1016 594 1301 655 κολακὶαις
1337 592 1606 659 ὑπελθὼν,
1632 594 1754 647 ἐπεὶ

175 694 509 753 ἀπειθοῦντα
544 670 712 761 ἑώρα,
742 689 833 740 καὶ
856 688 955 749 τὰς
996 686 1258 747 κολακίας
1284 685 1555 753 εὐστόχως
1595 684 1754 754 ’ύϐρε-

178 805 257 839 σιν
288 784 661 853 ἀμειϐόμενον
699 778 901 849 (λύκον
932 778 1038 844 γὰρ
1089 777 1382 847 Ἀραϐικὸν
1413 775 1600 829 τοῦτον
1629 778 1758 830 ἑκά-

176 878 274 939 λει,
306 877 400 931 az:
436 877 544 936 τοῖς
580 874 672 926 τού
698 871 934 941 Χριστοῦ
966 871 1258 942 προϐάτοις
1290 868 1753 936 ἐπιϐουλεύοντα),

175 969 248 1037 τῷ
285 968 508 1037 τηγάνῳ
531 967 694 1019 αὐτὸν
726 964 937 1017 κελεύει
965 963 1307 1034 διαταθῆναι.
1366 960 1540 1023 Εὐθὺς
1570 958 1663 1014 οὖν
1688 963 1756 1014 τά

175 1062 310 1114 αὐτὰ
340 1062 457 1122 τοῖς
490 1058 774 1127 προτέροις
811 1056 1191 1127 ἐπηκολούθει,
1226 1058 1321 1109 καὶ
1352 1055 1752 1126 μεταϐάλλεται

178 1157 275 1221 μὲν
306 1154 387 1213 εἰς
418 1151 608 1220 δρόσον
639 1149 701 1201 τὸ
726 1148 857 1220 πῦρ,
892 1147 1035 1220 αὖρα
1067 1149 1124 1202 δέ
1160 1166 1245 1211 τις
1295 1147 1486 1219 ἡδίστη
1511 1145 1604 1199 τὸν
1633 1164 1758 1215 γεν-

1854 522 2081 577 ramque
2109 518 2162 563 et
2204 510 2402 577 picem,
2449 520 2502 565 et
2535 510 2747 580 adipem
2782 511 2833 565 in
2866 526 2985 566 eam
3038 513 3212 582 iujici,
3257 520 3430 574 multo

1855 612 1981 653 vero
2008 601 2129 667 igne
2159 602 2350 655 subtus
2376 601 2622 667 accendi,
2646 611 2700 657 et
2728 602 2807 656 sic
2827 603 2879 655 in
2899 617 2961 657 ea
2992 619 3178 660 rursus
3210 610 3432 663 extendi

1857 700 2176 762 martyrem.
2218 692 2508 762 Postquam
2541 709 2672 763 ergo
2703 694 2904 748 factum
2936 694 3059 759 fuit,
3088 700 3227 766 quod
3253 698 3437 753 fuerat

1855 781 2206 853 imperatum,
2249 794 2305 839 et
2362 794 2587 854 sartago
2625 796 2734 842 tota
2789 800 2909 841 erat
2959 791 3243 847 candens:
3281 792 3435 846 stetit

1853 883 2035 928 autem
2086 888 2292 947 martyr
2338 893 2556 945 quoque
2604 880 2882 932 subiturus
2941 880 3308 949 supplicium:
3355 880 3435 937 Ne

1854 964 2093 1027 dilfcras,
2128 966 2301 1033 inquit
2352 968 2668 1034 imperator,
2715 982 2748 1021 o
2800 966 3101 1034 Eleutlteri,
3132 980 3248 1026 stas
3286 972 3435 1027 enim

1856 1058 2065 1111 medius
2098 1059 2241 1112 inter
2271 1070 2501 1113 mnrtem
2558 1069 2611 1113 et
2653 1061 2839 1125 vitam,
2872 1076 2999 1115 cura
3046 1063 3097 1115 id
3145 1065 3291 1131 quod
3339 1064 3437 1119 tibi

1856 1145 2095 1201 futurum
2129 1157 2213 1203 est
2241 1150 2601 1205 conducibile.
2631 1150 2761 1205 Nam
2800 1167 2900 1221 ego
2930 1154 3145 1221 quidem
3182 1169 3435 1224 magnam

175 1247 327 1295 ναῖον
355 1239 654 1309 άνέιξυχεν.

1861 1240 1934 1293 tui
1967 1255 2151 1293 curam
2195 1257 2413 1311 gerens.
2449 1258 2513 1295 ne
2547 1243 2689 1296 male
2714 1258 2926 1313 pereas,
2963 1245 3013 1298 in
3057 1254 3113 1300 te
3148 1262 3269 1300 sum
3299 1245 3437 1300 affe-

172 1344 313 1396 ctus,
352 1342 612 1401 tanquam
646 1333 696 1384 iu
729 1344 1044 1399 germanqu
1068 1326 1233 1382 lilium
1266 1344 1280 1381 :
1319 1340 1415 1383 nec
1443 1325 1634 1381 vellent
1698 1342 1794 1393 per
1832 1328 1982 1393 deos,
2018 1332 2191 1385 virum
2216 1342 2323 1386 tum
2361 1334 2527 1386 nubili
2569 1334 2689 1389 loco
2720 1345 2932 1401 uatum,
2968 1346 3023 1390 et
3058 1338 3149 1403 qui
3178 1345 3262 1391 est
3322 1337 3440 1404 ipse

172 1430 310 1482 adeo
345 1431 542 1488 bonus,
586 1435 692 1477 tam
725 1426 957 1477 disertus
984 1463 997 1485 ,
1040 1432 1094 1476 et
1137 1430 1243 1474 tam
1297 1421 1515 1490 pulchra
1560 1420 1759 1486 specie,
1802 1421 2045 1489 seipsum
2117 1425 2515 1480 inconsiderate
2544 1428 2764 1495 injicere
2825 1431 2875 1483 in
2907 1429 3204 1497 periculum
3236 1446 3251 1483 :
3280 1431 3440 1497 idque

174 1534 402 1592 prapter
433 1520 569 1573 nihil
600 1520 741 1571 aliud
760 1533 919 1587 quam
951 1525 1167 1585 propter
1184 1513 1538 1583 pervicacium
1601 1528 1790 1569 ranam
1831 1529 1885 1570 et
1919 1517 2184 1572 inutilem.
2249 1511 2738 1587 Pustquamautem
2769 1524 2920 1577 stetit
2942 1532 3151 1593 martyr
3180 1525 3443 1578 adserens

180 1620 295 1674 haec
335 1631 600 1687 generose
645 1615 953 1676 decertans,
996 1622 1117 1679 apte
1161 1613 1373 1680 probris
1408 1626 1764 1667 remunerans
1800 1613 2111 1676 blanditias,
2178 1625 2231 1667 et
2274 1615 2421 1667 illutn
2498 1613 2682 1682 lupum
2729 1619 3009 1684 appellans
3038 1619 3351 1687 Arabicum,
3382 1629 3443 1673 υι

173 1714 264 1781 qui
330 1711 527 1761 nvibus
569 1707 771 1761 Christi
806 1706 1114 1769 insidietur,
1147 1705 1361 1758 tandem
1402 1705 1516 1759 haec
1581 1718 1799 1773 quoque
1838 1706 2032 1775 adjecit
2060 1721 2074 1759 :
2100 1706 2368 1774 Quidquid
2436 1706 2652 1775 feceris,
2673 1723 2778 1763 n0n
2812 1709 2943 1765 mihi
2978 1713 3350 1783 persuadebis,
3380 1720 3443 1768 ut

174 1807 246 1859 ab
280 1805 383 1858 bac
417 1804 503 1872 pia
530 1812 583 1855 et
606 1802 760 1854 beata
791 1800 1043 1852 desistam
1071 1800 1397 1854 Constantia.

243 1896 339 1963 ς’,
387 1892 667 1963 Ἀδριανὸς
719 1890 775 1943 δὲ
823 1892 1041 1943 πάντων
1083 1888 1233 1958 αὐτῷ
1292 1890 1423 1959 πρὸς
1453 1890 1763 1943 τούναντίον
1797 1893 1837 1951 Β

175 1987 627 2058 μεθισταμένων,
691 1982 914 2048 ἀπορῶν
948 1981 1203 2047 ἐκάθητο,
1250 1980 1441 2050 θαθείᾳ
1488 1980 1633 2051 λύπῃ
1660 1981 1760 2051 τὴν

173 2080 430 2147 γλῶτταν
471 2073 850 2142 πεπεδημένος
872 2089 884 2102 ·
913 2071 974 2124 ὃν
1028 2071 1152 2124 ἰδὼν
1190 2070 1362 2135 οὕτως
1392 2073 1588 2142 ἔχοντα
1618 2075 1646 2126 ὁ
1668 2090 1763 2142 τη-

174 2167 409 2224 νικαῦτα
443 2168 542 2235 τῆς
580 2165 788 2226 πόλεως
808 2162 1072 2233 ἔπαρχος,
1104 2163 1371 2233 Κορέμων
1393 2164 1542 2233 αὐτῷ
1571 2164 1760 2236 ὄνομα,

172 2263 345 2323 δεινὸς
373 2260 431 2312 δὲ
466 2255 625 2321 οὗτος
668 2257 937 2327 βασάνους
973 2256 1217 2326 ἐξευρεῖν
1252 2258 1596 2327 καινοτέρας.
1626 2258 1763 2313 ἀλλὰ

174 2354 269 2408 καὶ
298 2353 368 2405 τά
422 2352 566 2404 κατὰ
623 2351 716 2403 τὸν
746 2350 1123 2419 στρατηλάτην
1182 2348 1394 2419 Φίληκα
1424 2350 1631 2419 μαθὼν,
1672 2353 1765 2405 καὶ

173 2446 275 2515 ἢδη
304 2443 408 2512 μὲν
434 2442 728 2512 σπέρματα
761 2442 858 2511 τῆς
889 2441 998 2493 τῶν
1030 2440 1375 2510 Χριστιανῶν
1426 2442 1659 2503 πίστεως
1685 2444 1763 2504 είς

176 2536 410 2605 καρδίαν
432 2534 748 2602 δεξάμενος,
784 2531 863 2583 ἔτι
885 2531 943 2583 δὲ
975 2530 1084 2583 τῶν
1120 2530 1454 2598 Ἑλληνικῶν
1482 2532 1759 2600 ἐχόμενος,

176 2628 267 2679 καὶ
323 2625 407 2695 τῷ
463 2622 675 2693 βασιλεῖ
735 2620 1137 2691 χαριζόμενος·
1204 2616 1362 2681 οὗτος
1419 2622 1483 2690 δὴ
1520 2624 1638 2674 τότε
1672 2627 1764 2677 τὸν

186 2716 471 2785 Ἀδριανὸν
492 2711 858 2783 διαποροῦντα
891 2712 1058 2781 ὁρῶν,
1088 2713 1406 2784 προσελθών
1442 2730 1454 2743 ·
1509 2713 1650 2781 Ἐγώ
1680 2729 1760 2779 σε,

175 2814 333 2881 φησι,
396 2806 649 2879 βασιλεῦ,
690 2805 989 2870 ἀπαλλάξω
1018 2806 1384 2876 πραγμάτων,
1426 2806 1519 2857 καὶ
1553 2805 1765 2857 τουτονὶ

173 2903 264 2952 τὸν
290 2902 417 2952 νέον
443 2897 642 2961 διδάξω
672 2896 763 2949 τὸν
795 2894 1130 2949 ἀπειθοῦντά
1157 2912 1239 2948 σοι
1265 2896 1338 2964 μὴ
1359 2895 1617 2957 τοιούτοις
1639 2896 1763 2946 ἐπι-

173 2996 407 3062 χειρείν,
452 2990 590 3041 ἀλλὰ
627 2990 718 3039 καὶ
749 2986 1004 3047 κλίϐανος
1060 2987 1159 3055 μὲν
1199 2987 1475 3057 ὲνεχθήτω
1505 2986 1763 3055 χαλκοῦς,

172 3082 452 3135 ιὸελίσκοι
487 3079 544 3132 δὲ
570 3079 708 3143 ὀξεῖς
740 3076 824 3146 ἐφ’
847 3076 1089 3146 ἑκάτερα
1113 3075 1222 3128 τῶν
1254 3075 1435 3146 μερῶν
1471 3075 1640 3128 αὑτοῦ
1667 3080 1765 3145 sp.-

173 3177 544 3243 παγήτωσαν,
586 3172 679 3224 καὶ
736 3168 857 3239 ὕψει
907 3168 1031 3222 ὅσον
1096 3165 1253 3222 οὔπω
1288 3168 1380 3221 τὸν
1427 3168 1761 3238 Ἐλευθέριον

172 3266 207 3333 ἦ
245 3264 576 3334 πειθόμενον
601 3262 632 3333 ἢ
657 3262 842 3323 κακῶς
864 3260 1261 3331 ἀπολλύμενον.
1294 3260 1483 3315 Ταῦτα
1511 3261 1566 3314 δὲ
1591 3260 1762 3329 λέγων

174 3357 448 3411 ἐλάνθανε
488 3356 582 3408 τὸν
625 3354 815 3406 λέοντα
865 3353 1051 3419 φοϐεῖν
1094 3353 1343 3420 καλάμου
1390 3353 1626 3422 πληγαῖς
1660 3354 1767 3407 οίόο

178 3465 367 3519 μενος.
406 3449 599 3516 Ὅμως
654 3444 858 3513 ήρεσκε
916 3444 1094 3497 ταῦτα
1127 3442 1204 3513 τῷ
1262 3442 1493 3512 βασιλεῖ,
1529 3443 1625 3496 καὶ
1672 3444 1765 3496 τοῦ

177 3539 583 3611 μηχανήματος
617 3536 821 3607 σπουδῇ
854 3534 1223 3601 τελεσθέντος,
1255 3536 1395 3607 ἄρας
1421 3536 1548 3599 τοὺς
1580 3552 1769 3605 φαινο-

178 3633 377 3699 μένους
436 3628 554 3697 ἅμα
610 3628 705 3681 καὶ
752 3631 879 3691 τοὺς
930 3629 1157 3697 ἀφανεῖς
1187 3626 1526 3696 ὀφθαλμοὺς,
1552 3628 1648 3681 καὶ
1678 3628 1769 3681 τὸν

173 3720 301 3774 νοῦν
324 3722 451 3775 ὅλον
479 3723 561 3783 είς
591 3717 859 3790 οὐρανοὺς
899 3718 1200 3789 ἀπερείσας
1224 3734 1237 3747 ·
1297 3718 1625 3789 Εὑχαριστῶ
1661 3735 1767 3783 σοι,

174 3810 305 3881 εφη,
333 3811 512 3880 Κύριε
556 3810 733 3879 Ἰησοῦ
762 3810 965 3880 Χριστὲ
992 3812 1087 3864 καὶ
1117 3809 1241 3875 Θεὲ,
1293 3811 1375 3864 ὅτι
1405 3809 1668 3864 τοιούτων
1700 3828 1766 3881 με

176 3906 273 3956 καὶ
304 3903 587 3955 τοσούτων
619 3901 841 3967 άγαθῶν
871 3900 1133 3968 ἠξίωσας,
1195 3901 1276 3953 ὅτι
1336 3902 1481 3971 χειρὶ
1531 3901 1769 3969 κραταιᾷ

177 4012 273 4047 σου
312 3993 552 4063 δύναμιν
595 3990 958 4061 περιέζωσας,
999 3991 1081 4044 ὅτι
1115 3990 1256 4061 ὑπὲρ
1296 3990 1390 4043 σοῦ
1414 3990 1638 4045 τοιαῦτα
1660 3991 1768 4045 πά·-

178 4102 333 4155 σχειν
358 4083 665 4150 εὐδόκησας
685 4099 698 4113 ⁸
736 4084 829 4136 καὶ
861 4081 956 4134 νῦν
989 4081 1286 4150 ὲπίὸλεψον
1314 4081 1372 4147 ἐξ
1394 4080 1645 4154 οὐρανοῦ,
1674 4080 1769 4135 καὶ

178 4179 253 4230 ἴδε
283 4170 377 4230 οἷα
410 4173 793 4227 τεκταίνουσιν
826 4175 876 4226 οξ
910 4172 1193 4240 μισοῦντές
1221 4189 1279 4224 σε
1318 4173 1437 4225 κατ’
1463 4172 1619 4241 ἐμοῦ,
1675 4172 1770 4223 καὶ

178 4267 349 4339 ῥῦσαι
406 4266 519 4321 ἀπὸ
569 4265 756 4337 βέλους
783 4265 969 4319 αὐτῶν
1010 4264 1110 4335 τὴν
1142 4263 1321 4335 ψυχήν
1352 4281 1477 4335 μου,
1511 4264 1597 4318 ἵνα
1620 4263 1767 4317 ἴδωσι

178 4360 414 4424 πάντες,
446 4360 529 4412 ὅτι
562 4358 705 4431 πλὴν
747 4357 841 4412 σοῦ
871 4357 974 4410 οὐκ
1006 4356 1121 4411 εστι
1162 4357 1317 4422 Θεός.
1352 4353 1484 4411 Είτα
1507 4358 1600 4411 καὶ
1629 4356 1769 4428 ὑπὲρ

180 4451 293 4504 τῶν
357 4450 722 4515 κολαζόντων,
780 4450 971 4519 ὥσπερ
1004 4448 1162 4511 ἄλλος
1191 4465 1273 4511 τις
1314 4449 1586 4515 Στέφανος
1626 4446 1768 4517 ὑπὲρ

1942 1886 2029 1940 Vl.
2065 1887 2162 1940 Hic
2192 1888 2462 1942 Adi-ianus
2485 1887 2667 1943 animo
2693 1889 2991 1956 sauciatus,
3008 1890 3189 1948 verbis
3216 1893 3444 1961 relictis,

1864 1978 1929 2032 ad
1973 1978 2113 2031 facta
2147 1993 2205 2031 se
2230 1978 2479 2042 contulit,
2508 1988 2563 2032 et
2606 1978 2762 2047 jubet
2804 1994 2931 2033 eum
2974 1984 3190 2035 extendi
3240 1985 3291 2036 in
3321 1999 3442 2039 sar-

1865 2072 2063 2140 tagine.
2093 2068 2245 2135 Quod
2279 2086 2403 2124 cum
2437 2070 2637 2125 factum
2673 2082 2841 2138 esset,
2863 2073 3077 2140 eadem,
3108 2091 3230 2143 quin
3266 2081 3438 2147 prius,

1863 2178 2055 2217 rursus
2098 2172 2224 2217 sunt
2270 2173 2559 2217 consecuta
2597 2179 2612 2217 :
2650 2173 2706 2219 et
2739 2165 2879 2231 ignis
2932 2169 3150 2237 quidem
3197 2179 3442 2226 mutatur

1867 2253 1922 2307 in
1962 2269 2138 2308 rorem
2180 2270 2194 2307 :
2228 2268 2361 2307 aura
2399 2268 2529 2308 vero
2576 2256 2822 2323 quaedam
2878 2259 3202 2313 suavissima
3243 2260 3437 2315 fortem

1863 2362 1929 2402 ac
1959 2360 2283 2415 generosum
2318 2346 2495 2400 virum
2546 2346 2909 2417 refrigeravit.
2938 2350 3213 2408 Adrianus
3258 2364 3436 2411 autem

1864 2439 2131 2503 nesciens,
2167 2438 2297 2506 quid
2344 2447 2554 2506 ageret,
2591 2454 2714 2495 cum
2762 2441 2811 2495 ei
2861 2452 3203 2499 mutarentur
3255 2448 3441 2504 omnia

1863 2531 1914 2583 in
1956 2530 2310 2591 contrarium,
2344 2530 2568 2584 sedebat
2616 2531 2785 2587 animi
2832 2534 3049 2598 dubius,
3105 2538 3295 2591 bovem
3339 2540 3442 2593 lia-

1864 2622 1994 2676 bens
2047 2620 2099 2674 in
2168 2622 2371 2690 lingua,
2434 2630 2493 2675 ut
2550 2620 2771 2689 dicitur,
2824 2632 2881 2678 et
2928 2624 3168 2693 linguam
3226 2628 3444 2685 vinctus

1864 2716 2128 2787 profundo
2166 2717 2372 2771 dolore.
2422 2717 2592 2783 Quem
2635 2732 2759 2772 cum
2809 2717 3037 2773 vidisset
3078 2718 3159 2774 sic
3189 2720 3440 2778 affectum

1864 2807 1930 2869 is,
1951 2807 2039 2874 qui
2067 2819 2192 2859 tunc
2218 2815 2335 2859 erat
2359 2806 2645 2875 praefectus
2670 2807 2844 2872 urbis,
2862 2809 3079 2863 nomine
3108 2810 3317 2867 Corebo
3340 2814 3441 2883 (ἓ),

1864 2902 1926 2953 ad
1977 2916 2112 2953 nova
2162 2899 2483 2952 invenienda
2528 2908 2797 2954 tormenta
2845 2903 2928 2955 vir
2971 2905 3243 2974 egregius,
3282 2917 3338 2961 et
3373 2907 3442 2962 ad

1865 2991 2170 3046 faciendum
2240 2989 2467 3058 aliquid,
2526 2990 2670 3060 quod
2730 2993 2992 3048 adversus
3054 2996 3436 3054 necessitatem

1862 3092 2007 3136 esset
2030 3096 2155 3138 acre
2186 3091 2239 3137 et
2268 3082 2450 3136 ellicax
2501 3084 2643 3154 (erat
2671 3091 2849 3138 autem
2881 3082 3181 3142 Christiani
3215 3086 3441 3159 dogma-

1869 3172 1939 3225 tis
1973 3189 2076 3225 uun
2110 3174 2333 3226 omnino
2365 3173 2707 3241 ignarus,sed
2738 3183 2792 3228 et
2816 3190 2938 3243 qua:
2964 3173 3128 3231 Felici
3162 3180 3441 3236 exercitus

1869 3262 1989 3316 duci
2019 3262 2356 3327 acciderant,
2384 3262 2563 3318 verbis
2586 3272 2889 3331 acceperat,
2921 3274 2975 3320 et
3003 3265 3440 3325 Christianorum

1870 3353 1992 3407 ﬁdei
2058 3350 2221 3405 veluti
2280 3352 2524 3421 quaedam
2581 3352 2788 3407 semina
2851 3362 2906 3409 et
2957 3354 3110 3415 initia
3170 3358 3221 3411 in
3279 3358 3446 3414 corde

1866 3452 2154 3511 acceperat
2193 3460 2207 3496 :
2243 3444 2421 3499 adhuc
2467 3458 2595 3499 vero
2642 3443 2959 3500 sectabatur
3013 3459 3101 3501 res
3138 3447 3438 3515 gentilium,

1866 3533 2080 3604 plurimi
2123 3533 2324 3589 faciens
2357 3534 2534 3589 colere
2583 3543 2637 3590 et
2672 3534 2963 3590 observare
3011 3536 3443 3606 imperatorem),

1875 3624 1992 3691 ipse
2039 3634 2216 3677 autem
2268 3634 2392 3677 tunc
2433 3625 2623 3679 ridens
2654 3624 2949 3678 Adrianum
2994 3625 3355 3695 dubitantem,
3391 3638 3449 3684 et

1871 3716 2199 3770 nescientem
2237 3717 2505 3783 quomodo
2546 3731 2605 3770 se
2656 3714 2710 3769 in
2764 3726 3014 3771 sanctum
3063 3728 3299 3787 gereret,
3346 3734 3443 3774 ac-

1868 3805 2065 3858 cedens
2114 3820 2129 3857 :
2188 3800 2296 3873 Ego
2344 3812 2416 3869 te,
2459 3803 2655 3872 inquit,
2687 3818 2721 3858 o
2768 3803 3082 3875 imperator,
3126 3805 3367 3863 liberabo
3406 3824 3442 3863 a

1868 3891 2115 3960 negotiis,
2135 3901 2186 3946 et
2214 3893 2355 3947 hunc
2389 3893 2661 3962 juvenem,
2693 3893 2784 3962 qui
2821 3903 3086 3963 repugnat
3118 3896 3222 3951 tuis
3244 3894 3438 3963 jussis,

1868 3982 2070 4037 docebo
2110 3996 2386 4049 nunquam
2436 3983 2541 4037 tale
2578 3982 2707 4049 quid
2758 3983 2999 4053 aggredi.
3042 3984 3148 4038 Sed
3201 3985 3448 4043 clibanus

1869 4084 2085 4153 quidem
2146 4082 2414 4136 inferatur
2470 4096 2656 4138 :eneus
2713 4100 2729 4138 :
2780 4080 2929 4137 acuti
2980 4090 3160 4137 autem
3219 4083 3446 4140 Obelisci

1868 4171 2225 4241 inﬁganturin
2246 4180 2474 4240 utraque
2488 4170 2603 4240 ejus
2621 4179 2791 4239 parte,
2810 4178 2865 4222 et
2884 4183 3007 4223 mox
3027 4172 3168 4226 scies
3186 4170 3443 4227 Eleuthe-

1869 4264 2009 4320 rium
2039 4273 2129 4318 aut
2152 4262 2401 4334 paruisse
2418 4272 2510 4317 aut
2534 4262 2672 4318 male
2691 4261 2937 4334 periisse.
2952 4259 3077 4318 Haec
3094 4276 3221 4318 vero
3235 4261 3446 4332 dicens,
3466 4324 3469 4325 ν

1870 4372 1978 4413 non
2012 4355 2477 4412 animadvertebat
2506 4369 2564 4411 se
2592 4354 2800 4411 leonem
2836 4370 3031 4427 putare
3060 4371 3217 4426 posse
3243 4364 3451 4413 terrere

1871 4447 1977 4502 ictu
2011 4447 2310 4501 arundinis.
2357 4447 2483 4501 Hazc
2526 4455 2703 4501 tamen
2752 4449 3073 4518 placuerunt
3104 4451 3445 4519 imperatori,

176 4542 294 4596 τῶν
327 4540 688 4606 λιθαζόντων,
709 4539 1023 4613 εὐχόμενος,
1046 4540 1218 4611 Ἀψαι
1240 4539 1339 4608 τῆς
1362 4540 1565 4603 αὐτῶν,
1592 4536 1765 4606 ἔλεγε,

1876 4548 1932 4595 et
1955 4538 2061 4594 cito
2095 4537 2341 4593 confecta
2384 4537 2653 4605 machina,
2689 4549 2894 4613 martyr
2926 4540 2981 4596 in
3012 4540 3210 4596 caelum
3243 4540 3445 4597 tollens

179 4635 443 4706 καρδίας,
473 4632 735 4688 πολυέλεε
766 4634 1038 4701 Δέσποτα,
1081 4632 1179 4686 καὶ⁵
1228 4631 1366 4703 πρὸς
1419 4631 1482 4683 τὺ
1517 4632 1609 4685 σὺν
1641 4630 1765 4685 καθ-

1874 4629 2059 4685 oculos
2090 4639 2195 4684 tam
2233 4629 2324 4698 qui
2353 4641 2675 4697 cernuntur,
2708 4645 2871 4698 quam
2906 4632 2999 4701 qui
3035 4632 3138 4688 sub
3167 4641 3448 4701 aspectum

178 4727 462 4798 οδήγησον
500 4726 736 4797 θέλημα.
780 4725 864 4778 ίνα
888 4724 1063 4793 γνῶσι
1096 4740 1156 4777 σε
1186 4724 1282 4776 τὸν
1324 4721 1486 4794 μόνον
1519 4721 1765 4794 ἀληθινοὶ

1874 4735 1982 4777 non
2026 4720 2245 4781 cadunt,
2282 4727 2335 4772 et
2375 4726 2544 4770 totam
2580 4729 2815 4773 mentem
2850 4721 2902 4775 in
2938 4721 3134 4776 cmlum
3183 4721 3447 4793 deligens,

181 4816 346 4881 Θεὸν,
373 4817 470 4868 καὶ
506 4817 605 4885 τῆς
646 4813 896 4883 ὀλεθρίου
951 4812 1059 4867 τῶν
1095 4811 1335 4866 είδώλων
1364 4810 1647 4867 ἀποστῶσι
1677 4811 1765 4865 λα-

1875 4820 1930 4867 et
1960 4826 2070 4881 pra:
2100 4808 2295 4879 gaudio
2334 4818 2477 4864 tutus
2505 4809 2663 4879 quasi
2695 4825 2724 4864 a
2756 4810 2867 4867 Deo
2900 4813 3111 4869 aﬂ'latus
3145 4831 3160 4868 :
3194 4814 3308 4882 Ago
3344 4812 3449 4869 tibi

180 4905 403 4976 τρείας,
438 4905 520 4958 ὅτι
548 4905 841 4975 εὐλογητὸς
863 4900 915 4959 εῐ
935 4906 1014 4968 είς
1041 4904 1170 4966 τοὺς
1197 4904 1423 4968 αἰῶνας.
1468 4904 1665 4976 Ἀμήν.

1877 4902 2099 4975 gratias,
2132 4900 2327 4968 inquit,
2360 4900 2583 4955 Domine
2614 4898 2743 4955 Jesu
2784 4899 2998 4956 Christe
3025 4912 3081 4957 et
3111 4901 3273 4966 Deus,
3303 4900 3449 4970 quod

186 5015 277 5056 me
306 5001 511 5057 talibus
560 5011 616 5056 et
663 5002 826 5055 tantis
867 5001 1022 5056 bonis
1063 5000 1138 5055 sis
1179 4998 1431 5068 dignatus
1464 5016 1477 5052 :
1543 5000 1686 5068 quod
1722 5014 1808 5054 me
1848 5013 2009 5053 manu
2061 5005 2150 5051 tua
2188 4995 2393 5065 potenti
2460 4995 2659 5051 virtute
2697 4994 3022 5062 accinxeris,
3053 4997 3195 5065 quod
3228 5011 3325 5065 pro
3358 5005 3453 5052 tuo

185 5094 415 5153 nomine
448 5094 576 5148 talia
622 5094 717 5151 tibi
765 5094 875 5165 pati
947 5095 1120 5150 visum
1169 5095 1263 5151 sit.
1314 5093 1380 5148 Et
1459 5109 1605 5148 nunc
1653 5095 1837 5163 aspice
1877 5093 1944 5148 de
1989 5092 2148 5156 ctelo,
2191 5099 2245 5146 et
2300 5090 2421 5145 vide
2470 5090 2649 5161 qualia
2700 5096 2890 5146 contra
2942 5104 3029 5145 me
3081 5088 3441 5154 fabricantur,

188 5190 282 5260 qui
305 5196 375 5260 _te
403 5188 639 5242 oderunt
672 5205 686 5241 :
720 5197 776 5241 et
808 5185 974 5241 libera
1024 5187 1259 5241 animam
1306 5195 1477 5240 meam
1512 5202 1541 5241 a
1575 5185 1756 5256 jaculo
1794 5201 2005 5248 eorum,
2074 5193 2127 5239 et
2166 5200 2196 5238 a
2229 5181 2361 5238 viris
2401 5183 2724 5254 sanguinum
2748 5182 2793 5251 θ,
2826 5183 2915 5253 qui
2956 5183 3131 5240 bonus
3172 5199 3250 5247 es,
3285 5199 3446 5241 serva

191 5254 349 5336 me}
400 5289 461 5334 ut
505 5277 682 5334 sciant
734 5292 947 5342 omnes,
999 5288 1050 5333 te
1114 5293 1236 5335 esse
1312 5277 1483 5333 solum
1565 5254 1731 5333 Deum
1778 5287 1834 5333 et
1885 5277 2178 5348 gloriosum
2229 5276 2280 5330 in
2340 5285 2451 5330 toto
2505 5276 2635 5330 orbe
2686 5284 2972 5331 terrarum.
3026 5273 3231 5331 Deinde
3282 5277 3448 5331 etiam

193 5393 290 5449 pro
365 5375 436 5430 iis
496 5375 664 5444 ipsis,
734 5373 824 5441 qui
882 5372 1033 5427 illum
1092 5373 1444 5439 cruciabant,
1510 5374 1653 5429 sicut
1706 5372 2055 5442 Stephanus'
2118 5386 2214 5440 pro
2262 5370 2346 5436 iis,
2401 5371 2494 5441 qui
2539 5386 2663 5427 eum
2738 5370 3009 5441 lapidibus
3094 5373 3444 5442 appetebant,

193 5487 360 5529 orans
396 5489 411 5525 :
443 5468 632 5540 Tange
672 5483 769 5524 cor
799 5482 1011 5534 eorum,
1049 5468 1285 5536 dicebat,
1318 5484 1351 5523 ο
1394 5468 1641 5534 Domine,
1706 5470 1798 5539 qui
1839 5484 1897 5525 es
1943 5468 2123 5522 multa:
2160 5464 2568 5533 misericordiae,
2634 5476 2689 5521 et
2733 5474 2885 5521 tuum
2932 5476 3178 5522 sanctum
3227 5465 3311 5524 eis
3352 5481 3451 5523 uo-

262 5566 284 5597 '
314 5564 458 5622 Psal.
488 5579 542 5621 v.
622 5564 642 5597 ⁷
673 5562 777 5619 Act
826 5576 920 5616 vn.

266 5684 345 5757 (2)
372 5683 627 5739 Correum
661 5681 808 5735 hunc
836 5690 993 5737 vocat
1029 5681 1171 5735 Beda
1208 5681 1260 5736 in
1289 5680 1677 5752 Martyrologio
1719 5683 1784 5737 ad
1825 5683 1965 5737 hunc
1990 5684 2152 5737 diem.
