4208 6300
786 349 891 414 135

2076 342 2360 402 MENSIS
2396 342 2729 401 APRILIS.

3924 332 4025 399 136

786 474 907 517 men
948 458 1033 514 fac
1099 460 1169 514 sit
1245 459 1544 527 cognitum,
1592 464 1647 509 et
1681 456 1852 509 deduc
1882 456 1946 508 ad
1984 466 2129 509 tuam
2184 456 2559 517 voluntatem:
2609 468 2669 509 ut
2746 463 3074 523 cognoscam
3129 462 3181 507 te
3247 451 3421 507 solum
3488 468 3672 507 verum
3735 452 3922 517 Deum,
3977 462 4027 507 et

786 553 1048 609 desistant
1081 566 1110 605 a
1158 551 1461 622 pernicioso
1507 549 1651 603 cultu
1686 546 2093 603 simulacrorum
2125 565 2141 603 :
2172 548 2428 617 quoniam
2460 547 2776 603 benedictus
2806 561 2865 601 es
2894 548 2944 601 iu
2983 547 3187 601 secula.
3221 546 3415 599 Amen.

859 671 968 726 VII.
1000 670 1133 725 Cum
1179 669 1389 723 Corebo
1441 666 1520 723 sic
1572 674 1815 720 orantem
1851 664 2171 720 attendisset
2210 679 2353 719 mar-
2384 670 2431 727 Α

2530 665 2603 718 Z'.
2637 664 2825 725 Οῦτως
2871 661 3155 732 εὐξαμένῳ
3188 660 3267 731 τῷ
3304 661 3541 731 μάρτυρι
3590 660 3839 731 προσχὼν
3873 664 3899 714 ό
3929 662 4033 715 Κο-

788 773 982 833 tyrem,
1014 760 1175 814 veluti
1219 770 1466 823 accenso,
1500 756 1590 826 qui
1642 764 1758 810 erat
1804 756 1852 811 ei
1900 756 2186 826 repositus,
2226 770 2348 808 car-

788 855 927 907 bone
961 851 1203 921 pietatis,
1237 857 1456 918 repente
1499 856 1739 901 mutatur
1786 847 1946 915 longe
1986 846 2349 915 pulcherrima

787 943 1090 997 mutatione
1134 956 1149 992 :
1202 948 1256 994 et
1305 948 1553 1009 tanquam
1610 952 1712 992 non
1757 937 1805 991 is
1855 946 2019 1002 esset,
2054 937 2144 1006 qui
2194 938 2352 1005 paulo

792 1046 917 1088 ante
984 1031 1321 1101 excogitabat
1384 1030 1647 1099 supplicia
1709 1028 1969 1083 adversus
2034 1038 2348 1098 martyrem,

790 1123 1055 1176 accedens
1088 1124 1154 1175 ad
1191 1122 1572 1189 imperatorem
1628 1136 1642 1173 :
1695 1118 1797 1174 Pro
1844 1133 1972 1188 quo,
2012 1117 2201 1186 inquit,
2238 1132 2351 1170 ma-

790 1213 982 1276 ieticio,
1039 1220 1132 1263 aut
1182 1225 1277 1279 pro
1329 1225 1432 1278 quo
1484 1210 1710 1265 crimine
1765 1211 1848 1264 his
1895 1210 2074 1277 pmnis
2126 1208 2354 1262 amciter

791 1303 1177 1358 Eleutheriua?
1206 1311 1299 1357 aut
1326 1317 1424 1373 pro
1464 1317 1567 1371 qua
1602 1316 1763 1356 causa
1789 1314 1961 1356 morte
2008 1310 2116 1355 tam
2160 1301 2353 1355 acerba

788 1396 1117 1451 damnatur!
1143 1396 1441 1463 imperator
1465 1408 1595 1448 vero
1624 1394 1723 1447 hac
1762 1392 2039 1463 inopinata
2080 1392 2353 1448 auditione

792 1486 945 1541 valde
991 1495 1314 1550 commotus,
1350 1493 1503 1539 torre
1535 1484 1750 1537 intuens
1781 1482 2118 1539 Corebonem
2161 1500 2175 1535 :
2217 1483 2351 1537 Num

793 1588 845 1629 tu
880 1592 960 1643 es,
995 1577 1185 1645 inquit,
1216 1575 1284 1640 is,
1312 1590 1471 1645 quem
1500 1589 1599 1645 ego
1628 1576 1774 1641 novi,
1808 1574 2061 1629 Corebo?
2086 1572 2351 1639 Quidnam

788 1681 967 1725 autem
1019 1670 1113 1725 tibi
1165 1670 1383 1734 accidit,
1419 1676 1512 1721 aut
1548 1667 1805 1737 quidnam
1840 1667 1932 1720 tibi
1982 1665 2185 1721 factum
2225 1666 2355 1721 fuit?

788 1760 1056 1830 Numquid
1090 1772 1141 1815 te
1172 1761 1314 1829 cepit
1346 1774 1538 1812 aurum
1570 1757 1638 1811 ab
1672 1757 1818 1811 illius
1850 1766 2022 1811 matre
2051 1768 2353 1825 acceptum,

788 1861 845 1905 et
888 1864 995 1904 tam
1047 1861 1263 1919 repente
1298 1848 1560 1903 mutavit?
1606 1847 1775 1913 Quam
1823 1847 1986 1901 multa
2035 1862 2161 1901 vero
2189 1848 2353 1902 etiam

790 1960 821 1997 a
882 1944 1064 1997 multis
1128 1943 1249 1997 aliis
1308 1941 1403 1997 tibi
1454 1941 1599 2007 data,
1642 1940 1919 2010 potuerint
1964 1939 2196 1994 conferri
2234 1954 2353 1993 cum

2454 757 2657 827 ρέμων,
2679 758 2773 808 καὶ
2798 756 2886 807 τὸν
2918 754 3389 823 προαποκείμενον
3420 752 3566 822 αὑτῷ
3592 753 3689 822 τῆς
3716 754 4031 815 θεοσεϐείας

2452 847 2699 915 ἄνθρακα
2753 844 2942 913 ῶσπερ
3008 844 3484 913 ἀναζωπυρηθε“ις,
3534 844 3686 912 ἄφνω
3720 843 4021 913 μεταϐολὴν

2457 936 2848 1008 μεταϐάλλεται
2876 936 2975 1005 τὴν
3002 936 3322 1005 καλλίστην,
3344 938 3437 988 καὶ
3453 936 3529 1005 τῷ
3566 935 3777 1005 βασιλεῖ
3801 937 4030 1005 προσελ-

2454 1030 2585 1095 θὼν,
2619 1030 2804 1093 Ποίου,
2840 1030 3024 1099 φησὶν,
3061 1030 3397 1098 ἀδικήματος
3424 1030 3581 1098 χάριν
3610 1032 3637 1082 6
3661 1032 3853 1097 πικρὸς
3876 1026 4025 1089 οἶκτος

2465 1120 2787 1192 Ἐλευθερίῳ
2819 1120 3261 1191 καταψηφίζεται
3310 1120 3572 1185 θάνατος
3634 1123 3743 1174 Καὶ
3799 1124 3824 1174 6
3881 1121 4029 1190 βασι·

2453 1214 2599 1276 λεὺς,
2630 1213 2707 1283 τῷ
2736 1211 3028 1284 παραδόξῳ
3057 1213 3149 1267 τοῦ
3176 1214 3524 1284 ἀκούσματος
3551 1214 3871 1281 ἐκπλαγεὶς,
3899 1232 4022 1285 γορ·

2453 1305 2550 1370 γόν
2583 1320 2634 1355 τι
2688 1303 2781 1355 καὶ
2828 1302 3091 1373 βλοσυρὸν
3132 1303 3267 1374 πρὸς
3320 1305 3411 1357 τὸν
3471 1306 3760 1377 Κορέμονα
3787 1305 4025 1376 βλέψας’

2455 1391 2526 1445 Σὺ
2563 1391 2725 1455 αὐτὸς
2750 1387 2822 1457 εἴ,
2877 1391 3003 1463 ἔφη,
3044 1391 3101 1445 όν
3140 1391 3251 1461 ἐγὼ
3283 1392 3534 1461 γινώσκω
3580 1395 3897 1465 Κορέμονας
3936 1396 4029 1450 καὶ

2454 1485 2509 1537 τί
2542 1484 2776 1551 πάθοις;
2833 1486 2981 1557 Μήτι
3039 1503 3097 1539 σε
3130 1487 3331 1556 χρυσὸς
3381 1481 3525 1539 εἷλεν
3580 1488 3683 1540 ὑπὸ
3721 1489 3818 1556 τῆς
3865 1488 4030 1542 αὐτοῦ

2454 1575 2737 1645 δεδομένος
2774 1579 3016 1645 μητρός;
3055 1576 3150 1629 καὶ
3193 1576 3332 1629 πόσα
3366 1575 3432 1629 ἂν
3458 1590 3541 1628 σοι
3572 1577 3666 1629 καὶ
3704 1577 3856 1646 παρὰ
3904 1578 4033 1628 πολ-

2456 1668 2565 1721 λῶν
2604 1670 2810 1741 ἐτέρων
2848 1670 3124 1739 διδόμενα,
3183 1670 3293 1724 τῶν
3335 1668 3485 1739 ἐμῶν
3536 1668 3753 1740 δωρεῶν
3808 1669 4033 1734 ἀντάξια

2457 1761 2766 1827 γένοιτο,ὂν
2802 1761 2913 1827 ἐγὼ
2954 1762 3046 1812 καὶ
3078 1760 3313 1831 πλούτῳτ
3354 1761 3447 1813 καὶ
3478 1761 3626 1832 δόξῃ,
3662 1762 3757 1813 καὶ
3791 1763 3856 1831 τῇ
3895 1763 4032 1830 πρὸς

2458 1848 2559 1918 ἐμὲ
2596 1850 2870 1903 οἰκειώσει
2923 1850 3162 1922 ζηλωτὸν
3198 1854 3253 1902 ὲν
3297 1853 3485 1921 Ῥώμῃ
3521 1854 3869 1923 κατέστησας
3914 1853 4031 1905 ἀλλ’

2458 1944 2505 1995 εἱ
2546 1944 2639 1995 καὶ
2672 1943 2934 1997 πλειόνων
2989 1945 3139 2013 ἐρᾷς,
3172 1944 3219 1995 oi
3266 1944 3389 2011 ἐμοὶ
3426 1944 3627 2007 πάντες
3676 1946 3914 1996 ἀνεῖνταί
3952 1961 4033 1998 σοι

792 2038 925 2092 meis
976 2036 1152 2101 donis,
1209 2049 1369 2104 quem
1427 2048 1527 2100 ego
1560 2042 1613 2086 et
1657 2035 1849 2101 epibus
1895 2042 1950 2086 et
1981 2033 2148 2099 gloria
2203 2048 2345 2097 mea,
2384 2030 2425 2085 Β
2454 2034 2512 2103 θη

2457 2034 2720 2104 θησαυροέ
2756 2049 2771 2065 ⁸
2806 2033 3013 2087 τούτων
3037 2036 3373 2103 ἀμφοτέραις
3421 2036 3621 2100 ἄντλει,
3658 2036 3751 2089 καὶ
3787 2037 3860 2106 μὴ
3891 2036 4033 2089 οὕτω

790 2127 1159 2183 familiaritate
1207 2135 1265 2180 et
1299 2124 1680 2193 conjunctione
1736 2123 1949 2178 beatum
2003 2124 2187 2177 Roma:
2232 2126 2354 2178 red-

790 2218 939 2271 didi?
966 2215 1119 2282 Quod
1148 2215 1189 2269 si
1228 2214 1379 2285 plura
1407 2214 1705 2278 desideras,
1738 2215 1861 2268 licet
1889 2215 1983 2269 tibi
2022 2215 2221 2267 nostris
2250 2214 2355 2267 frui

790 2303 992 2359 aﬂ‘atim
1032 2322 1047 2359 :
1084 2304 1175 2357 tibi
1207 2314 1331 2357 sunt
1377 2303 1548 2372 aperti
1576 2317 1766 2356 omnes
1805 2304 1906 2355 mei
1958 2303 2195 2355 thesauri
2240 2319 2254 2357 :
2290 2318 2355 2355 ex

791 2398 877 2451 his
926 2396 1081 2449 hauri
1142 2394 1404 2448 ambabus
1470 2394 1735 2457 manibus,
1786 2407 1959 2460 neque
2010 2395 2234 2461 teipsutn
2284 2394 2354 2448 ita

792 2490 1008 2558 prodas,
1044 2503 1074 2541 a
1125 2486 1327 2540 femina
1385 2485 1529 2541 furto
1578 2485 1839 2550 sublatus,
1893 2494 1948 2539 et
1997 2501 2165 2554 pauco
2216 2502 2347 2542 auro

791 2592 1022 2649 emptus.
1065 2581 1273 2636 Curebo
1329 2589 1509 2633 autem
1556 2578 1668 2646 jam
1728 2587 1870 2633 totus
1927 2579 2163 2647 repletus
2206 2579 2346 2633 bono

789 2674 1003 2739 Spiritu,
1035 2682 1089 2724 et
1136 2673 1387 2740 martyris
1418 2671 1671 2738 precibus
1708 2680 1939 2724 mentem
1981 2671 2181 2723 habens
2230 2672 2350 2723 illu-

790 2765 1069 2827 minatam,
1114 2763 1436 2818 exclamavit
1496 2760 1625 2813 illud
1676 2760 1992 2814 admirabile
2038 2770 2091 2814 et
2133 2762 2347 2829 dignum

788 2854 931 2923 quod
982 2854 1284 2907 celebretur
1338 2870 1350 2904 :
1403 2849 1638 2905 Pretium
1700 2859 1871 2917 tuum,
1914 2852 2121 2914 dicens,
2175 2862 2346 2905 tecum

789 2954 878 2999 eat
919 2947 969 2998 in
1009 2944 1388 3013 perditionem.
1418 2942 1544 2995 Tua:
1585 2957 1708 2995 vero
1758 2944 1993 3008 pecuniae
2027 2941 2133 2995 sint
2178 2942 2350 2994 lumes

791 3036 951 3107 ignis,
986 3036 1078 3106 qui
1107 3046 1158 3091 te
1186 3044 1383 3090 manet.
1418 3033 1555 3099 Quid
1586 3034 1726 3087 enim
1762 3041 1849 3085 tua
1888 3042 2081 3101 sponte
2106 3033 2348 3095 etecutis,

2453 2122 2812 2193 καταπροδῷς
2864 2124 3117 2189 σεαυτὸν,
3177 2124 3400 2192 κλέμμα
3436 2124 3696 2188 γυναικὸς
3723 2126 3818 2177 καὶ
3848 2125 4029 2192 ὀλίγου

2454 2214 2655 2285 χρυσοῦ
2722 2216 3012 2285 γενόμενος
3060 2214 3240 2267 ὢνιον.
3310 2213 3369 2265 '0
3404 2216 3457 2266 δὲ
3495 2217 3784 2285 Κορὲμων,
3828 2217 3926 2285 ἤδη
3963 2220 4027 2286 τῇ

2453 2306 2547 2359 τοῦ
2585 2307 2861 2377 μάρτυρος
2893 2307 3024 2376 εὐχῇ
3057 2305 3153 2375 τὴν
3186 2305 3364 2375 ψυχὴν
3396 2308 3708 2375 φωτισθεὶς,
3733 2309 3792 2359 τὸ
3813 2307 4029 2376 θαυμα-

2457 2402 2589 2453 στὸν
2640 2398 2735 2452 καὶ
2790 2398 3121 2470 ἀξιύμνητον
3154 2399 3477 2466 ἐξεϐόησεν⁸
3518 2401 3715 2461 Ἔστω,
3770 2398 4031 2469 λέγων,ή

2450 2490 2582 2560 τιμή
2626 2508 2719 2542 σου
2758 2492 2856 2541 σὺν
2884 2492 2967 2541 σοὶ
2996 2492 3074 2550 εἰς
3106 2488 3400 2553 ἀπώλειαν,
3438 2488 3503 2541 τὰ
3549 2488 3605 2540 δὲ
3649 2476 3907 2563 χρήματά
3936 2506 4029 2540 σου

2452 2582 2750 2651 ὑπόκαυμα
2776 2580 2853 2651 τῷ
2892 2580 3251 2650 περιμένοντι
3296 2596 3353 2631 σε
3388 2580 3523 2649 πυρὶ
3565 2580 3802 2647 γένοιτο·
3836 2579 3888 2631 τι
3923 2580 4032 2649 γὰρ

2451 2671 2517 2739 δὴ
2545 2674 2636 2723 καὶ
2669 2671 2808 2722 ἑκὼν
2841 2672 3198 2738 τυφλώττεις,
3249 2674 3344 2722 καὶ
3397 2669 3568 2723 ταῦτα
3621 2671 3785 2741 πείρᾳ
3821 2670 4030 2739 μαθὼν,

2452 2763 2536 2814 ὅτι
2574 2760 2813 2830 τῶν-μὲν
2847 2760 2955 2813 σῶν
2991 2760 3128 2812 θεῶν
3159 2760 3334 2823 οὐδεὶς
3390 2761 3481 2812 τὸν
3526 2760 3861 2829 ἐμϐληθέντα
3900 2761 4035 2828 πυρὶ

2456 2855 2627 2907 σῶσαι
2661 2854 2905 2917 δύναται,
2932 2854 2991 2906 ὃν
3028 2854 3083 2905 δὲ
3127 2854 3156 2905 6
3194 2851 3538 2921 Ἐλευθέριος
3587 2846 3738 2913 οὗτος
3792 2852 4035 2914 σέϐεται,

2455 2946 2549 2997 καὶ
2590 2944 2759 3013 πυρὸς
2784 2945 2946 2996 αὐτον
2969 2944 3209 2995 δείκνυσι
3241 2945 3332 2994 καὶ
3363 2945 3541 3015 πάσης
3573 2942 3736 3012 ἄλλης
3762 2943 4035 3006 κολάσεως

2460 3036 2806 3106 ἰσχυρότερον
2832 3052 2847 3101 ;

790 3143 846 3188 et
882 3133 1099 3187 conaris
1132 3143 1348 3184 movere
1376 3142 1460 3193 ea,
1495 3141 1611 3195 quae
1642 3132 1768 3179 sunt
1800 3125 2130 3181 immobilia?
2163 3126 2344 3193 idque,
2387 3143 2507 3181 cum
2579 3128 2832 3183 didiceris
2875 3129 3237 3198 experientia,
3279 3129 3419 3199 quod
3497 3127 3672 3183 nullus
3718 3128 3935 3198 quidem
3968 3142 4037 3184 ex

792 3226 898 3281 tuis
937 3224 1042 3278 diis
1080 3231 1255 3291 potest
1286 3220 1448 3274 ullmn
1480 3233 1545 3272 ex
1580 3218 1665 3283 iis,
1697 3218 1788 3287 qui
1817 3219 2029 3283 adsunt,
2074 3217 2125 3270 in
2173 3216 2351 3286 ignem
2396 3220 2650 3286 injectum
2679 3235 2918 3274 servare.
2941 3220 2989 3275 ls
3019 3231 3222 3286 autem,
3249 3236 3407 3291 quem
3471 3221 3599 3276 colit
3661 3221 4037 3291 Eleutherius,

792 3318 971 3373 reddit
999 3332 1119 3370 eum
1152 3323 1203 3368 et
1235 3315 1355 3383 igne
1397 3313 1753 3381 potentiorem
1785 3323 1839 3365 et
1871 3316 2061 3380 quovis
2094 3312 2197 3366 alio
2230 3312 2512 3383 supplicio.

864 3432 1000 3487 Vill.
1035 3432 1126 3485 i'lis
1162 3431 1239 3485 sic
1270 3430 1370 3483 diei
1406 3412 1508 3482 non
1543 3438 1735 3498 potest,
1764 3438 1962 3498 quanta
1998 3431 2073 3483 ira
2110 3440 2164 3484 et
2196 3430 2351 3485 dictis
2379 3440 2421 3499 ρ

2531 3428 2611 3483 il'.
2644 3430 2868 3495 Τούτοις
2905 3432 3002 3485 ούκ
3036 3431 3183 3486 ἐστιν
3234 3434 3408 3488 εἰπεῖν
3438 3433 3568 3505 ὅσης
3593 3434 3759 3505 ὀργῆς
3808 3434 3903 3487 καὶ
3934 3453 4039 3505 μα-

792 3526 1002 3581 insania
1028 3526 1262 3591 repletus
1292 3520 1449 3575 fuerit
1481 3532 1758 3589 tyrannus.
1798 3521 1980 3575 Solent
2005 3522 2145 3575 enim
2171 3536 2355 3574 revera

790 3619 979 3671 valida:
1037 3616 1285 3668 amicitia:
1340 3612 1543 3665 validas
1598 3627 1806 3679 queque
1860 3612 2108 3665 similiter
2168 3626 2356 3678 parere

792 3708 1129 3767 inimicitias.
1186 3704 1341 3761 Unde
1394 3706 1556 3758 etiam
1592 3704 1744 3773 jubet
1800 3703 2109 3773 praefectum
2168 3705 2353 3757 eodem

792 3802 969 3873 puniri
1006 3802 1238 3863 clibano,
1272 3812 1376 3866 quo
1424 3798 1536 3865 ipse
1574 3782 1939 3859 consuluerat,
1968 3808 2023 3847 ut
2074 3798 2355 3864 puniretur

794 3892 1161 3947 Eleutherius.
1208 3888 1339 3943 Cum
1392 3903 1521 3956 ergo
1574 3887 1685 3954 jam
1737 3897 2190 3956 appropinquaret
2241 3896 2355 3939 tur-

794 3995 997 4048 mento,
1046 3984 1149 4035 Ora
1211 3994 1308 4048 pro
1359 3993 1464 4044 me,
1520 3979 1773 4035 clamavit
1830 3979 2043 4035 Coreho
2106 3982 2351 4047 martyri,

792 4086 847 4129 et
880 4089 966 4130 me
998 4089 1143 4127 arma
1200 4072 1285 4126 his
1338 4074 1526 4137 armis,
1573 4086 1762 4139 nempe
1810 4072 2012 4127 Christi
2057 4073 2353 4139 signaculo,

792 4168 990 4236 quibus
1019 4167 1205 4219 ducem
1236 4162 1509 4217 exercitus
1547 4164 1765 4219 munisti
1799 4161 2051 4218 Felicem.
2089 4163 2180 4218 Sic
2227 4179 2354 4233 ergo

794 4259 1001 4313 Corebo
1051 4267 1288 4311 armatus
1332 4273 1361 4311 a
1414 4264 1677 4327 martyre,
1720 4266 1772 4310 et
1824 4258 2073 4325 protinus
2127 4255 2356 4323 injectus

794 4354 849 4405 in
880 4352 1171 4412 clibanum,
1208 4352 1319 4419 ipse
1353 4365 1569 4419 quoque
1614 4348 1811 4401 mansit
1856 4348 2105 4401 similiter
2135 4350 2201 4399 ab
2236 4348 2356 4415 igne

797 4459 901 4496 non
959 4451 1318 4511 expugnatus.
1375 4440 1648 4495 Adrianus
1704 4446 1883 4492 autem
1939 4438 2022 4491 his
2080 4439 2358 4491 tormentis

2459 3521 2576 3582 νίας
2602 3523 2846 3593 ἐπλήσθη
2877 3525 2905 3574 6
2936 3524 3197 3593 τύραννος
3227 3542 3240 3554 ·
3270 3526 3495 3578 εἰώθασι
3548 3530 3655 3596 γάρ
3704 3530 3757 3580 αἱ
3818 3528 4039 3599 ἰσχυραὶ

2460 3612 2631 3679 φιλίαι
2667 3617 2891 3683 ἰσχυρὰς
2922 3614 3120 3684 ὁμοίως
3145 3616 3345 3687 ἔχθρας
3381 3620 3689 3687 ἀπογεννᾷν
3791 3619 3912 3672 ὅθεν
3946 3622 4042 3673 καὶ

2457 3707 2606 3777 αὐτῷ
2631 3707 2802 3778 τούτῳ
2829 3708 3039 3761 κελεύει
3096 3710 3171 3779 τῷ
3210 3710 3450 3779 κλιϐάνῳ
3500 3710 3885 3779 τιμωρηθῆναι
3944 3713 4041 3765 τὸν

2457 3800 2717 3868 ἔπαρχον,
2756 3794 2911 3868 ᾧπερ
2970 3800 3131 3862 αὐτὸς
3185 3801 3517 3870 κολασθῆναι
3566 3803 3656 3853 τὸν
3700 3802 4039 3873 Ἐλευθέριον

2458 3886 2861 3938 συνεϐούλευεν.
2898 3887 2985 3951 Ὠς
3009 3888 3064 3939 δὲ
3097 3890 3159 3957 τῇ
3196 3888 3412 3960 βασάνῳ
3454 3893 3847 3959 προσήγγισεν,
3869 3889 4042 3958 Εῦξαι

2458 3978 2595 4048 ὑπὲρ
2622 3978 2780 4048 ἐμοῦ,
2804 3978 2832 4030 ό
2864 3980 3131 4050 Κορέμων
3167 3982 3244 4051 τῷ
3270 3982 3508 4053 μάρτυρι
3534 3986 3819 4055 ἐπεϐόησε,
3850 3989 3945 4039 καὶ
3974 3991 4040 4058 τῇ

2455 4071 2549 4121 τοῦ
2590 4070 2829 4137 Χριστοῦ
2893 4088 2961 4139 με
3021 4072 3276 4139 σφραγῖδι
3331 4074 3676 4138 καθόπλισον,
3732 4072 3895 4147 ﬁxa!
3948 4080 4043 4129 τὸν

2461 4160 2839 4229 στρατηλάτην
2899 4162 3307 4233 περιετύχησας
3365 4163 3593 4234 Φιληκα.
3654 4166 3842 4232 Οὕτως
3882 4165 3979 4221 οὖν
4014 4172 4043 4220 ὸ

2460 4250 2724 4321 Κορίμων
2756 4251 2861 4304 ὑπὸ
2910 4251 3003 4304 τοῦ
3041 4253 3318 4324 μάρτυρος
3369 4254 3666 4321 όπλισθεὶς,
3710 4258 3803 4308 καὶ
3833 4257 3908 4326 τῷ
3940 4258 4041 4327 όρτ

2457 4344 2608 4413 γάνῳ
2640 4343 2882 4413 βληθεὶς,
2916 4322 3189 4404 ἀνάλωτος
3218 4322 3353 4414 πυρὶ
3389 4346 3481 4397 καὶ
3512 4347 3673 4409 αὐτὸς
3694 4342 3781 4416 ἦν.
3826 4322 4044 4419 ’ΛτόριικΣ

2459 4436 2544 4497 νδς
2576 4437 2632 4487 δέ
2661 4435 2729 4487 τά
2762 4434 2867 4487 τῶν
2904 4433 3156 4504 βασάνων
3193 4436 3533 4507 ἀπειρηκὼς,
3564 4436 3704 4506 ξίφει
3738 4440 3837 4508 τὴν
3866 4457 4045 4509 κεφαο

796 4532 1059 4599 del'cssus,
1092 4547 1214 4586 eum
1259 4530 1607 4597 cendemnat,
1645 4542 1703 4584 ut
1737 4532 1784 4583 ei
1822 4536 1983 4599 caput
2030 4538 2355 4598 amputetur.
2418 4522 2512 4578 ιλὶ

2458 4522 2555 4592 λὴν
2586 4523 2749 4575 αὐτου
2803 4524 3147 4595 ἐκτμηθῆναι
3187 4526 3419 4579 κελεύει.
3476 4529 3585 4580 Καὶ
3633 4530 3902 4597 Κορέμων
3938 4532 4043 4600 μὲν

794 4624 861 4684 Et
896 4624 1165 4677 Corehoni
1219 4621 1435 4688 quidem
1483 4622 1563 4673 sic
1610 4621 1848 4676 succedit
1898 4621 2020 4676 finis
2060 4621 2303 4690 martyrii
2341 4638 2355 4673 :

793 4720 849 4764 et
904 4712 1057 4780 quia
1110 4710 1351 4765 multisa
1414 4711 1609 4765 seculo
1645 4712 2017 4774 desideratur,
2070 4713 2154 4765 hic
2212 4714 2355 4766 brevi

2460 4609 2615 4677 οὗτος
2648 4608 2726 4669 ἐν’
2762 4616 2952 4686 βραχεῖ
3010 4616 3099 4669 τὸν
3133 4616 3344 4679 πολλοῖς
3376 4618 3433 4682 ἐξ
3476 4618 3668 4681 αἰῶνος
3699 4621 4042 4689 ποθούμενον

2458 4709 2675 4778 ἥρπασε
2735 4708 3030 4779 θησαυρόν.
3094 4706 3173 4760 Τὰ
3226 4708 3280 4761 δὲ
3314 4710 3453 4779 μετὰ
3510 4710 3685 4765 ταῦτα
3734 4714 3894 4780 τίνας
3932 4718 4043 4769 Kac.

796 4811 1036 4867 tempore
1082 4802 1393 4855 thesaurum
1450 4800 1696 4871 arripuit.
1750 4801 2001 4865 Oua'nam
2059 4817 2185 4855 vero
2236 4814 2359 4857 SUnl
2396 4810 2435 4863 ι)
2478 4797 2512 4849 Ἰ

2478 4797 2813 4866 Ἐλευθέριος
2844 4798 2922 4867 τῷ
2948 4797 3187 4868 κλιϐάνῳ
3218 4800 3568 4870 ἐμϐάλλεται,
3597 4805 3824 4867 καὶτοῖς
3854 4805 4037 4857 ὀϐελιο

792 4887 1104 4945 Eleutherio
1166 4902 1357 4959 postea
1434 4893 1766 4947 consecuta?
1841 4892 2079 4947 Primum
2140 4894 2359 4963 quidem

796 4980 911 5049 ipse
940 4981 991 5034 in
1016 4981 1283 5035 clibanum
1308 4982 1619 5037 immittitur
1643 5002 1655 5035 :
1684 4984 1876 5039 deinde
1900 4987 2060 5039 etiam
2086 4987 2357 5055 obeliscis,

797 5080 857 5125 ut
887 5072 1191 5136 videbatur,
1226 5074 1586 5143 transfigitur.
1622 5072 1689 5128 Et
1716 5076 1962 5131 clibanus
1992 5076 2207 5144 quidem
2240 5094 2360 5131 rur-

796 5175 917 5227 sus,
945 5163 1086 5216 sicut
1125 5166 1275 5233 prius
1324 5166 1685 5237 exstinguitur
1718 5184 1732 5221 :
1763 5179 2151 5224 convertuntur
2180 5178 2357 5224 autem

796 5255 1040 5321 protinus
1080 5256 1327 5324 cuSpides
1363 5255 1746 5322 obeliscorum,
1794 5261 2189 5327 quodammodo
2231 5276 2349 5315 car-

797 5357 919 5397 nem
954 5344 1277 5397 honorantes
1304 5345 1575 5415 martyris,
1604 5359 1655 5400 et
1689 5348 1824 5419 ejus,
1850 5349 1936 5416 qui
1964 5348 2139 5416 punit,
2165 5349 2358 5401 anima:

797 5441 1087 5500 arguentes
1115 5436 1411 5488 ctecitatem
1452 5452 1465 5489 :
1500 5438 1793 5505 quinetiam
1826 5439 2023 5489 multos
2050 5453 2116 5489 ex
2147 5438 2232 5500 iis,
2267 5437 2358 5504 qui

798 5524 1066 5589 astabant,
1102 5527 1433 5581 attrahentes
1466 5530 1531 5582 ad
1574 5526 1668 5581 Dei
1697 5528 2083 5598 cognitionem,
2122 5530 2211 5597 qui
2248 5531 2360 5584 haec

2462 4904 2612 4950 σκοις
2670 4905 2728 4940 τε
2760 4890 2818 4941 τδ
2856 4888 3033 4943 δοκεῖν
3063 4894 3446 4962 περιπείρεται
3468 4910 3481 4924 '
3543 4894 3658 4947 ἀλλ’
3683 4896 3842 4961 εὐθὺς
3874 4898 3903 4950 6
3940 4898 4045 4968 μὲν

2460 4980 2712 5045 κλίϐανος
2746 4981 3051 5046 σϐέννυται,
3086 4985 3408 5053 στρέφοντας.
3436 4985 3491 5039 δὶ
3535 4988 3623 5040 καὶ
3646 4990 3702 5041 αἱ
3732 4988 3836 5041 τῶν
3864 4989 4045 5042 ὀϐελί-

2461 5090 2606 5125 σκων
2664 5072 2861 5141 άκμαὶ,
2896 5076 3131 5144 τιμῶσαι
3189 5075 3378 5147 ὥσπερ
3413 5081 3621 5149 σάρκας
3666 5084 4041 5149 μαρτυρικάς,

2460 5164 2552 5218 καὶ
2590 5165 2770 5235 ψυχῆς
2824 5166 3096 5235 τύφλωσιν
3162 5168 3485 5240 ἐλέγχουσαι
3542 5169 3636 5225 τοῦ
3694 5172 4043 5241 κολάζοντος,

2460 5258 2594 5311 ἀλλὰ
2641 5261 2735 5312 καὶ
2780 5261 3008 5325 πολλοὺς
3035 5263 3143 5315 τῶν
3179 5264 3547 5331 παρεστώτων
3602 5266 3680 5326 εἰς
3736 5264 4041 5329 ἐπίγνωσιν

2465 5350 2599 5403 Θεοῦ
2631 5353 2723 5406 τοῦ
2762 5353 2933 5407 ταῦτα
2961 5355 3499 5425 θαυματουργοῦντος
3531 5356 3804 5416 ἕλικουσαι,
3837 5357 3887 5408 οἳ
3922 5358 4033 5421 καις

2465 5443 2652 5510 Μέγας
2676 5445 2702 5496 6
2724 5445 2852 5508 Θεὸς
2883 5447 2991 5497 τῶν
3024 5448 3383 5516 Χριστιανῶν,
3406 5448 3591 5513 ἐϐόων,
3625 5450 3652 5499 6
3678 5448 3743 5507 δι’
3788 5447 4037 5500 Ἐλευθε-

2470 5538 2585 5604 ρίου
2626 5538 2757 5605 ἡμῖν
2787 5539 3210 5608 κηρυττόμενος.

797 5617 1033 5673 faciebat
1070 5616 1386 5677 miractila:
1438 5625 1530 5692 qui
1581 5625 1767 5690 etiam,
1846 5623 2073 5694 Magnus
2128 5638 2213 5679 est
2266 5624 2405 5682 Deus
2474 5629 2925 5699 Christianorum,
2974 5635 3300 5700 clamabant,
3346 5638 3435 5705 qui
3498 5636 3649 5691 nobis
3714 5636 4046 5705 praedicatur

797 5725 895 5779 per
929 5710 1318 5766 Eleutherium.
