4208 6300
172 357 273 428 137

1386 365 1558 423 νιίἈ
1598 362 1655 423 s.
1700 339 2215 427 ELEUTH’ERlI.

3322 369 3423 433 138

238 470 317 524 ϐ’.
347 464 512 533 Αὖθις
541 462 633 523 οὖν
660 469 864 541 ἀπορία
893 469 984 523 καὶ
1022 469 1163 539 λύπη
1221 471 1491 541 λαμϐάνει
1526 473 1615 526 τὸν
1655 472 1751 527 τύ·

1928 471 2018 527 ΙΧ.
2078 472 2290 527 Rursus
2342 487 2471 543 ergo
2503 480 2557 529 et
2593 472 2857 529 haesitatio
2906 484 2961 528 et
3011 491 3236 550 magnus
3270 483 3424 539 dolor

171 578 384 633 ραννον,
418 557 512 614 καῖ
540 560 660 613 τότε
710 560 811 629 μὲν
834 564 898 631 τῇ
931 565 1141 631 φρουρᾷ
1168 567 1258 615 τὸν
1312 565 1567 633 μάρτυρα
1592 563 1749 618 δίδω-

170 672 275 717 σιν,
334 653 565 723 ὓστερον
604 653 660 707 δὲ
711 652 780 705 δι’
810 652 941 722 ὅλης
980 654 1195 725 ἡμέρας
1254 656 1584 727 σκεψαμένῳ
1616 656 1754 727 μετὰ

164 748 276 801 τῶν
316 747 409 799 ὑπ’
446 744 634 811 αὐτοῦ,
696 744 798 798 ποῦ
832 747 927 799 καὶ
975 746 1125 810 ὅπως
1171 747 1508 819 Ἐλευθέριος
1540 749 1755 823 ὑπόσχῃ

164 839 263 909 τὴν
289 838 583 909 τιμωρίαν,
618 838 783 903 εδοξε.
815 838 993 901 Τόπος
1019 838 1119 908 μὲν
1154 842 1181 908 ἡ
1214 841 1445 910 φρουρὰ,
1473 842 1674 911 τρόπος
1696 841 1755 895 δὲ

164 932 441 993 οῐκτιστος
478 933 508 984 δ
562 929 649 983 διὰ
703 928 889 999 λιμοῦ.
942 930 1152 1001 Συχνὰς
1210 928 1305 985 οὖν
1338 934 1552 1002 ἡμέρας
1604 936 1663 987 έν
1685 936 1751 1005 τῇ

163 1024 359 1094 εἱρκτῇ
392 1022 727 1075 ἐπυκτεύετο
756 1021 834 1091 τῷ
859 1021 1006 1093 λιμῷ
1032 1040 1045 1054 ’
1073 1022 1188 1076 ἁλλ’
1219 1026 1246 1077 ὁ
1269 1023 1345 1095 τῷ
1376 1026 1576 1095 Δανιὴλ
1600 1042 1750 1093 ποτε,

164 1117 260 1168 καὶ
287 1114 367 1184 τῷ
401 1113 557 1186 Ἠλίᾳ
582 1115 725 1185 μετὰ
756 1114 953 1177 ταῦτα,
985 1116 1194 1187 τροφὴν
1245 1117 1334 1170 διὰ
1387 1119 1593 1188 πτηνοῦ
1623 1135 1753 1188 χορ*

165 1207 407 1273 ηγὴσας,
434 1206 526 1258 καὶ
546 1204 736 1257 τοῦτον
761 1206 951 1275 τρέφει
972 1205 1058 1258 διὰ
1086 1209 1434 1276 περιστερᾶς.
1468 1209 1576 1262 Καὶ
1595 1210 1623 1260 ό
1655 1206 1754 1279 μιν

165 1298 493 1364 εὐχαριστει
516 1294 655 1364 Θεῷ,
686 1295 768 1346 ὃτι
802 1296 907 1345 τῶν
937 1295 1068 1347 ἴσων
1100 1297 1211 1357 τοῖς
1258 1297 1517 1365 μεγάλοις
1543 1296 1753 1359 τούτοις

159 1383 393 1452 ἠξίωται
418 1400 430 1413 ·
462 1385 491 1437 ὸ
519 1385 576 1439 δὲ
608 1384 873 1455 τύραννος
900 1386 1189 1455 ἐμεμήνει,
1211 1386 1287 1452 ώς
1316 1386 1573 1450 ἀσθενοῦς
1605 1387 1754 1457 αὑτῷ

162 1477 523 1546 ἐλεγχθέντος
566 1476 660 1531 τοῦ
732 1479 1161 1548 μηχανήματος·
1223 1478 1345 1531 ὅθεν
1405 1484 1495 1537 καὶ
1556 1481 1755 1544 ἵππους

161 1551 400 1641 ἀγρίους
432 1570 537 1623 ὑπὸ
564 1570 733 1638 ζυγὸν
769 1570 984 1623 κελεύει
1015 1569 1239 1637 δεθῆναι
1272 1573 1363 1622 καὶ
1394 1572 1482 1623 τὸν
1511 1572 1757 1626 Ἐλευθέ-

171 1679 311 1731 ριον,
340 1662 431 1716 ἵνα
458 1663 565 1715 τῶν
587 1662 769 1715 ἵππων
788 1662 1013 1731 ἀμαθῶν
1036 1663 1208 1713 ὄντων
1228 1662 1393 1729 ζυγοῦ
1416 1664 1506 1716 καὶ
1523 1664 1751 1733 ἀγρίων,

169 1753 249 1822 τῷ
276 1754 451 1824 ῥοίζῳ
489 1771 545 1806 τε
576 1752 673 1805 τοῦ
709 1752 951 1823 ἅρματος
1003 1752 1141 1817 ἄγαν
1184 1753 1633 1823 ἐκταραχθέντων
1660 1756 1753 1808 καὶ

1865 566 2077 621 invadit
2146 575 2452 637 tyrannum.
2522 564 2589 620 Et
2654 576 2777 621 tunc
2837 567 3054 635 quidem
3135 583 3425 645 martyrem

1860 659 2033 713 tradis
2073 658 2125 713 in
2171 655 2471 712 custodiam
2506 672 2520 711 :
2562 668 2752 727 postea
2793 667 2973 714 autem
3005 660 3236 721 eximios
3262 679 3341 723 τι
3364 668 3429 722 iis

1855 748 1946 818 qui
1996 748 2044 802 ei
2109 747 2392 818 parebant,
2448 757 2774 804 convocatos
2828 760 3166 822 congregat:
3197 764 3251 810 et
3301 772 3428 819 cum

1858 850 1969 895 toto
1998 840 2087 896 die
2118 840 2495 906 deliberasset,
2518 839 2605 895 ubi
2640 851 2699 895 et
2725 855 2959 910 quonam
2989 845 3147 901 modo
3174 845 3432 904 Eleuthe-

1858 933 1972 988 rius
2043 933 2253 989 subiret
2324 932 2696 1003 supplicium,
2758 934 2906 990 visus
2984 946 3069 993 est
3152 939 3203 994 ei
3280 938 3430 995 locns

1857 1026 2074 1097 quidem
2109 1040 2296 1081 carcer
2339 1041 2355 1079 :
2416 1026 2611 1081 modus
2661 1040 2795 1082 vero
2848 1026 3086 1085 maxime
3136 1030 3427 1088 miserabi-

1857 1116 1945 1185 lis,
1979 1132 2171 1188 nempe
2227 1132 2325 1187 per
2380 1116 2598 1173 famem.
2663 1116 2731 1173 Et
2796 1130 3081 1190 postquam
3135 1120 3251 1177 haec
3313 1126 3429 1179 visa

1855 1218 2004 1285 sunt,
2066 1210 2264 1266 multos
2314 1210 2528 1278 quidem
2577 1208 2691 1264 dies
2739 1210 2794 1265 in
2850 1226 3075 1270 carcere
3134 1213 3434 1270 decertavit

1857 1313 1978 1353 cum
2059 1298 2219 1353 fame.
2294 1298 2399 1353 Sed
2456 1296 2548 1368 qui
2612 1296 2740 1351 olim
2815 1298 3022 1355 Dattieli
3063 1300 3085 1332 ⁸
3132 1313 3187 1355 et
3242 1301 3432 1360 Elic’

1858 1407 1951 1460 per
2002 1393 2271 1449 volucrem
2329 1392 2642 1450 alimentum
2705 1393 3087 1465 suppeditavit,
3124 1408 3248 1450 cum
3292 1411 3431 1468 quo-

1859 1500 1962 1554 que
1994 1486 2090 1538 alit
2123 1500 2217 1553 per
2248 1484 2577 1552 columbam,
2612 1494 2667 1541 et
2704 1483 2821 1554 ejus
2851 1484 3085 1538 animam
3114 1483 3302 1554 implet
3336 1487 3433 1540 bo-

1860 1576 1964 1628 nis.
2026 1575 2090 1629 Et
2157 1575 2245 1628 ille
2308 1576 2524 1644 quidem
2580 1575 2774 1647 agebat
2841 1573 3078 1644 gratias,
3136 1574 3277 1644 quod
3345 1574 3434 1631 his

1860 1668 2071 1736 magnis
2111 1666 2266 1721 bonis
2298 1668 2370 1720 sit
2418 1666 2615 1737 dignus
2667 1667 2885 1721 habitus
2914 1684 2929 1720 :
2961 1674 3228 1737 tyrannus
3253 1676 3435 1723 autem

1861 1760 2185 1825 insaniebat,
2213 1770 2267 1816 et
2300 1761 2440 1831 quod
2476 1772 2755 1816 ostensum
2785 1768 2933 1817 esset
2976 1761 3432 1817 machinationem

171 1845 519 1915 πλημμελῶς
551 1845 890 1914 φερομένων,
920 1848 944 1895 ὁ
969 1844 1438 1919 μάρτυςπέτραις
1456 1846 1549 1898 καὶ
1578 1844 1752 1911 ἄλλοις

1862 1851 2026 1908 fuisse
2060 1830 2406 1920 imbecillam,
2430 1850 2762 1907 eﬂerabatur
2798 1871 2813 1909 :
2849 1864 2904 1908 et
2935 1852 3057 1908 ideo
3086 1868 3257 1923 equos
3286 1851 3435 1910 feros

170 1937 712 2008 προσαρασσόμενος,
744 1937 843 1999 τὰς
873 1936 1081 2007 σάρκας
1102 1937 1436 2008 διασπασθῇ,
1472 1938 1565 1991 καὶ
1596 1939 1757 2009 μελη-

166 2030 255 2083 δὸν
287 2031 626 2090 κατακοπεὶς
672 2028 958 2099 ἀπορρήξῃ
1005 2029 1101 2097 τὴν
1151 2030 1349 2099 ψυχήν.
1400 2030 1539 2082 Ἀλλ’
1567 2030 1754 2101 ὥσπερ

159 2124 372 2186 ἐκεῖνος
424 2123 525 2174 οὐκ
580 2121 785 2190 ἔκαμνε
818 2121 885 2172 τὰ
947 2121 1082 2190 πρὸς
1132 2120 1433 2191 διαφθορὰν
1487 2122 1750 2193 ἐνεργῶν,

158 2216 337 2279 οὕτως
388 2215 513 2269 οὐδὲ
550 2214 784 2285 Χριστὸς
835 2215 902 2265 τὰ
938 2213 1072 2282 πρὸς
1122 2213 1396 2283 σωτηρίαν
1418 2214 1748 2283 οἰκονομῶν·

158 2305 399 2374 ἄγγελος
453 2306 564 2375 γὰρ
597 2304 655 2369 ἐξ
703 2303 934 2374 οὐρανοῦ
972 2301 1221 2365 ἐπιστὰς.
1248 2304 1371 2364 τοὺς
1400 2303 1625 2373 ἀγρίους
1659 2303 1752 2356 ἴπ-

159 2414 295 2459 πους
332 2395 579 2457 ἐκείνους
610 2394 851 2464 ἡμέρους
884 2393 1039 2460 ἄφνω
1068 2392 1263 2456 ἐποίει,
1300 2398 1395 2446 καί
1429 2394 1522 2445 τὸν
1566 2395 1754 2446 Ἐλευ-

159 2489 345 2560 θέριον
368 2488 564 2553 λύσας,
601 2486 913 2549 ἐπιδιδάξει
936 2484 1011 2554 τῷ
1044 2486 1275 2555 ἅρματι,
1307 2484 1403 2537 καὶ
1440 2486 1576 2556 πρὸς
1606 2486 1663 2539 τὸ
1688 2488 1752 2558 τῇ

158 2582 315 2633 πόλει
380 2579 656 2646 γειτονοῧν
690 2578 816 2647 ὄρος
868 2578 994 2638 τοὺς
1047 2578 1245 2639 ἵππους
1286 2576 1493 2641 ἰθύνας,
1530 2577 1755 2642 ἀλύπως

160 2672 256 2724 καὶ
310 2669 536 2738 ὁμαλῶς
588 2667 834 2719 ἀνελθεῖν
881 2666 972 2718 τὸν
1034 2664 1289 2735 μάρτυρα
1341 2667 1749 2737 παρεσκεύασε.

161 2763 525 2832 Προσγινεται
547 2758 602 2811 δὲ
633 2758 810 2829 τούτῳ
836 2758 930 2811 καὶ
964 2757 1155 2828 ἕτερόν
1184 2775 1235 2809 τι
1270 2757 1375 2809 τῶν
1409 2758 1750 2826 παραδόξων.

173 2855 261 2907 Ἐν
291 2854 375 2923 τῷ
409 2852 527 2919 ὄρει
563 2851 672 2923 γὰρ
720 2850 1013 2921 γενομένου
1061 2849 1156 2903 τοῦ
1195 2850 1495 2920 μάρτυρος,
1533 2852 1625 2902 καὶ
1663 2852 1754 2904 τὸν

160 2947 293 3001 Θεὸν
328 2944 581 3015 συνήθως
608 2944 907 3009 αἱνοῦντος,
941 2944 1137 3011 ἄρκτοι
1170 2942 1263 2995 καὶ
1302 2941 1538 3005 λέοντες,
1574 2945 1668 2995 καὶ⁸
1701 2942 1758 2995 et

160 3056 211 3090 τι
248 3038 383 3091 ἄλλο
432 3035 543 3086 τῶν
598 3034 890 3104 ἀνημέρων
942 3033 1151 3102 θηρίων
1208 3033 1621 3102 προσελθόντες,
1659 3053 1753 3088 κυ-

158 3125 350 3180 ιλοῦσί
385 3140 445 3177 τε
469 3124 562 3176 τὸν
582 3122 675 3176 τοῦ
708 3122 843 3175 Θεοῦ
876 3122 1063 3175 δοῦλον
1089 3122 1182 3175 καὶ
1218 3124 1621 3192 περισαίνουσι,
1659 3127 1754 3178 καὶ

1860 1952 1912 1997 et
1945 1942 2166 1996 minime
2200 1954 2532 2004 mansuetos,
2564 1942 2646 1996 eis
2676 1942 2834 2013 longe
2869 1941 3087 2006 saevior,
3115 1941 3273 2011 jubet
3303 1942 3436 2013 jugo

1858 2035 2087 2105 alligari,
2119 2046 2173 2090 et
2214 2034 2293 2088 eis
2322 2034 2486 2088 etiam
2522 2032 2730 2101 alligari
2768 2032 3143 2088 Eleutherium
3176 2050 3189 2087 :
3223 2042 3280 2087 ut
3308 2048 3433 2089 cum

1856 2127 2003 2195 equi,
2034 2127 2121 2193 qui
2148 2124 2336 2192 jugum
2373 2122 2513 2177 ferre
2544 2138 2648 2176 non
2680 2124 3005 2189 didicerant,
3036 2133 3091 2177 et
3118 2133 3277 2178 erant
3304 2123 3436 2178 alio-

1857 2217 1947 2287 qui
1974 2214 2097 2283 l‘cri,
2135 2215 2363 2285 strepitu
2398 2229 2595 2269 currus
2628 2214 2783 2268 valde
2812 2222 2995 2268 essent
3032 2216 3353 2283 perturbati,
3378 2226 3435 2270 et

1858 2309 1963 2364 huc
2017 2318 2070 2363 et
2120 2307 2246 2362 illuc
2295 2318 2497 2362 temere
2550 2304 2841 2373 ferrentur,
2883 2307 3130 2377 martyri,
3171 2308 3340 2376 petris
3379 2317 3436 2363 et

1859 2399 1979 2453 aliis
2028 2399 2202 2461 alliso,
2249 2397 2640 2451 divellerentur
2691 2407 2744 2450 et
2780 2398 3151 2451 lacerarentur
3184 2414 3374 2453 carnes
3412 2406 3433 2452 ῖ

1858 2503 1914 2546 ιιι
1951 2491 2031 2547 sic
2061 2490 2426 2563 particulatim
2453 2500 2507 2545 et
2537 2490 2881 2544 membratim
2907 2489 3185 2556 concisos,
3212 2493 3433 2546 abrum-

1856 2591 2009 2654 peret
2048 2584 2307 2637 animam.
2356 2582 2462 2636 Sed
2519 2598 2618 2638 nec
2673 2584 2787 2637 haec
2834 2583 2881 2636 ei
2933 2594 3317 2651 processerunt
3364 2599 3431 2637 ex

1855 2673 2020 2727 animi
2048 2673 2351 2737 sententia;
2381 2673 2474 2725 sed
2515 2673 2787 2740 quomodo
2818 2671 2905 2724 ille
2950 2687 3057 2725 non
3096 2673 3343 2725 cessabat
3368 2684 3432 2726 ea

1857 2763 2093 2833 operari,
2126 2776 2244 2832 quae
2289 2762 2356 2816 ad
2390 2762 2496 2815 vim
2532 2760 2833 2815 faciendam
2887 2760 3249 2830 pertinebant,
3280 2771 3333 2816 et
3363 2763 3432 2816 ad

1858 2854 2190 2912 afferendum
2222 2855 2501 2911 interitum
2536 2874 2551 2912 :
2594 2853 2677 2910 ita.
2720 2869 2818 2907 nec
2851 2853 3103 2908 Christus
3136 2869 3199 2909 ea
3251 2857 3433 2926 provi-

1855 2944 2006 3011 dere,
2040 2960 2162 3010 quze
2202 2944 2520 3012 spectabant
2562 2943 2628 2994 ad
2665 2942 2915 2996 salutem.
2960 2943 3196 3011 Angelus
3230 2943 3371 2998 enim
3400 2960 3434 3000 e

1856 3037 1996 3093 ccelo
2025 3035 2340 3098 adveniens,
2373 3044 2426 3089 et
2456 3034 2600 3089 feros
2626 3032 2748 3088 illos
2785 3050 2953 3104 equos
2979 3046 3199 3104 repente
3246 3036 3431 3090 reddi-

1859 3132 1938 3187 dit
1972 3131 2129 3186 mites
2156 3140 2217 3185 er
2238 3137 2549 3183 mansuetos
2582 3145 2597 3182 :
2627 3135 2681 3182 et
2712 3142 2831 3181 cum
2879 3127 3129 3183 solvisset
3172 3127 3431 3184 Eleuthe-

158 3213 244 3274 οἷα
274 3219 380 3289 τῆς
414 3217 627 3271 ἐκείνου
658 3215 906 3269 συνιέντα
940 3215 1145 3285 φωνῆς,
1176 3216 1519 3282 συνευλογεῐν
1555 3236 1612 3270 τε
1657 3221 1751 3275 καὶ

1859 3224 2024 3287 rium,
2054 3235 2178 3275 eum
2212 3220 2453 3273 immittit
2482 3218 2536 3272 in
2582 3234 2802 3273 currum
2836 3236 2851 3273 :
2889 3228 2944 3273 et
2973 3234 3094 3274 eum
3142 3220 3436 3275 direxisset

158 3313 495 3379 προσκυνεῖν
524 3308 803 3381 ὥρμηντο,
832 3309 923 3361 καὶ
956 3307 1114 3360 τοῦτο
1146 3307 1334 3377 ἐδήλου
1383 3310 1449 3379 τῇ
1502 3326 1559 3363 τε
1610 3311 1747 3381 πρὸς

156 3406 264 3475 γῆν
303 3406 513 3469 νεύσει,
544 3405 636 3457 καὶ
687 3405 752 3472 τῇ
783 3401 917 3469 πρὸς
950 3401 1088 3471 ἀέρα
1138 3401 1244 3453 τῶν
1285 3399 1457 3454 ποδῶν
1489 3403 1745 3473 ὲπάρσει,

155 3501 253 3553 καὶ
280 3502 349 3568 τῇ
386 3497 525 3567 ἄλλῃ
557 3493 885 3546 διατυπώσει
919 3490 1015 3543 τοῦ
1044 3491 1319 3560 σώματος.

1856 3325 2027 3380 equos
2084 3308 2152 3363 ad
2214 3318 2451 3370 montem
2526 3306 2761 3361 vicinum
2821 3308 3053 3373 civitati,
3108 3309 3317 3375 elfecit,
3374 3316 3435 3363 ut

1855 3412 2064 3471 martyr
2096 3403 2416 3454 ascenderct
2450 3400 2648 3453 leniter
2684 3407 2737 3453 et
2768 3398 2999 3467 placide.
3030 3401 3089 3454 Ei
3124 3417 3251 3455 vero
3285 3403 3431 3458 aliud

1855 3509 2068 3567 quoque
2118 3490 2327 3546 accedit
2386 3490 2704 3545 admirabile
2745 3500 2798 3544 et
2849 3502 3040 3546 contra
3096 3495 3431 3564 opinionem.

158 3594 293 3649 Nam
326 3608 451 3648 cum
482 3590 641 3643 sicin
670 3598 901 3641 montem
938 3588 1174 3641 venisset
1209 3594 1432 3655 martyr,
1495 3600 1550 3642 et
1624 3591 1820 3652 deinde
1861 3590 2124 3650 rationale
2209 3586 2555 3650 sacriﬁcium,
2630 3595 2945 3655 conSuetam
3017 3588 3123 3642 Deo
3194 3590 3430 3656 Iaudem,

157 3684 528 3747 sacriﬁcaret,
564 3692 682 3750 quia!
714 3680 944 3737 aderant
991 3680 1268 3747 animalia,
1301 3681 1411 3735 ursi
1442 3689 1497 3737 et
1556 3681 1766 3757 leones,
1809 3697 1864 3741 et
1905 3686 1948 3741 si
1987 3699 2106 3753 qua:
2151 3694 2307 3735 erant
2352 3681 2469 3733 alia:
2537 3681 2687 3744 ferae,
2733 3682 3057 3742 accedentes
3091 3683 3436 3743 circumdant

160 3782 253 3838 Dei
297 3780 588 3842 famulum,
629 3787 683 3830 et
717 3778 765 3832 ei
805 3776 1157 3831 blandiuntur
1194 3796 1205 3831 :
1246 3788 1300 3831 et
1348 3781 1602 3849 tanquam
1674 3782 1819 3839 illius
1861 3796 2046 3838 vocem
2094 3776 2484 3847 intelligentes,
2519 3772 2837 3829 benedicere
2871 3789 3154 3845 coeperunt
3195 3787 3249 3833 et
3295 3778 3433 3832 adoo

158 3894 311 3943 rare,
345 3889 400 3930 et
437 3879 539 3931 hoc
588 3875 986 3942 signiﬁcabant,
1053 3875 1193 3943 quod
1265 3884 1319 3927 et
1365 3875 1416 3927 in
1469 3886 1672 3932 terram
1732 3889 2065 3942 annuerent,
2138 3885 2195 3930 et
2229 3888 2417 3929 rursus
2447 3873 2498 3926 in
2530 3885 2708 3926 aerem
2744 3868 2967 3941 pedibus
2998 3870 3344 3939 eil'errcntur,
3375 3880 3433 3927 ct

156 3972 280 4027 aliis
309 3972 474 4025 ctiam
507 3970 746 4035 gestibus
770 3967 1038 4033 corporis.

226 4069 288 4122 ι’.
334 4062 499 4119 Ἀλλὰ
538 4062 605 4113 τα
665 4061 763 4129 μὲν
801 4060 968 4129 θηρία
1017 4060 1159 4115 οὓτω
1203 4063 1302 4132 τὴν
1336 4062 1556 4134 χορείαν
1582 4063 1749 4135 ἐπλή.

1926 4057 1991 4115 Χ.
2038 4055 2145 4112 Sed
2195 4054 2277 4109 sic
2318 4053 2537 4124 quidem
2589 4052 2739 4118 ferae,
2774 4053 2999 4121 perinde
3040 4068 3102 4106 ac
3139 4055 3183 4108 si
3226 4062 3429 4127 martyr

158 4178 309 4230 ρουν,
334 4156 537 4226 ὥσπερ
586 4151 911 4224 χορολέκτου
949 4155 1042 4204 καὶ
1085 4157 1477 4221 πρωτοστάτου
1514 4158 1750 4227 τυχόντα

1856 4162 1997 4209 esset
2030 4148 2181 4205 cliori
2212 4147 2485 4201 institutor
2510 4154 2565 4199 et
2592 4146 2802 4210 ductor,
2828 4156 2881 4199 et
2912 4159 3032 4198 cum
3064 4144 3109 4199 is
3140 4146 3429 4215 incepisset

157 4251 253 4304 τοῦ
306 4249 622 4319 μάρτυρος·
691 4242 969 4315 Ἀδριανὸς
1021 4242 1077 4294 δὲ
1112 4243 1210 4314 οὐχ
1262 4244 1341 4295 ὃτι
1378 4245 1592 4310 τούτου,
1633 4246 1749 4298 ἀλλ’

157 4342 281 4395 οὐδὲ
350 4340 461 4393 τῶν
513 4336 716 4409 θηρίων
774 4334 956 4390 αὐτῶν
1015 4335 1192 4407 ᾐδεῖτο
1240 4336 1337 4406 τὴν
1369 4334 1620 4388 σύνεσιν·
1670 4338 1749 4399 εἰς

156 4433 330 4504 ἀκοὴν
378 4429 490 4502 γὰρ
544 4431 767 4483 ἐκείνων
808 4429 1001 4493 ἐλθὼν,
1072 4430 1350 4499 Ἀδριανὸς
1401 4425 1469 4501 ἦν
1509 4428 1741 4494 ὁαὺτδς,
1770 4470 1825 4529 D

158 4522 345 4593 πολλῷ
401 4524 497 4575 καὶ
549 4521 759 4591 Θηρίων
808 4521 905 4573 καὶ
964 4520 1101 4571 δνων
1154 4521 1507 4591 ἀνοητότερός
1557 4540 1614 4577 τε
1650 4525 1744 4577 καὶ

156 4616 502 4687 ἀγριώτερος
525 4629 537 4641 ·
572 4613 633 4663 οὐ
682 4612 845 4680 μόνον
879 4610 985 4682 γὰρ
1040 4609 1266 4680 βελτίων
1319 4611 1472 4664 οὐδὲν
1512 4613 1620 4664 ἀπὸ
1654 4612 1746 4666 τοῦ

159 4709 443 4778 θαύματος
506 4704 753 4774 γέγονεν,
788 4703 925 4757 ἀλλὰ
974 4704 1068 4757 καὶ
1122 4702 1462 4773 στρατιώτας
1494 4704 1748 4775 ξιφήρεις

157 4804 401 4871 επεμπε,
431 4799 625 4853 θᾶττον
661 4796 1101 4867 συλληψομένους
1151 4795 1241 4847 τὸν
1290 4795 1649 4866 Ἐλευθέριον,
1678 4794 1747 4848 τὰ

156 4898 214 4949 δὲ
240 4894 435 4962 θηρία,
470 4892 545 4951 ὡς
586 4892 652 4944 ἂν
693 4889 937 4959 ἀκριϐῶς
968 4890 1158 4949 εἰδότα,
1188 4888 1282 4941 καὶ
1331 4888 1517 4955 φίλους
1541 4889 1747 4960 κρίνειν

156 4984 254 5038 τοῦ
287 4981 499 5038 ἑαυτῶν
529 4980 793 5033 δεσπότου
827 4978 924 5031 καὶ
955 4978 1271 5048 πολεμίους,
1301 4976 1374 5040 ὡς
1412 4978 1573 5048 μόνον
1603 4977 1741 5033 εἶδον

155 5080 287 5139 τοὺς
320 5072 686 5146 στρατιώτας,
722 5071 933 5141 ταχέως
986 5070 1264 5140 ἐφέροντο,
1307 5068 1401 5121 καὶ
1447 5066 1644 5139 μικροῦ
1678 5069 1744 5122 ἂν

159 5170 251 5221 καὶ
283 5166 652 5219 διεσπάσαντο
679 5163 904 5236 τούτους
930 5160 1125 5231 κέρασι
1157 5158 1251 5211 καὶ
1280 5158 1514 5223 ὀδοῦσιν,
1545 5160 1593 5209 si
1618 5158 1692 5228 μὴ
1714 5159 1743 5212 ὁ

161 5262 375 5334 μάρτυς
432 5260 546 5319 τοῖς
582 5256 681 5325 μὲν
712 5254 789 5316 ὡς
840 5253 968 5323 περί
1024 5263 1150 5303 ’τινα
1212 5251 1431 5320 χαλινὸν
1461 5250 1553 5302 τὸν
1587 5250 1744 5319 λόγον

157 5352 441 5424 ὶμσαλὼν,
470 5349 596 5404 ὃθεν
623 5346 785 5420 ἦλθον
819 5346 1101 5400 ἐπανιέναι
1132 5345 1487 5415 προσέταττε,
1538 5345 1649 5405 τοῖς
1681 5342 1737 5396 δὲ

161 5444 529 5517 στρατιώταις
572 5442 742 5505 λύσας
794 5441 883 5494 τὸν
909 5437 1096 5508 φόϐον,
1130 5438 1227 5491 καὶ
1262 5438 1360 5509 τὴν
1394 5434 1512 5500 μεθ’
1554 5435 1736 5490 ὅπλων

160 5538 378 5593 ιλευσιν
407 5535 701 5595 ὀνειδίσας.
739 5533 814 5584 Οὐ
841 5533 951 5602 γὰρ
970 5530 1061 5583 ἐπε
1082 5546 1222 5593 τινα,
1257 5530 1446 5599 φησιν,
1472 5524 1737 5598 ἀνδρόφο·

163 5649 250 5687 νον
278 5629 312 5693 ἢ
344 5628 551 5700 λῃστὴν
580 5626 799 5697 ﬁmus,
834 5621 929 5685 οὓς
963 5622 1068 5675 εδει
1101 5620 1330 5691 νεύματι
1362 5620 1508 5691 μόνῳ
1558 5620 1739 5691 σημή-

235 5776 257 5809 ³
283 5778 421 5832 Dan.
447 5787 559 5828 ιη.
638 5770 661 5802 ⁹
688 5769 752 5825 Ill
786 5769 918 5841 Reg.
948 5786 1079 5825 xvn.

488 5873 758 5929 ΡΑτιιοι..
803 5873 915 5926 0n.
947 5869 1049 5927 CX
1067 5869 1135 5927 \'.

1850 4256 2067 4303 canere,
2098 4255 2175 4294 eae
2209 4252 2425 4307 quoque
2465 4240 2720 4291 cboream
2750 4237 3035 4305 implentes
3063 4238 3426 4293 circumsilie-

1852 4335 1982 4389 bant
2030 4340 2083 4385 et
2126 4330 2280 4400 quasi
2330 4328 2747 4399 respondebant,
2784 4335 2839 4380 et
2874 4328 3209 4397 magistrum,
3244 4331 3426 4400 quoad

1852 4424 1968 4495 ejus
1990 4423 2104 4478 ﬁeri
2124 4430 2354 4493 poterat,
2371 4422 2743 4491 sequebantur
2774 4419 3188 4475 admirabiliter.
3233 4422 3424 4503 Adi-ig.

1855 4532 1954 4572 nus
1982 4528 2159 4570 autem
2182 4532 2284 4569 non
2310 4514 2484 4569 solum
2528 4513 2806 4581 martyris.
2841 4512 2933 4564 sed
2954 4529 3021 4565 ne
3040 4512 3277 4581 ipsarum
3303 4516 3427 4586 qui-

1850 4612 1971 4665 dem
2007 4608 2244 4662 i’erarum
2280 4603 2625 4658 revereliatur
2655 4601 3063 4671 intelligentiam
3111 4620 3124 4656 :
3158 4606 3252 4659 sed
3297 4622 3420 4661 cum

1849 4706 1915 4753 ad
1970 4699 2091 4752 illas
2141 4695 2374 4750 venisset
2422 4693 2747 4758 audiendas,
2797 4705 2914 4750 erat
2963 4694 3106 4751 idem
3154 4697 3423 4755 Adrianus

1848 4791 2033 4846 multis
2065 4790 2226 4844 etiam
2266 4788 2396 4844 feris
2441 4797 2494 4844 et
2544 4788 2713 4843 asinis
2760 4787 3104 4858 insipientior
3130 4800 3185 4845 et
3229 4790 3424 4846 effera-

1852 4888 1975 4941 ιῑυιι,
2016 4884 2165 4938 Multi
2221 4884 2389 4947 enim,
2432 4880 2627 4950 quibus
2677 4896 2824 4934 curae
2867 4890 2985 4933 erat
3026 4882 3260 4947 venatio,
3297 4897 3425 4936 cum

1846 4979 1963 5035 haec
1998 4978 2113 5033 suis
2142 4979 2401 5031 vidissent
2428 4970 2623 5039 oculis,
2656 4971 3041 5027 renuntiarunt
3099 4972 3412 5045 imperat0ri

1848 5071 1940 5126 sed
1973 5069 2062 5123 ille
2086 5075 2227 5135 erat,
2264 5077 2321 5121 ut
2353 5076 2436 5121 est
2467 5066 2521 5121 in
2556 5066 2862 5135 proverbio,
2893 5066 3079 5121 asinus
3119 5069 3184 5121 ad
3216 5066 3415 5137 lyram.

1848 5161 1965 5217 Non
1994 5161 2169 5217 solum
2200 5160 2344 5214 enim
2376 5158 2643 5214 miraculo
2687 5157 2824 5211 nihil
2865 5159 3041 5213 evasit
3080 5157 3293 5223 melior,
3322 5150 3424 5214 sed

1848 5252 2012 5309 etiam
2064 5262 2309 5307 armatos
2348 5253 2533 5306 emisit
2571 5249 2796 5314 milites,
2827 5264 2950 5303 mox
3001 5248 3421 5319 comprehensuv

1850 5361 1939 5402 ros
1987 5344 2381 5401 EIeutberium.
2417 5341 2570 5398 Fere
2619 5355 2804 5397 autem
2863 5354 2967 5395 non
3018 5341 3421 5398 conservabant

1849 5452 2033 5508 parem
2067 5437 2121 5492 in
2155 5437 2276 5492 illos
2316 5436 2717 5491 observantiam
2751 5451 2766 5489 :
2801 5434 2892 5489 sed
2921 5441 2979 5488 ut
3006 5447 3126 5503 qua:
3169 5440 3425 5489 accurate

1848 5533 2052 5586 scirent
2083 5532 2166 5586 sui
2207 5529 2414 5585 domini
2453 5529 2766 5586 discernere
2810 5525 3015 5582 amicos
3045 5533 3099 5580 et
3139 5524 3419 5589 inimicos,

1847 5637 1970 5678 cum
2012 5623 2245 5692 primum
2288 5624 2682 5687 eosviderunt,
2723 5618 3008 5676 celerrime
3052 5617 3107 5673 in
3152 5633 3245 5673 eos
3270 5616 3417 5673 fere-

2941 5859 2977 5920 5
