4196 6306
781 346 891 409 159

775 464 970 518 bantur
1018 474 1030 511 :
1077 464 1131 512 et
1181 468 1366 524 parum
1423 464 1612 519 abluit,
1660 466 1789 521 qunt
1839 464 1931 504 cos
1982 464 2344 515 orscerperent

777 553 1033 610 cornibus
1083 557 1137 605 et
1192 545 1465 610 dentibus,
1523 543 1625 597 nisi
1700 552 1906 612 martyr
1967 540 2071 594 illis
2128 538 2346 609 quidem

786 648 1040 716 tanquam
1073 641 1227 697 freno
1258 638 1440 707 aliquo
1471 652 1577 691 non
1614 632 1955 704 aspectabili,
1993 632 2189 701 injecta
2221 647 2348 685 ora-

781 740 951 805 tione,
996 737 1250 805 jussisset
1299 746 1392 787 eas
1441 731 1639 785 reverti
1690 728 1831 783 unde
1879 735 2157 779 venerant.
2211 726 2347 780 Cum

775 830 1042 887 militibus
1072 841 1203 881 vero
1249 835 1447 878 metum
1479 821 1754 884 sulvisset,
1785 829 1841 873 et
1869 818 1960 887 qui
2011 832 2133 871 cum
2177 816 2347 871 armis

2087 339 2369 400 MENSlS
2408 340 2718 400 APRlLlS

1077 464 1131 512 et
1181 468 1366 524 parum
1423 452 1612 519 abfuit,
1660 449 1789 521 quin
1839 464 1931 504 cos
1982 450 2344 515 discerperent

2460 465 2648 510 ναντας
2671 450 2760 501 τὸν
2788 449 3119 518 ζητούμενον
3146 449 3295 518 ’ἔχειν
3328 451 3612 520 ιπὸμενον.
3648 453 3832 517 οὕτως
3866 456 4033 507 εἰπὼν

3929 343 4029 407 149

2462 541 2756 611 προθύμως
2807 541 3093 610 ἠκολούθει
3121 558 3132 570 ·
3172 542 3344 594 πολλὰ
3376 543 3431 595 δὲ
3469 544 3609 596 κατὰ
3653 544 3752 613 τῆν
3806 547 4034 615 πορείαν

2458 632 2667 695 τούτοις
2693 632 3101 704 διαλεγόμενος,
3128 635 3391 698 ἐπιεικῶς
3426 653 3481 687 τε
3520 636 3805 706 παραινῶν
3822 641 3925 706 ικαὶ
3955 638 4033 689 δι-

2458 724 2692 791 δάσκων,
2744 700 2955 791 πολλοές
2986 728 3167 780 αὐτῶν
3205 728 3266 780 τὸ
3292 730 3390 799 τῆς
3437 700 3699 799 ἀληθείας
3751 700 4033 800 ἐπ’ἔλαμψι

2458 835 2596 888 ςως.

776 925 995 981 Inerant
1037 920 1118 975 eis
1162 920 1447 974 adventum
1494 915 1879 984 exprobrasset
1938 911 2136 980 (neque
2184 912 2332 965 enim
2397 910 2463 963 ad
2534 910 2860 979 parricidam
2896 911 3133 982 aliquem
3164 914 3383 969 venisse
3419 926 3511 970 aut
3580 916 3867 975 latronem,
3902 931 4034 984 quos

774 1017 1080 1087 oportebat,
1114 1029 1235 1067 cum
1271 1021 1405 1066 nutu
1447 1008 1620 1063 solum
1691 1006 2116 1077 significassent,
2184 1013 2502 1074 sequentem
2556 1008 2761 1062 habere
2825 1024 2970 1072 eum,
3006 1009 3097 1078 qui
3144 1009 3212 1064 ab
3295 1010 3373 1064 eis
3407 1011 3711 1080 quaeritur),
3766 1012 3869 1065 hoc
3912 1026 4031 1064 eum

776 1111 1027 1174 dixisset,
1063 1108 1186 1162 Iaato
1216 1114 1271 1160 et
1303 1103 1470 1159 alacri
1517 1103 1701 1157 animo
1770 1104 2127 1169 sequebatur,
2184 1099 2423 1154 multum
2482 1100 2762 1157 disserens
2816 1103 2870 1157 in
2925 1103 3119 1157 itinere
3166 1121 3178 1157 :
3232 1114 3287 1158 et
3343 1105 3387 1158 si
3439 1106 3572 1159 nihil
3631 1107 3799 1170 aliud,
3850 1108 4035 1160 dicens

773 1217 1027 1278 oportere
1057 1219 1152 1258 eos
1191 1202 1428 1257 revereri
1460 1200 1695 1255 ferarum
1729 1197 2166 1267 intelligentiam,
2226 1205 2286 1251 et
2354 1211 2420 1250 ex
2461 1197 2543 1250 eis
2592 1211 2790 1267 capere
2834 1209 3042 1253 certum
3093 1200 3399 1270 exemplum
3450 1203 3516 1253 ad
3564 1216 3711 1264 eum,
3748 1200 3841 1271 qui
3894 1202 4038 1269 ipsos

775 1301 1002 1364 creavit,
1060 1298 1487 1368 agnoscendum.
1547 1293 1753 1349 Deinde
1817 1294 2021 1362 optime
2085 1307 2210 1346 cum
2272 1291 2355 1345 eis
2432 1292 2688 1347 disseruit
2736 1294 2801 1349 de
2854 1310 3020 1365 regno
3073 1296 3330 1351 ccelornm
3387 1306 3440 1351 ct
3489 1297 3787 1366 gehenna:
3859 1310 3912 1353 et
3961 1299 4040 1352 sic

776 1414 872 1471 per
908 1407 1076 1452 totam
1120 1394 1260 1449 viam
1292 1391 1683 1460 benignissime
1718 1389 2022 1445 admonens
2052 1396 2106 1443 et
2137 1388 2360 1454 docens,
2401 1394 2610 1442 tantam
2670 1388 2778 1443 vim
2816 1390 3023 1456 habuit,
3092 1402 3149 1446 ut
3200 1393 3385 1447 multis
3425 1408 3490 1447 ex
3533 1394 3615 1449 eis
3663 1395 4035 1462 persuaderet,

773 1496 1144 1562 efficeretque,
1202 1498 1262 1543 ut
1304 1492 1395 1543 lux
1448 1488 1694 1542 veritatis
1746 1485 1951 1541 luceret
2002 1485 2056 1539 in
2112 1482 2329 1539 illorum
2367 1484 2586 1541 animis.

846 1609 938 1665 XI.
968 1609 1259 1677 Postquam
1295 1618 1420 1658 vero
1445 1598 1668 1656 Romam
1701 1611 2087 1669 pervenerunt,
2118 1599 2355 1669 impera-
2392 1608 2436 1663 Β

777 1713 864 1759 tor
906 1701 1089 1757 statim
1145 1697 1438 1751 maximam
1476 1704 1742 1749 convocat
1788 1693 2132 1757 concionem,
2173 1690 2357 1745 volens

777 1797 981 1851 habere
1040 1791 1306 1862 plurimos
1359 1795 1529 1841 testes
1586 1786 1840 1839 interitus
1894 1786 2167 1855 martyris.
2219 1782 2354 1836 Cum

781 1901 964 1946 autent
996 1887 1220 1941 fuerunt
1263 1886 1444 1937 omnia
1484 1889 1701 1948 parata,
1731 1888 1783 1933 et
1815 1877 2075 1946 frequens
2104 1876 2357 1932 convenit

779 1985 1031 2056 populus,
1085 1995 1243 2035 secus
1294 1977 1497 2040 evenit,
1547 1990 1708 2044 quam
1765 1973 1991 2041 putabat
2038 1973 2352 2041 imperator.

780 2079 884 2144 Qui
916 2076 1061 2128 enim
1078 2075 1322 2134 aderant,
1349 2085 1455 2122 non
1487 2067 1739 2136 martyris
1756 2066 2068 2127 occisionis,
2087 2066 2178 2117 sed
2196 2062 2356 2116 Chri-

779 2174 871 2236 sti,
904 2184 1024 2240 quae
1055 2168 1107 2221 itt
1141 2167 1256 2234 ipso
1285 2174 1425 2226 erat,
1460 2159 1676 2213 virtutis
1711 2157 1927 2213 fuerunt
1960 2155 2137 2227 potius
2169 2161 2355 2219 testes,

780 2261 928 2318 omni
970 2260 1295 2324 exceptione
1329 2255 1589 2321 majores.
1624 2251 1755 2305 Nam
1790 2250 1956 2304 leaena
1997 2250 2214 2318 quidem
2262 2249 2357 2300 ad-

781 2352 1000 2408 modum
1044 2364 1184 2405 smva
1230 2349 1284 2401 in
1328 2361 1449 2401 eum
1502 2343 1816 2398 immittitur
1849 2359 1862 2396 :
1893 2357 2013 2411 quze
2055 2342 2228 2395 instar
2264 2338 2357 2392 teli

780 2459 977 2515 magno
1008 2445 1210 2512 impetu
1251 2439 1412 2494 irruit
1440 2446 1494 2490 et
1520 2437 1585 2490 ad
1617 2445 1864 2491 sanctum
1895 2433 2128 2493 accedit,
2158 2447 2265 2485 non
2301 2438 2359 2483 ut

780 2534 1149 2590 Eleutherium
1176 2532 1533 2597 discerperet,
1561 2536 1655 2579 aut
1681 2524 1763 2579 vel
1794 2525 1990 2594 exiguo
2018 2538 2201 2577 morsu
2231 2538 2354 2576 eum

778 2628 1078 2686 offenderet
1110 2642 1124 2679 :
1172 2623 1265 2679 sed
1311 2624 1487 2691 potius
1522 2631 1578 2674 ut
1618 2619 1761 2672 illius
1795 2622 1957 2688 pedes
1989 2631 2098 2685 prae
2151 2630 2350 2684 magna

777 2720 1195 2789 amplecteretur
1228 2710 1625 2767 benevolentia.
1656 2707 1808 2774 Quod
1842 2708 2058 2776 quidem
2103 2704 2229 2758 fecit
2264 2720 2356 2755 ae-

776 2825 1026 2867 currens.
1064 2805 1348 2861 lnclinavit
1384 2803 1529 2856 enim
1584 2801 1853 2854 cervicem
1903 2797 2020 2863 ejus
2066 2795 2290 2864 pedibus
2340 2808 2355 2846 :

777 2908 959 2975 lingua
991 2918 1117 2955 vero
1144 2897 1420 2952 lambebat
1444 2892 1565 2963 ejus
1595 2892 1823 2962 plantas.
1852 2886 2148 2943 Videbatur
2176 2898 2354 2941 autem

778 3013 921 3069 aegre
949 2995 1119 3057 ferre,
1155 2990 1295 3062 quod
1323 3003 1429 3043 nou
1476 2988 1641 3041 etiam
1686 2999 1870 3039 vocem
1910 2983 2132 3036 haberet
2168 2982 2359 3034 huma-

782 3107 932 3152 nam,
961 3101 1083 3156 qua:
1117 3098 1213 3152 pro
1243 3084 1445 3151 pietate
1472 3078 1789 3144 loqueretur
1812 3087 1935 3125 cum
1966 3078 2223 3141 martyre.
2255 3071 2360 3122 Sed

778 3197 881 3237 nec
906 3182 1017 3232 haec
1041 3175 1368 3246 pet-suadent
1397 3168 1732 3238 imperatori,
1756 3164 1846 3234 qui
1870 3173 1987 3217 erat
2010 3164 2146 3218 duro
2171 3164 2356 3227 corde,

777 3275 919 3329 sicut
956 3281 1008 3325 et
1052 3269 1139 3323 ille
1185 3266 1418 3329 Pharao,
1457 3271 1513 3315 ut
1562 3262 1817 3329 pietatem
1864 3274 1930 3312 ex
1973 3256 2056 3312 cis
2090 3256 2357 3321 disceret;

778 3364 874 3418 sed
906 3374 962 3416 ut
991 3361 1085 3428 qui
1130 3358 1357 3412 bestiam
1399 3355 1711 3409 damnasset
1756 3349 2171 3413 imbecillitatis,
2215 3351 2359 3417 quod

780 3470 843 3509 ca
875 3463 1019 3508 esset
1052 3450 1271 3512 femina,
1296 3448 1450 3516 jubet
1481 3446 1647 3500 etiam
1682 3456 1887 3497 marem
1938 3442 2098 3495 simul
2137 3440 2358 3494 immitti

782 3547 841 3602 In
863 3553 1177 3614 martyrem.
1194 3541 1285 3593 llle
1311 3554 1437 3590 vero
1460 3539 1606 3590 velut
1628 3537 1963 3588 contendens
1985 3548 2107 3585 cum
2134 3534 2358 3597 femina,

785 3649 838 3694 et
868 3654 972 3691 non
1009 3637 1185 3687 minus
1216 3630 1510 3685 benevolus
1549 3628 1736 3683 volens
1782 3626 1957 3681 videri
1991 3627 2041 3680 in
2073 3626 2357 3688 athletam,

784 3732 933 3785 illam
960 3727 1176 3799 quidem
1212 3723 1423 3793 repellit
1456 3738 1469 3775 :
1507 3722 1623 3791 ipse
1654 3731 1834 3774 autem
1869 3734 2164 3773 accurrens
2196 3723 2359 3788 pedes

787 3821 1155 3892 amplectitur,
1186 3818 1449 3877 adhaeret,
1486 3813 1695 3873 lambit,
1726 3809 1898 3869 exilit,
1930 3819 2106 3877 gestu,
2142 3818 2359 3874 aspectu

786 3923 843 3967 et
873 3922 1017 3964 motu
1038 3924 1193 3962 suam
1223 3903 1508 3958 annuntiat
1532 3901 1987 3957 benevolentiam.
2011 3898 2086 3954 Ex
2117 3900 2181 3953 iis
2214 3914 2358 3965 vero,

788 4002 880 4073 qui
910 4002 1135 4055 aderant
1179 4006 1235 4051 et
1278 3996 1390 4049 haec
1438 3993 1711 4057 videbant,
1760 3992 1849 4061 qui
1901 3993 2097 4044 animae
2141 3990 2357 4059 quidem

789 4096 962 4152 oculis
1008 4103 1279 4158 utcunque
1322 4088 1693 4149 intuebantur,
1753 4086 1999 4150 pretiuus
2055 4083 2362 4135 clamabant

792 4200 1044 4257 magnum
1108 4195 1229 4235 esse
1281 4178 1471 4244 Deum,
1524 4176 1617 4246 qui
1670 4174 1866 4229 colitur
1912 4173 1979 4229 ab
2026 4170 2358 4227 Eleutherio.

2534 1598 2633 1655 Μ’.
2687 1601 2776 1665 Ὦς
2804 1603 2867 1656 δὲ
2924 1602 3023 1673 τὴν
3087 1603 3309 1675 Ῥώμην
3346 1604 3668 1673 κατέλαϐεν,
3718 1610 3746 1661 ὁ
3782 1608 4039 1679 βασιλεὺς

2459 1690 2685 1761 Θέατρον
2718 1682 2972 1763 μέγιστον
2998 1700 3242 1766 συνιστᾷ,
3271 1699 3549 1767 μάρτυρας
3577 1701 3862 1763 πλείστους
3894 1700 4038 1770 ἔχειν

2460 1782 2779 1852 βουλόμενος
2805 1786 2905 1856 τῆς
2936 1786 3029 1839 τοῦ
3061 1790 3341 1860 μάρτυρος
3391 1790 3682 1855 ἀπωλείας.
3712 1793 4037 1844 Τούναντίον

2456 1875 2743 1946 δὲμᾶλλον
2796 1878 3078 1933 ἐπέΰαινεν
3122 1882 3153 1950 ἢ
3216 1881 3393 1934 ἐδόκει
3424 1882 3501 1953 τῷ
3550 1883 3796 1952 βασιλεῖ·
3847 1886 3895 1937 οἱ
3927 1886 4035 1954 γὰρ

2459 1968 2730 2037 παρόντες
2781 1972 2840 2022 οὐ
2875 1972 2974 2040 τῆς
3030 1972 3125 2024 τοῦ
3169 1974 3447 2044 μάρτυρος
3500 1975 3856 2045 ἀναιρέσεως,
3896 1976 4037 2029 ἀλλὰ

2457 2058 2557 2127 τῆς
2590 2061 2677 2112 ἐπ’
2706 2062 2855 2132 αὐτῷ
2883 2063 3166 2134 δυνάμεως
3195 2064 3289 2117 τοῦ
3329 2066 3569 2136 Χριστοῦ
3599 2067 3799 2136 μᾶλλον
3828 2070 4037 2139 μάρτυν

2458 2166 2549 2221 ρες
2575 2146 2716 2221 ἦσαν
2755 2155 3006 2223 φανερῶς
3062 2156 3513 2224 ἀπαρὰγραπτοι.
3568 2159 3770 2209 Λέαινα
3806 2159 3902 2224 μὲν
3926 2160 4037 2226 γὰρ

2458 2242 2607 2310 αὐτῷ
2665 2246 2957 2311 ὲπαφίεται
3032 2245 3173 2298 πάνυ
3239 2246 3425 2315 ἀγρία,
3486 2248 3606 2316 ἥτις
3664 2246 3905 2317 σφοδρῶς
3939 2249 4040 2316 μὲν

2458 2333 2636 2386 ἔπεισι
2657 2334 2733 2403 τῷ
2777 2335 2964 2405 Ἀγὶῳ,
2998 2338 3056 2389 οὐ
3093 2336 3199 2407 μὴν
3228 2336 3368 2390 ὥστε
3417 2338 3761 2406 λαφὺξασθαι
3803 2342 3834 2410 ἦ
3870 2341 4039 2411 ὀλίγῳ

2457 2425 2697 2494 δήγματι
2726 2427 2985 2497 λυπῆσαι,
3019 2428 3131 2481 ἁλλ’
3160 2429 3301 2483 ὥστε
3329 2431 3453 2493 τοὺς
3508 2433 3720 2483 ὲκεὶνου
3748 2433 3910 2495 πόδας
3947 2435 4039 2485 εὑ-

2459 2520 2653 2583 νοῖκῶς
2687 2521 3128 2591 περιπτύξασθαι
3154 2539 3167 2553 ³
3226 2522 3404 2575 ἔκλινε
3437 2524 3535 2593 μὲν
3588 2525 3697 2595 γὰρ
3728 2525 3909 2587 αὐτοῖς
3950 2526 4039 2577 τὸν

2457 2612 2682 2680 αὐχένα,
2721 2611 2939 2676 ὑπένιξε
2997 2613 3053 2665 δὲ
3084 2617 3149 2683 τῇ
3178 2613 3396 2683 γλώττῃ
3430 2616 3497 2668 τὰ
3549 2615 3693 2685 ἴχνη,
3727 2626 3825 2669 και
3851 2616 4041 2686 ὥσπερ

2459 2702 2652 2769 ἤχθετο
2668 2703 2748 2753 ὅτι
2770 2704 2843 2767 μὴ
2861 2705 2953 2754 καὶ
2977 2707 3158 2771 φωνην
3184 2704 3530 2772 ἀνθρωπεὲαν
3553 2704 3663 2775 εἶχε
3699 2708 4042 2774 συμφθεγγο-

2461 2792 2629 2863 μένην
2684 2792 2825 2864 ὑπὲρ
2861 2793 3141 2855 εὐσεϐείας
3196 2793 3273 2863 τῷ
3332 2799 3595 2865 μάρτυρι.
3653 2799 3727 2850 Οὐ
3775 2798 4041 2851 δὲταῦτα

2462 2886 2711 2939 πείθουσι
2737 2885 2829 2938 τὸν
2852 2888 2994 2939 κατά
3017 2887 3108 2939 τὸν
3134 2885 3336 2958 Φαραὼ
3363 2888 3791 2958 σκληροκαρδιον
3810 2890 4042 2957 βασιλέα

2466 2978 2804 3049 μεταμαθεῖν
2863 2980 2959 3051 τὴν
3010 2981 3322 3045 εὐσέϐειαν,
3365 2982 3480 3036 ἀλλ’
3507 2982 3698 3052 ὥσπερ
3730 2982 4038 3047 ἀσθένειαν,

2462 3069 2544 3120 ὅτι
2597 3068 2754 3138 οῆλυ,
2809 3074 3113 3140 καταγνοὺς
3162 3066 3256 3126 τοῦ
3319 3075 3531 3146 θηρίον,
3591 3079 3681 3129 καὶ
3721 3079 3929 3148 ἄρρενα
3964 3077 4040 3147 τῷ

2466 3161 2702 3231 μάρτυρι
2734 3164 3102 3232 συναφεθῆναι
3129 3166 3343 3217 κελεύει
3372 3182 3386 3197 ο
3413 3169 3662 3227 κάκεῖνος
3703 3170 3866 3221 οξοιεὶ
3906 3172 4040 3239 πρὸς

2460 3254 2560 3323 τὴν
2583 3252 2804 3322 θήλειαν
2860 3254 3263 3322 ἁμιλλώμενος,
3324 3256 3625 3308 ἀπωθεῖται
3679 3259 3777 3326 μὲν
3810 3260 4038 3326 ταύτην,

2460 3342 2611 3408 οὗτος
2638 3346 2694 3398 δὲ
2725 3346 2801 3415 τῷ
2840 3346 3073 3415 μάρτυρι
3109 3346 3476 3416 προσδραμὼν
3502 3349 3896 3417 περιπλέκεται
3930 3354 4039 3413 τοῖς

2464 3438 2613 3498 ποσὶ,
2643 3435 2992 3505 περιφύεται,
3055 3437 3253 3503 σαίνει,
3307 3439 3526 3508 σκιρτᾷ,
3572 3439 3817 3509 σχήμασι
3854 3457 3912 3491 τε
3945 3442 4040 3493 καὶ

2464 3530 2714 3597 νεύμασι,
2751 3530 2841 3581 καὶ
2870 3533 3148 3597 κινήμασι,
3184 3532 3282 3600 τὴν
3309 3530 3522 3584 εὔνοιαν
3545 3531 4039 3600 ἁπαγγέλλει.Τὼν

2462 3619 2520 3673 δὲ
2551 3619 2724 3672 ταῦτα
2754 3619 3081 3689 βλεπόντων,
3115 3622 3164 3673 οἱ
3200 3621 3301 3690 μὲν
3338 3623 3519 3685 ποσῶς
3540 3625 3770 3693 ὁρῶντες
3796 3628 3909 3687 τοῖς
3940 3627 4041 3693 τῆς

2461 3715 2639 3783 ψυχῆς
2698 3713 3016 3779 ὀφθαλμοῖς,
3078 3714 3237 3773 εὐθὺς
3305 3716 3473 3766 ἐϐόων
3537 3717 3708 3782 μέγαν
3759 3712 3900 3767 εἶναι
3949 3720 4040 3767 τὸν

2476 3806 2818 3873 Ἐλευθερίου
2849 3805 3001 3867 Θεὸν,
3030 3803 3077 3855 οἱ
3113 3802 3165 3855 δὲ
3202 3804 3605 3871 τυφλώττοντες
3661 3806 3751 3858 διὰ
3786 3808 3885 3875 τὴν
3917 3810 4043 3859 ἐυσέ-

2466 3897 2641 3961 6ειαν,
2672 3896 2868 3953 πλάνον
2905 3899 2997 3951 καὶ
3026 3900 3317 3967 φαρμακὸν
3351 3897 3439 3951 τὸν
3476 3898 3665 3966 Ἀγιον
3704 3902 4039 3957 ἀπεκάλουν.

2477 3994 2616 4047 Ἀλλ’
2648 3994 2998 4063 ἐμφραγῆναι
3024 3995 3239 4055 πάντως
3270 3993 3375 4046 ἔδει
3405 3998 3469 4048 τὰ
3503 3997 3651 4068 χείλη
3678 4000 3743 4051 τὰ
3766 4000 3935 4061 δόλια.
3967 4003 4043 4064 ὠς

2465 4084 2494 4137 ὁ
2523 4086 2664 4145 θεῖος
2695 4085 2797 4152 ἔφη
2829 4084 3008 4145 Δαυῒδ,
3038 4087 3104 4135 τὰ
3156 4086 3421 4139 λαλοῦντα
3481 4091 3619 4141 κατὰ
3673 4091 3765 4143 τοῦ
3823 4072 4042 4145 δικαίου

2468 4178 2717 4247 ἀνομίαν,
2758 4178 2815 4228 ὲν
2864 4176 3241 4249 ὑπερηφανείᾳ
3297 4179 3389 4231 καὶ
3450 4180 3819 4244 ὲξουδενώσει,
3850 4175 4045 4255 ὥσπερ

788 4274 1029 4348 Quorum
1061 4286 1240 4331 autem
1273 4272 1469 4326 mentis
1498 4270 1645 4324 visus
1672 4266 2011 4332 czecutiebat,
2042 4266 2079 4319 ii
2110 4278 2357 4321 sanctum

2469 4272 2577 4342 ἄρα
2596 4273 2686 4323 καὶ
2712 4269 3119 4339 ὲνεφράγησαν,
3147 4273 3240 4322 καὶ
3262 4275 3357 4339 τὴν
3379 4273 3613 4341 ἐσχάτην
3644 4275 3854 4345 σιωπὴν
3881 4279 4044 4329 scatit-

790 4375 1063 4427 voeabant
1129 4368 1350 4437 planum
1408 4371 1466 4417 et
1533 4360 1857 4423 maleficum,
1913 4362 2004 4430 qui
2064 4361 2175 4415 haec
2235 4360 2366 4414 solis

791 4462 1083 4535 praestigiis
1133 4456 1270 4513 falso
1320 4453 1552 4510 iaciebat
1597 4466 1878 4521 apparere.
1927 4449 2034 4504 Sed
2083 4450 2197 4504 ﬂeri
2255 4466 2361 4506 non

2468 4380 2649 4433 πησαν
2673 4378 2685 4391 ·
2723 4361 2919 4430 μεταξὶ
2959 4360 3065 4428 γὰρ
3088 4360 3194 4413 τῶν
3228 4360 3399 4428 λόγων
3428 4364 3677 4431 ἀοράτως
3712 4367 4041 4437 πληγέντες,

2463 4456 2694 4508 θάνατον
2718 4450 2881 4515 εὐθὺς
2916 4446 3072 4522 εὗρον
3106 4454 3172 4506 τὰ
3207 4454 3304 4522 τῆς
3342 4453 3698 4526 βλασφημίας
3730 4458 4005 4531 ἐπίχειρα.

791 4569 1023 4634 Ροίετθι·
1072 4558 1130 4612 υἱ
1180 4559 1231 4610 in
1283 4554 1367 4609 bis
1413 4550 1594 4607 ἀίνίηθ
1622 4546 2191 4620 ίιυίεεςετοιὲυδιίιῡες
2246 4551 2339 4604 scd
2380 4551 2663 4625 oportebat
2712 4550 2930 4604 omnino
2999 4549 3208 4604 obstrui
3255 4551 3401 4605 labra
3452 4553 3658 4617 dolosa,
3729 4564 3787 4608 ut
3825 4556 4047 4611 divinus

793 4656 927 4711 dicit
968 4649 1162 4712 David,
1192 4660 1313 4715 quan
1342 4644 1601 4697 adversus
1666 4642 1873 4712 justum
1940 4638 2302 4710 loquebantur
2364 4641 2731 4715 iniquitatem.
2784 4643 2836 4696 in
2886 4643 3136 4711 superbia
3208 4644 3416 4699 scilicet
3465 4654 3519 4697 et
3562 4650 3970 4716 contemptione
4028 4667 4044 4704 :

795 4748 936 4801 sicut
971 4742 1133 4798 etiam
1168 4737 1444 4793 obstructa
1478 4745 1628 4799 sunt,
1664 4746 1717 4788 et
1748 4734 1941 4787 ultimo
1972 4733 2173 4789 siluere
2240 4735 2479 4793 silentio.
2546 4736 2680 4791 Nam
2737 4736 2879 4789 inter
2951 4737 3278 4805 loquendum
3351 4738 3455 4791 ictu
3503 4739 3769 4807 percussi,
3808 4740 3901 4809 qui
3935 4754 4046 4795 non

795 4837 1023 4897 cadebat
1050 4832 1154 4890 sub
1194 4838 1494 4899 aspectum,
1529 4825 1776 4897 protinus
1816 4824 2089 4895 accipiunt
2133 4837 2361 4879 mortem
2402 4828 2621 4894 prmmia
2655 4826 3020 4896 blasphemia},

867 4953 987 5011 ΧΠ.
1042 4950 1263 5017 iniquus
1292 4954 1474 4999 autem
1533 4943 1826 5010 imperator
1872 4942 1926 4995 in
1979 4955 2244 4995 summam
2277 4943 2372 4994 ad-

800 5047 997 5105 ductus
1026 5039 1437 5102 dubitationem,
1471 5043 1756 5104 postquam
1792 5034 1924 5087 vidit
1954 5034 2136 5091 omnia
2174 5034 2369 5088 cedere

799 5139 1056 5210 martyris
1087 5130 1257 5189 menti
1282 5139 1339 5183 et
1384 5130 1594 5197 gratiae,
1628 5142 1755 5183 eum
1787 5135 1965 5181 morte
2011 5126 2365 5190 condemnat,

803 5247 928 5305 quae
960 5227 1141 5299 gladio
1168 5226 1240 5280 sit
1265 5222 1317 5277 ei
1352 5220 1653 5275 afferenda.
1682 5218 1818 5275 Nam
1840 5220 2098 5289 quoniam
2122 5220 2366 5290 martyrii

804 5334 1004 5379 cursus
1052 5331 1165 5372 non
1220 5324 1438 5385 poterat
1490 5311 1649 5364 aliter
1680 5311 1839 5365 fluent
1895 5312 2166 5380 accipere,
2191 5323 2245 5364 et
2273 5313 2362 5364 hic

803 5417 919 5484 ipse
940 5411 1140 5467 athleta
1176 5411 1362 5459 venire
1386 5409 1452 5459 ad
1477 5402 1776 5469 Christum,
1808 5416 1965 5472 quem
2002 5404 2366 5467 desiderabat,

803 5508 979 5577 ipsum
1000 5500 1240 5571 quidem,
1260 5497 1348 5565 qui
1364 5506 1491 5553 sunt
1512 5493 1669 5563 hujus
1689 5497 1761 5547 rei
1787 5494 2043 5556 ministri,
2066 5494 2247 5563 gladio
2273 5497 2357 5550 in-

805 5597 1079 5650 terimunt.
1104 5589 1304 5643 Deinde
1325 5594 1548 5638 matrem
1572 5598 1783 5653 quoque
1800 5601 1919 5652 qua:
1942 5596 2055 5637 erat
2086 5585 2203 5652 ejus
2227 5584 2365 5639 Collo

801 5684 1147 5745 circumfusa,
1172 5692 1225 5734 et
1253 5682 1298 5734 ei
1327 5680 1495 5748 magis
1524 5686 1685 5734 corde
1706 5693 1871 5746 quam
1896 5692 1989 5731 ore
2015 5680 2359 5732 adhaerebat:

802 5775 933 5833 nihil
983 5782 1159 5827 autem
1199 5774 1465 5828 muliebre
1516 5780 1607 5824 aut
1660 5781 1960 5823 maternum
2010 5769 2359 5838 loquebatur,

2542 4942 2641 4997 ω’.
2680 4941 2738 4998 '0
2771 4944 2953 5013 μέντοι
2985 4943 3303 5013 παράνομος
3330 4944 3581 5015 βασιλεὺς
3609 4952 3719 5010 τοῖς
3750 4950 3894 5014 ὅλοις
3917 4954 4047 5006 cino—

2472 5033 2679 5106 ρηθεῖς,
2713 5038 2836 5088 ἐπεὶ
2859 5037 2953 5087 καὶ
2978 5036 3154 5089 πάντα
3195 5037 3337 5106 ἑώρα
3362 5040 3458 5107 τῆς
3487 5042 3579 5091 τοῦ
3624 5042 3860 5112 ἀθλητοῦ
3895 5047 4040 5111 γνώ-

2472 5144 2579 5197 μης
2615 5126 2920 5197 ἡττώμενα,
2972 5129 3199 5183 θάνατον
3250 5128 3416 5182 αὐτοῦ
3471 5134 3790 5204 κατακρίνει
3830 5137 3921 5189 τὸν
3956 5139 4045 5192 διὰ

2472 5221 2769 5291 μαχαίρας.
2802 5220 2972 5287 Αὐτὸν
3006 5221 3102 5288 μὲν
3128 5217 3221 5275 οὖν
3249 5221 3414 5279 εὐθὺς
3456 5226 3505 5276 οἱ
3561 5227 3698 5295 πρὸς
3732 5228 3897 5281 τοῦτο
3927 5231 4042 5284 δια·-

2469 5311 2750 5374 κονοῦντες
2777 5311 3061 5382 ἀναιροῦσι
3105 5313 3180 5381 τῷ
3212 5314 3377 5379 ξίφει.
3415 5316 3645 5369 Ἔπειτα
3680 5328 3769 5369 και
3795 5324 3894 5387 τὴν
3936 5341 4040 5393 μη-

2470 5404 2604 5473 τέρα
2635 5404 3067 5474 περιπλακεῖσαν
3102 5406 3267 5457 αὑτοῦ
3289 5406 3366 5477 τῷ
3402 5409 3680 5478 τραχήλῳ,
3720 5416 3815 5462 καί
3844 5418 4043 5485 καρδίᾳ

2473 5494 2720 5564 μᾶλλονῆ
2750 5495 2975 5561 στόματι
2998 5499 3531 5567 περιπτυτσομένην,
3563 5506 3873 5566 γυναικεῖον
3890 5507 4045 5556 ςιιζὸὲν

2471 5587 2502 5655 ἢ
2529 5588 2794 5655 μητρικὸν
2822 5588 3311 5659 ἐπιφϐεγγομένην,
3334 5593 3392 5642 οὑ
3427 5592 3468 5642 δ’
3500 5592 3715 5655 ἀνάξιόν
3757 5613 3805 5647 τ.
3833 5598 4043 5649 rora-36s

2470 5679 2680 5743 παιδος,
2718 5679 2854 5731 ἀλλὰ
2880 5684 2971 5732 καὶ
3007 5683 3115 5741 τοῖς
3143 5683 3349 5748 ἀγῶσιν
3373 5684 3535 5735 αὑτοῦ
3579 5686 3778 5752 μᾶλλον
3814 5690 4043 5760 ρέαιδρυ.

2470 5771 2721 5839 νομένην,
2754 5768 2996 5842 ἀνηλεως
3017 5774 3064 5824 οἱ
3104 5772 3383 5836 δ’.σσσεὸεἶς
3417 5778 3683 5846 ἐχομένην
3724 5779 3819 5831 τοῦ
3854 5782 4041 5843 παιδὸς
