4196 6306
151 367 252 430 149

1439 374 1616 434 νιΤΑ
1657 373 1696 433 S

1759 373 2107 434 GEORGII.
3281 369 3378 433 150

133 478 268 544 πρὸς
298 494 468 546 ονομα
498 477 737 531 καλοῦσα
761 478 850 532 τὸν
887 478 1127 550 ἀθλητήν
1149 496 1160 509 ·
1199 479 1392 533 ἔπειτα
1421 482 1513 534 καὶ
1539 482 1698 550 ἄγγε-

1735 482 1991 547 Αειιιίιηο
2032 481 2284 550 appellat.
2334 482 2400 536 Et
2435 482 2537 535 hoc
2588 479 2800 549 quidem
2843 479 2965 536 loco
3004 479 3111 536 diri
3165 480 3380 538 Davldis

132 568 222 628 λ’ος
250 567 388 620 Θεοῦ
421 569 732 639 παραστάς,
775 568 891 622 λύει
935 570 1035 640 μὲν
1073 569 1182 623 τῶν
1212 571 1432 642 δεσμῶν
1487 572 1708 626 ἐκείνων

131 654 279 722 μάλα
322 657 867 732 ῥᾳδίωςηθεραπεύει
903 660 958 712 δὲ
991 660 1090 723 τὰς
1122 662 1338 730 πληγάς
1361 662 1549 734 ῶσπερ
1579 665 1698 717 οὐδὲ

1817 575 2020 627 dictum
2069 575 2363 644 impletur:
2404 591 2421 625 ι
2471 573 2728 627 lmmittet
2780 573 3002 642 angelus
3049 574 3266 627 Domini
3329 574 3380 626 in

1806 667 2030 719 circuitu
2063 667 2365 721 timentium
2394 681 2538 728 eum,
2568 674 2621 719 et
2649 666 2837 734 eripiet
2870 679 2987 719 eos.
3038 683 3057 713 ι

130 749 436 816 γενομένας
491 752 773 819 πρότερον,
802 751 864 803 ού
906 753 1012 821 μὴν
1063 753 1198 805 ἀλλὰ
1256 756 1350 805 καὶ
1387 755 1462 817 ὡς
1502 756 1651 821 φίλον
1677 756 1776 825 ήδη
1817 757 1909 809 καὶ
1941 757 2278 827 συμπολὶτην
2302 757 2700 828 προσαγορεύει
2732 758 2802 810 τὰ
2834 755 3188 826 φιλικώτατα.
3236 755 3381 823 Πλη-

133 840 324 906 ροῦται
377 841 482 909 γάρ
517 840 794 893 κάνταῦθα
824 843 883 893 τὸ
912 842 1018 894 ὑπὸ
1065 844 1157 896 τοῦ
1215 844 1358 897 θείου
1407 846 1568 898 Δαυῒδ
1625 851 2119 920 προηγορευμὲνον,
2159 851 2242 902 ὅτι
2283 870 2300 900 ι
2348 848 2700 920 Παρεμϐαλεῖ
2745 849 2975 916 ἄγγελος
3026 849 3227 919 Κυρίου
3286 847 3386 900 κύ·

128 934 240 1001 κλῳ
271 934 382 984 τῶν
417 932 764 1000 φοὸουμένων
789 933 971 998 αὐτὸν,
1002 934 1095 985 καὶ
1124 933 1347 1002 ῥύσεται
1370 936 1586 997 αὐτούς.

199 1025 305 1076 IA'.
344 1020 478 1073 Εἶτα
505 1023 597 1074 τὸν
625 1022 816 1089 ’Λγιον
845 1023 1141 1091 ένησθῆναί
1172 1041 1229 1076 τε
1262 1029 1372 1086 τοῖς
1403 1028 1706 1094 γινομένοις

125 1113 218 1164 καὶ
249 1113 478 1174 δοξάσαι
507 1113 597 1163 τὸν
627 1114 851 1181 Κύριον,
893 1114 1123 1182 ’Υψώσω
1152 1131 1234 1179 σε,
1257 1116 1504 1182 λέγοντα,
1524 1121 1551 1171 6
1573 1119 1704 1184 Θεός

125 1222 254 1271 μου,
310 1204 338 1253 6
375 1203 640 1266 Βασιλεύς
697 1221 821 1271 μου,
879 1208 970 1258 καὶ
999 1207 1282 1275 εὐλογήσω
1320 1209 1377 1259 τὸ
1407 1208 1580 1278 ὄνομά
1612 1227 1704 1263 σου

120 1302 195 1358 εις
229 1297 324 1350 τον
357 1297 533 1350 αἰῶνα
555 1314 568 1329 ·
604 1301 807 1352 αἰνέσω
828 1300 919 1352 τὸν
951 1301 1086 1352 Θεόν
1112 1319 1212 1368 μου
1242 1303 1330 1354 διὰ
1364 1305 1586 1365 παντὸς,
1615 1304 1706 1357 τὸν

118 1388 249 1438 Θεὸν
285 1389 377 1439 τὸν
414 1389 777 1457 εὐφραίνοντα
802 1391 898 1458 τὴν
932 1391 1156 1457 νεότητά
1195 1410 1316 1460 μου.
1371 1387 1500 1444 Εἶτα
1537 1410 1702 1460 φανε-

117 1482 209 1547 ρὸν
233 1481 434 1532 ἑαυτὸν
460 1480 537 1549 τῷ
559 1480 770 1549 βασιλεῖ
797 1484 886 1532 καὶ
912 1484 1020 1543 τοῖς
1048 1482 1224 1544 ἄλλοις
1259 1483 1427 1536 ποιῶν
1447 1486 1473 1536 6
1495 1485 1698 1552 Ἀγιος,

119 1570 287 1637 μέσος
324 1573 508 1624 αὐτῶν
569 1573 799 1640 γίνεται,
861 1573 1052 1636 θυσῖας
1117 1578 1230 1638 τοῖς
1282 1576 1476 1644 ἐπίσης
1517 1577 1701 1640 αὐτοῖς

115 1663 472 1733 ἀκαισθήτοις
529 1666 910 1733 προσαγόντων
967 1667 1128 1729 θεοῖς,
1168 1670 1319 1738 φωνῇ
1356 1685 1415 1720 τε
1446 1668 1701 1738 λαμπρο-

115 1757 272 1825 τέρα,
349 1757 669 1823 Ἐπίγνωθι,
723 1756 967 1825 βασιλεύ,
1022 1757 1153 1826 ἔφη,
1217 1760 1301 1821 τίς
1357 1760 1454 1829 μὲν
1482 1759 1700 1828 ὲγὼ,ὃν

116 1847 276 1914 ὑμεῖς
336 1851 421 1911 είς
483 1849 758 1903 ἀπώλειαν
799 1851 1156 1913 ὲκδεδώκατε,
1187 1851 1270 1913 τίς
1319 1852 1377 1904 δὲ
1413 1854 1640 1915 ἐκεῖνος,
1670 1854 1699 1905 ό

114 1938 208 2003 τῆς
235 1942 446 2005 πικρᾶς
474 1940 627 2007 ὑμῶν
651 1941 966 2004 ἀπαλλάξας
995 1959 1060 2008 με
1084 1942 1357 2011 τιμωρίας
1385 1959 1399 1972 ο
1432 1943 1700 2009 ὲπίγνωτε

113 2024 330 2088 τοῦτον,
361 2032 458 2078 καὶ
498 2029 629 2079 Θεὸν
666 2030 916 2098 ἀληθινὸν
939 2027 1078 2083 εἶναι
1110 2032 1456 2098 πιστεύσατε,
1483 2035 1699 2086 παυσά-

118 2133 272 2185 μενοι
302 2119 596 2186 προσέχειν
629 2120 792 2182 θεοῖς.
820 2121 1013 2186 οἵτινες
1037 2122 1096 2174 οὗ
1136 2124 1295 2187 μόνον
1316 2124 1543 2192 ἑτέροις,
1564 2125 1699 2178 ἀλλὰ

116 2209 202 2258 καὶ
239 2209 460 2270 ἑαυτοῖς
483 2210 730 2264 ἀδύνατοι
754 2211 990 2282 βοηθεῖν.
1031 2213 1268 2268 Ἤκουσε
1287 2216 1458 2268 ταῦτα
1481 2217 1508 2268 6
1541 2215 1699 2286 βασι-

115 2299 261 2362 λεὺς,
301 2304 402 2353 καὶ
455 2305 554 2368 τὴν
604 2305 724 2373 ὄψιν
761 2304 1084 2372 προσϐαλὼν
1125 2306 1201 2374 τῷ
1235 2308 1493 2377 μάρτυρι,
1526 2308 1610 2370 τίς
1639 2323 1696 2359 τε

112 2396 199 2461 εἴη
256 2393 672 2458 διεπυνθάνετο,
735 2400 827 2448 καὶ
867 2397 995 2465 περὶ
1050 2399 1148 2465 τὴν
1193 2398 1322 2448 θέαν
1360 2400 1696 2468 ἀμφαγνοεῖν

1887 1028 1975 1082 XI.
2024 1026 2285 1094 Georgius
2320 1027 2554 1090 posthaec
2599 1026 2817 1093 gavisus
2871 1025 2937 1079 de
2994 1025 3076 1080 bis
3130 1025 3382 1080 omnibus

1809 1120 2098 1175 Dominum
2143 1119 2455 1188 gloriﬁcavit
2489 1135 2504 1170 :
2554 1118 2817 1171 Exallabo
2848 1130 2917 1180 te,
2967 1116 3134 1181 Deus,
3167 1118 3379 1180 dicens,

1817 1212 1886 1262 mi
1926 1226 2040 1273 rex,
2075 1219 2130 1264 et
2177 1208 2405 1263 laudabo
2446 1223 2638 1261 nomen
2671 1216 2818 1262 tuum
2852 1208 2904 1260 in
2935 1217 3221 1260 mternum.
3253 1207 3382 1262 Glo-

1817 1301 2038 1354 riﬁcabo
2076 1302 2241 1354 Deum
2273 1313 2448 1352 meum
2493 1313 2728 1369 semper,
2769 1297 2936 1352 Deum
2966 1299 3053 1366 qui
3089 1298 3383 1352 latiﬁcavit

1817 1391 2154 1459 jnvenlutem
2204 1408 2399 1446 meam.
2449 1391 2579 1446 Dein
2631 1403 2852 1446 sanctus
2883 1406 3062 1445 coram
3111 1406 3235 1460 rege
3273 1407 3379 1444 cae-

1811 1484 2049 1549 terisque
2092 1497 2153 1538 se
2227 1485 2557 1537 constituens
2611 1483 2701 1550 qui
2757 1483 2859 1537 diis
2927 1483 3176 1537 inanibus
3223 1497 3380 1539 sacra

1811 1571 2097 1636 faciebant,
2121 1573 2265 1625 clara
2290 1586 2418 1624 voce
2445 1590 2458 1624 :
2492 1571 2864 1632 Considerate.
2895 1572 3088 1638 inquit,
3114 1573 3234 1639 quis
3257 1585 3378 1642 ego.

1811 1679 1968 1732 quem
2002 1663 2258 1732 perniciei
2291 1663 2606 1726 devovistis,
2641 1669 2696 1714 et
2736 1663 2858 1729 quis
2885 1662 2969 1714 ille
3006 1663 3096 1730 qui
3130 1662 3262 1714 diris
3294 1677 3381 1715 me

1814 1754 2012 1808 vestris
2039 1755 2368 1808 cruciatibus
2398 1755 2615 1823 eripuit.
2647 1752 2798 1807 Hunc
2817 1753 3131 1822 cognoscite
3159 1767 3379 1804 verunt-

1735 1890 1775 1944 Β
1806 1862 1909 1914 que
1930 1849 2090 1901 Deum
2109 1861 2226 1901 esse
2249 1847 2469 1907 credite,
2488 1845 2592 1899 diis
2620 1845 2818 1899 vestris
2840 1845 2950 1913 jam
2976 1859 3078 1898 non
3099 1845 3381 1898 studentes

1810 1939 1898 2004 qui
1935 1953 2003 1990 ne
2031 1939 2134 1994 sibi
2171 1938 2317 2005 ipsis,
2347 1939 2544 1992 nedum
2587 1937 2707 1991 aliis
2745 1938 2947 1991 auxilio
2980 1951 3100 1990 esse
3126 1943 3371 2005 possunt.

1811 2029 1902 2082 His
1925 2028 2144 2088 auditis,
2182 2029 2475 2094 imperator
2500 2029 2671 2082 oculis
2699 2031 2748 2081 in
2781 2039 3076 2098 martyrem
3103 2027 3380 2081 conversis

1808 2120 1927 2188 quis
1966 2127 2107 2171 esset
2140 2118 2376 2186 rogavit;
2400 2116 2511 2186 jam
2547 2118 2686 2169 enim
2723 2118 2896 2172 oculis
2921 2115 3159 2170 diﬁldere
3184 2129 3371 2183 caepe-

1811 2220 1913 2264 rat.
1946 2209 2076 2275 Quis
2131 2213 2318 2263 revera
2359 2208 2648 2277 Georgium
2678 2209 2854 2262 adhuc
2898 2209 3081 2262 vivere
3111 2208 3376 2270 suspicari

1810 2320 1970 2357 ausus
2003 2302 2200 2356 fuerit?
2245 2303 2365 2372 quis
2431 2318 2552 2356 eum
2585 2313 2706 2370 post
2741 2311 2819 2356 tot
2862 2313 2919 2355 et
2964 2310 3072 2354 tam
3117 2301 3233 2354 dira
3268 2310 3377 2352 tor-

1765 2455 1779 2476 ι
1809 2409 1981 2449 menta
2019 2395 2341 2448 incolumem
2374 2404 2425 2449 et
2451 2397 2666 2449 sanitati
2699 2395 2958 2448 redditum
2981 2392 3308 2448 crediderit?

116 2477 316 2551 ἐῴκει·
351 2483 456 2535 ποῦ
491 2486 596 2551 γὰρ
655 2484 745 2534 καὶ
800 2484 946 2544 εικδς
1001 2480 1067 2552 ἦν
1104 2484 1378 2536 πιστεύειν
1420 2487 1502 2537 ὅτι
1535 2485 1630 2538 καὶ
1680 2482 1787 2545 ζῶν
1816 2487 2090 2553 διαρκέσει
2150 2485 2457 2555 Γεώργιος;
2515 2485 2590 2556 μὴ
2639 2485 2719 2537 ὅτι
2780 2486 2875 2538 καὶ
2904 2484 2972 2536 τά
3002 2486 3059 2537 ἐν
3093 2483 3168 2551 τῷ
3198 2484 3377 2554 τροχῷ

117 2580 290 2649 δεσμὰ
349 2577 632 2646 διακόψας,
687 2579 781 2629 καὶ
832 2579 930 2642 τὰς
1002 2580 1335 2650 ἀνηκέστους
1396 2582 1609 2653 πληγὰς
1670 2582 2003 2652 ὲξυγιωθεὶς,

115 2669 260 2739 ilva;
287 2689 343 2722 τι
369 2669 645 2732 κολάσεως
683 2672 1066 2741 ὲπισημαινειν
1098 2673 1174 2742 τῷ
1200 2673 1412 2742 σώματι
1439 2693 1453 2740 ;

2081 2582 2294 2653 ἀπαθὴς
2353 2583 2413 2643 τὸ
2465 2580 2732 2635 ἐπαοάπαν
2781 2581 3029 2648 ὁρᾶσθαι,
3095 2580 3188 2631 καὶ
3241 2581 3376 2648 μηδὲ

187 2761 291 2818 IB'.
335 2761 496 2813 Ἐπεὶ
544 2761 600 2813 δὲ
650 2763 857 2824 ἐκεῖνος
903 2761 1063 2814 πάλιν
1104 2763 1296 2815 ἑαυτὸν
1344 2764 1574 2825 ἐδείκνυ,
1603 2766 1698 2818 καὶ

1735 2758 1770 2812 Ε
1876 2766 1989 2820 XII.
2026 2764 2216 2819 Postea
2250 2761 2460 2832 publice
2491 2760 2802 2832 prodeundo
2825 2759 3074 2815 omnibus
3107 2759 3200 2828 qui
3235 2774 3364 2814 ocu-

117 2855 226 2915 τοῖς
266 2853 344 2923 μὴ
371 2853 513 2905 πάνυ
550 2855 909 2922 πεπηρῶσθαι
941 2854 1036 2906 καὶ
1068 2854 1382 2922 ὀφθαλμοὺς
1431 2857 1527 2909 καὶ
1574 2857 1698 2908 νοῦν

120 2945 473 3014 βουλομένοις
504 2944 756 3011 ἐπίδηλος
790 2941 876 3012 ἦν,
921 2947 1013 2995 καὶ
1049 2947 1211 3007 αὐτὸς
1238 2942 1376 2999 εἶναι
1404 2947 1696 3016 Γεώργιος,

117 3036 282 3098 αὐτὸς
306 3038 333 3086 6
357 3035 458 3100 τῆς
507 3034 760 3103 ἀληθείας
820 3034 1030 3103 μάρτυς
1064 3036 1308 3105 ἀκριόῶς
1349 3039 1696 3092 ἐπιστεύετο·

119 3123 335 3183 πολλοῖς
396 3122 567 3183 αἴτιος
605 3122 874 3192 σωτηρίας
913 3123 1142 3190 ἐγίνετο,
1180 3125 1272 3175 καὶ
1319 3127 1414 3194 τῆς
1448 3128 1526 3186 είς
1561 3128 1696 3195 Χρι-

122 3216 243 3266 στὸν
276 3214 516 3274 πίστεως
550 3216 810 3285 πρόξενος
843 3216 1049 3285 ἀληθής
1072 3232 1086 3245 ⁸
1116 3216 1206 3269 καὶ
1233 3215 1469 3286 πρώτοις
1502 3234 1564 3284 γε
1592 3217 1698 3268 τῶν

118 3308 316 3367 ἄλλων,
353 3311 467 3369 τοῖς
509 3311 601 3359 καὶ
624 3308 858 3378 πρώτοις
892 3310 992 3379 τὴν
1027 3310 1370 3378 ἐπιφάνειαν,
1407 3309 1696 3380 Ἀνατολίῳ

121 3401 263 3468 φημὶ
325 3400 426 3449 καὶ
489 3398 851 3465 Πρωτολὲοντι
907 3403 1020 3462 τοῖς
1065 3402 1484 3468 στρατηλάταις.
1519 3401 1581 3453 Οἳ
1608 3401 1700 3454 καὶ

123 3489 373 3559 φανερῶς
414 3488 510 3540 ἕνα
544 3489 675 3539 θεὸν
724 3489 973 3558 ἀληθινὸν
1027 3486 1165 3542 εἶναι
1216 3491 1322 3542 τῶν
1356 3493 1699 3560 Χριστιανῶν

121 3581 559 3652 ἀνακράξαντες,
585 3583 640 3634 ὲν
669 3581 854 3644 τόποις
882 3582 1108 3651 ἐρήμοις
1151 3584 1528 3651 κατακοπῆναι
1561 3585 1697 3652 μετὰ

119 3673 222 3726 τῶν
251 3675 432 3726 ἄλλων
459 3673 566 3726 τῶν
602 3676 1331 3742 συμπιστευσάντωνναύτοῖς
1362 3677 1695 3746 κατεκρίθη·

122 3780 240 3825 σαν,
277 3764 375 3814 καὶ
405 3764 566 3816 τοῦτο
600 3765 788 3832 μισθὸν
816 3763 956 3835 εἰχον
977 3767 1074 3835 τῆς
1101 3766 1401 3831 εὐσεϐείας,
1428 3767 1489 3818 τὸ
1516 3769 1700 3821 ἐκεῖνα.

121 3855 334 3914 παθεῖν,
362 3853 398 3905 ὃ.
432 3853 611 3920 τω).λῴ
649 3855 850 3920 μᾶλλον
877 3856 1001 3916 τοὺς
1037 3857 1135 3925 τὴν
1171 3857 1353 3925 κρίσιν
1389 3857 1700 3922 ἐξενεγκόνο

121 3960 213 4003 τας
238 3941 306 4013 ἦν
334 3945 508 4008 ἄξιον.
547 3945 913 4014 Ἀπαγόμενοι
937 3947 992 3999 δὲ
1018 3949 1097 4009 είς
1119 3945 1209 3998 τὸν
1240 3950 1335 4017 τῆς
1365 3947 1696 4012 τελειώσεως

119 4038 305 4104 τόπον,
342 4037 546 4100 πάντες
577 4039 650 4100 ὡς
684 4041 745 4090 ὲκ
781 4043 906 4109 μιᾶς
935 4042 1026 4092 καί
1053 4039 1296 4110 γλώττης
1328 4041 1420 4092 καὶ
1448 4041 1696 4110 γνώμης,

121 4130 314 4197 Κύριε,
344 4129 599 4198 ἔκραζον,
627 4131 802 4199 Ἰησοῦ
827 4133 1051 4196 Χριστὲ,
1084 4133 1373 4200 πρόσδεξαι
1397 4134 1488 4194 τὰς
1519 4133 1693 4200 ψυχὰς

120 4225 277 4291 ἡμῶν
311 4227 369 4276 ἐν
403 4224 599 4295 εἰρήνῃ
621 4241 636 4255 ·
692 4226 786 4277 καὶ
818 4225 914 4279 τὴν
946 4225 1204 4296 βραχεῖαν
1241 4227 1531 4296 ὁμολογίαν
1560 4227 1692 4280 ταύ-

117 4333 213 4382 την
243 4317 346 4384 τῆς
381 4320 459 4379 εἰς
493 4317 549 4368 σὲ
586 4317 838 4382 πίστεως,
862 4320 940 4381 είς
965 4317 1310 4390 δικαιοσύνην
1341 4320 1695 4391 λογισάμενος

122 4409 214 4459 καὶ
243 4410 629 4478 ἀπολύτρωσιν
660 4410 766 4462 τῶν
796 4412 1076 4482 ἡμετέρων
1111 4413 1416 4481 ἁμαρτιῶν,
1455 4415 1559 4466 ὑπὸ
1597 4416 1698 4483 τὴν

120 4503 218 4567 σὴν
260 4502 417 4569 ημᾶς
479 4501 756 4571 ἀδιάδοχον
784 4505 1120 4570 κατάστησον
1179 4504 1490 4572 βασιλειαν·
1525 4505 1696 4567 οὕτως

117 4595 395 4654 εἰπόντας.
422 4594 482 4645 τὸ
514 4594 612 4662 τῆς
649 4594 947 4662 μαρτυρίας
978 4596 1257 4664 ἐκδέχεται
1281 4597 1450 4660 τέλος.
1482 4599 1690 4673 Εςρέθη

1805 2857 1871 2909 lis
1916 2872 1978 2910 ac
2028 2864 2207 2907 mente
2235 2852 2373 2918 capti
2438 2867 2542 2904 non
2591 2861 2793 2914 essent,
2840 2851 3129 2918 Georgium
3185 2864 3242 2903 se
3275 2864 3374 2904 an-

1803 2945 2068 3000 nnntiavit
2112 2952 2166 2997 et
2212 2941 2456 2995 veritatis
2488 2942 2640 2994 testis
2670 2955 2790 2994 esse
2832 2941 3072 2992 creditus
3107 2952 3212 3003 est,
3251 2941 3367 3008 pln-

1807 3037 1959 3091 rimis
2000 3035 2191 3091 salut-is
2223 3042 2412 3087 auctor
2450 3042 2502 3085 et
2538 3030 2658 3086 ﬁdei
2686 3030 2739 3084 in
2771 3026 3043 3084 Christum
3077 3030 3371 3096 sospitator

1808 3130 2004 3190 factus,
2035 3135 2091 3178 ut
2115 3124 2363 3178 Anatolio
2385 3134 2438 3177 et
2464 3121 2797 3176 Protoleonti
2823 3120 3045 3174 ducibus
3062 3119 3150 3188 qui
3185 3118 3235 3172 in
3265 3120 3376 3184 pri-

1805 3220 1906 3270 mis
1949 3217 2195 3269 ﬁdelibus
2225 3216 2572 3269 exstiterunt.
2621 3211 2682 3264 lli
2735 3226 2898 3264 unum
2942 3211 3374 3265 Christianorum

1804 3313 1971 3365 Deum
2018 3325 2202 3362 verum
2232 3323 2348 3362 esse
2399 3307 2728 3361 unanimiter
2771 3309 3168 3366 exclamarnnt,
3217 3311 3270 3353 et
3321 3302 3373 3354 in

1804 3406 1922 3460 loco
1953 3403 2168 3457 deserto
2220 3410 2278 3454 ut
2317 3400 2489 3468 capite
2538 3398 2901 3467 plecterentur
2947 3410 3070 3450 cum
3103 3394 3373 3463 aliquibus

1803 3498 2144 3552 consortibus
2190 3495 2532 3548 condemnati
2574 3504 2720 3546 sunt.
2773 3492 2994 3546 Pietatis
3036 3491 3198 3560 igitur
3232 3503 3373 3543 mer-

1802 3593 1988 3644 cedem
2024 3590 2166 3642 nacti
2199 3597 2348 3649 sunt,
2389 3601 2491 3652 qua
2525 3586 2736 3651 judices
2773 3585 2918 3648 impii
2952 3585 3122 3636 multo
3159 3583 3370 3650 dignio-

1805 3696 1892 3734 res
1924 3680 2158 3733 inerant.
2213 3679 2312 3732 Ubi
2357 3678 2409 3732 iu
2459 3677 2632 3730 locum
2690 3673 2930 3743 supplicii
2989 3684 3368 3741 pervenerunt,

1803 3787 1990 3831 omnes
2009 3787 2111 3826 una
2144 3786 2274 3825 voce
2307 3783 2359 3824 et
2391 3787 2490 3823 una
2522 3781 2731 3824 mente;
2761 3767 2979 3821 Domine
2995 3765 3116 3821 Jesn
3138 3765 3372 3828 Christe,

1805 3867 2198 3928 clamaverunt,
2240 3862 2416 3932 recipe
2450 3863 2661 3913 animas
2700 3869 2909 3912 nostras
2945 3859 2994 3909 in
3030 3874 3189 3926 pace;
3237 3866 3290 3912 et
3328 3855 3373 3909 si

1805 3956 1951 4009 hisce
1981 3955 2136 4007 ﬁdem
2170 3955 2220 4006 in
2248 3963 2297 4004 te
2321 3951 2660 4021 proﬁtemur,
2691 3949 2742 4001 in
2768 3948 3033 4017 justitiam
3060 3948 3370 4014 imputabis,

1806 4055 1860 4099 et
1894 4044 2135 4098 remissis
2171 4043 2406 4109 peccatis
2457 4043 2506 4094 in
2548 4051 2751 4094 aeterno
2799 4054 2897 4091 nos
2932 4053 3097 4105 regno
3131 4048 3220 4088 tuo
3247 4051 3376 4089 con-

1809 4140 2003 4199 stitue;
2045 4137 2238 4201 quibus
2281 4134 2439 4185 dictis
2481 4133 2724 4199 martyrii
2781 4145 2980 4181 corona
3034 4131 3113 4182 cis
3162 4129 3373 4197 obtigit.

1807 4224 2113 4280 Alexandra
2135 4239 2346 4293 quoque
2371 4223 2678 4292 imperatrir
2713 4222 2907 4274 bonam
2939 4229 3137 4272 terram
3166 4220 3372 4273 imitata

1804 4319 1972 4374 fuisse
2016 4327 2070 4372 et
2117 4332 2299 4372 semen
2350 4331 2380 4369 a
2417 4315 2646 4385 Georgio
2694 4310 2936 4383 sparsunl
2975 4311 3096 4365 ﬁdei
3127 4311 3179 4364 in
3207 4310 3368 4365 Chri-

1805 4426 1944 4468 stum
1983 4414 2273 4466 inseruisse
2305 4411 2534 4464 videtur.
2575 4409 2828 4464 Pietatem
2867 4422 3099 4476 namque
3129 4409 3375 4460 modeste

1803 4505 1986 4558 colens
2028 4514 2080 4556 ct
2130 4504 2493 4556 Christianam
2523 4515 2643 4554 sese
2678 4500 2965 4562 conﬁtens,
2999 4501 3102 4566 piis
3131 4498 3371 4550 moribus

1805 4598 2056 4650 insistere
2088 4609 2358 4664 nunquam
2391 4593 2618 4647 destitit.

127 4688 221 4740 καὶ
275 4690 306 4755 ἡ
351 4687 565 4752 βασιλὶς
630 4688 973 4759 Ἀλεξάνδρα,
1012 4691 1115 4759 τὴν
1167 4692 1376 4763 ἀγαθὴν
1433 4694 1536 4762 γῆν
1596 4695 1978 4764 μιμησαμένη,
2036 4693 2131 4747 καὶ
2187 4693 2475 4762 σπέρματα
2542 4690 2781 4745 λαϐοῦσα
2838 4689 2932 4742 καὶ
2995 4687 3250 4758 ἀφορμὰς
3299 4685 3370 4740 τὰ

120 4781 260 4831 κατὰ
294 4780 387 4831 τὸν
419 4778 561 4830 θεῖον
587 4778 873 4848 Γεώργιον,
919 4779 1186 4849 εὗσταχυν
1225 4782 1488 4852 ἐγεώργει
1529 4784 1626 4856 τὴν
1654 4788 1732 4848 εἰς
1783 4788 1872 4839 τὸν
1911 4786 2143 4855 Χριστὸν
2179 4786 2387 4838 πίστιν·
2421 4784 2560 4855 αὕτη
2606 4781 2667 4838 τὸ
2699 4785 2794 4838 νῦν
2828 4783 2950 4854 ἔχον
2995 4783 3186 4853 μικρδν
3229 4783 3373 4852 παῤ-

120 4873 506 4940 ρησιασαμένη
543 4871 639 4940 τὴν
669 4871 972 4929 εὑσέὗειαν.
1012 4875 1103 4926 καὶ
1153 4874 1481 4946 Χριστιανὴν
1512 4878 1710 4941 ἑαυτὴν
1757 4881 2230 4948 ἀνομολογήσασα,
2269 4877 2458 4946 ἔμενεν
2509 4876 2649 4930 οὕτω
2691 4877 2821 4944 παρ’
2876 4878 3042 4944 ἑαυτῆ
3093 4875 3370 4943 τρέφουσα

118 4963 244 5023 τοὺς
284 4962 536 5024 εὐσεϐεῖς
571 4963 884 5031 λογισμούς.

194 5055 291 5109 1Γ’.
325 5055 433 5105 Τὸν
469 5056 652 5122 μέντοι
677 5056 898 5125 βασιλέα
932 5058 1073 5110 κατὰ
1097 5057 1188 5110 τοῦ
1228 5059 1497 5129 μάρτυρος
1528 5061 1697 5130 θυμὸς

125 5147 406 5215 ύττοθήξας
444 5146 584 5210 ἄγαν
608 5147 828 5216 Οερμδς,
861 5150 1070 5219 χαλεπῇ
1115 5150 1273 5202 πάλιν
1304 5153 1464 5203 αὑτὸν
1499 5153 1696 5222 ήπειγε

124 5241 469 5305 παραδοῦναι
504 5239 739 5293 κολάσει.
765 5242 975 5311 Τιτάιιῳ
993 5241 1144 5309 γοῦν,
1169 5242 1226 5293 ὃν
1262 5243 1488 5311 σύνηθες
1512 5244 1697 5294 καλεῖν

120 5329 406 5392 ἄσϐεστον,
438 5332 564 5399 ἄρτι
584 5332 886 5394 σϐεσθέντι,
911 5334 943 5402 ἢ
979 5334 1103 5400 τόγε
1125 5333 1488 5402 ἀληθέστερον
1519 5337 1695 5394 εἰπεῖν

121 5426 439 5492 ἁναφθέντι,
504 5428 889 5496 συγχωσοῆναι
929 5427 1160 5491 κελεύει,
1217 5427 1466 5495 φύλακάς
1518 5444 1575 5479 τε
1603 5428 1690 5480 διὰ

123 5518 316 5578 παντὸς
380 5518 768 5587 παρεδρεύειν,
813 5518 886 5581 ώς
921 5520 1086 5588 μηδὲν
1122 5521 1210 5570 ἐπ’
1263 5519 1413 5586 αὐτῷ
1443 5519 1696 5585 γενέσθαι

117 5610 533 5678 φιλάνθρωπον,
598 5611 735 5679 μηδὲ
795 5610 1240 5682 κακουργηθῆναι
1303 5628 1357 5663 τι
1419 5611 1552 5679 πρὸς
1587 5612 1696 5663 τῶν

111 5705 326 5754 οικείων
380 5702 692 5769 μηὸοτιοῦν.
769 5697 893 5771 Εἶχε
931 5705 1028 5770 μὲν
1058 5702 1201 5755 οὕτω
1261 5704 1320 5755 τὸ
1371 5702 1694 5756 κελευσθέν·

115 5785 172 5865 ἦρ
192 5799 330 5869 ερῶν
369 5797 422 5848 ὀὶ
449 5795 614 5866 τριῶν
640 5796 1061 5865 διαγενομένων,
1098 5799 1122 5847 6
1151 5798 1422 5865 βασιλεὺς,
1453 5799 1572 5850 ὅσον
1604 5799 1692 5850 ἐπὶ

1882 5060 2019 5115 XIII.
2057 5060 2271 5129 Georgii
2303 5060 2468 5114 animi
2505 5059 2760 5115 fortitudo
2788 5059 2965 5114 cﬂecit
3017 5071 3069 5110 ut
3111 5067 3372 5125 tyrannus

1807 5155 1959 5208 novis
1981 5170 2100 5209 eum
2123 5153 2402 5222 suppliciis
2434 5155 2646 5207 tradere
2671 5153 2936 5205 statuerit.
2961 5151 3128 5219 Igitur
3153 5153 3369 5206 asbesto

1804 5261 1923 5300 eum
1976 5245 2150 5314 obtegi
2227 5254 2282 5299 et
2340 5244 2649 5299 custodibus
2706 5243 2941 5310 undique
2996 5242 3136 5309 cingi
3182 5242 3366 5310 jussit,

1804 5356 1871 5393 ne
1925 5342 2048 5409 quid
2101 5339 2223 5392 boni
2277 5338 2357 5391 vel
2403 5336 2526 5390 Illali
2570 5345 2863 5405 pateretur.
2908 5335 2998 5390 Sic
3046 5336 3369 5401 imperatum

1804 5436 2000 5488 fuerat.
2048 5431 2347 5494 Interjectis
2398 5429 2590 5484 deinde
2631 5428 2800 5480 tribus
2840 5427 3029 5481 diebus
3059 5427 3370 5495 imperator,

1808 5531 1863 5576 ut
1894 5537 1990 5590 par
2028 5531 2167 5583 erat,
2213 5522 2501 5589 Georgium
2531 5522 2866 5573 demortuum
2908 5533 3027 5572 esse
3056 5528 3110 5572 et
3137 5517 3248 5584 jam
3277 5533 3364 5585 pttc

1809 5618 2043 5666 rrescere
2079 5613 2321 5683 putabat.
2356 5613 2523 5679 Igitur
2567 5611 2762 5666 milites
2807 5610 3071 5676 delegavit
3110 5609 3198 5677 qni
3246 5622 3376 5663 ossa

1807 5703 2046 5760 defuncti
2079 5706 2219 5756 nulla
2253 5720 2398 5756 mora
2433 5704 2805 5771 dispergerent
2828 5699 3369 5764 Cln'istianorumqne

1804 5796 2106 5850 liberalitati
2145 5797 2502 5857 insultarent;
2558 5793 2722 5860 probe
2750 5793 2890 5846 enim
2931 5801 3151 5845 noverat
3181 5787 3368 5858 quanti
