4196 6306
789 332 894 399 155

2082 351 2366 412 MENSIS
2406 357 2737 418 APHlLlS.

3927 367 4022 430 156

788 452 1162 521 pbantasticos
1204 452 1602 521 substitueret;
1637 458 1729 511 sed
1785 476 1813 513 a
1857 472 2092 531 martyre
2125 480 2227 518 non
2260 468 2357 520 mi-

2465 471 2703 537 γεγονός.
2731 472 2809 523 Δι’
2840 473 2903 540 ἦν
2933 474 3112 526 αἰτίαν
3146 477 3239 527 καὶ
3307 476 3622 531 Ἀθανάσιόν
3680 479 3754 549 (8)
3792 500 3913 536 τινα
3944 486 4022 547 sic

786 558 886 596 nus
924 541 1040 595 falsi
1072 545 1357 598 convictus
1412 555 1491 598 est
1525 562 1682 614 quam
1715 550 1802 616 qui
1848 549 2051 622 Moysis
2086 557 2359 613 miraculis

783 633 908 685 olim
970 635 1400 689 obtestarentur.
1457 635 1592 691 Hinc
1645 640 1797 695 multi
1854 645 2132 710 gentilium
2194 660 2353 716 atque

787 728 1090 782 incantator
1136 730 1252 797 ipse
1288 730 1657 796 Athanasius,
1700 734 1965 788 idolorum
2007 737 2238 792 falsitate
2273 756 2354 793 re—

785 822 1021 884 cognita,
1052 820 1209 871 almae
1252 821 1473 886 pietatis
1514 823 1617 877 luci
1655 839 1714 878 se
1748 841 1869 878 cum
1909 826 2099 882 iiducia
2136 831 2354 885 dedide-

786 919 931 961 runt.
971 908 1071 974 Qui
1121 925 1312 967 onmes
1348 930 1447 967 una
1499 932 1620 969 cum
1672 932 1737 970 eo
1788 935 1945 986 quem
1980 920 2242 990 Georgius
2288 927 2352 978 ad

782 1005 945 1052 vitam
977 1005 1283 1069 reduxerat,
1322 1017 1549 1074 tyranno
1574 1009 1817 1078 jubeute,
1872 1012 2065 1080 capitis
2115 1016 2351 1070 datnnati

783 1101 932 1153 sunt,
964 1094 1164 1147 CliriSti
1202 1097 1381 1164 sigillo
1412 1109 1569 1152 antea
1608 1102 1869 1170 insigniti.

2468 563 2629 632 μέσον
2658 564 3003 633 παραχθῆναι
3054 567 3286 629 κελεύει,
3335 568 3493 633 δόξαν
3534 571 3627 623 -ὃτι
3685 573 3942 641 πλείστην
3964 578 4025 628 lx

2462 654 2713 722 γοητείας
2758 654 2937 724 ἑαυτῴ
2981 659 3429 728 περιτιθέμενον,
3490 662 3818 731 ἀνατρέπειν
3887 666 4027 719 οὕτω

2461 749 2578 804 ταῖς
2608 746 2770 797 αὐτοῦ
2808 749 3127 814 φαντασίαις
3158 751 3499 818 πειρώμενον
3524 752 3620 822 τὴν
3656 755 3912 824 ἀλήθειαν
3933 774 3945 787 ·
3969 758 4026 819 ὃς

2461 837 2611 889 οὐδὲν
2637 832 2797 907 ἦττον
2819 840 3057 910 εὐχερῶς
3087 841 3190 893 ὑπ’)
3225 842 3316 893 τοῦ
3349 846 3625 913 μάρτυρος
3655 846 3963 916 διελέγχθη,
3994 850 4025 919 ἢ

2461 932 2507 979 oi
2534 929 2609 998 τῷ
2660 929 2884 984 Μωῦσέῖ
2920 933 3184 1002 πρότερον
3213 934 3780 1007 ἁντιθαυματουργείν
3810 938 4025 1009 νομιζό-

2466 1038 2637 1089 μενοι.
2671 1023 2945 1093 Ταύτῃτοι
2970 1024 3067 1078 καὶ
3098 1024 3285 1078 πολλοὶ
3308 1026 3417 1079 τῶν
3453 1028 3744 1096 Ἑλλήνων,
3780 1029 3915 1082 ἀλλὰ
3938 1033 4030 1083 καὶ

2460 1113 2621 1177 αὗῖὸς
2656 1109 2833 1180 οὗτος,
2871 1119 2897 1168 ὁ
2927 1119 3025 1187 τὴν
3065 1119 3323 1187 γοητείαν
3375 1121 3508 1174 πολὺ
3558 1123 3898 1187 Ἀθανάσιος,
3932 1125 4029 1192 τῆς

784 1185 1014 1239 εἰδώλων
1046 1189 1249 1259 πλάνης
1278 1194 1605 1261 ἐτοιμότατα
1642 1197 2024 1264 καταγνόντες,
2052 1198 2128 1267 τῷ
2160 1201 2353 1266 φέγγει
2390 1204 2486 1272 τῆς
2542 1208 2822 1271 εὐσεϐείας
2852 1209 3069 1278 θερμῶς
3100 1212 3474 1283 προσέδραμον
3500 1230 3516 1244 ο
3542 1216 3612 1280 οῖ,
3670 1220 3763 1269 καὶ
3790 1232 4030 1287 προστα-

782 1281 875 1348 γὲν
910 1282 1050 1337 οὕτω
1105 1289 1255 1356 παρὰ
1290 1288 1383 1340 τοῦ
1438 1292 1724 1359 τυράννου,
1757 1295 1854 1361 τὴν
1896 1294 1984 1347 διὰ
2036 1295 2223 1365 ξίφους
2258 1298 2501 1369 δέχονται
2553 1303 2804 1373 τελευτὴν
2846 1306 2941 1357 σὺν
2968 1305 3046 1375 τῷ
3084 1306 3147 1359 ὲκ
3173 1310 3378 1378 νεκρῶν
3408 1312 3723 1377 ἀναστάντι,
3764 1314 4027 1383 πρότερον

782 1375 881 1443 τὴν
899 1380 955 1429 ὲν
975 1380 1193 1449 Χριστῷ
1215 1383 1486 1451 σφραγῖδα
1523 1385 1675 1454 παρὰ
1701 1383 1794 1436 τοῦ
1836 1385 2020 1453 Ἀγίου
2045 1387 2350 1462 δεξάμενοι.

855 1471 975 1527 XX.
1007 1473 1303 1530 ldulolatrze
1338 1493 1497 1546 porro
1532 1480 1735 1532 immoti
1772 1481 1853 1534 his
1891 1482 2051 1537 rebus
2097 1484 2150 1537 in
2188 1500 2351 1540 sensu

783 1562 1128 1618 abundabant
1168 1583 1283 1631 suo,
1336 1579 1480 1623 artes
1529 1574 1699 1624 malas
1729 1577 2052 1628 exercendo.
2092 1575 2347 1631 Miraculo
2380 1616 2387 1631 .

783 1658 928 1706 enim
961 1667 1177 1722 peracto
1216 1660 1441 1711 multum
1484 1660 1654 1713 abfuit
1683 1672 1738 1714 ut
1776 1665 2027 1730 pietatem
2060 1669 2353 1735 amplecte-

785 1760 992 1810 rentur,
1030 1762 1087 1802 ut
1137 1762 1413 1805 auctorem
1464 1755 1709 1808 miraculi
1762 1771 2089 1825 cognoscere
2122 1760 2348 1825 vellent;

783 1854 813 1890 e
845 1852 1033 1893 contra
1084 1842 1329 1895 veritatis
1372 1854 1695 1899 sectatorem
1745 1850 1980 1915 pessime
2026 1851 2352 1918 tractabant,

784 1929 839 1985 lu
874 1946 1142 1986 carcerem
1180 1950 1364 1990 rursus
1395 1938 1751 1992 detrudeudo.
1783 1940 1883 1994 Sed
1913 1939 2006 1995 Dei
2038 1957 2225 1997 osores
2252 1960 2355 1999 non

784 2024 1012 2089 gratiam
1048 2040 1260 2095 quoque
1313 2030 1427 2081 viro
1475 2040 1664 2083 sancto
1702 2030 2025 2099 impertitam
2057 2049 2179 2087 cum
2239 2038 2357 2105 ipso

786 2115 1196 2170 Concluserunt.
1233 2117 1511 2173 Multitudo
1559 2122 1701 2174 enim
1755 2125 2086 2177 credentium
2121 2126 2192 2178 ibi
2232 2143 2359 2180 con-

784 2207 950 2271 venit,
977 2220 1029 2261 ct
1064 2221 1286 2277 argento
1322 2213 1640 2266 custodibus
1674 2214 1855 2267 oblato
1885 2216 1934 2267 id
1971 2214 2268 2271 effecerunt
2302 2228 2359 2271 ut

784 2300 957 2351 saneti
1014 2300 1223 2353 vultum
1266 2304 1591 2367 aspicerent,
1644 2305 2054 2376 gratiarumque
2104 2309 2360 2379 multipli-

782 2393 927 2445 cium
962 2390 1062 2457 ipsi
1085 2402 1364 2460 compotes
1390 2393 1597 2446 tierent.
1634 2394 1954 2465 Quicunque
1980 2400 2121 2451 enim
2154 2401 2356 2455 morbis

787 2482 1182 2561 laborarentta
1212 2489 1530 2555 propinquis
1560 2490 1621 2542 ad
1655 2492 1890 2545 carceris
1936 2492 2077 2547 iores
2121 2495 2356 2549 adduce-

789 2576 1007 2644 bantur,
1048 2580 1135 2631 ubi
1176 2583 1462 2635 sanitatem
1504 2583 1862 2636 desideratam
1891 2587 2354 2652 adipiscebantur.

786 2666 933 2721 Inter
968 2685 1100 2737 quos
1123 2668 1407 2742 Glycerius
1438 2675 1674 2741 quidam.
1711 2690 1911 2743 pauper
1956 2679 2211 2740 rusticus,
2236 2694 2355 2731 cum

787 2758 885 2813 bus
912 2760 960 2812 ei
995 2762 1138 2815 inter
1161 2766 1421 2817 arandum
1444 2766 1708 2831 periisset.
1737 2765 1803 2820 ad
1835 2776 2078 2821 sanctum
2107 2768 2354 2835 accessit,

787 2850 1027 2919 fusisque
1058 2853 1305 2919 plurimis
1340 2854 1593 2927 lacrymis
1626 2857 1914 2927 Georgium
1942 2861 2224 2927 permovit.
2252 2858 2357 2913 Sed

786 2944 876 3011 qui
908 2946 1098 3011 Opibus
1143 2964 1246 3000 non
1290 2949 1464 3011 dives,
1500 2951 1546 3003 is
1595 2950 1794 3019 pietate
1829 2967 1934 3004 non
1983 2966 2186 3020 pauper
2216 2959 2353 3016 erat,

788 3038 986 3103 quippe
1019 3040 1108 3105 qui
1143 3041 1381 3092 animum
1420 3040 1649 3095 fertilem
1692 3052 1745 3095 et
1789 3043 2003 3111 pietatis
2047 3042 2238 3097 semini
2270 3056 2357 3095 re-

2534 1492 2613 1543 K'.
2646 1490 2705 1543 Οἱ
2728 1489 2783 1542 δὲ
2811 1486 2920 1541 τῶν
2945 1484 3179 1539 εἰδώλων
3206 1485 3538 1556 θεραπευταὶ
3570 1487 3859 1541 ἀσάλευτοι
3888 1482 4027 1557 μᾶλ-

2459 1583 2547 1634 λον
2605 1578 2746 1653 ἦσαν
2799 1582 2895 1634 καὶ
2950 1582 3104 1633 αὐτοὶ
3129 1580 3494 1652 διαφερόντως
3520 1581 3599 1643 είς
3640 1581 3837 1634 κακίαν
3862 1598 3876 1611 ο
3905 1581 4023 1635 δεον

2459 1676 2567 1743 γὰρ
2596 1674 2688 1726 τοῦ
2720 1671 3000 1742 θαύματος
3028 1673 3323 1740 γενομένου
3368 1670 3703 1741 μεταμαθεῖν
3742 1671 3839 1741 τὴν
3866 1672 4021 1724 εὐσέ-

2461 1766 2645 1817 ϐειαν·
2673 1765 2810 1829 δέον,
2863 1765 2944 1827 τίς
2974 1766 3001 1817 ὁ
3040 1764 3210 1817 ποιῶν
3237 1762 3433 1828 ταῦτα,
3471 1763 3683 1832 μαθεῖν.
3737 1766 3799 1815 Οἱ
3858 1764 3914 1815 δὲ
3962 1766 4022 1817 οὐ

2460 1856 2661 1917 γνῶναι
2685 1839 2895 1926 ’μᾶλλον
2918 1854 3165 1924 οὐδαμῶς
3200 1854 3493 1917 ἔσπευσαν,
3524 1853 3660 1906 ἀλλὰ
3690 1857 3782 1905 καὶ
3804 1854 3894 1906 τὸν
3926 1853 4027 1922 τῆς

2459 1947 2715 2019 ἀληθείας
2780 1948 3161 2017 προσκυνητὴν
3232 1946 3416 2009 κακῶς
3470 1945 3782 2016 ἠμείϐοντο,
3836 1946 3927 1998 καί
3961 1950 4025 2016 τῇ

2460 2042 2647 2112 εἱρκτῇ
2676 2040 2837 2093 πάλιν
2866 2041 2915 2092 οῖ
2944 2038 3218 2109 θεομισεῖς
3252 2039 3547 2091 ὲνέκλειον.
3587 2037 3732 2109 Πλὴν
3763 2036 3877 2091 ἀλλ’
3906 2038 4028 2107 οὐχὶ

2460 2134 2554 2185 καὶ
2586 2132 2682 2202 τὴν
2739 2133 3014 2199 ἑπομένην
3074 2130 3224 2199 αὐτῷ
3273 2131 3433 2198 χάριν
3468 2128 3734 2198 οὐμενοῦν
3789 2145 4030 2197 συγκατ-

2460 2218 2702 2269 έκλειον’
2757 2220 2817 2269 τὸ
2854 2220 2960 2287 γὰρ
3026 2217 3228 2286 πλῆθος
3276 2216 3384 2269 τῶν
3442 2222 3853 2272 πιστευσάντων
3914 2221 4032 2271 ἐκεῖ

2462 2308 2659 2370 συνιὸν,
2687 2308 2780 2359 καὶ
2814 2308 2940 2370 τοὺς
2965 2306 3331 2376 φυλάττοντας
3357 2304 3415 2361 εὖ
3447 2308 3841 2377 ὑπερχόμενον,
3867 2309 4031 2363 ὤνιόν

2458 2418 2515 2454 τε
2540 2402 2633 2454 καὶ
2654 2400 2951 2470 χρημάτων
2975 2400 3288 2469 ποιούμενοι
3311 2400 3409 2469 τὴν
3445 2400 3538 2454 τοῦ
3577 2400 3853 2470 μάρτυρος
3881 2400 4029 2469 ὄψιν,

2460 2495 2774 2564 πολυτίμων
2812 2496 2965 2546 αὐτοὶ
2994 2493 3233 2564 χαρίτων
3280 2493 3522 2562 ἀτεχνῶς
3566 2491 3840 2545 ἁπέλαόον
3868 2506 3882 2521 ·
3916 2493 4034 2545 ὅσοι

2460 2591 2565 2657 γὰρ
2593 2584 2733 2658 ἦσαν
2755 2586 3067 2655 ὁμιλοῦντες
3107 2584 3303 2645 νόσοις,
3329 2579 3475 2636 οὗτοι
3521 2585 3671 2651 παρὰ
3714 2583 3822 2635 τῶν
3859 2600 4031 2652 προσ-

2459 2682 2701 2747 ηκόντων
2746 2681 2828 2740 είς
2871 2679 2971 2749 τὴν
3000 2676 3225 2746 εἱρκτὴν
3275 2675 3492 2744 ἤγοντο,
3551 2674 3644 2726 καὶ
3691 2670 3758 2746 ἦς
3822 2676 4036 2727 ἐδέοντο

2461 2772 2644 2837 ὑγείας
2679 2770 2739 2821 οὐ
2771 2770 3159 2837 διημάρτανον.
3196 2766 3330 2818 Μεθ’
3365 2759 3438 2817 ὧν
3480 2766 3575 2817 καὶ
3628 2765 3915 2836 Γλυκέριός
3949 2782 4035 2827 τις

2461 2867 2634 2931 πένης
2668 2862 2761 2913 καὶ⁵
2812 2864 3090 2931 ἄγροικος,
3124 2863 3247 2932 ἄρτι
3284 2858 3375 2912 τοῦ
3426 2858 3543 2928 βοὸς
3574 2858 3726 2927 αὐτῴ
3777 2858 3908 2926 περὶ
3934 2857 4035 2921 τὴν

2460 2956 2650 3026 ἄροσιν
2689 2954 2965 3016 πεσόντος,
2992 2954 3270 3024 προελθὼν
3314 2956 3517 3015 ἐκεῖνος
3544 2951 3620 3021 τῷ
3651 2953 3913 3021 μάρτυρι,
3941 2953 4037 3002 καὶ

2460 3051 2671 3121 δάκρυα
2718 3048 2864 3114 δοὺς,
2907 3050 3050 3118 ἅπερ
3082 3043 3194 3116 εἶχε
3228 3048 3322 3099 xa‘t
3368 3040 3446 3107 οἷς
3488 3046 3577 3097 τὸν
3612 3045 3800 3110 Ἀγιον
3832 3044 4038 3109 μᾶλλον

789 3129 1036 3205 cipieudo
1062 3138 1245 3199 aptum
1281 3135 1501 3201 gerebat
1534 3134 1836 3206 (dictitabat
1872 3137 2040 3200 enim,
2085 3135 2361 3191 Christum

2469 3143 2885 3212 καμφθήσεσθαι
2918 3142 3165 3212 ῆλπισεν,
3195 3135 3315 3190 εἶτα
3346 3139 3439 3190 καὶ
3468 3138 3596 3205 περὶ
3632 3136 3731 3205 τὴν
3753 3136 4039 3188 εὐσέϐειαν

791 3218 904 3274 huic
931 3220 1107 3276 facere
1147 3239 1304 3293 posse
1338 3237 1522 3292 utpote
1551 3228 1723 3281 solum
1757 3245 1941 3283 vermn
1973 3230 2184 3298 Deum).
2219 3230 2363 3285 Dixit

792 3313 859 3365 ei'
907 3314 1073 3380 igitur
1125 3320 1209 3369 vir
1260 3329 1478 3373 sanctus
1538 3334 1552 3373 :
1615 3321 1671 3375 Si
1720 3325 1916 3389 credis,
1976 3325 2163 3379 bovem
2215 3333 2363 3378 tuum

788 3404 968 3458 vivum
1001 3410 1260 3477 reperies.

2467 3239 2527 3289 οὐ
2561 3236 2727 3305 πένης
2774 3236 3092 3302 ἀναφανεὶς,
3136 3229 3270 3282 ἀλλὰ
3303 3228 3479 3298 ψυχὴν
3511 3229 3650 3295 ἔχων
3700 3226 3910 3292 έῦγειον
3940 3231 4039 3277 καὶ

2473 3332 2760 3396 σπέρματα
2783 3325 3035 3387 δέξασθαι
3057 3323 3151 3390 τῆς
3170 3321 3450 3382 εὐσεϐείας
3470 3318 3781 3387 ἐπιτηδείαν
3811 3315 4047 3387 (εἴρηκε

2472 3422 2580 3491 γὰρ
2608 3418 2882 3473 πιστεύειν
2905 3418 3165 3469 δύνασθαι
3217 3416 3390 3469 ταῦτα
3446 3416 3536 3467 τὸν
3570 3416 3803 3484 Χριστὸν
3841 3415 4039 3474 ποιεῖν,

788 3505 883 3555 καὶ
917 3504 1077 3558 αὐτὸν
1113 3502 1253 3560 εἶναι
1291 3509 1451 3577 μόνον
1510 3512 1685 3583 ἀληθῆ
1729 3514 1896 3585 Θεόν)
1926 3534 1940 3547 ·
1971 3516 2142 3581 οὕτως
2176 3519 2379 3585 ἐκεῖνος
2437 3520 2597 3591 ἔχων,
2628 3519 2794 3590 ἧκουε
2825 3516 2976 3587 παρὰ
3007 3512 3099 3567 τοῦ
3133 3511 3322 3582 Ἀγίου
3350 3531 3361 3543 ·
3416 3512 3473 3564 Ei
3528 3509 3828 3573 πιστεύεις,
3875 3507 4044 3561 ἀπελ-

790 3595 897 3649 θὼν
927 3600 1182 3669 εὑρήσεις
1212 3601 1390 3666 ζῶντα
1431 3605 1521 3659 τὸν
1556 3606 1705 3661 ϐοῦν.

860 3691 1001 3747 XXI.
1054 3694 1119 3748 Et
1171 3711 1291 3751 cum
1344 3713 1534 3755 revera
1587 3704 1918 3771 reperiisset,
1966 3708 2070 3761 ritu
2128 3708 2357 3765 Iudaico

795 3794 1127 3855 contempto,
1181 3788 1450 3845 Samarita
1510 3793 1569 3847 ﬁt
1601 3806 1654 3848 et
1695 3796 2033 3868 tlterapcuta,
2080 3802 2170 3868 qui
2224 3802 2364 3857 inter

792 3879 1028 3931 eundum
1076 3880 1181 3933 Deo
1205 3887 1407 3947 gratias
1432 3886 1641 3940 dicebat
1671 3898 1719 3942 el
1763 3889 1917 3945 ﬁdem
1955 3902 2196 3947 sanctam
2234 3909 2363 3963 pro-

792 3972 1040 4039 pagabat.
1096 3972 1303 4027 Idcirco
1329 3975 1440 4045 jam
1484 3993 1614 4044 non,
1654 3988 1710 4032 ut
1745 3992 1924 4043 antea,
1959 3983 2010 4034 in
2047 3993 2365 4051 paupertate

789 4064 944 4126 vivit,
981 4068 1072 4118 sed
1105 4067 1307 4120 divitia:
1349 4071 1449 4136 ipsi
1490 4086 1699 4139 magna:
1740 4083 1794 4126 et
1827 4072 2199 4128 inalienabiles
2230 4089 2361 4128 con-

790 4158 1079 4211 ceduntur.
1138 4156 1254 4212 Non
1303 4160 1445 4215 enim
1514 4178 1806 4231 paucorum
1862 4166 2113 4235 jugerum
2210 4176 2364 4220 terrae

796 4248 1050 4303 dominus
1076 4262 1216 4315 erat,
1267 4254 1359 4305 sed
1406 4269 1622 4307 onmem
1675 4261 1983 4323 paradisum
2016 4262 2362 4328 possidebat;

795 4341 848 4396 id
880 4354 1059 4395 autem
1112 4350 1403 4412 quomodo,
1437 4348 1585 4400 audi.
1632 4347 1849 4418 Martyri
1907 4351 1998 4419 qui
2044 4366 2110 4405 ex
2147 4364 2365 4405 caret-re

794 4439 1168 4492 rchrtebatur
1210 4441 1355 4495 obvii
1406 4442 1531 4496 facti
1574 4445 2016 4510 praevaricatores
2050 4445 2222 4513 impii,
2268 4460 2361 4499 co-

2535 3714 2669 3765 ΚΝ.
2712 3709 2864 3759 Ἐπεὶ
2899 3700 2991 3758 οῦν
3023 3706 3118 3756 καὶ
3152 3700 3405 3755 ἀπελθὼν
3441 3697 3613 3760 οὕτως
3644 3689 3794 3767 εὗρε,
3845 3696 3906 3749 τὸ
3930 3698 4042 3751 τῶν

2480 3803 2751 3861 Ἰουδαίων
2784 3803 3019 3871 μισήσας
3043 3797 3141 3870 (9),
3166 3794 3513 3865 Σαμαρείτης
3533 3795 3589 3844 ὲν
3614 3792 3786 3859 τούτῳ
3810 3791 4048 3858 γίνεται,

2468 3903 2560 3955 καὶ⁸
2612 3901 2749 3969 πρὸς
2788 3899 2878 3952 τὸν
2930 3894 3276 3966 θεραπευτὴν
3331 3891 3731 3959 ἐπανέρχεταιο
3793 3890 4047 3950 καὶτοὺς

2472 3991 2571 4059 μὲν
2605 3990 2771 4048 πόδας
2799 3992 2832 4056 ὴ
2868 3986 3065 4052 πορεία
3094 3980 3230 4052 εἶχε,
3259 3982 3326 4033 τὰ
3352 3982 3504 4048 χείλη
3536 3981 3591 4030 δὲ
3632 3980 3662 4045 ἡ
3694 3978 4046 4045 εὐχαριστία,

2468 4082 2616 4150 καὶὴ
2669 4080 2766 4151 τῆς
2821 4078 3007 4146 ὑγιοῦς
3068 4075 3303 4136 πίστεως
3337 4070 3691 4142 ἀνακήρυξις.
3742 4069 3839 4122 Διά
3870 4068 4043 4122 ταῦτα

2466 4172 2596 4242 γοῦν
2620 4171 2741 4225 οὐδὲ
2769 4171 3011 4240 ἀφίεται,
3035 4171 3109 4232 ὼς
3137 4169 3199 4221 τὸ
3224 4168 3487 4238 πρότερον
3518 4167 3617 4236 τὴν
3647 4164 3838 4216 πενίαν
3862 4160 4045 4214 σύνοι-

2468 4282 2562 4316 κον
2592 4262 2759 4331 ἔχειν,
2786 4262 2922 4313 ἀλλὰ
2964 4261 3195 4321 πλοῦτος
3230 4258 3381 4326 αὐτῷ
3433 4256 3633 4309 δίδοται
3664 4254 3828 4316 πολύς
3859 4270 3918 4305 τε
3950 4256 4044 4307 καὶ

2468 4354 2663 4416 ἄσυλος
2684 4368 2697 4383 ’
2727 4353 2819 4405 καὶ
2866 4354 2974 4420 γὰρ
3008 4350 3189 4403 οὐκέτι
3214 4348 3461 4417 πλέθρων
3488 4347 3685 4415 ὀλίγων
3718 4345 3820 4413 γῆς
3855 4345 4046 4415 κύριος

2465 4441 2555 4516 ἦν,
2587 4446 2701 4498 αλλ’
2730 4445 2847 4498 ὅλον
2886 4444 3216 4513 κληρονομεῖ
3242 4441 3330 4493 τδν
3364 4440 3696 4509 παράδεισον
3719 4456 3730 4468 ·
3759 4440 3853 4491 καὶ
3872 4438 4044 4503 ὅπως,

795 4529 943 4599 gnito
979 4541 1181 4597 quanto
1204 4533 1382 4584 studio
1414 4538 1572 4585 rebus
1606 4534 1928 4587 ChriStiauis
1958 4534 2185 4602 faveret,
2213 4554 2358 4591 ιεοιιιι

2470 4538 2585 4607 ῶρα
2618 4536 2831 4607 μαθεῖν.
2873 4534 3256 4587 Ἐπανελθόντι
3282 4533 3380 4600 τῆς
3411 4530 3632 4601 εἱρκτῆς
3660 4531 3754 4581 καλ⁵
3774 4529 3868 4580 τοῦ
3899 4530 4045 4599 μὰρὲ

796 4624 1120 4689 prehensum
1172 4636 1293 4675 eum
1344 4623 1408 4676 ad
1457 4623 1843 4694 imperatorem
1900 4624 2136 4691 ducunt;
2173 4630 2264 4696 qui
2300 4645 2365 4684 ne

794 4712 953 4767 solita
984 4714 1200 4780 quidem
1232 4716 1653 4785 interrogatione
1680 4734 1803 4772 eum
1827 4709 2078 4787 dignatus
2109 4727 2161 4772 et
2186 4734 2362 4773 rerum

797 4808 1127 4861 mutalarnm
1185 4822 1404 4862 Causam
1466 4811 1823 4880 investigandi
1860 4814 2078 4866 minime
2111 4814 2362 4879 cupidus,

797 4900 914 4953 solo
957 4900 1168 4950 aurium
1207 4900 1408 4965 judicio
1437 4899 1599 4955 linem
1628 4902 2123 4988 causaaimponere
2163 4905 2361 4974 gestie-

796 4989 925 5055 bat;
960 5003 1091 5043 ense
1132 4990 1274 5043 enim
1323 5003 1566 5045 sanctum
1623 4994 1767 5047 brevi
1816 5004 1936 5063 post
1986 4995 2143 5061 pleCti
2180 4995 2363 5065 jussit.

804 5083 895 5133 Sic
926 5082 1088 5152 igitur
1119 5084 1278 5135 vitam
1307 5083 1478 5135 linivit
1511 5095 1824 5151 paupertate
1849 5086 2156 5155 gloriosam,
2191 5098 2365 5142 morte

798 5184 1115 5229 caeterortun
1141 5177 1482 5229 aemulatione
1501 5176 1683 5245 digna,
1713 5180 1929 5247 proprio
1969 5194 2067 5233 suo
2095 5180 2355 5247 sanguine

796 5266 1122 5337 baptizatus.

2474 4644 2653 4697 τυρος,
2696 4625 3009 4694 ἐντυχόντες
3037 4626 3087 4678 οι
3114 4625 3211 4693 τῆς
3238 4622 3495 4681 ἀσεϐείας
3530 4621 3791 4689 ὑπουργοὶ
3822 4619 4047 4687 δραστι-

2472 4723 2725 4785 κώτατοι,
2767 4724 2859 4775 καὶ
2918 4720 3179 4791 μαθόντες
3216 4718 3362 4777 ὅπως
3400 4713 3466 4765 τὰ
3499 4709 3846 4783 Χριστιανῶν
3878 4711 4046 4781 ἐπρέ-

2473 4814 2631 4866 σϐευέ
2690 4831 2755 4866 τε
2808 4816 2900 4865 καὶ
2952 4811 3257 4879 διαρρήδην
3308 4809 3577 4875 ἐκήρυττε
3609 4846 3623 4870 ,
3684 4803 4045 4867 συλλαϐόντες

2470 4906 2661 4973 ἄγουσι
2692 4904 2826 4974 πρὸς
2851 4903 2940 4954 τὸν
2978 4901 3204 4970 βασιλέα
3225 4917 3237 4929 ’
3278 4903 3368 4951 καὶ
3393 4899 3474 4958 ὃς,
3507 4897 3625 4948 οὐδὲ
3649 4896 3747 4963 τῆς
3781 4896 4047 4963 συνήθους

2472 4999 2794 5066 ἐρωτήσεως
2848 4995 3109 5058 ἀξιώσας,
3140 4991 3261 5044 οὐδὲ
3311 4990 3406 5060 τὴν
3442 4988 3622 5041 αἰτίαν
3651 4988 3921 5054 ἀναγνοὺς
3950 4987 4045 5057 τῆς

2474 5091 2800 5160 μεταϐολῆς,
2854 5090 3070 5157 ἕτοιμος
3127 5082 3193 5156 ἦν
3223 5088 3351 5155 περὶ
3384 5083 3611 5152 τὴντῶν
3664 5081 4045 5135 ἀκουσθέντων

2472 5185 2643 5253 τομὴν
2680 5186 2770 5238 καὶ
2796 5183 3070 5251 ἀπότομος
3091 5196 3105 5211 ο
3137 5181 3280 5245 ξίφει
3309 5180 3415 5246 γὰρ
3450 5175 3670 5229 ἐκέλευε
3698 5174 4044 5242 παραχρῆμα

2472 5276 2872 5343 κατακοπῆναι.
2912 5276 3013 5325 Καὶ
3045 5272 3189 5325 οὕτω
3252 5268 3573 5329 τελειοῦται,
3602 5267 3700 5336 τῆς
3730 5266 3830 5335 μὲν
3858 5267 4044 5324 πενίας

798 5370 961 5438 ζήλου
996 5363 1223 5435 μηδενὸς
1277 5363 1423 5427 ἄξιος
1454 5362 1549 5429 ῶν,
1579 5362 1672 5416 τοῦ
1701 5364 1757 5417 δὲ
1803 5366 1989 5429 τέλους
2026 5366 2412 5436 ἀξιοζήλωτος,
2456 5369 2669 5438 μάρτυς
2699 5366 2938 5437 γεγονὼς
2985 5367 3217 5436 σχέδιος,
3256 5367 3348 5415 καὶ
3377 5361 3454 5431 τῷ
3504 5361 3689 5430 οἰκείῳ
3722 5360 3921 5429 αἵματι
3948 5359 4045 5429 βαι

798 5460 1065 5521 πτιοθείς.

874 5604 952 5673 (8)
982 5603 1117 5657 Acta
1142 5602 1323 5656 omnia
1361 5601 1462 5655 alia
1511 5601 1659 5671 prius
1703 5601 1973 5656 adducunt
2022 5601 2376 5656 Athanasium

808 5691 972 5755 quam
1008 5684 1167 5743 agant
1194 5674 1259 5727 de
1286 5682 1495 5755 mortuo
1519 5674 1839 5755 suscitato;
1960 5744 1970 5755 _
1998 5743 2007 5755 ι

890 5746 965 5815 (9)
995 5747 1259 5798 Alluditur
1296 5744 1358 5796 ad
1395 5743 1529 5796 istud
1568 5742 1865 5811 Evangelii,
1923 5743 2010 5799 ubi
2073 5759 2137 5797 ex
2195 5745 2377 5797 decem

2492 5597 2718 5666 leprosis
2770 5591 3059 5666 mundatis,
3132 5603 3366 5666 quorum
3426 5586 4046 5666 novem“suppoiiuntur

2499 5652 2662 5722 fuisse
2711 5664 2899 5725 Judaei,
2935 5652 3309 5717 Samariiauus
3362 5658 3510 5710 solus
3541 5656 3716 5717 rediit,
3744 5654 3810 5705 ad
3848 5652 4045 5705 beneli-

2486 5741 2627 5794 cium
2663 5754 2688 5790 a
2726 5736 3007 5790 Salvatore
3072 5742 3345 5798 receptum
3377 5726 3794 5796 agnoscendum.
