4196 6306
162 356 248 420 157
1453 357 1631 420 VITA
1671 357 1730 416 S.
1775 354 2125 417 GEORGII.

3270 358 3376 424 158

214 471 338 523 KB’.
366 467 572 523 Μαθὼν
605 469 660 522 δὲ
682 470 709 521 6
738 468 1011 538 βασιλεὺς,
1045 466 1118 530 ὡς
1143 466 1277 521 πολύ
1306 485 1359 520 τι
1413 467 1616 535 πλῆθος
1650 468 1702 519 ὲν

1879 467 2045 522 XXII.
2086 468 2181 524 Ubi
2214 469 2508 535 imperator
2540 466 2768 531 audivit,
2806 474 3101 540 martyrem
3132 483 3160 521 a
3196 468 3376 525 multi-

154 565 209 632 τῇ
242 562 455 631 φυλακῇ
489 560 566 630 τῷ
598 561 832 633 μάρτυρι
864 559 1087 629 προσιὸν
1123 562 1248 613 ὅσαι
1286 555 1425 632 ὧραι
1457 563 1523 630 τῇ
1552 560 1712 612 εὐσε-

154 653 263 726 ϐείᾳ
320 655 720 723 προστίθενται,
779 655 880 707 οὐκ
925 654 1169 717 ἀνεκτῶς
1223 654 1419 724 ίσχεν·
1451 654 1586 707 ἀλλὰ
1619 654 1711 708 τὸν

157 748 331 814 Ἀγιον
359 746 894 816 μετακαλεσάμενος,
946 745 1178 815 ὀργίλως
1231 748 1329 815 μὲν
1362 746 1441 799 ἔτι
1496 748 1589 800 καὶ
1613 747 1707 800 αὖ·

157 837 378 907 στηρῶε,
405 838 654 906 οὐδαμῶς
680 856 693 869 ·
730 838 865 890 ἀλλὰ
896 839 993 908 τῆς
1031 838 1249 907 λεοντῆς
1288 840 1360 907 μὴ
1391 838 1708 908 ἐξικνουμέ-

156 948 259 1001 νης.
288 931 387 983 καὶ
420 932 517 999 τὴν
566 930 859 999 ἀλωπεκῆν
916 930 1246 1000 προσετίθει,
1302 931 1396 982 καὶ
1430 930 1488 982 τὸ
1514 932 1709 1000 πικρὸν

157 1020 237 1070 καὶ
267 1019 541 1087 ἀπότομον
582 1020 687 1071 ὑπὸ
732 1021 1078 1089 προσχήματι
1113 1019 1360 1088 καλύψας
1401 1020 1709 1089 φιλανθρω-

156 1110 291 1172 πέας,
326 1110 516 1177 πράως
566 1110 729 1163 πάλιν
777 1112 1068 1180 ὑπέρχεται
1103 1112 1195 1163 καὶ
1223 1112 1432 1182 ἠπίως⁵
1471 1114 1554 1183 Νὴ
1583 1118 1708 1178 τοὺς

154 1199 317 1261 θεοὺς,
346 1203 466 1270 είρη
480 1200 605 1269 κὼς,
636 1204 688 1254 εἴ
713 1220 813 1269 μου
842 1201 1100 1273 ἀκούσῃς,
1126 1202 1387 1273 Γεωργιε,
1418 1207 1512 1259 καὶ
1537 1224 1707 1276 προσ-

152 1291 308 1345 ελθὼν
347 1293 539 1365 θύσῃς,
590 1294 809 1361 ἀγαθῶν
856 1296 1035 1362 ἀγαθὰ
1065 1297 1340 1369 εὑρήσεις,
1376 1299 1467 1351 καὶ
1490 1299 1709 1368 χρημὼ-

152 1401 248 1437 των
301 1386 402 1455 μὲν
470 1390 658 1455 κύριος
710 1387 806 1457 ἔσῃ
858 1388 1085 1458 συχνῶν,
1142 1390 1356 1459 πρῶτον
1380 1390 1437 1443 δέ
1464 1408 1556 1444 σου
1590 1393 1708 1460 μεθ’

151 1474 285 1542 ἡμᾶς
314 1474 505 1545 ἕτερον
532 1478 609 1538 εἰς
635 1478 798 1548 τιμὴν
850 1476 947 1545 οὐχ
982 1477 1126 1541 ἕξεις
1147 1496 1159 1509 ·
1196 1480 1447 1549 Κήδομαι
1474 1480 1582 1550 γάρ
1614 1498 1706 1534 σου

152 1568 235 1619 καὶ
258 1566 359 1635 τῆς
396 1567 653 1635 εὐγενοῦς
678 1568 845 1637 ὥρας,
878 1571 969 1621 καὶ
998 1571 1095 1638 τῆς
1117 1570 1367 1638 νεότητος
1390 1566 1570 1624 οἶκτον
1602 1572 1709 1641 ἔχω

149 1658 324 1721 πολὺν,
380 1660 476 1711 καὶ
506 1659 765 1728 βούλομαί
818 1678 876 1712 σε
911 1662 1009 1730 ζῇν
1062 1662 1261 1731 μᾶλλον
1291 1662 1321 1731 ἢ
1356 1664 1568 1731 θανάτῳ
1597 1665 1709 1717 δια·

149 1746 412 1815 φθαρῆναι
455 1748 658 1816 πικρῷ.
687 1750 872 1810 Οῦτως
907 1747 1061 1801 εἶπεν
1100 1752 1128 1802 6
1159 1751 1431 1818 βασιλεὺς,
1457 1754 1707 1818 Μαγνεν-

145 1837 237 1907 τίῳ
265 1836 340 1906 τῷ
370 1836 509 1906 φίλῳ
544 1838 807 1899 πεισθεὶς,
831 1838 1070 1907 εξρηκότι
1100 1838 1199 1908 τὴν
1236 1840 1467 1909 ἐσχάτην
1501 1839 1705 1909 ταύτην

151 1928 274 1998 πρδς
301 1927 395 1979 τὸν
441 1930 629 1995 ’Δγιον
667 1928 901 1998 ὁμιλίαν,
952 1928 1027 1991 ὠς
1076 1923 1186 1981 οἷόν
1214 1945 1273 1982 τε
1308 1930 1704 2000 θεραπευτικὴν

148 2009 490 2089 ποιῆσασθαι.
554 2022 611 2076 Ὀ
641 2022 696 2074 δὲ
732 2023 938 2092 μάρτυς
994 2022 1347 2092 εὐπρόσωπον
1377 2022 1567 2091 ὥσπερ
1600 2024 1699 2093 τὴν

144 2114 435 2183 ἀπολογίαν
458 2114 707 2168 ἐντεῦθεν
755 2115 931 2185 εὑρών
960 2132 971 2143 ·
1012 2116 1073 2167 Ei
1098 2116 1331 2184 πρῶτον,
1370 2115 1495 2185 ἔφη,
1532 2116 1703 2169 ταῦτα

144 2206 339 2273 ἔλεγες,
378 2202 525 2276 εἶχον
558 2207 623 2260 ἂν
673 2209 765 2260 καλ¹
812 2206 995 2277 χώραν
1033 2209 1087 2264 οἱ,
1117 2207 1265 2276 λόγοι
1291 2222 1305 2237 ⁶
1351 2210 1445 2263 νῦν
1480 2210 1535 2263 δὲ
1570 2227 1707 2279 μετα

142 2300 401 2363 τοσαύτας
464 2299 668 2364 αἰκίας,
714 2301 870 2371 εἴπερ
899 2300 962 2369 δὴ
1020 2302 1113 2352 καὶ
1162 2301 1530 2371 πεισθείημεν,
1562 2302 1614 2353 τί
1644 2302 1707 2356 ἂν

142 2390 301 2443 ποιῶν
335 2391 758 2462 ἁντιμετρὴσεις
790 2390 855 2442 τὰ
882 2392 1097 2460 λυπηρά
1122 2407 1137 2455 ;
1167 2392 1333 2443 Τοῦτο
1379 2394 1601 2456 ἐκεῖνος,
1633 2395 1707 2458 ὠς

140 2482 361 2551 ῑρμαιόν
392 2498 447 2534 τι
474 2483 570 2534 σὺν
594 2482 749 2551 ἡδονῇ
785 2481 1017 2549 μάλιστα
1049 2482 1375 2549 διαρπάσας,
1402 2484 1493 2538 ἅτε
1524 2484 1586 2553 δὴ
1614 2486 1705 2537 καὶ

143 2572 325 2625 ἐλπίδα
394 2572 522 2625 τινὰ
549 2570 642 2625 τοῦ
674 2572 1064 2644 πεισθήσεσθαι
1100 2573 1433 2643 ὑποφαίνων,
1478 2573 1564 2638 Ὧς
1597 2593 1701 2628 πα-

137 2666 239 2734 τρὶ,
296 2665 427 2735 ἔφη,
463 2665 650 2719 τέκνον
697 2666 1040 2733 φιλούμενον,
1073 2668 1244 2721 ταῦτά
1276 2685 1365 2737 μοι
1405 2666 1559 2735 ἄφες,
1604 2670 1698 2721 καὶ

1820 560 2007 613 tudine
2058 561 2110 613 in
2158 575 2378 615 carcere
2426 559 2665 615 obsideri
2702 574 2764 613 ac
2800 558 2956 614 ﬁdem
3000 569 3227 622 mutare,
3287 562 3380 616 ira

1816 652 2127 721 impatiens,
2175 653 2347 705 \‘irum
2394 662 2642 707 sanctum
2685 654 2971 707 arcessivit
3006 654 3125 722 pelli
3155 654 3380 710 leoninae

1815 742 2085 810 vulpinam
2149 744 2539 809 superaddcus,
2595 755 2649 799 et
2696 746 3163 799 mansuetudinem
3215 761 3377 815 quam

1816 838 1962 889 intus
2018 851 2353 905 nequaquam
2417 838 2720 901 sentiebat,
2776 840 3039 893 simulans
3102 839 3253 891 dulce
3316 855 3381 893 ac

1812 930 2048 985 suaviter
2077 948 2091 984 :
2134 929 2235 981 Per
2265 930 2418 992 deos,
2456 931 2653 999 inquit,
2684 932 2727 984 si
2762 948 2846 984 me
2869 932 3041 995 audis,
3074 930 3293 999 Georgi,
3326 937 3382 985 et

1812 1022 1914 1075 diis
1944 1020 2240 1082 sacriﬁcas,
2285 1036 2556 1075 summum
2604 1025 2865 1077 bonorum
2912 1022 3204 1088 obtinebis,
3249 1037 3379 1091 opes

1813 1127 2033 1181 magnas
2063 1114 2392 1168 nancisceris
2422 1129 2484 1167 ac
2514 1115 2793 1168 secundos
2825 1115 2877 1167 in
2909 1114 3157 1183 imperio,
3187 1122 3379 1181 praeter

1814 1219 1921 1266 me,
1959 1203 2192 1258 honores
2229 1205 2568 1273 adipisceris.
2622 1206 2839 1260 Miseret
2889 1207 3031 1259 enim
3078 1221 3162 1258 me
3201 1205 3288 1260 tui
3328 1216 3382 1261 et

1813 1294 2230 1362 pulchritudinis
2250 1305 2353 1348 tute
2380 1306 2433 1349 et
2464 1298 2844 1351 adolescentia!
2870 1309 3090 1360 tenere,
3114 1312 3176 1349 ac
3197 1297 3380 1349 vivere

1813 1399 1863 1441 te
1890 1404 2051 1455 quam
2102 1389 2294 1442 acerba
2344 1398 2516 1441 morte
2562 1391 2739 1457 perire
2774 1388 2932 1447 malo.
2982 1388 3131 1442 Talia
3165 1388 3379 1443 locutus

1810 1487 1897 1533 est
1937 1481 2251 1548 imperator,
2303 1481 2594 1550 instigante
2642 1482 2821 1534 amico
2870 1480 3198 1549 Magnentio,
3233 1479 3381 1532 alliro

1811 1581 2013 1633 mante,
2086 1572 2183 1624 hac
2233 1573 2444 1626 ratione
2493 1573 2667 1625 virum
2714 1581 2958 1625 sanctum
3023 1571 3378 1638 subigendum

1811 1661 1941 1716 lore.
1982 1662 2244 1729 Georgius
2291 1681 2419 1718 vero
2458 1675 2736 1734 gratanter
2776 1666 2956 1720 amlita
2993 1665 3094 1719 ista
3129 1661 3379 1732 proposi-

1812 1756 1974 1822 tione,
1997 1755 2050 1809 Si
2075 1759 2247 1823 prius,
2272 1756 2431 1819 dixit,
2462 1759 2582 1810 talia
2610 1759 3026 1820 enuntiavisses,
3048 1756 3379 1811 deliberandi

1813 1849 1960 1901 locus
2006 1849 2219 1903 fuisset.
2278 1848 2428 1904 Nunc
2469 1862 2674 1912 autem,
2725 1851 2769 1903 si
2828 1858 2948 1919 post
2997 1857 3074 1902 tot
3123 1858 3382 1916 tantaque

1812 1948 2081 1993 tormenta
2141 1948 2192 1995 te
2245 1941 2515 2003 audirem.
2571 1942 2839 2010 quomodo
2894 1955 2980 1995 me
3027 1955 3214 1994 eormn
3261 1952 3384 2009 qua)

1813 2045 2097 2100 perpessus
2150 2049 2292 2096 sum,
2358 2035 2601 2087 oblivisci
2656 2033 2924 2087 duceres?
2983 2033 3274 2099 Imperator
3325 2032 3380 2083 in

1810 2125 1960 2177 lucro
2006 2141 2209 2193 ponens
2260 2127 2358 2182 viri
2410 2128 2585 2182 sancti
2635 2128 3078 2182 comersionem.
3114 2140 3274 2194 quam
3320 2141 3380 2179 se

1805 2219 2152 2271 obtenturum
2190 2221 2460 2285 sperabat,
2494 2217 2571 2272 Ne
2620 2234 2943 2274 succenseas
2973 2218 3127 2282 mihi,
3182 2217 3376 2285 inquit,

1805 2312 1894 2379 qui
1926 2320 1978 2366 te
2025 2311 2166 2365 sicut
2196 2323 2348 2378 pater
2379 2312 2541 2363 lilium
2575 2311 2829 2363 dilectum
2863 2312 3236 2377 complector;
3274 2309 3378 2361 diis

1805 2410 1981 2454 autem
2023 2402 2293 2456 sacriﬁca.
2336 2402 2424 2455 Sic
2477 2402 2618 2454 enim
2657 2400 2779 2456 illus
2828 2400 3088 2469 propitios
3135 2398 3376 2463 habebis,

1805 2502 1857 2543 et
1896 2492 2009 2556 ipse
2039 2490 2244 2559 optima
2279 2505 2504 2558 quaeque
2532 2492 2806 2558 acquires.
2859 2490 2937 2542 Ad
2986 2492 3098 2544 haec
3129 2496 3372 2557 martyr:

1811 2582 1868 2635 Si
1899 2584 2029 2647 ham,
2061 2598 2093 2637 ο
2122 2597 2237 2646 rex,
2269 2581 2463 2651 inquit,
2490 2590 2579 2636 tua
2604 2583 2871 2636 sententia
2893 2590 2996 2646 est,
3020 2581 3132 2650 jam
3152 2582 3219 2633 ad
3247 2582 3376 2634 deos

1809 2685 1891 2730 est
1921 2676 2363 2744 confugiendum.

140 2764 452 2833 προσελθὼν
485 2762 673 2817 θυσίαν
694 2766 1025 2835 προσένεγκε
1058 2768 1168 2827 τοῖς
1191 2765 1331 2829 θεοῖς
1354 2781 1368 2796 ⁸
1410 2767 1551 2820 οὕτω
1592 2772 1698 2838 γὰρ
1736 2772 1976 2834 ἐκείνους
2018 2791 2075 2826 τε
2125 2775 2373 2843 εὐμενεῖς
2401 2775 2565 2841 ἕξεις,
2594 2776 2689 2828 καὶ
2737 2774 2949 2844 σεαυτῷ
2996 2774 3065 2827 τὰ
3105 2772 3369 2827 κάλλιστα

142 2860 513 2927 προξενήσεις.
555 2860 662 2912 Καὶ
691 2861 720 2911 6
752 2862 980 2927 μάρτυς,
1010 2861 1068 2913 Et
1090 2859 1245 2915 τοῦτό
1274 2878 1378 2925 σοι,
1406 2861 1530 2931 ἔφη,
1554 2864 1694 2917 κατὰ
1724 2865 1966 2936 γνώμην,
2002 2862 2044 2919 ὦ
2073 2868 2316 2937 βασιλεῦ,
2350 2868 2467 2940 ὥρα
2494 2869 2628 2938 πρὸς
2651 2867 2805 2930 θεοὺς
2836 2868 3076 2921 ἀπιέναι.

200 2975 327 3029 Kl".
372 2974 469 3037 Ὧς
498 2968 591 3026 οῦν
626 2973 795 3027 ταῦτα
815 2976 842 3027 6
868 2975 1245 3042 Διοκλητιανδς
1275 2977 1494 3044 ἤκουσε,
1535 2996 1704 3049 προσ-

136 3069 388 3138 τάγματα
423 3067 591 3125 εὐθὺς
636 3068 942 3137 πανταχῦσε
974 3068 1139 3120 διέθει
1167 3070 1245 3130 εἰς
1270 3068 1328 3119 τὸ
1359 3070 1501 3137 ἱερὸν
1530 3072 1700 3123 amv-

1876 2980 2066 3036 XXIII.
2103 2981 2196 3036 His
2228 2982 2424 3035 auditis
2454 2982 2827 3036 Diocletianus
2858 2982 3036 3035 edicto
3086 2982 3376 3050 magistra-

1811 3084 1895 3127 tus
1937 3076 2190 3143 populum
2229 3090 2294 3130 ac
2347 3074 2548 3130 milites
2600 3090 2790 3129 omnes
2844 3074 2897 3128 in
2951 3074 3147 3141 templo
3187 3075 3377 3126 adesse

133 3180 226 3227 τας
247 3162 403 3232 αὗτῷ
433 3162 700 3226 συνιέναι,
732 3162 845 3215 ὅσοι
878 3176 937 3213 τε
969 3159 1077 3213 τῶν
1102 3163 1159 3212 ὲν
1187 3160 1329 3212 τέλει
1356 3163 1447 3213 καὶ
1471 3162 1583 3214 ὅσοι
1607 3163 1699 3213 τοῦ

1811 3178 1902 3228 per
1924 3178 2221 3230 prmeonem
2258 3165 2443 3232 jussit,
2498 3164 2763 3231 siquidem
2796 3162 3081 3232 Georgius,
3120 3164 3375 3220 Galilmul

130 3255 297 3324 δήμου
326 3255 425 3309 καὶ
451 3254 561 3307 τῶν
589 3253 934 3325 στρατιωτῶν
955 3247 1116 3323 ἦσαν,
1148 3251 1501 3321 ὑπόλαμπρον
1528 3253 1703 3319 ἐκφω-

131 3344 303 3398 νοῦντι
332 3345 413 3413 τῷ
451 3346 675 3412 κήρυκι,
708 3344 789 3395 ὅτι
815 3343 1104 3413 Γεώργιος,
1126 3344 1153 3396 6
1177 3344 1234 3394 ὲν
1273 3342 1575 3405 Γαλιλαίοις
1610 3361 1699 3396 πε-

133 3435 443 3504 ρίϐλεπτος,
520 3431 815 3483 Ἀπόλλωνι
867 3432 1229 3500 προσέρχεται
1282 3431 1477 3484 θύσων.
1517 3434 1702 3501 [lapa-

128 3522 310 3593 χρῆμα
365 3518 508 3589 γοῦν
547 3520 751 3582 πάντες
804 3518 1063 3589 Ἕλληνες
1092 3520 1307 3589 κρότοις
1348 3521 1444 3570 καὶ
1478 3525 1702 3575 παιᾶσιν

127 3615 642 3685 ἑνευφραινόμενοι,
705 3610 930 3683 βασιλέα
963 3628 1022 3664 τε
1085 3612 1176 3663 καὶ
1223 3611 1313 3663 τὸν
1340 3611 1547 3666 ἐκείνου
1580 3613 1702 3664 θεὸν

138 3707 450 3760 Ἀπόλλωνα
491 3704 717 3774 νικητὴν
744 3704 1054 3773 ηὑφήμουν.
1119 3704 1270 3757 Ἐπεὶ
1323 3703 1378 3757 δὲ
1432 3703 1524 3758 τοῦ
1557 3704 1702 3774 ἱεροῦ

124 3796 265 3856 ἐντὸς
287 3792 459 3865 ἦσαν,
501 3795 713 3863 σιωπῆς
738 3796 1057 3864 γενομένης,
1086 3792 1337 3863 προσχὼν
1366 3798 1394 3847 6
1416 3797 1605 3861 Ἀγιος
1626 3796 1703 3866 τῷ

124 3887 423 3956 ἀγάλματι,
455 3884 485 3937 δ
516 3885 611 3937 τοῦ
652 3887 986 3948 Ἀπόλλωνος
1007 3881 1097 3957 ἦν,
1132 3888 1227 3939 καὶ
1262 3884 1396 3954 πρὸς
1423 3887 1554 3941 αὐτὸ
1583 3889 1704 3958 βλέ-

123 3978 250 4050 ψαςἰ
275 3979 350 4031 Σὺ
377 3974 432 4029 εἴ
469 3976 594 4038 θεός
620 3994 635 4039 ς
661 3976 788 4045 ἔφη.
824 3979 917 4030 καὶ
945 3978 1005 4030 σὲ
1038 3980 1118 4032 δεῖ
1142 3983 1465 4049 προσκυνεῖν
1496 3980 1706 4051 ἀνθρώ--

126 4089 283 4137 πους;
313 4071 391 4124 Τὸ
413 4069 473 4122 δὲ
508 4067 755 4121 ἐνοικοῦν
780 4068 976 4120 αὐτίκα
1008 4070 1241 4139 πονηρὸν
1263 4069 1498 4137 πνεῦμα,
1518 4070 1705 4140 ὥσπερ

123 4163 194 4232 τῷ
224 4164 321 4217 τοῦ
371 4162 573 4232 ’Δγίου
609 4160 756 4229 φόϐῳ
810 4160 1139 4226 καταπειθὲς
1181 4161 1489 4230 γενόμενον,
1525 4163 1705 4215 καίτοι

124 4253 444 4322 φιλοῷευδὶς
478 4252 567 4314 ὃν,
621 4253 751 4306 ἄκον
779 4254 1079 4322 ἐκήρυττεν
1118 4254 1215 4323 τὴν
1247 4254 1501 4324 ἀλήθειαν
1522 4270 1534 4284 ⁸
1590 4255 1705 4310 Οὐκ

121 4348 232 4413 εἰμὶ
280 4346 399 4413 ἑγὼ
453 4345 585 4406 θεδς
619 4344 817 4412 λέγων,
865 4344 1053 4412 ὥσπερ
1084 4344 1205 4397 οὐδὲ
1222 4348 1269 4397 οἱ
1324 4347 1419 4398 σὺν
1446 4347 1567 4415 ἐμοὶ
1612 4346 1704 4399 τδν

120 4438 242 4491 ναὸν
268 4436 591 4497 οἰκοῦντες,
641 4435 756 4489 ἀλλ’
806 4432 886 4498 εἷς
925 4433 1131 4503 ἀληθὴς
1156 4435 1185 4486 6
1209 4436 1463 4504 Χριστός.
1512 4432 1642 4490 Εἶτα
1676 4438 1704 4489 ὁ

1807 3256 1943 3308 bene
1973 3266 2151 3321 notus,
2176 3256 2407 3323 Apollini
2428 3256 2830 3310 sacriﬁcaturus
2853 3255 3078 3310 adforet.
3099 3255 3375 3321 Extemplo

1805 3347 2032 3418 gentiles
2052 3348 2385 3403 carminibus
2405 3359 2458 3403 et
2474 3349 2689 3420 hymnis
2710 3351 2962 3418 gaudium
2984 3347 3376 3403 manifestando

1809 3440 2187 3504 imperatorem
2254 3448 2308 3493 et
2356 3440 2514 3491 demn
2568 3441 2738 3508 ipsius
2772 3439 3070 3505 Apollinem
3125 3440 3373 3494 laudibus

1806 3527 2053 3584 efferunt.
2085 3527 2373 3597 Postquam
2398 3544 2587 3584 omnes
2617 3530 2877 3597 templum
2910 3529 3137 3598 ingressi
3168 3538 3371 3593 essent,

1806 3620 2025 3673 silentio
2079 3622 2239 3683 facto,
2274 3621 2538 3691 Georgius
2588 3622 2851 3692 Apollinis
2887 3631 3120 3680 statuam
3159 3623 3378 3689 conspi-

1806 3721 1990 3768 catus:
2030 3709 2102 3765 Tu
2131 3712 2262 3766 deus
2290 3728 2368 3778 es,
2403 3713 2596 3780 inquit,
2627 3726 2680 3767 et
2712 3719 2777 3770 ab
2815 3716 3119 3769 hominibus
3155 3714 3371 3771 adorari

1807 3804 2132 3872 prmsuntis?
2164 3804 2298 3859 Tum
2331 3804 2615 3860 confestim
2652 3806 2825 3860 malus
2854 3808 3062 3860 dtemon
3110 3807 3376 3875 inclusus,

1806 3904 1987 3962 utpote
2012 3898 2184 3949 sancti
2214 3908 2356 3949 metu
2380 3900 2680 3966 perculsus,
2715 3901 2949 3968 alioquin
2984 3903 3235 3959 mendax,
3272 3901 3375 3960 hoc

1808 3996 1983 4040 tamen
2026 3985 2164 4052 loco,
2209 3985 2335 4040 licet
2379 3987 2599 4051 inritus,
2646 4002 2831 4041 verum
2878 3988 3219 4043 enuntiavit:
3254 3988 3372 4045 Non

1806 4091 1923 4128 sum
1953 4078 2106 4140 deus,
2126 4078 2332 4138 dicens,
2355 4092 2527 4140 neque
2557 4078 2648 4143 qui
2686 4092 2892 4132 mecum
2929 4078 3093 4131 hocce.
3116 4076 3372 4144 templum

1806 4164 2071 4231 incolunt,
2103 4167 2195 4221 sed
2223 4182 2360 4219 unus
2397 4166 2668 4220 Christus.
2704 4166 2837 4219 Tum
2877 4178 3102 4239 martyr,
3134 4169 3239 4223 Vos
3272 4166 3374 4236 igi-

1807 4264 1910 4319 tur,
1932 4256 2021 4325 qui
2056 4255 2127 4309 dii
2175 4271 2276 4309 non
2313 4256 2467 4318 estis,
2496 4256 2859 4311 curltomines
2886 4259 3156 4327 decipitis,
3177 4258 3371 4327 inquit,

1806 4363 1902 4417 pro
1930 4350 2032 4403 diis
2073 4349 2258 4407 haberi
2290 4350 2717 4419 praesumentes?
2750 4350 2850 4417 Qui
2892 4350 2950 4405 ﬁt
2998 4363 3055 4405 ut
3105 4365 3187 4403 me
3214 4364 3373 4404 servo

1812 4439 2017 4493 Christi
2054 4454 2318 4507 praesente
2352 4443 2477 4494 huic
2511 4441 2687 4495 fraudi
2714 4458 2817 4495 non
2848 4443 3199 4496 renuntietis?
3245 4442 3372 4498 Haec

124 4531 347 4601 μάρτυς,
384 4516 590 4583 Καὶᾘ
623 4527 694 4596 μή
729 4529 850 4580 ἐστε
881 4527 1015 4591 θεοὶ,
1044 4524 1171 4596 ἔφη,
1201 4526 1254 4578 τί
1287 4526 1571 4590 παθόντες,
1600 4528 1695 4579 ἀν·

1811 4548 1931 4587 cum
1974 4534 2201 4589 dixisset
2236 4545 2461 4603 martyr,
2494 4544 2543 4590 et
2570 4535 2820 4591 oinnibus
2852 4536 2940 4601 qui
2971 4536 3214 4598 aderant,
3246 4549 3375 4589 cru-

121 4623 366 4693 θρώπους
401 4620 726 4687 ἐξαπατᾶτε
762 4619 837 4681 ὡς
881 4621 1024 4682 θεοῖς
1079 4618 1366 4690 προσέχειν
1397 4617 1554 4688 ὑμῖν;
1583 4619 1701 4683 πῶς

119 4716 168 4766 δὲ
195 4718 284 4768 καὶ
313 4717 631 4784 ὑπομεῖναι
666 4710 804 4773 ὅλως
827 4710 987 4780 ὑμεῖς
1033 4712 1430 4783 τεθαρῤήκατε,
1457 4710 1589 4781 ἐμοῦ
1620 4713 1706 4763 έν·-

118 4804 285 4857 ταῦθα
308 4807 604 4875 παρόντος
625 4804 719 4858 τοῦ
741 4802 929 4857 δούλου
957 4802 1195 4873 Χριστοῦ
1214 4820 1229 4867 ;
1254 4802 1442 4867 Οὕτως
1460 4804 1704 4866 εἰπόντος

117 4898 207 4951 τοῦ
270 4898 594 4970 μάρτυρος,
631 4896 726 4948 καὶ
784 4896 972 4964 ὥσπερ
1006 4913 1059 4949 τι
1087 4895 1300 4964 ἄμαχον
1341 4894 1503 4947 ὅπλον
1525 4898 1583 4947 τὸ
1607 4894 1701 4948 τοῦ

121 4991 351 5064 σταυροῦ
382 4990 631 5059 σημεῖον
654 4989 836 5051 αὐτοῖς
871 4990 1267 5051 ἑπισείσαντος,
1287 4987 1519 5055 τάραχος
1540 4986 1701 5051 εὐθὺς

1811 4628 1891 4679 cis
1926 4625 2134 4696 signum
2170 4627 2312 4680 sicut
2360 4627 2522 4681 telum
2568 4626 2905 4684 irresistiliile
2950 4625 3246 4693 iniecisset,
3283 4623 3371 4677 tu-

1812 4715 2010 4770 multus
2042 4716 2282 4770 clamore
2326 4724 2381 4770 et
2422 4718 2620 4785 gemitu
2672 4716 2865 4772 mixtus
2900 4717 3112 4769 auditus
3150 4722 3235 4767 est
3261 4716 3373 4767 de-

1811 4820 2024 4859 monum
2058 4807 2217 4859 simul
2250 4807 2678 4876 aufugientium;
2710 4808 2850 4861 idola
2900 4820 3030 4859 vero
3060 4804 3372 4874 ipsa,quasl
3424 4872 3429 4877 θ

1809 4912 1968 4949 manu
2022 4896 2144 4951 forti
2200 4907 2449 4967 correpta
2490 4898 2762 4953 communi
2791 4895 2946 4951 ruina
2988 4898 3040 4951 in
3093 4896 3368 4967 pulverem

1807 4988 2023 5045 redacta
2048 4992 2321 5058 jacebant.

120 5089 368 5157 ἠκούετο,
425 5086 530 5140 καὶ
586 5082 683 5152 βοὴ
716 5084 813 5135 καὶ
859 5082 1058 5154 θρῆνος
1104 5083 1169 5135 ὲκ
1215 5082 1309 5135 τοῦ
1343 5082 1513 5152 ἱεροῦ,
1555 5083 1996 5154 δραπετευόντων
2042 5087 2150 5139 τῶν
2197 5086 2521 5158 δαιμονίων·
2565 5085 2707 5139 αὐτά
2746 5104 2807 5139 τε
2843 5086 2911 5137 τὰ
2951 5084 3145 5138 εἴδωλα
3181 5084 3369 5155 ὥσπερ

121 5185 219 5237 ὑπό
259 5199 411 5246 τινος
443 5179 724 5252 κραταιᾶς
750 5180 929 5250 χειρὸς
969 5178 1392 5249 κατασπώμενα,
1424 5178 1610 5249 ἕτερον
1639 5181 1717 5251 τῷ
1766 5182 1942 5255 ἑτέρῳ
1992 5185 2440 5250 συγκαταπίπτον
2480 5182 2725 5254 ἐφέρετο,
2748 5182 2841 5236 καὶ
2872 5182 2951 5244 εἰς
2983 5180 3111 5250 χοῦν
3144 5179 3369 5232 ἐλεπτύ.

120 5296 308 5423 "iga.
342 5367 412 5419 Τί
446 5364 512 5417 τὸ
546 5363 643 5416 ἰπὶ
675 5361 918 5426 τούτοιςς
962 5360 1197 5433 ’Δθυμία
1234 5361 1334 5431 μὲν
1356 5361 1448 5416 τὸν
1475 5361 1701 5433 βασιλέα

120 5462 207 5511 καὶ
232 5458 360 5521 τοὺς
394 5456 536 5527 περὶ
563 5454 731 5509 αὐτὸν
758 5449 870 5522 εῐχε
905 5453 1075 5523 πολλή
1100 5470 1113 5484 ⁸
1167 5453 1473 5524 εὐφροσύνη
1497 5456 1553 5507 δὲ
1576 5457 1701 5518 τοὺς

124 5554 337 5616 πιστοὺς
368 5552 652 5622 ἄρῤητοκ,
690 5548 782 5603 καὶ
813 5546 1012 5617 μᾶλλον
1043 5546 1391 5601 ὲϐεὸαιοῦντο
1437 5550 1574 5617 πρὸς
1604 5548 1702 5617 τὴν

122 5646 373 5715 ἀλήθειαν
401 5657 416 5672 ’
462 5641 565 5695 καὶ
631 5640 739 5709 πρὸ
770 5658 831 5707 γε
868 5640 978 5692 τῶν
1033 5638 1207 5693 ἄλλων
1238 5640 1270 5708 ἡ
1307 5639 1517 5709 βασιλὶς
1556 5638 1701 5691 Ἀλεο

124 5737 335 5808 ξάνδρα,
482 5732 585 5788 καὶ
641 5731 887 5801 μείζονος
924 5729 1232 5802 παρρησίας
1269 5728 1417 5782 ἔνθεν
1451 5730 1698 5798 (inania.

1874 5362 2015 5418 XlV.
2048 5363 2185 5431 Quid
2224 5364 2449 5431 postea?
2492 5364 2804 5431 Desperatio
2853 5377 3044 5430 magna
3076 5363 3368 5430 imperato—

1807 5471 1942 5518 rem,
1980 5465 2034 5511 et
2077 5458 2168 5526 qui
2212 5471 2331 5509 cum
2360 5473 2424 5511 eo
2451 5466 2624 5519 erant,
2667 5455 2919 5520 tenebat;
2955 5454 3137 5507 ﬁdeles
3180 5465 3366 5509 autem

1806 5549 2057 5619 gaudium
2104 5546 2376 5603 ineffabile
2407 5551 2456 5602 in
2497 5547 2599 5602 ﬁde
2626 5547 3001 5611 conﬁrmabat,
3042 5547 3185 5602 inter
3227 5562 3364 5615 quul

1810 5641 2110 5696 AleXandra
2138 5641 2476 5712 lmperatrix,
2502 5656 2620 5711 quae
2650 5640 2771 5693 inde
2800 5639 3055 5695 audacior
3082 5640 3221 5693 facta
3251 5642 3367 5695 ido-

1811 5735 1875 5787 lis
1910 5750 2015 5787 non
2054 5748 2239 5803 parum
2290 5734 2476 5789 irrisit.
2531 5734 2699 5787 Iratus
2746 5730 2855 5799 jam
2911 5741 3023 5785 tum
3068 5731 3367 5802 imperator
