4196 6306
173 358 271 426 165

235 474 305 527 f'.
348 474 408 525 Ὀ
445 474 502 525 6‘s
542 476 817 545 μακάριος
844 478 1070 549 Μάρκος
1111 481 1175 549 τῇ
1203 478 1431 549 δευτέρᾳ
1454 480 1638 551 ἡμέρᾳ
1664 482 1742 540 είς
1776 491 1817 545 Α

166 565 256 627 τὴν
290 566 703 637 Ἀλεξάνδρειαν
730 572 1063 640 παρεγένετο
1085 572 1177 623 καὶ
1200 569 1294 623 τοῦ
1319 571 1502 624 πλοίου
1534 572 1743 635 ἀποϐὰς

165 652 323 727 ἦλθεν
384 661 469 719 είς
529 677 651 713 τινα
685 661 847 714 τόπον
887 663 1224 733 καλούμενον
1277 665 1527 718 Μένδιον.
1567 666 1741 718 Αὑτοῦ

166 750 258 817 τὴν
281 751 463 822 πύλην
494 753 827 817 εἰσελθόντος
852 757 948 824 τῆς
970 758 1197 820 πόλεως,
1225 760 1383 823 εὐθὺς
1408 760 1467 812 τὸ
1491 760 1744 830 ὑπόδημα

166 842 327 896 αὐτοῦ
389 845 678 917 διερῤἀγη.
760 849 817 900 Ὀ
860 849 915 901 δὲ
958 852 1229 921 μακάριος
1257 854 1553 916 ἀπόστολος
1582 859 1742 921 γνοὺς

165 937 263 1005 ἔφη
284 952 296 965 ·
329 939 537 1000 Ὄντως
565 942 595 1008 ἡ
625 940 740 1002 ὁδὸς
766 941 1008 1005 εῦλυτος.
1053 946 1431 1014 ιιαλαιοράφον
1457 948 1511 1000 δὲ
1543 947 1739 1000 θεατάς

166 1046 322 1097 μενος
366 1032 649 1084 ἐπέδωκεν
714 1035 860 1103 αὐτῷ
899 1036 959 1087 τὸ
988 1038 1275 1106 ὑπόδημα*
1338 1040 1397 1091 τὸ
1452 1041 1622 1110 ῥάφος
1664 1040 1739 1110 τῷ

161 1119 366 1189 ὀπητίῳ
395 1122 631 1190 ἐπλ,ηξεν
664 1122 829 1178 αὑτοῦ
866 1131 963 1195 τὴν
990 1130 1285 1199 ἀριστερὰν
1333 1134 1486 1201 χεῖρα
1517 1133 1610 1185 καί
1634 1150 1735 1201 φη-

163 1227 273 1260 σιν’
342 1207 435 1274 Εἷς
471 1213 625 1277 Θεός.
696 1216 753 1270 Ὀ
798 1218 853 1269 δὲ
893 1222 1165 1290 μακάριος
1203 1224 1423 1292 Μάρκος
1461 1226 1731 1288 ἀκούσας·

160 1296 249 1363 Εἷς
273 1302 433 1367 Θεὸς,
471 1305 575 1375 ἔφη
618 1309 672 1360 ὲν
706 1310 883 1377 ἑαυτῷ
916 1312 1154 1378 γελάσας
1177 1330 1190 1343 °
1229 1316 1488 1369 Εὐώδωσε
1532 1319 1736 1387 Κύριος

158 1394 250 1464 τὴν
277 1396 397 1448 ὁδόν
428 1415 551 1467 μου.
581 1401 689 1453 Καὶ
722 1404 935 1467 trioa;
967 1408 1160 1474 χαμαὶ,
1199 1408 1456 1479 ἐποίησεν
1478 1410 1644 1479 πηλὸν
1676 1415 1739 1464 ὲκ

153 1487 242 1540 τοῦ
277 1490 601 1559 πτύσματος
621 1495 990 1566 κα“ιέπέχρισε
1062 1501 1160 1569 τὴν
1201 1504 1359 1570 χοῖροι
1396 1501 1489 1553 τοῦ
1541 1505 1732 1574 ἀνδρὸς

154 1575 361 1643 λέγων·
421 1581 510 1632 Ἑν
561 1582 638 1651 τῷ
684 1584 913 1652 ὀνόματι
973 1586 1146 1654 Ἰησοῦ
1183 1589 1439 1653 Χριστοῦ,
1473 1590 1565 1641 τοῦ
1600 1591 1731 1643 Υίοῦ

152 1668 241 1720 τοῦ
292 1669 431 1724 Θεοῦ
470 1673 564 1724 τοῦ
621 1675 821 1737 ζῶντος
852 1677 930 1737 είς
976 1676 1099 1737 τοὺς
1131 1679 1353 1741 αἰῶνας,
1410 1680 1516 1731 ἴσθι
1549 1682 1727 1749 ὑγιής.

151 1760 254 1810 Καὶ
275 1762 485 1824 εὐθέως
519 1762 643 1832 ἰάθη
695 1766 726 1833 ἡ
769 1766 891 1834 χεὶρ
936 1766 1283 1837 τοῦιὰνδρός.
1319 1769 1376 1822 Ὀ
1412 1771 1467 1823 δὲ
1501 1773 1728 1825 παλαιο-

150 1851 318 1921 piso;
378 1854 670 1923 ιστορήσας
714 1857 811 1927 τὴν
853 1856 1082 1928 δύναμιν
1114 1859 1208 1913 τοῦ
1253 1861 1466 1931 ἀιδρὸς.
1501 1864 1593 1916 καὶ
1632 1865 1728 1934 τὴν

148 1947 431 2015 ινέργειιιν
464 1948 558 2001 τοῦ
591 1948 749 2017 λόγου
773 1952 960 2016 αὐτοῦ,
987 1955 1077 2005 καὶ
1109 1955 1169 2006 τὸ
1194 1955 1487 2023 ἀσκητικὸν
1522 1957 1725 2027 σχῆμα,

149 2033 299 2093 εἶπεν
335 2041 519 2110 αὐτῷ·
552 2043 754 2111 Δέομαί
789 2062 906 2107 σου,
956 2045 1211 2115 ἄνθρωπε
1244 2046 1335 2098 τοῦ
1367 2047 1524 2113 Θεοῦ,
1570 2049 1730 2118 δεῦρο

145 2130 454 2184 κατάλυε-πον
494 2134 733 2203 σήμερον
770 2136 850 2197 είς
908 2139 998 2187 τὸν
1051 2132 1198 2188 οἷκον
1238 2138 1329 2189 τοῦ
1368 2139 1556 2200 παιδός
1609 2158 1725 2206 σου,

143 2222 235 2274 καὶ
273 2225 591 2294 φαγώμεθα
641 2227 777 2295 ὁμοῦ
835 2227 1027 2297 ψωμὸν
1082 2230 1274 2301 ἄρτου,
1314 2232 1402 2283 ὅτε
1466 2234 1728 2303 ἐποίησας

143 2315 289 2376 ἔλεος
329 2317 451 2376 μετ’
492 2317 626 2385 ἐμοῦ
686 2321 948 2389 σήμερον.
1025 2322 1081 2373 Ὀ
1112 2324 1167 2374 δὲ
1206 2326 1474 2394 μακάριος
1504 2327 1730 2395 Μάρκος

144 2407 457 2477 περιχαρὴς
488 2412 781 2479 γενόμενος
810 2413 913 2481 ἔφη
935 2431 948 2443 ε
992 2413 1048 2466 '0
1079 2414 1281 2480 Κύριος
1308 2414 1417 2485 δῴῃ
1453 2433 1534 2468 σοι
1564 2417 1728 2486 ἄρτον

140 2497 284 2569 ζωῆς
310 2502 670 2569 ἐπουρανίου.
716 2503 775 2557 '0
802 2504 857 2556 δὲ
906 2504 1189 2573 ἄνθρωπος
1233 2508 1609 2575 παρεόιάσατο
1636 2512 1726 2563 τὸν

139 2589 442 2641 ἀπόστολον
479 2590 573 2642 καὶ
604 2592 923 2661 εἰσήνεγκεν
951 2594 1114 2647 αὑτὸν
1149 2595 1227 2658 εἰς
1256 2595 1348 2646 τὸν
1389 2592 1535 2650 οἷκον
1558 2600 1723 2655 αὑτοῦ

139 2680 365 2749 χοίρων.

204 2860 277 2910 Δ’.
313 2857 591 2912 Εἰσελθὼν
621 2860 678 2914 δὲ
703 2862 730 2914 6
761 2865 1032 2936 μακάριος
1065 2868 1294 2939 Μάρκος
1322 2866 1476 2927 εἶπεν
1502 2889 1517 2905 ⁶
1554 2875 1722 2927 Εὐλο-

138 2949 230 3017 γία
285 2953 499 3019 Κυρίου
555 2948 657 3007 ὦδε
683 2972 696 2986 ο
731 2958 1023 3027 εὐξόμεθα,
1079 2962 1323 3031 ἀδελφοί.
1354 2966 1461 3018 Καὶ
1487 2966 1721 3036 ηὔξαντο

138 3042 274 3110 ἅμα,
302 3048 401 3094 καὶ
436 3045 575 3113 μετά
600 3047 698 3115 τὴν
728 3049 893 3117 εὐχὴν
927 3052 1326 3123 ἁνεκλῄοησαν.
1372 3058 1456 3122 Ὠς
1488 3060 1542 3112 δὲ
1579 3062 1721 3129 iw:-

1486 366 1667 426 γιτΑ
1711 368 1771 426 S.
1818 365 1922 427 MA
1938 366 2086 427 RCI.

3318 388 3419 453 166

1919 480 2002 535 Ill.
2041 480 2236 536 Beatus
2293 498 2421 538 vero
2472 484 2683 543 Marcus
2727 492 2988 559 postridie
3033 496 3417 556 Alexandriam

1848 581 1993 627 venit
2028 575 2120 644 (l).
2155 573 2398 646 Cumque
2427 579 2793 638 descendisset
2821 599 2850 639 e
2883 588 3029 655 navi,
3068 591 3201 645 adiit
3238 593 3417 647 locum

1847 670 2161 734 quemdam,
2214 669 2307 736 qui
2344 671 2636 726 vocabatur
2700 674 2973 730 Mendion.
3037 679 3168 734 Cum
3235 696 3416 738 autem

1846 755 1964 823 ejus
2002 758 2154 811 urbis
2206 770 2412 827 portam
2465 762 2743 828 ingressus
2796 781 2961 831 esset,
3008 774 3189 828 statim
3247 774 3417 843 ipsius

1845 848 2269 904 calcearnentum
2310 851 2633 908 dissolutum
2670 857 2789 913 fuit.
2829 859 2978 927 Quod
3025 865 3216 919 beatus
3279 882 3413 934 apo-

1845 940 2014 993 stolus
2060 942 2413 1014 intelligens:
2446 943 2605 1013 Vere,
2645 949 2843 1017 inquit,
2883 954 2968 1015 via
3023 956 3134 1008 htrc
3163 961 3412 1026 expedita

1842 1041 1896 1083 et
1950 1032 2126 1087 facilis
2182 1047 2287 1091 est.
2324 1034 2561 1107 Visoque
2617 1052 2857 1096 veterqu
2918 1048 3410 1106 calceamentowm

1842 1129 2048 1188 sutore,
2083 1126 2512 1183 caleeamentum
2553 1132 2905 1189 reﬁciendum
2954 1138 3003 1191 ei
3046 1142 3284 1196 tradidit.
3317 1142 3411 1198 ille

1842 1227 1971 1267 vero
2018 1216 2510 1273 calceamentorum
2560 1233 2710 1276 sutor
2748 1226 2935 1280 subula
2976 1229 3253 1285 sinistram
3296 1249 3413 1286 ma-

1843 1319 1967 1356 nntn
2000 1322 2150 1393 suanm
2205 1312 2494 1377 percussit,
2525 1324 2580 1366 et
2610 1316 2893 1370 continu0'
2920 1317 3175 1375 clamavit
3212 1342 3225 1376 :
3260 1322 3412 1379 Unus

1840 1396 1982 1453 Deus
2013 1409 2114 1453 est.
2150 1400 2214 1455 ld
2248 1419 2369 1456 cum
2401 1405 2586 1459 beatus
2632 1407 2843 1464 Marcus
2878 1412 3195 1472 audivisset,
3221 1430 3405 1468 secum

1837 1495 2080 1559 cogitans
2108 1509 2171 1548 ac
2204 1495 2391 1551 ridens
2422 1498 2557 1552 dixit
2596 1516 2609 1553 :
2642 1499 2963 1568 Prosperntn
2995 1504 3123 1557 fecit
3150 1504 3408 1560 Dominus

1837 1584 1939 1636 iter
1974 1600 2175 1640 meum.
2208 1587 2453 1656 Cumque
2486 1590 2539 1643 in
2575 1592 2793 1645 humum
2823 1592 3145 1664 deSpnisset,
3180 1612 3245 1649 ex
3289 1599 3406 1666 ipso

1834 1684 1993 1741 sputo
2025 1676 2191 1728 lutum
2222 1679 2477 1745 confecit,
2509 1691 2562 1733 et
2598 1682 2713 1748 ejus
2747 1684 2844 1737 viri
2883 1702 3095 1739 manum
3138 1688 3358 1747 illincns
3388 1706 3403 1743 :

1837 1762 1889 1817 In
1932 1770 2175 1829 nomine,
2208 1769 2400 1836 inquit,
2428 1768 2556 1824 Jesu
2588 1771 2790 1825 Christi
2825 1776 3055 1829 viventis
3093 1778 3145 1829 itt
3180 1785 3401 1845 saecula,

1841 1865 1957 1910 esto
1989 1874 2186 1925 sanus;
2222 1875 2283 1913 ac
2329 1863 2513 1915 statim
2544 1864 2658 1934 ejus
2690 1866 2787 1919 viri
2825 1883 3017 1923 manus
3064 1866 3402 1929 sanata'est.

1836 1945 1996 2000 Sutor
2032 1960 2208 2002 autem
2251 1951 2340 2005 ille
2375 1969 2495 2007 cum
2528 1958 2757 2025 aposwli
2790 1957 2952 2013 Marci
2990 1967 3311 2031 potentiam,
3344 1974 3399 2020 et

1834 2040 2099 2093 orationis
2132 2041 2526 2112 eﬂicacitatem,
2582 2048 2937 2121 habitumque
2985 2055 3200 2108 virtutis
3238 2070 3401 2110 exer-

1831 2128 2077 2181 citationi
2127 2134 2543 2189 convenientem
2594 2139 3072 2197 animadvertisset
3124 2162 3137 2199 :
3180 2144 3399 2216 Precor,

1831 2214 2029 2283 inquit,
2062 2227 2133 2281 te,
2166 2218 2329 2273 homo
2369 2219 2485 2286 Dei,
2524 2237 2581 2277 ut
2615 2230 2798 2280 venias
2851 2233 3009 2284 hodie
3055 2243 3108 2285 et
3161 2214 3403 2290 divertas

1830 2309 1896 2361 ad
1957 2315 2172 2364 domum
2232 2315 2373 2366 servi
2423 2316 2521 2379 tui,
2571 2327 2628 2371 ut
2680 2320 2841 2373 simul
2900 2339 3037 2391 pane
3096 2332 3398 2395 vescamur,

1831 2401 2085 2468 quoniam
2126 2405 2496 2462 misericordia
2546 2410 2705 2465 hodie
2753 2428 2838 2468 tne
2871 2428 3187 2483 prosecutus
3225 2418 3398 2476 fuisti.

1828 2494 2027 2553 Beatus
2088 2500 2365 2568 apostolus
2429 2502 2644 2559 Marcus
2694 2521 2758 2561 ea
2807 2524 2864 2563 re
2921 2510 3075 2563 valde
3115 2513 3325 2571 laetatus
3382 2534 3398 2576 :

1828 2590 2112 2658 Dominus,
2149 2595 2342 2662 inquit,
2378 2595 2524 2651 dabit
2560 2600 2652 2653 tibi
2707 2614 2899 2668 partem
2958 2605 3078 2658 vita:
3132 2609 3396 2664 caelestis.

1828 2680 1999 2738 Homo
2051 2686 2215 2753 igitur
2272 2688 2359 2741 ille
2411 2692 2563 2743 valde
2613 2690 2823 2757 hilaris,
2871 2696 3051 2763 coegit
3094 2700 3398 2766 apostolum

1826 2776 2043 2832 domum
2077 2795 2227 2833 suam
2260 2781 2551 2835 divertere.

1901 2871 1989 2927 IV.
2028 2872 2197 2938 Quam
2231 2889 2350 2926 eum
2388 2875 2580 2927 beatus
2619 2873 2831 2932 Marcus
2859 2877 3201 2936 introivisset
3234 2901 3247 2938 :
3292 2883 3396 2938 Be-

1826 2967 2081 3029 nedirtio,
2117 2965 2312 3031 inquit,
2365 2966 2576 3021 Domini
2620 2970 2707 3022 hic
2747 2972 2838 3022 sit.
2870 2969 3163 3026 Precetnur
3205 2974 3428 3040 Denm,.

1826 3058 2038 3111 fratres.
2093 3059 2168 3110 Ac.
2223 3059 2383 3111 simul
2445 3061 2647 3129 precati
2711 3072 2860 3124 sunt,
2910 3073 2963 3116 et
3020 3076 3140 3131 post
3201 3082 3391 3135 preces

136 3133 436 3204 θύνθησαν,
472 3130 625 3187 εἶπεν
648 3138 674 3189 6
702 3138 990 3208 ἄνθρωπος
1020 3157 1036 3171 °
1081 3144 1283 3215 Πάτερ,
1326 3149 1378 3199 τί
1405 3151 1534 3218 ἄρα,
1567 3154 1716 3205 καλῶ

1826 3150 2219 3204 accubuerunt.
2252 3149 2322 3205 Ut
2354 3166 2480 3204 vero
2522 3152 2749 3222 benigne
2780 3167 2839 3208 se
2876 3154 3110 3209 vicissim
3162 3173 3391 3227 accepe-

136 3240 215 3287 σι,
257 3224 345 3287 τίς
378 3221 429 3277 εἷ
457 3227 552 3279 καὶ
577 3227 740 3280 πόθεν
781 3231 808 3281 6
838 3229 994 3299 λόγος
1024 3227 1177 3296 οὗτος
1207 3238 1235 3287 6
1261 3236 1481 3301 δυνατὸς
1512 3242 1570 3291 ἐν
1599 3243 1716 3308 σοις

133 3316 266 3372 Eine
325 3320 385 3373 δὲ
416 3324 445 3375 6
469 3322 624 3390 ἆγιος
650 3324 873 3393 Μάρκος
898 3342 911 3355 ⁸
958 3326 1100 3396 Ἐγὼ
1131 3328 1315 3393 δοῦλός
1348 3334 1464 3403 εἰμι
1485 3333 1583 3386 τοῦ
1608 3337 1720 3387 Κυ-

135 3414 250 3481 ρίου
296 3414 480 3485 Ἰησοῦ
517 3418 756 3484 Χριστοῦ
792 3420 885 3473 τοῦ
919 3422 1050 3476 Υίοῦ
1083 3424 1175 3477 τοῦ
1206 3424 1363 3482 Θεοῦ.
1423 3425 1555 3481 Eine
1609 3430 1663 3481 δὲ
1688 3429 1715 3481 6

129 3504 470 3573 ἄνθρωπος’
540 3510 878 3581 Ἐὄουλὸμην
936 3518 1101 3570 αὑτὸν
1161 3521 1310 3574 ἰδεῖν.
1376 3521 1508 3576 Εἷπε
1569 3526 1624 3578 δὲ
1686 3528 1714 3579 6

128 3596 282 3660 ἅγιος
310 3598 530 3665 μάρτυς
558 3599 650 3677 τοῦ
677 3602 917 3672 Χριστοῦ
946 3607 1172 3677 Μάρκος
1196 3625 1211 3640 ο
1266 3612 1407 3678 Ἐγώ
1443 3630 1524 3665 σοι
1547 3618 1714 3670 αὐτὸν

123 3686 388 3742 δεικνύω.
418 3689 531 3741 Καὶ
561 3691 763 3761 ήρξειτο
789 3696 817 3747 6
853 3696 1008 3764 ἆγιος
1060 3701 1287 3769 Μάρκος
1333 3705 1507 3774 ἀρχὴν
1545 3709 1713 3757 ποιεῖ-

122 3780 246 3834 σθαι
272 3780 374 3833 τοῦ
404 3782 742 3851 Εὑαγγελίου
778 3788 952 3859 Ἰησοῦ
977 3791 1239 3860 Χριστοῦ,
1276 3794 1400 3847 Υἱοῦ
1432 3797 1524 3849 τοῦ
1550 3797 1706 3864 Θεοῦ,

124 3872 254 3925 Υἰοῦ
284 3872 573 3943 Ἀϐραὰμ,
606 3879 700 3929 καὶ
723 3878 995 3931 δεικνύειν
1019 3882 1167 3949 αὐτῷ
1196 3886 1264 3933 τὰ
1295 3888 1421 3952 περὶ
1446 3888 1551 3937 τῶν
1578 3906 1709 3955 προ-

119 3968 309 4033 φητῶν
329 3966 525 4017 αὑτοῦ.
562 3966 619 4017 '0
648 3968 702 4018 δὲ
728 3968 1015 4038 ἄνθρωπος
1075 3968 1196 4025 εἷπε
1217 3988 1232 4002 ·
1265 3976 1489 4043 Δέομαι,
1527 3978 1704 4048 κύριε,

118 4057 228 4124 ἐγὼ
257 4057 489 4127 γραφὰς
529 4056 708 4128 ἇσπερ
737 4061 798 4111 σὺ
823 4062 1021 4129 λέγεις,
1056 4066 1307 4120 οὐδέποτε
1340 4069 1567 4138 ἥκουσα,
1592 4072 1704 4123 ἀλλ’

128 4149 333 4203 Ἰλίιδα
365 4152 462 4202 καὶ
510 4150 847 4214 Ὀδυσειάδα,
886 4156 983 4207 καὶ
1016 4157 1116 4210 ὅσα
1152 4161 1467 4225 σοφίζονται
1508 4166 1555 4214 oi
1596 4181 1704 4217 των

116 4242 439 4308 Αἰγυπτίων
477 4244 686 4304 παῖδες.
720 4244 903 4298 Τότεὸ
936 4247 1091 4315 ἅγιος
1135 4250 1360 4320 Μάρκος
1412 4253 1716 4329 ιεξιαιγγελίωΔ

119 4329 309 4393 ζεσθαι
350 4331 507 4401 αὐτῷ
535 4334 627 4385 τὸν
656 4334 891 4404 Χριστὸν
927 4339 1022 4390 καὶ
1057 4338 1323 4394 δεικνύειν
1355 4342 1502 4413 αὐτῷ
1553 4347 1635 4396 ὅτι
1667 4346 1698 4414 ὴ

120 4425 280 4491 σοφία.
302 4424 401 4477 τοῦ
426 4428 634 4494 κόσμου
666 4428 855 4480 τούτου
886 4433 1069 4501 μωρία
1103 4436 1253 4503 παρὰ
1272 4436 1349 4505 τῷ
1371 4437 1498 4506 Θεῷ
1528 4440 1698 4493 ἐστιν.

1822 3252 1969 3308 runt,
2006 3244 2141 3297 dixit
2190 3243 2351 3297 homo
2381 3244 2468 3298 ille
2503 3262 2517 3296 :
2551 3244 2731 3309 Pater,
2761 3248 2991 3302 obsecro
3028 3259 3099 3313 te,
3128 3253 3250 3319 quis
3285 3253 3391 3306 es?

1819 3334 1885 3387 Et
1918 3337 2182 3388 undenam
2232 3337 2408 3389 oratio
2460 3338 2559 3389 ista
2608 3347 2716 3389 tam
2753 3351 2943 3405 potens
2976 3342 3027 3393 itt
3062 3351 3113 3395 te
3145 3346 3386 3412 profecta

1818 3425 1941 3479 eSt?
1969 3428 2066 3479 Cui
2100 3438 2319 3481 sanctus
2367 3427 2583 3484 Marcus
2615 3431 2749 3485 dixit
2794 3449 2807 3484 :
2850 3431 2959 3501 Ego
3006 3450 3197 3490 servus
3257 3451 3377 3489 sum

1820 3516 2030 3570 Domini
2062 3514 2185 3569 Jesu
2219 3516 2441 3579 Christi,
2481 3520 2598 3570 Filii
2635 3522 2749 3574 Dei.
2790 3521 3013 3585 Vellem,
3047 3525 3218 3592 inquit
3272 3525 3382 3586 ille,

1819 3611 1989 3663 Deum
2020 3612 2217 3664 videre.
2251 3609 2387 3663 Tum
2445 3618 2662 3664 sanctus
2718 3611 2930 3667 Murcus
2964 3631 2977 3667 :
3008 3614 3162 3669 Illum
3198 3618 3373 3685 ipsum

1813 3704 1906 3754 tibi
1924 3707 2223 3756 ostendam.
2245 3703 2533 3773 Coepitque
2554 3715 2773 3760 sanctus
2803 3709 3083 3775 apostolus
3107 3725 3378 3777 exponere

1814 3792 2024 3844 initium
2065 3792 2205 3844 illius
2241 3795 2512 3860 Evangelii
2565 3811 2576 3845 :
2627 3794 2790 3849 Liber
2845 3803 3210 3866 generationis
3249 3800 3375 3855 Jesu

1810 3883 2034 3948 Christi,
2072 3885 2161 3938 ﬁlii
2191 3884 2375 3947 David,
2404 3885 2499 3939 ﬁlii
2520 3886 2826 3941 Abraham'
2851 3889 3040 3958 :eiqne
3065 3894 3373 3957 ostendere,

1809 3989 1928 4042 qua:
1958 3977 2232 4040 protihetm
2259 3979 2357 4044 ipsi
2397 3978 2466 4031 de
2485 3980 2701 4033 Christo
2730 3981 3117 4049 praedixerunt.
3153 3982 3246 4037 Vir
3276 3999 3379 4037 au-

1812 4077 1913 4121 tem
1937 4068 2022 4122 ille
2049 4086 2062 4121 :
2086 4066 2243 4129 Istas,
2270 4070 2467 4136 inquit,
2488 4072 2724 4134 domine,
2743 4072 3049 4139 Scriptor-as
3066 4090 3199 4142 quas
3222 4089 3277 4129 tu
3295 4078 3377 4128 di-

1807 4161 2185 4229 cis.nunquam
2209 4176 2308 4230 ego
2330 4162 2527 4228 audivi,
2557 4164 2647 4216 sed
2672 4161 2889 4219 Iliadem
2906 4176 2959 4217 et
2981 4163 3299 4236 Odysseam,
3319 4178 3373 4223 et

1806 4266 2156 4319 quteeuntqne
2185 4250 2556 4321 Aigpytiorutn
2594 4253 2688 4303 lilii
2743 4257 2922 4307 doceri
2973 4259 3164 4310 solent.
3222 4258 3372 4312 Tunc

1804 4343 1971 4410 etrapit
2021 4354 2245 4396 sanctus
2296 4343 2624 4413 evangeliSta
2677 4341 2889 4399 Marcus
2946 4345 3220 4400 Christum
3272 4349 3372 4418 ipsi

1806 4437 2081 4498 nuntiare,
2115 4446 2275 4504 atque
2306 4439 2593 4489 ostendere
2638 4437 2797 4504 hujus
2831 4439 3012 4492 mundi
3052 4443 3371 4506 sapientiam

128 4512 454 4566 ’Enicteuoe
515 4515 616 4567 6&6
647 4516 934 4586 ἄνθρωπος
967 4521 1044 4589 τῷ
1070 4522 1185 4592 Θεῴ
1214 4525 1302 4575 διὰ
1334 4527 1442 4577 τῶν
1472 4528 1574 4580 ὑπὸ
1608 4530 1698 4580 τοῦ

1836 4530 2084 4580 tultitiatn
2127 4544 2247 4581 esse
2272 4530 2410 4595 apud
2445 4528 2627 4585 Dcttnt.
2649 4529 2889 4581 Credidit
2924 4532 3085 4583 homo
3120 4534 3207 4586 ille
3242 4534 3369 4599 Deo,

115 4605 347 4674 Μάρκου
371 4605 690 4674 λεγομένων
717 4610 961 4680 σημείων
993 4614 1089 4666 καὶ
1121 4617 1387 4683 τεράτων,
1424 4621 1520 4669 καὶ
1553 4621 1699 4687 ἐφω-

113 4696 276 4767 τίσθη
306 4698 499 4761 αὐτὸς,
533 4700 626 4751 καὶ
653 4700 774 4764 ὅλος
799 4705 828 4756 6
876 4699 1022 4768 οἶκος
1046 4706 1233 4773 αὑτοῦ,
1266 4710 1359 4761 καὶ
1389 4709 1523 4762 πολὺ
1558 4711 1696 4781 πλῆ-

111 4789 204 4852 οος
242 4791 338 4844 τοῦ
367 4791 538 4844 τόπου
567 4793 802 4850 ἐκείνου.
838 4792 947 4850 Ἦν
976 4798 1033 4851 ὀδ
1063 4800 1123 4851 τὸ
1152 4799 1324 4870 ὄνομα
1355 4800 1449 4855 τοῦ
1482 4802 1692 4873 ἀνθρώ-

110 4898 216 4937 που
245 4886 465 4939 ἐκείνου
505 4886 772 4953 Ἁνανίας.

177 5070 260 5128 E'.
302 5071 395 5137 Ὦς
433 5072 491 5125 δὲ
525 5071 682 5143 ῦχλος
712 5076 932 5145 ἐγένετο
953 5077 1064 5131 τῶν
1094 5080 1458 5133 πιστευόντων
1488 5080 1579 5131 ἐπὶ
1602 5081 1693 5133 τὸν

106 5167 341 5237 Κύριον,
367 5168 610 5240 ἥκουσαν
629 5169 676 5219 οἱ
701 5170 892 5238 ἄνδρες
923 5171 1022 5240 τῆς
1049 5172 1282 5236 πόλεως,
1304 5174 1386 5226 ὅτι
1409 5172 1692 5236 Γαλιλαῖός

104 5274 188 5319 τις
248 5259 589 5329 παρεγένετο
646 5258 904 5324 ἐνταῦθα,
966 5262 1060 5315 καὶ
1122 5265 1420 5334 ἀνατρέπει
1458 5264 1554 5326 τὰς
1582 5265 1689 5317 τῶν

103 5349 249 5402 θεῶν
274 5351 493 5415 θυσίας,
524 5352 619 5405 καὶ
648 5352 846 5406 κωλύει
875 5354 1057 5407 αὐτῶν
1087 5357 1184 5418 τὰς
1216 5356 1537 5426 θρησκείας,
1591 5358 1686 5409 καὶ

101 5442 336 5515 ἐζήτουν
367 5446 534 5498 αὑτὸν
564 5446 907 5511 ἀποκτεῖναι,
959 5448 1051 5500 καὶ
1087 5448 1288 5517 ἔθηκαν
1316 5449 1462 5520 αὐτῷ
1481 5450 1682 5517 ἐνεδρα.

97 5537 293 5590 πολλὰ.
337 5537 629 5605 Ἑπιγνοὺς
660 5539 715 5592 δὲ
750 5541 777 5590 6
807 5538 962 5607 ἅγιος
999 5540 1222 5610 Μάρκος
1256 5542 1349 5601 τὰς
1387 5543 1679 5605 ἐπιϋουλὰς

172 5658 189 5687 ⁸
231 5654 425 5707 Matth.
462 5670 500 5719 ι,
546 5653 589 5722 l,
626 5656 682 5709 2.

1800 4630 2019 4689 propter
2044 4635 2106 4673 ea
2133 4635 2254 4690 qum
2280 4635 2310 4673 a
2335 4618 2519 4672 Marco
2542 4618 2683 4673 dicta
2714 4630 2860 4685 sunt,
2883 4631 2936 4674 et
2966 4637 3185 4692 prepter
3215 4626 3371 4695 signa

1800 4724 1851 4764 et
1887 4714 2129 4781 prodigia
2173 4728 2269 4783 per
2311 4723 2432 4766 eutn
2495 4712 2631 4764 licta
2667 4729 2681 4766 :
2726 4712 2947 4781 ipseque
2992 4724 3047 4767 et
3098 4723 3207 4769 tota
3251 4718 3372 4785 ejus

1798 4804 2012 4865 domus,
2063 4809 2117 4854 et
2176 4817 2369 4870 magna
2436 4802 2555 4869 ejus
2623 4803 2860 4870 regionis
2933 4805 3245 4869 multitudo,
3300 4809 3369 4863 ab

1798 4893 2125 4962 evangelista
2159 4893 2273 4962 ipso
2298 4893 2597 4945 illuminata
2626 4900 2730 4947 est.
2762 4892 2892 4948 Erat
2921 4908 3101 4950 autem
3132 4900 3368 4953 hominis

1796 4985 1938 5039 illius
1968 4999 2161 5038 nomen
2193 4986 2457 5039 Anianus.

1867 5077 1928 5131 V.
1960 5076 2094 5131 Cum
2138 5094 2264 5132 vero
2315 5080 2579 5135 crevisset
2634 5094 2893 5137 numerus
2949 5096 3138 5140 eorum
3174 5086 3265 5153 qui
3308 5085 3365 5137 in

1793 5169 2022 5226 Domino
2084 5173 2469 5236 crediderunt,
2524 5172 2846 5229 audiverunt
2912 5175 3152 5229 civitatis
3220 5177 3363 5229 illius

1789 5265 2098 5331 optimates,
2147 5265 2424 5319 Galilteum
2478 5270 2765 5335 quemdam
2821 5268 2945 5321 illue
2986 5272 3230 5335 venisse,
3266 5272 3359 5338 qui

1787 5356 2008 5411 deorum
2072 5359 2343 5411 saerilieia
2410 5372 2700 5427 everteret,
2750 5369 2806 5414 et
2860 5363 3099 5428 ipsorum
3155 5364 3354 5419 cultum

1787 5448 2091 5517 impediret.
2124 5448 2484 5515 Quamobrem
2517 5467 2642 5505 eum
2698 5453 3008 5507 interﬁcere
3044 5454 3352 5520 studebant,

1785 5554 1946 5612 atque
1980 5541 2204 5596 insidias
2251 5546 2444 5598 multas
2480 5545 2526 5598 ei
2570 5544 2862 5600 faciebant.
2896 5546 3042 5611 Quas
3077 5563 3196 5601 cum
3230 5561 3352 5600 san.

165 5800 431 5867 (ηΑηιιο
467 5798 537 5853 ις
576 5798 726 5852 venit
766 5796 1167 5854 Alexandriam.
1208 5799 1340 5856 Vide
1382 5800 1579 5856 Euseb.
1620 5803 1669 5857 in
1716 5801 1909 5861 Chron.
1937 5800 2136 5858 Baron.
2173 5818 2240 5857 an
2270 5802 2360 5861 45.
