4196 6306
168 335 256 397 169
1435 334 1617 392 VlTA
1656 334 1716 393 S.
1758 331 2024 392 MARCI.

3290 343 3389 400 ΠΟ

160 450 494 504 ἀπολοῦνται.
546 449 767 520 Ταύτην
825 451 926 521 τὴν
987 448 1251 503 ὀπτασίαν
1287 448 1627 518 θεασάμενος
1690 448 1717 500 ὁ

1832 442 1873 502 in
1907 447 2071 503 caelos
2117 443 2436 517 suscipient,
2483 456 2538 502 et
2562 447 2804 520 reliquis:
2851 459 2954 508 tuae
2998 453 3052 509 in
3099 458 3259 512 terris
3286 475 3391 513 non

163 540 414 613 μακάριος
444 543 697 612 Μάρκος,
728 543 823 604 τὰς
858 543 1045 612 χεῖρας
1074 539 1237 593 αὑτοῦ
1269 541 1509 602 τανύσας
1542 536 1717 593 εἶπεν

160 632 469 703 Εὐχαριττῶ
510 650 608 698 σοι,
649 633 824 704 Κύριέ
855 649 960 703 μου
1017 632 1192 700 Ἰησοῦ
1238 633 1476 701 Χριστδ,
1510 633 1593 685 ὃτι
1625 632 1724 684 οὐκ

159 728 511 793 ἐγκατέλιπές
566 744 677 799 με⁹
735 727 868 781 ἀλλὰ
904 727 1430 797 συγκατηρίθμησάς
1482 744 1550 796 με
1587 725 1726 797 μετά

159 819 250 871 τῶν
278 819 454 888 ἁγίων
489 836 605 873 σου.
650 819 852 888 Δέομαί
886 836 1001 885 σου,
1065 818 1240 889 Κύριε
1281 818 1453 888 Ἰησοῦ
1497 818 1722 887 Χριστέ,

159 912 353 981 πρόσδε
367 913 455 976 ξαι
483 914 541 965 ἐν
569 913 761 982 εἰρήνῃ
793 911 890 982 τὴν
926 912 1106 982 ψυχήν
1135 929 1236 982 μου
1262 913 1353 964 καὶ
1387 912 1459 980 μή
1502 927 1567 978 με
1592 911 1729 962 ἀπο-

157 1005 452 1076 δοκιμάσῃς
519 1005 629 1056 ἀπὸ
658 1005 755 1073 τῆς
786 1005 1014 1074 χάριτός
1070 1022 1185 1057 σου.
1221 1005 1330 1055 Καὶ
1359 1003 1530 1054 ταῦτα
1559 999 1725 1054 αὑτοῦ

156 1099 419 1161 εἰπόντος,
447 1100 475 1151 ὁ
509 1098 714 1167 Κύριος
758 1097 968 1165 Ἰησοῦς
1022 1096 1358 1165 παρεγένετο
1399 1095 1534 1164 πρὸς
1564 1094 1726 1146 αὑτὸν

155 1193 226 1262 τῷ
253 1193 495 1263 σχήματι
516 1186 560 1260 ᾧ
591 1189 660 1263 ἦν
695 1193 832 1263 μετὰ
853 1191 960 1244 τῶν
989 1188 1248 1261 μαθητῶν
1286 1187 1476 1250 αὐτοῦ,
1519 1186 1612 1238 καὶ
1640 1185 1730 1255 οἷα

159 1288 333 1353 μορφῇ
387 1281 454 1353 ἦν
507 1283 614 1354 πρὸ
653 1284 748 1338 τοῦ
779 1283 975 1336 παθεῖν
1027 1280 1194 1335 αὐτὸν
1223 1279 1316 1332 καλ⁵
1339 1278 1601 1348 ταφῆναι,
1634 1276 1731 1330 καὶ

154 1373 294 1438 λέγει
317 1374 472 1444 αὐτῷ
493 1391 506 1406 ·
545 1375 753 1445 Εἰρήνη
784 1391 885 1441 σοι,
917 1373 1154 1443 ἡμέτερε
1194 1371 1411 1440 Μάρκε,
1444 1366 1733 1436 εὐαγγελι-

155 1468 249 1518 στά
273 1485 399 1534 μου.
438 1468 497 1520 '0
519 1467 576 1520 δέ
610 1467 882 1536 μακάριος
908 1466 1137 1536 Μάρκος
1172 1459 1327 1517 εἶπεν
1352 1479 1365 1493 ’
1392 1462 1596 1533 Εἰρήνη
1623 1478 1733 1526 σοιν

155 1557 323 1625 Κύριέ
354 1574 456 1626 μου
489 1556 668 1628 Ἰησοῦ
689 1557 913 1626 Χριστέ.

215 1653 290 1702 6'.
333 1650 554 1718 Πρωϊας
581 1650 637 1700 δὲ
667 1647 992 1716 γενομένης,
1023 1642 1193 1718 ἦλθεν
1236 1645 1400 1699 πάλιν
1439 1646 1498 1698 τὸ
1527 1645 1730 1716 πλῆθος

150 1740 241 1806 τῆς
275 1739 486 1800 πόλεως
518 1740 612 1792 καὶ
635 1739 1026 1807 ἐξενέγκαντες
1056 1739 1219 1792 αὑτὸν
1245 1741 1308 1792 ἐκ
1332 1741 1433 1808 τῆς
1455 1739 1728 1807 φυλακῆς,

149 1830 333 1884 ἔϐαλον
367 1831 529 1885 πάλιν
560 1831 620 1884 τὸ
650 1831 890 1901 σχοινίον
918 1833 998 1896 είς
1024 1832 1115 1884 τὸν
1142 1831 1416 1900 τράχηλον
1452 1830 1616 1884 αὑτοῦ
1637 1831 1734 1883 καὶ
1767 1829 1808 1883 Β
1837 1825 2120 1879 multitudo
2169 1839 2184 1878 :

148 1918 335 1990 ἔσυρον
360 1919 612 1986 λέγοντες
633 1934 648 1949 ⁸
677 1919 927 1990 Σύρομεν
949 1920 1042 1972 τὸν
1069 1917 1336 1988 βούϐαλον
1367 1921 1447 1982 είς
1492 1921 1559 1972 τά
1602 1919 1733 1988 βου-

148 2010 322 2062 κόλου.
379 2009 439 2063 ὐ
469 2011 525 2063 δὲ
560 2012 833 2082 μακάριος
857 2013 1082 2081 Μάρκος
1109 2011 1493 2081 εὐχαριστείας
1531 2011 1731 2080 μᾶλλον

142 2100 465 2166 ἀνέπεμπεν
494 2101 570 2173 τῷ
599 2104 1001 2173 παντοκράτορι
1049 2104 1241 2173 Κυρίῳ
1289 2103 1466 2173 Ἰησοῦ
1509 2103 1730 2174 Χριστῷ

145 2193 337 2264 λέγωνι
365 2196 462 2258 Είς
482 2197 670 2267 χεῖράς
694 2214 813 2263 σου,
839 2196 1036 2268 Κύριε,
1061 2197 1409 2269 παρατίθημι
1427 2197 1487 2252 τὸ
1513 2198 1734 2268 πνεῦμά

146 2303 269 2355 μου.
300 2289 414 2342 Καὶ
440 2288 599 2343 τοῦτο
620 2288 794 2344 είπὼν
827 2293 1116 2360 παρέδωκε
1171 2291 1235 2345 τὸ
1270 2293 1514 2362 πνεῦμα.
1570 2293 1644 2346 Τὸ
1673 2294 1731 2347 δὲ

145 2379 349 2449 πλῆθος
379 2381 489 2433 τῶν
521 2381 802 2437 δυσσεόῶν
845 2384 1116 2455 Ἐλλήνων
1149 2384 1261 2455 πῦρ
1303 2385 1611 2455 άνάψαντες
1653 2386 1734 2449 είς

143 2473 265 2536 τοὺς
299 2472 679 2543 καλουμένους
731 2474 1026 2544 ἀγγέλους,
1057 2477 1375 2546 ἐτέφρωσαν
1396 2476 1456 2528 τὸ
1481 2475 1733 2546 λείψανον

142 2561 233 2614 τοῦ
261 2562 504 2617 δικαίου.
540 2565 675 2618 Τότε
713 2566 946 2637 προνοίᾳ
971 2567 1070 2621 τοῦ
1120 2567 1330 2638 Κυρίου
1366 2568 1461 2623 καὶ
1479 2568 1734 2639 Σωτῆρος

142 2651 302 2720 ημῶν
365 2648 545 2721 Ἰησοῦ
594 2655 836 2726 Χριστοῦ
908 2639 1114 2728 κατέϐη
1173 2657 1398 2727 λαίλαψ,
1446 2659 1542 2711 καὶ
1595 2656 1732 2728 ζάλη

143 2745 349 2816 ἀνέμου
381 2748 606 2815 ἐγένετο
643 2749 878 2819 μεγάλη,
909 2752 1004 2804 καὶ
1028 2753 1056 2805 ὁ
1082 2750 1234 2823 ἥλιος
1270 2749 1735 2812 συνέστειλεντάς

141 2835 396 2906 ἀκτῖνας,
429 2840 526 2894 καὶ
552 2843 771 2906 ἐγένετο
801 2842 1044 2913 βροντῶν
1072 2839 1204 2915 ἦχος
1245 2843 1416 2908 πολὺς
1460 2841 1556 2896 καὶ
1581 2840 1736 2903 ὑετὸς

145 2927 405 2993 πλεῖστος
455 2931 595 3000 μετὰ
658 2934 901 3002 χαλάζης
957 2935 1062 2996 ῑως
1118 2935 1384 3005 ἑσπέρας,
1441 2935 1585 2989 ὥστε
1640 2934 1735 2988 καὶ

143 3021 432 3089 οίκὴματα
461 3022 630 3074 πολλὰ
671 3023 1040 3077 καταπίπτειν
1072 3027 1167 3078 καὶ
1212 3027 1444 3089 πολλοὺς
1471 3028 1733 3098 τεθνηκέ-

1827 542 2097 610 peribunt.
2130 538 2281 596 Hanc
2311 542 2570 597 visionem
2606 558 2728 598 cum
2759 543 2949 601 beatus
2981 546 3196 605 Marcus
3228 551 3397 608 vidis-

1826 641 1930 698 set,
1964 648 2157 688 manus
2186 647 2311 689 suas
2346 636 2403 689 in
2434 634 2629 690 calum
2648 637 2893 694 extendit
2923 654 2986 694 ac
3011 641 3143 697 dixit
3175 661 3188 696 :
3216 663 3234 697 ι
3258 645 3398 701 Gra-

1830 726 1934 782 tias
1982 740 2085 791 ago
2119 726 2236 794 tibi,
2284 726 2507 782 Domine
2549 729 2621 783 mi
2673 727 2802 785 Jesu
2849 730 3082 799 Christe,
3114 736 3255 805 quod
3289 751 3398 792 non

1829 814 2167 884 dereliquisti
2205 831 2314 882 me,
2341 818 2432 872 sed
2459 832 2581 872 cum
2609 819 2809 875 sanctis
2836 821 2942 876 tuis
2979 838 3064 878 me
3105 839 3403 882 connume-

1830 905 1984 959 rasti.
2018 904 2220 961 Precor
2262 915 2336 976 te,
2390 908 2617 964 Domine
2642 909 2771 966 Jesu
2800 911 3031 982 Christe,
3061 925 3135 970 _ut
3168 917 3399 988 accipias

1831 995 1885 1050 in
1926 1011 2056 1066 pace
2101 999 2337 1054 animam
2386 1015 2587 1067 meam,
2640 1018 2817 1074 neque
2865 1021 2952 1061 me
2997 1009 3275 1078 reprobes,
3312 1021 3408 1066 aut

1831 1091 2089 1144 excludas
2131 1106 2160 1144 a
2211 1091 2384 1161 gratia
2428 1102 2570 1147 tua»
2608 1093 2851 1166 Cumque
2882 1097 2995 1153 haec
3027 1099 3117 1155 ille
3164 1101 3402 1170 dixisset,

1832 1180 2092 1237 Dominus
2130 1180 2290 1239 Jesus
2331 1184 2582 1241 Christus
2631 1188 2698 1241 ad
2736 1203 2857 1243 eum
2898 1192 3044 1246 venit
3097 1194 3269 1262 ﬁgura
3315 1195 3407 1249 illa

1832 1290 1992 1344 quam
2023 1275 2274 1342 habebat,
2308 1293 2415 1347 quo
2460 1289 2703 1347 tempore
2735 1280 3050 1336 versabatur
3078 1298 3200 1338 cum
3242 1285 3408 1340 disci-

1833 1367 1972 1436 puiis
2007 1366 2140 1431 suis,
2189 1378 2241 1422 et
2291 1383 2394 1437 qua
2438 1367 2610 1424 forma
2658 1380 2797 1435 erat,
2844 1381 3135 1441 antequam
3187 1390 3408 1431 crucem

1833 1471 2049 1526 passus,
2092 1465 2148 1512 et
2187 1458 2432 1528 sepultus
2485 1459 2695 1516 fuisset.
2732 1459 2832 1528 Qui
2883 1469 2939 1517 et
2978 1462 3028 1519 ei
3077 1465 3214 1519 dixit
3247 1485 3259 1519 :
3295 1467 3409 1523 Pax

1834 1547 1952 1612 tibi,
1985 1545 2164 1605 Marce
2201 1550 2529 1617 evangelista
2579 1567 2757 1609 meus.
2790 1554 2988 1612 Beatus
3033 1572 3163 1612 vero
3190 1557 3407 1615 Marcus

1834 1639 1969 1693 dixit
1997 1656 2010 1691 :
2037 1638 2147 1693 Pax
2180 1641 2297 1706 tibi,
2335 1641 2558 1697 Domine
2582 1643 2708 1699 Jesu
2744 1645 2978 1702 Christe.

1909 1728 2002 1785 lX.
2035 1730 2168 1786 Cum
2200 1747 2328 1788 vero
2359 1732 2475 1789 dies
2499 1735 2786 1802 illuxisset,
2826 1739 2975 1794 venit
3006 1739 3134 1796 illuc
3167 1744 3407 1801 civitatis

2239 1841 2359 1895 quae
2413 1832 2536 1881 cum
2586 1828 2734 1882 illum
2790 1830 3123 1888 eduxissete
3167 1849 3408 1902 carcere,

1835 1932 2024 1972 rursus
2066 1918 2117 1971 in
2161 1916 2279 1985 ejus
2327 1919 2525 1974 collum
2585 1918 2768 1976 funem
2819 1921 3138 1990 injecerunt,
3179 1942 3413 1997 eumque

1834 2011 2235 2078 pertrahentes.
2293 2011 2543 2065 dicebant
2602 2028 2616 2066 :
2671 2013 2981 2070 Trahamus
3036 2018 3290 2072 bubalum
3353 2020 3410 2075 in

1833 2100 2053 2154 bubulci
2103 2101 2400 2158 stabulum.
2449 2105 2519 2156 At
2573 2105 2761 2160 beatus
2806 2105 3022 2162 Marcus
3066 2123 3132 2164 eo
3177 2111 3411 2180 majores

1833 2194 2040 2265 gratias
2070 2195 2431 2265 omnipotenti
2483 2195 2713 2252 Domino
2750 2195 2880 2253 Jesu
2927 2199 3148 2256 Christo
3191 2205 3408 2272 agebat,

1835 2287 2023 2342 dicens
2073 2303 2088 2342 :
2145 2303 2165 2338 ι
2220 2286 2277 2340 ιη
2324 2303 2518 2344 manus
2579 2299 2722 2354 tuas,
2781 2290 3028 2359 Domine,
3083 2297 3407 2350 commendo

1833 2380 2084 2450 spiritum
2119 2393 2300 2435 meum
2323 2379 2344 2410 '
2374 2397 2392 2435 :
2433 2398 2452 2432 ι
2489 2381 2737 2452 Cumque
2769 2382 2872 2438 hoc
2899 2379 3152 2451 dixisset,
3184 2387 3411 2442 tradidit

1837 2472 1947 2527 Deo
1973 2472 2245 2542 spiritum.
2278 2471 2568 2543 lmpiorum
2598 2489 2728 2530 vero
2755 2473 3069 2531 Graecorum
3096 2477 3407 2543 multitudo.

1834 2576 1955 2616 cum
1999 2563 2200 2631 ignem,
2237 2575 2304 2616 eo
2337 2561 2389 2615 in
2422 2561 2540 2616 loco
2571 2562 2663 2632 qui
2701 2564 3035 2633 Angelorum
3073 2567 3292 2620 nomine
3315 2581 3412 2635 ap-

1836 2653 2090 2724 pellatur,
2151 2654 2511 2720 accendisset,
2575 2653 2718 2709 illius
2789 2654 2890 2710 viri
2959 2655 3092 2724 justi
3155 2657 3412 2727 reliquias

1836 2747 2211 2803 comburebat.
2240 2747 2395 2803 Tunc
2428 2747 2641 2802 Domini
2671 2757 2725 2802 et
2751 2747 3050 2804 Salvatoris
3082 2749 3252 2805 nostri
3281 2748 3410 2805 Jesu

1834 2837 2036 2892 Christi
2089 2837 2428 2907 providentia
2479 2836 2681 2891 factum
2733 2849 2838 2905 est,
2873 2849 2932 2894 ut
2981 2840 3138 2896 turbo
3183 2841 3402 2910 quidam

1836 2939 2173 2999 erumperet,
2205 2939 2260 2984 et
2308 2937 2598 2999 tempestas
2649 2944 2841 3000 magna
2893 2931 3063 2996 ﬁeret,
3096 2940 3151 2986 et
3182 2931 3265 2988 sol
3296 2933 3413 3002 ipse

1832 3021 2019 3077 radios
2075 3034 2202 3075 suos
2267 3023 2640 3087 contraheret,
2701 3021 3053 3091 tonitrusque
3111 3032 3169 3078 et
3215 3038 3410 3098 eorum

145 3122 253 3164 ναι.
281 3110 621 3181 Φοὸηθέντες
649 3114 707 3168 δὲ
742 3115 971 3169 ἐάσαντο
1006 3116 1263 3187 λείψανον
1303 3117 1401 3170 τοῦ
1437 3119 1592 3186 ἁγίου
1639 3120 1732 3173 καὶ

1836 3111 2050 3166 sonitus
2094 3109 2298 3164 multus
2349 3110 2651 3177 audiretur,
2695 3110 2927 3179 plurima
2965 3127 3184 3182 quoque
3231 3114 3413 3184 pluria

144 3199 212 3271 ίῳ
229 3219 374 3270 λγον.
406 3178 627 3275 ’ίΕτεροι
663 3206 721 3259 δέ
756 3178 1207 3277 διαχλευάζοντες
1255 3206 1464 3277 ἔλεγον,
1484 3178 1573 3272 ’ὥς
1593 3209 1675 3262 ὅτι
1702 3211 1730 3264 ὁ

1835 3217 1958 3257 cum
1985 3200 2252 3272 grandine
2274 3201 2557 3256 cominista
2583 3216 2749 3270 usque
2767 3200 2836 3254 ad
2862 3215 3139 3271 vesperam
3167 3203 3411 3272 duraret,

146 3294 561 3366 τρισμακάριος
607 3297 849 3368 Σὲραπις
905 3299 1085 3352 αὐτῶν
1124 3298 1224 3366 τὴν
1274 3299 1580 3371 ἐπισκοπὴν
1633 3299 1728 3355 τοῦ

146 3384 343 3453 ἀνδρὸς
375 3389 676 3455 ἐποιήσατο
705 3391 793 3443 διά
821 3390 881 3442 τὸ
913 3390 1079 3443 αὐτοῦ
1110 3392 1406 3459 γενέθλιον.

1836 3295 1909 3349 ita
1956 3303 2013 3347 ut
2052 3293 2283 3348 aediﬁcia
2336 3291 2500 3346 multa
2545 3301 2887 3358 corruerent,
2915 3300 2972 3348 et
3007 3294 3256 3352 homines
3298 3312 3407 3354 non

1836 3386 1994 3458 pauci
2021 3385 2220 3440 mortui
2251 3385 2530 3442 caderent.
2563 3383 2692 3456 Ejus
2727 3385 2895 3457 igitur
2943 3389 3022 3443 rel
3052 3389 3247 3445 timore
3282 3405 3405 3460 per-

150 3477 316 3544 culsi,
385 3478 646 3547 reliquias
695 3483 869 3535 sancti
936 3481 1102 3536 Marci
1144 3484 1554 3552 dereliquerunt
1605 3500 1668 3538 ac
1731 3484 2002 3552 fugerunt.
2054 3479 2161 3536 Alii
2217 3495 2344 3534 vero
2415 3479 2704 3535 irridentes
2770 3479 3042 3548 dicebant,
3094 3480 3410 3539 beatissima

149 3573 369 3626 illorum
409 3571 688 3644 Serapidis
729 3577 1063 3642 providentia
1100 3579 1214 3634 hac
1271 3579 1323 3634 in
1359 3579 1448 3636 illo
1485 3582 1605 3636 viro
1645 3578 1814 3635 fuisse
1840 3579 1986 3631 facta
2017 3587 2238 3645 propter
2264 3574 2494 3628 natalem
2535 3577 2705 3643 ipsius
2733 3577 2898 3632 diem.

217 3670 276 3722 l'.
308 3669 449 3723 Τότε
510 3670 759 3736 ἐλθόντες
818 3674 1012 3745 ἄνδρες
1062 3677 1334 3742 εὐλαϐεῖς,
1383 3678 1732 3732 συνέστειλαν

146 3756 410 3827 λείψανον
461 3761 552 3814 τοῦ
611 3762 820 3819 δικαίου
866 3766 975 3819 άπὸ
1013 3768 1112 3837 τῆς
1132 3768 1337 3838 τέφρας
1368 3771 1462 3822 καὶ
1493 3771 1732 3840 ηνεγκαν

146 3853 281 3903 ὅπου
312 3853 414 3914 τὰς
443 3854 611 3922 εὐχὰς
632 3857 812 3909 αὐτῶν
838 3860 933 3911 καὶ
954 3860 1051 3924 τὰς
1075 3859 1394 3933 ψαλμῳδίας
1419 3860 1727 3926 ἐπετέλουν,

149 3943 243 3998 καὶ
267 3943 577 4013 ἐκήδευσαν
609 3946 774 3998 αὑτὸν
831 3949 1016 4013 καθὼς
1045 3952 1167 4016 ἔθος
1195 3957 1263 4024 τῇ
1297 3954 1471 4015 πόλει,
1506 3955 1601 4007 καὶ
1623 3954 1730 4009 ἁπ-

145 4035 337 4091 έθεντο
387 4038 448 4090 ἐν
478 4037 632 4109 τόπῳ
682 4038 1112 4112 λελατομημένφ
1175 4047 1402 4111 ἐνδόξως
1449 4047 1732 4110 τελοῦντες

145 4127 315 4182 αὑτοῦ
338 4129 441 4200 τὴν
469 4131 692 4203 μνήμην
717 4133 856 4202 μετὰ
881 4135 1248 4204 σωφροσύνων
1271 4139 1365 4191 καὶ
1390 4137 1732 4206 προσευχῶν,

144 4218 219 4279 ὡς
249 4218 476 4287 πρῶτον
508 4225 795 4292 κειμήλιον
825 4225 884 4277 ἐν
940 4224 1327 4298 Ἀλεξανδρείᾳ
1381 4227 1734 4298 κεκτημένοι,

145 4310 242 4362 καὶ
273 4311 356 4375 είς
383 4311 445 4364 τὸ
468 4313 787 4368 ἀνατολικὸν
819 4317 990 4388 μίρος
1019 4319 1306 4375 ἀπέθεντο.
1373 4321 1676 4394 Ἐιοοιμήθη
1706 4320 1734 4372 6

145 4402 429 4469 μακάριος
451 4403 682 4473 Μάρκος
705 4406 735 4457 ὁ
773 4408 1171 4481 εὐαγγελιστὴς
1203 4411 1299 4464 καὶ
1327 4414 1735 4483 πρωτομάρτυς

1908 3675 1978 3731 X.
2011 3674 2166 3729 Tunc
2193 3683 2460 3728 venerunt
2490 3672 2739 3729 homines
2781 3673 3018 3744 religiosi
3056 3683 3113 3732 et
3139 3677 3243 3734 viri
3272 3679 3409 3749 justi

1836 3769 2093 3838 reliquias
2120 3781 2150 3822 a
2180 3768 2367 3822 cinere
2396 3776 2765 3829 accreverunt.
2795 3776 2958 3835 atque
2985 3770 3039 3823 in
3068 3785 3191 3825 eum
3227 3771 3403 3826 locum

1832 3859 2094 3921 tulerunt,
2153 3855 2242 3908 ubi
2303 3869 2493 3924 preces
2551 3862 2606 3910 et
2654 3854 2891 3923 psalmos
2953 3870 3081 3914 suos
3136 3861 3405 3927 canebat;

1833 3949 2056 4019 ejusque
2085 3947 2247 4002 [unus
2277 3953 2560 4012 curarunt,
2595 3953 2656 4000 ut
2686 3947 2927 4002 civitatis
2960 3963 3075 4004 mos
3113 3960 3256 4007 erat.
3295 3952 3407 4010 Rea

1830 4041 2028 4110 liquias
2057 4049 2237 4094 autem
2277 4039 2644 4108 deposuerunt
2671 4038 2725 4092 in
2761 4038 2882 4094 loco
2919 4039 3112 4094 illustri
3143 4057 3174 4096 ο
3207 4042 3403 4112 lapidi-

1830 4135 1935 4188 bus
1982 4129 2191 4194 exciso,
2229 4129 2399 4197 ipsius
2453 4129 2774 4182 memoriam
2824 4129 3005 4186 sobrie
3042 4141 3099 4187 et
3146 4131 3235 4203 pie
3277 4146 3402 4190 cum

1830 4223 2084 4294 precibus
2115 4220 2484 4286 celebrantes,
2519 4235 2628 4292 quo
2661 4220 2793 4277 nihil
2829 4225 3122 4292 pretiosius
3162 4228 3404 4284 Alexan~

1829 4317 1987 4371 drina
2006 4315 2196 4372 civitas
2218 4313 2552 4384 possidebat.
2590 4313 2716 4369 illas
2737 4327 2916 4372 autem
2941 4318 3194 4388 reliquias
3211 4319 3406 4378 Orien-

1834 4416 1941 4462 tem
1989 4420 2186 4462 versus
2241 4404 2602 4462 collocarunt.
2659 4404 2841 4460 Codex
2898 4406 3013 4462 tas.
3067 4413 3230 4464 etlam
3289 4413 3407 4468 hac

143 4485 239 4540 τοῦ
274 4490 489 4574 Κυιρίου
540 4491 700 4560 ἡμῶν
743 4487 919 4565 Ἰησοῦ
967 4498 1207 4569 Χριστοῦ
1255 4500 1315 4554 ἐν
1350 4498 1729 4572 Ἀλεξανδρείᾳ

1837 4497 1983 4554 addit
2016 4515 2029 4552 :
2072 4495 2196 4552 Fuit
2229 4505 2411 4550 autem
2456 4495 2633 4550 forma
2663 4496 2966 4554 beatissimi
3002 4500 3169 4560 Marci
3213 4505 3400 4574 hujus-

143 4581 208 4648 τῇ
245 4563 679 4652 πρόξΑίγυπτον
707 4563 837 4657 μηνὶ
857 4587 979 4642 κατ’
997 4563 1328 4657 Ᾰίγυπτίους
1357 4563 1636 4663 Φαρμουθὶ
1662 4563 1732 4656 λ”ο

146 4671 294 4726 κατὰ
315 4672 376 4726 δέ
421 4671 728 4746 Ῥωμαίους
754 4679 890 4750 πρὸς
914 4679 983 4734 τὰ
1013 4682 1311 4737 Καλανδῶν
1336 4683 1531 4738 Matth
1553 4699 1569 4716 °
1589 4681 1739 4737 κατὰ.

143 4766 200 4820 δι
243 4767 542 4840 Ἐϐραίους
573 4771 887 4846 Νισασρίων
940 4779 1401 4851 ἑπτακαιδεκάτῃ,
1456 4781 1547 4832 ἐπὶ
1581 4780 1737 4850 βασι-

145 4857 304 4923 λείαις
334 4858 504 4914 Γαῖου
535 4862 788 4936 Τιϐερίου
818 4866 1096 4938 Καίσαρος
1120 4886 1134 4901 ο
1166 4872 1307 4924 κατά
1327 4871 1384 4925 δὲ
1428 4873 1576 4941 ἡμᾶς
1605 4873 1734 4935 τοὺς

144 4947 526 5021 Χριστιανοὺς
571 4951 951 5023 βασιλεύοντος
984 4957 1078 5012 τοῦ
1114 4960 1322 5030 Κυρίου
1361 4961 1521 5031 ἡμῶν
1554 4959 1730 5031 Ἰησοῦ

144 5043 423 5116 Χριστοῦ,
486 5041 531 5117 ᾧ
563 5051 596 5121 η
626 5049 752 5116 δόξα
786 5055 881 5106 καὶ
930 5053 992 5107 τὸ
1024 5057 1224 5126 κράτος
1259 5054 1341 5118 είς
1373 5055 1499 5117 τοὺς
1529 5054 1732 5118 αίῶνας

144 5138 257 5190 τῶν
290 5139 535 5194 αιώνων.
580 5142 635 5196 ’Δ
644 5144 776 5214 μήν.

1834 4589 2029 4644 modi:
2066 4587 2250 4657 Longo
2298 4602 2452 4654 naso,
2503 4589 2772 4646 subducto
2821 4595 3129 4662 supercilio,
3183 4600 3409 4670 pulcher

1831 4681 2022 4745 oculis,
2075 4682 2425 4745 recalvaster,
2473 4683 2680 4751 prolixa
2726 4684 2912 4752 barba,
2957 4686 3134 4754 velox,
3191 4693 3408 4750 habito-

1833 4774 1974 4830 diois
2019 4775 2258 4844 optimae,
2298 4773 2473 4828 aetatis
2500 4774 2711 4840 mediae,
2757 4778 2911 4832 canis
2951 4792 3226 4849 aspersus,
3272 4786 3408 4844 alie—

1837 4866 2020 4924 ctione
2045 4867 2356 4930 continens,
2389 4866 2564 4934 gratia
2613 4864 2711 4923 Dei
2759 4866 2972 4937 plenus.
3002 4870 3201 4930 Beatus
3241 4877 3410 4947 igitur

1841 4958 2054 5015 Marcus
2125 4957 2480 5026 evangelista,
2549 4961 2757 5030 primus
2819 4963 3020 5019 Christi
3073 4978 3281 5039 martyr
3347 4972 3402 5026 in

1843 5051 2064 5124 Egypti
2127 5052 2477 5118 Alexandria,
2533 5065 2741 5124 mense,
2787 5057 2883 5126 qui
2930 5059 3071 5127 apud
3124 5059 3408 5132 Egyptios

1843 5143 2289 5211 Pharmutius,et
2306 5145 2447 5215 apud
2472 5143 2728 5204 Hebraaos
2749 5146 2912 5203 Νίσου
2937 5150 3162 5221 dicitur,
3177 5158 3409 5223 septimo

146 5228 428 5290 Kalendas
493 5234 642 5304 liaii,
699 5247 758 5292 ut
808 5236 1037 5295 Romani
1101 5251 1406 5306 numerant,
1469 5243 1572 5297 hoc
1630 5246 1733 5303 est,
1777 5237 1977 5308 Aprilis
2024 5237 2279 5292 vicesimo
2329 5237 2540 5308 quinto,
2580 5241 2734 5306 obiit,
2789 5244 3116 5314 imperatore
3177 5247 3405 5307 Claudio

147 5324 373 5382 Nerone
398 5327 846 5388 Caesaremobis
867 5343 1047 5390 autem
1109 5331 1437 5391 Christianis
1505 5335 1806 5402 imperante
1847 5330 2076 5386 Domino
2132 5342 2320 5387 nostro
2369 5332 2501 5391 Jesu
2549 5333 2804 5405 Christo;
2851 5341 2940 5396 cui
2995 5341 3166 5412 gloria
3218 5355 3303 5401 est
3351 5354 3409 5403 et

148 5417 448 5490 imperium
487 5435 609 5478 cum
640 5423 801 5480 Patre
844 5435 902 5482 et
932 5425 1138 5497 Spiritu
1183 5436 1396 5493 sancto,
1430 5427 1483 5482 in
1535 5422 1729 5480 stncula
1766 5421 2107 5488 saeculorum,
2139 5420 2334 5479 Amen.

223 5540 247 5570 ³
273 5537 410 5596 Luc.
439 5557 598 5609 xxm,
629 5543 724 5599 ιδ.

419 5857 699 5918 Panos.
739 5857 854 5918 Gn.
917 5862 1101 5924 CXV.
