4196 6306
2115 326 2399 385 MENSIS
2440 329 2745 387 APRILIS

2325 457 3928 480 Μ

3953 333 4058 397 172

1295 584 1928 673 ΜΑΡΤΥΡΙΟΝ
2003 590 2231 675 ΤΟΥ
2307 591 2645 677 ΛΓΙΟΥ
2719 592 3549 680 ΙΕΡΟΜΑΡΤΥΡΟΣ

2036 767 2244 898 AN
2266 770 2822 905 ΘΙΜΟΥ

1861 976 2397 1034 ΕΠῘΣΚΟΠΟΥ
2435 980 3031 1036 ΝΙΚΟΜΗΔΟΥΣ.

2080 1279 2806 1370 MARTYRIUM

1074 1484 1757 1648 SANGTl
1870 1484 2865 1641 MARTYRIS
2984 1487 3801 1639 ANTHIMI

2004 1735 2359 1799 EPISCOPI
2407 1732 2653 1795 NICOM
2667 1731 2872 1791 EDIA‘I

809 1909 1005 1971 (Latine
1032 1909 1159 1971 apud
1202 1907 1404 1957 Surium
1446 1907 1505 1955 ad
1567 1904 1701 1955 diem
1725 1904 1781 1952 27
1819 1904 2035 1966 Aprilis;
2085 1904 2485 2015 Gracutiztfxtt?
2518 1917 2648 2028 nut;c
2669 1902 2878 1966 primum
2914 1901 3081 1949 editur
3102 1913 3160 1949 ex
3183 1901 3291 1949 cod.
3340 1902 3463 1962 Reg.
3497 1900 3649 1950 Paris.
3682 1901 3817 1961 1489,
3843 1914 3962 1952 σεε.
3985 1916 4053 1953 xt.

2310 1981 2337 2013 D
2360 1982 2402 2014 τ.
2481 1982 2588 2015 ATR.

2310 1981 2402 2014 οιτ.
2440 1981 2568 2015 ΓΔΤΒ
2579 2005 2588 2015 .

2412 2123 2480 2136 _

883 2232 923 2287 l.
954 2231 1087 2297 Quis
1117 2228 1315 2295 nescit,
1341 2242 1501 2298 quam
1538 2226 1765 2299 pulchre
1794 2227 2008 2296 quidem
2041 2227 2144 2283 sita
2178 2229 2249 2283 sit
2274 2229 2371 2283 Ni-
2404 2236 2449 2293 Α

2404 2236 2449 2293 Α
2549 2231 2624 2284 Α’.
2652 2229 2746 2292 Τίς
2773 2230 2871 2281 ούκ
2894 2222 3001 2281 οἶδε
3036 2227 3133 2297 τὴν
3153 2226 3523 2295 Νικομήδους,
3549 2226 3694 2289 ὅπως
3723 2227 3818 2293 μὲν
3849 2226 4054 2288 θέσεως

808 2326 1074 2384 cemedia,
1107 2331 1160 2376 et
1194 2331 1397 2387 quanta
1426 2321 1497 2374 sit
1521 2321 1637 2389 ejus
1674 2320 2007 2389 magnitudo,
2033 2330 2375 2391 quantusque

808 2419 877 2470 sit
900 2415 1016 2485 ejus
1042 2413 1316 2483 splendor,
1353 2420 1405 2465 et
1436 2422 1635 2481 quanta
1663 2410 2028 2476 pulchritudo,
2059 2422 2112 2465 et
2137 2413 2275 2479 quod
2312 2427 2372 2466 ea

807 2507 878 2563 sit
907 2522 1001 2560 arx
1025 2503 1267 2561 oumium
1306 2502 1582 2556 civitatum
1616 2499 1937 2556 Nicomedia:
1965 2502 2028 2570 (ί.
2051 2502 2375 2573 Bithynice)?

810 2600 914 2654 Sed
943 2599 1192 2666 quamvis
1244 2611 1306 2648 ea
1347 2598 1425 2649 sic
1458 2612 1515 2649 se
1546 2594 1761 2660 habeat,
1797 2604 1849 2649 et
1901 2594 1973 2648 ad
2004 2605 2203 2648 tantam
2250 2611 2375 2663 pro-

805 2687 1034 2741 cesserit
1064 2684 1412 2753 elegantiam,
1448 2698 1545 2736 suo
1577 2694 1756 2736 tamen
1790 2685 2032 2753 germine
2059 2687 2230 2753 magis
2257 2685 2373 2753 glo-

806 2780 1002 2840 riatur,
1034 2794 1194 2844 quam
1244 2776 1325 2829 his
1359 2776 1632 2829 omnibus.
1672 2775 1745 2828 Ex
1803 2790 1863 2829 ea
1909 2776 2072 2839 enim,
2119 2785 2371 2846 tanquam

806 2884 1107 2939 generosus
1142 2885 1342 2931 ramus,
1392 2869 1571 2921 editus
1605 2878 1686 2921 est
1719 2868 2027 2930 Anthintus,
2082 2869 2374 2938 ﬂoruitque

804 2974 859 3017 et
894 2963 1145 3031 pulchros
1196 2961 1401 3017 fructus
1455 2961 1728 3027 produxit.
1764 2960 1897 3012 Nam
1948 2966 2107 3013 modo
2157 2964 2372 3027 quidem

803 3065 1119 3107 excesserat
1156 3068 1221 3103 ex
1257 3050 1509 3111 infantia.
1554 3060 1608 3103 et
1639 3049 1691 3102 in
1727 3064 1792 3103 eo
1844 3051 2106 3104 bonorum
2161 3069 2371 3107 morum

803 3146 1033 3199 ﬂorebat
1058 3145 1232 3197 omnis
1258 3143 1454 3214 gratia.
1486 3141 1553 3196 Et
1588 3141 1699 3212 jam
1732 3153 1980 3198 evaserat
2032 3144 2368 3211 adolescens,

806 3248 863 3291 et
919 3247 1037 3291 erat
1094 3235 1462 3303 inteHigeltlitn
1521 3236 1705 3289 multis
1773 3237 2014 3290 numeris
2071 3237 2369 3293 absolutus.

800 3330 1091 3399 Postquam
1126 3342 1307 3383 autem
1342 3329 1393 3381 in
1427 3328 1666 3383 virorum
1702 3345 1990 3383 numerum
2033 3341 2115 3385 est
2144 3331 2367 3395 relatus,

799 3431 856 3476 et
886 3437 977 3476 eos
1007 3420 1214 3474 fructus
1244 3420 1505 3488 percepit,
1539 3420 1628 3486 qui
1660 3422 1941 3473 suntinter
1971 3422 2135 3484 viros,
2159 3434 2211 3475 et
2240 3436 2371 3474 ven-

806 3516 873 3567 tri
906 3514 1213 3581 imperavit,
1263 3513 1464 3580 irmque
1513 3522 1567 3565 et
1602 3511 1755 3563 carni
1816 3520 1898 3566 est
1952 3515 2280 3576 moderatus,
2316 3523 2368 3566 et

2476 2338 2535 2374 τε
2570 2322 2665 2374 καὶ
2729 2319 3011 2389 μεγέθους,
3045 2318 3191 2379 ὅπως
3241 2315 3298 2368 δὲ
3329 2316 3708 2385 λαμπρότητος
3771 2319 3864 2369 καὶ
3893 2316 4054 2386 ὡρῶν

2477 2414 2588 2484 ἔχει
2629 2415 2723 2467 καὶ
2747 2414 2820 2474 ὡς
2860 2413 2958 2480 τῆς
3016 2408 3255 2465 Βιθυνῶν
3297 2409 3478 2479 πάσης
3505 2409 3714 2471 πόλεως
3750 2410 4055 2478 ἀκρόπολίς

2476 2510 2623 2560 ἐστιν
2658 2505 2819 2574 αὕτη.
2866 2505 3026 2557 Ἀλλὰ
3071 2505 3164 2556 καὶ
3217 2503 3391 2565 οὕτως
3417 2502 3618 2573 ἔχουσα
3656 2500 3749 2553 καὶ
3780 2503 3860 2563 εἰς
3895 2499 4054 2553 toi-:0

2476 2600 2648 2653 καλοῦ
2705 2596 3098 2668 προσελθοῦσα,
3160 2597 3236 2665 τῷ
3270 2597 3455 2661 οἰκείῳ
3510 2594 3723 2666 βλαστῷ
3788 2593 4050 2663 μᾶλλονῆ

2477 2694 2611 2745 πᾶσι
2655 2690 2864 2752 τούτοις
2894 2690 3217 2758 σεμνύνεται
3244 2709 3255 2721 ·
3300 2688 3503 2755 ταύτης
3556 2688 3659 2755 γὰρ
3686 2689 3711 2736 ὁ
3737 2685 4051 2753 θανμαστὶς

2479 2783 2739 2850 Ἀνθιμος
2799 2782 2939 2833 κατὰ
2971 2780 3097 2839 τοὺς
3152 2780 3394 2843 εὐγενεῖς
3426 2777 3651 2837 κλάδους
3695 2774 3918 2845 ἀνεδόθη
3954 2777 4050 2827 καὶ

2475 2876 2674 2942 ἤνθησε
2701 2874 2794 2923 καὶ
2825 2871 3025 2932 καλοὺς
3053 2874 3251 2939 ἦνεγκε
3288 2870 3415 2931 τοὺς
3446 2868 3711 2934 καρπούς.
3757 2869 3913 2937 "Apr:
3950 2870 4049 2938 μὲν

2476 2962 2567 3015 οὖν
2595 2964 2693 3033 τὴν
2716 2963 2824 3014 τῶν
2854 2962 3062 3032 νηπίων
3087 2961 3297 3031 ἡλικίαν
3326 2960 3635 3030 ύπερανέϐη
3664 2959 3757 3012 καὶ
3791 2958 4053 3029 χρηστῶν

2476 3054 2622 3125 αὑτῷ
2659 3056 2807 3107 πᾶσα,
2861 3056 3025 3124 χάρις
3072 3051 3221 3123 ἠθῶν
3256 3054 3512 3122 ὲπήνθει’
3549 3054 3832 3122 μειράκιόν
3861 3069 3915 3103 τε
3946 3053 4049 3119 ἥδη

2475 3147 2718 3215 ἐγεγόνει
2742 3146 2834 3198 καὶ
2870 3146 3038 3215 πολλῇ
3066 3148 3134 3213 τῇ
3168 3147 3383 3196 συνέσει
3413 3145 3777 3211 κατήρτυστο.
3825 3134 4049 3213 Ἐπειδὴ

2471 3240 2641 3292 δὲκαὶ
2670 3240 2747 3298 εἰς
2788 3238 2985 3304 ἄνδρας
3010 3236 3300 3303 ἐγρὰςςετο,
3335 3237 3403 3287 τὰ
3438 3237 3495 3285 ὲν
3525 3234 3749 3300 ἀνδράσι
3781 3251 3838 3284 τε
3865 3234 4049 3302 ἀγαθὰ

2473 3322 2799 3393 ἐκαρποῦτο,
2835 3324 2927 3375 καὶ
2952 3323 3188 3391 γαστρὸς
3216 3318 3373 3393 ἦρχε,
3404 3324 3497 3375 καὶ
3531 3321 3703 3391 θυμοῦ
3730 3324 3820 3373 καὶ
3841 3324 4049 3391 σαρκος

2473 3414 2715 3484 ἐκράτει,
2734 3414 2833 3483 τὴν
2866 3416 3137 3485 κοσμικὴν
3164 3432 3221 3468 τε
3245 3416 3450 3486 ταύτην
3464 3415 3539 3468 διέ
3553 3432 3685 3468 πτυε
3716 3414 4050 3484 φαντασίαν.

2473 3505 2567 3557 καὶ
2600 3506 2790 3575 καιρὸς
2846 3505 2989 3567 ἄπας
3026 3507 3175 3574 αύτῷ
3204 3507 3339 3576 πρὸς
3389 3509 3551 3577 εὐχῆς
3585 3502 3653 3574 ἦν
3693 3506 3921 3576 ἀσχολία
3953 3506 4049 3559 καὶ

804 3577 1133 3658 mundanum
1166 3604 1307 3657 hunc
1352 3577 1549 3658 fastum
1611 3603 1915 3668 abhorruit,
1960 3611 2070 3658 toto
2131 3613 2368 3673 tempore
2402 3577 2442 3636 Β

2402 3577 2442 3636 Β
2472 3598 2580 3650 τῶν
2610 3597 2767 3651 θείων
2802 3599 3020 3669 μελέτῃ.
3054 3599 3164 3668 Τὴν
3202 3603 3384 3668 μέντοι
3414 3601 3523 3652 τῶν
3562 3603 3771 3670 ἀρετῶν
3803 3601 4045 3671 μητέρα,

800 3695 1311 3755 vacabatoralioni,
1347 3705 1400 3746 et
1434 3694 1731 3745 divinarum
1785 3710 1962 3745 rerum
2010 3695 2365 3749 meditationi.

801 3785 1026 3841 Matrem
1074 3795 1251 3839 autem
1283 3784 1536 3838 virtutum
1575 3784 1893 3839 charitatem
1923 3784 2161 3839 studiose
2206 3800 2365 3840 exer-

798 3876 927 3929 cuit.
958 3875 1029 3930 Se
1053 3885 1230 3929 autem
1269 3876 1320 3928 in
1351 3875 1452 3929 hoc
1487 3877 1740 3944 praet-lare
1764 3877 1951 3943 gessit,
1979 3876 2121 3946 quod
2151 3892 2368 3948 semper

798 3978 942 4022 esset
971 3967 1242 4033 gravitate
1282 3965 1557 4033 praeditus,
1582 3976 1634 4020 et
1666 3967 2059 4036 cogitabundus
2091 3979 2147 4023 et
2171 3970 2366 4023 sollici-

802 4070 908 4111 ttts.
945 4056 1115 4111 Tanta
1149 4069 1327 4111 autem
1357 4066 1583 4110 ornatus
1631 4064 1750 4111 erat
1790 4056 2115 4123 humilitate,
2150 4067 2207 4110 ut
2237 4059 2368 4112 satis

804 4161 970 4214 esset,
1011 4150 1055 4204 si
1113 4148 1195 4202 vel
1258 4150 1428 4205 solum
1467 4148 1759 4215 videretur,
1816 4149 1881 4204 ad
1932 4152 2368 4219 compungendas

2473 3689 2571 3758 τὴν
2593 3691 2834 3757 ἀγάπην,
2864 3691 3165 3755 φιλοπόνως
3194 3692 3372 3759 ἤσκει,
3415 3692 3509 3742 καὶ
3536 3693 3593 3743 το
3622 3692 3908 3761 ἀδιαχυτον
3951 3692 4048 3742 καὶ

2475 3782 2604 3849 παρ’
2644 3781 2764 3833 ὅλον
2789 3782 2879 3833 τὸν
2915 3780 3030 3849 βίον
3062 3782 3157 3833 καὶ
3205 3782 3691 3851 μεμεριμνημένον
3726 3783 3845 3851 μεθ’
3874 3785 4049 3853 ὑπερ-

2473 3870 2636 3941 ϐολῆς
2681 3872 2855 3940 τούτῳ
2884 3871 3241 3944 κατώρθωτο·
3272 3872 3367 3925 καὶ
3398 3871 3637 3945 τοσαύτῃ
3687 3872 3952 3925 πάντοθεν
3983 3877 4046 3941 τῇ

2471 3965 2945 4035 ταπεινοφροσύνῃ
2978 3965 3319 4034 ἐκεκόσμητο
3342 3965 3415 4027 ὡς
3455 3964 3639 4018 ἱκανὸν
3664 3960 3805 4017 εἶναι
3835 3965 3929 4016 καὶ
3956 3966 4049 4031 μόο

2473 4071 2561 4107 νον
2587 4054 2867 4124 ὁρώμενον
2898 4056 3099 4119 πολλὰς
3134 4056 3242 4107 τῶν
3277 4058 3584 4128 φιλαρέτων
3616 4057 3913 4121 κατανύξαι
3947 4058 4049 4125 Qu-

2471 4148 2574 4219 κάς
2601 4148 2697 4201 καὶ
2721 4149 2801 4212 εἰς
2836 4149 3038 4217 ἀρετῆς
3070 4149 3309 4202 ἐπίδοσιν
3336 4151 3585 4217 ἀγαγεῖν.

796 4245 1006 4299 animas
1052 4256 1262 4309 eorum,
1307 4242 1400 4309 qui
1434 4250 1589 4296 erant
1640 4242 1865 4296 studiosi
1897 4244 2133 4309 virtutis,
2180 4252 2235 4297 et
2291 4244 2355 4297 ad
2390 4240 2689 4311 augendam
2724 4242 3001 4293 virtutem.

869 4334 933 4389 ll.
967 4335 1233 4402 Quoniam
1275 4348 1401 4405 ergo
1436 4334 1525 4404 qui
1574 4339 1655 4391 sic
1686 4337 1849 4390 vitam
1899 4335 2113 4404 agebat,
2176 4345 2230 4388 et
2275 4335 2355 4387 vel

801 4428 1036 4485 maxime
1073 4425 1311 4483 vocalem
1338 4442 1641 4495 praeconem
1673 4427 1948 4497 propriam
1989 4426 2223 4481 habebat
2251 4428 2363 4480 vir-

813 4529 945 4583 tent,
983 4534 1085 4572 nee
1136 4517 1323 4580 celari,
1366 4531 1465 4571 nec
1512 4518 1682 4572 latere
1735 4525 1967 4588 pcterat,
2008 4519 2253 4571 evehitur
2300 4517 2367 4572 ad

801 4610 1069 4663 excelsam
1126 4607 1307 4661 sedem
1358 4608 1673 4671 sacerdotii,
1729 4616 1784 4662 et
1834 4608 1884 4661 in
1923 4608 2367 4677 presbyterorum

799 4703 1055 4755 cathedra
1085 4696 1264 4752 laudat
1297 4696 1581 4752 Dominum
1611 4714 1625 4752 :
1664 4712 1785 4752 cum
1816 4700 1993 4753 tamen
2022 4715 2128 4754 non
2152 4709 2369 4769 repente

799 4796 866 4847 ad
898 4794 945 4845 id
978 4788 1332 4861 pervenisset,
1373 4804 1547 4858 neque
1582 4804 1693 4845 suae
1745 4791 1869 4843 vitae
1911 4792 2233 4858 prooemium
2283 4792 2362 4847 le-

800 4888 964 4942 cisset
985 4882 1347 4941 sacerdotium
1384 4900 1398 4937 :
1431 4887 1523 4938 sed
1554 4898 1677 4937 cum
1712 4898 1773 4939 se
1794 4884 1942 4953 prius
1975 4894 2123 4939 recte
2159 4886 2363 4954 gessis-

800 4986 885 5031 set
916 4976 966 5030 in
1018 4977 1201 5031 multis
1236 4976 1356 5031 aliis
1411 4977 1690 5041 gradibus,
1742 4983 1796 5029 et
1839 4975 1917 5032 eis
1950 4977 2362 5029 convenientem

800 5070 1131 5125 exercuisset
1162 5069 1439 5130 virtutem,
1469 5075 1523 5121 et
1554 5069 1667 5120 hac
1699 5067 1879 5121 omnia
1924 5068 2174 5121 tulissent
2208 5070 2364 5123 testi-

800 5162 1062 5225 tnOnium,
1087 5161 1228 5229 quod
1252 5159 1442 5227 dignus
1466 5166 1608 5211 esset
1640 5158 2031 5224 superioribus,
2069 5160 2148 5214 sic
2172 5175 2365 5214 ascen-

804 5253 881 5306 dit
908 5254 973 5306 ad
1007 5266 1261 5321 magnam
1284 5250 1597 5319 dignitatem
1620 5248 1931 5314 sacerdotii,
1963 5265 2065 5302 non
2102 5250 2361 5304 honorem

797 5356 1153 5413 persequens,
1184 5356 1287 5394 uec
1336 5340 1605 5408 arripiens
1643 5358 1656 5392 :
1694 5340 1789 5395 sed
1827 5341 1895 5394 ab
1928 5341 2019 5396 illo
2052 5342 2229 5410 potius
2259 5357 2357 5412 ap-

797 5436 1115 5503 prehensus,
1140 5432 1349 5486 eliamsi
1387 5432 1498 5500 ipse
1521 5447 1579 5486 se
1599 5432 1780 5501 procul
1810 5437 2119 5489 removebat
2143 5449 2361 5505 propter

799 5540 1064 5579 summam
1124 5524 1507 5577 humilitatem.
1546 5524 1748 5577 Deinde
1800 5526 2009 5578 excedit
2050 5528 2262 5594 quidem
2294 5543 2359 5582 ex

793 5615 1123 5679 hominibus,
1153 5616 1242 5684 qui
1269 5614 1595 5669 Nicomediae
1616 5624 1742 5669 muc
1767 5625 1879 5668 erat
1910 5620 2210 5685 episcopus.
2237 5622 2361 5674 Erat

793 5710 973 5763 autem
1007 5717 1226 5777 pastore
1263 5708 1421 5763 vidua
1455 5707 1716 5771 Ecclesia,
1752 5716 1804 5761 et
1834 5722 1891 5763 se
1938 5724 2056 5764 esse
2090 5712 2358 5766 desertam

2391 4828 2433 4886 C

2539 4331 2614 4385 B'.
2658 4329 2876 4399 Ἐπειδὴ
2934 4329 3114 4383 τοίνυν
3145 4330 3285 4385 οὕτω
3319 4331 3569 4402 βιοοῦντα
3605 4334 3696 4387 καὶ
3730 4334 4046 4403 πολυφωνό-

2472 4440 2633 4478 τατον
2658 4423 2756 4494 τὴν
2795 4422 2929 4476 ἰδίαν
2968 4424 3171 4495 ἀρετὴν
3203 4425 3396 4495 ἔχοντα
3428 4428 3670 4498 κήρυκα,
3705 4428 3763 4480 ού
3796 4429 4043 4499 κρύπτε-

2472 4516 2597 4569 σθαι
2621 4516 2743 4568 ούὸὲ
2772 4516 3056 4570 λανθάνειν
3086 4517 3236 4587 ἐξῆν,
3270 4518 3479 4571 καὶτὸν
3514 4518 3716 4589 ὑψηλὸν
3750 4521 3847 4588 τῆς
3880 4524 4042 4591 ἱερω-

2469 4607 2632 4678 σύνης
2675 4606 2882 4677 βαθμὸν
2920 4609 3206 4674 ἀνάγεται,
3265 4611 3362 4662 ἐπὶ
3387 4611 3528 4662 αἰνεῖ
3555 4614 3612 4662 ἐν
3644 4612 4040 4682 πρεσϐυτέρων

2467 4700 2704 4770 καθέδρᾳ
2726 4702 2815 4753 τὸν
2847 4701 3050 4769 Κύριον
3072 4717 3083 4728 ”
3110 4702 3209 4753 οὐκ
3234 4700 3428 4771 ἀθρόον
3451 4701 3684 4756 ἐνταῦθα
3706 4702 3898 4765 ἐλθὼν,
3921 4706 4042 4757 οὐδὲ

2468 4796 2754 4864 προοίμιον
2771 4795 2863 4848 τοῦ
2893 4796 3010 4864 βίον
3041 4796 3142 4866 τὴν
3166 4796 3470 4867 ἱερωσύνην
3493 4796 3891 4865 πεποιημένος,
3910 4796 4042 4848 ἀλλά

2468 4887 2686 4950 πολλοῖς
2745 4889 3015 4959 πρότερον
3072 4890 3167 4940 καὶ
3197 4889 3377 4950 ἄλλοις
3411 4888 3777 4959 ἐνδιαπρὲψας
3808 4888 4041 4956 βαθμοῖς

2468 4981 2873 5050 ἀντιμετρήσας
2922 4996 2980 5031 τε
3013 4980 3196 5042 αὐτοῖς
3226 4980 3392 5046 ἀξίως
3430 4982 3529 5050 τὴν
3573 4982 3776 5051 ἀρετὴν
3817 4984 3913 5033 καὶ
3939 4983 4041 5033 ὑπὸ

2471 5069 2690 5121 πάντων
2719 5069 2926 5121 τούτων
2960 5070 3356 5139 μαρτυρηθεὶς,
3391 5071 3470 5122 ὅτι
3499 5070 3724 5121 καὶτῶν
3765 5071 3911 5140 ὑπὲρ
3942 5072 4040 5123 αύ-

2468 5163 2594 5223 τοὶδς
2629 5163 2966 5226 ἑστινᾶξιος.
2992 5163 3151 5215 Οὖτω
3190 5162 3283 5215 τοῦ
3324 5164 3564 5233 μεγάλου
3592 5164 3688 5230 τῆς
3740 5164 4041 5232 ἱερωσύνης

2468 5254 2778 5323 ἀξιώματος
2838 5255 3131 5317 ἐπιϐαίνει,
3178 5257 3239 5307 ού
3298 5256 3493 5319 διώξας
3550 5255 3648 5325 τὴν
3702 5256 3869 5324 τιμὴν
3923 5256 4039 5309 οὐδὲ

2470 5346 2743 5414 ἁρπάσας,
2778 5346 2890 5399 ἀλλ’
2919 5348 3008 5399 ὑπ’
3033 5348 3248 5416 ὲνείνης
3288 5348 3483 5417 μᾶλλον
3509 5347 3902 5414 καταληφθεὶς,
3937 5348 4038 5400 κᾶν

2470 5441 2517 5491 εἰ
2543 5442 2633 5490 καὶ
2671 5440 2875 5510 σφόδρα
2906 5442 3096 5511 ττόρρω
3149 5442 3339 5493 ἑαυτὸν
3370 5441 3540 5493 ἐποίει
3582 5440 3658 5509 τῷ
3686 5441 3910 5509 μεγέθει
3944 5443 4039 5509 τῆς

2468 5532 2871 5593 ταπεινώσεως.
2905 5528 3035 5583 Εἶτα
3066 5534 3272 5599 οἴχεται
3312 5533 3408 5599 μὲν
3458 5532 3517 5596 ἐξ
3547 5530 3849 5599 ἀνθρώπων
3889 5532 3916 5581 ὁ
3944 5532 4039 5598 τῆς

2471 5622 2825 5690 Νικομηδέων
2857 5623 3164 5690 τηνικαῦτα
3206 5623 3538 5685 ἐπίσκοπος’
3569 5623 3801 5690 ἐχήρευε
3833 5622 3887 5673 δὲ
3926 5636 4038 5672 ποι-

2473 5714 2682 5781 μένοςὴ
2721 5714 3016 5781 Ἐκκλησία
3037 5716 3131 5769 καί
3158 5708 3251 5784 τὴν
3278 5716 3513 5785 ἐρημίαν
3539 5713 3791 5776 ἐλεεινῶς
3825 5710 4037 5768 ἐπένθει
