4196 6306
164 363 261 430 173

1426 368 1606 430 VITA
1647 368 1708 429 S.
1744 365 2043 428 ANTHIM
2055 367 2097 424 ῐ.

3286 365 3393 430 ιτι

154 481 243 533 καὶ
273 479 370 548 τὴν
400 480 689 549 συμφορὰν
721 479 1053 548 ἀνωδύρετο.
1087 479 1444 550 Νικομηδέων
1475 480 1657 532 τοίνυν
1681 479 1727 532 οί

1835 477 2065 533 deﬂebat
2106 473 2512 541 miserabiliter,
2567 482 2620 530 et
2651 474 2970 545 deplorabat
3002 476 3395 535 calamitatem.

154 575 439 644 πρόκριτοι
479 574 575 626 καὶ
605 571 841 643 μάλιστα
871 572 970 637 τῆς
1020 571 1349 641 Ἐκκλησίας
1379 572 1507 624 ὅσον
1538 571 1725 640 τρόφι-

155 685 253 735 μον
311 662 380 734 ἦν
413 666 472 717 τὸ
523 666 750 734 στυγνὸν
783 665 960 717 ἐκεῖνο
986 664 1080 719 καὶ
1115 665 1313 733 πικρὸν
1342 665 1442 732 τῆς
1489 664 1726 734 ἐρημίας

153 759 320 820 πάθος
355 758 417 810 οὐ
469 758 749 826 φέροντες,
805 757 1067 826 μάρτυρὰ
1093 772 1154 809 τε
1183 758 1282 826 τῆς
1328 756 1507 809 αὐτῶν
1540 756 1724 825 ψήφου

151 851 210 902 τὸ
238 850 394 902 Θεῖον
419 850 648 902 ἐκάλουν
673 848 764 901 καὶ
804 847 1016 901 ἐδέοντο
1052 848 1277 918 θερμῶς
1310 849 1724 918 ὲκκαλυφθῆναι

149 946 384 1009 τούτοις,
415 946 464 997 εί
496 943 573 1011 τῷ
607 941 726 1010 Θεῷ
752 941 822 996 τὰ
846 946 945 1010 τῆς
974 942 1154 994 αὐτῶν
1195 943 1421 1012 γνώμης
1452 944 1726 995 ἀπόδεκτα

150 1039 255 1105 εἴη,
286 1039 383 1089 xui.
414 1038 465 1088 εί
504 1037 601 1106 τὴν
635 1033 838 1087 ἄνωθεν
877 1034 1049 1104 ἔχοιεν
1095 1034 1273 1103 ψῆφον
1320 1034 1725 1104 ἐπιμαρτυροῦ-

150 1143 246 1182 cev
276 1129 371 1180 καὶ
399 1127 568 1195 αὐτὴν
599 1127 691 1178 καὶ
724 1126 1221 1196 συμφθεγγομένην
1274 1125 1353 1193 τῷ
1401 1127 1686 1194 πράγματι
1706 1142 1721 1156 ·

150 1223 243 1274 καὶ
305 1220 416 1271 laci:
482 1219 596 1287 φῶς
634 1219 779 1287 μέγα
826 1221 919 1272 καὶ
956 1219 1272 1286 θαυμαστὸν
1329 1219 1597 1288 ἡστραψε,
1629 1224 1724 1271 καὶ

150 1313 298 1380 φωνή
337 1328 422 1373 τις
457 1312 533 1380 τῷ
565 1310 803 1381 Ἀνθίμῳ
842 1311 961 1364 θεία
984 1310 1468 1379 προσεμαρτύρει,
1504 1310 1599 1362 καὶ
1628 1309 1724 1378 τὴν

145 1404 326 1472 ψῆφον
389 1405 688 1474 ἐπεκύρου,
753 1405 847 1457 καὶ
889 1404 966 1465 είς
1001 1403 1173 1470 πέρας
1206 1404 1434 1470 ἀγαγεῖν
1468 1401 1727 1472 προετρέ.

147 1513 297 1551 πετο.
356 1496 416 1550 '0
471 1498 570 1566 μὲν
604 1494 697 1551 οῦν
729 1497 907 1559 οὕτως
965 1496 1058 1548 ἐπὶ
1091 1496 1200 1549 τῶν
1227 1496 1562 1568 οίάκωνμτῆς
1603 1497 1716 1551 Ἕκ·

149 1590 379 1657 nimia;
406 1564 722 1654 καθέζεται,
758 1590 853 1641 καὶ
884 1589 974 1642 τὸν
1009 1587 1161 1654 ἄξιον
1189 1590 1216 1641 ὁ
1251 1564 1725 1658 θρόνοξάπολαμ-

143 1681 312 1744 ϐἀνει,
347 1683 444 1734 καὶ
475 1683 566 1734 τὸν
594 1683 796 1734 οἰκεῖον
836 1683 1145 1751 ἀναιρεῖται
1180 1681 1382 1749 κόσμον
1429 1682 1461 1750 ἡ
1492 1681 1726 1750 Ἐκκληο

147 1775 254 1833 aia,
291 1774 390 1826 καὶ
414 1776 513 1843 τὴν
545 1776 849 1843 κατήφειαν
893 1774 1184 1841 ἁποτίθησι
1207 1814 1221 1838 ,
1267 1774 1510 1828 τοιούτου
1548 1773 1727 1836 (κατὰ

1835 569 2330 625 Nicomediensium
2367 570 2546 637 itaque
2579 568 2874 638 praepositi,
2915 577 2971 623 et
3018 570 3257 625 maxime
3300 577 3396 641 qui

1834 672 1995 717 erant
2022 662 2228 717 alumni
2264 660 2530 728 ecclesia,
2575 673 2635 716 se
2666 676 2787 716 esse
2820 663 3064 719 desertos
3114 664 3400 734 aegerrime

1833 753 2092 821 ferentes,
2130 770 2319 811 omnes
2345 755 2484 809 inter
2517 768 2576 808 se
2596 757 2870 810 communi
2908 755 3162 827 sull‘ragio
3204 759 3396 812 decer-

1833 857 1988 912 nunt,
2024 846 2280 900 Antbimo
2305 848 2669 902 mandandum
2698 862 2817 902 esse
2842 847 3230 916 episcopatum.
3258 847 3394 902 Cum

1833 951 1963 1004 ergo
1995 938 2264 990 venissent
2291 938 2356 991 ad
2381 937 2688 1002 ecclesiam,
2723 940 2887 992 Deum
2923 940 3186 993 vocabant
3208 949 3396 994 testem

1834 1045 1944 1083 sua:
1969 1030 2270 1093 electionis,
2301 1041 2356 1085 et
2404 1031 2761 1085 vehementer
2793 1032 3078 1100 rogabant,
3113 1042 3172 1084 nt
3202 1033 3283 1086 eis
3312 1048 3401 1086 reo

1831 1118 2124 1183 velaretur,
2163 1135 2232 1173 an
2265 1130 2410 1173 esset
2437 1119 2542 1173 Deo
2573 1131 2794 1189 accepta
2824 1137 3012 1176 eorum
3042 1125 3330 1188 sententia,
3355 1133 3409 1176 et

1834 1226 1900 1264 an
1928 1212 2190 1265 baberent
2222 1226 2516 1281 supernum
2555 1212 2869 1284 suffragium
2895 1215 2979 1268 eis
3010 1215 3314 1285 sum-agam;
3350 1231 3405 1268 et

1834 1302 2157 1369 astipulans.
2189 1301 2328 1357 Ecce
2357 1313 2535 1357 autem
2586 1305 2948 1359 circumiulsit
2981 1307 3070 1359 lux
3102 1322 3294 1372 magna
3349 1318 3403 1360 et

1834 1393 2174 1447 admirabilis
2215 1410 2228 1447 :
2271 1404 2325 1449 et
2359 1410 2460 1449 vox
2507 1399 2754 1466 quaedam
2785 1398 3045 1452 Anihimo
3077 1400 3200 1453 tulit
3251 1402 3405 1454 testi.

1837 1485 2099 1548 monium,
2139 1492 2192 1537 et
2221 1500 2408 1539 eorum
2442 1490 2787 1543 conﬁrmavit
2817 1492 3162 1558 electionem,
3193 1504 3253 1548 et
3279 1496 3407 1548 hor-

1837 1585 1946 1632 tata
1970 1586 2072 1641 est,
2100 1585 2160 1629 ut
2183 1578 2249 1632 ad
2275 1578 2522 1634 ell'ectum
2559 1581 2903 1641 deducerent.
2933 1589 3106 1654 Atque
3128 1588 3204 1640 sic
3229 1590 3406 1656 praell-

1835 1673 1978 1726 citur
2000 1676 2154 1729 clavo
2176 1682 2406 1747 regendo
2432 1678 2706 1741 Ecclesiae,
2734 1689 2792 1734 et
2814 1680 2969 1734 sedes
2993 1683 3164 1735 virum
3188 1683 3408 1751 dignum

1838 1770 2092 1838 suscipit,
2125 1779 2180 1826 et
2207 1785 2363 1826 suum
2385 1782 2762 1827 ornamentum
2787 1775 2984 1843 accipit
3025 1773 3266 1830 Ecclesia
3310 1795 3324 1831 :
3357 1788 3414 1833 et

145 1865 393 1936 Παῦλον)
420 1865 788 1935 ἀνεπιλήπτου
826 1866 990 1934 φάναι
1024 1863 1118 1918 καὶ
1145 1864 1287 1917 οὕτω
1316 1864 1481 1933 σοφοῦ
1506 1865 1601 1917 καὶ
1635 1881 1730 1933 με-

1842 1862 2064 1929 deponit
2098 1863 2397 1929 tristitiam,
2430 1875 2486 1919 nt
2517 1881 2637 1934 qua:
2676 1869 2811 1922 adeo
2841 1869 2921 1937 (ut
2967 1884 3092 1923 cum
3140 1869 3310 1925 Paulo
3333 1873 3414 1926 dl-

141 1957 304 2024 γάλου
330 1958 573 2027 τυχοῦσα
609 1957 701 2010 τοῦ
738 1959 1051 2011 ἐπιστάτου.

206 2137 287 2192 Γ¹.’
329 2137 391 2190 ’0
441 2138 497 2190 δὶ
553 2137 694 2194 κατὰ
747 2138 873 2200 τούς
927 2137 1165 2206 ἀγαθοὺς
1219 2135 1559 2206 κυϐερνήτας
1593 2136 1731 2206 πρὶς

138 2229 298 2283 τοῦτο
333 2231 498 2299 μόνον
528 2230 634 2300 ὅλῳ
667 2230 744 2301 τῷ
774 2230 1038 2301 ὀφθαλμῷ
1065 2231 1212 2300 ἑώρα
1251 2235 1346 2283 καὶ
1381 2231 1730 2301 παρεσκεύα-

140 2339 251 2383 στο,
310 2324 463 2387 ὅπως
498 2340 555 2376 τε
601 2323 692 2376 τὸν
727 2323 966 2394 χαλεπὸν
1022 2324 1122 2394 τῆς
1173 2323 1428 2386 ἀσεϐείας
1463 2324 1731 2392 κοιμίσειε

139 2414 410 2478 κλύδωνα,
450 2416 545 2468 καὶ
580 2414 728 2477 ὅπως
760 2416 856 2477 τὰς
889 2414 995 2467 τῶν
1026 2413 1414 2481 συμπλεόντων
1445 2415 1624 2483 ψυχὰς
1655 2416 1736 2475 είς

137 2507 227 2558 τὸν
283 2506 488 2575 λιμένα
534 2506 627 2559 τοῦ
681 2507 815 2558 Θεοῦ
874 2505 1282 2574 καθορμίσειεν.
1343 2499 1498 2557 Οἶδεν
1554 2506 1732 2574 ἰνδης

136 2599 310 2651 ταῦτα
336 2601 432 2650 καὶ
455 2600 640 2666 Δόμνα
659 2615 672 2628 ·
721 2597 897 2667 Ἵνδης
929 2599 1136 2660 ἐκεῖνος
1162 2597 1301 2666 ἀνὴρ
1324 2595 1641 2666 θαυμαστός
1669 2611 1731 2649 τε

139 2693 230 2746 καὶ
260 2693 589 2758 ἀξιέπαινος
616 2709 627 2722 ·
663 2693 825 2748 αὐτὸν
859 2694 958 2758 μὲν
993 2693 1221 2763 βασιλέα
1254 2696 1348 2747 καὶ
1377 2694 1444 2748 τὰ
1469 2694 1595 2763 περὶ
1629 2691 1731 2764 βα-

140 2785 290 2838 σιλέα
349 2787 533 2838 πάντα
579 2786 917 2850 καταλιπὼν,
981 2789 1047 2856 τῇ
1081 2785 1336 2855 εὐσεϐείᾳ
1365 2786 1420 2838 δὲ
1464 2788 1602 2855 μετὰ
1631 2785 1734 2852 τῆς

137 2877 350 2948 Δὸμνης
407 2879 698 2947 προτιθεὶς
753 2879 848 2931 καὶ
901 2880 994 2931 τὸν
1050 2878 1228 2932 κοινὸν
1280 2878 1446 2948 ἄμφω
1507 2876 1734 2947 βασιλέα

139 2969 553 3039 πλουτήσαντες
579 2985 592 2998 ο
627 2969 748 3020 οὐδὲ
780 2969 1072 3036 Γλυκέριος
1098 2972 1190 3021 καὶ
1221 2971 1481 3036 Θεόφιλος
1511 2970 1607 3038 τῆς
1639 2968 1732 3022 τοῦ

139 3060 332 3130 ἀνδρὸς
369 3059 500 3128 περὶ
529 3058 628 3129 τὴν
651 3057 934 3111 εὐσέϐειαν
967 3059 1202 3127 σπουδῆς
1234 3060 1512 3125 ἄγευστοι,
1551 3059 1734 3111 ίκανδν

135 3153 292 3204 τοῦτο
313 3152 626 3220 τεκμήριον
653 3153 744 3204 τὶν
763 3151 903 3224 ὑπὲρ
929 3152 1168 3221 Χριστοῦ
1196 3151 1427 3206 θάνατον
1453 3152 1732 3222 παρασχόο
1761 3213 1800 3234 ἡ

141 3263 290 3314 μενοι
317 3263 332 3277 ο
370 3246 498 3300 οὐδὲ
526 3244 740 3311 πληθὺς
767 3244 902 3316 ἄλλη
933 3245 1237 3316 δισμυρίων
1265 3245 1350 3298 διὰ
1379 3246 1551 3316 πυρὸς
1581 3245 1730 3314 αὐτῴ

137 3341 228 3392 καὶ
257 3333 414 3392 οὗτοι
448 3339 831 3400 τελειωθέντες
856 3356 870 3370 ο
909 3339 1024 3391 ὅσοι
1055 3356 1115 3390 τε
1147 3339 1273 3410 περὶ
1302 3339 1606 3409 Μαρδόνιον
1640 3340 1730 3391 καὶ

138 3432 472 3501 Μυγδόνιον,
513 3432 715 3500 Πέτρον
743 3430 948 3483 καὶτὸν
967 3431 1444 3498 καρτερικώτατον
1481 3433 1730 3500 Ζήνωνα,

139 3529 228 3578 τὸν
262 3529 386 3579 τσον
425 3525 523 3576 καὶ
551 3523 704 3575 αὐτοὶ
739 3523 877 3591 πρὸς
933 3522 1172 3589 Χριστὸν
1203 3522 1604 3590 ἐπιδειξάμενοι
1633 3524 1732 3574 πόο

141 3621 247 3686 θον,
281 3620 410 3672 ἐπεὶ
453 3616 529 3687 μὴ
562 3619 656 3669 καὶ
691 3616 789 3686 τῆς
834 3616 954 3689 ἴσης
987 3616 1216 3678 ἐκείνοις
1270 3616 1559 3686 ἠνέσχοντο
1589 3631 1731 3684 μαρ-

139 3713 332 3783 τυρίίς
361 3707 802 3779 ἀπολειφθῆναιο
846 3707 1084 3779 τοσαύτη
1131 3707 1229 3772 μὲν
1261 3706 1324 3778 δὴ
1354 3709 1474 3760 τότε
1515 3706 1730 3769 πολλοῖς

140 3813 233 3876 τῆς
257 3805 554 3867 εὐσεϐείας
586 3804 826 3864 επίὸοσις
849 3801 955 3854 ὐπὸ
985 3800 1079 3854 τοῦ
1117 3799 1433 3870 θαυμαστοῦ
1474 3799 1729 3869 Ἀνθίμου

141 3901 362 3966 ίγένετο
386 3912 400 3925 ·
448 3894 604 3961 ἄφνω
654 3894 709 3946 δέ
743 3909 824 3955 τις
853 3891 1065 3963 χειμὼν
1105 3891 1377 3960 ίγείρεται
1408 3889 1729 3959 χαλεπώτα-

141 4008 245 4052 τος,
273 3988 370 4041 καὶ
395 3985 732 4055 σφοδροτέρα
754 3985 1007 4050 καταιγὶς
1028 3982 1346 4052 ἐμπεσοῦσα
1369 3977 1730 4050 Χριστιανοὺς

141 4083 408 4137 κατέδυσε
441 4080 650 4142 πάντας
677 4095 689 4107 ·
719 4073 789 4150 ἦν
819 4080 919 4147 μὲν
945 4076 1054 4150 γὰρ
1089 4077 1186 4130 ἐπὶ
1210 4077 1306 4146 τῆς
1334 4075 1507 4147 ἀρχῆς
1551 4076 1731 4140 Mast-

145 4177 358 4244 μιανος,
394 4173 656 4241 διωγμῶν
678 4172 734 4225 δὲ
773 4172 800 4223 ό
834 4170 1139 4240 βαρύτατος
1186 4172 1278 4222 επὶ
1305 4169 1445 4237 μέγα
1478 4186 1534 4220 τε
1567 4169 1731 4237 ἧρετο

144 4269 236 4321 καί
262 4267 411 4320 κατὰ
444 4265 549 4333 γῆς
582 4264 799 4334 ἀπάσης
831 4260 1030 4333 ἐχώρει
1077 4262 1170 4314 καὶ
1199 4261 1248 4313 οί
1290 4260 1389 4330 μὲν
1419 4260 1730 4330 ηρευνῶντο

145 4359 518 4429 Χριστιανῶν,
547 4358 596 4408 οί
621 4357 676 4410 δὲ
699 4355 954 4424 ἔφευγον,
980 4356 1028 4407 οί
1056 4354 1112 4408 δὲ
1151 4352 1471 4426 ἀνῃροῦντο.
1505 4353 1579 4407 Τὸ
1603 4352 1730 4425 μένο

143 4470 225 4505 τοι
246 4452 350 4520 τῆς
384 4450 674 4509 εὐσεϐείας
698 4448 854 4509 ἄνθος
883 4448 972 4500 τὸν
1005 4448 1269 4517 Ἀνθιμον
1294 4447 1452 4515 δῆλον
1485 4448 1517 4516 ή
1559 4447 1727 4517 ἀρετὴ

145 4541 432 4597 κάνταῦθα
457 4541 604 4590 ποιεῖ
629 4538 722 4589 καὶ
779 4537 1043 4608 μηνύεται
1088 4541 1204 4601 τοῖς
1259 4536 1328 4589 τὰ
1381 4537 1728 4606 Χριστιανῶν

145 4633 436 4704 ιρευνώσι,
484 4632 579 4684 καὶ
632 4622 809 4694 οὗτος,
836 4632 864 4684 ὁ
918 4629 1014 4683 νῦν
1045 4630 1145 4700 μὲν
1185 4632 1242 4681 ὲν
1276 4629 1481 4700 ἱερεῦσι
1513 4630 1710 4700 μέγας,

151 4726 334 4798 μικρῷ
375 4725 436 4780 δὲ
466 4723 693 4793 ὕστερον
725 4724 829 4774 κάν
854 4727 966 4776 τοτ’
992 4724 1285 4793 μάρτυσιν.

215 4826 290 4875 Δ⁹.
337 4820 402 4872 '0
436 4819 535 4888 μὶν
570 4817 678 4886 γὰρ
703 4815 854 4883 παρά
891 4831 998 4868 τινι
1029 4816 1263 4886 διέτριϐε
1299 4813 1462 4888 κώμῃ
1493 4817 1732 4887 σπείρων

1833 1965 1950 2004 eaut
1982 1954 2032 2020 ι)
2067 1954 2596 2023 irrepreliensibilern
2619 1971 2672 2015 et
2708 1962 2840 2015 adeo
2862 1963 3159 2031 sapientem
3186 1975 3244 2018 et
3291 1980 3412 2019 ma-

1835 2055 2000 2111 gnum
2034 2047 2108 2099 sit
2142 2061 2391 2104 assecuta
2430 2056 2764 2120 praelectum.

1913 2135 2004 2190 lll.
2036 2137 2128 2192 llle
2152 2151 2358 2206 autem,
2392 2147 2663 2210 quoinodo
2690 2145 2814 2200 boni
2839 2148 3257 2219 gubernatores,
3303 2154 3411 2211 hoc

1834 2229 2010 2285 solum
2040 2237 2337 2302 spectabat,
2367 2247 2421 2290 et
2448 2239 2514 2292 ad
2564 2238 2615 2293 id
2664 2254 2723 2296 se
2775 2243 3023 2312 parabat,
3072 2258 3131 2300 ut
3184 2248 3404 2303 sedaret

1834 2338 2026 2392 graves
2053 2324 2248 2380 ﬂuctus
2285 2328 2598 2397 impietatis,
2641 2342 2694 2385 et
2730 2342 2788 2385 ut
2836 2337 3045 2392 animas
3090 2355 3279 2394 eorum
3314 2339 3411 2413 qui

1835 2413 1997 2468 simul
2026 2429 2153 2469 eum
2187 2431 2252 2471 eo
2286 2418 2634 2489 navigabant,
2669 2423 2736 2477 ad
2781 2436 2999 2494 portum
3033 2428 3128 2485 Dei
3163 2432 3409 2492 duceret.

1836 2503 1949 2559 Hoc
1978 2509 2127 2561 novit
2156 2510 2313 2566 lndes
2337 2520 2392 2567 et
2415 2513 2640 2574 Domna.
2665 2517 2822 2574 ludes
2854 2522 2943 2577 ille
2970 2523 3054 2577 vir
3076 2525 3413 2584 admirabilis

1833 2607 1891 2651 et
1921 2599 2078 2654 laude
2107 2603 2323 2671 dignus,
2356 2609 2470 2673 qui,
2500 2609 2689 2662 relicto
2721 2611 3050 2681 imperatore
3099 2628 3154 2672 et
3183 2620 3415 2690 impera-

1839 2693 1976 2747 toris
2007 2695 2169 2748 rebus
2207 2698 2481 2763 omnibus,
2516 2714 2638 2753 cum
2687 2702 2898 2759 Domna
2931 2710 3164 2764 accessit
3201 2712 3265 2764 ad
3302 2714 3414 2783 pica

1839 2795 2026 2853 tatem,
2065 2802 2116 2841 et
2150 2804 2493 2846 communem
2528 2807 2708 2864 regem
2750 2799 2911 2854 ambo
2966 2811 3094 2856 sunt
3152 2813 3409 2862 assecun.

1847 2874 2031 2943 Neque
2063 2879 2342 2948 Glycerius
2399 2892 2452 2935 et
2505 2883 2837 2952 ThCOphilus
2897 2890 3115 2947 luerunt
3164 2901 3418 2964 cxperlcs

1839 2969 2002 3058 studii
2035 2969 2192 3037 hujus
2225 2973 2325 3024 viri
2361 2973 2602 3042 pietatis,
2640 2979 2734 3046 qui
2797 2981 2899 3036 hoc
2961 2985 3235 3041 sulliciens
3276 3007 3413 3058 pra:-

1841 3057 2014 3113 buere
2069 3062 2469 3122 testimonium;
2499 3081 2689 3136 nempe
2739 3079 2969 3125 mortem
3026 3088 3123 3142 pro
3173 3057 3412 3134 Christo.

1838 3146 2023 3218 Neque
2071 3153 2175 3205 alia
2233 3153 2518 3209 multitudo
2553 3157 2738 3226 viginti
2771 3159 3019 3226 millium,
3055 3165 3143 3231 qui
3191 3165 3411 3222 fuerunt

1835 3255 1931 3308 per
1995 3243 2173 3310 ignem
2239 3247 2615 3300 consummati.
2678 3247 2990 3304 Mardonius
3047 3269 3299 3323 quoque,
3357 3270 3413 3311 et

1833 3330 2170 3402 Mygdonius,
2202 3331 2495 3400 etPetrus,
2531 3346 2585 3391 et
2622 3336 2951 3396 fortissimus
2975 3340 3144 3410 Zeno,
3187 3349 3277 3415 qui
3304 3350 3404 3418 ipsi

1834 3441 2053 3497 quoque
2091 3429 2448 3484 ostenderunt
2495 3445 2682 3500 parem
2711 3433 2767 3487 in
2820 3434 3095 3494 Christum
3139 3455 3405 3508 amorem,

1836 3521 2092 3587 quoniam
2132 3535 2234 3574 nec
2275 3536 2302 3572 a
2339 3521 2454 3588 pari
2500 3523 2720 3589 quidem
2774 3527 3150 3582 sustinuerunt
3215 3535 3410 3589 abesse

1833 3614 2117 3681 martyrio.
2159 3613 2635 3684 Tantumquidcm
2689 3619 2742 3670 in
2776 3619 2980 3687 pietate
3014 3622 3408 3680 incrementum

1837 3711 1965 3756 tunc
1987 3702 2140 3756 multi
2185 3718 2520 3774 acceperunt
2557 3709 2623 3761 ab
2650 3709 2908 3766 Antliimo
2937 3713 3263 3771 admirabili.
3299 3717 3409 3772 Re-

1836 3800 1996 3864 pente
2043 3806 2222 3850 autem
2273 3800 2546 3853 excitatur
2595 3808 2886 3869 tempestas
2925 3808 3407 3868 vehementissima

1835 3897 1888 3941 et
1910 3889 2206 3943 saevissima
2241 3892 2472 3957 procella
2507 3893 2718 3948 irruens
2751 3894 2804 3949 in
2833 3896 3190 3966 Christianos,
3217 3919 3408 3958 omnes

1834 3981 2090 4051 perculit.
2124 3980 2259 4035 Nam
2296 3981 2580 4050 imperium
2636 3987 2852 4054 quidem
2899 3991 3182 4047 obtinebat
3236 3995 3409 4051 Maxi-

1836 4075 2052 4129 mianus
2085 4084 2313 4129 :exorta
2365 4083 2450 4128 est
2483 4082 2662 4130 autem
2698 4077 3022 4146 gravissima
3073 4092 3404 4151 persecutio,

1836 4177 1890 4222 et
1919 4168 2155 4236 pervasit
2183 4167 2236 4220 in
2276 4181 2492 4220 omnem
2530 4175 2728 4220 terram
2754 4187 2766 4221 :
2792 4179 2844 4222 et
2874 4184 2940 4225 ex
2975 4174 3298 4232 Christianis
3319 4182 3408 4233 alii

1834 4261 2051 4331 quidem
2083 4260 2484 4327 quaerebantur,
2516 4259 2605 4312 alii
2634 4275 2763 4316 vero
2787 4262 3276 4325 interﬁciebantur.
3312 4273 3410 4326 At—

1839 4365 1945 4423 que
1968 4347 2156 4406 ﬂorem
2187 4350 2406 4420 quidem
2438 4351 2680 4421 pietatis,
2706 4344 3048 4422 Antbimltm,
3078 4359 3250 4417 virtus
3279 4371 3410 4420 tunc

1838 4447 1970 4498 facit
1993 4441 2339 4496 manifestum
2367 4461 2381 4497 :
2407 4443 2748 4498 etindicatur
2778 4460 2993 4514 quoque
3019 4450 3122 4503 illis
3146 4453 3237 4519 qui
3258 4467 3412 4522 quc.

1839 4539 2030 4592 rebant
2051 4535 2412 4602 Christianos,
2452 4538 2496 4589 is
2520 4537 2610 4605 qui
2643 4543 2772 4590 tunc
2794 4540 3010 4605 quidem
3036 4553 3155 4596 erat
3178 4560 3410 4614 magnus

1840 4630 1984 4685 inter
2019 4631 2350 4693 sacerdotes,
2376 4629 2537 4698 paulo
2561 4639 2682 4699 post
2711 4639 2889 4687 autem
2907 4633 3069 4689 etiam
3099 4634 3240 4692 inter
3259 4654 3408 4695 mar-

1842 4733 2011 4793 tyres.

1913 4817 2004 4871 ιν.
2087 4815 2226 4872 Nam
2273 4818 2364 4874 ille
2412 4820 2628 4888 quidem
2684 4817 3000 4873 versabatur
3062 4821 3114 4876 in
3173 4824 3409 4890 quodam

144 4913 308 4984 τιτῷ
341 4912 490 4980 λόγῳ
540 4911 641 4979 τῆς
687 4910 944 4980 ἀληθείας
974 4908 1068 4963 καὶ
1106 4911 1167 4961 τὸ
1224 4910 1488 4964 τάλαντον
1511 4910 1609 4979 τῆς
1640 4913 1731 4964 πί.

1843 4924 1999 4982 pago,
2033 4913 2308 4966 seminans
2338 4909 2564 4966 verbum
2595 4909 2866 4978 veritatis,
2894 4919 2949 4966 et
2995 4911 3255 4969 talentum
3286 4914 3410 4970 ﬁdei

147 5024 321 5069 στεως
376 5003 873 5069 πολλαπλασιάζων
894 5018 907 5033 ·
951 5003 1162 5072 πέμπει
1192 5003 1249 5054 δὲ
1289 5005 1368 5065 είς
1402 5003 1612 5055 εῐκοσιν
1642 5005 1733 5056 ίπ-

145 5103 284 5164 πίας
315 5104 344 5155 ὁ
376 5097 742 5169 Μσξιμιανδς,
768 5098 908 5152 ὥστε
938 5096 1224 5151 συλλαϐεῖν
1251 5095 1440 5148 τοῦτον
1472 5097 1568 5150 καὶ
1599 5097 1734 5169 παρ’

139 5193 306 5246 αὐτὸν
331 5194 587 5261 ἀγαγεῖν.
623 5192 687 5246 Ol
720 5192 775 5245 δὲ
807 5193 865 5245 ἰν
901 5194 969 5262 τῇ
1016 5190 1244 5263 Σημάνῃ
1289 5191 1729 5262 παραγεγονότες

144 5285 345 5357 (τοῦτο
379 5288 492 5358 γὰρ
525 5286 700 5355 δνομα
727 5286 793 5357 τῇ
830 5283 1032 5356 κώμῃ)
1070 5285 1462 5355 ιντυγχάνουσι
1491 5283 1568 5354 τῷ
1611 5284 1727 5335 Ἀν-

137 5381 287 5452 θίμῳ
315 5380 411 5432 καὶ
447 5380 522 5450 μὴ
548 5379 940 5450 συμϐαλόντες,
965 5378 1039 5441 ὡς
1067 5371 1222 5441 οὗτος
1247 5379 1455 5438 ἐκεῖνος
1482 5378 1509 5430 ὁ
1537 5374 1730 5444 ζητού-

141 5490 304 5542 μενος
339 5473 450 5539 sit},
493 5472 657 5525 αὐτὸν
693 5470 954 5541 Ἀνθιμον
1001 5469 1229 5541 ἠρώτων
1281 5469 1405 5540 περὶ
1449 5467 1726 5538 ’Λνθίμου,

137 5569 233 5619 καὶ
263 5568 414 5628 ὅστις
448 5559 605 5628 οὗτος
631 5565 891 5636 ὑπάρχοι,
927 5564 1018 5617 καὶ
1042 5565 1175 5616 ὅπου
1204 5561 1472 5632 διατρίϐει
1497 5563 1597 5628 τῆς
1624 5560 1731 5614 κώ-

140 5677 279 5730 μης.
317 5657 382 5711 '0
412 5657 508 5712 καὶ
534 5659 671 5721 τέως
707 5658 804 5727 μὲν
830 5657 921 5711 irai
960 5655 1135 5721 ξενίαν
1156 5655 1375 5717 τούτους
1403 5653 1733 5726 παραλαϐὼν

209 5826 226 5856 ³
267 5821 462 5880 l'l'im.
504 5823 675 5891 "1,2.

1841 5003 2234 5070 multiplicans.
2262 5001 2424 5057 Mittit
2446 5012 2625 5057 autem
2652 5001 3014 5058 Maximianus
3043 5005 3189 5061 circa
3218 5005 3412 5075 viginti

1840 5092 2075 5161 equites,
2109 5101 2170 5146 ut
2191 5107 2315 5148 eum
2353 5094 2878 5164 comprehenderent
2907 5102 2961 5150 et
2994 5095 3063 5151 ad
3092 5111 3214 5152 eum
3238 5100 3398 5157 addu-

1837 5196 2050 5242 cerent.
2086 5186 2170 5241 llli
2226 5196 2405 5242 autem
2458 5201 2578 5242 cum
2637 5183 2923 5240 Samariam
2974 5188 3254 5245 venissent
3304 5191 3414 5262 (est

1838 5277 1982 5333 enim
2034 5277 2137 5334 hoc
2183 5292 2380 5332 nomen
2407 5279 2588 5349 βαιοὶ,
2626 5277 2907 5333 oﬂ’endunt
2959 5278 3273 5336 Anthlmum
3309 5296 3325 5335 :
3357 5295 3418 5338 et

1839 5389 1948 5426 non
1966 5371 2318 5442 conjicientes
2346 5373 2486 5428 hunc
2517 5373 2666 5427 illum
2700 5386 2847 5437 esse,
2878 5386 3040 5441 quem
3075 5374 3408 5443 quantum,

1834 5467 2007 5535 ipsum
2037 5467 2354 5520 Antbimum
2382 5466 2644 5536 rogabant
2675 5466 2740 5521 de
2768 5466 3045 5533 Anthimo,
3077 5477 3127 5523 et
3153 5469 3402 5536 quisnam

1833 5560 1879 5613 is
1907 5567 2073 5622 esset,
2113 5567 2169 5611 et
2195 5558 2412 5613 ubinam
2444 5560 2494 5614 in
2524 5573 2662 5629 pago
2683 5558 2926 5627 degeret.
2973 5557 3068 5613 ille
3110 5573 3242 5612 vero
3272 5573 3397 5615 cum

1833 5667 1927 5708 eos
1954 5651 2174 5722 quidem
2225 5652 2442 5708 interim
2491 5652 2721 5720 hospitio
2757 5650 3077 5720 accepisset,
3109 5663 3163 5707 et
3195 5652 3275 5705 eis
3307 5667 3401 5720 pn-
