  <div class='ocr_page' id='page_1' title='image "/cluster/home/n/w/nwhite01/storage/ocr_20150623/115/pst.000005714285/117.png"; bbox 0 0 4196 6306; ppageno 0'>
   <div class='ocr_carea' id='block_1_1' title="bbox 815 320 919 389">
    <p class='ocr_par' dir='ltr' id='par_1_1' title="bbox 815 320 919 389">
     <span class='ocr_line' id='line_1_1' title="bbox 815 320 919 389; baseline -0.048 -1"><span class='ocrx_word' id='word_1_1' title='bbox 815 320 919 389; x_wconf 76' lang='grc'><strong>175</strong></span> 
     </span>
    </p>
   </div>
   <div class='ocr_carea' id='block_1_2' title="bbox 2105 330 2742 395">
    <p class='ocr_par' dir='ltr' id='par_1_2' title="bbox 2105 330 2742 395">
     <span class='ocr_line' id='line_1_2' title="bbox 2105 330 2742 395; baseline 0.009 -7"><span class='ocrx_word' id='word_1_2' title='bbox 2105 330 2386 390; x_wconf 82' lang='lat' dir='ltr'><strong>MENSlS</strong></span> <span class='ocrx_word' id='word_1_3' title='bbox 2419 333 2742 395; x_wconf 77' lang='lat' dir='ltr'><strong>APBlLlS.</strong></span> 
     </span>
    </p>
   </div>
   <div class='ocr_carea' id='block_1_3' title="bbox 3922 346 4009 413">
    <p class='ocr_par' dir='ltr' id='par_1_3' title="bbox 3922 346 4009 413">
     <span class='ocr_line' id='line_1_3' title="bbox 3922 346 4009 413; baseline 0.069 -6"><span class='ocrx_word' id='word_1_4' title='bbox 3922 346 4009 413; x_wconf 80' lang='lat'><strong>176</strong></span> 
     </span>
    </p>
   </div>
   <div class='ocr_carea' id='block_1_4' title="bbox 811 437 2468 527">
    <p class='ocr_par' dir='ltr' id='par_1_4' title="bbox 811 437 2453 511">
     <span class='ocr_line' id='line_1_4' title="bbox 811 437 2453 511; baseline 0.004 -20"><span class='ocrx_word' id='word_1_5' title='bbox 811 455 932 492; x_wconf 87' lang='lat' dir='ltr'><strong>nem</strong></span> <span class='ocrx_word' id='word_1_6' title='bbox 963 448 1015 492; x_wconf 85' lang='lat' dir='ltr'><strong>et</strong></span> <span class='ocrx_word' id='word_1_7' title='bbox 1048 437 1198 494; x_wconf 78' lang='lat' dir='ltr'><strong>fabas</strong></span> <span class='ocrx_word' id='word_1_8' title='bbox 1231 438 1285 491; x_wconf 92' lang='lat' dir='ltr'><strong>in</strong></span> <span class='ocrx_word' id='word_1_9' title='bbox 1319 448 1471 493; x_wconf 70' lang='lat' dir='ltr'><strong>caena</strong></span> <span class='ocrx_word' id='word_1_10' title='bbox 1524 440 1884 509; x_wconf 80' lang='lat' dir='ltr'><strong>apposuisset,</strong></span> <span class='ocrx_word' id='word_1_11' title='bbox 1936 452 1990 496; x_wconf 89' lang='lat' dir='ltr'><strong>et</strong></span> <span class='ocrx_word' id='word_1_12' title='bbox 2038 458 2135 511; x_wconf 82' lang='lat' dir='ltr'><strong>pro</strong></span> <span class='ocrx_word' id='word_1_13' title='bbox 2172 444 2378 498; x_wconf 79' lang='lat' dir='ltr'><strong>viribus</strong></span> <span class='ocrx_word' id='word_1_14' title='bbox 2411 453 2453 505; x_wconf 79' lang='grc' dir='ltr'>Α</span> 
     </span>
    </p>
   </div>
   <div class='ocr_carea' id='block_1_5' title="bbox 2363 437 4020 527">
    <p class='ocr_par' dir='ltr' id='par_1_5' title="bbox 2363 445 4020 527">
     <span class='ocr_line' id='line_1_5' title="bbox 2363 445 4020 527; baseline 0.008 -29"><span class='ocrx_word' id='word_1_15' title='bbox 2363 461 2378 498; x_wconf 80' lang='lat' dir='ltr'><strong>s</strong></span> <span class='ocrx_word' id='word_1_16' title='bbox 2411 453 2453 505; x_wconf 81' lang='grc' dir='ltr'>Λ</span> <span class='ocrx_word' id='word_1_17' title='bbox 2485 445 2578 497; x_wconf 78' lang='grc' dir='ltr'><strong>καὶ</strong></span> <span class='ocrx_word' id='word_1_18' title='bbox 2602 446 2813 500; x_wconf 81' lang='grc' dir='ltr'>δεῖπνον</span> <span class='ocrx_word' id='word_1_19' title='bbox 2832 449 3013 513; x_wconf 70' lang='grc' dir='ltr'>αὐτοῖς</span> <span class='ocrx_word' id='word_1_20' title='bbox 3048 453 3334 522; x_wconf 70' lang='grc' dir='ltr'>παραθεὶς,</span> <span class='ocrx_word' id='word_1_21' title='bbox 3370 455 3532 521; x_wconf 82' lang='grc' dir='ltr'>ἄρτον</span> <span class='ocrx_word' id='word_1_22' title='bbox 3555 474 3618 509; x_wconf 84' lang='grc' dir='ltr'><strong>τε</strong></span> <span class='ocrx_word' id='word_1_23' title='bbox 3654 458 3748 510; x_wconf 72' lang='grc' dir='ltr'><strong>καὶ</strong></span> <span class='ocrx_word' id='word_1_24' title='bbox 3778 464 4020 527; x_wconf 72' lang='grc' dir='ltr'>κυάμους,</span> 
     </span>
    </p>
   </div>
   <div class='ocr_carea' id='block_1_6' title="bbox 810 532 2375 594">
    <p class='ocr_par' dir='ltr' id='par_1_6' title="bbox 810 532 2375 594">
     <span class='ocr_line' id='line_1_6' title="bbox 810 532 2375 594; baseline 0.004 -11"><span class='ocrx_word' id='word_1_25' title='bbox 810 532 1114 585; x_wconf 77' lang='lat' dir='ltr'><strong>convivium</strong></span> <span class='ocrx_word' id='word_1_26' title='bbox 1144 533 1508 594; x_wconf 71' lang='lat' dir='ltr'><strong>exhibuiSSet,</strong></span> <span class='ocrx_word' id='word_1_27' title='bbox 1557 534 1749 588; x_wconf 88' lang='lat' dir='ltr'><strong>deinde</strong></span> <span class='ocrx_word' id='word_1_28' title='bbox 1801 550 1859 590; x_wconf 82' lang='lat' dir='ltr'><strong>se</strong></span> <span class='ocrx_word' id='word_1_29' title='bbox 1900 550 2019 589; x_wconf 80' lang='lat' dir='ltr'><strong>esse</strong></span> <span class='ocrx_word' id='word_1_30' title='bbox 2063 536 2375 590; x_wconf 80' lang='lat' dir='ltr'><strong>Anthiumm</strong></span> 
     </span>
    </p>
   </div>
   <div class='ocr_carea' id='block_1_7' title="bbox 812 623 2378 696">
    <p class='ocr_par' dir='ltr' id='par_1_7' title="bbox 812 623 2378 696">
     <span class='ocr_line' id='line_1_7' title="bbox 812 623 2378 696; baseline 0.003 -19"><span class='ocrx_word' id='word_1_31' title='bbox 812 624 1107 679; x_wconf 74' lang='lat' dir='ltr'><strong>renuntiat.</strong></span> <span class='ocrx_word' id='word_1_32' title='bbox 1143 623 1294 691; x_wconf 85' lang='lat' dir='ltr'><strong>Quod</strong></span> <span class='ocrx_word' id='word_1_33' title='bbox 1316 624 1533 693; x_wconf 87' lang='lat' dir='ltr'><strong>quidem</strong></span> <span class='ocrx_word' id='word_1_34' title='bbox 1562 639 1680 678; x_wconf 91' lang='lat' dir='ltr'><strong>cum</strong></span> <span class='ocrx_word' id='word_1_35' title='bbox 1707 624 1779 678; x_wconf 84' lang='lat' dir='ltr'><strong>illi</strong></span> <span class='ocrx_word' id='word_1_36' title='bbox 1804 625 2159 689; x_wconf 89' lang='lat' dir='ltr'><strong>audivissent,</strong></span> <span class='ocrx_word' id='word_1_37' title='bbox 2184 641 2378 696; x_wconf 82' lang='lat' dir='ltr'><strong>prope-</strong></span> 
     </span>
    </p>
   </div>
   <div class='ocr_carea' id='block_1_8' title="bbox 809 717 2377 794">
    <p class='ocr_par' dir='ltr' id='par_1_8' title="bbox 809 717 2377 794">
     <span class='ocr_line' id='line_1_8' title="bbox 809 717 2377 794; baseline 0.001 -24"><span class='ocrx_word' id='word_1_38' title='bbox 809 719 1027 772; x_wconf 81' lang='lat' dir='ltr'><strong>modum</strong></span> <span class='ocrx_word' id='word_1_39' title='bbox 1059 718 1474 794; x_wconf 71' lang='lat' dir='ltr'><strong>obstupuerunt,</strong></span> <span class='ocrx_word' id='word_1_40' title='bbox 1503 725 1555 771; x_wconf 91' lang='lat' dir='ltr'><strong>et</strong></span> <span class='ocrx_word' id='word_1_41' title='bbox 1588 732 1685 771; x_wconf 89' lang='lat' dir='ltr'><strong>nec</strong></span> <span class='ocrx_word' id='word_1_42' title='bbox 1742 718 1807 771; x_wconf 87' lang='lat' dir='ltr'><strong>ad</strong></span> <span class='ocrx_word' id='word_1_43' title='bbox 1859 717 1999 772; x_wconf 90' lang='lat' dir='ltr'><strong>illius</strong></span> <span class='ocrx_word' id='word_1_44' title='bbox 2025 719 2241 788; x_wconf 80' lang='lat' dir='ltr'><strong>quidem</strong></span> <span class='ocrx_word' id='word_1_45' title='bbox 2286 734 2377 773; x_wconf 85' lang='lat' dir='ltr'><strong>ca-</strong></span> 
     </span>
    </p>
   </div>
   <div class='ocr_carea' id='block_1_9' title="bbox 805 810 2372 881">
    <p class='ocr_par' dir='ltr' id='par_1_9' title="bbox 805 810 2372 881">
     <span class='ocr_line' id='line_1_9' title="bbox 805 810 2372 881; baseline 0.001 -18"><span class='ocrx_word' id='word_1_46' title='bbox 805 826 910 865; x_wconf 85' lang='lat' dir='ltr'><strong>uos</strong></span> <span class='ocrx_word' id='word_1_47' title='bbox 950 821 1200 879; x_wconf 85' lang='lat' dir='ltr'><strong>poterant</strong></span> <span class='ocrx_word' id='word_1_48' title='bbox 1250 812 1477 863; x_wconf 87' lang='lat' dir='ltr'><strong>omnino</strong></span> <span class='ocrx_word' id='word_1_49' title='bbox 1527 810 1744 870; x_wconf 76' lang='lat' dir='ltr'><strong>intueri,</strong></span> <span class='ocrx_word' id='word_1_50' title='bbox 1801 821 2112 879; x_wconf 77' lang='lat' dir='ltr'><strong>reputantes</strong></span> <span class='ocrx_word' id='word_1_51' title='bbox 2158 813 2372 881; x_wconf 81' lang='lat' dir='ltr'><strong>quidem</strong></span> 
     </span>
    </p>
   </div>
   <div class='ocr_carea' id='block_1_10' title="bbox 809 900 2371 969">
    <p class='ocr_par' dir='ltr' id='par_1_10' title="bbox 809 900 2371 969">
     <span class='ocr_line' id='line_1_10' title="bbox 809 900 2371 969; baseline -0.001 -14"><span class='ocrx_word' id='word_1_52' title='bbox 809 918 1081 965; x_wconf 85' lang='lat' dir='ltr'><strong>mensam,</strong></span> <span class='ocrx_word' id='word_1_53' title='bbox 1111 913 1168 957; x_wconf 89' lang='lat' dir='ltr'><strong>et</strong></span> <span class='ocrx_word' id='word_1_54' title='bbox 1209 916 1441 966; x_wconf 57' lang='lat' dir='ltr'><strong>cuinam,</strong></span> <span class='ocrx_word' id='word_1_55' title='bbox 1480 910 1534 955; x_wconf 88' lang='lat' dir='ltr'><strong>et</strong></span> <span class='ocrx_word' id='word_1_56' title='bbox 1584 900 1902 969; x_wconf 86' lang='lat' dir='ltr'><strong>hospitium,</strong></span> <span class='ocrx_word' id='word_1_57' title='bbox 1963 916 2150 956; x_wconf 86' lang='lat' dir='ltr'><strong>rursus</strong></span> <span class='ocrx_word' id='word_1_58' title='bbox 2197 912 2371 955; x_wconf 87' lang='lat' dir='ltr'><strong>autem</strong></span> 
     </span>
    </p>
   </div>
   <div class='ocr_carea' id='block_1_11' title="bbox 804 996 2371 1066">
    <p class='ocr_par' dir='ltr' id='par_1_11' title="bbox 804 996 2371 1066">
     <span class='ocr_line' id='line_1_11' title="bbox 804 996 2371 1066; baseline -0.004 -14"><span class='ocrx_word' id='word_1_59' title='bbox 804 999 1129 1066; x_wconf 75' lang='lat' dir='ltr'><strong>cogitantes,</strong></span> <span class='ocrx_word' id='word_1_60' title='bbox 1173 1012 1403 1065; x_wconf 79' lang='lat' dir='ltr'><strong>quanam</strong></span> <span class='ocrx_word' id='word_1_61' title='bbox 1444 1002 1510 1049; x_wconf 89' lang='lat' dir='ltr'><strong>de</strong></span> <span class='ocrx_word' id='word_1_62' title='bbox 1544 1010 1733 1060; x_wconf 83' lang='lat' dir='ltr'><strong>causa,</strong></span> <span class='ocrx_word' id='word_1_63' title='bbox 1765 1005 1817 1049; x_wconf 90' lang='lat' dir='ltr'><strong>et</strong></span> <span class='ocrx_word' id='word_1_64' title='bbox 1847 1005 2064 1065; x_wconf 88' lang='lat' dir='ltr'><strong>propter</strong></span> <span class='ocrx_word' id='word_1_65' title='bbox 2102 996 2227 1065; x_wconf 87' lang='lat' dir='ltr'><strong>quid</strong></span> <span class='ocrx_word' id='word_1_66' title='bbox 2274 996 2371 1049; x_wconf 84' lang='lat' dir='ltr'><strong>du-</strong></span> 
     </span>
    </p>
   </div>
   <div class='ocr_carea' id='block_1_12' title="bbox 805 1086 2373 1151">
    <p class='ocr_par' dir='ltr' id='par_1_12' title="bbox 805 1086 2373 1151">
     <span class='ocr_line' id='line_1_12' title="bbox 805 1086 2373 1151; baseline -0.003 -10"><span class='ocrx_word' id='word_1_67' title='bbox 805 1088 946 1141; x_wconf 87' lang='lat' dir='ltr'><strong>cturi</strong></span> <span class='ocrx_word' id='word_1_68' title='bbox 979 1096 1153 1142; x_wconf 89' lang='lat' dir='ltr'><strong>essent</strong></span> <span class='ocrx_word' id='word_1_69' title='bbox 1184 1102 1306 1142; x_wconf 87' lang='lat' dir='ltr'><strong>eum</strong></span> <span class='ocrx_word' id='word_1_70' title='bbox 1330 1089 1394 1139; x_wconf 88' lang='lat' dir='ltr'><strong>ad</strong></span> <span class='ocrx_word' id='word_1_71' title='bbox 1428 1086 1833 1151; x_wconf 74' lang='lat' dir='ltr'><strong>Maximiamun,</strong></span> <span class='ocrx_word' id='word_1_72' title='bbox 1866 1088 1930 1140; x_wconf 90' lang='lat' dir='ltr'><strong>ad</strong></span> <span class='ocrx_word' id='word_1_73' title='bbox 1955 1098 2197 1140; x_wconf 83' lang='lat' dir='ltr'><strong>extrema</strong></span> <span class='ocrx_word' id='word_1_74' title='bbox 2228 1086 2373 1139; x_wconf 78' lang='lat' dir='ltr'><strong>scili-</strong></span> 
     </span>
    </p>
   </div>
   <div class='ocr_carea' id='block_1_13' title="bbox 803 1177 2371 1246">
    <p class='ocr_par' dir='ltr' id='par_1_13' title="bbox 803 1177 2371 1246">
     <span class='ocr_line' id='line_1_13' title="bbox 803 1177 2371 1246; baseline -0.003 -13"><span class='ocrx_word' id='word_1_75' title='bbox 803 1187 890 1233; x_wconf 82' lang='lat' dir='ltr'><strong>cet</strong></span> <span class='ocrx_word' id='word_1_76' title='bbox 922 1179 1082 1245; x_wconf 85' lang='lat' dir='ltr'><strong>mala,</strong></span> <span class='ocrx_word' id='word_1_77' title='bbox 1113 1189 1168 1233; x_wconf 90' lang='lat' dir='ltr'><strong>et</strong></span> <span class='ocrx_word' id='word_1_78' title='bbox 1199 1188 1406 1233; x_wconf 89' lang='lat' dir='ltr'><strong>certum</strong></span> <span class='ocrx_word' id='word_1_79' title='bbox 1450 1177 1802 1246; x_wconf 85' lang='lat' dir='ltr'><strong>supplicium.</strong></span> <span class='ocrx_word' id='word_1_80' title='bbox 1863 1177 2018 1243; x_wconf 86' lang='lat' dir='ltr'><strong>Quod</strong></span> <span class='ocrx_word' id='word_1_81' title='bbox 2049 1178 2264 1245; x_wconf 81' lang='lat' dir='ltr'><strong>quidem</strong></span> <span class='ocrx_word' id='word_1_82' title='bbox 2317 1187 2371 1229; x_wconf 89' lang='lat' dir='ltr'><strong>et</strong></span> 
     </span>
    </p>
   </div>
   <div class='ocr_carea' id='block_1_14' title="bbox 799 1266 2371 1339">
    <p class='ocr_par' dir='ltr' id='par_1_14' title="bbox 799 1266 2371 1339">
     <span class='ocr_line' id='line_1_14' title="bbox 799 1266 2371 1339; baseline -0.004 -12"><span class='ocrx_word' id='word_1_83' title='bbox 799 1287 987 1328; x_wconf 88' lang='lat' dir='ltr'><strong>eorum</strong></span> <span class='ocrx_word' id='word_1_84' title='bbox 1015 1271 1211 1324; x_wconf 87' lang='lat' dir='ltr'><strong>animis</strong></span> <span class='ocrx_word' id='word_1_85' title='bbox 1245 1270 1501 1339; x_wconf 84' lang='lat' dir='ltr'><strong>majorem</strong></span> <span class='ocrx_word' id='word_1_86' title='bbox 1522 1268 1784 1323; x_wconf 81' lang='lat' dir='ltr'><strong>alTerebat</strong></span> <span class='ocrx_word' id='word_1_87' title='bbox 1813 1269 2076 1330; x_wconf 87' lang='lat' dir='ltr'><strong>dolorem,</strong></span> <span class='ocrx_word' id='word_1_88' title='bbox 2108 1266 2371 1321; x_wconf 78' lang='lat' dir='ltr'><strong>eteﬂicie-</strong></span> 
     </span>
    </p>
   </div>
   <div class='ocr_carea' id='block_1_15' title="bbox 801 1359 2367 1432">
    <p class='ocr_par' dir='ltr' id='par_1_15' title="bbox 801 1359 2367 1432">
     <span class='ocr_line' id='line_1_15' title="bbox 801 1359 2367 1432; baseline -0.002 -15"><span class='ocrx_word' id='word_1_89' title='bbox 801 1369 919 1429; x_wconf 82' lang='lat' dir='ltr'><strong>bat,</strong></span> <span class='ocrx_word' id='word_1_90' title='bbox 945 1375 1003 1416; x_wconf 90' lang='lat' dir='ltr'><strong>ut</strong></span> <span class='ocrx_word' id='word_1_91' title='bbox 1028 1363 1167 1432; x_wconf 86' lang='lat' dir='ltr'><strong>apud</strong></span> <span class='ocrx_word' id='word_1_92' title='bbox 1196 1362 1510 1415; x_wconf 83' lang='lat' dir='ltr'><strong>Antliimum</strong></span> <span class='ocrx_word' id='word_1_93' title='bbox 1539 1361 1940 1415; x_wconf 83' lang='lat' dir='ltr'><strong>erubescerent.</strong></span> <span class='ocrx_word' id='word_1_94' title='bbox 1976 1359 2083 1414; x_wconf 88' lang='lat' dir='ltr'><strong>Hae</strong></span> <span class='ocrx_word' id='word_1_95' title='bbox 2112 1360 2175 1414; x_wconf 91' lang='lat' dir='ltr'><strong>de</strong></span> <span class='ocrx_word' id='word_1_96' title='bbox 2205 1375 2367 1415; x_wconf 87' lang='lat' dir='ltr'><strong>causa</strong></span> 
     </span>
    </p>
   </div>
   <div class='ocr_carea' id='block_1_16' title="bbox 796 1449 2369 1520">
    <p class='ocr_par' dir='ltr' id='par_1_16' title="bbox 796 1449 2369 1520">
     <span class='ocr_line' id='line_1_16' title="bbox 796 1449 2369 1520; baseline -0.004 -10"><span class='ocrx_word' id='word_1_97' title='bbox 796 1470 921 1510; x_wconf 90' lang='lat' dir='ltr'><strong>cum</strong></span> <span class='ocrx_word' id='word_1_98' title='bbox 954 1470 1016 1510; x_wconf 90' lang='lat' dir='ltr'><strong>os</strong></span> <span class='ocrx_word' id='word_1_99' title='bbox 1052 1455 1195 1510; x_wconf 87' lang='lat' dir='ltr'><strong>illius</strong></span> <span class='ocrx_word' id='word_1_100' title='bbox 1231 1453 1528 1507; x_wconf 88' lang='lat' dir='ltr'><strong>veridicum</strong></span> <span class='ocrx_word' id='word_1_101' title='bbox 1567 1451 1828 1505; x_wconf 87' lang='lat' dir='ltr'><strong>baberent</strong></span> <span class='ocrx_word' id='word_1_102' title='bbox 1860 1450 1977 1520; x_wconf 87' lang='lat' dir='ltr'><strong>ejus</strong></span> <span class='ocrx_word' id='word_1_103' title='bbox 2015 1449 2274 1517; x_wconf 89' lang='lat' dir='ltr'><strong>iudicem,</strong></span> <span class='ocrx_word' id='word_1_104' title='bbox 2314 1462 2369 1505; x_wconf 89' lang='lat' dir='ltr'><strong>et</strong></span> 
     </span>
    </p>
   </div>
   <div class='ocr_carea' id='block_1_17' title="bbox 799 1542 2363 1615">
    <p class='ocr_par' dir='ltr' id='par_1_17' title="bbox 799 1542 2363 1615">
     <span class='ocr_line' id='line_1_17' title="bbox 799 1542 2363 1615; baseline -0.003 -16"><span class='ocrx_word' id='word_1_105' title='bbox 799 1562 865 1600; x_wconf 78' lang='lat' dir='ltr'><strong>ex</strong></span> <span class='ocrx_word' id='word_1_106' title='bbox 910 1545 1025 1613; x_wconf 83' lang='lat' dir='ltr'><strong>ejus</strong></span> <span class='ocrx_word' id='word_1_107' title='bbox 1077 1545 1257 1615; x_wconf 70' lang='lat' dir='ltr'><strong>lingua</strong></span> <span class='ocrx_word' id='word_1_108' title='bbox 1294 1542 1660 1612; x_wconf 78' lang='lat' dir='ltr'><strong>intelligerent</strong></span> <span class='ocrx_word' id='word_1_109' title='bbox 1711 1557 1831 1597; x_wconf 88' lang='lat' dir='ltr'><strong>eum</strong></span> <span class='ocrx_word' id='word_1_110' title='bbox 1868 1556 1988 1597; x_wconf 84' lang='lat' dir='ltr'><strong>esse</strong></span> <span class='ocrx_word' id='word_1_111' title='bbox 2026 1542 2363 1608; x_wconf 81' lang='lat' dir='ltr'><strong>Anthimum,</strong></span> 
     </span>
    </p>
   </div>
   <div class='ocr_carea' id='block_1_18' title="bbox 794 1635 2365 1699">
    <p class='ocr_par' dir='ltr' id='par_1_18' title="bbox 794 1635 2365 1699">
     <span class='ocr_line' id='line_1_18' title="bbox 794 1635 2365 1699; baseline -0.002 -6"><span class='ocrx_word' id='word_1_112' title='bbox 794 1656 918 1693; x_wconf 80' lang='lat' dir='ltr'><strong>eum</strong></span> <span class='ocrx_word' id='word_1_113' title='bbox 943 1640 1190 1694; x_wconf 82' lang='lat' dir='ltr'><strong>lubenter</strong></span> <span class='ocrx_word' id='word_1_114' title='bbox 1217 1635 1580 1696; x_wconf 85' lang='lat' dir='ltr'><strong>dimittebant.</strong></span> <span class='ocrx_word' id='word_1_115' title='bbox 1629 1644 1683 1689; x_wconf 90' lang='lat' dir='ltr'><strong>et</strong></span> <span class='ocrx_word' id='word_1_116' title='bbox 1713 1644 1769 1689; x_wconf 92' lang='lat' dir='ltr'><strong>ut</strong></span> <span class='ocrx_word' id='word_1_117' title='bbox 1815 1636 2115 1699; x_wconf 87' lang='lat' dir='ltr'><strong>recederet,</strong></span> <span class='ocrx_word' id='word_1_118' title='bbox 2167 1636 2365 1690; x_wconf 86' lang='lat' dir='ltr'><strong>suade-</strong></span> 
     </span>
    </p>
   </div>
   <div class='ocr_carea' id='block_1_19' title="bbox 796 1728 2359 1788">
    <p class='ocr_par' dir='ltr' id='par_1_19' title="bbox 796 1728 2359 1788">
     <span class='ocr_line' id='line_1_19' title="bbox 796 1728 2359 1788; baseline -0.004 0"><span class='ocrx_word' id='word_1_119' title='bbox 796 1735 923 1788; x_wconf 90' lang='lat' dir='ltr'><strong>bant</strong></span> <span class='ocrx_word' id='word_1_120' title='bbox 948 1749 975 1785; x_wconf 61' lang='grc' dir='ltr'><strong>ιι</strong></span> <span class='ocrx_word' id='word_1_121' title='bbox 998 1733 1247 1786; x_wconf 85' lang='lat' dir='ltr'><strong>sciebant</strong></span> <span class='ocrx_word' id='word_1_122' title='bbox 1275 1728 1419 1782; x_wconf 90' lang='lat' dir='ltr'><strong>enim</strong></span> <span class='ocrx_word' id='word_1_123' title='bbox 1452 1728 1585 1781; x_wconf 89' lang='lat' dir='ltr'><strong>nihil</strong></span> <span class='ocrx_word' id='word_1_124' title='bbox 1608 1730 1732 1782; x_wconf 91' lang='lat' dir='ltr'><strong>boni</strong></span> <span class='ocrx_word' id='word_1_125' title='bbox 1765 1729 1812 1782; x_wconf 88' lang='lat' dir='ltr'><strong>ei</strong></span> <span class='ocrx_word' id='word_1_126' title='bbox 1833 1744 1953 1783; x_wconf 83' lang='lat' dir='ltr'><strong>esse</strong></span> <span class='ocrx_word' id='word_1_127' title='bbox 1979 1744 2359 1783; x_wconf 87' lang='lat' dir='ltr'><strong>successurum</strong></span> 
     </span>
    </p>
   </div>
   <div class='ocr_carea' id='block_1_20' title="bbox 792 1818 2357 1878">
    <p class='ocr_par' dir='ltr' id='par_1_20' title="bbox 792 1818 2357 1878">
     <span class='ocr_line' id='line_1_20' title="bbox 792 1818 2357 1878; baseline -0.001 0"><span class='ocrx_word' id='word_1_128' title='bbox 792 1839 861 1878; x_wconf 76' lang='lat' dir='ltr'><strong>ex</strong></span> <span class='ocrx_word' id='word_1_129' title='bbox 889 1839 987 1878; x_wconf 86' lang='lat' dir='ltr'><strong>suo</strong></span> <span class='ocrx_word' id='word_1_130' title='bbox 1021 1826 1247 1877; x_wconf 86' lang='lat' dir='ltr'><strong>adventu</strong></span> <span class='ocrx_word' id='word_1_131' title='bbox 1280 1821 1346 1876; x_wconf 88' lang='lat' dir='ltr'><strong>ad</strong></span> <span class='ocrx_word' id='word_1_132' title='bbox 1381 1821 1795 1875; x_wconf 80' lang='lat' dir='ltr'><strong>Maximianum.</strong></span> <span class='ocrx_word' id='word_1_133' title='bbox 1852 1818 2019 1877; x_wconf 83' lang='lat' dir='ltr'><strong>Nobis</strong></span> <span class='ocrx_word' id='word_1_134' title='bbox 2080 1833 2260 1876; x_wconf 79' lang='lat' dir='ltr'><strong>autem</strong></span> <span class='ocrx_word' id='word_1_135' title='bbox 2290 1821 2357 1876; x_wconf 89' lang='lat' dir='ltr'><strong>ad</strong></span> 
     </span>
    </p>
   </div>
   <div class='ocr_carea' id='block_1_21' title="bbox 794 1912 2357 1982">
    <p class='ocr_par' dir='ltr' id='par_1_21' title="bbox 794 1912 2357 1982">
     <span class='ocr_line' id='line_1_21' title="bbox 794 1912 2357 1982; baseline -0.005 -9"><span class='ocrx_word' id='word_1_136' title='bbox 794 1928 1062 1982; x_wconf 85' lang='lat' dir='ltr'><strong>nostram,</strong></span> <span class='ocrx_word' id='word_1_137' title='bbox 1100 1917 1342 1980; x_wconf 82' lang='lat' dir='ltr'><strong>aiebant,</strong></span> <span class='ocrx_word' id='word_1_138' title='bbox 1382 1913 1576 1968; x_wconf 77' lang='lat' dir='ltr'><strong>suﬁicit</strong></span> <span class='ocrx_word' id='word_1_139' title='bbox 1610 1912 1999 1979; x_wconf 79' lang='lat' dir='ltr'><strong>defensionem,</strong></span> <span class='ocrx_word' id='word_1_140' title='bbox 2044 1914 2357 1968; x_wconf 82' lang='lat' dir='ltr'><strong>Antliimum</strong></span> 
     </span>
    </p>
   </div>
   <div class='ocr_carea' id='block_1_22' title="bbox 791 2005 2359 2081">
    <p class='ocr_par' dir='ltr' id='par_1_22' title="bbox 791 2005 2359 2081">
     <span class='ocr_line' id='line_1_22' title="bbox 791 2005 2359 2081; baseline -0.003 -18"><span class='ocrx_word' id='word_1_141' title='bbox 791 2013 1007 2081; x_wconf 86' lang='lat' dir='ltr'><strong>quidem</strong></span> <span class='ocrx_word' id='word_1_142' title='bbox 1042 2011 1268 2064; x_wconf 89' lang='lat' dir='ltr'><strong>multum</strong></span> <span class='ocrx_word' id='word_1_143' title='bbox 1302 2006 1618 2077; x_wconf 66' lang='lat' dir='ltr'><strong>quaesivisse</strong></span> <span class='ocrx_word' id='word_1_144' title='bbox 1646 2021 1740 2075; x_wconf 88' lang='lat' dir='ltr'><strong>per</strong></span> <span class='ocrx_word' id='word_1_145' title='bbox 1776 2006 2079 2061; x_wconf 82' lang='lat' dir='ltr'><strong>universam</strong></span> <span class='ocrx_word' id='word_1_146' title='bbox 2110 2005 2359 2059; x_wconf 83' lang='lat' dir='ltr'><strong>Nicome-</strong></span> 
     </span>
    </p>
   </div>
   <div class='ocr_carea' id='block_1_23' title="bbox 793 2097 2356 2173">
    <p class='ocr_par' dir='ltr' id='par_1_23' title="bbox 793 2097 2356 2173">
     <span class='ocr_line' id='line_1_23' title="bbox 793 2097 2356 2173; baseline -0.006 -12"><span class='ocrx_word' id='word_1_147' title='bbox 793 2106 964 2169; x_wconf 87' lang='lat' dir='ltr'><strong>diam,</strong></span> <span class='ocrx_word' id='word_1_148' title='bbox 1000 2117 1103 2157; x_wconf 89' lang='lat' dir='ltr'><strong>nou</strong></span> <span class='ocrx_word' id='word_1_149' title='bbox 1131 2102 1373 2173; x_wconf 86' lang='lat' dir='ltr'><strong>potuisse</strong></span> <span class='ocrx_word' id='word_1_150' title='bbox 1422 2110 1599 2155; x_wconf 82' lang='lat' dir='ltr'><strong>tamen</strong></span> <span class='ocrx_word' id='word_1_151' title='bbox 1638 2115 1759 2155; x_wconf 90' lang='lat' dir='ltr'><strong>eum</strong></span> <span class='ocrx_word' id='word_1_152' title='bbox 1810 2101 2070 2155; x_wconf 85' lang='lat' dir='ltr'><strong>invenire.</strong></span> <span class='ocrx_word' id='word_1_153' title='bbox 2129 2097 2232 2155; x_wconf 89' lang='lat' dir='ltr'><strong>Sed</strong></span> <span class='ocrx_word' id='word_1_154' title='bbox 2264 2098 2356 2168; x_wconf 88' lang='lat' dir='ltr'><strong>qui</strong></span> 
     </span>
    </p>
   </div>
   <div class='ocr_carea' id='block_1_24' title="bbox 791 2192 2361 2265">
    <p class='ocr_par' dir='ltr' id='par_1_24' title="bbox 791 2192 2361 2265">
     <span class='ocr_line' id='line_1_24' title="bbox 791 2192 2361 2265; baseline -0.004 -14"><span class='ocrx_word' id='word_1_155' title='bbox 791 2196 884 2252; x_wconf 88' lang='lat' dir='ltr'><strong>Dei</strong></span> <span class='ocrx_word' id='word_1_156' title='bbox 922 2205 1188 2265; x_wconf 65' lang='lat' dir='ltr'><strong>praecepta</strong></span> <span class='ocrx_word' id='word_1_157' title='bbox 1229 2208 1446 2262; x_wconf 88' lang='lat' dir='ltr'><strong>semper</strong></span> <span class='ocrx_word' id='word_1_158' title='bbox 1499 2192 1861 2246; x_wconf 81' lang='lat' dir='ltr'><strong>meditabatur</strong></span> <span class='ocrx_word' id='word_1_159' title='bbox 1909 2192 2219 2255; x_wconf 80' lang='lat' dir='ltr'><strong>Anthimus,</strong></span> <span class='ocrx_word' id='word_1_160' title='bbox 2268 2205 2361 2244; x_wconf 85' lang='lat' dir='ltr'><strong>eos</strong></span> 
     </span>
    </p>
   </div>
   <div class='ocr_carea' id='block_1_25' title="bbox 790 2282 2358 2350">
    <p class='ocr_par' dir='ltr' id='par_1_25' title="bbox 790 2282 2358 2350">
     <span class='ocr_line' id='line_1_25' title="bbox 790 2282 2358 2350; baseline -0.007 -6"><span class='ocrx_word' id='word_1_161' title='bbox 790 2288 1020 2344; x_wconf 88' lang='lat' dir='ltr'><strong>omnino</strong></span> <span class='ocrx_word' id='word_1_162' title='bbox 1052 2285 1351 2340; x_wconf 85' lang='lat' dir='ltr'><strong>adhortans</strong></span> <span class='ocrx_word' id='word_1_163' title='bbox 1387 2293 1440 2337; x_wconf 88' lang='lat' dir='ltr'><strong>et</strong></span> <span class='ocrx_word' id='word_1_164' title='bbox 1470 2283 1693 2345; x_wconf 86' lang='lat' dir='ltr'><strong>docens,</strong></span> <span class='ocrx_word' id='word_1_165' title='bbox 1724 2290 1783 2336; x_wconf 91' lang='lat' dir='ltr'><strong>ut</strong></span> <span class='ocrx_word' id='word_1_166' title='bbox 1813 2283 2089 2335; x_wconf 81' lang='lat' dir='ltr'><strong>veritatem</strong></span> <span class='ocrx_word' id='word_1_167' title='bbox 2131 2282 2358 2350; x_wconf 88' lang='lat' dir='ltr'><strong>loquan-</strong></span> 
     </span>
    </p>
   </div>
   <div class='ocr_carea' id='block_1_26' title="bbox 789 2374 2356 2445">
    <p class='ocr_par' dir='ltr' id='par_1_26' title="bbox 789 2374 2356 2445">
     <span class='ocr_line' id='line_1_26' title="bbox 789 2374 2356 2445; baseline -0.004 -9"><span class='ocrx_word' id='word_1_168' title='bbox 789 2391 879 2436; x_wconf 90' lang='lat' dir='ltr'><strong>tur</strong></span> <span class='ocrx_word' id='word_1_169' title='bbox 909 2385 964 2433; x_wconf 85' lang='lat' dir='ltr'><strong>in</strong></span> <span class='ocrx_word' id='word_1_170' title='bbox 999 2377 1162 2432; x_wconf 89' lang='lat' dir='ltr'><strong>corde</strong></span> <span class='ocrx_word' id='word_1_171' title='bbox 1191 2390 1311 2439; x_wconf 90' lang='lat' dir='ltr'><strong>suo,</strong></span> <span class='ocrx_word' id='word_1_172' title='bbox 1365 2385 1419 2430; x_wconf 89' lang='lat' dir='ltr'><strong>et</strong></span> <span class='ocrx_word' id='word_1_173' title='bbox 1472 2390 1573 2429; x_wconf 86' lang='lat' dir='ltr'><strong>nec</strong></span> <span class='ocrx_word' id='word_1_174' title='bbox 1604 2374 1725 2429; x_wconf 91' lang='lat' dir='ltr'><strong>illos</strong></span> <span class='ocrx_word' id='word_1_175' title='bbox 1778 2384 1994 2444; x_wconf 88' lang='lat' dir='ltr'><strong>propter</strong></span> <span class='ocrx_word' id='word_1_176' title='bbox 2052 2375 2225 2445; x_wconf 87' lang='lat' dir='ltr'><strong>ipsum</strong></span> <span class='ocrx_word' id='word_1_177' title='bbox 2277 2376 2356 2429; x_wconf 90' lang='lat' dir='ltr'><strong>vel</strong></span> 
     </span>
    </p>
   </div>
   <div class='ocr_carea' id='block_1_27' title="bbox 794 2466 2358 2536">
    <p class='ocr_par' dir='ltr' id='par_1_27' title="bbox 794 2466 2358 2536">
     <span class='ocr_line' id='line_1_27' title="bbox 794 2466 2358 2536; baseline -0.003 -10"><span class='ocrx_word' id='word_1_178' title='bbox 794 2471 929 2527; x_wconf 81' lang='lat' dir='ltr'><strong>solis</strong></span> <span class='ocrx_word' id='word_1_179' title='bbox 966 2470 1132 2525; x_wconf 82' lang='lat' dir='ltr'><strong>labris</strong></span> <span class='ocrx_word' id='word_1_180' title='bbox 1192 2468 1411 2524; x_wconf 88' lang='lat' dir='ltr'><strong>mentiri</strong></span> <span class='ocrx_word' id='word_1_181' title='bbox 1453 2467 1754 2531; x_wconf 87' lang='lat' dir='ltr'><strong>sustinens,</strong></span> <span class='ocrx_word' id='word_1_182' title='bbox 1783 2476 1835 2519; x_wconf 86' lang='lat' dir='ltr'><strong>et</strong></span> <span class='ocrx_word' id='word_1_183' title='bbox 1866 2466 1973 2521; x_wconf 90' lang='lat' dir='ltr'><strong>alio</strong></span> <span class='ocrx_word' id='word_1_184' title='bbox 2011 2467 2100 2536; x_wconf 92' lang='lat' dir='ltr'><strong>qui</strong></span> <span class='ocrx_word' id='word_1_185' title='bbox 2142 2479 2358 2536; x_wconf 83' lang='lat' dir='ltr'><strong>propter</strong></span> 
     </span>
    </p>
   </div>
   <div class='ocr_carea' id='block_1_28' title="bbox 787 2559 2358 2625">
    <p class='ocr_par' dir='ltr' id='par_1_28' title="bbox 787 2559 2358 2625">
     <span class='ocr_line' id='line_1_28' title="bbox 787 2559 2358 2625; baseline -0.004 -6"><span class='ocrx_word' id='word_1_186' title='bbox 787 2564 1069 2619; x_wconf 83' lang='lat' dir='ltr'><strong>Christum</strong></span> <span class='ocrx_word' id='word_1_187' title='bbox 1098 2570 1331 2617; x_wconf 88' lang='lat' dir='ltr'><strong>mortem</strong></span> <span class='ocrx_word' id='word_1_188' title='bbox 1372 2559 1589 2625; x_wconf 87' lang='lat' dir='ltr'><strong>sitiens,</strong></span> <span class='ocrx_word' id='word_1_189' title='bbox 1636 2573 1741 2612; x_wconf 88' lang='lat' dir='ltr'><strong>una</strong></span> <span class='ocrx_word' id='word_1_190' title='bbox 1802 2573 1920 2613; x_wconf 88' lang='lat' dir='ltr'><strong>cum</strong></span> <span class='ocrx_word' id='word_1_191' title='bbox 1974 2560 2056 2613; x_wconf 88' lang='lat' dir='ltr'><strong>eis</strong></span> <span class='ocrx_word' id='word_1_192' title='bbox 2100 2559 2246 2613; x_wconf 91' lang='lat' dir='ltr'><strong>illinc</strong></span> <span class='ocrx_word' id='word_1_193' title='bbox 2275 2570 2358 2613; x_wconf 85' lang='lat' dir='ltr'><strong>cst</strong></span> 
     </span>
    </p>
   </div>
   <div class='ocr_carea' id='block_1_29' title="bbox 792 2650 2354 2728">
    <p class='ocr_par' dir='ltr' id='par_1_29' title="bbox 792 2650 2354 2728">
     <span class='ocr_line' id='line_1_29' title="bbox 792 2650 2354 2728; baseline -0.004 -19"><span class='ocrx_word' id='word_1_194' title='bbox 792 2654 1087 2728; x_wconf 75' lang='lat' dir='ltr'><strong>profectus,</strong></span> <span class='ocrx_word' id='word_1_195' title='bbox 1139 2660 1192 2707; x_wconf 88' lang='lat' dir='ltr'><strong>et</strong></span> <span class='ocrx_word' id='word_1_196' title='bbox 1227 2651 1330 2704; x_wconf 90' lang='lat' dir='ltr'><strong>iter</strong></span> <span class='ocrx_word' id='word_1_197' title='bbox 1371 2651 1510 2705; x_wconf 82' lang='lat' dir='ltr'><strong>iniit.</strong></span> <span class='ocrx_word' id='word_1_198' title='bbox 1579 2650 1711 2706; x_wconf 85' lang='lat' dir='ltr'><strong>Cum</strong></span> <span class='ocrx_word' id='word_1_199' title='bbox 1760 2665 1855 2705; x_wconf 91' lang='lat' dir='ltr'><strong>eos</strong></span> <span class='ocrx_word' id='word_1_200' title='bbox 1896 2663 2074 2705; x_wconf 89' lang='lat' dir='ltr'><strong>autem</strong></span> <span class='ocrx_word' id='word_1_201' title='bbox 2133 2652 2354 2703; x_wconf 82' lang='lat' dir='ltr'><strong>multum</strong></span> 
     </span>
    </p>
   </div>
   <div class='ocr_carea' id='block_1_30' title="bbox 789 2739 2358 2811">
    <p class='ocr_par' dir='ltr' id='par_1_30' title="bbox 789 2739 2358 2811">
     <span class='ocr_line' id='line_1_30' title="bbox 789 2739 2358 2811; baseline -0.005 -7"><span class='ocrx_word' id='word_1_202' title='bbox 789 2758 934 2804; x_wconf 88' lang='lat' dir='ltr'><strong>esset</strong></span> <span class='ocrx_word' id='word_1_203' title='bbox 956 2749 1273 2802; x_wconf 81' lang='lat' dir='ltr'><strong>exhortatus</strong></span> <span class='ocrx_word' id='word_1_204' title='bbox 1295 2745 1359 2798; x_wconf 89' lang='lat' dir='ltr'><strong>ad</strong></span> <span class='ocrx_word' id='word_1_205' title='bbox 1392 2742 1669 2811; x_wconf 79' lang='lat' dir='ltr'><strong>pietatem,</strong></span> <span class='ocrx_word' id='word_1_206' title='bbox 1696 2751 1750 2794; x_wconf 91' lang='lat' dir='ltr'><strong>et</strong></span> <span class='ocrx_word' id='word_1_207' title='bbox 1802 2743 1866 2795; x_wconf 92' lang='lat' dir='ltr'><strong>de</strong></span> <span class='ocrx_word' id='word_1_208' title='bbox 1902 2739 2096 2795; x_wconf 71' lang='lat' dir='ltr'><strong>tuturis</strong></span> <span class='ocrx_word' id='word_1_209' title='bbox 2127 2755 2247 2793; x_wconf 90' lang='lat' dir='ltr'><strong>cum</strong></span> <span class='ocrx_word' id='word_1_210' title='bbox 2277 2742 2358 2796; x_wconf 86' lang='lat' dir='ltr'><strong>eis</strong></span> 
     </span>
    </p>
   </div>
   <div class='ocr_carea' id='block_1_31' title="bbox 791 2832 2356 2903">
    <p class='ocr_par' dir='ltr' id='par_1_31' title="bbox 791 2832 2356 2903">
     <span class='ocr_line' id='line_1_31' title="bbox 791 2832 2356 2903; baseline -0.006 -8"><span class='ocrx_word' id='word_1_211' title='bbox 791 2840 1163 2900; x_wconf 82' lang='lat' dir='ltr'><strong>disseruisset,</strong></span> <span class='ocrx_word' id='word_1_212' title='bbox 1208 2836 1330 2890; x_wconf 91' lang='lat' dir='ltr'><strong>etsi</strong></span> <span class='ocrx_word' id='word_1_213' title='bbox 1360 2834 1486 2903; x_wconf 90' lang='lat' dir='ltr'><strong>quid</strong></span> <span class='ocrx_word' id='word_1_214' title='bbox 1511 2833 1590 2887; x_wconf 89' lang='lat' dir='ltr'><strong>eis</strong></span> <span class='ocrx_word' id='word_1_215' title='bbox 1637 2832 1828 2886; x_wconf 90' lang='lat' dir='ltr'><strong>durum</strong></span> <span class='ocrx_word' id='word_1_216' title='bbox 1882 2841 1937 2887; x_wconf 91' lang='lat' dir='ltr'><strong>et</strong></span> <span class='ocrx_word' id='word_1_217' title='bbox 1984 2846 2236 2902; x_wconf 87' lang='lat' dir='ltr'><strong>asperum</strong></span> <span class='ocrx_word' id='word_1_218' title='bbox 2291 2848 2356 2886; x_wconf 79' lang='lat' dir='ltr'><strong>ex</strong></span> 
     </span>
    </p>
   </div>
   <div class='ocr_carea' id='block_1_32' title="bbox 791 2923 2354 3002">
    <p class='ocr_par' dir='ltr' id='par_1_32' title="bbox 791 2923 2354 3002">
     <span class='ocr_line' id='line_1_32' title="bbox 791 2923 2354 3002; baseline -0.002 -17"><span class='ocrx_word' id='word_1_219' title='bbox 791 2932 990 3002; x_wconf 86' lang='lat' dir='ltr'><strong>pietate</strong></span> <span class='ocrx_word' id='word_1_220' title='bbox 1016 2930 1212 2991; x_wconf 86' lang='lat' dir='ltr'><strong>iuerat,</strong></span> <span class='ocrx_word' id='word_1_221' title='bbox 1236 2927 1286 2981; x_wconf 89' lang='lat' dir='ltr'><strong>id</strong></span> <span class='ocrx_word' id='word_1_222' title='bbox 1320 2924 1627 2995; x_wconf 80' lang='lat' dir='ltr'><strong>levigasset,</strong></span> <span class='ocrx_word' id='word_1_223' title='bbox 1656 2933 1711 2979; x_wconf 83' lang='lat' dir='ltr'><strong>et</strong></span> <span class='ocrx_word' id='word_1_224' title='bbox 1748 2923 2171 2993; x_wconf 87' lang='lat' dir='ltr'><strong>complanasset,</strong></span> <span class='ocrx_word' id='word_1_225' title='bbox 2196 2937 2244 2981; x_wconf 92' lang='lat' dir='ltr'><strong>et</strong></span> <span class='ocrx_word' id='word_1_226' title='bbox 2274 2928 2354 2982; x_wconf 89' lang='lat' dir='ltr'><strong>eis</strong></span> 
     </span>
    </p>
   </div>
   <div class='ocr_carea' id='block_1_33' title="bbox 790 3016 2356 3091">
    <p class='ocr_par' dir='ltr' id='par_1_33' title="bbox 790 3016 2356 3091">
     <span class='ocr_line' id='line_1_33' title="bbox 790 3016 2356 3091; baseline -0.004 -13"><span class='ocrx_word' id='word_1_227' title='bbox 790 3024 982 3078; x_wconf 65' lang='lat' dir='ltr'><strong>mxima:</strong></span> <span class='ocrx_word' id='word_1_228' title='bbox 1022 3035 1210 3091; x_wconf 82' lang='lat' dir='ltr'><strong>agrum</strong></span> <span class='ocrx_word' id='word_1_229' title='bbox 1240 3018 1523 3080; x_wconf 89' lang='lat' dir='ltr'><strong>mundum,</strong></span> <span class='ocrx_word' id='word_1_230' title='bbox 1551 3025 1607 3070; x_wconf 91' lang='lat' dir='ltr'><strong>et</strong></span> <span class='ocrx_word' id='word_1_231' title='bbox 1632 3016 1696 3069; x_wconf 90' lang='lat' dir='ltr'><strong>ad</strong></span> <span class='ocrx_word' id='word_1_232' title='bbox 1726 3016 1941 3085; x_wconf 86' lang='lat' dir='ltr'><strong>pietatis</strong></span> <span class='ocrx_word' id='word_1_233' title='bbox 1966 3032 2148 3073; x_wconf 89' lang='lat' dir='ltr'><strong>semen</strong></span> <span class='ocrx_word' id='word_1_234' title='bbox 2182 3019 2356 3073; x_wconf 87' lang='lat' dir='ltr'><strong>susci-</strong></span> 
     </span>
    </p>
   </div>
   <div class='ocr_carea' id='block_1_34' title="bbox 790 3106 2356 3186">
    <p class='ocr_par' dir='ltr' id='par_1_34' title="bbox 790 3106 2356 3186">
     <span class='ocr_line' id='line_1_34' title="bbox 790 3106 2356 3186; baseline -0.006 -17"><span class='ocrx_word' id='word_1_235' title='bbox 790 3116 1047 3186; x_wconf 88' lang='lat' dir='ltr'><strong>piendum</strong></span> <span class='ocrx_word' id='word_1_236' title='bbox 1102 3118 1286 3179; x_wconf 87' lang='lat' dir='ltr'><strong>aptunt</strong></span> <span class='ocrx_word' id='word_1_237' title='bbox 1324 3107 1669 3171; x_wconf 84' lang='lat' dir='ltr'><strong>reddidisset,</strong></span> <span class='ocrx_word' id='word_1_238' title='bbox 1702 3106 1918 3160; x_wconf 85' lang='lat' dir='ltr'><strong>divinas</strong></span> <span class='ocrx_word' id='word_1_239' title='bbox 1948 3108 2097 3174; x_wconf 87' lang='lat' dir='ltr'><strong>prius</strong></span> <span class='ocrx_word' id='word_1_240' title='bbox 2132 3107 2356 3162; x_wconf 81' lang='lat' dir='ltr'><strong>eﬂ&#39;undit</strong></span> 
     </span>
    </p>
   </div>
   <div class='ocr_carea' id='block_1_35' title="bbox 791 3190 2357 3273">
    <p class='ocr_par' dir='ltr' id='par_1_35' title="bbox 791 3190 2357 3273">
     <span class='ocr_line' id='line_1_35' title="bbox 791 3190 2357 3273; baseline -0.002 -14"><span class='ocrx_word' id='word_1_241' title='bbox 791 3221 979 3273; x_wconf 84' lang='lat' dir='ltr'><strong>preces</strong></span> <span class='ocrx_word' id='word_1_242' title='bbox 1011 3190 1249 3259; x_wconf 74' lang='lat' dir='ltr'><strong>:deinde</strong></span> <span class='ocrx_word' id='word_1_243' title='bbox 1287 3214 1407 3255; x_wconf 88' lang='lat' dir='ltr'><strong>cum</strong></span> <span class='ocrx_word' id='word_1_244' title='bbox 1446 3196 1667 3253; x_wconf 77' lang='lat' dir='ltr'><strong>ﬂuvium</strong></span> <span class='ocrx_word' id='word_1_245' title='bbox 1698 3197 2015 3255; x_wconf 76' lang='lat' dir='ltr'><strong>oll‘endisset</strong></span> <span class='ocrx_word' id='word_1_246' title='bbox 2064 3200 2115 3254; x_wconf 93' lang='lat' dir='ltr'><strong>in</strong></span> <span class='ocrx_word' id='word_1_247' title='bbox 2146 3201 2357 3269; x_wconf 88' lang='lat' dir='ltr'><strong>itinere,</strong></span> 
     </span>
    </p>
   </div>
   <div class='ocr_carea' id='block_1_36' title="bbox 798 3294 2359 3365">
    <p class='ocr_par' dir='ltr' id='par_1_36' title="bbox 798 3294 2359 3365">
     <span class='ocr_line' id='line_1_36' title="bbox 798 3294 2359 3365; baseline -0.004 -11"><span class='ocrx_word' id='word_1_248' title='bbox 798 3314 894 3354; x_wconf 83' lang='lat' dir='ltr'><strong>eos</strong></span> <span class='ocrx_word' id='word_1_249' title='bbox 930 3296 1192 3365; x_wconf 83' lang='lat' dir='ltr'><strong>baptizat,</strong></span> <span class='ocrx_word' id='word_1_250' title='bbox 1251 3303 1306 3347; x_wconf 90' lang='lat' dir='ltr'><strong>et</strong></span> <span class='ocrx_word' id='word_1_251' title='bbox 1344 3294 1445 3348; x_wconf 86' lang='lat' dir='ltr'><strong>iter</strong></span> <span class='ocrx_word' id='word_1_252' title='bbox 1496 3307 1684 3347; x_wconf 84' lang='lat' dir='ltr'><strong>rursus</strong></span> <span class='ocrx_word' id='word_1_253' title='bbox 1714 3304 1948 3362; x_wconf 68' lang='lat' dir='ltr'><strong>emptum</strong></span> <span class='ocrx_word' id='word_1_254' title='bbox 2001 3296 2359 3365; x_wconf 83' lang='lat' dir='ltr'><strong>persequitur,</strong></span> 
     </span>
    </p>
   </div>
   <div class='ocr_carea' id='block_1_37' title="bbox 795 3384 2361 3457">
    <p class='ocr_par' dir='ltr' id='par_1_37' title="bbox 795 3384 2361 3457">
     <span class='ocr_line' id='line_1_37' title="bbox 795 3384 2361 3457; baseline -0.003 -11"><span class='ocrx_word' id='word_1_255' title='bbox 795 3392 965 3446; x_wconf 88' lang='lat' dir='ltr'><strong>donec</strong></span> <span class='ocrx_word' id='word_1_256' title='bbox 998 3387 1140 3442; x_wconf 88' lang='lat' dir='ltr'><strong>venit</strong></span> <span class='ocrx_word' id='word_1_257' title='bbox 1170 3387 1222 3440; x_wconf 93' lang='lat' dir='ltr'><strong>in</strong></span> <span class='ocrx_word' id='word_1_258' title='bbox 1256 3385 1550 3449; x_wconf 88' lang='lat' dir='ltr'><strong>civitatem,</strong></span> <span class='ocrx_word' id='word_1_259' title='bbox 1581 3394 1634 3439; x_wconf 88' lang='lat' dir='ltr'><strong>et</strong></span> <span class='ocrx_word' id='word_1_260' title='bbox 1655 3384 1720 3438; x_wconf 88' lang='lat' dir='ltr'><strong>ad</strong></span> <span class='ocrx_word' id='word_1_261' title='bbox 1758 3384 1989 3440; x_wconf 87' lang='lat' dir='ltr'><strong>tribunal</strong></span> <span class='ocrx_word' id='word_1_262' title='bbox 2030 3390 2238 3457; x_wconf 84' lang='lat' dir='ltr'><strong>tyranni</strong></span> <span class='ocrx_word' id='word_1_263' title='bbox 2280 3388 2361 3441; x_wconf 84' lang='lat' dir='ltr'><strong>iu-</strong></span> 
     </span>
    </p>
   </div>
   <div class='ocr_carea' id='block_1_38' title="bbox 794 3477 2359 3551">
    <p class='ocr_par' dir='ltr' id='par_1_38' title="bbox 794 3477 2359 3551">
     <span class='ocr_line' id='line_1_38' title="bbox 794 3477 2359 3551; baseline -0.001 -17"><span class='ocrx_word' id='word_1_264' title='bbox 794 3480 1057 3551; x_wconf 69' lang='lat' dir='ltr'><strong>greditur,</strong></span> <span class='ocrx_word' id='word_1_265' title='bbox 1111 3493 1253 3548; x_wconf 88' lang='lat' dir='ltr'><strong>pone</strong></span> <span class='ocrx_word' id='word_1_266' title='bbox 1288 3478 1503 3547; x_wconf 83' lang='lat' dir='ltr'><strong>quidem</strong></span> <span class='ocrx_word' id='word_1_267' title='bbox 1535 3491 1727 3530; x_wconf 87' lang='lat' dir='ltr'><strong>manus</strong></span> <span class='ocrx_word' id='word_1_268' title='bbox 1783 3478 2018 3531; x_wconf 73' lang='lat' dir='ltr'><strong>vinctus.</strong></span> <span class='ocrx_word' id='word_1_269' title='bbox 2074 3477 2165 3532; x_wconf 82' lang='lat' dir='ltr'><strong>Sic</strong></span> <span class='ocrx_word' id='word_1_270' title='bbox 2219 3480 2359 3532; x_wconf 90' lang='lat' dir='ltr'><strong>enim</strong></span> 
     </span>
    </p>
   </div>
   <div class='ocr_carea' id='block_1_39' title="bbox 794 3570 2357 3645">
    <p class='ocr_par' dir='ltr' id='par_1_39' title="bbox 794 3570 2357 3645">
     <span class='ocr_line' id='line_1_39' title="bbox 794 3570 2357 3645; baseline -0.003 -17"><span class='ocrx_word' id='word_1_271' title='bbox 794 3585 1016 3645; x_wconf 87' lang='lat' dir='ltr'><strong>propter</strong></span> <span class='ocrx_word' id='word_1_272' title='bbox 1060 3572 1316 3643; x_wconf 85' lang='lat' dir='ltr'><strong>pietatem</strong></span> <span class='ocrx_word' id='word_1_273' title='bbox 1368 3570 1672 3639; x_wconf 75' lang='lat' dir='ltr'><strong>Oportebat,</strong></span> <span class='ocrx_word' id='word_1_274' title='bbox 1729 3579 1980 3639; x_wconf 84' lang='lat' dir='ltr'><strong>tanquam</strong></span> <span class='ocrx_word' id='word_1_275' title='bbox 2036 3571 2357 3635; x_wconf 86' lang='lat' dir='ltr'><strong>malelicum,</strong></span> 
     </span>
    </p>
   </div>
   <div class='ocr_carea' id='block_1_40' title="bbox 806 3666 2361 3735">
    <p class='ocr_par' dir='ltr' id='par_1_40' title="bbox 806 3666 2361 3735">
     <span class='ocr_line' id='line_1_40' title="bbox 806 3666 2361 3735; baseline -0.003 -10"><span class='ocrx_word' id='word_1_276' title='bbox 806 3669 925 3726; x_wconf 86' lang='lat' dir='ltr'><strong>sisti</strong></span> <span class='ocrx_word' id='word_1_277' title='bbox 963 3679 1088 3722; x_wconf 87' lang='lat' dir='ltr'><strong>ante</strong></span> <span class='ocrx_word' id='word_1_278' title='bbox 1130 3667 1508 3735; x_wconf 77' lang='lat' dir='ltr'><strong>imperatorem</strong></span> <span class='ocrx_word' id='word_1_279' title='bbox 1545 3682 1559 3717; x_wconf 87' lang='lat'><strong>:</strong></span> <span class='ocrx_word' id='word_1_280' title='bbox 1597 3672 1832 3717; x_wconf 85' lang='lat' dir='ltr'><strong>mentem</strong></span> <span class='ocrx_word' id='word_1_281' title='bbox 1875 3674 2053 3717; x_wconf 91' lang='lat' dir='ltr'><strong>autem</strong></span> <span class='ocrx_word' id='word_1_282' title='bbox 2087 3666 2152 3719; x_wconf 85' lang='lat' dir='ltr'><strong>ad</strong></span> <span class='ocrx_word' id='word_1_283' title='bbox 2197 3668 2361 3722; x_wconf 73' lang='lat' dir='ltr'><strong>cclus</strong></span> 
     </span>
    </p>
   </div>
   <div class='ocr_carea' id='block_1_41' title="bbox 794 3754 2360 3824">
    <p class='ocr_par' dir='ltr' id='par_1_41' title="bbox 794 3754 2360 3824">
     <span class='ocr_line' id='line_1_41' title="bbox 794 3754 2360 3824; baseline -0.005 -7"><span class='ocrx_word' id='word_1_284' title='bbox 794 3760 1140 3822; x_wconf 77' lang='lat' dir='ltr'><strong>extendebat,</strong></span> <span class='ocrx_word' id='word_1_285' title='bbox 1172 3758 1313 3811; x_wconf 89' lang='lat' dir='ltr'><strong>unde</strong></span> <span class='ocrx_word' id='word_1_286' title='bbox 1342 3755 1410 3810; x_wconf 83' lang='lat' dir='ltr'><strong>ad</strong></span> <span class='ocrx_word' id='word_1_287' title='bbox 1458 3768 1523 3811; x_wconf 89' lang='lat' dir='ltr'><strong>se</strong></span> <span class='ocrx_word' id='word_1_288' title='bbox 1578 3754 1837 3824; x_wconf 84' lang='lat' dir='ltr'><strong>sperabat</strong></span> <span class='ocrx_word' id='word_1_289' title='bbox 1870 3762 2153 3810; x_wconf 86' lang='lat' dir='ltr'><strong>venturum</strong></span> <span class='ocrx_word' id='word_1_290' title='bbox 2205 3757 2360 3809; x_wconf 77' lang='lat' dir='ltr'><strong>auxi-</strong></span> 
     </span>
    </p>
   </div>
   <div class='ocr_carea' id='block_1_42' title="bbox 795 3855 1575 3909">
    <p class='ocr_par' dir='ltr' id='par_1_42' title="bbox 795 3855 1575 3909">
     <span class='ocr_line' id='line_1_42' title="bbox 795 3855 1575 3909; baseline -0.008 0"><span class='ocrx_word' id='word_1_291' title='bbox 795 3855 948 3909; x_wconf 92' lang='lat' dir='ltr'><strong>lium.</strong></span> <span class='ocrx_word' id='word_1_292' title='bbox 1568 3892 1575 3903; x_wconf 85' lang='lat'><strong>.</strong></span> 
     </span>
    </p>
   </div>
   <div class='ocr_carea' id='block_1_43' title="bbox 867 3932 2358 4013">
    <p class='ocr_par' dir='ltr' id='par_1_43' title="bbox 867 3932 2358 4013">
     <span class='ocr_line' id='line_1_43' title="bbox 867 3932 2358 4013; baseline -0.003 -12"><span class='ocrx_word' id='word_1_293' title='bbox 867 3946 932 4001; x_wconf 76' lang='grc' dir='ltr'>ν.</span> <span class='ocrx_word' id='word_1_294' title='bbox 968 3932 1164 3999; x_wconf 79' lang='lat' dir='ltr'><strong>Voleus</strong></span> <span class='ocrx_word' id='word_1_295' title='bbox 1218 3956 1346 4011; x_wconf 74' lang='lat' dir='ltr'><strong>ergo</strong></span> <span class='ocrx_word' id='word_1_296' title='bbox 1391 3943 1685 4009; x_wconf 86' lang='lat' dir='ltr'><strong>imperator</strong></span> <span class='ocrx_word' id='word_1_297' title='bbox 1717 3939 1799 3993; x_wconf 89' lang='lat' dir='ltr'><strong>vel</strong></span> <span class='ocrx_word' id='word_1_298' title='bbox 1834 3940 1947 4008; x_wconf 90' lang='lat' dir='ltr'><strong>ipso</strong></span> <span class='ocrx_word' id='word_1_299' title='bbox 1996 3941 2110 3996; x_wconf 86' lang='lat' dir='ltr'><strong>sulo</strong></span> <span class='ocrx_word' id='word_1_300' title='bbox 2142 3953 2358 4013; x_wconf 89' lang='lat' dir='ltr'><strong>aspectu</strong></span> 
     </span>
    </p>
   </div>
   <div class='ocr_carea' id='block_1_44' title="bbox 792 4033 2358 4101">
    <p class='ocr_par' dir='ltr' id='par_1_44' title="bbox 792 4033 2358 4101">
     <span class='ocr_line' id='line_1_44' title="bbox 792 4033 2358 4101; baseline -0.006 -7"><span class='ocrx_word' id='word_1_301' title='bbox 792 4036 1051 4094; x_wconf 74' lang='lat' dir='ltr'><strong>Antiiimo</strong></span> <span class='ocrx_word' id='word_1_302' title='bbox 1074 4033 1381 4098; x_wconf 84' lang='lat' dir='ltr'><strong>ostendere,</strong></span> <span class='ocrx_word' id='word_1_303' title='bbox 1418 4045 1582 4101; x_wconf 85' lang='lat' dir='ltr'><strong>quam</strong></span> <span class='ocrx_word' id='word_1_304' title='bbox 1615 4040 1762 4085; x_wconf 84' lang='lat' dir='ltr'><strong>esset</strong></span> <span class='ocrx_word' id='word_1_305' title='bbox 1790 4045 1955 4096; x_wconf 76' lang='lat' dir='ltr'><strong>grave</strong></span> <span class='ocrx_word' id='word_1_306' title='bbox 2006 4041 2060 4085; x_wconf 88' lang='lat' dir='ltr'><strong>et</strong></span> <span class='ocrx_word' id='word_1_307' title='bbox 2104 4033 2358 4086; x_wconf 84' lang='lat' dir='ltr'><strong>acerbum</strong></span> 
     </span>
    </p>
   </div>
   <div class='ocr_carea' id='block_1_45' title="bbox 793 4120 2360 4194">
    <p class='ocr_par' dir='ltr' id='par_1_45' title="bbox 793 4120 2360 4194">
     <span class='ocr_line' id='line_1_45' title="bbox 793 4120 2360 4194; baseline -0.004 -12"><span class='ocrx_word' id='word_1_308' title='bbox 793 4130 1042 4182; x_wconf 83' lang='lat' dir='ltr'><strong>aditurus</strong></span> <span class='ocrx_word' id='word_1_309' title='bbox 1094 4123 1415 4194; x_wconf 88' lang='lat' dir='ltr'><strong>periculum,</strong></span> <span class='ocrx_word' id='word_1_310' title='bbox 1468 4130 1524 4174; x_wconf 92' lang='lat' dir='ltr'><strong>ut</strong></span> <span class='ocrx_word' id='word_1_311' title='bbox 1578 4136 1698 4175; x_wconf 87' lang='lat' dir='ltr'><strong>eum</strong></span> <span class='ocrx_word' id='word_1_312' title='bbox 1760 4120 1943 4175; x_wconf 79' lang='lat' dir='ltr'><strong>statim</strong></span> <span class='ocrx_word' id='word_1_313' title='bbox 2000 4121 2049 4175; x_wconf 92' lang='lat' dir='ltr'><strong>in</strong></span> <span class='ocrx_word' id='word_1_314' title='bbox 2099 4121 2360 4192; x_wconf 89' lang='lat' dir='ltr'><strong>principio</strong></span> 
     </span>
    </p>
   </div>
   <div class='ocr_carea' id='block_1_46' title="bbox 795 4213 2350 4283">
    <p class='ocr_par' dir='ltr' id='par_1_46' title="bbox 795 4213 2350 4283">
     <span class='ocr_line' id='line_1_46' title="bbox 795 4213 2350 4283; baseline -0.003 -10"><span class='ocrx_word' id='word_1_315' title='bbox 795 4219 1068 4273; x_wconf 85' lang='lat' dir='ltr'><strong>inveniret</strong></span> <span class='ocrx_word' id='word_1_316' title='bbox 1104 4216 1427 4278; x_wconf 83' lang='lat' dir='ltr'><strong>molliorem,</strong></span> <span class='ocrx_word' id='word_1_317' title='bbox 1484 4213 1839 4267; x_wconf 84' lang='lat' dir='ltr'><strong>instrumenta</strong></span> <span class='ocrx_word' id='word_1_318' title='bbox 1898 4214 2105 4283; x_wconf 84' lang='lat' dir='ltr'><strong>publica</strong></span> <span class='ocrx_word' id='word_1_319' title='bbox 2141 4215 2207 4269; x_wconf 86' lang='lat' dir='ltr'><strong>ad</strong></span> <span class='ocrx_word' id='word_1_320' title='bbox 2246 4226 2350 4269; x_wconf 85' lang='lat' dir='ltr'><strong>tor-</strong></span> 
     </span>
    </p>
   </div>
   <div class='ocr_carea' id='block_1_47' title="bbox 792 4305 2360 4381">
    <p class='ocr_par' dir='ltr' id='par_1_47' title="bbox 792 4305 2360 4381">
     <span class='ocr_line' id='line_1_47' title="bbox 792 4305 2360 4381; baseline -0.003 -16"><span class='ocrx_word' id='word_1_321' title='bbox 792 4310 1067 4381; x_wconf 89' lang='lat' dir='ltr'><strong>quendum</strong></span> <span class='ocrx_word' id='word_1_322' title='bbox 1103 4314 1441 4375; x_wconf 87' lang='lat' dir='ltr'><strong>comparata,</strong></span> <span class='ocrx_word' id='word_1_323' title='bbox 1470 4305 1519 4359; x_wconf 91' lang='lat' dir='ltr'><strong>ei</strong></span> <span class='ocrx_word' id='word_1_324' title='bbox 1556 4306 1704 4373; x_wconf 89' lang='lat' dir='ltr'><strong>prius</strong></span> <span class='ocrx_word' id='word_1_325' title='bbox 1735 4307 1982 4373; x_wconf 85' lang='lat' dir='ltr'><strong>producit</strong></span> <span class='ocrx_word' id='word_1_326' title='bbox 2029 4306 2083 4361; x_wconf 87' lang='lat' dir='ltr'><strong>in</strong></span> <span class='ocrx_word' id='word_1_327' title='bbox 2140 4323 2360 4376; x_wconf 88' lang='lat' dir='ltr'><strong>conspe-</strong></span> 
     </span>
    </p>
   </div>
   <div class='ocr_carea' id='block_1_48' title="bbox 795 4398 2353 4467">
    <p class='ocr_par' dir='ltr' id='par_1_48' title="bbox 795 4398 2353 4467">
     <span class='ocr_line' id='line_1_48' title="bbox 795 4398 2353 4467; baseline -0.004 -9"><span class='ocrx_word' id='word_1_328' title='bbox 795 4414 944 4459; x_wconf 89' lang='lat' dir='ltr'><strong>ctum</strong></span> <span class='ocrx_word' id='word_1_329' title='bbox 980 4418 994 4455; x_wconf 89' lang='lat'><strong>:</strong></span> <span class='ocrx_word' id='word_1_330' title='bbox 1024 4412 1079 4456; x_wconf 88' lang='lat' dir='ltr'><strong>et</strong></span> <span class='ocrx_word' id='word_1_331' title='bbox 1120 4415 1242 4455; x_wconf 91' lang='lat' dir='ltr'><strong>cum</strong></span> <span class='ocrx_word' id='word_1_332' title='bbox 1271 4414 1391 4453; x_wconf 87' lang='lat' dir='ltr'><strong>eum</strong></span> <span class='ocrx_word' id='word_1_333' title='bbox 1425 4398 1567 4452; x_wconf 92' lang='lat' dir='ltr'><strong>intro</strong></span> <span class='ocrx_word' id='word_1_334' title='bbox 1597 4408 1841 4450; x_wconf 88' lang='lat' dir='ltr'><strong>vocasset</strong></span> <span class='ocrx_word' id='word_1_335' title='bbox 1874 4398 1989 4450; x_wconf 88' lang='lat' dir='ltr'><strong>:Tu</strong></span> <span class='ocrx_word' id='word_1_336' title='bbox 2025 4412 2102 4462; x_wconf 86' lang='lat' dir='ltr'><strong>es,</strong></span> <span class='ocrx_word' id='word_1_337' title='bbox 2154 4401 2353 4467; x_wconf 85' lang='lat' dir='ltr'><strong>inquit,</strong></span> 
     </span>
    </p>
   </div>
   <div class='ocr_carea' id='block_1_49' title="bbox 2482 536 4028 612">
    <p class='ocr_par' dir='ltr' id='par_1_49' title="bbox 2482 536 4028 612">
     <span class='ocr_line' id='line_1_49' title="bbox 2482 536 4028 612; baseline 0.01 -25"><span class='ocrx_word' id='word_1_338' title='bbox 2482 538 2661 600; x_wconf 68' lang='grc' dir='ltr'>καὶώς</span> <span class='ocrx_word' id='word_1_339' title='bbox 2691 536 2805 608; x_wconf 76' lang='grc' dir='ltr'>εἶχε</span> <span class='ocrx_word' id='word_1_340' title='bbox 2834 542 3014 609; x_wconf 77' lang='grc' dir='ltr'>χειρὸς</span> <span class='ocrx_word' id='word_1_341' title='bbox 3046 545 3138 595; x_wconf 71' lang='grc' dir='ltr'><strong>καὶ</strong></span> <span class='ocrx_word' id='word_1_342' title='bbox 3162 544 3442 611; x_wconf 80' lang='grc' dir='ltr'>δυνάμεως</span> <span class='ocrx_word' id='word_1_343' title='bbox 3471 548 3747 612; x_wconf 75' lang='grc' dir='ltr'>ἑστιάσας,</span> <span class='ocrx_word' id='word_1_344' title='bbox 3783 549 3897 602; x_wconf 72' lang='grc' dir='ltr'>εἶτα</span> <span class='ocrx_word' id='word_1_345' title='bbox 3918 553 4028 603; x_wconf 54' lang='lat' dir='ltr'><strong>tau-</strong></span> 
     </span>
    </p>
   </div>
   <div class='ocr_carea' id='block_1_50' title="bbox 2477 624 4027 708">
    <p class='ocr_par' dir='ltr' id='par_1_50' title="bbox 2477 624 4027 708">
     <span class='ocr_line' id='line_1_50' title="bbox 2477 624 4027 708; baseline 0.009 -30"><span class='ocrx_word' id='word_1_346' title='bbox 2477 628 2567 679; x_wconf 75' lang='grc' dir='ltr'><strong>τὸν</strong></span> <span class='ocrx_word' id='word_1_347' title='bbox 2621 624 2760 682; x_wconf 72' lang='grc' dir='ltr'>εἶναι</span> <span class='ocrx_word' id='word_1_348' title='bbox 2811 630 2904 683; x_wconf 79' lang='grc' dir='ltr'><strong>τὸν</strong></span> <span class='ocrx_word' id='word_1_349' title='bbox 2938 633 3198 700; x_wconf 71' lang='grc' dir='ltr'>Ἀνθιμον</span> <span class='ocrx_word' id='word_1_350' title='bbox 3252 636 3623 702; x_wconf 80' lang='grc' dir='ltr'>ἀπαγγέλλει·</span> <span class='ocrx_word' id='word_1_351' title='bbox 3678 640 3813 708; x_wconf 75' lang='grc' dir='ltr'>ὅπερ</span> <span class='ocrx_word' id='word_1_352' title='bbox 3852 645 4027 693; x_wconf 81' lang='grc' dir='ltr'>ἐκεῖνοι</span> 
     </span>
    </p>
   </div>
   <div class='ocr_carea' id='block_1_51' title="bbox 2477 716 4027 792">
    <p class='ocr_par' dir='ltr' id='par_1_51' title="bbox 2477 716 4027 792">
     <span class='ocr_line' id='line_1_51' title="bbox 2477 716 4027 792; baseline 0.008 -24"><span class='ocrx_word' id='word_1_353' title='bbox 2477 716 2829 781; x_wconf 76' lang='grc' dir='ltr'>ἀκούσαντες,</span> <span class='ocrx_word' id='word_1_354' title='bbox 2864 719 3047 788; x_wconf 84' lang='grc' dir='ltr'>δλίγου</span> <span class='ocrx_word' id='word_1_355' title='bbox 3091 721 3200 773; x_wconf 77' lang='grc' dir='ltr'>δεῖν</span> <span class='ocrx_word' id='word_1_356' title='bbox 3227 724 3576 792; x_wconf 79' lang='grc' dir='ltr'>ἐπεπήγεσαν</span> <span class='ocrx_word' id='word_1_357' title='bbox 3621 728 3713 778; x_wconf 72' lang='grc' dir='ltr'><strong>καὶ</strong></span> <span class='ocrx_word' id='word_1_358' title='bbox 3745 729 3865 780; x_wconf 70' lang='grc' dir='ltr'>οὐδὲ</span> <span class='ocrx_word' id='word_1_359' title='bbox 3897 733 4027 780; x_wconf 79' lang='grc' dir='ltr'>ἀντι-</span> 
     </span>
    </p>
   </div>
   <div class='ocr_carea' id='block_1_52' title="bbox 2476 806 4027 887">
    <p class='ocr_par' dir='ltr' id='par_1_52' title="bbox 2476 806 4027 887">
     <span class='ocr_line' id='line_1_52' title="bbox 2476 806 4027 887; baseline 0.008 -29"><span class='ocrx_word' id='word_1_360' title='bbox 2476 806 2696 861; x_wconf 73' lang='grc' dir='ltr'>ελέττειν</span> <span class='ocrx_word' id='word_1_361' title='bbox 2728 813 2807 871; x_wconf 72' lang='grc' dir='ltr'>εἰς</span> <span class='ocrx_word' id='word_1_362' title='bbox 2858 811 2956 880; x_wconf 79' lang='grc' dir='ltr'><strong>τὴν</strong></span> <span class='ocrx_word' id='word_1_363' title='bbox 2993 812 3209 865; x_wconf 74' lang='grc' dir='ltr'>ἐκείνου</span> <span class='ocrx_word' id='word_1_364' title='bbox 3251 814 3443 868; x_wconf 72' lang='grc' dir='ltr'>πολιὰν</span> <span class='ocrx_word' id='word_1_365' title='bbox 3484 816 3688 885; x_wconf 78' lang='grc' dir='ltr'>ἴσχυον,</span> <span class='ocrx_word' id='word_1_366' title='bbox 3731 819 4027 887; x_wconf 75' lang='grc' dir='ltr'>ἀναλογιζό-</span> 
     </span>
    </p>
   </div>
   <div class='ocr_carea' id='block_1_53' title="bbox 2478 900 4026 981">
    <p class='ocr_par' dir='ltr' id='par_1_53' title="bbox 2478 900 4026 981">
     <span class='ocr_line' id='line_1_53' title="bbox 2478 900 4026 981; baseline 0.009 -32"><span class='ocrx_word' id='word_1_367' title='bbox 2478 915 2627 967; x_wconf 85' lang='grc' dir='ltr'>μενοι</span> <span class='ocrx_word' id='word_1_368' title='bbox 2675 900 2773 968; x_wconf 79' lang='grc' dir='ltr'><strong>μὲν</strong></span> <span class='ocrx_word' id='word_1_369' title='bbox 2820 901 2918 971; x_wconf 71' lang='grc' dir='ltr'>τὴν</span> <span class='ocrx_word' id='word_1_370' title='bbox 2956 904 3258 971; x_wconf 76' lang='grc' dir='ltr'>τράπεζαν,</span> <span class='ocrx_word' id='word_1_371' title='bbox 3309 907 3405 958; x_wconf 76' lang='grc' dir='ltr'>καὶ</span> <span class='ocrx_word' id='word_1_372' title='bbox 3451 908 3509 958; x_wconf 71' lang='grc' dir='ltr'>τὸ</span> <span class='ocrx_word' id='word_1_373' title='bbox 3554 909 3789 973; x_wconf 84' lang='grc' dir='ltr'>δεῖπνον,</span> <span class='ocrx_word' id='word_1_374' title='bbox 3826 913 3913 963; x_wconf 68' lang='grc' dir='ltr'><strong>καὶ</strong></span> <span class='ocrx_word' id='word_1_375' title='bbox 3939 915 4026 981; x_wconf 72' lang='grc' dir='ltr'>τὴν</span> 
     </span>
    </p>
   </div>
   <div class='ocr_carea' id='block_1_54' title="bbox 2477 989 4026 1070">
    <p class='ocr_par' dir='ltr' id='par_1_54' title="bbox 2477 989 4026 1070">
     <span class='ocr_line' id='line_1_54' title="bbox 2477 989 4026 1070; baseline 0.009 -29"><span class='ocrx_word' id='word_1_376' title='bbox 2477 989 2676 1052; x_wconf 79' lang='grc' dir='ltr'>ξενίαν.</span> <span class='ocrx_word' id='word_1_377' title='bbox 2722 991 3146 1062; x_wconf 73' lang='grc' dir='ltr'>Ἐνθυμούμενοι</span> <span class='ocrx_word' id='word_1_378' title='bbox 3171 994 3225 1047; x_wconf 79' lang='grc' dir='ltr'>δὲ</span> <span class='ocrx_word' id='word_1_379' title='bbox 3263 997 3445 1059; x_wconf 83' lang='grc' dir='ltr'>πάλιν,</span> <span class='ocrx_word' id='word_1_380' title='bbox 3484 998 3606 1051; x_wconf 77' lang='grc' dir='ltr'>ὅτου</span> <span class='ocrx_word' id='word_1_381' title='bbox 3645 1000 3807 1053; x_wconf 83' lang='grc' dir='ltr'>ἓνεκα</span> <span class='ocrx_word' id='word_1_382' title='bbox 3842 1003 3927 1053; x_wconf 72' lang='grc' dir='ltr'><strong>καὶ</strong></span> <span class='ocrx_word' id='word_1_383' title='bbox 3952 1003 4026 1070; x_wconf 60' lang='grc' dir='ltr'><strong>ἐσς’</strong></span> 
     </span>
    </p>
   </div>
   <div class='ocr_carea' id='block_1_55' title="bbox 2473 1081 4029 1163">
    <p class='ocr_par' dir='ltr' id='par_1_55' title="bbox 2473 1081 4029 1163">
     <span class='ocr_line' id='line_1_55' title="bbox 2473 1081 4029 1163; baseline 0.01 -31"><span class='ocrx_word' id='word_1_384' title='bbox 2473 1081 2579 1151; x_wconf 79' lang='grc' dir='ltr'><strong>ὅτῳ</strong></span> <span class='ocrx_word' id='word_1_385' title='bbox 2607 1083 2854 1152; x_wconf 77' lang='grc' dir='ltr'>μέλλοιεν</span> <span class='ocrx_word' id='word_1_386' title='bbox 2880 1084 3043 1137; x_wconf 78' lang='grc' dir='ltr'>αὑτὸν</span> <span class='ocrx_word' id='word_1_387' title='bbox 3076 1103 3148 1137; x_wconf 83' lang='grc' dir='ltr'><strong>πα</strong></span> <span class='ocrx_word' id='word_1_388' title='bbox 3161 1085 3227 1155; x_wconf 73' lang='grc' dir='ltr'>ρὰ</span> <span class='ocrx_word' id='word_1_389' title='bbox 3252 1088 3594 1157; x_wconf 70' lang='grc' dir='ltr'>Μαξιμιανδν</span> <span class='ocrx_word' id='word_1_390' title='bbox 3613 1094 3861 1159; x_wconf 82' lang='grc' dir='ltr'>ἀγαγεῖν,</span> <span class='ocrx_word' id='word_1_391' title='bbox 3886 1094 4029 1163; x_wconf 68' lang='grc' dir='ltr'>δῆλον</span> 
     </span>
    </p>
   </div>
   <div class='ocr_carea' id='block_1_56' title="bbox 2473 1173 4029 1254">
    <p class='ocr_par' dir='ltr' id='par_1_56' title="bbox 2473 1173 4029 1254">
     <span class='ocr_line' id='line_1_56' title="bbox 2473 1173 4029 1254; baseline 0.006 -29"><span class='ocrx_word' id='word_1_392' title='bbox 2473 1175 2711 1237; x_wconf 85' lang='grc' dir='ltr'>πάντως,</span> <span class='ocrx_word' id='word_1_393' title='bbox 2744 1173 2818 1236; x_wconf 85' lang='grc' dir='ltr'>ὼς</span> <span class='ocrx_word' id='word_1_394' title='bbox 2871 1177 2963 1227; x_wconf 78' lang='grc' dir='ltr'><strong>ἐπὶ</strong></span> <span class='ocrx_word' id='word_1_395' title='bbox 2995 1179 3184 1238; x_wconf 78' lang='grc' dir='ltr'>κακοῖς</span> <span class='ocrx_word' id='word_1_396' title='bbox 3222 1178 3471 1246; x_wconf 79' lang='grc' dir='ltr'><strong>ἐσχάτοις</strong></span> <span class='ocrx_word' id='word_1_397' title='bbox 3505 1181 3595 1231; x_wconf 77' lang='grc' dir='ltr'>καὶ</span> <span class='ocrx_word' id='word_1_398' title='bbox 3636 1184 4029 1254; x_wconf 69' lang='grc' dir='ltr'><strong>ὁμολογουμένῃ</strong></span> 
     </span>
    </p>
   </div>
   <div class='ocr_carea' id='block_1_57' title="bbox 2473 1265 4027 1345">
    <p class='ocr_par' dir='ltr' id='par_1_57' title="bbox 2473 1265 4027 1345">
     <span class='ocr_line' id='line_1_57' title="bbox 2473 1265 4027 1345; baseline 0.005 -25"><span class='ocrx_word' id='word_1_399' title='bbox 2473 1265 2744 1335; x_wconf 74' lang='grc' dir='ltr'>τιμωρίᾳ·</span> <span class='ocrx_word' id='word_1_400' title='bbox 2776 1266 2802 1318; x_wconf 85' lang='grc' dir='ltr'><strong>δ</strong></span> <span class='ocrx_word' id='word_1_401' title='bbox 2837 1267 2901 1336; x_wconf 85' lang='grc' dir='ltr'>δὴ</span> <span class='ocrx_word' id='word_1_402' title='bbox 2936 1270 3028 1320; x_wconf 77' lang='grc' dir='ltr'><strong>καὶ</strong></span> <span class='ocrx_word' id='word_1_403' title='bbox 3064 1269 3265 1335; x_wconf 77' lang='grc' dir='ltr'>μᾶλλον</span> <span class='ocrx_word' id='word_1_404' title='bbox 3295 1270 3486 1325; x_wconf 77' lang='grc' dir='ltr'>ἐλύπει</span> <span class='ocrx_word' id='word_1_405' title='bbox 3515 1290 3573 1324; x_wconf 85' lang='grc' dir='ltr'><strong>τε</strong></span> <span class='ocrx_word' id='word_1_406' title='bbox 3602 1275 3778 1327; x_wconf 65' lang='grc' dir='ltr'>αὐτῶν</span> <span class='ocrx_word' id='word_1_407' title='bbox 3806 1281 3899 1338; x_wconf 81' lang='grc' dir='ltr'><strong>τάς</strong></span> <span class='ocrx_word' id='word_1_408' title='bbox 3935 1278 4027 1345; x_wconf 68' lang='grc' dir='ltr'><strong>ψυ-</strong></span> 
     </span>
    </p>
   </div>
   <div class='ocr_carea' id='block_1_58' title="bbox 2469 1359 4029 1440">
    <p class='ocr_par' dir='ltr' id='par_1_58' title="bbox 2469 1359 4029 1440">
     <span class='ocr_line' id='line_1_58' title="bbox 2469 1359 4029 1440; baseline 0.008 -32"><span class='ocrx_word' id='word_1_409' title='bbox 2469 1361 2569 1426; x_wconf 70' lang='grc' dir='ltr'><strong>χὰς</strong></span> <span class='ocrx_word' id='word_1_410' title='bbox 2594 1359 2687 1410; x_wconf 81' lang='grc' dir='ltr'><strong>καὶ</strong></span> <span class='ocrx_word' id='word_1_411' title='bbox 2713 1359 2847 1429; x_wconf 81' lang='grc' dir='ltr'>πρὸς</span> <span class='ocrx_word' id='word_1_412' title='bbox 2884 1360 2972 1411; x_wconf 78' lang='grc' dir='ltr'>τὸν</span> <span class='ocrx_word' id='word_1_413' title='bbox 3028 1361 3287 1431; x_wconf 81' lang='grc' dir='ltr'>Ἀνθιμον</span> <span class='ocrx_word' id='word_1_414' title='bbox 3326 1362 3509 1427; x_wconf 77' lang='grc' dir='ltr'>αἰδοῦς</span> <span class='ocrx_word' id='word_1_415' title='bbox 3537 1366 3828 1420; x_wconf 81' lang='grc' dir='ltr'>ἀνεπίπλα.</span> <span class='ocrx_word' id='word_1_416' title='bbox 3861 1370 4029 1440; x_wconf 75' lang='grc' dir='ltr'>Ταύτῃ</span> 
     </span>
    </p>
   </div>
   <div class='ocr_carea' id='block_1_59' title="bbox 2469 1450 4027 1529">
    <p class='ocr_par' dir='ltr' id='par_1_59' title="bbox 2469 1450 4027 1529">
     <span class='ocr_line' id='line_1_59' title="bbox 2469 1450 4027 1529; baseline 0.008 -29"><span class='ocrx_word' id='word_1_417' title='bbox 2469 1464 2551 1500; x_wconf 83' lang='grc' dir='ltr'><strong>τοι</strong></span> <span class='ocrx_word' id='word_1_418' title='bbox 2584 1450 2677 1501; x_wconf 81' lang='grc' dir='ltr'>καὶ</span> <span class='ocrx_word' id='word_1_419' title='bbox 2716 1453 2963 1520; x_wconf 82' lang='grc' dir='ltr'><strong>μηνυτὴν</strong></span> <span class='ocrx_word' id='word_1_420' title='bbox 2991 1454 3083 1505; x_wconf 84' lang='grc' dir='ltr'>τοῦ</span> <span class='ocrx_word' id='word_1_421' title='bbox 3109 1453 3303 1522; x_wconf 74' lang='grc' dir='ltr'>ἀνδρὸς</span> <span class='ocrx_word' id='word_1_422' title='bbox 3334 1454 3538 1525; x_wconf 71' lang='grc' dir='ltr'>ἀψευδῆ</span> <span class='ocrx_word' id='word_1_423' title='bbox 3566 1457 3625 1509; x_wconf 82' lang='grc' dir='ltr'><strong>τὸ</strong></span> <span class='ocrx_word' id='word_1_424' title='bbox 3649 1459 3859 1510; x_wconf 81' lang='grc' dir='ltr'>ἐκείνου</span> <span class='ocrx_word' id='word_1_425' title='bbox 3888 1462 4027 1529; x_wconf 72' lang='grc' dir='ltr'>ἕχον-</span> 
     </span>
    </p>
   </div>
   <div class='ocr_carea' id='block_1_60' title="bbox 2466 1542 4032 1622">
    <p class='ocr_par' dir='ltr' id='par_1_60' title="bbox 2466 1542 4032 1622">
     <span class='ocr_line' id='line_1_60' title="bbox 2466 1542 4032 1622; baseline 0.01 -31"><span class='ocrx_word' id='word_1_426' title='bbox 2466 1557 2555 1601; x_wconf 88' lang='grc' dir='ltr'><strong>τες</strong></span> <span class='ocrx_word' id='word_1_427' title='bbox 2585 1542 2763 1611; x_wconf 75' lang='grc' dir='ltr'>στόμα</span> <span class='ocrx_word' id='word_1_428' title='bbox 2805 1544 2899 1596; x_wconf 77' lang='grc' dir='ltr'><strong>καὶ</strong></span> <span class='ocrx_word' id='word_1_429' title='bbox 2930 1543 3005 1606; x_wconf 86' lang='grc' dir='ltr'><strong>ὡς</strong></span> <span class='ocrx_word' id='word_1_430' title='bbox 3037 1544 3199 1606; x_wconf 73' lang='grc' dir='ltr'>αὐτὸς</span> <span class='ocrx_word' id='word_1_431' title='bbox 3234 1547 3492 1617; x_wconf 18' lang='grc' dir='ltr'>Ἀνθλιμος</span> <span class='ocrx_word' id='word_1_432' title='bbox 3525 1550 3610 1619; x_wconf 76' lang='grc' dir='ltr'>εἴη</span> <span class='ocrx_word' id='word_1_433' title='bbox 3642 1552 3791 1620; x_wconf 86' lang='grc' dir='ltr'>παρὰ</span> <span class='ocrx_word' id='word_1_434' title='bbox 3822 1553 3916 1622; x_wconf 79' lang='grc' dir='ltr'>τῆς</span> <span class='ocrx_word' id='word_1_435' title='bbox 3944 1555 4032 1606; x_wconf 73' lang='grc' dir='ltr'><strong>αὖ·</strong></span> 
     </span>
    </p>
   </div>
   <div class='ocr_carea' id='block_1_61' title="bbox 2465 1633 4031 1711">
    <p class='ocr_par' dir='ltr' id='par_1_61' title="bbox 2465 1633 4031 1711">
     <span class='ocr_line' id='line_1_61' title="bbox 2465 1633 4031 1711; baseline 0.01 -25"><span class='ocrx_word' id='word_1_436' title='bbox 2465 1633 2558 1687; x_wconf 82' lang='grc' dir='ltr'>τοῦ</span> <span class='ocrx_word' id='word_1_437' title='bbox 2590 1636 2836 1705; x_wconf 75' lang='grc' dir='ltr'><strong>γλώττης</strong></span> <span class='ocrx_word' id='word_1_438' title='bbox 2868 1639 3251 1706; x_wconf 69' lang='grc' dir='ltr'>μανθάνοντες,</span> <span class='ocrx_word' id='word_1_439' title='bbox 3310 1642 3461 1709; x_wconf 81' lang='grc' dir='ltr'>ὅμως</span> <span class='ocrx_word' id='word_1_440' title='bbox 3518 1644 3747 1711; x_wconf 66' lang='grc' dir='ltr'>ἠφίεσάν</span> <span class='ocrx_word' id='word_1_441' title='bbox 3793 1663 3851 1698; x_wconf 87' lang='grc' dir='ltr'><strong>τε</strong></span> <span class='ocrx_word' id='word_1_442' title='bbox 3879 1649 4031 1701; x_wconf 70' lang='grc' dir='ltr'>αὐτὸν</span> 
     </span>
    </p>
   </div>
   <div class='ocr_carea' id='block_1_62' title="bbox 2465 1728 4027 1809">
    <p class='ocr_par' dir='ltr' id='par_1_62' title="bbox 2465 1728 4027 1809">
     <span class='ocr_line' id='line_1_62' title="bbox 2465 1728 4027 1809; baseline 0.008 -30"><span class='ocrx_word' id='word_1_443' title='bbox 2465 1728 2681 1789; x_wconf 74' lang='grc' dir='ltr'>ἑκόντες</span> <span class='ocrx_word' id='word_1_444' title='bbox 2715 1729 2810 1781; x_wconf 73' lang='grc' dir='ltr'><strong>καὶ</strong></span> <span class='ocrx_word' id='word_1_445' title='bbox 2843 1730 3148 1799; x_wconf 83' lang='grc' dir='ltr'>ὑποχωρεῖν</span> <span class='ocrx_word' id='word_1_446' title='bbox 3184 1733 3612 1801; x_wconf 76' lang='grc' dir='ltr'>προετρέποντο·</span> <span class='ocrx_word' id='word_1_447' title='bbox 3655 1738 3873 1806; x_wconf 74' lang='grc' dir='ltr'>ἧδεισαν</span> <span class='ocrx_word' id='word_1_448' title='bbox 3906 1742 4027 1809; x_wconf 74' lang='grc' dir='ltr'>γάρ,</span> 
     </span>
    </p>
   </div>
   <div class='ocr_carea' id='block_1_63' title="bbox 2461 1818 4029 1894">
    <p class='ocr_par' dir='ltr' id='par_1_63' title="bbox 2461 1818 4029 1894">
     <span class='ocr_line' id='line_1_63' title="bbox 2461 1818 4029 1894; baseline 0.006 -21"><span class='ocrx_word' id='word_1_449' title='bbox 2461 1818 2537 1882; x_wconf 84' lang='grc' dir='ltr'>ὼς</span> <span class='ocrx_word' id='word_1_450' title='bbox 2586 1820 2739 1873; x_wconf 74' lang='grc' dir='ltr'>οὐδὲν</span> <span class='ocrx_word' id='word_1_451' title='bbox 2779 1821 3018 1890; x_wconf 73' lang='grc' dir='ltr'>χρηστὸν</span> <span class='ocrx_word' id='word_1_452' title='bbox 3076 1823 3174 1891; x_wconf 83' lang='grc' dir='ltr'><strong>τῆς</strong></span> <span class='ocrx_word' id='word_1_453' title='bbox 3206 1824 3354 1893; x_wconf 82' lang='grc' dir='ltr'>παρὰ</span> <span class='ocrx_word' id='word_1_454' title='bbox 3405 1825 3751 1893; x_wconf 79' lang='grc' dir='ltr'>Μαξιμιανοῦ</span> <span class='ocrx_word' id='word_1_455' title='bbox 3805 1831 4029 1894; x_wconf 74' lang='grc' dir='ltr'>ἀφίξεως</span> 
     </span>
    </p>
   </div>
   <div class='ocr_carea' id='block_1_64' title="bbox 2460 1913 4029 1985">
    <p class='ocr_par' dir='ltr' id='par_1_64' title="bbox 2460 1913 4029 1985">
     <span class='ocr_line' id='line_1_64' title="bbox 2460 1913 4029 1985; baseline 0.006 -21"><span class='ocrx_word' id='word_1_456' title='bbox 2460 1913 2776 1965; x_wconf 74' lang='grc' dir='ltr'>ἀπολαύσοι.</span> <span class='ocrx_word' id='word_1_457' title='bbox 2818 1914 2975 1983; x_wconf 84' lang='grc' dir='ltr'>Ἡμῖν</span> <span class='ocrx_word' id='word_1_458' title='bbox 2996 1913 3050 1966; x_wconf 84' lang='grc' dir='ltr'>δὲ</span> <span class='ocrx_word' id='word_1_459' title='bbox 3081 1914 3318 1985; x_wconf 77' lang='grc' dir='ltr'>ἀπόχρη,</span> <span class='ocrx_word' id='word_1_460' title='bbox 3350 1914 3580 1982; x_wconf 79' lang='grc' dir='ltr'>ἔφασαν,</span> <span class='ocrx_word' id='word_1_461' title='bbox 3612 1920 3692 1980; x_wconf 84' lang='grc' dir='ltr'><strong>είς</strong></span> <span class='ocrx_word' id='word_1_462' title='bbox 3720 1919 4029 1985; x_wconf 79' lang='grc' dir='ltr'>ἀπολογίαν,</span> 
     </span>
    </p>
   </div>
   <div class='ocr_carea' id='block_1_65' title="bbox 2458 2004 4030 2081">
    <p class='ocr_par' dir='ltr' id='par_1_65' title="bbox 2458 2004 4030 2081">
     <span class='ocr_line' id='line_1_65' title="bbox 2458 2004 4030 2081; baseline 0.006 -24"><span class='ocrx_word' id='word_1_463' title='bbox 2458 2005 2518 2057; x_wconf 72' lang='grc' dir='ltr'>τὸ</span> <span class='ocrx_word' id='word_1_464' title='bbox 2550 2004 2720 2058; x_wconf 73' lang='grc' dir='ltr'>πολλὰ</span> <span class='ocrx_word' id='word_1_465' title='bbox 2752 2006 2852 2075; x_wconf 83' lang='grc' dir='ltr'>μὲν</span> <span class='ocrx_word' id='word_1_466' title='bbox 2882 2007 2972 2059; x_wconf 72' lang='grc' dir='ltr'><strong>τὸν</strong></span> <span class='ocrx_word' id='word_1_467' title='bbox 2999 2008 3260 2077; x_wconf 77' lang='grc' dir='ltr'>Ἀνθιμον</span> <span class='ocrx_word' id='word_1_468' title='bbox 3285 2010 3386 2062; x_wconf 74' lang='grc' dir='ltr'><strong>ἀνα</strong></span> <span class='ocrx_word' id='word_1_469' title='bbox 3421 2010 3520 2079; x_wconf 77' lang='grc' dir='ltr'><strong>τὴν</strong></span> <span class='ocrx_word' id='word_1_470' title='bbox 3544 2012 3904 2081; x_wconf 73' lang='grc' dir='ltr'><strong>Νικομηδέων</strong></span> <span class='ocrx_word' id='word_1_471' title='bbox 3930 2018 4030 2067; x_wconf 78' lang='grc' dir='ltr'><strong>πᾶ-</strong></span> 
     </span>
    </p>
   </div>
   <div class='ocr_carea' id='block_1_66' title="bbox 2461 2098 4027 2175">
    <p class='ocr_par' dir='ltr' id='par_1_66' title="bbox 2461 2098 4027 2175">
     <span class='ocr_line' id='line_1_66' title="bbox 2461 2098 4027 2175; baseline 0.006 -26"><span class='ocrx_word' id='word_1_472' title='bbox 2461 2114 2558 2149; x_wconf 89' lang='grc' dir='ltr'><strong>σαν</strong></span> <span class='ocrx_word' id='word_1_473' title='bbox 2595 2098 2851 2169; x_wconf 75' lang='grc' dir='ltr'>ζητῆσαι,</span> <span class='ocrx_word' id='word_1_474' title='bbox 2884 2101 3031 2169; x_wconf 87' lang='grc' dir='ltr'>ὅμως</span> <span class='ocrx_word' id='word_1_475' title='bbox 3057 2100 3113 2153; x_wconf 81' lang='grc' dir='ltr'><strong>δὲ</strong></span> <span class='ocrx_word' id='word_1_476' title='bbox 3153 2103 3227 2169; x_wconf 79' lang='grc' dir='ltr'>μὴ</span> <span class='ocrx_word' id='word_1_477' title='bbox 3257 2102 3552 2173; x_wconf 75' lang='grc' dir='ltr'>δυνηθῆναι</span> <span class='ocrx_word' id='word_1_478' title='bbox 3589 2106 3861 2175; x_wconf 83' lang='grc' dir='ltr'>ἀνευρεῖν.</span> <span class='ocrx_word' id='word_1_479' title='bbox 3889 2108 4027 2159; x_wconf 80' lang='grc' dir='ltr'>Ἀλλ’</span> 
     </span>
    </p>
   </div>
   <div class='ocr_carea' id='block_1_67' title="bbox 2459 2191 4030 2266">
    <p class='ocr_par' dir='ltr' id='par_1_67' title="bbox 2459 2191 4030 2266">
     <span class='ocr_line' id='line_1_67' title="bbox 2459 2191 4030 2266; baseline 0.004 -23"><span class='ocrx_word' id='word_1_480' title='bbox 2459 2191 2491 2259; x_wconf 86' lang='grc' dir='ltr'><strong>ἡ</strong></span> <span class='ocrx_word' id='word_1_481' title='bbox 2536 2192 2642 2243; x_wconf 75' lang='grc' dir='ltr'>τῶν</span> <span class='ocrx_word' id='word_1_482' title='bbox 2674 2191 2901 2243; x_wconf 76' lang='grc' dir='ltr'>ἐντολῶν</span> <span class='ocrx_word' id='word_1_483' title='bbox 2956 2193 3049 2244; x_wconf 74' lang='grc' dir='ltr'><strong>τοῦ</strong></span> <span class='ocrx_word' id='word_1_484' title='bbox 3081 2192 3217 2244; x_wconf 81' lang='grc' dir='ltr'>Θεοῦ</span> <span class='ocrx_word' id='word_1_485' title='bbox 3250 2195 3472 2264; x_wconf 83' lang='grc' dir='ltr'>μελέτη,</span> <span class='ocrx_word' id='word_1_486' title='bbox 3513 2198 3541 2248; x_wconf 86' lang='grc' dir='ltr'><strong>δ</strong></span> <span class='ocrx_word' id='word_1_487' title='bbox 3574 2198 3718 2266; x_wconf 79' lang='grc' dir='ltr'>ἱερὸς</span> <span class='ocrx_word' id='word_1_488' title='bbox 3773 2202 3865 2252; x_wconf 73' lang='grc' dir='ltr'>τοῦ</span> <span class='ocrx_word' id='word_1_489' title='bbox 3896 2201 4030 2253; x_wconf 73' lang='grc' dir='ltr'>Θεοῦ</span> 
     </span>
    </p>
   </div>
   <div class='ocr_carea' id='block_1_68' title="bbox 2462 2282 4035 2366">
    <p class='ocr_par' dir='ltr' id='par_1_68' title="bbox 2462 2282 4035 2366">
     <span class='ocr_line' id='line_1_68' title="bbox 2462 2282 4035 2366; baseline 0.009 -32"><span class='ocrx_word' id='word_1_490' title='bbox 2462 2282 2746 2351; x_wconf 77' lang='grc' dir='ltr'>Ἀνθιμος,</span> <span class='ocrx_word' id='word_1_491' title='bbox 2779 2283 2958 2337; x_wconf 85' lang='grc' dir='ltr'>λαλεῖν</span> <span class='ocrx_word' id='word_1_492' title='bbox 2984 2285 3242 2354; x_wconf 76' lang='grc' dir='ltr'>ἀλήθειαν</span> <span class='ocrx_word' id='word_1_493' title='bbox 3270 2288 3325 2336; x_wconf 79' lang='grc' dir='ltr'>ἐν</span> <span class='ocrx_word' id='word_1_494' title='bbox 3347 2290 3544 2359; x_wconf 76' lang='grc' dir='ltr'>καρδία</span> <span class='ocrx_word' id='word_1_495' title='bbox 3570 2292 3776 2356; x_wconf 80' lang='grc' dir='ltr'>πάντας</span> <span class='ocrx_word' id='word_1_496' title='bbox 3804 2311 4035 2366; x_wconf 81' lang='grc' dir='ltr'>προτρε-</span> 
     </span>
    </p>
   </div>
   <div class='ocr_carea' id='block_1_69' title="bbox 2458 2373 4034 2451">
    <p class='ocr_par' dir='ltr' id='par_1_69' title="bbox 2458 2373 4034 2451">
     <span class='ocr_line' id='line_1_69' title="bbox 2458 2373 4034 2451; baseline 0.008 -26"><span class='ocrx_word' id='word_1_497' title='bbox 2458 2374 2693 2442; x_wconf 79' lang='grc' dir='ltr'>πόμενος</span> <span class='ocrx_word' id='word_1_498' title='bbox 2723 2375 2816 2425; x_wconf 77' lang='grc' dir='ltr'><strong>καὶ</strong></span> <span class='ocrx_word' id='word_1_499' title='bbox 2846 2373 3137 2439; x_wconf 73' lang='grc' dir='ltr'>διδάσκων,</span> <span class='ocrx_word' id='word_1_500' title='bbox 3165 2376 3394 2439; x_wconf 81' lang='grc' dir='ltr'>ἐκείνοις</span> <span class='ocrx_word' id='word_1_501' title='bbox 3439 2380 3573 2447; x_wconf 79' lang='grc' dir='ltr'>μηδὲ</span> <span class='ocrx_word' id='word_1_502' title='bbox 3620 2384 3676 2435; x_wconf 81' lang='grc' dir='ltr'><strong>ὲν</strong></span> <span class='ocrx_word' id='word_1_503' title='bbox 3708 2386 3893 2451; x_wconf 81' lang='grc' dir='ltr'>μόνοις</span> <span class='ocrx_word' id='word_1_504' title='bbox 3922 2391 4034 2445; x_wconf 79' lang='grc' dir='ltr'>τοῖς</span> 
     </span>
    </p>
   </div>
   <div class='ocr_carea' id='block_1_70' title="bbox 2456 2464 4033 2539">
    <p class='ocr_par' dir='ltr' id='par_1_70' title="bbox 2456 2464 4033 2539">
     <span class='ocr_line' id='line_1_70' title="bbox 2456 2464 4033 2539; baseline 0.009 -24"><span class='ocrx_word' id='word_1_505' title='bbox 2456 2465 2659 2535; x_wconf 80' lang='grc' dir='ltr'>χείλεσι</span> <span class='ocrx_word' id='word_1_506' title='bbox 2692 2464 2996 2534; x_wconf 68' lang='grc' dir='ltr'>ψεύσασθαι</span> <span class='ocrx_word' id='word_1_507' title='bbox 3047 2465 3114 2519; x_wconf 82' lang='grc' dir='ltr'>δι’</span> <span class='ocrx_word' id='word_1_508' title='bbox 3160 2468 3322 2519; x_wconf 82' lang='grc' dir='ltr'>αὑτὸν</span> <span class='ocrx_word' id='word_1_509' title='bbox 3362 2468 3709 2539; x_wconf 70' lang='grc' dir='ltr'>ἀνεχόμενος,</span> <span class='ocrx_word' id='word_1_510' title='bbox 3767 2474 3943 2537; x_wconf 83' lang='grc' dir='ltr'>ἄλλως</span> <span class='ocrx_word' id='word_1_511' title='bbox 3980 2478 4033 2529; x_wconf 79' lang='grc' dir='ltr'>δὲ</span> 
     </span>
    </p>
   </div>
   <div class='ocr_carea' id='block_1_71' title="bbox 2458 2556 4037 2637">
    <p class='ocr_par' dir='ltr' id='par_1_71' title="bbox 2458 2556 4037 2637">
     <span class='ocr_line' id='line_1_71' title="bbox 2458 2556 4037 2637; baseline 0.013 -36"><span class='ocrx_word' id='word_1_512' title='bbox 2458 2557 2552 2609; x_wconf 77' lang='grc' dir='ltr'><strong>καὶ</strong></span> <span class='ocrx_word' id='word_1_513' title='bbox 2578 2557 2666 2607; x_wconf 64' lang='grc' dir='ltr'>τὸν</span> <span class='ocrx_word' id='word_1_514' title='bbox 2705 2557 2844 2624; x_wconf 80' lang='grc' dir='ltr'>ὑπὲρ</span> <span class='ocrx_word' id='word_1_515' title='bbox 2899 2556 3138 2625; x_wconf 78' lang='grc' dir='ltr'>Χριστοῦ</span> <span class='ocrx_word' id='word_1_516' title='bbox 3188 2558 3357 2626; x_wconf 63' lang='grc' dir='ltr'>διψῶν</span> <span class='ocrx_word' id='word_1_517' title='bbox 3411 2560 3656 2626; x_wconf 83' lang='grc' dir='ltr'>θάνατον,</span> <span class='ocrx_word' id='word_1_518' title='bbox 3690 2570 4037 2637; x_wconf 72' lang='grc' dir='ltr'>συναπήρετο</span> 
     </span>
    </p>
   </div>
   <div class='ocr_carea' id='block_1_72' title="bbox 2458 2651 4037 2727">
    <p class='ocr_par' dir='ltr' id='par_1_72' title="bbox 2458 2651 4037 2727">
     <span class='ocr_line' id='line_1_72' title="bbox 2458 2651 4037 2727; baseline 0.009 -24"><span class='ocrx_word' id='word_1_519' title='bbox 2458 2652 2641 2712; x_wconf 72' lang='grc' dir='ltr'>αὐτοῖς</span> <span class='ocrx_word' id='word_1_520' title='bbox 2671 2652 2880 2704; x_wconf 80' lang='grc' dir='ltr'>ἐκεῖθεν</span> <span class='ocrx_word' id='word_1_521' title='bbox 2913 2653 3008 2703; x_wconf 78' lang='grc' dir='ltr'><strong>καὶ</strong></span> <span class='ocrx_word' id='word_1_522' title='bbox 3070 2651 3192 2704; x_wconf 83' lang='grc' dir='ltr'>ὀδοῦ</span> <span class='ocrx_word' id='word_1_523' title='bbox 3253 2653 3448 2720; x_wconf 73' lang='grc' dir='ltr'>εἴχετο.</span> <span class='ocrx_word' id='word_1_524' title='bbox 3510 2658 3689 2713; x_wconf 72' lang='grc' dir='ltr'>Πολλὰ</span> <span class='ocrx_word' id='word_1_525' title='bbox 3734 2662 3791 2714; x_wconf 81' lang='grc' dir='ltr'>δὲ</span> <span class='ocrx_word' id='word_1_526' title='bbox 3823 2665 4037 2727; x_wconf 77' lang='grc' dir='ltr'>τούτοις</span> 
     </span>
    </p>
   </div>
   <div class='ocr_carea' id='block_1_73' title="bbox 2460 2742 4038 2819">
    <p class='ocr_par' dir='ltr' id='par_1_73' title="bbox 2460 2742 4038 2819">
     <span class='ocr_line' id='line_1_73' title="bbox 2460 2742 4038 2819; baseline 0.008 -25"><span class='ocrx_word' id='word_1_527' title='bbox 2460 2742 2595 2811; x_wconf 67' lang='grc' dir='ltr'>πρὸς</span> <span class='ocrx_word' id='word_1_528' title='bbox 2629 2742 2916 2795; x_wconf 78' lang='grc' dir='ltr'>εὐσέϐειαν</span> <span class='ocrx_word' id='word_1_529' title='bbox 2938 2746 3277 2813; x_wconf 74' lang='grc' dir='ltr'>παραινέσας</span> <span class='ocrx_word' id='word_1_530' title='bbox 3314 2749 3406 2798; x_wconf 76' lang='grc' dir='ltr'><strong>καὶ</strong></span> <span class='ocrx_word' id='word_1_531' title='bbox 3434 2750 3564 2817; x_wconf 68' lang='grc' dir='ltr'>περὶ</span> <span class='ocrx_word' id='word_1_532' title='bbox 3589 2751 3696 2801; x_wconf 85' lang='grc' dir='ltr'><strong>τῶν</strong></span> <span class='ocrx_word' id='word_1_533' title='bbox 3730 2754 4038 2819; x_wconf 77' lang='grc' dir='ltr'>μελλόντων</span> 
     </span>
    </p>
   </div>
   <div class='ocr_carea' id='block_1_74' title="bbox 2456 2832 4039 2909">
    <p class='ocr_par' dir='ltr' id='par_1_74' title="bbox 2456 2832 4039 2909">
     <span class='ocr_line' id='line_1_74' title="bbox 2456 2832 4039 2909; baseline 0.008 -23"><span class='ocrx_word' id='word_1_534' title='bbox 2456 2832 2743 2898; x_wconf 77' lang='grc' dir='ltr'>διεξελθὼν</span> <span class='ocrx_word' id='word_1_535' title='bbox 2782 2837 2873 2887; x_wconf 76' lang='grc' dir='ltr'><strong>καὶ</strong></span> <span class='ocrx_word' id='word_1_536' title='bbox 2909 2837 3015 2888; x_wconf 79' lang='grc' dir='ltr'>πᾶν</span> <span class='ocrx_word' id='word_1_537' title='bbox 3050 2837 3103 2888; x_wconf 78' lang='grc' dir='ltr'>εἴ</span> <span class='ocrx_word' id='word_1_538' title='bbox 3132 2853 3183 2888; x_wconf 87' lang='grc' dir='ltr'><strong>τι</strong></span> <span class='ocrx_word' id='word_1_539' title='bbox 3220 2837 3455 2907; x_wconf 63' lang='grc' dir='ltr'>σκληρὸν</span> <span class='ocrx_word' id='word_1_540' title='bbox 3488 2841 3596 2891; x_wconf 76' lang='grc' dir='ltr'>ἀπὸ</span> <span class='ocrx_word' id='word_1_541' title='bbox 3630 2842 3728 2908; x_wconf 69' lang='grc' dir='ltr'>τῆς</span> <span class='ocrx_word' id='word_1_542' title='bbox 3780 2844 4039 2909; x_wconf 73' lang='grc' dir='ltr'>ἀσεϐείας</span> 
     </span>
    </p>
   </div>
   <div class='ocr_carea' id='block_1_75' title="bbox 2457 2927 4038 3000">
    <p class='ocr_par' dir='ltr' id='par_1_75' title="bbox 2457 2927 4038 3000">
     <span class='ocr_line' id='line_1_75' title="bbox 2457 2927 4038 3000; baseline 0.006 -19"><span class='ocrx_word' id='word_1_543' title='bbox 2457 2927 2637 2989; x_wconf 74' lang='grc' dir='ltr'>αὐτοῖς</span> <span class='ocrx_word' id='word_1_544' title='bbox 2673 2928 2704 3000; x_wconf 85' lang='grc' dir='ltr'>ἢ</span> <span class='ocrx_word' id='word_1_545' title='bbox 2738 2929 3034 2981; x_wconf 80' lang='grc' dir='ltr'>ἀντίτυπον</span> <span class='ocrx_word' id='word_1_546' title='bbox 3084 2930 3384 2999; x_wconf 80' lang='grc' dir='ltr'>ἐνυπῆρχε,</span> <span class='ocrx_word' id='word_1_547' title='bbox 3438 2931 3633 2994; x_wconf 82' lang='grc' dir='ltr'>λεάνας</span> <span class='ocrx_word' id='word_1_548' title='bbox 3665 2951 3720 2986; x_wconf 86' lang='grc' dir='ltr'><strong>τε</strong></span> <span class='ocrx_word' id='word_1_549' title='bbox 3760 2936 3893 2989; x_wconf 69' lang='grc' dir='ltr'>αὐτὸ</span> <span class='ocrx_word' id='word_1_550' title='bbox 3942 2940 4038 2992; x_wconf 80' lang='grc' dir='ltr'><strong>καὶ</strong></span> 
     </span>
    </p>
   </div>
   <div class='ocr_carea' id='block_1_76' title="bbox 2456 3018 4037 3099">
    <p class='ocr_par' dir='ltr' id='par_1_76' title="bbox 2456 3018 4037 3099">
     <span class='ocr_line' id='line_1_76' title="bbox 2456 3018 4037 3099; baseline 0.008 -29"><span class='ocrx_word' id='word_1_551' title='bbox 2456 3018 2795 3087; x_wconf 78' lang='grc' dir='ltr'>διομαλίσας,</span> <span class='ocrx_word' id='word_1_552' title='bbox 2822 3022 2914 3071; x_wconf 71' lang='grc' dir='ltr'><strong>καὶ</strong></span> <span class='ocrx_word' id='word_1_553' title='bbox 2944 3020 3192 3089; x_wconf 72' lang='grc' dir='ltr'>καθαρὰν</span> <span class='ocrx_word' id='word_1_554' title='bbox 3218 3023 3401 3083; x_wconf 81' lang='grc' dir='ltr'>αὐτοῖς</span> <span class='ocrx_word' id='word_1_555' title='bbox 3421 3024 3519 3094; x_wconf 79' lang='grc' dir='ltr'>τὴν</span> <span class='ocrx_word' id='word_1_556' title='bbox 3542 3025 3637 3094; x_wconf 79' lang='grc' dir='ltr'>τῆς</span> <span class='ocrx_word' id='word_1_557' title='bbox 3660 3026 3833 3097; x_wconf 69' lang='grc' dir='ltr'>ψυχῆς</span> <span class='ocrx_word' id='word_1_558' title='bbox 3868 3028 4037 3099; x_wconf 70' lang='grc' dir='ltr'>ἄρου-</span> 
     </span>
    </p>
   </div>
   <div class='ocr_carea' id='block_1_77' title="bbox 2383 3112 4040 3194">
    <p class='ocr_par' dir='ltr' id='par_1_77' title="bbox 2383 3112 4040 3194">
     <span class='ocr_line' id='line_1_77' title="bbox 2383 3112 4040 3194; baseline 0.007 -34"><span class='ocrx_word' id='word_1_559' title='bbox 2383 3137 2424 3194; x_wconf 78' lang='lat' dir='ltr'>c</span> <span class='ocrx_word' id='word_1_560' title='bbox 2459 3127 2559 3180; x_wconf 85' lang='grc' dir='ltr'><strong>ραν</strong></span> <span class='ocrx_word' id='word_1_561' title='bbox 2594 3112 2688 3161; x_wconf 73' lang='grc' dir='ltr'><strong>καὶ</strong></span> <span class='ocrx_word' id='word_1_562' title='bbox 2742 3112 2821 3172; x_wconf 79' lang='grc' dir='ltr'>εἰς</span> <span class='ocrx_word' id='word_1_563' title='bbox 2880 3112 3163 3176; x_wconf 75' lang='grc' dir='ltr'>εὐσεϐείας</span> <span class='ocrx_word' id='word_1_564' title='bbox 3231 3118 3433 3183; x_wconf 68' lang='grc' dir='ltr'>σπόρον</span> <span class='ocrx_word' id='word_1_565' title='bbox 3484 3118 3798 3186; x_wconf 76' lang='grc' dir='ltr'>ἐπιτηδείαν</span> <span class='ocrx_word' id='word_1_566' title='bbox 3853 3137 4040 3189; x_wconf 78' lang='grc' dir='ltr'>παρα-</span> 
     </span>
    </p>
   </div>
   <div class='ocr_carea' id='block_1_78' title="bbox 2465 3203 4040 3277">
    <p class='ocr_par' dir='ltr' id='par_1_78' title="bbox 2465 3203 4040 3277">
     <span class='ocr_line' id='line_1_78' title="bbox 2465 3203 4040 3277; baseline 0.007 -24"><span class='ocrx_word' id='word_1_567' title='bbox 2465 3205 2755 3263; x_wconf 72' lang='grc' dir='ltr'>σκευάσας,</span> <span class='ocrx_word' id='word_1_568' title='bbox 2819 3203 2915 3266; x_wconf 84' lang='grc' dir='ltr'><strong>τάς</strong></span> <span class='ocrx_word' id='word_1_569' title='bbox 2972 3204 3121 3265; x_wconf 80' lang='grc' dir='ltr'>θείας</span> <span class='ocrx_word' id='word_1_570' title='bbox 3148 3205 3581 3273; x_wconf 75' lang='grc' dir='ltr'>προκαταόαλλει</span> <span class='ocrx_word' id='word_1_571' title='bbox 3646 3209 3849 3277; x_wconf 73' lang='grc' dir='ltr'>εὐχάς·</span> <span class='ocrx_word' id='word_1_572' title='bbox 3916 3208 4040 3264; x_wconf 79' lang='grc' dir='ltr'>εἶτα</span> 
     </span>
    </p>
   </div>
   <div class='ocr_carea' id='block_1_79' title="bbox 2462 3296 4039 3372">
    <p class='ocr_par' dir='ltr' id='par_1_79' title="bbox 2462 3296 4039 3372">
     <span class='ocr_line' id='line_1_79' title="bbox 2462 3296 4039 3372; baseline 0.007 -26"><span class='ocrx_word' id='word_1_573' title='bbox 2462 3297 2553 3346; x_wconf 76' lang='grc' dir='ltr'>καὶ</span> <span class='ocrx_word' id='word_1_574' title='bbox 2585 3296 2826 3363; x_wconf 71' lang='grc' dir='ltr'>ποταμὸν</span> <span class='ocrx_word' id='word_1_575' title='bbox 2859 3298 2915 3347; x_wconf 80' lang='grc' dir='ltr'><strong>ἐν</strong></span> <span class='ocrx_word' id='word_1_576' title='bbox 2945 3299 3010 3365; x_wconf 80' lang='grc' dir='ltr'>τῇ</span> <span class='ocrx_word' id='word_1_577' title='bbox 3068 3297 3286 3365; x_wconf 78' lang='grc' dir='ltr'>παρόδῳ</span> <span class='ocrx_word' id='word_1_578' title='bbox 3316 3299 3655 3362; x_wconf 71' lang='grc' dir='ltr'>καταλαϐὼν,</span> <span class='ocrx_word' id='word_1_579' title='bbox 3682 3301 3906 3370; x_wconf 69' lang='grc' dir='ltr'>τούτους</span> <span class='ocrx_word' id='word_1_580' title='bbox 3937 3304 4039 3372; x_wconf 79' lang='grc' dir='ltr'><strong>βα-</strong></span> 
     </span>
    </p>
   </div>
   <div class='ocr_carea' id='block_1_80' title="bbox 2462 3386 4042 3464">
    <p class='ocr_par' dir='ltr' id='par_1_80' title="bbox 2462 3386 4042 3464">
     <span class='ocr_line' id='line_1_80' title="bbox 2462 3386 4042 3464; baseline 0.008 -28"><span class='ocrx_word' id='word_1_581' title='bbox 2462 3386 2639 3449; x_wconf 76' lang='grc' dir='ltr'>πτίζει</span> <span class='ocrx_word' id='word_1_582' title='bbox 2671 3386 2890 3456; x_wconf 77' lang='grc' dir='ltr'>καὶτῆς</span> <span class='ocrx_word' id='word_1_583' title='bbox 2930 3388 3301 3457; x_wconf 75' lang='grc' dir='ltr'>προκειμένης</span> <span class='ocrx_word' id='word_1_584' title='bbox 3339 3391 3520 3458; x_wconf 73' lang='grc' dir='ltr'>ἔχεται</span> <span class='ocrx_word' id='word_1_585' title='bbox 3575 3392 3734 3445; x_wconf 83' lang='grc' dir='ltr'>πάλιν</span> <span class='ocrx_word' id='word_1_586' title='bbox 3783 3398 4042 3464; x_wconf 78' lang='grc' dir='ltr'>πορείας,</span> 
     </span>
    </p>
   </div>
   <div class='ocr_carea' id='block_1_81' title="bbox 2462 3476 4039 3553">
    <p class='ocr_par' dir='ltr' id='par_1_81' title="bbox 2462 3476 4039 3553">
     <span class='ocr_line' id='line_1_81' title="bbox 2462 3476 4039 3553; baseline 0.008 -26"><span class='ocrx_word' id='word_1_587' title='bbox 2462 3476 2565 3539; x_wconf 80' lang='grc' dir='ltr'>ἓως</span> <span class='ocrx_word' id='word_1_588' title='bbox 2595 3478 2686 3529; x_wconf 75' lang='grc' dir='ltr'>ἐπὶ</span> <span class='ocrx_word' id='word_1_589' title='bbox 2709 3478 2805 3547; x_wconf 86' lang='grc' dir='ltr'>τὴν</span> <span class='ocrx_word' id='word_1_590' title='bbox 2837 3478 2991 3531; x_wconf 79' lang='grc' dir='ltr'>πόλιν</span> <span class='ocrx_word' id='word_1_591' title='bbox 3025 3478 3255 3547; x_wconf 79' lang='grc' dir='ltr'>ἀφίκετο</span> <span class='ocrx_word' id='word_1_592' title='bbox 3279 3482 3373 3534; x_wconf 77' lang='grc' dir='ltr'><strong>καὶ</strong></span> <span class='ocrx_word' id='word_1_593' title='bbox 3402 3481 3461 3534; x_wconf 54' lang='lat' dir='ltr'><strong>ea</strong></span> <span class='ocrx_word' id='word_1_594' title='bbox 3488 3484 3806 3553; x_wconf 65' lang='lat' dir='ltr'><strong>tupzwm’w</strong></span> <span class='ocrx_word' id='word_1_595' title='bbox 3836 3487 4039 3540; x_wconf 77' lang='grc' dir='ltr'>εἴσεισι</span> 
     </span>
    </p>
   </div>
   <div class='ocr_carea' id='block_1_82' title="bbox 2464 3561 4042 3645">
    <p class='ocr_par' dir='ltr' id='par_1_82' title="bbox 2464 3561 4042 3645">
     <span class='ocr_line' id='line_1_82' title="bbox 2464 3561 4042 3645; baseline 0.01 -32"><span class='ocrx_word' id='word_1_596' title='bbox 2464 3561 2635 3631; x_wconf 76' lang='grc' dir='ltr'>βῆμα,</span> <span class='ocrx_word' id='word_1_597' title='bbox 2670 3564 2845 3617; x_wconf 81' lang='grc' dir='ltr'>ὀπίσω</span> <span class='ocrx_word' id='word_1_598' title='bbox 2881 3566 2977 3635; x_wconf 79' lang='grc' dir='ltr'>μὲν</span> <span class='ocrx_word' id='word_1_599' title='bbox 3007 3568 3085 3638; x_wconf 80' lang='grc' dir='ltr'>τῷ</span> <span class='ocrx_word' id='word_1_600' title='bbox 3115 3571 3265 3639; x_wconf 75' lang='grc' dir='ltr'>χεῖρε</span> <span class='ocrx_word' id='word_1_601' title='bbox 3283 3570 3570 3640; x_wconf 85' lang='grc' dir='ltr'>δεδεμένος</span> <span class='ocrx_word' id='word_1_602' title='bbox 3594 3590 3605 3602; x_wconf 86' lang='grc'>·</span> <span class='ocrx_word' id='word_1_603' title='bbox 3640 3573 3780 3627; x_wconf 79' lang='grc' dir='ltr'>οὕτω</span> <span class='ocrx_word' id='word_1_604' title='bbox 3811 3578 3924 3645; x_wconf 63' lang='grc' dir='ltr'>γὰρ</span> <span class='ocrx_word' id='word_1_605' title='bbox 3952 3580 4042 3629; x_wconf 77' lang='grc' dir='ltr'><strong>δια</strong></span> 
     </span>
    </p>
   </div>
   <div class='ocr_carea' id='block_1_83' title="bbox 2460 3656 4042 3735">
    <p class='ocr_par' dir='ltr' id='par_1_83' title="bbox 2460 3656 4042 3735">
     <span class='ocr_line' id='line_1_83' title="bbox 2460 3656 4042 3735; baseline 0.008 -29"><span class='ocrx_word' id='word_1_606' title='bbox 2460 3656 2560 3725; x_wconf 84' lang='grc' dir='ltr'>τὴν</span> <span class='ocrx_word' id='word_1_607' title='bbox 2591 3657 2869 3710; x_wconf 74' lang='grc' dir='ltr'>εὐσέϐειαν</span> <span class='ocrx_word' id='word_1_608' title='bbox 2894 3659 2969 3720; x_wconf 81' lang='grc' dir='ltr'>ὡς</span> <span class='ocrx_word' id='word_1_609' title='bbox 3025 3661 3336 3728; x_wconf 72' lang='grc' dir='ltr'>κακοῦργον</span> <span class='ocrx_word' id='word_1_610' title='bbox 3380 3664 3780 3730; x_wconf 59' lang='grc' dir='ltr'>ἐμφανισθῆναι</span> <span class='ocrx_word' id='word_1_611' title='bbox 3818 3667 3930 3717; x_wconf 77' lang='grc' dir='ltr'>ἔδει</span> <span class='ocrx_word' id='word_1_612' title='bbox 3963 3668 4042 3735; x_wconf 75' lang='grc' dir='ltr'>τῷ</span> 
     </span>
    </p>
   </div>
   <div class='ocr_carea' id='block_1_84' title="bbox 2465 3749 4045 3822">
    <p class='ocr_par' dir='ltr' id='par_1_84' title="bbox 2465 3749 4045 3822">
     <span class='ocr_line' id='line_1_84' title="bbox 2465 3749 4045 3822; baseline 0.008 -23"><span class='ocrx_word' id='word_1_613' title='bbox 2465 3749 2696 3816; x_wconf 80' lang='grc' dir='ltr'>βασιλεῖ,</span> <span class='ocrx_word' id='word_1_614' title='bbox 2721 3752 2800 3812; x_wconf 88' lang='grc' dir='ltr'><strong>είς</strong></span> <span class='ocrx_word' id='word_1_615' title='bbox 2827 3752 3087 3818; x_wconf 66' lang='grc' dir='ltr'>οὐρανοὺς</span> <span class='ocrx_word' id='word_1_616' title='bbox 3109 3751 3165 3803; x_wconf 82' lang='grc' dir='ltr'><strong>δὲ</strong></span> <span class='ocrx_word' id='word_1_617' title='bbox 3190 3751 3287 3821; x_wconf 84' lang='grc' dir='ltr'>τὴν</span> <span class='ocrx_word' id='word_1_618' title='bbox 3311 3751 3543 3805; x_wconf 81' lang='grc' dir='ltr'>διάνοιαν</span> <span class='ocrx_word' id='word_1_619' title='bbox 3575 3755 3888 3822; x_wconf 86' lang='grc' dir='ltr'>ἀνατείνων,</span> <span class='ocrx_word' id='word_1_620' title='bbox 3912 3760 4045 3811; x_wconf 76' lang='grc' dir='ltr'>ὅθεν</span> 
     </span>
    </p>
   </div>
   <div class='ocr_carea' id='block_1_85' title="bbox 2462 3838 3605 3915">
    <p class='ocr_par' dir='ltr' id='par_1_85' title="bbox 2462 3838 3605 3915">
     <span class='ocr_line' id='line_1_85' title="bbox 2462 3838 3605 3915; baseline 0.005 -24"><span class='ocrx_word' id='word_1_621' title='bbox 2462 3840 2557 3891; x_wconf 75' lang='grc' dir='ltr'><strong>καὶ</strong></span> <span class='ocrx_word' id='word_1_622' title='bbox 2584 3838 2733 3908; x_wconf 80' lang='grc' dir='ltr'>ἥξειν</span> <span class='ocrx_word' id='word_1_623' title='bbox 2760 3839 2909 3908; x_wconf 75' lang='grc' dir='ltr'>αὐτῷ</span> <span class='ocrx_word' id='word_1_624' title='bbox 2939 3842 3035 3912; x_wconf 79' lang='grc' dir='ltr'>τὴν</span> <span class='ocrx_word' id='word_1_625' title='bbox 3069 3842 3319 3912; x_wconf 77' lang='grc' dir='ltr'>βοήθειαν</span> <span class='ocrx_word' id='word_1_626' title='bbox 3356 3843 3605 3915; x_wconf 72' lang='grc' dir='ltr'>ἤλπιζεν.</span> 
     </span>
    </p>
   </div>
   <div class='ocr_carea' id='block_1_86' title="bbox 2530 3930 4042 4012">
    <p class='ocr_par' dir='ltr' id='par_1_86' title="bbox 2530 3930 4042 4012">
     <span class='ocr_line' id='line_1_86' title="bbox 2530 3930 4042 4012; baseline 0.009 -28"><span class='ocrx_word' id='word_1_627' title='bbox 2530 3931 2605 3985; x_wconf 89' lang='lat' dir='ltr'><strong>E&#39;.</strong></span> <span class='ocrx_word' id='word_1_628' title='bbox 2652 3931 2710 3985; x_wconf 85' lang='lat'><strong>&#39;0</strong></span> <span class='ocrx_word' id='word_1_629' title='bbox 2734 3930 2987 4002; x_wconf 77' lang='grc' dir='ltr'>βασιλεὺς</span> <span class='ocrx_word' id='word_1_630' title='bbox 3010 3934 3190 3989; x_wconf 80' lang='grc' dir='ltr'>τοίνυν</span> <span class='ocrx_word' id='word_1_631' title='bbox 3225 3937 3419 4008; x_wconf 82' lang='grc' dir='ltr'>πείρας</span> <span class='ocrx_word' id='word_1_632' title='bbox 3448 3940 3646 4009; x_wconf 67' lang='grc' dir='ltr'>πικρὸν</span> <span class='ocrx_word' id='word_1_633' title='bbox 3673 3941 3764 3994; x_wconf 72' lang='grc' dir='ltr'><strong>καὶ</strong></span> <span class='ocrx_word' id='word_1_634' title='bbox 3793 3944 3903 3995; x_wconf 76' lang='grc' dir='ltr'><strong>ἀπὸ</strong></span> <span class='ocrx_word' id='word_1_635' title='bbox 3943 3946 4042 4012; x_wconf 76' lang='grc' dir='ltr'><strong>ψι-</strong></span> 
     </span>
    </p>
   </div>
   <div class='ocr_carea' id='block_1_87' title="bbox 2459 4021 4047 4107">
    <p class='ocr_par' dir='ltr' id='par_1_87' title="bbox 2459 4021 4047 4107">
     <span class='ocr_line' id='line_1_87' title="bbox 2459 4021 4047 4107; baseline 0.009 -34"><span class='ocrx_word' id='word_1_636' title='bbox 2459 4021 2559 4093; x_wconf 80' lang='grc' dir='ltr'><strong>λῆς</strong></span> <span class='ocrx_word' id='word_1_637' title='bbox 2578 4022 2701 4085; x_wconf 88' lang='grc' dir='ltr'>Οέας</span> <span class='ocrx_word' id='word_1_638' title='bbox 2738 4024 2978 4092; x_wconf 79' lang='grc' dir='ltr'>Ἀνθίμῳ</span> <span class='ocrx_word' id='word_1_639' title='bbox 3015 4026 3333 4095; x_wconf 74' lang='grc' dir='ltr'>βουλόμενος</span> <span class='ocrx_word' id='word_1_640' title='bbox 3385 4030 3673 4097; x_wconf 78' lang='grc' dir='ltr'>ἐπιδεῖξαι,</span> <span class='ocrx_word' id='word_1_641' title='bbox 3704 4033 3851 4095; x_wconf 85' lang='grc' dir='ltr'>ὅπως</span> <span class='ocrx_word' id='word_1_642' title='bbox 3882 4037 4047 4107; x_wconf 81' lang='grc' dir='ltr'>αὑτῴ</span> 
     </span>
    </p>
   </div>
   <div class='ocr_carea' id='block_1_88' title="bbox 2461 4114 4045 4193">
    <p class='ocr_par' dir='ltr' id='par_1_88' title="bbox 2461 4114 4045 4193">
     <span class='ocr_line' id='line_1_88' title="bbox 2461 4114 4045 4193; baseline 0.009 -28"><span class='ocrx_word' id='word_1_643' title='bbox 2461 4116 2554 4166; x_wconf 68' lang='grc' dir='ltr'><strong>καὶ</strong></span> <span class='ocrx_word' id='word_1_644' title='bbox 2582 4114 2954 4185; x_wconf 82' lang='grc' dir='ltr'>μαλακωτέρῳ</span> <span class='ocrx_word' id='word_1_645' title='bbox 2982 4115 3077 4187; x_wconf 84' lang='grc' dir='ltr'><strong>τὴν</strong></span> <span class='ocrx_word' id='word_1_646' title='bbox 3110 4118 3332 4190; x_wconf 86' lang='grc' dir='ltr'>πρώτην</span> <span class='ocrx_word' id='word_1_647' title='bbox 3373 4124 3787 4193; x_wconf 80' lang='grc' dir='ltr'>προσενεχθείη,</span> <span class='ocrx_word' id='word_1_648' title='bbox 3821 4125 3890 4178; x_wconf 76' lang='grc' dir='ltr'>τὰ</span> <span class='ocrx_word' id='word_1_649' title='bbox 3946 4145 4045 4180; x_wconf 82' lang='grc' dir='ltr'>κο-</span> 
     </span>
    </p>
   </div>
   <div class='ocr_carea' id='block_1_89' title="bbox 2461 4206 4045 4288">
    <p class='ocr_par' dir='ltr' id='par_1_89' title="bbox 2461 4206 4045 4288">
     <span class='ocr_line' id='line_1_89' title="bbox 2461 4206 4045 4288; baseline 0.01 -31"><span class='ocrx_word' id='word_1_650' title='bbox 2461 4206 2725 4275; x_wconf 65' lang='grc' dir='ltr'>λαστήρια</span> <span class='ocrx_word' id='word_1_651' title='bbox 2763 4208 3030 4278; x_wconf 77' lang='grc' dir='ltr'>πρότερον</span> <span class='ocrx_word' id='word_1_652' title='bbox 3054 4210 3145 4263; x_wconf 75' lang='grc' dir='ltr'>ὑπ’</span> <span class='ocrx_word' id='word_1_653' title='bbox 3175 4212 3298 4279; x_wconf 61' lang='grc' dir='ltr'>ὄψιν</span> <span class='ocrx_word' id='word_1_654' title='bbox 3335 4213 3546 4283; x_wconf 75' lang='grc' dir='ltr'>ὄργανα</span> <span class='ocrx_word' id='word_1_655' title='bbox 3583 4215 3818 4285; x_wconf 86' lang='grc' dir='ltr'>δημοσία</span> <span class='ocrx_word' id='word_1_656' title='bbox 3846 4222 4045 4288; x_wconf 85' lang='grc' dir='ltr'>προτί-</span> 
     </span>
    </p>
   </div>
   <div class='ocr_carea' id='block_1_90' title="bbox 2463 4300 4050 4377">
    <p class='ocr_par' dir='ltr' id='par_1_90' title="bbox 2463 4300 4050 4377">
     <span class='ocr_line' id='line_1_90' title="bbox 2463 4300 4050 4377; baseline 0.008 -26"><span class='ocrx_word' id='word_1_657' title='bbox 2463 4300 2587 4368; x_wconf 83' lang='grc' dir='ltr'>οησι</span> <span class='ocrx_word' id='word_1_658' title='bbox 2627 4302 2721 4352; x_wconf 74' lang='grc' dir='ltr'>καὶ</span> <span class='ocrx_word' id='word_1_659' title='bbox 2779 4301 2939 4352; x_wconf 81' lang='grc' dir='ltr'>αὐτὸν</span> <span class='ocrx_word' id='word_1_660' title='bbox 2972 4304 3296 4366; x_wconf 82' lang='grc' dir='ltr'>εἰσκαλέσας</span> <span class='ocrx_word' id='word_1_661' title='bbox 3318 4321 3332 4333; x_wconf 90' lang='grc'><strong>·</strong></span> <span class='ocrx_word' id='word_1_662' title='bbox 3386 4306 3458 4358; x_wconf 84' lang='grc' dir='ltr'><strong>Σὺ</strong></span> <span class='ocrx_word' id='word_1_663' title='bbox 3492 4301 3562 4372; x_wconf 76' lang='grc' dir='ltr'>εἴ,</span> <span class='ocrx_word' id='word_1_664' title='bbox 3612 4308 3764 4377; x_wconf 77' lang='grc' dir='ltr'>φησὶ,</span> <span class='ocrx_word' id='word_1_665' title='bbox 3795 4310 3823 4361; x_wconf 86' lang='grc' dir='ltr'>ὁ</span> <span class='ocrx_word' id='word_1_666' title='bbox 3856 4310 4050 4365; x_wconf 78' lang='grc' dir='ltr'>ὀπίσω</span> 
     </span>
    </p>
   </div>
   <div class='ocr_carea' id='block_1_91' title="bbox 2463 4390 4045 4472">
    <p class='ocr_par' dir='ltr' id='par_1_91' title="bbox 2463 4390 4045 4472">
     <span class='ocr_line' id='line_1_91' title="bbox 2463 4390 4045 4472; baseline 0.009 -30"><span class='ocrx_word' id='word_1_667' title='bbox 2463 4390 2556 4442; x_wconf 75' lang='grc' dir='ltr'><strong>τοῦ</strong></span> <span class='ocrx_word' id='word_1_668' title='bbox 2593 4391 2889 4459; x_wconf 77' lang='grc' dir='ltr'>λεγομένου</span> <span class='ocrx_word' id='word_1_669' title='bbox 2944 4393 3180 4462; x_wconf 81' lang='grc' dir='ltr'>Χριστοῦ</span> <span class='ocrx_word' id='word_1_670' title='bbox 3238 4396 3585 4466; x_wconf 83' lang='grc' dir='ltr'>πλανώμενος</span> <span class='ocrx_word' id='word_1_671' title='bbox 3632 4403 3900 4472; x_wconf 74' lang='grc' dir='ltr'>Ἃνθιμος</span> <span class='ocrx_word' id='word_1_672' title='bbox 3944 4408 4045 4457; x_wconf 71' lang='grc' dir='ltr'><strong>καὶ</strong></span> 
     </span>
    </p>
   </div>
   <div class='ocr_carea' id='block_1_92' title="bbox 794 4481 2451 4567">
    <p class='ocr_par' dir='ltr' id='par_1_92' title="bbox 794 4481 2435 4566">
     <span class='ocr_line' id='line_1_92' title="bbox 794 4481 2435 4566; baseline -0.004 -18"><span class='ocrx_word' id='word_1_673' title='bbox 794 4496 885 4566; x_wconf 86' lang='lat' dir='ltr'><strong>qui</strong></span> <span class='ocrx_word' id='word_1_674' title='bbox 920 4506 1044 4564; x_wconf 88' lang='lat' dir='ltr'><strong>post</strong></span> <span class='ocrx_word' id='word_1_675' title='bbox 1070 4494 1373 4554; x_wconf 85' lang='lat' dir='ltr'><strong>Christum,</strong></span> <span class='ocrx_word' id='word_1_676' title='bbox 1405 4490 1497 4557; x_wconf 90' lang='lat' dir='ltr'><strong>qui</strong></span> <span class='ocrx_word' id='word_1_677' title='bbox 1527 4488 1746 4550; x_wconf 89' lang='lat' dir='ltr'><strong>dicitur,</strong></span> <span class='ocrx_word' id='word_1_678' title='bbox 1804 4502 1976 4553; x_wconf 82' lang='lat' dir='ltr'><strong>erras,</strong></span> <span class='ocrx_word' id='word_1_679' title='bbox 2026 4486 2312 4542; x_wconf 77' lang='lat' dir='ltr'><strong>Antliimus</strong></span> <span class='ocrx_word' id='word_1_680' title='bbox 2344 4508 2357 4543; x_wconf 91' lang='lat'><strong>:</strong></span> <span class='ocrx_word' id='word_1_681' title='bbox 2394 4481 2435 4535; x_wconf 84' lang='grc' dir='ltr'><strong>Ῐ)</strong></span> 
     </span>
    </p>
   </div>
   <div class='ocr_carea' id='block_1_93' title="bbox 2388 4481 4045 4567">
    <p class='ocr_par' dir='ltr' id='par_1_93' title="bbox 2394 4481 4045 4567">
     <span class='ocr_line' id='line_1_93' title="bbox 2394 4481 4045 4567; baseline 0.009 -32"><span class='ocrx_word' id='word_1_682' title='bbox 2394 4481 2435 4535; x_wconf 91' lang='lat' dir='ltr'><strong>D</strong></span> <span class='ocrx_word' id='word_1_683' title='bbox 2466 4483 2556 4537; x_wconf 74' lang='grc' dir='ltr'>τὸν</span> <span class='ocrx_word' id='word_1_684' title='bbox 2598 4484 2763 4537; x_wconf 76' lang='grc' dir='ltr'>πολὺν</span> <span class='ocrx_word' id='word_1_685' title='bbox 2796 4485 2967 4557; x_wconf 84' lang='grc' dir='ltr'>ἀφελῆ</span> <span class='ocrx_word' id='word_1_686' title='bbox 2995 4488 3087 4540; x_wconf 75' lang='grc' dir='ltr'><strong>καὶ</strong></span> <span class='ocrx_word' id='word_1_687' title='bbox 3120 4487 3339 4542; x_wconf 76' lang='grc' dir='ltr'>εὔκολον</span> <span class='ocrx_word' id='word_1_688' title='bbox 3367 4491 3651 4561; x_wconf 78' lang='grc' dir='ltr'>ἄνθρωπον</span> <span class='ocrx_word' id='word_1_689' title='bbox 3685 4499 3752 4565; x_wconf 76' lang='grc' dir='ltr'><strong>τῇ</strong></span> <span class='ocrx_word' id='word_1_690' title='bbox 3791 4496 3877 4567; x_wconf 76' lang='grc' dir='ltr'><strong>ἴσῃ</strong></span> <span class='ocrx_word' id='word_1_691' title='bbox 3908 4493 4045 4567; x_wconf 67' lang='grc' dir='ltr'>πὲρι</span> 
     </span>
    </p>
   </div>
   <div class='ocr_carea' id='block_1_94' title="bbox 794 4580 2357 4654">
    <p class='ocr_par' dir='ltr' id='par_1_94' title="bbox 794 4580 2357 4654">
     <span class='ocr_line' id='line_1_94' title="bbox 794 4580 2357 4654; baseline -0.004 -13"><span class='ocrx_word' id='word_1_692' title='bbox 794 4586 1117 4654; x_wconf 72' lang='lat' dir='ltr'><strong>facilemque</strong></span> <span class='ocrx_word' id='word_1_693' title='bbox 1152 4592 1205 4638; x_wconf 90' lang='lat' dir='ltr'><strong>et</strong></span> <span class='ocrx_word' id='word_1_694' title='bbox 1235 4582 1534 4652; x_wconf 89' lang='lat' dir='ltr'><strong>simplicem</strong></span> <span class='ocrx_word' id='word_1_695' title='bbox 1575 4580 1790 4634; x_wconf 80' lang='lat' dir='ltr'><strong>turbam</strong></span> <span class='ocrx_word' id='word_1_696' title='bbox 1827 4580 1878 4632; x_wconf 91' lang='lat' dir='ltr'><strong>in</strong></span> <span class='ocrx_word' id='word_1_697' title='bbox 1911 4580 2157 4633; x_wconf 87' lang='lat' dir='ltr'><strong>eumdem</strong></span> <span class='ocrx_word' id='word_1_698' title='bbox 2189 4582 2357 4635; x_wconf 88' lang='lat' dir='ltr'><strong>addu-</strong></span> 
     </span>
    </p>
   </div>
   <div class='ocr_carea' id='block_1_95' title="bbox 793 4669 2360 4736">
    <p class='ocr_par' dir='ltr' id='par_1_95' title="bbox 793 4669 2360 4736">
     <span class='ocr_line' id='line_1_95' title="bbox 793 4669 2360 4736; baseline -0.007 -5"><span class='ocrx_word' id='word_1_699' title='bbox 793 4678 873 4731; x_wconf 89' lang='lat' dir='ltr'><strong>cis</strong></span> <span class='ocrx_word' id='word_1_700' title='bbox 905 4689 1167 4736; x_wconf 89' lang='lat' dir='ltr'><strong>errorem,</strong></span> <span class='ocrx_word' id='word_1_701' title='bbox 1201 4684 1252 4726; x_wconf 93' lang='lat' dir='ltr'><strong>et</strong></span> <span class='ocrx_word' id='word_1_702' title='bbox 1279 4674 1410 4725; x_wconf 88' lang='lat' dir='ltr'><strong>deos</strong></span> <span class='ocrx_word' id='word_1_703' title='bbox 1441 4681 1654 4724; x_wconf 85' lang='lat' dir='ltr'><strong>nostros</strong></span> <span class='ocrx_word' id='word_1_704' title='bbox 1689 4669 2185 4724; x_wconf 88' lang='lat' dir='ltr'><strong>innumerabilibus</strong></span> <span class='ocrx_word' id='word_1_705' title='bbox 2228 4687 2360 4724; x_wconf 80' lang='lat' dir='ltr'><strong>con.</strong></span> 
     </span>
    </p>
   </div>
   <div class='ocr_carea' id='block_1_96' title="bbox 796 4764 2361 4831">
    <p class='ocr_par' dir='ltr' id='par_1_96' title="bbox 796 4764 2361 4831">
     <span class='ocr_line' id='line_1_96' title="bbox 796 4764 2361 4831; baseline -0.003 -8"><span class='ocrx_word' id='word_1_706' title='bbox 796 4768 1035 4825; x_wconf 84' lang='lat' dir='ltr'><strong>tumeliis</strong></span> <span class='ocrx_word' id='word_1_707' title='bbox 1105 4764 1326 4820; x_wconf 73' lang='lat' dir='ltr'><strong>adicis?</strong></span> <span class='ocrx_word' id='word_1_708' title='bbox 1377 4764 1467 4818; x_wconf 85' lang='lat' dir='ltr'><strong>ille</strong></span> <span class='ocrx_word' id='word_1_709' title='bbox 1514 4775 1690 4819; x_wconf 86' lang='lat' dir='ltr'><strong>autem</strong></span> <span class='ocrx_word' id='word_1_710' title='bbox 1746 4779 1809 4816; x_wconf 73' lang='lat' dir='ltr'><strong>ex</strong></span> <span class='ocrx_word' id='word_1_711' title='bbox 1865 4779 2019 4831; x_wconf 62' lang='lat' dir='ltr'><strong>a&#39;qno</strong></span> <span class='ocrx_word' id='word_1_712' title='bbox 2075 4766 2257 4820; x_wconf 89' lang='lat' dir='ltr'><strong>ridens</strong></span> <span class='ocrx_word' id='word_1_713' title='bbox 2307 4777 2361 4821; x_wconf 89' lang='lat' dir='ltr'><strong>et</strong></span> 
     </span>
    </p>
   </div>
   <div class='ocr_carea' id='block_1_97' title="bbox 792 4857 2356 4929">
    <p class='ocr_par' dir='ltr' id='par_1_97' title="bbox 792 4857 2356 4929">
     <span class='ocr_line' id='line_1_97' title="bbox 792 4857 2356 4929; baseline -0.001 -17"><span class='ocrx_word' id='word_1_714' title='bbox 792 4870 1059 4915; x_wconf 82' lang='lat' dir='ltr'><strong>tormeuta</strong></span> <span class='ocrx_word' id='word_1_715' title='bbox 1111 4857 1409 4929; x_wconf 83' lang='lat' dir='ltr'><strong>proposita,</strong></span> <span class='ocrx_word' id='word_1_716' title='bbox 1452 4866 1506 4909; x_wconf 86' lang='lat' dir='ltr'><strong>et</strong></span> <span class='ocrx_word' id='word_1_717' title='bbox 1537 4871 1597 4910; x_wconf 84' lang='lat' dir='ltr'><strong>ea</strong></span> <span class='ocrx_word' id='word_1_718' title='bbox 1629 4870 1751 4925; x_wconf 65' lang='lat' dir='ltr'><strong>quae</strong></span> <span class='ocrx_word' id='word_1_719' title='bbox 1798 4857 2011 4909; x_wconf 78' lang='lat' dir='ltr'><strong>dixerat</strong></span> <span class='ocrx_word' id='word_1_720' title='bbox 2049 4866 2306 4927; x_wconf 85' lang='lat' dir='ltr'><strong>tyrannus</strong></span> <span class='ocrx_word' id='word_1_721' title='bbox 2343 4872 2356 4911; x_wconf 89' lang='lat'><strong>:</strong></span> 
     </span>
    </p>
   </div>
   <div class='ocr_carea' id='block_1_98' title="bbox 790 4948 2354 5018">
    <p class='ocr_par' dir='ltr' id='par_1_98' title="bbox 790 4948 2354 5018">
     <span class='ocr_line' id='line_1_98' title="bbox 790 4948 2354 5018; baseline -0.003 -11"><span class='ocrx_word' id='word_1_722' title='bbox 790 4951 868 5008; x_wconf 78' lang='lat' dir='ltr'><strong>Ne</strong></span> <span class='ocrx_word' id='word_1_723' title='bbox 906 4952 970 5005; x_wconf 82' lang='lat' dir='ltr'><strong>ad</strong></span> <span class='ocrx_word' id='word_1_724' title='bbox 1000 4950 1116 5005; x_wconf 71' lang='lat' dir='ltr'><strong>[nec</strong></span> <span class='ocrx_word' id='word_1_725' title='bbox 1152 4950 1393 5018; x_wconf 87' lang='lat' dir='ltr'><strong>quidem,</strong></span> <span class='ocrx_word' id='word_1_726' title='bbox 1426 4950 1616 5017; x_wconf 86' lang='lat' dir='ltr'><strong>inquit,</strong></span> <span class='ocrx_word' id='word_1_727' title='bbox 1650 4948 1740 5001; x_wconf 84' lang='lat' dir='ltr'><strong>tibi</strong></span> <span class='ocrx_word' id='word_1_728' title='bbox 1768 4949 2174 5016; x_wconf 88' lang='lat' dir='ltr'><strong>responderem,</strong></span> <span class='ocrx_word' id='word_1_729' title='bbox 2206 4959 2354 5002; x_wconf 88' lang='lat' dir='ltr'><strong>certo</strong></span> 
     </span>
    </p>
   </div>
   <div class='ocr_carea' id='block_1_99' title="bbox 788 5042 2359 5111">
    <p class='ocr_par' dir='ltr' id='par_1_99' title="bbox 788 5042 2359 5111">
     <span class='ocr_line' id='line_1_99' title="bbox 788 5042 2359 5111; baseline -0.003 -10"><span class='ocrx_word' id='word_1_730' title='bbox 788 5046 955 5110; x_wconf 85' lang='lat' dir='ltr'><strong>scias,</strong></span> <span class='ocrx_word' id='word_1_731' title='bbox 982 5060 1014 5098; x_wconf 96' lang='lat' dir='ltr'><strong>o</strong></span> <span class='ocrx_word' id='word_1_732' title='bbox 1050 5046 1363 5111; x_wconf 88' lang='lat' dir='ltr'><strong>imperator,</strong></span> <span class='ocrx_word' id='word_1_733' title='bbox 1404 5043 1507 5096; x_wconf 89' lang='lat' dir='ltr'><strong>nisi</strong></span> <span class='ocrx_word' id='word_1_734' title='bbox 1546 5042 1677 5095; x_wconf 88' lang='lat' dir='ltr'><strong>mihi</strong></span> <span class='ocrx_word' id='word_1_735' title='bbox 1734 5057 1889 5095; x_wconf 83' lang='lat' dir='ltr'><strong>sacer</strong></span> <span class='ocrx_word' id='word_1_736' title='bbox 1917 5053 1970 5095; x_wconf 91' lang='lat' dir='ltr'><strong>et</strong></span> <span class='ocrx_word' id='word_1_737' title='bbox 2002 5043 2220 5097; x_wconf 90' lang='lat' dir='ltr'><strong>divinus</strong></span> <span class='ocrx_word' id='word_1_738' title='bbox 2264 5046 2359 5097; x_wconf 85' lang='lat' dir='ltr'><strong>du-</strong></span> 
     </span>
    </p>
   </div>
   <div class='ocr_carea' id='block_1_100' title="bbox 789 5134 2354 5204">
    <p class='ocr_par' dir='ltr' id='par_1_100' title="bbox 789 5134 2354 5204">
     <span class='ocr_line' id='line_1_100' title="bbox 789 5134 2354 5204; baseline 0.001 -15"><span class='ocrx_word' id='word_1_739' title='bbox 789 5148 906 5192; x_wconf 85' lang='lat' dir='ltr'><strong>ctor</strong></span> <span class='ocrx_word' id='word_1_740' title='bbox 940 5135 1137 5190; x_wconf 79' lang='lat' dir='ltr'><strong>Paulus</strong></span> <span class='ocrx_word' id='word_1_741' title='bbox 1163 5134 1532 5204; x_wconf 77' lang='lat' dir='ltr'><strong>persuaderet,</strong></span> <span class='ocrx_word' id='word_1_742' title='bbox 1569 5135 1768 5187; x_wconf 85' lang='lat' dir='ltr'><strong>docens</strong></span> <span class='ocrx_word' id='word_1_743' title='bbox 1804 5135 1822 5164; x_wconf 84' lang='grc'>²</span> <span class='ocrx_word' id='word_1_744' title='bbox 1858 5149 1955 5188; x_wconf 91' lang='lat' dir='ltr'><strong>nos</strong></span> <span class='ocrx_word' id='word_1_745' title='bbox 1990 5150 2110 5188; x_wconf 89' lang='lat' dir='ltr'><strong>esse</strong></span> <span class='ocrx_word' id='word_1_746' title='bbox 2139 5149 2354 5203; x_wconf 83' lang='lat' dir='ltr'><strong>paratos</strong></span> 
     </span>
    </p>
   </div>
   <div class='ocr_carea' id='block_1_101' title="bbox 798 5225 2354 5298">
    <p class='ocr_par' dir='ltr' id='par_1_101' title="bbox 798 5225 2354 5298">
     <span class='ocr_line' id='line_1_101' title="bbox 798 5225 2354 5298; baseline 0 -16"><span class='ocrx_word' id='word_1_747' title='bbox 798 5230 1019 5282; x_wconf 78' lang='lat' dir='ltr'><strong>ouilibet</strong></span> <span class='ocrx_word' id='word_1_748' title='bbox 1068 5226 1268 5298; x_wconf 87' lang='lat' dir='ltr'><strong>petenti</strong></span> <span class='ocrx_word' id='word_1_749' title='bbox 1320 5227 1543 5281; x_wconf 87' lang='lat' dir='ltr'><strong>reddere</strong></span> <span class='ocrx_word' id='word_1_750' title='bbox 1598 5227 1880 5279; x_wconf 85' lang='lat' dir='ltr'><strong>rationem.</strong></span> <span class='ocrx_word' id='word_1_751' title='bbox 1939 5225 2216 5281; x_wconf 82' lang='lat' dir='ltr'><strong>Pollicitus</strong></span> <span class='ocrx_word' id='word_1_752' title='bbox 2272 5237 2354 5283; x_wconf 86' lang='lat' dir='ltr'><strong>cst</strong></span> 
     </span>
    </p>
   </div>
   <div class='ocr_carea' id='block_1_102' title="bbox 788 5318 2351 5387">
    <p class='ocr_par' dir='ltr' id='par_1_102' title="bbox 788 5318 2351 5387">
     <span class='ocr_line' id='line_1_102' title="bbox 788 5318 2351 5387; baseline 0.001 -13"><span class='ocrx_word' id='word_1_753' title='bbox 788 5320 935 5374; x_wconf 81' lang='lat' dir='ltr'><strong>enim</strong></span> <span class='ocrx_word' id='word_1_754' title='bbox 964 5321 1116 5375; x_wconf 84' lang='lat' dir='ltr'><strong>nobis</strong></span> <span class='ocrx_word' id='word_1_755' title='bbox 1147 5318 1289 5373; x_wconf 80' lang='lat' dir='ltr'><strong>Deus</strong></span> <span class='ocrx_word' id='word_1_756' title='bbox 1321 5319 1433 5374; x_wconf 87' lang='lat' dir='ltr'><strong>oris</strong></span> <span class='ocrx_word' id='word_1_757' title='bbox 1470 5320 1816 5387; x_wconf 88' lang='lat' dir='ltr'><strong>sapientiam,</strong></span> <span class='ocrx_word' id='word_1_758' title='bbox 1856 5336 1873 5368; x_wconf 85' lang='grc' dir='ltr'><strong>ι</strong></span> <span class='ocrx_word' id='word_1_759' title='bbox 1912 5321 1995 5373; x_wconf 85' lang='lat' dir='ltr'><strong>cui</strong></span> <span class='ocrx_word' id='word_1_760' title='bbox 2027 5335 2130 5372; x_wconf 85' lang='lat' dir='ltr'><strong>non</strong></span> <span class='ocrx_word' id='word_1_761' title='bbox 2164 5330 2351 5387; x_wconf 87' lang='lat' dir='ltr'><strong>potue-</strong></span> 
     </span>
    </p>
   </div>
   <div class='ocr_carea' id='block_1_103' title="bbox 788 5410 2352 5484">
    <p class='ocr_par' dir='ltr' id='par_1_103' title="bbox 788 5410 2352 5484">
     <span class='ocr_line' id='line_1_103' title="bbox 788 5410 2352 5484; baseline 0.001 -19"><span class='ocrx_word' id='word_1_762' title='bbox 788 5421 915 5465; x_wconf 89' lang='lat' dir='ltr'><strong>runt</strong></span> <span class='ocrx_word' id='word_1_763' title='bbox 942 5410 1195 5466; x_wconf 84' lang='lat' dir='ltr'><strong>resistere</strong></span> <span class='ocrx_word' id='word_1_764' title='bbox 1226 5428 1412 5467; x_wconf 88' lang='lat' dir='ltr'><strong>oumes</strong></span> <span class='ocrx_word' id='word_1_765' title='bbox 1446 5413 1614 5466; x_wconf 90' lang='lat' dir='ltr'><strong>nostri</strong></span> <span class='ocrx_word' id='word_1_766' title='bbox 1644 5413 1937 5466; x_wconf 77' lang='lat' dir='ltr'><strong>adversarii</strong></span> <span class='ocrx_word' id='word_1_767' title='bbox 1973 5414 2013 5467; x_wconf 87' lang='grc'><strong>³.</strong></span> <span class='ocrx_word' id='word_1_768' title='bbox 2046 5432 2063 5460; x_wconf 77' lang='grc' dir='ltr'><strong>ι</strong></span> <span class='ocrx_word' id='word_1_769' title='bbox 2096 5412 2227 5467; x_wconf 79' lang='lat' dir='ltr'><strong>Nam</strong></span> <span class='ocrx_word' id='word_1_770' title='bbox 2255 5430 2352 5484; x_wconf 75' lang='lat' dir='ltr'><strong>ego</strong></span> 
     </span>
    </p>
   </div>
   <div class='ocr_carea' id='block_1_104' title="bbox 788 5503 2349 5573">
    <p class='ocr_par' dir='ltr' id='par_1_104' title="bbox 788 5503 2349 5573">
     <span class='ocr_line' id='line_1_104' title="bbox 788 5503 2349 5573; baseline 0.004 -18"><span class='ocrx_word' id='word_1_771' title='bbox 788 5506 1006 5571; x_wconf 88' lang='lat' dir='ltr'><strong>quidem</strong></span> <span class='ocrx_word' id='word_1_772' title='bbox 1055 5503 1204 5573; x_wconf 82' lang='lat' dir='ltr'><strong>prius</strong></span> <span class='ocrx_word' id='word_1_773' title='bbox 1239 5506 1312 5559; x_wconf 88' lang='lat' dir='ltr'><strong>tui</strong></span> <span class='ocrx_word' id='word_1_774' title='bbox 1347 5507 1399 5559; x_wconf 92' lang='lat' dir='ltr'><strong>in</strong></span> <span class='ocrx_word' id='word_1_775' title='bbox 1437 5504 1726 5560; x_wconf 88' lang='lat' dir='ltr'><strong>simulacra</strong></span> <span class='ocrx_word' id='word_1_776' title='bbox 1780 5506 2003 5569; x_wconf 87' lang='lat' dir='ltr'><strong>erroris,</strong></span> <span class='ocrx_word' id='word_1_777' title='bbox 2052 5514 2107 5559; x_wconf 89' lang='lat' dir='ltr'><strong>et</strong></span> <span class='ocrx_word' id='word_1_778' title='bbox 2158 5509 2209 5558; x_wconf 90' lang='lat' dir='ltr'><strong>iu</strong></span> <span class='ocrx_word' id='word_1_779' title='bbox 2255 5522 2349 5562; x_wconf 88' lang='lat' dir='ltr'><strong>eos</strong></span> 
     </span>
    </p>
   </div>
   <div class='ocr_carea' id='block_1_105' title="bbox 785 5595 2348 5664">
    <p class='ocr_par' dir='ltr' id='par_1_105' title="bbox 785 5595 2348 5664">
     <span class='ocr_line' id='line_1_105' title="bbox 785 5595 2348 5664; baseline 0.003 -16"><span class='ocrx_word' id='word_1_780' title='bbox 785 5610 922 5664; x_wconf 82' lang='lat' dir='ltr'><strong>quos</strong></span> <span class='ocrx_word' id='word_1_781' title='bbox 949 5595 1082 5651; x_wconf 85' lang='lat' dir='ltr'><strong>dicis</strong></span> <span class='ocrx_word' id='word_1_782' title='bbox 1110 5597 1260 5659; x_wconf 82' lang='lat' dir='ltr'><strong>deos,</strong></span> <span class='ocrx_word' id='word_1_783' title='bbox 1318 5596 1637 5651; x_wconf 79' lang='lat' dir='ltr'><strong>damnabunt</strong></span> <span class='ocrx_word' id='word_1_784' title='bbox 1692 5595 2110 5650; x_wconf 87' lang='lat' dir='ltr'><strong>crassitudinem</strong></span> <span class='ocrx_word' id='word_1_785' title='bbox 2150 5613 2165 5653; x_wconf 85' lang='lat'><strong>:</strong></span> <span class='ocrx_word' id='word_1_786' title='bbox 2206 5613 2348 5653; x_wconf 91' lang='lat' dir='ltr'><strong>nunc</strong></span> 
     </span>
    </p>
   </div>
   <div class='ocr_carea' id='block_1_106' title="bbox 855 5772 2344 5842">
    <p class='ocr_par' dir='ltr' id='par_1_106' title="bbox 855 5772 2344 5842">
     <span class='ocr_line' id='line_1_106' title="bbox 855 5772 2344 5842; baseline -0.001 -12"><span class='ocrx_word' id='word_1_787' title='bbox 855 5780 874 5813; x_wconf 81' lang='grc'>³</span> <span class='ocrx_word' id='word_1_788' title='bbox 902 5773 1065 5831; x_wconf 84' lang='lat' dir='ltr'><strong>Hebr.</strong></span> <span class='ocrx_word' id='word_1_789' title='bbox 1101 5790 1214 5839; x_wconf 76' lang='lat' dir='ltr'><strong>xm,</strong></span> <span class='ocrx_word' id='word_1_790' title='bbox 1244 5774 1336 5839; x_wconf 79' lang='lat' dir='ltr'><strong>l7;</strong></span> <span class='ocrx_word' id='word_1_791' title='bbox 1374 5772 1390 5828; x_wconf 89' lang='grc' dir='ltr'><strong>Ι</strong></span> <span class='ocrx_word' id='word_1_792' title='bbox 1429 5773 1570 5828; x_wconf 84' lang='lat' dir='ltr'><strong>Petr.</strong></span> <span class='ocrx_word' id='word_1_793' title='bbox 1608 5790 1687 5837; x_wconf 90' lang='grc' dir='ltr'>ιιι,</span> <span class='ocrx_word' id='word_1_794' title='bbox 1726 5774 1809 5827; x_wconf 68' lang='grc'><strong>15.</strong></span> <span class='ocrx_word' id='word_1_795' title='bbox 1889 5775 1908 5806; x_wconf 87' lang='grc'><strong><em>³</em></strong></span> <span class='ocrx_word' id='word_1_796' title='bbox 1942 5774 2071 5829; x_wconf 86' lang='lat' dir='ltr'><strong>Luc.</strong></span> <span class='ocrx_word' id='word_1_797' title='bbox 2109 5791 2222 5842; x_wconf 74' lang='lat' dir='ltr'><strong>XXI,</strong></span> <span class='ocrx_word' id='word_1_798' title='bbox 2258 5776 2344 5829; x_wconf 76' lang='lat' dir='ltr'><strong>i5.</strong></span> 
     </span>
    </p>
   </div>
   <div class='ocr_carea' id='block_1_107' title="bbox 2457 4580 4044 4659">
    <p class='ocr_par' dir='ltr' id='par_1_107' title="bbox 2457 4580 4044 4659">
     <span class='ocr_line' id='line_1_107' title="bbox 2457 4580 4044 4659; baseline 0.006 -27"><span class='ocrx_word' id='word_1_799' title='bbox 2457 4580 2616 4632; x_wconf 81' lang='grc' dir='ltr'>αὑτὸν</span> <span class='ocrx_word' id='word_1_800' title='bbox 2672 4581 3016 4648; x_wconf 84' lang='grc' dir='ltr'>ὑπαγόμενος</span> <span class='ocrx_word' id='word_1_801' title='bbox 3061 4585 3245 4653; x_wconf 75' lang='grc' dir='ltr'>ἀπάτῃ</span> <span class='ocrx_word' id='word_1_802' title='bbox 3303 4585 3397 4636; x_wconf 77' lang='grc' dir='ltr'><strong>καὶ</strong></span> <span class='ocrx_word' id='word_1_803' title='bbox 3453 4588 3651 4657; x_wconf 83' lang='grc' dir='ltr'>μυρίαν</span> <span class='ocrx_word' id='word_1_804' title='bbox 3711 4590 3869 4659; x_wconf 79' lang='grc' dir='ltr'>ὓϐριν</span> <span class='ocrx_word' id='word_1_805' title='bbox 3925 4593 4044 4644; x_wconf 82' lang='grc' dir='ltr'>τῶν</span> 
     </span>
    </p>
   </div>
   <div class='ocr_carea' id='block_1_108' title="bbox 2458 4672 4046 4751">
    <p class='ocr_par' dir='ltr' id='par_1_108' title="bbox 2458 4672 4046 4751">
     <span class='ocr_line' id='line_1_108' title="bbox 2458 4672 4046 4751; baseline 0.009 -30"><span class='ocrx_word' id='word_1_806' title='bbox 2458 4673 2741 4741; x_wconf 73' lang='grc' dir='ltr'>ἡμετέρων</span> <span class='ocrx_word' id='word_1_807' title='bbox 2766 4672 2902 4723; x_wconf 79' lang='grc' dir='ltr'>θεῶν</span> <span class='ocrx_word' id='word_1_808' title='bbox 2925 4675 3239 4742; x_wconf 55' lang='grc' dir='ltr'>καταλέωη</span> <span class='ocrx_word' id='word_1_809' title='bbox 3287 4674 3344 4729; x_wconf 89' lang='grc' dir='ltr'><strong>Ὀ</strong></span> <span class='ocrx_word' id='word_1_810' title='bbox 3375 4677 3430 4731; x_wconf 79' lang='grc' dir='ltr'><strong>δὲ</strong></span> <span class='ocrx_word' id='word_1_811' title='bbox 3454 4680 3541 4731; x_wconf 76' lang='grc' dir='ltr'><strong>ἐπ’</strong></span> <span class='ocrx_word' id='word_1_812' title='bbox 3576 4682 3695 4751; x_wconf 83' lang='grc' dir='ltr'>ῐσης</span> <span class='ocrx_word' id='word_1_813' title='bbox 3724 4684 3791 4733; x_wconf 86' lang='grc' dir='ltr'><strong>τά</strong></span> <span class='ocrx_word' id='word_1_814' title='bbox 3818 4701 3876 4734; x_wconf 81' lang='grc' dir='ltr'><strong>τε</strong></span> <span class='ocrx_word' id='word_1_815' title='bbox 3910 4701 4046 4751; x_wconf 70' lang='lat'><strong>1:90-</strong></span> 
     </span>
    </p>
   </div>
   <div class='ocr_carea' id='block_1_109' title="bbox 2459 4764 4041 4840">
    <p class='ocr_par' dir='ltr' id='par_1_109' title="bbox 2459 4764 4041 4840">
     <span class='ocr_line' id='line_1_109' title="bbox 2459 4764 4041 4840; baseline 0.004 -22"><span class='ocrx_word' id='word_1_816' title='bbox 2459 4765 2685 4834; x_wconf 84' lang='grc' dir='ltr'>κείμενα</span> <span class='ocrx_word' id='word_1_817' title='bbox 2708 4764 2916 4833; x_wconf 81' lang='grc' dir='ltr'>δργανα</span> <span class='ocrx_word' id='word_1_818' title='bbox 2948 4767 3040 4818; x_wconf 73' lang='grc' dir='ltr'><strong>καὶ</strong></span> <span class='ocrx_word' id='word_1_819' title='bbox 3069 4768 3193 4830; x_wconf 77' lang='grc' dir='ltr'>τοὺς</span> <span class='ocrx_word' id='word_1_820' title='bbox 3225 4768 3319 4821; x_wconf 77' lang='grc' dir='ltr'><strong>τοῦ</strong></span> <span class='ocrx_word' id='word_1_821' title='bbox 3347 4771 3613 4838; x_wconf 84' lang='grc' dir='ltr'>τυράννου</span> <span class='ocrx_word' id='word_1_822' title='bbox 3650 4770 3839 4837; x_wconf 68' lang='grc' dir='ltr'>λάγους</span> <span class='ocrx_word' id='word_1_823' title='bbox 3867 4774 4041 4840; x_wconf 83' lang='grc' dir='ltr'>γελά-</span> 
     </span>
    </p>
   </div>
   <div class='ocr_carea' id='block_1_110' title="bbox 2462 4853 4039 4929">
    <p class='ocr_par' dir='ltr' id='par_1_110' title="bbox 2462 4853 4039 4929">
     <span class='ocr_line' id='line_1_110' title="bbox 2462 4853 4039 4929; baseline 0.006 -25"><span class='ocrx_word' id='word_1_824' title='bbox 2462 4870 2561 4916; x_wconf 86' lang='grc' dir='ltr'><strong>σας</strong></span> <span class='ocrx_word' id='word_1_825' title='bbox 2585 4869 2598 4883; x_wconf 84' lang='grc'><strong>·</strong></span> <span class='ocrx_word' id='word_1_826' title='bbox 2637 4853 2770 4905; x_wconf 75' lang='grc' dir='ltr'><strong>Οὐδὲ</strong></span> <span class='ocrx_word' id='word_1_827' title='bbox 2811 4856 3193 4927; x_wconf 81' lang='grc' dir='ltr'>ἀπεκρινάμην</span> <span class='ocrx_word' id='word_1_828' title='bbox 3246 4858 3311 4911; x_wconf 85' lang='grc' dir='ltr'>ἄν</span> <span class='ocrx_word' id='word_1_829' title='bbox 3342 4877 3443 4919; x_wconf 88' lang='grc' dir='ltr'>σοι.</span> <span class='ocrx_word' id='word_1_830' title='bbox 3474 4860 3630 4927; x_wconf 71' lang='grc' dir='ltr'>φησὶ,</span> <span class='ocrx_word' id='word_1_831' title='bbox 3663 4862 3797 4929; x_wconf 72' lang='grc' dir='ltr'>πρὸς</span> <span class='ocrx_word' id='word_1_832' title='bbox 3829 4864 4039 4928; x_wconf 74' lang='grc' dir='ltr'>ταῦτα,</span> 
     </span>
    </p>
   </div>
   <div class='ocr_carea' id='block_1_111' title="bbox 2460 4939 4041 5018">
    <p class='ocr_par' dir='ltr' id='par_1_111' title="bbox 2460 4939 4041 5018">
     <span class='ocr_line' id='line_1_111' title="bbox 2460 4939 4041 5018; baseline 0.007 -21"><span class='ocrx_word' id='word_1_833' title='bbox 2460 4944 2589 5009; x_wconf 81' lang='grc' dir='ltr'>ῐσοι,</span> <span class='ocrx_word' id='word_1_834' title='bbox 2623 4939 2666 4999; x_wconf 80' lang='grc' dir='ltr'><strong>ὦ</strong></span> <span class='ocrx_word' id='word_1_835' title='bbox 2704 4945 2953 5015; x_wconf 79' lang='grc' dir='ltr'>βασιλεῦ,</span> <span class='ocrx_word' id='word_1_836' title='bbox 2973 4951 3020 4999; x_wconf 82' lang='grc' dir='ltr'>εἰ</span> <span class='ocrx_word' id='word_1_837' title='bbox 3055 4950 3128 5018; x_wconf 86' lang='grc' dir='ltr'>μή</span> <span class='ocrx_word' id='word_1_838' title='bbox 3154 4966 3220 5017; x_wconf 87' lang='grc' dir='ltr'><strong>με</strong></span> <span class='ocrx_word' id='word_1_839' title='bbox 3254 4952 3281 5001; x_wconf 91' lang='grc' dir='ltr'>ὁ</span> <span class='ocrx_word' id='word_1_840' title='bbox 3310 4949 3451 5018; x_wconf 83' lang='grc' dir='ltr'>ἱερὸς</span> <span class='ocrx_word' id='word_1_841' title='bbox 3481 4951 3572 5003; x_wconf 78' lang='grc' dir='ltr'><strong>καὶ</strong></span> <span class='ocrx_word' id='word_1_842' title='bbox 3599 4951 3737 5014; x_wconf 59' lang='lat' dir='ltr'><strong>Gaio;</strong></span> <span class='ocrx_word' id='word_1_843' title='bbox 3769 4952 3891 5006; x_wconf 80' lang='grc' dir='ltr'>δ.δά</span> <span class='ocrx_word' id='word_1_844' title='bbox 3906 4972 4041 5008; x_wconf 85' lang='grc' dir='ltr'>σκα-</span> 
     </span>
    </p>
   </div>
   <div class='ocr_carea' id='block_1_112' title="bbox 2459 5036 4041 5111">
    <p class='ocr_par' dir='ltr' id='par_1_112' title="bbox 2459 5036 4041 5111">
     <span class='ocr_line' id='line_1_112' title="bbox 2459 5036 4041 5111; baseline 0.007 -23"><span class='ocrx_word' id='word_1_845' title='bbox 2459 5036 2546 5101; x_wconf 89' lang='grc' dir='ltr'><strong>λος</strong></span> <span class='ocrx_word' id='word_1_846' title='bbox 2579 5038 2762 5090; x_wconf 77' lang='grc' dir='ltr'>ἔπειθε</span> <span class='ocrx_word' id='word_1_847' title='bbox 2800 5038 3029 5104; x_wconf 80' lang='grc' dir='ltr'>Παῦλος,</span> <span class='ocrx_word' id='word_1_848' title='bbox 3076 5041 3329 5110; x_wconf 77' lang='grc' dir='ltr'>ἑτοίμους</span> <span class='ocrx_word' id='word_1_849' title='bbox 3364 5043 3508 5111; x_wconf 74' lang='grc' dir='ltr'>ἡμᾶς</span> <span class='ocrx_word' id='word_1_850' title='bbox 3563 5040 3700 5096; x_wconf 80' lang='grc' dir='ltr'>εἶναι</span> <span class='ocrx_word' id='word_1_851' title='bbox 3735 5046 4041 5109; x_wconf 67' lang='grc' dir='ltr'>διδάσκων,</span> 
     </span>
    </p>
   </div>
   <div class='ocr_carea' id='block_1_113' title="bbox 2461 5132 4043 5207">
    <p class='ocr_par' dir='ltr' id='par_1_113' title="bbox 2461 5132 4043 5207">
     <span class='ocr_line' id='line_1_113' title="bbox 2461 5132 4043 5207; baseline 0.005 -24"><span class='ocrx_word' id='word_1_852' title='bbox 2461 5133 2625 5184; x_wconf 71' lang='grc' dir='ltr'>παντὶ</span> <span class='ocrx_word' id='word_1_853' title='bbox 2660 5133 2736 5202; x_wconf 79' lang='grc' dir='ltr'>τῷ</span> <span class='ocrx_word' id='word_1_854' title='bbox 2769 5132 3006 5185; x_wconf 77' lang='grc' dir='ltr'>αἰτοῦντι</span> <span class='ocrx_word' id='word_1_855' title='bbox 3046 5134 3201 5202; x_wconf 85' lang='grc' dir='ltr'>λόγον</span> <span class='ocrx_word' id='word_1_856' title='bbox 3250 5136 3447 5189; x_wconf 77' lang='grc' dir='ltr'>διδόναι</span> <span class='ocrx_word' id='word_1_857' title='bbox 3470 5152 3484 5164; x_wconf 84' lang='grc'><em>’</em></span> <span class='ocrx_word' id='word_1_858' title='bbox 3522 5139 3894 5206; x_wconf 74' lang='grc' dir='ltr'>ἐπηγγείλατο</span> <span class='ocrx_word' id='word_1_859' title='bbox 3927 5140 4043 5207; x_wconf 68' lang='grc' dir='ltr'><strong>γὰρ</strong></span> 
     </span>
    </p>
   </div>
   <div class='ocr_carea' id='block_1_114' title="bbox 2461 5224 4044 5299">
    <p class='ocr_par' dir='ltr' id='par_1_114' title="bbox 2461 5224 4044 5299">
     <span class='ocr_line' id='line_1_114' title="bbox 2461 5224 4044 5299; baseline 0.004 -24"><span class='ocrx_word' id='word_1_860' title='bbox 2461 5225 2593 5293; x_wconf 74' lang='grc' dir='ltr'>ἡμῖν</span> <span class='ocrx_word' id='word_1_861' title='bbox 2625 5227 2651 5278; x_wconf 86' lang='grc' dir='ltr'>ὁ</span> <span class='ocrx_word' id='word_1_862' title='bbox 2684 5226 2814 5288; x_wconf 75' lang='grc' dir='ltr'>Θεὸς</span> <span class='ocrx_word' id='word_1_863' title='bbox 2842 5226 3039 5278; x_wconf 74' lang='grc' dir='ltr'>διδόναι</span> <span class='ocrx_word' id='word_1_864' title='bbox 3066 5232 3157 5277; x_wconf 76' lang='grc' dir='ltr'>καὶ</span> <span class='ocrx_word' id='word_1_865' title='bbox 3188 5227 3361 5295; x_wconf 75' lang='grc' dir='ltr'>στόμα</span> <span class='ocrx_word' id='word_1_866' title='bbox 3399 5228 3491 5281; x_wconf 55' lang='grc' dir='ltr'><strong>καὶ⁵</strong></span> <span class='ocrx_word' id='word_1_867' title='bbox 3526 5230 3739 5295; x_wconf 69' lang='grc' dir='ltr'>σοφίαν,</span> <span class='ocrx_word' id='word_1_868' title='bbox 3845 5230 3914 5282; x_wconf 77' lang='grc' dir='ltr'><strong>οὐ</strong></span> <span class='ocrx_word' id='word_1_869' title='bbox 3949 5230 4044 5282; x_wconf 76' lang='grc' dir='ltr'>δυ·</span> 
     </span>
    </p>
   </div>
   <div class='ocr_carea' id='block_1_115' title="bbox 2461 5320 4039 5393">
    <p class='ocr_par' dir='ltr' id='par_1_115' title="bbox 2461 5320 4039 5393">
     <span class='ocr_line' id='line_1_115' title="bbox 2461 5320 4039 5393; baseline 0.003 -23"><span class='ocrx_word' id='word_1_870' title='bbox 2461 5320 2715 5387; x_wconf 81' lang='grc' dir='ltr'>νήσονται</span> <span class='ocrx_word' id='word_1_871' title='bbox 2753 5321 3064 5387; x_wconf 72' lang='grc' dir='ltr'>ἀντιστῆναι</span> <span class='ocrx_word' id='word_1_872' title='bbox 3110 5321 3310 5383; x_wconf 85' lang='grc' dir='ltr'>πάντες</span> <span class='ocrx_word' id='word_1_873' title='bbox 3358 5324 3406 5373; x_wconf 88' lang='grc' dir='ltr'><strong>οί</strong></span> <span class='ocrx_word' id='word_1_874' title='bbox 3458 5322 3830 5388; x_wconf 80' lang='grc' dir='ltr'>ἀντικείμενοι</span> <span class='ocrx_word' id='word_1_875' title='bbox 3874 5326 4039 5393; x_wconf 80' lang='grc' dir='ltr'>ἡμῖν.</span> 
     </span>
    </p>
   </div>
   <div class='ocr_carea' id='block_1_116' title="bbox 2468 5411 4040 5486">
    <p class='ocr_par' dir='ltr' id='par_1_116' title="bbox 2468 5411 4040 5486">
     <span class='ocr_line' id='line_1_116' title="bbox 2468 5411 4040 5486; baseline 0.008 -43"><span class='ocrx_word' id='word_1_876' title='bbox 2468 5412 2555 5472; x_wconf 67' lang='grc' dir='ltr'><strong>’ως</strong></span> <span class='ocrx_word' id='word_1_877' title='bbox 2590 5412 2763 5478; x_wconf 81' lang='grc' dir='ltr'>ἔγωγε</span> <span class='ocrx_word' id='word_1_878' title='bbox 2796 5411 2996 5482; x_wconf 79' lang='grc' dir='ltr'>πολλήν</span> <span class='ocrx_word' id='word_1_879' title='bbox 3032 5431 3124 5466; x_wconf 92' lang='grc' dir='ltr'><strong>σου</strong></span> <span class='ocrx_word' id='word_1_880' title='bbox 3165 5415 3257 5466; x_wconf 73' lang='grc' dir='ltr'><strong>καὶ</strong></span> <span class='ocrx_word' id='word_1_881' title='bbox 3298 5417 3561 5485; x_wconf 73' lang='grc' dir='ltr'>πρότερον</span> <span class='ocrx_word' id='word_1_882' title='bbox 3599 5415 3891 5486; x_wconf 72' lang='grc' dir='ltr'>παχύτητα</span> <span class='ocrx_word' id='word_1_883' title='bbox 3936 5415 4040 5485; x_wconf 69' lang='grc' dir='ltr'><strong>ἤδη</strong></span> 
     </span>
    </p>
   </div>
   <div class='ocr_carea' id='block_1_117' title="bbox 2459 5505 4041 5579">
    <p class='ocr_par' dir='ltr' id='par_1_117' title="bbox 2459 5505 4041 5579">
     <span class='ocr_line' id='line_1_117' title="bbox 2459 5505 4041 5579; baseline 0.002 -21"><span class='ocrx_word' id='word_1_884' title='bbox 2459 5505 2888 5572; x_wconf 82' lang='grc' dir='ltr'>καταγινώσκων</span> <span class='ocrx_word' id='word_1_885' title='bbox 2916 5506 3011 5575; x_wconf 74' lang='grc' dir='ltr'>τῆς</span> <span class='ocrx_word' id='word_1_886' title='bbox 3034 5508 3159 5578; x_wconf 68' lang='grc' dir='ltr'>περὶ</span> <span class='ocrx_word' id='word_1_887' title='bbox 3187 5512 3252 5561; x_wconf 75' lang='grc' dir='ltr'><strong>τὰ</strong></span> <span class='ocrx_word' id='word_1_888' title='bbox 3275 5507 3467 5560; x_wconf 76' lang='grc' dir='ltr'>εἴδωλα</span> <span class='ocrx_word' id='word_1_889' title='bbox 3498 5508 3701 5579; x_wconf 79' lang='grc' dir='ltr'>πλάνης</span> <span class='ocrx_word' id='word_1_890' title='bbox 3734 5511 3859 5571; x_wconf 69' lang='grc' dir='ltr'>τοὺς</span> <span class='ocrx_word' id='word_1_891' title='bbox 3896 5511 4041 5575; x_wconf 77' lang='grc' dir='ltr'>ὑμε-</span> 
     </span>
    </p>
   </div>
   <div class='ocr_carea' id='block_1_118' title="bbox 2459 5598 4045 5669">
    <p class='ocr_par' dir='ltr' id='par_1_118' title="bbox 2459 5598 4045 5669">
     <span class='ocr_line' id='line_1_118' title="bbox 2459 5598 4045 5669; baseline 0 -17"><span class='ocrx_word' id='word_1_892' title='bbox 2459 5600 2671 5669; x_wconf 75' lang='grc' dir='ltr'>τέρους,</span> <span class='ocrx_word' id='word_1_893' title='bbox 2694 5598 2766 5662; x_wconf 80' lang='grc' dir='ltr'>ὡς</span> <span class='ocrx_word' id='word_1_894' title='bbox 2790 5598 2944 5668; x_wconf 58' lang='grc' dir='ltr'>έυης,</span> <span class='ocrx_word' id='word_1_895' title='bbox 2971 5598 3149 5664; x_wconf 77' lang='grc' dir='ltr'>θεοὺς,</span> <span class='ocrx_word' id='word_1_896' title='bbox 3182 5600 3273 5655; x_wconf 73' lang='grc' dir='ltr'>νῦν</span> <span class='ocrx_word' id='word_1_897' title='bbox 3299 5600 3518 5656; x_wconf 77' lang='grc' dir='ltr'>πλείονα</span> <span class='ocrx_word' id='word_1_898' title='bbox 3549 5619 3640 5655; x_wconf 82' lang='grc' dir='ltr'><strong>σου</strong></span> <span class='ocrx_word' id='word_1_899' title='bbox 3674 5604 3765 5655; x_wconf 74' lang='grc' dir='ltr'><strong>καὶ</strong></span> <span class='ocrx_word' id='word_1_900' title='bbox 3788 5598 4045 5669; x_wconf 70' lang='grc' dir='ltr'>φανερὰν</span> 
     </span>
    </p>
   </div>
  </div>
