4196 6306
178 353 263 416 lli

1415 349 1589 411 VlTA
1628 348 1687 407 S.
1732 346 2094 405 ΛΝΤΗΙΜΙ.

3292 340 3390 402 178

172 472 253 534 τήν
282 465 517 533 ἀμαθίαν
552 468 688 538 δρῶ,
719 469 799 520 ὅτι
849 468 942 519 καὶ
1001 467 1159 518 αὐτὸν
1190 464 1420 534 συλῆσαι
1451 463 1587 523 ὅλως
1622 459 1720 529 ἐμὲ
1750 460 1767 516 ί

1858 468 2002 513 utem
2031 457 2187 513 video
2207 456 2464 527 majorem
2486 463 2636 511 luam
2670 464 2720 510 et
2747 464 2988 520 apertam
3011 453 3398 521 ignorantiam,

173 561 383 627 ἤλπισας
420 567 515 613 καὶ
545 562 642 612 τοῦ
681 559 789 613 τῶν
823 561 1075 612 ἁπάντων
1112 558 1417 625 ἀποστῆναι
1453 558 1724 625 Δημιουρ-

172 651 257 716 γοῦ
302 650 391 703 τοῦ
426 653 521 704 καὶ
574 652 658 713 σὲ,
706 651 764 703 τὸ
801 651 1091 721 ἀχάριστον
1121 650 1366 718 πλάσμα,
1419 650 1484 717 τῇ
1532 644 1726 698 ἑαυτοῦ

173 743 322 795 εἰκόνι
364 745 755 813 τετιμηκότος·
810 743 896 795 ἵνα
955 742 1007 795 τί
1063 742 1171 813 γάρ
1210 759 1276 809 με
1316 739 1411 793 καὶ
1442 736 1727 808 δεσμώτην

174 836 241 905 τῷ
266 837 337 906 σῷ
370 837 576 906 βήματι
611 838 943 907 παρεστήσω
977 838 1072 889 καὶ
1126 836 1191 887 τὰ
1220 834 1326 887 τῶν
1359 833 1607 904 βασάνων
1637 829 1727 880 ὑπ’

172 929 283 995 ὃψιν
306 928 661 996 προτεθεικας
711 927 940 998 δργανα,
974 928 1006 997 ἢ
1040 927 1197 996 δῆλον
1250 927 1322 989 ὼς
1363 923 1728 992 καταπλήξων

174 1018 366 1080 τούτοις
396 1019 492 1069 καὶ
524 1018 555 1086 ἦ
587 1018 790 1070 πείσων
813 1016 1051 1079 πάντως,
1080 1017 1112 1086 ἢ
1144 1015 1455 1085 βιασόμενος
1476 1030 1491 1077 ;
1516 1011 1729 1072 Ἀλλοις

174 1112 246 1162 δεῖ
268 1127 369 1161 τισι
391 1108 567 1162 ταῦτα
603 1109 709 1161 τῶν
740 1108 1146 1178 ἀγεννεστέρων
1197 1104 1547 1175 προπφέρεινν
1594 1096 1675 1163 οἷς
1703 1102 1731 1153 ὁ

176 1202 276 1271 βῖος
304 1218 359 1253 τε
413 1200 443 1250 ὁ
494 1198 687 1269 παρὼν
741 1201 899 1269 ἡδονὴ
949 1200 1042 1252 καὶ
1079 1200 1140 1251 τὸ
1190 1197 1514 1267 στερηθῆναι
1539 1194 1728 1248 τούτου

175 1293 440 1362 τιμωριῶν
495 1294 528 1362 ἡ
562 1293 796 1361 μεγίστη
819 1308 832 1322 ⁸
860 1292 935 1353 ὡς
967 1292 1066 1361 ἐμὲ
1117 1290 1294 1344 καὶτὸ
1334 1290 1558 1359 πήλινον
1586 1287 1734 1341 τουτὶ

176 1385 318 1451 σῶμα
369 1384 750 1453 δεσμωτηρίου
819 1382 1033 1451 συνέχει
1086 1382 1290 1443 παντὸς
1324 1380 1734 1452 χαλεπώτερον,

174 1476 248 1527 ὅτι
281 1493 380 1543 μου
420 1479 520 1545 τὴν
558 1476 734 1545 ψυχὴν
765 1477 866 1529 οὐκ
899 1477 964 1546 ὲᾷ
997 1476 1134 1544 πρὸς
1170 1476 1264 1527 τὸν
1305 1473 1583 1544 ἐρώμενον
1615 1473 1736 1525 δια-

175 1568 357 1635 ϐῆναι·
396 1568 618 1619 ἀπειλαὶ
645 1568 704 1619 δὲ
747 1569 839 1619 καὶ
867 1567 1131 1636 τιμωρίαι
1166 1566 1261 1618 καὶ
1307 1566 1550 1634 βάσανοι,
1596 1564 1740 1626 τινος

172 1659 228 1709 οὗ
260 1658 631 1728 ποθεινότεραί
662 1678 753 1727 μοι
780 1660 1063 1730 διατριϐῆς
1090 1659 1227 1713 κατὰ
1247 1660 1413 1722 πόδας
1441 1659 1742 1712 ἐπακολου·

177 1747 359 1801 θοῦντα
392 1751 483 1800 τὸν
513 1749 743 1803 θάνατον
779 1750 1021 1819 ἔχουσαι,
1053 1753 1201 1812 ὅστις
1230 1767 1296 1818 με
1327 1751 1435 1801 τῶν
1462 1750 1562 1817 τῆς
1600 1766 1736 1819 σαρ-

179 1842 264 1905 κὸς
293 1842 509 1908 δεσμῶν
548 1842 850 1906 ἀπολύσας,
883 1842 1087 1911 πέμψει
1113 1842 1248 1912 πρὸς
1288 1842 1357 1896 τὰ
1392 1841 1737 1912 ποθούμενα;

238 2112 327 2182 τῖ’.
360 2113 549 2168 Ταῦτα
599 2114 692 2168 τοῦ
745 2116 983 2187 μεγάλου
1043 2119 1142 2188 τὴν
1183 2117 1596 2188 ἀρχιερωσύνην
1652 2121 1747 2172 καὶ

177 2208 419 2275 μείζονος
448 2208 546 2277 τὴν
572 2208 800 2277 ἄθλησιν
837 2211 1093 2280 Ἀνθίμου
1128 2211 1513 2277 διεξελθόντος,
1543 2212 1570 2263 ὁ
1596 2210 1750 2281 βασι-

174 2300 289 2363 λεύς
312 2317 323 2330 ·
370 2301 578 2369 Μακρά
612 2302 786 2355 ταῦτα
825 2303 1080 2373 φλυαρία·
1116 2303 1235 2371 ὄψει
1288 2304 1341 2356 δὲ
1374 2304 1517 2371 μετὰ
1552 2304 1747 2369 ταῦτα,

176 2394 305 2461 πρὸς
339 2394 533 2446 ἑαυτὸν
569 2394 982 2462 ὑποψιθυρίσας,
1010 2395 1244 2452 κελεύει,
1276 2392 1443 2455 λίθοις
1470 2393 1634 2445 αὑτοῦ
1658 2395 1751 2446 τὸν

173 2487 392 2537 τένοντα
424 2485 745 2537 τύπτεσθαι.
785 2484 843 2537 ’0
868 2485 924 2537 δὲ
973 2484 1164 2555 ὥσπερ
1217 2485 1479 2555 ἀπαρχὴν
1505 2486 1606 2556 ἠδη
1638 2486 1750 2539 τῶν

174 2575 254 2625 διά
286 2573 527 2642 Χριστοῦ
558 2572 734 2627 άῦλων
764 2575 1136 2645 πεποιημένος
1163 2576 1257 2630 καὶ
1285 2577 1384 2649 τὴν
1410 2574 1518 2629 τῶν
1551 2578 1754 2646 στεφά-

175 2684 275 2719 νων
320 2664 621 2734 λαμϐάνων
683 2665 963 2731 ὑπόθεσιν,
1011 2669 1203 2738 πράως
1235 2687 1293 2720 τε
1327 2669 1425 2731 τὰς
1471 2671 1755 2741 παρούσας

178 2759 385 2826 πληγάς
428 2758 642 2828 ἐδέχετο
696 2760 789 2811 καὶ
819 2762 1229 2831 ὲπιπνινωτέρας
1263 2762 1469 2831 ἐζήτει,
1500 2762 1755 2835 λαμπρο-

176 2852 348 2919 τέρων
376 2853 561 2917 τυχεῖν
594 2850 688 2902 καὶ
708 2850 814 2903 τῶν
840 2851 1091 2904 ἐπάθλων
1119 2854 1403 2924 ἐπιθυμῶν
1426 2872 1440 2885 ·
1480 2858 1572 2909 καὶ
1596 2856 1756 2913 τοῦτο

178 2940 276 3006 μὲν
317 2940 717 3007 ἐπιχλευάζων,
751 2942 843 2991 καὶ
865 2942 1065 2994 ὡσανεὶ
1100 2945 1189 2995 τὸν
1224 2945 1489 3016 τύραννον
1534 2947 1756 3003 διαπαί-

180 3031 307 3091 ζων,
340 3030 573 3082 τοῦτοδὲ
593 3033 658 3101 τῇ
679 3031 773 3101 τῆς
796 3034 987 3100 μανίας
1016 3033 1174 3104 φλογὶ
1206 3026 1409 3104 σφόδρα
1439 3042 1754 3094 κατακαίων

1768 1796 1814 1854 Β

1830 551 1974 621 quod
2010 566 2096 606 me
2122 565 2337 619 quoque
2367 549 2537 619 ipsum
2572 548 2804 618 sperasti
2833 545 3203 614 abrepturum.
3238 554 3402 596 etme

1831 645 1899 696 ab
1924 644 2168 697 omnium
2194 642 2453 697 Creatore
2499 642 2884 705 abducturum,
2943 639 3035 707 qui
3084 646 3135 689 te
3186 633 3401 705 quoque

1832 740 2103 808 ingratum
2158 740 2593 808 tigmentumsna
2634 734 2921 791 honoravit
2978 732 3233 799 imagine.
3290 729 3402 785 Cur

1831 832 1975 885 enim
2007 845 2094 884 me
2126 830 2364 884 vinctum
2401 828 2466 882 ad
2500 836 2652 881 tuum
2687 823 2929 879 tribunal
2979 818 3307 890 produxisti.
3351 824 3408 870 et

1834 934 2232 979 tormentorum
2273 923 2635 978 instrumenta
2670 919 2806 973 meis
2842 916 3020 971 oculis
3072 910 3407 981 sttbjecisti?

1834 1017 1969 1071 Num
2003 1017 2208 1071 clarum
2240 1026 2321 1070 est
2366 1025 2416 1070 te
2460 1016 2512 1068 id
2560 1014 2775 1071 fecisse.
2810 1017 2869 1061 ut
2900 1021 2985 1060 me
3019 1001 3406 1072 obstupeface-

1835 1126 1943 1174 res,
1975 1121 2029 1164 et
2064 1111 2146 1164 vel
2176 1107 2398 1163 omnino
2454 1106 2833 1177 persuaderes,
2878 1100 2961 1154 vel
2999 1098 3105 1151 vim
3139 1093 3407 1149 all‘erres?

1833 1204 2057 1273 Oportet
2084 1203 2196 1256 haec
2226 1202 2501 1269 aliquibus
2524 1200 2647 1253 aliis
2676 1210 3005 1268 proponere,
3034 1192 3123 1261 qui
3161 1196 3288 1245 sunt
3323 1187 3409 1241 ni—

1837 1297 1937 1351 tnis
1966 1296 2142 1366 pusrlli
2168 1307 2221 1349 et
2244 1295 2439 1364 abjecti
2482 1293 2672 1354 animi,
2708 1300 2761 1345 et
2794 1290 2993 1358 quibus
3028 1287 3142 1340 haec
3169 1297 3413 1352 praesens

1835 1390 1945 1444 vita
1977 1398 2060 1445 est.
2086 1388 2369 1457 voluptati.
2401 1395 2455 1439 et
2488 1384 2579 1456 qui
2627 1385 2923 1439 maximum
2960 1380 3173 1434 ducunt
3203 1375 3413 1443 suppli-

1840 1483 1984 1535 cium
2020 1496 2083 1534 (ιιι
2118 1480 2344 1549 privari.
2376 1478 2509 1533 Nam
2543 1493 2627 1532 me
2657 1477 2759 1530 hoc
2795 1489 2826 1529 e
2860 1472 2971 1527 luto
3004 1483 3203 1538 corpus
3240 1465 3412 1521 conti-

1844 1584 1934 1627 net
1960 1574 2150 1642 quovis
2195 1585 2414 1625 carcere
2442 1568 2688 1639 gravius,
2745 1566 2891 1637 quod
2949 1563 3080 1619 mihi
3130 1577 3234 1615 non
3271 1560 3416 1615 sinat

1846 1667 2078 1720 animam
2105 1666 2339 1719 transire
2378 1664 2444 1717 ad
2474 1663 2752 1716 dilectum.
2787 1660 2942 1714 Minz
2967 1661 3175 1720 autem,
3205 1651 3414 1723 supplic

1848 1760 1928 1811 cia
1956 1769 2010 1812 et
2035 1765 2326 1821 tormenta,
2356 1754 2677 1826 quibusnam
2710 1750 2919 1806 deliciis
2966 1764 3071 1801 non
3124 1755 3250 1798 sunt
3284 1742 3425 1797 mihi

1840 1850 2181 1919 jucundiora,
2215 1866 2335 1919 qua:
2378 1848 2578 1903 habent
2627 1855 2855 1902 mortem
2884 1857 2914 1897 e
2947 1840 3172 1911 vestigio
3218 1851 3413 1893 conse-

1842 1954 2121 2012 quentem,
2166 1956 2285 2011 quae
2322 1956 2444 1995 cum
2480 1955 2565 1994 me
2592 1956 2618 1993 a
2660 1938 2844 1992 carnis
2883 1932 3133 1989 liberarit
3164 1928 3415 1988 vinculis.

1846 2037 2020 2090 mittet
2058 2037 2124 2091 ad
2164 2050 2226 2089 ea
2255 2049 2371 2102 quae
2398 2032 2693 2088 desidem?

1922 2123 2003 2179 VI.
2045 2124 2165 2179 Haec
2188 2139 2309 2178 cum
2342 2122 2648 2179 sacerdotio
2674 2135 2921 2192 magnus.
2958 2126 3016 2173 et
3050 2115 3419 2172 decertatione

1849 2217 2024 2285 maior
2080 2216 2372 2271 Antbimus
2439 2214 2810 2277 disseruisset,
2859 2211 2998 2267 dixit
3059 2211 3417 2279 imperator:

1850 2309 1988 2364 Sunt
2021 2311 2135 2364 l1ch
2182 2308 2399 2378 quidem
2437 2307 2662 2377 prolixa:
2693 2319 2850 2374 nugae
2906 2320 2922 2357 :
2976 2302 3183 2359 videbis
3215 2310 3421 2353 autem.

1850 2401 1984 2455 Cum
2034 2415 2162 2454 vero
2214 2401 2354 2470 apud
2398 2414 2457 2455 se
2525 2400 3046 2459 submurmurasset,
3098 2393 3252 2463 jubet
3304 2390 3426 2460 ejus

1851 2494 2115 2548 cervicem
2131 2493 2402 2547 verberari
2425 2490 2822 2560 lapidibus.llle
2844 2499 3022 2541 autem
3043 2484 3424 2554 tanquamjam

1854 2587 2155 2655 suscipiens
2202 2584 2465 2655 primitias
2508 2583 2871 2638 certaminum
2904 2592 3124 2648 propter
3147 2578 3428 2632 Christum

1855 2666 1915 2737 et:
1927 2677 2333 2735 fundamentum
2352 2677 2624 2747 accipiens
2645 2671 3200 2742 coronarum,placide
3220 2669 3430 2737 accepit

1858 2781 2151 2841 praesentes
2191 2772 2396 2837 plagas,
2435 2780 2491 2824 et
2523 2770 2774 2838 cupiebat
2821 2767 3071 2835 act-ipere
3125 2764 3426 2834 graviores,

1856 2862 2172 2918 desiderans
2197 2861 2456 2931 consequi
2485 2862 2707 2932 praemia
2740 2858 3105 2929 praeclariora.
3134 2857 3196 2909 Et
3228 2856 3428 2923 parum

1857 2956 2071 3027 quidem
2134 2955 2383 3021 irridens,
2418 2963 2473 3008 et.
2532 2964 2819 3026 tyrannum
2888 2949 3052 3005 veluti
3121 2948 3429 3014 ludilicans,

1859 3048 2053 3116 partim
2092 3057 2271 3100 autem
2304 3044 2517 3098 ﬂamma
2552 3044 2773 3098 insanire
2806 3043 3046 3095 animum
3079 3039 3197 3109 ejus
3229 3051 3431 3093 accen-

178 3124 341 3176 αὑιοῦ
373 3124 473 3193 τὴν
506 3123 684 3194 ψυχὴν
707 3126 800 3177 καὶ
827 3125 1013 3198 ὥσπερ
1042 3128 1123 3192 εἰς
1151 3128 1535 3201 άλγεινοτέρας
1573 3132 1755 3204 πολλῷ

1861 3141 2014 3201 dens,
2046 3148 2098 3191 et
2129 3140 2195 3192 ad
2227 3140 2434 3207 majora
2467 3147 2520 3189 ct
2558 3137 2805 3207 graviora
2841 3134 3063 3187 irritatus
3104 3131 3367 3198 supplicia
3409 3148 3423 3182 :

184 3233 271 3267 και
307 3217 567 3283 μείζονας
593 3218 841 3281 κολάσεις
873 3221 1185 3290 διερεθίζων
1207 3239 1220 3253 ·
1277 3223 1424 3289 Θεοὶ,
1462 3226 1755 3298 ἐπέφερεν,

176 3312 223 3362 οἵ
260 3312 353 3365 τὸν
392 3314 625 3380 οὐρανὸν
688 3316 780 3366 καὶ
814 3315 912 3385 τὴν
947 3318 1047 3383 γῆν
1092 3318 1191 3371 οὐκ
1243 3320 1530 3391 ἐποίησαν,
1566 3323 1765 3380 ἀπολι-

179 3403 419 3457 σθωσαν.
461 3406 639 3473 Ὅπερ
670 3406 843 3474 μέσης
888 3408 1059 3478 αὐτῆς
1108 3411 1437 3482 Μαξιμιανῴ
1468 3416 1759 3470 καθικνού-

179 3512 343 3563 μενον
377 3499 480 3566 τῆς
510 3498 754 3566 καρδίας,
780 3500 1038 3569 περόναις
1078 3502 1297 3572 σιδήρου
1335 3507 1762 3576 πεπυρωμέναις

177 3591 302 3652 τοὺς
366 3588 464 3641 τοῦ
526 3590 805 3661 μάρτυρος
840 3591 1117 3662 διέπειρεν
1147 3596 1548 3663 ἀστραγάλους,
1596 3599 1675 3670 τῷ
1702 3601 1762 3655 δὲ

180 3682 389 3750 σφόδρα
413 3698 471 3733 τε
506 3681 627 3734 καθ’
657 3683 852 3754 ἡδονὴν
887 3686 919 3754 ή
970 3684 1199 3755 βάσανος
1231 3682 1320 3760 ἦν,
1353 3683 1444 3744 οἷα
1471 3691 1535 3759 δὴ
1561 3694 1765 3764 τυγχά-

178 3790 321 3824 νοντι
356 3766 434 3825 ὧν
495 3774 762 3844 ἐπεθύμει
797 3778 882 3829 διὰ
927 3779 1165 3847 Χριστὸν
1221 3782 1318 3836 καὶ
1369 3784 1569 3855 μικροῦ
1605 3787 1765 3855 χάριν

178 3862 295 3933 ῄδιι
322 3862 697 3931 Μαξιμιανῷ·
732 3864 909 3929 οὕτως
944 3868 1206 3940 Ἀνθιμος
1245 3872 1322 3941 τῷ
1354 3874 1573 3943 Χριστῷ
1606 3876 1765 3944 ὲδίψα

176 3952 535 4021 χαρίζεσθαι.
564 3954 907 4026 Μαξιμιανδς
938 3960 1117 4012 τοίνυν
1150 3962 1292 4015 κατὰ
1331 3962 1532 4033 πολλὴν
1581 3966 1767 4019 ἄδειαν

175 4048 583 4111 ενεξουσιάζων
613 4053 734 4114 ταῖς
780 4050 1073 4122 τιμωρίαις
1106 4053 1201 4107 καὶ
1240 4054 1302 4107 τὸ
1356 4055 1450 4110 τοῦ
1489 4057 1768 4127 μάρτυρος

176 4142 434 4204 γενναῖον
460 4139 539 4210 τῷ
570 4142 830 4213 αὐστηρῴ
855 4142 962 4196 τῶν
989 4144 1265 4201 κολάσεων
1291 4146 1514 4217 νικῆσαι
1536 4146 1770 4216 φιλονει-

176 4230 315 4294 κῶν,
349 4232 629 4299 ὄστρακον
665 4234 992 4302 προστάττει
1027 4236 1104 4308 τῷ
1135 4237 1322 4308 ὲδάιρει
1344 4238 1765 4310 διαστρωθῆναιο

173 4319 298 4376 εἶτα
335 4324 554 4393 γυμνὸν
593 4324 742 4393 αὗτῷ
799 4328 1126 4382 ὲπιταθέντα
1147 4330 1239 4383 τὸν
1278 4331 1519 4403 ἀθλητὴν
1551 4333 1768 4405 ῥάϐδοις

178 4416 554 4485 σφοδρότερον
584 4416 906 4483 τύπτεσθαι,
933 4419 1007 4481 ὡς
1043 4421 1108 4474 ἂν
1136 4423 1297 4494 διπλῇ
1334 4422 1403 4478 τὰ
1444 4424 1545 4495 τῆς
1575 4427 1769 4497 ὀδύνης

1865 3233 1968 3298 Dii,
2018 3232 2215 3298 aiebat,
2255 3234 2348 3303 qui
2406 3230 2601 3287 cretum
2649 3238 2705 3284 et
2751 3238 2951 3281 terram
3007 3241 3112 3280 non
3162 3223 3431 3286 fecerunt.

1862 3336 2108 3399 pereant.
2141 3325 2295 3392 Quod
2327 3324 2543 3394 quidem
2571 3336 2691 3375 cum
2721 3317 3034 3372 Maximiani
3066 3331 3161 3369 cor
3195 3314 3438 3368 medium

1864 3429 2223 3489 penetrasset,
2248 3416 2439 3472 ferreis
2461 3411 2817 3469 candentibus
2844 3409 3022 3465 ﬁbulis
3045 3407 3183 3462 talos
3215 3404 3438 3461 transii-

1864 3516 1943 3567 xit
1977 3511 2244 3580 martyris.
2310 3508 2387 3563 Illi
2449 3516 2627 3561 autem
2690 3512 3017 3559 tormentum
3072 3509 3190 3556 erat
3230 3510 3440 3565 magnae

1866 3603 2149 3672 voluptati,
2182 3610 2240 3655 ut
2274 3602 2364 3669 qui
2399 3616 2462 3652 ea
2494 3606 2898 3665 assequeretur,
2935 3608 3053 3661 qua:
3089 3590 3439 3647 desiderabat

1863 3704 2084 3766 propter
2117 3692 2413 3756 Christum,
2439 3698 2493 3743 et
2524 3685 2853 3741 Maximiano
2886 3682 3274 3754 propemodum
3308 3691 3433 3743 age-

1866 3790 1960 3844 bat
2011 3789 2214 3857 gratias
2274 3795 2491 3854 propter
2543 3779 2804 3849 supplicia
2852 3776 3037 3832 :adeo
3092 3770 3441 3828 desiderabat

1867 3881 2156 3934 Antltimtts
2209 3877 2432 3931 Christo
2494 3873 2809 3942 gratiﬁcari.
2868 3867 3230 3922 Maximianus
3286 3876 3440 3931 ergo,

1864 3972 1959 4041 qui
1992 3971 2160 4026 libere
2215 3970 2267 4023 in
2320 3966 2601 4021 tormentis
2655 3978 2807 4017 suam
2864 3959 3157 4016 exercebat
3207 3964 3444 4026 potesta-

1871 4073 1975 4118 tem
2000 4103 2013 4128 ,
2070 4069 2124 4115 et
2157 4059 2409 4126 martyris
2444 4070 2759 4125 generosum
2808 4052 3049 4104 animum
3084 4044 3443 4101 cantendebat

1870 4169 2128 4225 superare
2214 4150 2511 4206 acerbitate
2585 4147 2995 4216 suppliciorum,
3074 4143 3227 4212 jubet
3285 4138 3438 4194 testis

1871 4248 2044 4305 solum
2092 4244 2367 4301 consterni
2403 4262 2416 4297 :
2451 4241 2645 4296 deinde
2693 4238 2743 4293 ei
2787 4239 2985 4291 nudtttu
3039 4233 3295 4288 athletam
3336 4230 3440 4284 im-

1872 4342 2124 4412 positum,
2158 4339 2321 4408 virgis
2352 4336 2487 4390 caedi
2520 4333 2889 4387 vehementius
2918 4347 2931 4383 :
2968 4340 3024 4381 ut
3050 4328 3247 4396 duplex
3281 4323 3442 4378 dolor

1874 4436 1941 4490 ad
1970 4433 2087 4503 ejus
2114 4437 2457 4503 permanaret
2502 4431 2764 4489 animum,
2801 4435 2993 4489 nempe
3022 4430 3076 4473 et
3109 4430 3345 4486 superne
3375 4429 3444 4468 ex

175 4512 332 4576 αὐτῷ
358 4512 457 4562 ἐπὶ
484 4510 587 4578 τὴν
612 4511 791 4583 ψυχὴν
821 4515 1137 4586 καταρῤἐοι,
1162 4520 1280 4580 ταῖς
1308 4519 1371 4571 ἐκ
1405 4520 1515 4574 τῶν
1554 4522 1767 4593 ῥάϐδων

1877 4527 2149 4593 virgarum
2182 4520 2520 4582 verberibus,
2557 4527 2610 4572 et
2644 4514 2853 4568 inferne
2885 4526 2950 4566 ex
2990 4517 3249 4565 testarum
3281 4506 3445 4559 .duri-

176 4620 236 4656 τε
273 4603 523 4673 πληγαῖς
567 4601 776 4657 ἀνωθεν
812 4607 907 4659 καὶ
947 4610 1014 4677 τῇ
1060 4608 1306 4663 κάτωθεν
1350 4611 1459 4665 τῶν
1486 4614 1770 4684 ὀστράκων

177 4694 513 4766 ἀντιτυπία.
552 4690 612 4745 Ὀ
635 4693 712 4756 δὲ,
745 4696 879 4762 μηδὲ
903 4696 1133 4751 ἐνταῦθα
1162 4700 1261 4772 τὴν
1289 4700 1445 4775 νίκην
1475 4706 1767 4772 ἀπογνοὺς,

178 4788 345 4839 ταυτὶ
384 4787 558 4856 ἐπῇδε
617 4788 684 4840 τά
717 4788 969 4857 ῥήματα·
1007 4791 1328 4862 Εὒχαριστῶ
1385 4812 1488 4860 σοι,
1521 4798 1771 4853 Δέσποτα

180 4884 278 4932 καί
307 4879 551 4932 Βασιλεῧ
576 4881 682 4933 τῶν
706 4881 939 4945 αἰώνων,
970 4885 1052 4938 ὅτι
1079 4887 1423 4954 περιέζωσάς
1448 4908 1512 4960 με
1536 4892 1772 4962 δύναμιν

182 4976 240 5038 εξ
269 4972 448 5042 ὖφους
472 4973 568 5024 καὶ
592 4974 716 5037 τοὺς
743 4972 968 5044 ἐχθρούς
994 4996 1093 5046 μου
1120 4979 1325 5043 ἔδωκάς
1353 4999 1441 5050 μοι
1464 4984 1653 5049 νῶτον,
1683 4985 1779 5038 καὶ

183 5068 315 5127 τοὺς
356 5062 663 5136 μισοῦντάς
713 5083 777 5137 με
820 5067 1254 5138 ὲξωλόθρευσας,
1297 5075 1390 5127 καὶ
1428 5077 1778 5141 σννεπόδισας

186 5162 408 5222 πάντας
422 5157 568 5221 ,τοὺς
596 5159 1060 5231 ἐπανισταμένους
1092 5164 1179 5216 ἐπ’
1223 5167 1324 5234 ἐμὲ
1355 5166 1612 5219 ὑποκάτω
1653 5187 1777 5237 μου.

260 5253 341 5304 Ζ’.
366 5252 540 5320 “Ant
581 5249 668 5319 ἐφ’
700 5250 865 5322 ἕτερα
888 5255 979 5307 καὶ
1003 5254 1166 5307 πάλιν
1199 5258 1226 5309 ὁ
1254 5258 1599 5329 Μαξιμιανὴς
1643 5262 1780 5330 ὲχώ-

188 5361 298 5413 ρει,
334 5342 438 5394 καὶ
470 5344 682 5411 χαλκάς
706 5344 833 5413 περὶ
858 5348 1120 5416 κνημίδας
1148 5349 1563 5419 ὲκπυρωθείσας
1595 5355 1785 5407 ὑποδε-

186 5436 355 5500 θῆναι
403 5435 739 5502 προστάττει
768 5435 846 5504 τῷ
881 5439 1139 5509 μάρτυρι.
1180 5440 1358 5511 Ὅπερ
1404 5440 1517 5507 οὖν,
1546 5445 1622 5507 ὡς
1658 5446 1784 5498 ἐκέ-

182 5530 379 5595 leuare,
425 5529 652 5597 γεγονὸς
683 5531 779 5583 καὶ
810 5530 917 5584 τῶν
951 5549 1237 5601 μακαρτων
1268 5535 1493 5589 ἐκείνων
1524 5540 1699 5592 ποδων
1728 5539 1786 5592 τὸ

181 5625 571 5692 σιροδρὸτστον
599 5622 665 5692 δὴ
696 5623 855 5675 τοῦτο
887 5627 977 5678 καὶ
1005 5628 1082 5689 είς
1111 5628 1303 5699 ὀδύνης
1330 5630 1485 5699 λόγον
1509 5632 1782 5702 ἀφορητό-

182 5734 358 5769 τοτον
404 5724 499 5782 τάς
566 5718 976 5786 πεπυρωμένοις
1030 5721 1293 5791 κνημίδας
1341 5723 1780 5793 άρμωσαμένων,

181 5813 314 5867 θεία
358 5833 435 5879 τις
476 5811 793 5884 ἇνιοθεντῷ
848 5816 1077 5881 γενναίῳ
1132 5818 1288 5885 vim;
1350 5819 1643 5887 ἐφίπταται
1698 5821 1790 5875 καὶ

1881 4620 1970 4674 tie.
1999 4618 2088 4672 Ille
2114 4624 2291 4671 autem
2319 4629 2385 4668 ne
2419 4622 2545 4665 tunc
2575 4611 2789 4679 quidem
2818 4606 3115 4675 desperans
3143 4600 3447 4659 victoriam,

1881 4711 2132 4765 cantabat
2184 4710 2296 4763 haec
2328 4708 2488 4762 verba
2526 4722 2541 4762 :
2574 4707 2683 4773 Ago
2720 4700 2811 4754 tibi
2861 4697 3084 4768 gratias,
3118 4695 3343 4747 Domine
3393 4701 3455 4746 et

1883 4804 1995 4858 Rex
2045 4803 2387 4864 saeculorum,
2418 4797 2563 4868 quod
2602 4810 2685 4847 me
2719 4791 2940 4847 cinxisti
2976 4788 3175 4842 virtute
3209 4798 3271 4839 ex
3314 4782 3447 4845 alto.

1877 4910 1931 4954 et
1960 4899 2211 4952 inimicos
2245 4909 2390 4949 meos
2426 4889 2623 4945 dedisti
2673 4888 2802 4943 mihi
2835 4887 3057 4941 dorsum
3096 4901 3108 4935 ε
3142 4892 3195 4935 et
3232 4893 3325 4933 eos
3355 4877 3451 4947 qui

1879 5010 1963 5047 me
1992 4992 2216 5045 oderant
2255 4982 2630 5042 exterminasti
2664 5000 2676 5034 :
2710 4991 2765 5035 et
2798 4993 3011 5041 omnes,
3043 4974 3135 5043 qui
3188 4973 3452 5027 adversas

1880 5102 1965 5141 tne
1992 5082 2361 5152 insurgebaut,
2391 5078 2580 5131 subter
2615 5090 2703 5129 me
2735 5067 3117 5142 supplantasti.

1963 5264 2071 5318 νη.
2108 5262 2213 5318 Sed
2255 5260 2611 5314 Maximianus
2663 5268 2853 5309 rursus
2904 5248 3169 5323 processit
3221 5249 3286 5301 ad
3328 5246 3457 5311 alia,

1887 5367 1938 5411 et
1988 5370 2134 5408 aenea
2188 5350 2475 5405 candentia
2513 5346 2715 5400 tibialia
2755 5345 2915 5413 jubet
2939 5340 3146 5408 alligari
3209 5340 3455 5407 martyri.

1888 5449 2040 5516 Quod
2076 5446 2293 5516 quidem
2330 5459 2448 5495 cum
2495 5439 2695 5493 factum
2737 5444 2908 5498 esset,
2944 5435 3084 5487 sicut
3113 5432 3371 5501 jusserat,
3403 5441 3460 5481 et

1892 5542 2064 5595 beatis
2095 5538 2199 5590 illis
2236 5538 2480 5605 pedibus,
2519 5532 2661 5602 qttod
2697 5540 2779 5583 est
2813 5524 3373 5585 veltementissinnun,
3406 5532 3461 5574 et

1894 5633 1958 5687 ad
2007 5627 2213 5683 doloris
2247 5626 2510 5679 ratiOnetn
2567 5620 2801 5675 maxime
2837 5616 3259 5677 intolerandum,
3296 5613 3462 5680 ignita

1894 5721 2097 5777 tibialia
2147 5719 2377 5773 fuissent
2430 5714 2719 5784 applicata,
2755 5711 2938 5765 divina
2995 5706 3239 5777 quaedam
3288 5704 3460 5771 gratia

1894 5817 1957 5871 ad
2006 5828 2323 5885 generosum
2378 5810 2529 5865 illum
2584 5807 2754 5861 virum
2806 5804 3035 5869 desuper
3086 5796 3356 5853 advolat:
3406 5804 3462 5849 et
