4196 6306
798 341 899 402 1³19

2091 323 2371 387 MENSiS
2414 324 2745 386 APRlLlS.
3927 334 4014 398 130

789 457 938 510 illinc
966 453 1116 510 audit
1147 466 1337 507 vocem
1365 465 1490 506 eum
1523 449 1692 517 magis
1723 445 2090 506 roborantem,
2118 449 2170 493 ct
2199 451 2347 505 spon-

2465 436 2649 506 φωνῆς
2680 437 2891 491 ἐκεῖθεν
2912 437 3004 490 ἐπὶ
3028 438 3229 508 μᾶλλον
3257 440 3418 494 αὑτὸν
3442 441 3794 514 ἐνισχυούσης
3821 444 4014 514 ἀκούει,

785 552 1003 602 dentem
1067 545 1372 606 victoriam,
1435 552 1488 596 et
1549 538 1767 610 praemia
1829 535 2252 606 promittentem,
2305 539 2359 582 et

789 655 911 694 mox
970 654 1186 693 manum
1247 636 1572 706 praebentem
1623 648 1746 703 quae
1789 631 2028 698 imponat
2073 638 2353 679 coronam.

789 733 900 787 Vox
934 743 1116 787 autem
1151 732 1268 802 ejus
1299 731 1535 784 animum
1573 724 1843 781 convertit
1882 721 1947 775 ad
1987 717 2357 787 tranquillita-

785 832 916 891 tem,
969 835 1019 880 et
1069 824 1185 890 ejus
1237 824 1439 877 vultum
1508 819 1741 874 reddidit
1798 814 2141 872 alacriorcm.
2192 808 2360 861 Porro

785 931 968 973 autem
1024 915 1293 984 jucundus
1345 930 1560 985 quoque
1594 912 1813 983 quidam
1863 907 2112 964 subrisus
2163 902 2361 958 insidet

785 1011 902 1077 ejus
959 1009 1145 1070 labris,
1182 1008 1498 1075 significans
1535 1007 1800 1056 internam
1835 1000 2015 1054 cordis
2051 992 2358 1064 tranquilli-

785 1106 970 1155 tatem.
1005 1096 1130 1151 Haec
1160 1111 1291 1167 ergo
1325 1096 1510 1150 videns
1544 1093 1924 1154 Maximianus,
1957 1088 2206 1158 stupebat
2235 1085 2356 1152 qui-

784 1195 928 1250 dem,
975 1199 1032 1243 ut
1063 1197 1187 1244 erat
1231 1199 1652 1242 consentaneum
1715 1183 1921 1253 (quidni
1971 1182 2111 1235 enim
2171 1187 2356 1245 stupe-

783 1280 954 1349 reti):
995 1280 1070 1334 rei
1101 1291 1279 1335 tamen
1318 1281 1727 1345 d'etrahebat,et
1753 1292 1869 1332 eam
1896 1274 2121 1328 vocabat
2149 1272 2357 1341 praesti-

782 1376 915 1441 Βίας,
948 1383 1002 1427 et
1034 1373 1482 1435 incantationem,
1516 1380 1568 1424 et
1609 1369 1830 1438 rogabat
1886 1381 2130 1422 causam.
2162 1363 2352 1418 Justus

781 1474 988 1531 autem,
1023 1465 1183 1528 Sunt,
1224 1465 1418 1534 inquit,
1459 1464 1590 1517 mihi
1627 1461 1936 1533 praesentia,
1969 1476 2002 1514 ο
2031 1461 2352 1528 imperator,

782 1561 919 1612 bona
955 1561 1176 1626 praemia
1213 1568 1268 1612 et
1299 1570 1444 1612 certa
1481 1556 1767 1625 promissio
1820 1555 2146 1608 futurorum.
2198 1549 2353 1604 Brevi

783 1649 928 1701 enim
982 1650 1298 1703 convincam
1343 1659 1391 1703 le
1424 1649 1624 1702 frustra
1658 1661 1777 1702 esse
1829 1647 2089 1708 uitatum,
2121 1650 2176 1696 et
2205 1641 2352 1702 deos,

784 1756 922 1800 quos
984 1743 1247 1804 nominas,
1309 1743 1589 1795 ostendam
1656 1753 1777 1792 esse
1842 1733 2092 1790 humanis
2151 1732 2354 1785 viribus

785 1835 937 1903 longe
967 1833 1372 1896 imbecilliores,
1398 1833 1530 1885 adeo
1559 1842 1614 1884 ut
1644 1840 1692 1885 te
1718 1832 1789 1886 sit
1813 1830 2055 1885 subitura
2085 1828 2352 1896 paeniten-

782 1929 876 1989 tia,
901 1927 1042 1996 quod
1073 1927 1174 1980 mei
1206 1926 1396 1980 feceris
1425 1924 1714 1993 periculum
1736 1939 1751 1978 :
1772 1921 1982 1990 etquod
2007 1935 2109 1974 non
2139 1937 2165 1972 a
2201 1919 2355 1972 nobis

779 2021 938 2073 cilius
968 2020 1275 2080 recesseris,
1315 2035 1419 2072 non
1455 2019 1568 2073 leve
1603 2017 1680 2071 sis
1702 2020 1956 2071 damnum
1987 2014 2349 2080 judicatnrus.

857 2112 982 2168 Vlll.
1045 2113 1139 2167 His
1189 2114 1541 2167 vehementer
1601 2121 1905 2164 commotus
1972 2108 2349 2170 Maximianus,

769 2207 926 2275 jubet
961 2215 1252 2276 martyrem
1287 2214 1415 2258 rota:
1443 2203 1742 2272 alligatum,
1767 2201 2109 2254 continenter
2135 2200 2352 2266 quidem

779 2300 830 2350 in
861 2308 975 2351 rota
1011 2297 1236 2362 versari,
1266 2297 1406 2368 ignis
1432 2306 1609 2350 autem
1645 2293 1982 2362 lampadibus
2012 2290 2128 2358 ejus
2158 2304 2353 2344 carnes

777 2387 1022 2442 conSumi
1058 2398 1111 2441 et
1160 2387 1407 2455 eliquari.
1447 2386 1624 2454 Atque
1656 2383 1982 2438 Maximiano
2012 2381 2228 2452 quidem
2285 2379 2352 2433 ad

775 2479 1028 2534 eﬂ‘eclum
1071 2482 1252 2533 statim
1287 2479 1550 2534 deductus
1585 2477 1686 2532 fuit
1717 2477 1901 2545 jussus
1939 2494 1952 2530 :
1988 2485 2040 2530 et
2074 2475 2351 2545 lampades

779 2576 830 2626 in
867 2589 1027 2626 manu
1065 2574 1326 2628 habentes
1377 2571 1616 2637 lictores,
1643 2578 1995 2624 accesserunt
2029 2569 2093 2622 ad
2146 2579 2349 2637 tnarty-

779 2683 892 2721 rem
931 2667 1020 2737 qui
1075 2675 1192 2722 erat
1240 2675 1500 2720 extensus
1551 2664 1604 2717 in
1658 2671 1816 2728 rota,
1863 2662 2038 2730 ignem
2086 2661 2352 2728 spirantes

780 2763 954 2823 ignem
1011 2759 1277 2823 videntes,
1335 2758 1510 2828 ignem
1565 2755 1802 2810 ferentes
1852 2772 1865 2807 :
1907 2753 2105 2808 animis
2141 2753 2193 2807 in
2230 2769 2350 2806 emn

777 2850 1048 2903 flammam
1103 2849 1368 2919 spirantes
1422 2847 1736 2911 ferventius,
1771 2860 1934 2915 quam
1989 2843 2147 2913 ignis,
2189 2858 2348 2912 quem

779 2943 1048 2998 habebant
1080 2945 1130 2996 in
1167 2943 1436 3003 manibus,
1473 2955 1538 2994 ac
1571 2940 1956 3008 propemodum
1995 2938 2348 2999 arbitrantes,

775 3054 832 3090 se
864 3036 1122 3090 athletam
1158 3035 1400 3088 facturos
1449 3046 1575 3088 esse
1618 3040 1789 3085 totum
1826 3029 2159 3084 ﬂammeum.
2195 3027 2351 3082 Post-

2463 530 2557 580 καὶ
2610 529 2708 599 τὴν
2755 529 2910 599 νίκην
2940 531 3365 602 παρεγγυὼσης,
3425 538 3518 589 καὶ
3563 535 3632 588 τὰ
3689 537 3893 592 ἔπαθλα
3925 540 4016 592 ὑπ’

2465 624 2844 693 ισχνουμένης,
2879 625 2972 676 καὶ
2997 625 3120 677 ὅσον
3150 626 3361 680 οὐδέπω
3391 630 3548 698 χεῖρα
3585 629 3881 701 ὀρεγούσης
3913 649 4020 685 στε-

2463 717 2774 784 φανηφόρον
2799 733 2811 745 ·
2850 719 2943 770 καὶ
2976 721 3006 788 ἠ
3038 720 3189 791 φωνὴ
3223 737 3358 791 προς
3390 723 3449 774 τὸ
3477 723 3841 794 εὐθυμότερον
3867 726 4017 779 αὐτοῦ

2460 807 2559 875 τὴν
2614 807 2792 877 ψυχὴν
2834 812 3158 879 μεταϐάλλει
3194 815 3289 867 καὶ
3343 815 3700 887 φαιδρότερον
3759 817 4020 887 διατίθησι

2461 899 2553 951 τοῦ
2581 901 2872 970 προσώπου
2897 903 2993 974 τὴν
3028 905 3176 975 ὤραν
3207 907 3296 959 καί
3331 924 3382 960 τι
3437 911 3530 960 καὶ
3559 909 3817 979 μειδίαμα
3848 909 4021 981 χαρίεν

2460 995 2570 1054 τοῖς
2607 994 2841 1058 χείλεσιν
2877 997 3142 1063 ἐφιςάνει,
3179 997 3276 1068 τὴν
3312 999 3459 1051 ἔνδον
3487 1001 3584 1067 τῆς
3609 1002 3840 1070 καρδίας
3863 1004 4020 1069 γαλή-

2459 1103 2555 1155 νην
2586 1086 2977 1156 ὑποσημαίνειν.
3017 1091 3205 1145 Ταῦτα
3264 1092 3355 1145 οὖν
3386 1094 3527 1162 δρῶν
3569 1095 3909 1165 Μαξιμιανδς
3947 1097 4023 1160 ἐξ·

2459 1182 2753 1248 επλήττετο
2789 1184 2888 1252 μὲν
2919 1184 3106 1255 ὥσπερ
3131 1186 3278 1249 εἰκὸς
3327 1188 3413 1257 (τί
3459 1190 3564 1258 γὰρ
3591 1191 3688 1242 οὐκ
3732 1191 4020 1261 ἔμελλεν;)

2458 1272 2670 1341 διέσυρε
2701 1275 2757 1328 δὲ
2782 1277 2929 1345 ὅμως
2955 1277 3014 1329 τὸ
3044 1282 3279 1349 πρᾶγμα
3309 1283 3402 1334 καὶ
3444 1283 3702 1351 γοητείαν
3724 1284 3906 1336 ἐκάλει
3938 1288 4022 1338 καὶ

2456 1367 2554 1433 τὴν
2577 1367 2754 1420 αἰτίαν
2785 1370 3138 1424 ἐπυνθάνετο.
3187 1373 3244 1426 Ὀ
3275 1373 3330 1425 δὲ
3365 1374 3578 1437 δίκαιος
3603 1390 3618 1406 ο
3653 1376 3882 1446 Χρηστά
3914 1395 4020 1444 μοι,

2457 1457 2584 1526 ἔφη,
2618 1461 2881 1530 προοίμια
2910 1463 2981 1515 τά
3010 1465 3277 1534 παρόντα,
3303 1461 3346 1518 ὢ
3379 1466 3621 1535 βασιλεῦ,
3665 1468 3758 1521 καὶ
3793 1468 4023 1538 ἀψευδὴς

2454 1551 2563 1601 τῶν
2595 1550 2896 1619 μελλόντων
2927 1553 3234 1620 ἐπαγγελία
3265 1571 3278 1584 ·
3313 1556 3573 1624 διελέγξω
3623 1557 3730 1626 γάρ
3761 1573 3820 1609 σε
3853 1562 4024 1626 μάτην

2456 1641 2866 1711 ἀναφυσόμενον
2913 1644 3016 1696 οὐκ
3051 1647 3134 1707 εἰς
3168 1647 3384 1715 μακρὰν
3420 1649 3514 1700 καὶ
3573 1647 3750 1710 θεοὺς,
3799 1646 3894 1710 οὓς
3920 1649 4024 1700 δνο-

2462 1733 2674 1798 μάζεις,
2699 1734 3123 1807 ἀσθενεστέρους
3151 1737 3330 1806 πολλῷ
3367 1738 3651 1807 δυνάμεως
3686 1741 4025 1812 ἀνθρωπίνης

2459 1828 2553 1879 καὶ
2583 1828 2781 1892 αὐτοὺς
2816 1829 3087 1895 ἐπιδείξω,
3120 1830 3196 1894 ὡς
3227 1831 3606 1902 μεταμελῆσαι
3643 1849 3724 1884 σοι
3770 1833 3869 1901 τῆς
3899 1832 4025 1899 παρ’

2458 1920 2559 1990 ἐμὲ
2585 1921 2779 1988 πείρας
2809 1923 2901 1974 καὶ
2923 1924 3057 1986 ὅλως
3079 1926 3159 1978 ὅτι
3188 1926 3261 1995 μὴ
3289 1924 3483 1980 θᾶττον
3505 1926 3660 1998 ἡμῶν
3684 1927 4024 1997 ἀπηλλάγης,

2459 2015 2662 2084 ζημίαν
2691 2016 2751 2066 οὺ
2784 2016 2881 2086 τὴν
2915 2017 3186 2086 τυχοῦσαν
3213 2023 3416 2086 κρῖναι.

2529 2107 2611 2160 ll'.
2645 2107 2867 2171 Τούτοις
2922 2109 3262 2178 ὁξυκινηθεὶς
3294 2111 3660 2179 Μαξιμιανὸς,
3691 2109 3902 2163 κελεύει
3937 2111 4032 2164 ἐπὶ

2457 2199 2651 2270 τροχοῦ
2681 2201 2770 2252 τὸν
2818 2200 3072 2271 μάρτυρα
3123 2203 3461 2268 διαδεθέντα,
3505 2205 3905 2275 συστρέφεσθαι
3933 2205 4031 2274 μὲν

2460 2293 2699 2363 συνεχῶς
2724 2294 2802 2363 τῷ
2825 2296 3026 2367 τροχῷ,
3067 2295 3318 2367 λαμπάσι
3364 2299 3533 2369 πυρὸς
3563 2300 3657 2362 τὰς
3692 2301 3900 2370 σάρκας
3931 2300 4033 2352 αὺ-

2455 2385 2549 2438 τοῦ
2599 2388 3076 2444 καταδαπανᾶσθαι
3129 2391 3224 2444 καὶ
3267 2391 3645 2462 διατήκεσθαι.
3704 2392 4036 2460 Μαξιμιανῷ

2459 2478 2559 2548 μὲν
2597 2474 2690 2532 οὖν
2730 2480 2946 2550 ἔργονή
2985 2483 3282 2551 πρόσταξις
3312 2480 3380 2554 ἦν
3413 2486 3508 2539 καὶ
3551 2483 3638 2538 διὰ
3667 2485 3848 2554 χειρὸς
3879 2483 4032 2553 ἔχον·

2456 2587 2545 2633 τες
2564 2573 2611 2624 οἱ
2638 2572 2818 2642 δήμιοι
2844 2575 2940 2637 τὰς
2963 2574 3598 2646 λαμπάδας,προσῄεσαν
3628 2581 3762 2631 κατὰ
3793 2577 3886 2630 τεοῦ
3909 2595 4041 2647 τρο-

2457 2665 2553 2735 χοῦ
2589 2667 2872 2736 τεταμένῳ
2901 2666 2979 2738 τῷ
3010 2669 3270 2738 μάρτυρι,
3291 2668 3403 2740 πῦρ
3423 2670 3695 2730 πνέοντες,
3729 2670 3838 2738 πῦρ
3860 2671 4034 2736 ὁρῶν⁴

2455 2779 2566 2825 τες,
2599 2761 2710 2830 πῦρ
2734 2764 3012 2830 φέροντες,
3056 2763 3234 2831 πολλῴ
3267 2765 3365 2825 τὰς
3393 2763 3572 2832 ψυχὰς
3601 2764 3690 2815 ἐπ’
3720 2764 3882 2815 αὑτὸν
3938 2764 4035 2815 τοῦ

2455 2857 2512 2906 ὲν
2541 2857 2702 2925 χερσὶ
2731 2855 2900 2924 πυρδς
2937 2855 3272 2925 θερμότερον
3307 2855 3542 2920 ζέοντες,
3587 2858 3812 2925 μονονοὺ
3858 2857 4039 2926 φλόγα

2455 2947 2543 2998 τὸν
2578 2945 2815 3015 ἀθλητὴν
2841 2945 3064 3014 ποιῆσαι
3091 2947 3352 3015 οἰόμενοι.
3390 2948 3474 3008 Ὠς
3499 2947 3553 3001 δὲ
3586 2947 3682 3019 ἤδη
3712 2947 3806 3000 τοῦ
3834 2949 4037 3018 τροχοῦ

2455 3039 2685 3108 πλησίον
2718 3035 2880 3110 ἦλθον
2925 3037 3003 3111 (ὦ
3059 3039 3384 3110 θαυμαστῆς
3415 3057 3509 3093 σου
3547 3042 3674 3110 περὶ
3710 3041 3800 3093 τὸν
3837 3041 4037 3114 ἄνδρα,

775 3145 936 3199 quam
985 3136 1163 3183 autem
1207 3127 1317 3198 jam
1354 3134 1620 3181 venerunt
1664 3139 1830 3194 prope
1863 3130 2056 3189 rotam,
2089 3122 2142 3192 (ο
2175 3121 2346 3174 admi-

2455 3130 2679 3200 Χριστὲ,
2707 3132 2994 3198 δυνάμεως
3017 3131 3063 3200 ι)
3096 3132 3226 3197 ἔστη
3260 3133 3358 3200 μὲν
3390 3132 3548 3195 εὐθυς
3571 3133 3779 3184 ἐκείνου
3810 3133 3910 3202 τῆς
3947 3151 4003 3184 κι
4025 3165 4038 3172 -

774 3223 995 3276 rabilcm
1045 3232 1211 3285 luam,
1252 3235 1284 3274 ο
1334 3219 1572 3285 Christe,
1631 3220 1686 3273 in
1753 3233 1873 3273 emn
1926 3215 2224 3281 virtutem),
2258 3213 2347 3268 illa

773 3318 993 3386 quidem
1029 3315 1289 3371 continuo
1321 3313 1525 3368 destitit
1571 3311 1777 3367 moveri
1813 3327 1826 3364 :
1870 3310 2098 3365 illivero
2149 3309 2351 3364 cadunt

774 3411 832 3462 in
885 3421 1107 3473 terram,
1153 3417 1208 3461 et
1262 3407 1434 3462 ﬂuunt
1491 3404 1768 3475 lampades
1814 3418 1844 3458 e
1897 3403 2165 3463 manibus,
2228 3414 2350 3468 quae

772 3505 976 3558 nullam
1037 3517 1224 3557 earum
1284 3515 1468 3553 curam
1532 3507 1724 3567 gerunt
1775 3516 1785 3550 :
1835 3505 1891 3549 et
1943 3495 2051 3563 jam
2105 3494 2348 3548 dimissae

775 3607 903 3652 sunt
929 3609 1128 3657 vacuae,
1153 3593 1312 3648 veluti
1337 3591 1569 3661 quodam
1593 3602 1791 3661 sopore
1811 3603 1903 3644 eas
1930 3588 2343 3657 torpefaciente.

774 3691 1002 3758 Propter
1063 3688 1179 3742 haec
1248 3687 1328 3741 ira
1397 3686 1640 3755 percitus
1711 3685 2041 3755 imperator,
2112 3690 2347 3735 tortores

769 3784 1137 3838 insectabatur
1223 3778 1567 3843 maledictis,
1620 3786 1673 3832 et
1725 3777 2119 3830 criminabatur
2200 3773 2344 3843 quod

764 3875 916 3938 jnssa
976 3871 1199 3942 exsequi
1249 3869 1602 3940 negligerent.
1649 3877 1703 3924 et
1755 3866 2105 3937 praesentium
2161 3879 2343 3919 rerum

770 3981 956 4021 curam
1004 3980 1219 4020 omnem
1253 3964 1573 4031 abjicerent.
1608 3961 1673 4015 Et
1703 3980 1716 4016 :
1753 3959 2058 4026 Quomodo,
2107 3959 2343 4022 dicebat,

769 4077 834 4118 eo
857 4059 1080 4113 venistis
1109 4058 1367 4119 audaciae,
1396 4064 1456 4109 ut
1475 4071 1572 4111 vos
1598 4062 1745 4109 tanta
1779 4051 2040 4108 invaserit
2069 4052 2342 4118 socordia,

767 4163 823 4207 et
855 4153 1013 4206 istum
1057 4157 1244 4204 nostro
1277 4149 1507 4218 imperio
1538 4147 1908 4218 pratuleritis,
1941 4145 2076 4200 adeo
2137 4156 2194 4200 ut
2245 4161 2343 4200 no-

766 4258 880 4302 stra
937 4245 1151 4312 quidem
1204 4243 1354 4311 jnssa
1416 4241 1745 4310 reliqueritis
1808 4241 2144 4308 imperfecta,
2193 4238 2340 4292 humi

767 4347 946 4392 autem
1001 4333 1382 4396 accubueritis,
1415 4342 1472 4386 ut
1505 4341 1560 4388 et
1595 4331 1890 4400 vobisipsis
1937 4329 2340 4400 gratilicemini,

765 4445 818 4486 et
851 4431 1035 4485 labore
1067 4428 1310 4484 defessos
1346 4426 1643 4483 recreetis?
1673 4425 1849 4490 Videt,
1882 4423 2339 4494 quemadmodum

2459 3228 2701 3293 νήσεως·
2759 3226 2808 3277 οἱ
2863 3224 2919 3276 δὲ
2963 3225 3103 3278 κατὰ
3139 3226 3242 3293 γῆς
3265 3225 3524 3278 πίπτουσι
3575 3227 3669 3278 καὶ
3700 3226 4039 3296 ὑπορρέουσι

2456 3319 2566 3371 τῶν
2599 3316 2801 3387 χειρῶν
2851 3319 2906 3370 αἱ
2953 3317 3236 3386 λαμπάδες
3262 3333 3276 3348 ·
3332 3317 3473 3370 αἰδὲ
3517 3319 3698 3386 χεῖρες
3737 3314 4041 3384 ἀμελοῦσιν

2458 3410 2638 3464 αὐτῶν
2675 3416 2768 3463 καὶ
2797 3410 2996 3480 ἔρημοι
3028 3410 3128 3480 ἤδη
3159 3413 3433 3479 ἀφεῖνται,
3467 3410 3655 3480 ὥσπερ
3691 3408 3860 3461 ὕπνου
3886 3409 4042 3472 τινος

2457 3505 2627 3568 αὑτὰς
2651 3502 3205 3574 καταρραθυμοῦντος
3265 3504 3389 3555 Ἐπὶ
3415 3503 3626 3566 τούτοις
3657 3503 3796 3572 ὀργὴ
3819 3504 4042 3573 λαμϐά-

2456 3615 2535 3652 νει
2565 3598 2655 3651 τὸν
2687 3597 2908 3668 βασιλέα
2935 3599 3028 3651 καὶ
3055 3598 3243 3655 κακῶς
3268 3597 3423 3662 ἔλεγε
3452 3597 3580 3657 τοὺς
3629 3596 3879 3665 δημίους,
3917 3597 4036 3648 ὀλι-

2456 3691 2665 3760 γωρίαν
2695 3709 2753 3743 τε
2790 3691 2974 3753 αὐτοῖς
2996 3690 3103 3742 τῶν
3127 3687 3477 3758 προστάξεων
3509 3687 3751 3739 ἐνεκάλει
3786 3689 3874 3738 καὶ
3895 3687 4043 3754 ἀμέ-

2455 3783 2605 3833 λειαν
2636 3780 2744 3833 τῶν
2786 3782 2842 3832 ἐν
2888 3780 3046 3852 χερσὶ
3099 3778 3400 3849 φροντίδων
3430 3777 3563 3832 καίε
3612 3778 3734 3840 Πῶς
3765 3781 3844 3841 εἰς
3873 3777 4042 3831 τοῦτο

2454 3873 2683 3944 τόλμης,
2742 3872 2951 3940 ἔλεγεν,
2992 3874 3148 3940 ὑμεῖς
3179 3870 3392 3942 ἤλθετε,
3432 3871 3512 3925 ὅτι
3569 3874 3662 3926 καὶ
3696 3873 3854 3934 δκνος
3887 3865 4042 3924 εἷλεν

2457 3967 2600 4032 ὑμᾶς
2632 3970 2727 4017 καὶ
2751 3963 2940 4016 τοῦτον
2969 3964 3063 4016 τοῦ
3089 3965 3358 4033 ἡμετέρου
3387 3965 3810 4031 προστάγματος
3839 3963 4040 4016 ἔθεσθε

2456 4057 2873 4126 προτιμότερον,
2908 4057 2982 4118 ὡς
3014 4056 3383 4126 ἡμιτελῆομεν
3422 4055 3491 4109 τὰ
3520 4055 3882 4126 ὲπιταχθέντα
3931 4073 4044 4108 κα-

2453 4151 2723 4216 ταλιπεῖν,
2765 4150 3158 4222 κατακλιθῆναι
3186 4150 3242 4205 δὲ
3281 4150 3358 4221 τῷ
3403 4151 3610 4218 ἐδάφει,
3653 4151 3739 4202 ἵνα
3777 4149 3868 4202 καὶ
3899 4151 4042 4204 ἑαυ-

2450 4249 2565 4307 τοῖς
2612 4263 2664 4297 τι
2703 4246 3004 4314 χαρίσησθε
3056 4246 3150 4297 καὶ
3202 4243 3582 4313 πεπονηκότας
3637 4242 3699 4293 ὲκ
3732 4241 3824 4293 τοῦ
3859 4243 4043 4295 κόπου

2451 4335 2885 4406 διαναπαύσητε;
2961 4336 3122 4407 Ὁρᾷς
3169 4333 3244 4396 ὡς
3296 4334 3417 4386 οὐδὲ
3466 4333 3756 4387 ἀναλαϐεῖν
3801 4335 4042 4396 ἑαυτοὺς

2449 4427 2703 4481 δύνανται
2754 4429 2873 4483 οὐδὲ
2928 4427 3236 4500 χρήσασθαι
3306 4431 3427 4492 ταῖς
3484 4429 3670 4498 χερσὶν
3727 4430 3806 4491 είς
3865 4427 4040 4490 δέον;

767 4539 834 4576 ne
863 4525 1074 4590 seipsos
1103 4521 1320 4590 quidem
1359 4519 1569 4588 possint
1603 4517 1912 4584 restituere,
1947 4531 2123 4588 neque
2159 4515 2335 4570 mani-

2450 4522 2657 4592 ἀγνοῶν
2681 4525 2708 4576 ό
2749 4524 3000 4593 μάταιος,
3034 4524 3116 4576 ὅτι
3162 4521 3284 4575 θεία
3312 4522 3542 4588 δύναμις
3583 4521 3808 4573 ἔσϐεσεν
3847 4522 4041 4574 αὐτῶν

761 4620 867 4671 bus
897 4617 970 4671 uti
1008 4616 1075 4670 ad
1097 4616 1147 4670 id
1171 4616 1311 4684 quod
1338 4625 1418 4671 est
1445 4627 1582 4680 opus
1618 4630 1632 4666 :
1665 4614 1758 4669 sed
1784 4613 2065 4685 ignorabat
2087 4611 2336 4679 stolidus,

764 4712 1004 4766 divinam
1061 4711 1343 4774 virtutem,
1402 4725 1510 4764 non
1573 4719 1752 4762 autem
1811 4709 2140 4772 socordiam,
2197 4707 2339 4762 vires

763 4822 950 4859 eorum
1007 4805 1354 4859 exstinxisse.
1418 4802 1495 4858 ΙΙΙί
1550 4811 1729 4856 autem
1781 4821 1792 4855 ε
1839 4800 1954 4854 Non
2008 4801 2080 4853 ita
2141 4815 2226 4854 res
2279 4817 2338 4855 se

763 4901 984 4966 habent,
1038 4915 1071 4953 ο
1119 4899 1430 4966 imperator,
1491 4898 1904 4967 responderunt,
1965 4909 2140 4963 neque
2201 4895 2336 4948 tardi

763 5008 950 5044 sumus
986 4993 1038 5045 in
1080 4991 1185 5047 luis
1208 4990 1376 5057 jussis
1409 4989 1808 5060 exsequendis:
1844 4988 2005 5051 absit,
2039 4997 2095 5043 ut
2130 4995 2336 5041 tantum

766 5086 1100 5140 insaniamns
1156 5101 1169 5137 :
1230 5099 1409 5154 neque
1472 5085 1738 5138 cessimus
1800 5080 2099 5145 socordiae,
2162 5095 2338 5150 neque

767 5193 956 5230 manus
1017 5184 1218 5231 nostra}
1272 5191 1466 5245 magno
1511 5174 1738 5229 defessa:
1794 5183 1922 5228 sunt
1975 5173 2158 5224 labore
2196 5189 2208 5223 :
2244 5171 2337 5225 sed

763 5271 1020 5323 terribilis
1066 5271 1309 5337 quaedam
1357 5271 1496 5324 visio
1547 5283 1647 5322 nos
1697 5267 1773 5320 sic
1821 5267 2022 5332 alTecit,
2075 5282 2195 5335 quae
2238 5282 2336 5320 nos

762 5362 910 5417 humi
946 5361 1159 5429 dejecit,
1204 5373 1256 5418 et
1305 5379 1493 5416 manus
1527 5369 1740 5415 nostras
1774 5361 2020 5415 dissolvit
2064 5376 2077 5412 ε
2125 5367 2179 5414 et
2223 5360 2334 5428 jam

762 5473 950 5512 sumus
973 5458 1232 5512 membris
1254 5457 1520 5519 dissoluti,
1539 5469 1591 5510 et
1613 5456 1783 5511 effecti
1807 5455 2027 5507 omnino
2053 5454 2330 5508 imbecilli.

762 5553 896 5605 Tres
925 5551 1068 5604 cnim
1093 5551 1214 5615 viri,
1247 5561 1466 5620 aspectu
1497 5549 1713 5620 quidem
1745 5549 1983 5610 candidi,
2011 5557 2063 5602 et
2088 5548 2336 5602 candidis

761 5646 933 5702 induti
1007 5643 1267 5708 vestibus,
1321 5646 1499 5713 specie
1567 5654 1746 5700 autem
1818 5643 2111 5706 terribiles,
2179 5643 2334 5696 nobis

763 5740 1106 5803 apparentes,
1149 5748 1300 5793 torve
1357 5739 1405 5792 in
1440 5754 1535 5792 nos
1569 5753 1620 5792 et
1665 5738 1918 5793 ferociter
1951 5747 2277 5805 aSpexernnt
2321 5755 2328 5762 ·

761 5839 813 5886 et
853 5846 989 5901 tgms
1020 5834 1110 5902 qui
1145 5832 1337 5889 eratin
1381 5832 1648 5896 manibus,
1683 5848 1746 5889 ex
1781 5831 2118 5903 lampadibus
2151 5845 2330 5886 seum

2444 4616 2542 4686 τὴν
2573 4617 2745 4687 ίσχυν,
2769 4616 2885 4670 ἀλλ’
2910 4615 3033 4686 ούχὶ
3057 4616 3234 4678 ὄκνος.
3260 4616 3322 4667 Ui
3345 4614 3401 4667 δέ
3423 4630 3438 4645 ·
3467 4612 3674 4678 Ταῦτα,
3701 4607 3745 4668 ὦ
3773 4613 4036 4685 βασιλεῦ,

2442 4712 2826 4781 ἀπεκρίναντο,
2859 4711 2979 4763 οὐδὲ
3016 4709 3238 4778 βραδεῖς
3267 4710 3396 4778 περὶ
3425 4710 3524 4771 τάς
3558 4710 3657 4770 σὰς
3695 4708 4037 4777 προστάξεις

2444 4806 2625 4872 ἡμεῖς,
2651 4805 2770 4857 οὐδὲ
2798 4805 2904 4856 ἀπὸ
2935 4802 3024 4855 τοῦ
3054 4801 3250 4856 πολλοῦ
3282 4804 3454 4856 κόπου
3489 4801 3699 4870 ἔκαμον
3737 4800 3795 4853 αἱ
3839 4804 4036 4872 χεῖρες

2442 4901 2593 4967 ἡμῖν.
2624 4898 2756 4949 ἀλλά
2786 4897 2992 4968 φοϐερά
3019 4917 3100 4963 τις
3147 4898 3268 4966 ὄψις
3313 4898 3455 4950 οὓτω
3484 4896 3738 4965 διέθηκεν
3773 4898 3929 4966 ἡμᾶς
3965 4899 4034 4963 τῇ

2443 4995 2509 5060 γῇ
2549 4990 3094 5060 προσκαταϐαλοῦσα.
3129 4990 3224 5042 καὶ
3247 4989 3558 5060 παρείμεθα
3582 4991 3680 5051 τὰς
3709 4989 3896 5052 δεξιὰς
3935 4988 4036 5042 καὶ

2442 5082 2780 5151 ἔκλελύμεθα
2809 5082 2908 5152 ἤδη
2942 5082 3034 5134 καὶ
3083 5079 3143 5133 τὸ
3176 5081 3295 5134 ὅλον
3337 5081 3515 5134 ἄτονοι
3551 5078 3991 5146 καθεστήκαμεν
4016 5093 4029 5107 ο

2441 5179 2588 5246 τρεῖς
2646 5175 2753 5246 γὰρ
2809 5175 3020 5246 ἄνδρες,
3053 5175 3239 5227 λευκοὶ
3282 5174 3382 5242 μὲν
3415 5172 3513 5242 τὴν
3545 5172 3695 5232 θέαν,
3744 5170 3944 5223 λευκοὶ
3973 5170 4031 5222 δὲ

2440 5270 2538 5337 τὴν
2567 5267 2855 5335 ἀναϐολὴν,
2891 5267 3116 5335 φοϐεροὶ
3153 5265 3214 5316 τὸ
3274 5262 3436 5327 εἶδος,
3467 5262 3832 5330 ἐπιφανέντες
3862 5263 4029 5329 ἡμῖν,

2442 5361 2639 5429 πικρόν
2674 5377 2730 5412 τε
2770 5362 2845 5422 εἰς
2878 5361 3023 5428 ἡμᾶς
3051 5361 3142 5410 καὶ
3173 5359 3364 5428 ἄγριον
3411 5355 3551 5409 εἶδον
3582 5354 3676 5407 καὶ
3699 5353 3761 5406 τὸ
3793 5353 3890 5406 ἐπὶ
3916 5350 4033 5402 τῶν

2440 5455 2638 5526 χειρῶν
2698 5452 2806 5523 πῦρ
2853 5453 2975 5504 καθ’
3017 5450 3172 5521 ἡμῶν
3221 5450 3383 5510 εὐθὺς
3405 5446 3513 5499 ἀπὺ
3550 5445 3657 5498 τῶν
3714 5441 4031 5513 λαμπάδων

2441 5550 2630 5600 ἔπνει·
2693 5546 2884 5597 ἔπειτα
2944 5544 3306 5604 κελεύσαντες
3373 5539 3682 5595 ἀποστῆναι
3755 5535 4027 5603 Ἀνοίμου

2443 5640 2780 5708 (θεράποντα
2811 5638 2864 5690 δὲ
2888 5635 3024 5689 Θεοῦ
3054 5635 3241 5687 τοῦτον
3277 5634 3545 5702 ἐκάλουν)
3580 5629 4028 5686 καταϐάλλουσιν

2443 5737 2584 5802 ἡμᾶς
2619 5733 2709 5785 καὶ
2745 5731 2916 5791 οὕτως
2950 5727 3259 5791 αύτίκα,ὡς
3289 5729 3442 5797 ὁρᾷς,
3480 5725 3827 5780 διατιθιῐσιν.
3855 5719 4027 5781 Οὗτοι

2447 5837 2539 5903 μὲν
2567 5828 2656 5883 οὖν
2690 5826 2944 5896 ἀλλήλοις
2977 5824 3275 5894 διελὲγοντη
3310 5824 3501 5875 ταῦτα.
