4196 6306
136 352 214 417 181

1367 356 1543 418 ΠΤΑ
1589 356 1648 413 S.
1690 354 2051 414 ΑΝΤΗΙΜΙ.

3253 354 3351 421 182

139 472 183 520 in
244 484 335 523 nos
382 468 633 536 spiravit.
685 466 890 522 Deinde
956 480 1077 521 Cum
1126 466 1416 536 jussissent
1463 466 1756 521 abscedere
1797 466 2108 518 Antltitnum
2157 467 2301 526 (eum
2357 475 2535 519 autem
2587 468 2852 521 vocabant
2904 468 2994 521 Dei
3048 466 3358 535 faumluml,

133 578 214 618 nos
256 563 513 631 dejieiunt
542 576 557 614 :
589 573 639 617 et
696 562 775 615 sic
819 563 1022 626 statim,
1078 572 1134 615 ut
1189 563 1361 626 vides,
1410 562 1670 615 alliciunt.
1712 563 1886 630 Atque
1922 562 1954 614 ii
1980 562 2200 631 quidem
2235 564 2345 617 lucc
2379 565 2521 617 Inter
2553 578 2611 618 se
2644 563 3006 619 disserebam.

188 655 259 707 ϐ’.
295 655 382 707 Ἑν
411 655 524 722 ὅσῳ
550 653 607 707 δὲ
636 655 659 708 ἐ
694 653 881 722 τροχὸς
907 654 1003 723 τῆς
1026 657 1329 723 περιφορᾶς
1360 652 1560 725 ἠρέμει
1588 652 1683 705 καὶ
1715 659 1760 713 Α

130 746 233 798 δὲδὲ
260 746 318 799 τὸ
347 746 610 813 παράπαν
644 739 758 814 εῐχε
784 746 1110 814 κινήματος,
1136 747 1197 798 ὲν
1224 747 1399 816 τούτῳ
1430 744 1688 817 θερμοτέο

134 858 218 909 ραν
252 842 278 892 ὁ
310 840 519 909 μάρτυς
552 838 630 908 τῷ
683 837 804 898 Θεῷ
856 838 1168 911 προσέφερε
1206 840 1305 911 τὴν
1330 840 1689 909 εὐχαριστίαν

130 934 213 985 καὶ
243 932 479 993 πλείονος
507 930 719 983 ἐκεῖθεν
746 931 996 984 ἀπέλαυε
1020 931 1115 997 τῆς
1150 930 1543 1001 χρηστότητος.
1567 932 1690 984 Μα-

128 1024 361 1094 ειμιανδς
406 1024 588 1077 τοίνυν
625 1025 725 1091 τῆς
754 1023 865 1076 τῶν
912 1023 1126 1093 δημίων
1175 1022 1456 1092 ἀφελείας,
1489 1022 1604 1075 ἀλλ’
1629 1023 1690 1076 ού

126 1120 215 1183 τῆς
268 1115 613 1184 μαρτυρικῆς
657 1115 877 1178 ἐκείνης
928 1112 1061 1185 πρὸς
1093 1115 1183 1167 τὸν
1211 1115 1345 1167 Θεὸν
1376 1116 1694 1187 παρρησίας

125 1206 281 1270 δεῖξαι
317 1208 378 1260 τὸ
401 1209 635 1277 πρᾶγμα
659 1207 878 1269 ἐθέλων,
910 1209 1231 1277 κατήγαγεν
1260 1209 1423 1263 αὑτὸν
1452 1208 1545 1262 τοῦ
1568 1226 1697 1278 τρο-

125 1300 211 1369 χοῦ
267 1299 360 1351 καὶ
393 1300 485 1351 τὸν
519 1299 609 1352 διὰ
664 1300 874 1368 ξίφους,
917 1300 1032 1366 είγε
1079 1300 1153 1369 μὴ
1201 1300 1408 1366 θύσειε,
1466 1301 1698 1355 θάνατον

124 1390 261 1461 αύτῷ
289 1390 525 1461 ἠπείλει.
574 1392 631 1445 Ὀ
653 1393 707 1442 δὲ
740 1390 990 1459 μείζονος
1038 1392 1139 1461 τὴν
1187 1392 1423 1464 ἀπειλὴν
1477 1394 1701 1463 εὐχαρι-

124 1488 267 1549 στίας
298 1488 553 1540 ὑπόθεσιν
588 1487 846 1550 ἐποιεῖτο,
889 1486 986 1539 καὶ
1038 1486 1131 1539 τὸν
1158 1487 1323 1557 χορὸν
1368 1486 1699 1541 καταλαϐεῖν

122 1579 223 1631 τῶν
274 1576 579 1648 δισμυρίων
634 1576 960 1650 μαρτύρων.
992 1578 1051 1631 ὲν
1080 1577 1179 1650 ὅλῃ
1201 1578 1401 1651 καρδίᾳ
1427 1577 1522 1632 τοῦ
1561 1575 1698 1630 Θεοῦ

124 1672 313 1733 ἐδεῖτο,
339 1671 412 1731 ὡς
440 1668 639 1733 ἐξεῖναι
668 1670 763 1723 κα)⁸
784 1669 937 1741 αὐτῷ
970 1671 1334 1741 σεμνύνεσθαι
1367 1673 1462 1725 καὶ
1482 1671 1697 1740 λέγειν’

129 1782 145 1813 ι
184 1763 313 1815 Ἰδου
354 1760 465 1830 ἐγὼ
500 1764 593 1814 καὶ
643 1763 713 1814 τὰ
740 1762 952 1826 παιδία,
984 1764 1017 1817 ἆ
1050 1781 1141 1833 μοι
1183 1763 1386 1816 ἔδωκεν
1426 1765 1454 1817 δ
1481 1764 1632 1828 Θεός.
1678 1783 1698 1817 ι

125 1856 225 1907 Καὶ
259 1854 338 1917 δς,
394 1854 583 1925 ἐπειδὴ
636 1853 841 1925 μᾶλλον
897 1855 1045 1925 αὐτῷ
1106 1854 1225 1907 κατ’
1252 1855 1415 1927 εὐχὴν
1457 1855 1519 1909 τὸ
1550 1856 1703 1921 τέλος

125 1947 296 2018 ἐώρα·
323 1946 490 2013 Οἶδα,
527 1949 684 2017 φησὶ,
734 1947 889 2016 ὑμῶν
942 1947 1051 2002 τῶν
1096 1949 1445 2020 Χριστιανῶν
1492 1950 1553 2003 τὸ
1582 1950 1702 2004 λίαν

124 2042 413 2109 togamve;
439 2042 870 2120 xat‘tptldttpov,
896 2044 1045 2107 ὅπως
1072 2048 1257 2115 τυχεῖν
1291 2046 1479 2100 ὁποίου
1506 2047 1704 2118 δήποτε

125 2136 383 2202 ὀνόματος
413 2132 502 2186 διὰ
545 2133 607 2187 τὸ
634 2134 943 2203 παράϐολον
985 2134 1077 2187 τοῦ
1138 2135 1487 2207 τολμήματος
1521 2138 1709 2208 ὀρεγό-

130 2241 273 2292 μενοι
301 2223 363 2275 τὸ
386 2223 571 2276 κακῶν
595 2222 823 2295 ἔσχατον
841 2223 1100 2279 ἁπάντων
1130 2226 1377 2298 αἱρεῖσθε
1411 2228 1502 2282 τὸν
1533 2229 1709 2299 βίαιον

126 2318 383 2369 θάνατον’
420 2317 536 2370 ἀλλ’
568 2317 669 2387 οὐχ
692 2318 966 2389 αἱρήσεις,
999 2320 1155 2389 φησὶ,
1188 2321 1382 2374 τούτου
1412 2339 1473 2390 γε
1497 2323 1702 2376 ἕνεκενο

127 2409 235 2462 ἀλλ’
264 2409 375 2477 ἐγώ
408 2426 468 2463 σε
497 2410 722 2473 πολλαῖς
755 2413 1021 2483 πρότερον
1053 2413 1366 2483 περισαλὼν
1392 2416 1708 2486 τιμωρίαις,

128 2502 265 2555 οὕτω
298 2502 392 2556 τοῦ
419 2504 687 2575 παρόντος
715 2505 965 2573 στερήσω
991 2505 1190 2572 φωτὸς,
1215 2506 1306 2557 τὸν
1338 2507 1412 2577 μὴ
1442 2506 1711 2577 τοσαύτης

130 2596 319 2663 ἡδονῆς
352 2595 678 2661 τηλικούτου
725 2595 1007 2665 χρήματος
1056 2595 1227 2662 ἄξιον.
1259 2597 1371 2651 Καὶ
1399 2600 1425 2651 ὁ
1466 2598 1709 2671 μάρτυςο

130 2692 259 2745 osse
309 2692 417 2760 γὰρ
452 2691 516 2744 ἂν
558 2689 755 2754 ἄλλως,
797 2692 952 2761 φησι,
984 2691 1346 2764 λαμπρότερα
1395 2711 1486 2764 μοι
1532 2693 1713 2766 πολλῷ

135 2786 567 2856 παρασκευάσῃς
596 2785 667 2838 τὰ
695 2786 925 2839 ἔπαθλα.

203 2878 257 2933 1’.
292 2880 359 2931 Τί
393 2880 449 2931 τὸ
478 2881 615 2948 μετᾶ
636 2879 847 2945 rat-Sta;
884 2879 1109 2951 Σίδηρος
1144 2877 1307 2932 αὑτὸν
1356 2880 1449 2933 καὶ
1493 2879 1714 2945 ἁλύσεις

134 2970 394 3037 δεσμοῦσι
422 2973 518 3022 καὶ
537 2972 687 3041 ,πρὸς
708 2972 769 3023 τὸ
798 2972 908 3026 τῶν
941 2971 1267 3043 κακούργων
1287 2972 1479 3041 ἄγεται
1502 2973 1715 3045 δεσμω-

134 3064 322 3129 τ.ξριον
345 3077 358 3089 ·
406 3060 544 3113 ἀλλὰ
572 3060 642 3113 τὰ
676 3062 881 3131 συνήθη
907 3063 1004 3114 καὶ
1033 3063 1195 3115 πάλιν
1235 3064 1430 3133 ἐκείνῳ
1461 3066 1597 3135 πρὸς
1624 3066 1717 3120 τὸν

134 3156 265 3208 θεὸν
314 3157 348 3225 ή
386 3153 606 3221 γλῶττα
639 3155 809 3226 ὑπῇδε
846 3157 942 3209 καὶ
970 3156 1070 3219 τὰς
1116 3155 1338 3219 ἁλύσεις
1359 3156 1497 3227 ὁμοῦ
1524 3159 1618 3212 καὶ
1647 3160 1716 3212 τὰ

134 3240 312 3317 δεσμὰ
368 3247 667 3314 διαλύεται,
724 3249 847 3303 οὐδὲ
882 3249 1080 3313 αὐτοὺς
1106 3250 1231 3313 τούς
1260 3251 1495 3320 ἄγοντας
1522 3251 1718 3313 αὐτοὺς

1859 651 1949 706 lx.
1984 653 2205 708 Interim
2245 664 2424 709 autem
2456 655 2582 709 dum
2628 666 2741 710 rota
2784 655 3101 725 quiescebat
3150 658 3217 710 ab
3252 674 3367 710 :nn-

1796 745 1933 808 bitu,
1966 756 2019 799 et
2052 746 2187 799 nihil
2231 746 2453 800 omnino
2509 746 2842 810 movebatur,
2876 760 3078 816 martyr
3113 748 3219 800 Deo
3262 748 3371 801 fer-

1794 838 2094 891 ventiorem
2140 836 2401 894 uﬂcrebat
2449 838 2743 904 gratiarum
2788 839 3084 899 actionem,
3132 849 3183 892 et
3222 838 3371 893 illine

1795 931 2112 999 ampliorem
2134 932 2567 1001 consequebatur
2586 930 2992 995 benignitatem.
3012 929 3372 985 Maximianus

1796 1022 1974 1089 itaque
2006 1021 2191 1076 volens
2230 1023 2539 1086 ostendere,
2573 1036 2641 1077 ex
2687 1022 2941 1077 lictorum
2993 1022 3367 1092 simplicitate.

1799 1130 1901 1169 non
1954 1125 2132 1167 autem
2185 1130 2250 1169 ex
2303 1116 2592 1187 martyriea
2645 1116 2709 1168 ad
2745 1114 2911 1168 Deum
2960 1115 3182 1182 ﬁducia,
3235 1117 3374 1170 hanc

1800 1222 1913 1262 rem
1961 1220 2083 1262 esse
2144 1206 2463 1278 profectam,
2508 1222 2631 1261 eum
2680 1207 2987 1276 deposuite
3023 1217 3163 1272 rota,
3214 1218 3269 1261 et
3325 1208 3387 1261 ei:

1798 1314 1930 1355 ense
1961 1309 2187 1355 mortem
2238 1301 2496 1363 minatur,
2529 1300 2630 1354 nisi
2682 1299 3025 1355 saerilicarit.
3067 1298 3162 1355 ille
3196 1311 3377 1356 autem

1801 1408 1866 1448 ex
1900 1394 2061 1447 minis
2103 1393 2337 1461 sumpsit
2366 1402 2747 1463 argumentum
2801 1392 3026 1461 majoris
3075 1394 3388 1462 gratiarum.

1800 1485 2069 1540 actionis:
2098 1494 2155 1541 et
2182 1493 2295 1540 toto
2338 1486 2503 1540 corde
2535 1482 2700 1539 Deum
2728 1485 2955 1554 rogavit,
2986 1494 3044 1538 ut
3072 1485 3381 1554 perveniret

1801 1578 1868 1634 ad
1923 1579 2151 1634 chorum
2204 1578 2396 1650 viginti
2449 1578 2678 1632 millium
2729 1588 3050 1648 martyrum,
3105 1586 3162 1631 ut
3212 1578 3377 1632 etiam

1803 1673 1988 1729 liceret
2018 1674 2066 1728 ei
2100 1673 2281 1728 dicere
2312 1688 2327 1725 :
2372 1690 2390 1725 ι
2437 1670 2577 1727 Ecce
2602 1686 2725 1741 ego,
2759 1680 2815 1725 et
2862 1670 3017 1740 pueri
3069 1667 3201 1735 mei,
3242 1685 3381 1739 quos

1805 1767 1955 1822 dedit
1998 1766 2129 1821 mibi
2162 1763 2359 1821 Deus‘.
2399 1785 2417 1817 ι
2447 1765 2745 1835 Imperator
2771 1779 2903 1819 vero
2928 1774 3217 1833 pOStquam
3246 1764 3384 1818 vidit

1810 1861 1968 1917 tinem
1998 1861 2047 1916 ei
2076 1860 2311 1916 maxime
2338 1874 2461 1915 esse
2489 1859 2542 1913 in
2580 1858 2723 1914 votis
2757 1876 2770 1913 :
2810 1857 2959 1921 Scio,
2989 1856 3187 1927 inquit,
3217 1871 3380 1925 quam

1809 1970 1903 2008 vos
1936 1954 2233 2009 Christiani
2270 1953 2391 2009 sitis
2421 1952 2606 2024 gloria:
2641 1951 2823 2023 cupidi
2867 1960 2924 2007 et
2950 1951 3172 2006 honoris
3216 1965 3384 2021 appe-

1811 2055 2004 2112 tentes,
2027 2057 2081 2101 et
2109 2046 2249 2116 quod
2276 2046 2516 2117 projecta
2548 2053 2725 2100 vestra
2758 2044 2981 2100 audacia
3007 2045 3387 2115 qualecunque

1809 2152 2003 2197 nomen
2043 2140 2261 2210 assequi
2308 2140 2611 2208 cupientes,
2654 2147 2957 2193 extremum
2987 2135 3233 2191 omnium
3269 2152 3385 2190 ma-

1808 2234 2002 2299 lorum,
2033 2243 2259 2288 mortem
2286 2230 2571 2289 violentam
2600 2229 2823 2298 eligitis.
2859 2226 2965 2283 Sed
3014 2227 3115 2281 bac
3168 2226 3389 2297 quidem

1810 2322 1875 2377 de
1903 2336 2065 2375 causa
2098 2320 2318 2375 minime
2359 2320 2655 2375 laetaberis.
2687 2318 2818 2373 Nam
2847 2333 2972 2373 cum
3016 2332 3117 2386 ego
3148 2328 3196 2370 te
3238 2318 3389 2386 prius

1813 2411 1993 2466 multis
2018 2411 2249 2467 alfecero
2273 2411 2576 2482 suppliciis,
2604 2409 2723 2466 luce
2750 2410 3003 2479 praesenti
3031 2410 3108 2464 sic
3134 2408 3383 2478 privabo.

1812 2513 1870 2559 ut
1916 2505 2005 2574 qui
2052 2505 2130 2560 sis
2186 2505 2439 2575 indignus
2491 2513 2652 2559 tanta:
2694 2503 2771 2559 rei
2828 2506 3119 2573 voluptate.
3182 2500 3381 2573 Martyr

1813 2604 2012 2660 autem,
2040 2593 2155 2649 Non
2184 2596 2313 2657 alia,
2348 2598 2542 2665 inquit,
2579 2596 2790 2651 ratione
2822 2594 3042 2661 eﬂicies,
3076 2606 3134 2648 ut
3166 2594 3387 2662 praemia

1812 2701 2119 2758 consequar
2146 2688 2518 2759 praeclariora.

1887 2873 1951 2927 Χ.
2014 2872 2153 2940 Quid
2215 2882 2401 2943 postea
2457 2871 2854 2942 consequitur?
2899 2869 3125 2928 Ferreis
3185 2873 3397 2927 catenis

1816 2962 2074 3027 vincitur,
2122 2970 2173 3017 et
2224 2965 2291 3016 ad
2343 2963 2713 3017 maletico’rum
2759 2977 3036 3017 carcerem
3083 2961 3391 3017 deducitur.

1819 3053 1927 3111 Sed
1980 3070 2043 3110 ea
2096 3071 2216 3126 quae
2254 3061 2633 3119 consueverat,
2694 3054 2810 3126 ejus
2860 3055 3039 3123 lingua
3086 3055 3153 3109 ad
3222 3053 3393 3110 Deum

1820 3151 2052 3205 canebat
2090 3168 2104 3204 :
2142 3159 2195 3205 et
2224 3159 2446 3204 catenas
2487 3149 2647 3205 simul
2679 3148 3004 3204 dissolvitet
3029 3148 3263 3211 vincula,
3297 3162 3400 3202 nec

1819 3255 1912 3294 eos
1944 3242 2158 3310 quidem
2190 3242 2278 3309 qui
2322 3240 2497 3309 ipsum
2529 3240 2822 3304 ducebant,
2851 3240 3070 3295 lict-ores
3116 3238 3397 3294 dimittens

134 3342 371 3412 δημίους
401 3343 431 3394 ἀ
442 3342 703 3412 μετόχους
728 3345 927 3411 ἀφεῖσα
958 3341 1052 3396 τού
1081 3341 1388 3412 θαύματος*
1410 3342 1544 3397 ἀλλὰ
1575 3359 1719 3414 πρη-

1821 3342 2072 3400 expertes
2134 3332 2399 3386 miraculi.
2457 3330 2590 3385 Nam
2643 3329 2677 3384 ii
2734 3346 2949 3400 quoque
3020 3332 3173 3401 proni
3246 3330 3395 3384 huml

138 3439 247 3497 νείς
281 3429 402 3502 εἶχε
456 3435 552 3485 καὶ
580 3434 804 3496 τούτους
834 3436 867 3505 ὴ
904 3438 974 3505 γῆ
1006 3434 1084 3504 τῷ
1130 3435 1420 3504 παραδόξῳ
1446 3435 1545 3502 τῆς
1592 3434 1722 3494 Θέας

140 3510 639 3592 καταπλαγένταςί
673 3525 791 3577 Θεία
815 3526 925 3596 γάρ
950 3543 1032 3588 τις
1056 3525 1263 3579 ἄνωθεν
1283 3528 1443 3597 χάρις
1466 3527 1556 3579 τὸν
1587 3525 1726 3595 μάρ-

135 3636 280 3688 τυρα
330 3618 676 3689 περιπτᾶσα,
723 3618 840 3687 φῶς
892 3637 952 3673 τε
1005 3620 1155 3691 αὑτῷ
1201 3620 1586 3692 λαμπρότατον
1615 3614 1725 3674 οἷον

134 3716 399 3781 ἐπαφῆκε
460 3712 555 3767 καὶ
613 3714 741 3777 τοὺς
798 3712 1222 3784 παραλαϐόντας
1284 3715 1447 3768 αὐτὸν
1499 3715 1727 3785 δημίους

138 3808 286 3875 μετὰ.
313 3805 427 3857 τῶν
468 3804 703 3876 σιδηρῶν
736 3804 962 3858 ἐκείνων
994 3804 1209 3874 δεσμῶν
1231 3846 1245 3871 ,
1283 3798 1357 3857 ὧν
1391 3805 1724 3874 περιέκειτο,

133 3904 200 3953 αθ
212 3900 342 3968 ρὸον
367 3898 553 3950 δίδωσι
572 3898 650 3966 τῷ
677 3898 882 3965 ἐδάφει,
916 3897 1049 3969 μηδὲ
1079 3900 1202 3953 ὅσον
1226 3899 1539 3970 καταμῦσαί
1565 3915 1729 3970 φησιν

134 3990 498 4057 ἐνεγκόντας.
570 3988 628 4041 ⁸0
662 3989 870 4059 μάρτυς
925 3989 1106 4041 τοίνυν
1152 3990 1347 4053 αὐτοὺς
1394 3992 1727 4061 ἀναστήσας,

133 4080 374 4151 ἔχεσθαι
408 4080 509 4150 τῆς
536 4078 665 4132 ’ὁδοῦ
688 4080 989 4151 ἀνατρέπει
1012 4081 1109 4134 καὶ
1140 4081 1202 4135 τδ
1231 4082 1607 4155 δεσμωτήριον
1635 4102 1731 4138 κα-

132 4176 500 4239 ταλαῦόντες,
536 4174 564 4227 ὁ
600 4175 719 4245 μὲν,
751 4173 941 4244 ὥσπερ
972 4175 1054 4237 είς
1082 4175 1337 4245 εὐωχίαν,
1376 4177 1571 4230 εἴσεισι
1608 4178 1730 4245 χαίτ-

135 4284 258 4335 ρων
314 4271 414 4319 καὶ
465 4269 579 4330 τοῖς
615 4269 731 4320 ἐκεῖ
765 4267 856 4320 τὸν
885 4268 984 4336 τῆς
1030 4266 1267 4330 πίστεως
1291 4265 1517 4336 προθεὶς
1544 4249 1727 4337 ἄρτον,

132 4362 236 4413 καὶ
272 4360 504 4422 τούτους
540 4360 938 4432 δεξιωσάμενος
961 4362 1029 4415 τὰ
1059 4361 1290 4431 μεγαλα,
1322 4364 1417 4416 καὶ
1445 4362 1543 4433 τὴν
1570 4361 1730 4415 εὐσέ-

134 4453 303 4506 ϐειαν
341 4452 529 4514 αὐτοῖς
557 4455 826 4521 προπιὼν,
872 4454 1010 4516 ὅλως
1031 4453 1108 4525 τῷ
1159 4454 1380 4526 Χριστῷ
1437 4455 1733 4508 οἰκειοῦται

134 4548 238 4599 καὶ
276 4546 517 4600 υίοθετεῖ
569 4546 658 4600 διὰ
710 4548 805 4600 τού
842 4548 1240 4619 βαπτίσματος.
1288 4547 1632 4616 Μαξιμιανὸς
1674 4547 1731 4600 δὲ

137 4637 305 4708 παρὰ
334 4638 449 4690 τῶν
484 4635 592 4690 ὑπὸ
638 4634 799 4706 χεῖρα
835 4638 1022 4706 μαθὼν
1047 4638 1142 4692 καὶ
1180 4637 1364 4700 δείσας
1399 4636 1474 4707 μὴ
1516 4636 1733 4701 πολλοῖς

1820 3424 2091 3495 jacebant,
2126 3422 2486 3493 obstupefacti
2514 3423 2819 3479 admirabili
2866 3422 3196 3491 spectaculo.
3233 3422 3400 3490 Quzno

1827 3520 1952 3573 dam
1988 3519 2132 3572 enim
2167 3519 2344 3572 divina
2378 3519 2550 3587 gratia
2579 3517 2812 3586 desuper
2840 3525 3131 3587 martyrem
3164 3517 3401 3571 circum-

1828 3610 2036 3670 volans,
2072 3619 2127 3661 et
2158 3609 2212 3662 in
2266 3624 2386 3662 eum
2442 3608 2615 3662 lucem
2658 3607 2881 3662 immisit
2924 3607 3307 3673 clarissimam,
3346 3617 3405 3663 et

1826 3714 1921 3754 eos
1976 3698 2066 3767 qui
2122 3698 2295 3767 ipsum
2343 3708 2690 3768 acceperant,
2746 3697 2982 3763 lictores,
3037 3712 3158 3751 cum
3208 3695 3406 3751 ferreis

1829 3794 2025 3861 quibus
2074 3802 2193 3848 erat
2247 3789 2640 3856 circumdatus,
2699 3790 2926 3842 vinculis
2980 3790 3127 3842 humi
3179 3800 3404 3855 repente

1829 3883 2037 3952 dejieit,
2094 3898 2217 3936 cum
2273 3896 2338 3937 ne
2391 3882 2681 3936 connivere
2730 3880 2949 3951 quidem
2985 3880 3402 3937 sustinuissent.

1829 3972 1962 4029 Cum
2020 3988 2144 4027 vero
2199 3985 2403 4042 martyr
2447 3988 2540 4027 eos
2594 3974 2815 4029 fecisset
2854 3989 3097 4044 surgere,
3147 3972 3302 4041 jubet
3349 3980 3407 4029 υι

1832 4078 2070 4136 emptum
2102 4068 2203 4121 iter
2243 4076 2525 4137 peragant.
2558 4066 2690 4121 Cum
2722 4076 2901 4119 autem
2953 4068 3324 4135 pervenissent
3352 4067 3404 4118 in

1832 4174 2131 4220 carcerem,
2171 4160 2475 4226 ingreditur
2524 4160 2609 4211 ille
2652 4158 2828 4222 latus,
2883 4168 3135 4227 tanquam
3168 4157 3235 4212 ad
3268 4174 3403 4210 con-

1830 4252 2030 4304 vivium
2067 4267 2079 4303 z
2113 4257 2166 4301 et
2210 4264 2331 4302 cum
2384 4248 2463 4303 eis
2513 4248 2602 4314 qui
2655 4248 2763 4301 illic
2813 4259 2991 4315 erant,
3039 4249 3162 4302 ﬁdei
3210 4265 3402 4317 panem

1833 4342 2242 4410 proposuisset,
2296 4348 2351 4393 et
2402 4354 2500 4395 eos
2556 4339 2792 4410 benigne
2862 4348 2917 4396 et
2979 4341 3207 4396 comiter
3264 4352 3408 4396 esset

1833 4439 2137 4508 amplexus,
2187 4449 2241 4492 et
2292 4437 2370 4492 eis
2426 4438 2764 4507 propinasset
2816 4440 3074 4505 pietatem
3124 4454 3187 4493 ac
3223 4453 3408 4492 veram

1834 4531 2168 4599 religionem,
2196 4544 2287 4583 eos
2314 4526 2531 4581 Christo
2562 4537 2702 4582 totos
2736 4528 3013 4599 conjungit
3040 4539 3093 4581 et
3123 4527 3405 4593 conciliat,

1834 4635 1889 4679 et
1934 4623 2050 4692 ejus
2095 4622 2374 4691 adoptivos
2405 4620 2540 4676 ﬁlios
2571 4620 2732 4677 efficit
2779 4638 2874 4691 per
2905 4623 3253 4691 baptismum.
3288 4620 3407 4675 Ma-

138 4731 241 4781 καὶ
266 4728 457 4789 ἄλλοις
478 4727 641 4779 αὑτὸν
662 4723 941 4797 ζημιώσῃ,
965 4728 1261 4796 παρίστησι
1278 4727 1441 4781 πάλιν
1454 4728 1545 4781 τὸν
1569 4728 1720 4799 ἀθλη-

1835 4714 2101 4766 ximianus
2160 4723 2339 4767 autem
2401 4728 2522 4767 cum
2581 4715 2681 4768 line
2722 4712 3023 4782 accepisset
3072 4714 3138 4768 ab
3198 4714 3264 4768 iis
3315 4716 3407 4784 qui

138 4820 246 4887 τὴν
284 4819 473 4888 ἐαυτῷ
525 4818 622 4872 καὶ
675 4818 838 4873 πάλιν
864 4820 957 4872 ἐπὶ
988 4821 1047 4873 τὸ
1071 4819 1233 4874 θύσαι
1270 4823 1577 4894 παρακαλεῖ
1620 4827 1733 4889 τοῖς

143 4910 369 4966 ἑκείνου
408 4909 551 4972 θεοῖς
578 4925 593 4941 ο
630 4909 779 4963 ἐνθεν
804 4927 885 4963 τοι
934 4911 1029 4962 καὶ
1076 4905 1240 4963 ἆθλον
1282 4910 1373 4963 τοῦ
1408 4912 1737 4983 πράγματος

144 5006 248 5074 τὴν
287 5000 599 5073 ἱερωσύνην
638 5002 784 5073 αύτῷ
812 5002 1175 5073 ὑπισχνεῖται.

220 5270 330 5325 Ιιν.
384 5270 449 5325 Ὀ
475 5270 534 5322 δὲ
596 5269 734 5338 μετᾶ
766 5270 1109 5340 παρρησίαςο
1155 5270 1294 5323 Ἀλλ’
1354 5273 1530 5340 ἱερεὺς
1563 5271 1745 5352 ἔγωγε

147 5368 246 5417 καὶ
282 5366 399 5436 πρὸ
434 5364 547 5418 τῶν
576 5366 683 5417 σῶν
714 5365 908 5434 λόγων,
942 5365 1068 5438 ἔφη.
1102 5368 1195 5420 καὶ
1247 5367 1427 5438 ἱερεὺς
1466 5368 1558 5420 τού
1586 5369 1738 5439 πρώ-

145 5473 248 5508 του
287 5458 383 5509 καὶ
422 5454 592 5508 καλοῦ
628 5456 885 5525 ποιμένος
918 5457 1012 5510 καὶ
1055 5459 1355 5528 ἀρχιερέως
1388 5459 1648 5528 Χριστοῦ,
1682 5459 1740 5521 δς

143 5549 206 5600 ού
232 5548 343 5616 τῆς
374 5546 520 5616 ἐμῆς
545 5547 707 5616 μόνον
745 5546 1157 5618 μεταλαμϐάνει
1189 5549 1389 5622 σαρκὸς
1422 5552 1514 5603 καὶ
1545 5549 1738 5621 μέχρις

144 5638 297 5709 ιξιοῧ
332 5637 547 5691 κάτεισι
572 5638 639 5691 δι’
677 5637 804 5709 ἐμὲ,
839 5640 932 5692 καὶ
966 5639 1138 5694 ταῦτα
1168 5640 1301 5705 Θεὸς
1360 5639 1454 5707 ὢν,
1488 5642 1649 5704 ἀύλός
1681 5658 1737 5693 τε

231 5828 247 5848 ·
287 5818 462 5876 Hebr.
495 5835 555 5887 ιι,
589 5819 677 5876 15.

1834 4814 1989 4858 erant
2015 4806 2063 4860 ci
2092 4806 2341 4874 subjecti.
2363 4815 2416 4860 et
2440 4807 2731 4871 timuisset,
2758 4821 2825 4861 ne
2853 4808 3145 4863 multorum
3175 4807 3406 4863 aliorum

1837 4896 2036 4951 faceret
2074 4896 2367 4964 iacturam,
2394 4896 2546 4964 jubet
2576 4912 2766 4952 rursus
2793 4898 2857 4950 ad
2887 4910 2945 4950 se
2975 4896 3165 4949 adduci
3198 4906 3405 4966 marty-

1836 5006 1973 5052 rem,
2008 5000 2061 5044 et
2097 5005 2284 5044 rursus
2318 4991 2657 5053 adhortatur,
2692 4998 2748 5042 ut
2780 4990 2878 5044 diis
2927 4988 3070 5045 illius
3116 4990 3408 5044 sacriﬁcet.

1840 5084 1953 5148 Quo
1989 5091 2231 5148 tempore
2276 5082 2439 5152 hujus
2482 5098 2701 5153 quoque
2739 5083 2813 5139 rei
2853 5084 3131 5154 prannium
3166 5081 3214 5135 ei
3247 5081 3411 5152 polli-

1842 5186 1995 5227 cetur
2024 5176 2411 5229 sacerdotium.

1916 5265 2003 5321 XI.
2054 5266 2143 5322 Ille
2187 5280 2364 5321 autem
2402 5266 2569 5322 libere
2606 5282 2621 5319 :
2662 5268 2726 5321 At
2772 5281 2891 5336 ego,
2922 5266 3117 5336 inquit,
3150 5277 3276 5321 ante
3323 5276 3413 5324 tua

1843 5361 2003 5414 verba
2060 5377 2177 5416 sum
2233 5363 2485 5415 sacerdos
2536 5360 2693 5432 primi
2741 5369 2796 5415 et
2848 5361 3026 5427 magni
3066 5368 3120 5415 et
3170 5361 3419 5430 praeclari

1845 5452 2084 5509 Pastoris
2115 5463 2166 5508 et
2196 5453 2474 5507 Pontitieis
2518 5452 2744 5516 Christi,
2771 5453 2861 5521 qui
2912 5466 3016 5505 non
3066 5451 3236 5505 solum
3282 5463 3415 5505 mete

1846 5547 2029 5601 carnis
2084 5553 2166 5600 est
2207 5547 2497 5615 particeps,
2523 5554 2576 5599 et
2603 5546 2669 5598 ad
2713 5558 2796 5597 me
2846 5557 3014 5613 usque
3072 5547 3287 5611 propter
3329 5554 3416 5595 me

1849 5640 2125 5696 descendit
2162 5656 2174 5693 :
2208 5640 2369 5709 idque
2408 5654 2529 5695 cum
2565 5638 2633 5693 sit
2668 5637 2806 5693 Deus
2829 5652 3025 5705 expers
3058 5636 3319 5699 materiae.
3360 5643 3418 5687 et
