4196 6306
789 362 891 426 183
2118 358 2403 418 MENSIS
2438 357 2572 416 MAI

2457 357 2681 418 αλιυδ
3938 341 4028 408 184

783 476 877 545 qui
916 488 1021 529 non
1052 481 1227 543 potest
1255 471 1643 541 comprehendi
1676 488 1687 523 :
1722 471 1816 526 sed
1844 472 2005 526 etiam
2032 470 2356 525 sacriﬁcavit
2388 471 2435 527 Α
2464 471 2563 521 καὶ

2464 471 2563 521 καὶ
2613 471 2985 540 ἀπερίληπτος
3006 486 3020 501 ·

787 568 1168 636 seipsum’pro
1211 565 1401 620 ovibus
1430 581 1444 623 ;
1478 573 1529 617 et
1567 562 1618 616 in
1653 578 1872 619 erucem
1920 572 2096 629 actus,
2124 571 2354 616 mortem

783 653 1043 722 suscepit,
1062 662 1115 707 et
1138 652 1223 706 die
1252 652 1411 706 tertio
1439 651 1761 713 resurrexit,
1787 660 1844 705 et
1869 650 1919 704 in
1945 650 2139 705 coelum
2167 664 2356 704 rursus

784 745 1050 811 ascendit,
1074 758 1159 798 me
1184 758 1399 813 quoque
1426 744 1587 799 simul
1616 742 1873 806 evehens,
1907 743 2000 811 qui
2033 740 2180 795 illinc
2209 740 2357 794 ceci-

783 840 971 893 deram
1044 847 1265 907 propter
1340 836 1782 891 inobedientiam.
1851 834 2025 905 Hujus
2085 847 2205 888 sum
2257 846 2357 902 ego

785 928 1066 994 sacerdos,
1099 937 1151 983 et
1176 927 1224 983 ei
1255 928 1519 997 meipsum
1547 927 1713 981 statui
1739 926 1935 982 oderre
1963 925 2218 981 hostiam.
2251 925 2360 981 Res

788 1032 966 1074 autem
1024 1030 1238 1086 vestrm,
1285 1030 1339 1073 et
1386 1030 1710 1083 vestrorum,
1754 1028 1813 1072 ut
1862 1018 2066 1085 dicitis,
2112 1018 2355 1084 deorum,

787 1114 964 1181 dignae
1016 1122 1143 1168 sunt
1195 1121 1353 1168 nocte
1404 1120 1459 1165 et
1513 1113 1750 1182 angulis,
1788 1120 1843 1167 et
1893 1126 2013 1179 qua:
2075 1110 2360 1179 lugeantur

791 1203 969 1272 potius
994 1214 1213 1273 propter
1242 1204 1521 1259 interitum
1545 1213 1598 1259 et
1621 1202 1987 1258 calamitatem
2011 1217 2173 1272 quam
2198 1216 2361 1272 appe-

792 1304 975 1347 tantur
999 1294 1314 1349 maledictis.

862 1383 978 1438 Xll.
1014 1381 1109 1437 His
1136 1386 1204 1438 ita
1240 1385 1477 1455 percitus
1504 1384 1820 1455 imperator,
1852 1384 2003 1458 jubet
2039 1398 2359 1454 generosum

788 1476 1106 1530 Anthimum
1142 1477 1261 1530 duci
1296 1476 1361 1529 ad
1393 1486 1645 1531 mortem.
1682 1476 1906 1532 Ducitur
1957 1492 2086 1546 ergo
2137 1475 2358 1537 athleta,

791 1579 885 1635 spe
932 1564 1235 1619 futurorum
1270 1564 1476 1619 habens
1511 1565 1781 1635 vigentem
1832 1564 2092 1620 laetitiam.
2126 1564 2193 1619 Et
2236 1579 2360 1619 cum

791 1658 1131 1727 pervenisset
1183 1658 1249 1715 ad
1309 1658 1509 1723 locum,
1558 1658 1612 1711 in
1666 1672 1774 1728 quo
1824 1668 1943 1714 erat
1987 1673 2082 1727 per
2132 1668 2361 1714 mortem

790 1761 1156 1817 perventurus
1189 1749 1254 1801 ad
1293 1749 1459 1804 vitam
1510 1748 1605 1820 (2),
1640 1751 1709 1805 ad
1750 1750 2080 1819 precandum
2123 1758 2364 1819 tempore

3076 468 3213 522 ἀλλὰ
3260 468 3356 520 καὶ
3414 465 3605 519 ἑαυτὸν
3635 464 3864 518 τέθυκεν
3898 461 4030 529 ὑπὲρ

2464 560 2574 615 τῶν
2607 564 2919 633 προόἀτων,
2976 566 3075 617 καὶ
3113 559 3352 632 σταυροῦ
3386 559 3609 627 γεύεται
3635 559 3729 611 καὶ
3780 557 4032 623 θανάτου,

2466 654 2561 708 καὶ.
2607 656 2903 725 τριήμερος
2940 656 3250 721 ἀνίσταται,
3299 653 3397 706 καὶ
3431 653 3513 714 εἰς
3541 651 3807 721 οὐρανοὺς
3861 648 4034 703 ἄνεισι

2465 747 2647 825 πάλιν,
2682 747 3071 817 συναναφέρων
3122 764 3191 817 με
3221 746 3314 799 τὸν
3351 742 3566 798 ἐκεῖθεν
3615 742 3705 796 διὰ
3734 741 3833 811 τὴν
3859 758 4037 811 παρα-

2464 839 2595 908 κοὴν
2652 837 3018 891 πεπτωκόταο
3059 836 3250 890 τούτου
3315 836 3498 905 ἱερεὺς
3547 832 3664 901 ἐγὼ
3712 831 3809 885 καὶ
3861 830 4036 900 τούτῳ

2465 934 2837 1002 προσαγαγεῖν
2856 929 3092 1000 ἐμαυτὸν
3128 928 3319 981 Θυσίαν
3341 927 3661 998 προῄρημαι
3680 940 3699 956 “
3727 923 3798 976 τὰ
3824 923 3882 975 δὲ
3907 920 4038 990 ὗμι-

2465 1039 2598 1089 τερα
2620 1021 2711 1073 καὶ
2743 1020 2853 1073 τῶν
2884 1018 3189 1089 ὑμετέρων.
3216 1015 3290 1077 ὥς
3316 1032 3476 1083 φατε,
3502 1012 3661 1075 Θεῶν,
3696 1009 3891 1072 νυκτὸς
3919 1006 4040 1072 ἄξια

2466 1118 2559 1171 καὶ
2589 1115 2788 1183 γωνίας
2822 1111 3171 1183 Θρηνούμενα
3226 1107 3313 1160 διὰ
3362 1106 3461 1175 τὴν
3492 1103 3771 1158 ἀπώλειαν
3820 1103 3915 1156 καὶ
3946 1099 4041 1169 τὴν

2469 1206 2757 1279 συμφορὰν
2786 1204 3040 1275 μᾶλλονῆ
3072 1199 3481 1272 λοιδορούμενα.

2538 1362 2639 1416 IB'.
2694 1359 2921 1421 Τούτοις
2968 1358 3281 1429 ὑπερζέσας
3331 1354 3409 1427 τῷ
3468 1353 3625 1425 θυμῷ
3678 1350 4040 1424 Μαξιμιανδς,

2469 1453 2683 1507 κελεύει
2703 1454 2794 1506 τὸν
2822 1454 3069 1520 γενναῖον
3096 1451 3359 1519 Ἀνθιμον
3393 1449 3492 1518 τὴν
3521 1446 3613 1501 ἐπὶ
3645 1445 3876 1498 Θάνατον
3914 1444 4039 1509 ἆγε-

2472 1548 2595 1601 σθαι
2616 1564 2629 1577 ο
2667 1546 2861 1613 ἄγεται
2888 1544 3066 1597 τοίνυν
3089 1545 3116 1596 ὀ
3154 1542 3399 1612 ἀθλητὴς
3450 1536 3871 1607 ὲνακμάζουσαν
3899 1532 4043 1602 αὐτῷ

2470 1640 2535 1707 τῇ
2560 1635 2667 1689 τῶν
2704 1633 3008 1704 μελλόντων
3040 1631 3349 1703 ἐπαγγελίᾳ
3380 1631 3520 1700 ἔχων
3545 1628 3645 1697 τὴν
3677 1625 3876 1695 ἡδονήν
3903 1640 3917 1655 ο
3952 1624 4045 1675 καὶ

2472 1728 2563 1780 τδν
2593 1726 2754 1778 τόπον
2789 1722 3133 1784 καταλαϐὼν,
3171 1723 3228 1774 ὲν
3280 1715 3325 1791 ᾧ
3381 1720 3468 1773 διὰ
3501 1717 3597 1771 τοῦ
3642 1715 3875 1769 θανάτου
3909 1712 4046 1780 πρὸς

776 1840 959 1909 ⁸ρεξιίιο
1000 1850 1054 1895 et
1102 1851 1346 1910 accepto,
1391 1856 1512 1895 cum
1558 1851 1833 1910 postremo
1880 1849 2029 1896 esset
2084 1850 2362 1909 precatus,
2395 1828 2438 1883 Β
2467 1818 2561 1890 τὴν

2467 1818 2561 1890 τὴν
2601 1816 2747 1887 ζωὴν
2798 1813 2991 1884 ἔμελλε
3037 1811 3311 1881 διαϐῆναι,
3376 1810 3571 1879 καιρὸν
3622 1806 3703 1871 εἰς
3740 1802 4048 1875 προσευχὴν

792 1941 844 1987 et
878 1932 1043 1986 Deum
1074 1933 1362 1998 allocutus,
1389 1935 1436 1986 ei
1465 1935 1682 1987 beatum
1713 1932 1841 1991 illud
1872 1941 2034 2003 caput
2055 1940 2367 2002 amputatur
2468 1911 2582 1979 θαίτῆ

2468 1911 2717 1981 αἰτήσας,
2752 1908 2847 1961 καὶ
2877 1903 3079 1967 λαϐὼν,
3108 1906 3202 1959 καλ⁵
3232 1905 3299 1956 τὰ
3326 1903 3618 1956 τελευταῖα
3668 1898 4046 1971 προσευξάμμ

797 2024 957 2078 tertio
983 2027 1184 2079 mensis
1227 2024 1584 2092 Septembris.
1623 2022 1853 2093 Vespere
1888 2035 2067 2079 autem
2097 2024 2367 2079 accedeno

2468 2020 2555 2064 νος
2586 2001 2679 2054 καὶ
2710 1998 3011 2070 διαλεχθεὶς
3040 1997 3118 2068 τῷ
3169 1996 3311 2067 Θεῷ,
3366 1994 3465 2065 τὴν
3500 1992 3778 2064 μακαρῖαν
3831 1990 4049 2057 ἐκείνην

798 2126 881 2169 tes
930 2114 1150 2184 quidam
1213 2116 1419 2180 ﬁdeles,
1469 2131 1589 2170 cum
1638 2117 1932 2185 pretiosum
1978 2132 2173 2187 corpus
2226 2116 2369 2171 illius
2468 2113 2575 2163 κεῬ

2468 2094 2714 2163 κεφαλὴν
2745 2093 3082 2162 ἀφαιρεῖται,
3135 2089 3297 2160 τρίτῃ
3322 2085 3416 2140 τοῦ
3446 2083 3822 2154 Σεπτεμὸρίου
3858 2081 4048 2150 μηνός.

800 2206 1171 2274 sustulissent,
1199 2219 1494 2277 sancteque
1516 2219 1570 2263 et
1592 2209 1889 2264 honoriﬁce
1908 2210 2368 2276 composuissent,

2479 2187 2749 2255 Ἐσπέρας
2768 2185 2823 2238 δέ
2852 2201 2998 2246 τινες
3030 2180 3464 2251 παραγενόμενοι
3488 2178 3595 2228 τῶν
3616 2173 3844 2235 πιστῶν,
3871 2171 4051 2225 καὶτὸ

798 2296 855 2350 in
897 2297 1014 2365 ipso
1060 2298 1201 2365 loco,
1241 2299 1293 2352 in
1348 2314 1454 2369 quo
1512 2298 1613 2353 fuit
1662 2309 2094 2363 consummatus,
2144 2299 2371 2368 pulchre
2473 2280 2582 2334 ἐκεί

2473 2278 2684 2334 ἐκείνου
2708 2277 2868 2345 σῶμα
2888 2274 2949 2325 τὸ
2970 2274 3150 2338 τίμιον
3168 2271 3501 2339 ἀνελόμενοι,
3517 2266 3613 2319 καὶ
3631 2264 3789 2326 ὁσίως
3804 2264 3899 2315 καὶ
3913 2261 4054 2331 λαμ-

800 2391 1100 2464 dcponunt,
1122 2390 1401 2445 laudantes
1431 2391 1669 2455 Patrem,
1699 2399 1753 2444 et
1781 2389 1999 2455 Filium,
2028 2399 2084 2444 et
2106 2389 2367 2456 Spiritum

2474 2370 2627 2440 πρῶς
2650 2365 3114 2437 περιστείλαντες,
3136 2360 3265 2432 παρ’
3290 2360 3452 2413 αὑτὸν
3472 2358 3563 2410 τὸν
3589 2359 3687 2427 τῆς
3718 2354 4053 2414 τελειώσεως

801 2491 1072 2546 sanctum,
1104 2498 1265 2536 unam
1296 2482 1637 2537 divinitatem
1667 2493 1721 2538 et
1765 2497 2024 2555 regnum;
2061 2483 2145 2537 cui
2192 2482 2372 2538 omnis
2476 2465 2581 2555 τέπ

2476 2465 2641 2518 τόπον
2669 2457 2992 2529 διαπρεπῶς
3018 2458 3159 2525 ἄγαν
3188 2451 3571 2514 κατατιθέασι,
3596 2446 3911 2513 δοξάζοντες
3944 2445 4053 2496 Πα-

2528 2554 2533 2555 ,
2586 2554 2592 2555 κ
2765 2553 2773 2555 _
2824 2551 2908 2555 ____
3098 2549 3107 2555 λ
3154 2548 3194 2555 _
3265 2545 3289 2555 α
3411 2544 3434 2555 -
3657 2539 3669 2555 ν
3799 2537 3859 2555 ρηγ
3909 2534 4023 2555 ﬂ--!

804 2572 998 2640 gloria,
1047 2574 1221 2628 honor
1272 2583 1327 2627 et
1380 2575 1627 2630 adoratio
1676 2574 1728 2629 in
1773 2574 1965 2632 saecula
2025 2575 2367 2631 saeculorum.

804 2666 997 2720 Amen.

2479 2554 2633 2625 τέρα,
2691 2553 2787 2606 καὶ
2824 2551 2974 2612 Υἰδν,
3027 2549 3119 2601 καὶ
3154 2545 3377 2614 Πνεῦμα
3409 2544 3588 2610 ἆγιον,
3618 2539 3717 2609 τὴν
3752 2537 3881 2607 μίαν
3909 2534 4053 2625 θειόξ

2480 2622 2620 2713 τηντα
2666 2642 2761 2693 καὶ
2814 2637 3114 2709 βασιλεῐαν,
3143 2630 3403 2711 ᾖπρὲπει
3435 2634 3585 2686 πᾶσα
3614 2629 3762 2694 δόξα,
3794 2626 3931 2697 τιμὴ
3962 2622 4056 2676 καὶ

2485 2732 2856 2804 προσκύνησις
2886 2732 2966 2794 εἰς
2996 2730 3122 2792 τοὺς
3156 2727 3361 2790 αἰῶνας
3396 2726 3506 2778 τῶν
3535 2722 3768 2779 αἰώνων.
3822 2718 4019 2787 ’Δμήν.

877 2866 957 2940 (9)
990 2870 1118 2925 Vide
1164 2871 1361 2927 Euseb.
1414 2869 1559 2926 Hist.
1605 2869 1806 2927 Eccles.
1860 2872 1953 2926 lib.
2000 2889 2119 2936 vm,
2152 2890 2200 2926 c.
2230 2872 2282 2937 6,
2325 2882 2375 2927 et
2416 2870 2613 2929 Baron.
2645 2886 2736 2926 an.
2767 2870 2894 2925 302.

835 3025 2345 3062 mm

2347 3008 4052 3059 Μ

1647 3222 2423 3402 MENSIS
2573 3217 3247 3398 MAIUS

1219 3701 1398 3814 DE
1489 3700 2052 3818 SANCTO
2136 3704 2794 3814 PHILIPPO
2885 3697 3627 3811 APOSTOLO

1822 3925 2158 3984 MARTYRE
2198 3928 2565 3988 IllERAPOLl
2606 3928 2675 3987 IN
2707 3927 3035 3985 PHRYGIA.

1148 4077 1279 4130 (Maii
1303 4078 1383 4130 die
1410 4081 1449 4131 ι.
1476 4086 1596 4139 Arta
1621 4086 1909 4133 Sanctorum
1940 4082 2164 4132 Bollrmd.
2191 4084 2301 4133 Maii
2328 4091 2445 4133 tom.
2485 4085 2522 4145 Ι,
2548 4101 2596 4148 p.
2620 4086 2645 4133 7
2672 4084 2874 4145 latine;
2898 4087 3065 4136 (haec
3099 4099 3147 4146 p.
3171 4085 3282 4143 755,
3307 4096 3368 4131 ex
3394 4084 3501 4131 cod.
3532 4079 3676 4142 γει.)

891 4394 941 4446 l.
984 4393 1229 4446 Celebris
1277 4402 1363 4446 est
1413 4395 1477 4445 ad
1537 4392 1807 4448 Kalendas
1859 4393 1984 4449 Maii
2036 4396 2297 4450 memoria
2347 4394 2406 4451 S.
2450 4396 2679 4464 Philippi
2740 4391 2971 4464 apostoli
3024 4392 3079 4446 itt
3133 4389 3530 4463 antiquissimis
3582 4390 3762 4449 Fastis
3812 4389 4054 4446 Latinis-

807 4490 1187 4543 Pervetustnm
1242 4483 1607 4559 Martyrologii
1655 4487 2072 4562 Hieronymiani
2124 4492 2515 4563 apographum,
2557 4506 2585 4543 a
2629 4488 2775 4543 mille
2821 4502 2988 4558 prope
3037 4487 3198 4543 annis
3248 4498 3556 4556 exaratum,
3609 4504 3717 4559 quo
3770 4488 3840 4543 ab
3893 4487 4053 4541 initio

809 4580 991 4648 operis
1023 4588 1082 4633 ut
1116 4589 1300 4634 nostro
1333 4581 1415 4634 usi
1452 4595 1659 4647 sumus,
1684 4584 1940 4651 quodque
1975 4582 2463 4653 Epternacensibus
2500 4591 2553 4636 ut
2586 4598 2743 4637 suum
2779 4579 3121 4648 exigentibus
3159 4579 3511 4645 reddidimus,
3554 4578 3717 4633 habet
3769 4579 4057 4646 praalixum

811 4673 1108 4728 lndiculnm
1140 4673 1203 4727 de
1223 4674 1373 4729 festis
1404 4676 1768 4744 apostolorum
1790 4676 1997 4740 diebus,
2028 4686 2081 4730 et
2117 4676 2401 4731 referenda
2434 4678 2499 4731 ad
2534 4676 2800 4730 Kalendas
2831 4672 2950 4728 Maii
2986 4675 3088 4728 ista
3117 4670 3359 4742 saggerit
3392 4689 3406 4727 :
3443 4691 3479 4724 ‹·
3501 4671 3707 4730 Natalis
3734 4668 3793 4723 S.
3817 4667 4056 4736 Philippi

812 4765 1061 4833 apostoli,
1093 4765 1145 4818 in
1178 4766 1399 4819 civitate
1442 4766 1711 4837 Hierapoli
1762 4768 2052 4837 provincia:
2094 4767 2255 4821 Asia}.
2294 4787 2310 4819 ι
2344 4767 2542 4821 Verum
2581 4767 2633 4820 in
2667 4775 2915 4820 contextu
2946 4764 3313 4836 Martyrologii
3352 4764 3418 4818 ad
3451 4761 3723 4817 Kalendas
3754 4758 3880 4816 Maii
3938 4761 4055 4816 hate

811 4858 983 4911 solum
1028 4857 1277 4927 leguntur
1316 4875 1331 4912 :
1373 4878 1391 4909 ι
1435 4856 1637 4913 Natalis
1665 4870 1973 4914 sanctorum
2007 4862 2373 4930 apostolorum
2406 4858 2634 4927 Philippi
2660 4868 2715 4913 et
2738 4856 2941 4912 Jacobi.
2981 4876 2999 4908 ›
3033 4856 3090 4911 ltt
3126 4858 3434 4926 apographo
3463 4854 3780 4911 Corbeicnsi
3818 4855 4055 4911 Parisiis

812 4963 1010 5002 excuso
1068 4948 1311 5018 ejusdem
1349 4948 1713 5019 Martyrologii
1755 4948 2159 5021 llieronygniani
2196 4953 2267 5007 ita
2300 4951 2537 5005 habetur
2588 4969 2599 5004 :
2638 4969 2655 5000 ι
2686 4951 2742 5004 ιη
2795 4950 2924 5003 Asia
2961 4948 3232 5018 llierapoli
3272 4949 3376 5005 SS.
3430 4948 3663 5020 Philippi
3717 4948 3952 5017 apostoli
4004 4957 4058 5004 et

813 5039 1020 5094 Jacobi.
1065 5058 1085 5092 ι
1125 5040 1199 5095 De
1242 5038 1298 5093 S.
1338 5037 1563 5104 Jacobo,
1616 5041 1707 5106 qui
1756 5055 1859 5095 non
1904 5051 2112 5111 spectat
2170 5044 2237 5096 ad
2287 5039 2639 5109 Hierapolim,
2693 5058 2814 5095 mox
2872 5042 3102 5095 seorsim
3160 5057 3399 5112 agemus.
3450 5041 3660 5096 Similia
3710 5042 3776 5097 de
3816 5052 4055 5112 utroque

814 5137 1081 5190 habentur
1104 5132 1158 5187 in
1188 5133 1585 5202 antiquioribus
1620 5132 1795 5189 Fastis
1826 5149 1957 5189 mss.
1986 5150 2122 5204 quos
2152 5151 2255 5190 non
2282 5143 2364 5190 est
2394 5149 2571 5204 Operae
2605 5135 2841 5205 pretium
2898 5134 3161 5189 indicare.
3192 5134 3527 5189 Venerabilis
3556 5134 3694 5188 Beda
3726 5134 3778 5189 in
3808 5135 4055 5201 genuino
4101 5156 4114 5169 -

816 5244 915 5283 suo
965 5226 1372 5297 Martyrologio,
1404 5226 1548 5295 quod
1586 5234 1709 5279 ante
1765 5236 1965 5279 tomum
2012 5229 2307 5281 secundum
2351 5229 2608 5282 Actorum
2651 5227 2826 5282 Martii
2863 5242 2929 5282 ex
2975 5236 3098 5281 octo
3142 5227 3380 5295 antiquis
3433 5228 3707 5282 codicibus
3752 5226 4050 5289 edidimus,

816 5325 919 5377 ista
954 5322 1143 5376 scribit
1184 5338 1195 5375 :
1242 5340 1260 5373 ι
1304 5321 1359 5375 In
1397 5319 1668 5389 Hierapoli
1701 5316 1931 5389 Philippi
1967 5322 2217 5388 apostoli,
2254 5331 2306 5376 et
2341 5321 2524 5377 Jacobi
2562 5321 2786 5391 apostoli
2816 5320 2999 5374 fratris
3036 5318 3267 5375 Domini.
3309 5339 3325 5371 ι
3362 5321 3519 5373 Addit
3558 5319 3753 5373 Florus
3785 5336 3799 5373 :
3840 5337 3861 5371 ι
3896 5317 4052 5386 Quo-

816 5427 934 5467 rum
962 5412 1165 5481 primus
1195 5413 1245 5465 in
1273 5411 1398 5466 Asia
1431 5411 1485 5465 in
1516 5409 1732 5465 civitate
1782 5410 2048 5481 Hierapoli
2091 5412 2377 5481 provincia!
2416 5411 2657 5484 Phrygia:
2677 5426 2866 5482 passus
2895 5422 2999 5477 est,
3036 5412 3215 5482 ibique
3263 5427 3381 5466 cum
3421 5410 3630 5466 liliabus
3682 5413 3795 5467 suis
3829 5413 4052 5483 requie-

815 5508 937 5560 scit.
973 5524 991 5556 ι
1028 5504 1301 5568 Rabanus,
1333 5513 1489 5559 aetate
1524 5504 1823 5572 proximus,
1857 5505 1935 5557 sic
1966 5505 2158 5560 scribit
2196 5524 2209 5560 :
2249 5524 2267 5557 ι
2303 5506 2357 5561 in
2393 5506 2663 5575 Hierapoli
2694 5506 2921 5577 Philippi
2960 5505 3213 5572 apostoli,
3252 5504 3341 5573 qui
3374 5501 3754 5559 Ebionitarum
3786 5505 4046 5562 bmresim

809 5600 1089 5665 exstinxit,
1125 5610 1178 5653 et
1211 5598 1413 5667 quievit
1461 5598 1511 5651 in
1545 5610 1694 5665 pace.
1738 5614 1755 5646 ›
1800 5596 2078 5654 Usuardus
2109 5602 2314 5671 scripto
2360 5601 2779 5657 mandavitth
2820 5600 2980 5654 verba
3020 5618 3032 5653 :
3070 5621 3087 5651 ι
3145 5597 3336 5653 Natale
3394 5597 3756 5666 apostolorum
3812 5598 4052 5669 Philippi

808 5702 859 5743 et
900 5690 1109 5752 Jacobi,
1143 5707 1204 5745 ex
1246 5691 1439 5757 quibus
1487 5688 1764 5759 Philippus
1818 5698 2097 5769 postquam
2151 5695 2425 5763 Scythiam
2492 5695 2554 5749 ad
2605 5693 2760 5750 fidem
2813 5694 3009 5749 Christi
3065 5693 3438 5755 convertisset,
3488 5689 3627 5762 apud
3685 5690 4044 5763 Hierapolim,

812 5788 948 5841 Asiae
981 5787 1275 5851 civitatem,
1313 5786 1543 5855 gloriose
1578 5790 1677 5840 line
1716 5790 1937 5858 quiet‘tt.
