  <div class='ocr_page' id='page_1' title='image "/cluster/home/n/w/nwhite01/storage/ocr_20150623/115/pst.000005714285/122.png"; bbox 0 0 4196 6306; ppageno 0'>
   <div class='ocr_carea' id='block_1_1' title="bbox 153 379 3412 453">
    <p class='ocr_par' dir='ltr' id='par_1_1' title="bbox 153 379 3412 453">
     <span class='ocr_line' id='line_1_1' title="bbox 153 379 3412 453; baseline 0.002 -12"><span class='ocrx_word' id='word_1_1' title='bbox 153 379 248 442; x_wconf 79' lang='lat'><strong>185</strong></span> <span class='ocrx_word' id='word_1_2' title='bbox 1213 384 1393 442; x_wconf 74' lang='lat' dir='ltr'><strong>VITA</strong></span> <span class='ocrx_word' id='word_1_3' title='bbox 1437 385 1497 443; x_wconf 92' lang='lat' dir='ltr'><strong>S.</strong></span> <span class='ocrx_word' id='word_1_4' title='bbox 1544 383 1890 444; x_wconf 83' lang='lat' dir='ltr'><strong>PlIlLIPPI</strong></span> <span class='ocrx_word' id='word_1_5' title='bbox 1931 383 2321 448; x_wconf 77' lang='lat' dir='ltr'><strong>APOSTOLI.</strong></span> <span class='ocrx_word' id='word_1_6' title='bbox 3309 383 3412 453; x_wconf 82' lang='lat'><strong>186</strong></span> 
     </span>
    </p>
   </div>
   <div class='ocr_carea' id='block_1_2' title="bbox 210 490 3412 564">
    <p class='ocr_par' dir='ltr' id='par_1_2' title="bbox 210 490 3412 564">
     <span class='ocr_line' id='line_1_2' title="bbox 210 490 3412 564; baseline 0 -19"><span class='ocrx_word' id='word_1_7' title='bbox 210 493 264 546; x_wconf 71' lang='lat'><strong>2.</strong></span> <span class='ocrx_word' id='word_1_8' title='bbox 287 492 408 546; x_wconf 84' lang='lat' dir='ltr'><strong>Ado</strong></span> <span class='ocrx_word' id='word_1_9' title='bbox 440 492 891 563; x_wconf 83' lang='lat' dir='ltr'><strong>archiepiscopus</strong></span> <span class='ocrx_word' id='word_1_10' title='bbox 914 491 1261 559; x_wconf 82' lang='lat' dir='ltr'><strong>Viennensis,</strong></span> <span class='ocrx_word' id='word_1_11' title='bbox 1285 495 1336 547; x_wconf 91' lang='lat' dir='ltr'><strong>in</strong></span> <span class='ocrx_word' id='word_1_12' title='bbox 1366 495 1546 549; x_wconf 88' lang='lat' dir='ltr'><strong>libello</strong></span> <span class='ocrx_word' id='word_1_13' title='bbox 1578 495 1652 549; x_wconf 88' lang='lat' dir='ltr'><strong>De</strong></span> <span class='ocrx_word' id='word_1_14' title='bbox 1675 495 2049 562; x_wconf 77' lang='lat' dir='ltr'><strong>festirilatibus</strong></span> <span class='ocrx_word' id='word_1_15' title='bbox 2072 505 2374 548; x_wconf 77' lang='lat' dir='ltr'><strong>sanctorum</strong></span> <span class='ocrx_word' id='word_1_16' title='bbox 2406 493 2791 562; x_wconf 78' lang='lat' dir='ltr'><strong>apostolorum,</strong></span> <span class='ocrx_word' id='word_1_17' title='bbox 2813 493 2914 547; x_wconf 92' lang='lat' dir='ltr'><strong>hoc</strong></span> <span class='ocrx_word' id='word_1_18' title='bbox 2937 493 3171 564; x_wconf 75' lang='lat' dir='ltr'><strong>elogium</strong></span> <span class='ocrx_word' id='word_1_19' title='bbox 3205 490 3412 546; x_wconf 87' lang='lat' dir='ltr'><strong>edidit:</strong></span> 
     </span>
    </p>
   </div>
   <div class='ocr_carea' id='block_1_3' title="bbox 153 583 3412 657">
    <p class='ocr_par' dir='ltr' id='par_1_3' title="bbox 153 583 3412 657">
     <span class='ocr_line' id='line_1_3' title="bbox 153 583 3412 657; baseline 0 -20"><span class='ocrx_word' id='word_1_20' title='bbox 153 605 168 637; x_wconf 74' lang='lat' dir='ltr'><strong>t</strong></span> <span class='ocrx_word' id='word_1_21' title='bbox 209 583 420 640; x_wconf 81' lang='lat' dir='ltr'><strong>Natalis</strong></span> <span class='ocrx_word' id='word_1_22' title='bbox 459 585 743 640; x_wconf 76' lang='lat' dir='ltr'><strong>beatorum</strong></span> <span class='ocrx_word' id='word_1_23' title='bbox 793 586 1159 653; x_wconf 71' lang='lat' dir='ltr'><strong>apostolorum</strong></span> <span class='ocrx_word' id='word_1_24' title='bbox 1208 586 1440 656; x_wconf 78' lang='lat' dir='ltr'><strong>Philippi</strong></span> <span class='ocrx_word' id='word_1_25' title='bbox 1475 598 1529 643; x_wconf 91' lang='lat' dir='ltr'><strong>et</strong></span> <span class='ocrx_word' id='word_1_26' title='bbox 1569 588 1757 644; x_wconf 86' lang='lat' dir='ltr'><strong>Jacobi</strong></span> <span class='ocrx_word' id='word_1_27' title='bbox 1795 605 1906 642; x_wconf 83' lang='lat' dir='ltr'><strong>:ex</strong></span> <span class='ocrx_word' id='word_1_28' title='bbox 1952 590 2151 656; x_wconf 78' lang='lat' dir='ltr'><strong>quibus</strong></span> <span class='ocrx_word' id='word_1_29' title='bbox 2194 589 2499 656; x_wconf 82' lang='lat' dir='ltr'><strong>Philippus,</strong></span> <span class='ocrx_word' id='word_1_30' title='bbox 2532 602 2652 641; x_wconf 89' lang='lat' dir='ltr'><strong>cum</strong></span> <span class='ocrx_word' id='word_1_31' title='bbox 2703 601 2838 655; x_wconf 92' lang='lat' dir='ltr'><strong>pene</strong></span> <span class='ocrx_word' id='word_1_32' title='bbox 2869 587 3148 657; x_wconf 88' lang='lat' dir='ltr'><strong>Scythiam</strong></span> <span class='ocrx_word' id='word_1_33' title='bbox 3181 600 3412 640; x_wconf 83' lang='lat' dir='ltr'><strong>conver-</strong></span> 
     </span>
    </p>
   </div>
   <div class='ocr_carea' id='block_1_4' title="bbox 147 678 3408 750">
    <p class='ocr_par' dir='ltr' id='par_1_4' title="bbox 147 678 3408 750">
     <span class='ocr_line' id='line_1_4' title="bbox 147 678 3408 750; baseline 0 -19"><span class='ocrx_word' id='word_1_34' title='bbox 147 680 320 742; x_wconf 86' lang='lat' dir='ltr'><strong>tisset,</strong></span> <span class='ocrx_word' id='word_1_35' title='bbox 359 678 705 744; x_wconf 82' lang='lat' dir='ltr'><strong>diacOnibus,</strong></span> <span class='ocrx_word' id='word_1_36' title='bbox 738 678 1066 747; x_wconf 75' lang='lat' dir='ltr'><strong>presbyteris</strong></span> <span class='ocrx_word' id='word_1_37' title='bbox 1105 690 1160 732; x_wconf 91' lang='lat' dir='ltr'><strong>et</strong></span> <span class='ocrx_word' id='word_1_38' title='bbox 1207 681 1478 750; x_wconf 78' lang='lat' dir='ltr'><strong>episcopis</strong></span> <span class='ocrx_word' id='word_1_39' title='bbox 1511 681 1581 734; x_wconf 90' lang='lat' dir='ltr'><strong>ibi</strong></span> <span class='ocrx_word' id='word_1_40' title='bbox 1620 683 1951 741; x_wconf 87' lang='lat' dir='ltr'><strong>constitutis,</strong></span> <span class='ocrx_word' id='word_1_41' title='bbox 1986 695 2241 735; x_wconf 91' lang='lat' dir='ltr'><strong>reversus</strong></span> <span class='ocrx_word' id='word_1_42' title='bbox 2272 690 2354 735; x_wconf 89' lang='lat' dir='ltr'><strong>est</strong></span> <span class='ocrx_word' id='word_1_43' title='bbox 2384 681 2450 734; x_wconf 88' lang='lat' dir='ltr'><strong>ad</strong></span> <span class='ocrx_word' id='word_1_44' title='bbox 2483 682 2692 745; x_wconf 78' lang='lat' dir='ltr'><strong>Asiam,</strong></span> <span class='ocrx_word' id='word_1_45' title='bbox 2721 680 2808 735; x_wconf 82' lang='lat' dir='ltr'><strong>tibi</strong></span> <span class='ocrx_word' id='word_1_46' title='bbox 2842 680 3097 734; x_wconf 87' lang='lat' dir='ltr'><strong>continua</strong></span> <span class='ocrx_word' id='word_1_47' title='bbox 3137 681 3408 747; x_wconf 67' lang='lat' dir='ltr'><strong>praedica-</strong></span> 
     </span>
    </p>
   </div>
   <div class='ocr_carea' id='block_1_5' title="bbox 152 773 3410 845">
    <p class='ocr_par' dir='ltr' id='par_1_5' title="bbox 152 773 3410 845">
     <span class='ocr_line' id='line_1_5' title="bbox 152 773 3410 845; baseline 0.001 -21"><span class='ocrx_word' id='word_1_48' title='bbox 152 774 294 826; x_wconf 89' lang='lat' dir='ltr'><strong>tione</strong></span> <span class='ocrx_word' id='word_1_49' title='bbox 324 788 424 840; x_wconf 88' lang='lat' dir='ltr'><strong>per</strong></span> <span class='ocrx_word' id='word_1_50' title='bbox 456 773 663 844; x_wconf 75' lang='lat' dir='ltr'><strong>aliquot</strong></span> <span class='ocrx_word' id='word_1_51' title='bbox 697 790 868 830; x_wconf 88' lang='lat' dir='ltr'><strong>annos</strong></span> <span class='ocrx_word' id='word_1_52' title='bbox 903 777 1192 840; x_wconf 87' lang='lat' dir='ltr'><strong>insistens,</strong></span> <span class='ocrx_word' id='word_1_53' title='bbox 1243 774 1647 830; x_wconf 81' lang='lat' dir='ltr'><strong>multitudinem</strong></span> <span class='ocrx_word' id='word_1_54' title='bbox 1706 777 2020 845; x_wconf 85' lang='lat' dir='ltr'><strong>populorum</strong></span> <span class='ocrx_word' id='word_1_55' title='bbox 2061 773 2300 838; x_wconf 88' lang='lat' dir='ltr'><strong>Christo,</strong></span> <span class='ocrx_word' id='word_1_56' title='bbox 2351 775 2626 830; x_wconf 89' lang='lat' dir='ltr'><strong>laboribus</strong></span> <span class='ocrx_word' id='word_1_57' title='bbox 2674 777 2778 843; x_wconf 90' lang='lat' dir='ltr'><strong>piis</strong></span> <span class='ocrx_word' id='word_1_58' title='bbox 2821 790 3034 844; x_wconf 81' lang='lat' dir='ltr'><strong>semper</strong></span> <span class='ocrx_word' id='word_1_59' title='bbox 3078 775 3410 840; x_wconf 80' lang='lat' dir='ltr'><strong>inserviens,</strong></span> 
     </span>
    </p>
   </div>
   <div class='ocr_carea' id='block_1_6' title="bbox 149 865 3404 938">
    <p class='ocr_par' dir='ltr' id='par_1_6' title="bbox 149 865 3404 938">
     <span class='ocr_line' id='line_1_6' title="bbox 149 865 3404 938; baseline 0.001 -20"><span class='ocrx_word' id='word_1_60' title='bbox 149 865 397 922; x_wconf 89' lang='lat' dir='ltr'><strong>lucratus</strong></span> <span class='ocrx_word' id='word_1_61' title='bbox 426 878 512 920; x_wconf 90' lang='lat' dir='ltr'><strong>est</strong></span> <span class='ocrx_word' id='word_1_62' title='bbox 545 885 558 922; x_wconf 90' lang='lat'><strong>:</strong></span> <span class='ocrx_word' id='word_1_63' title='bbox 592 870 793 936; x_wconf 87' lang='lat' dir='ltr'><strong>quique</strong></span> <span class='ocrx_word' id='word_1_64' title='bbox 829 870 969 938; x_wconf 91' lang='lat' dir='ltr'><strong>apud</strong></span> <span class='ocrx_word' id='word_1_65' title='bbox 1003 867 1334 935; x_wconf 78' lang='lat' dir='ltr'><strong>Hierapolim</strong></span> <span class='ocrx_word' id='word_1_66' title='bbox 1369 870 1510 923; x_wconf 64' lang='lat' dir='ltr'><strong>Asiae</strong></span> <span class='ocrx_word' id='word_1_67' title='bbox 1540 869 1814 922; x_wconf 87' lang='lat' dir='ltr'><strong>civitatem</strong></span> <span class='ocrx_word' id='word_1_68' title='bbox 1846 868 2102 922; x_wconf 80' lang='lat' dir='ltr'><strong>dormivit</strong></span> <span class='ocrx_word' id='word_1_69' title='bbox 2134 882 2257 922; x_wconf 86' lang='lat' dir='ltr'><strong>cum</strong></span> <span class='ocrx_word' id='word_1_70' title='bbox 2291 867 2531 937; x_wconf 84' lang='lat' dir='ltr'><strong>patribus</strong></span> <span class='ocrx_word' id='word_1_71' title='bbox 2558 867 2692 932; x_wconf 87' lang='lat' dir='ltr'><strong>suis,</strong></span> <span class='ocrx_word' id='word_1_72' title='bbox 2723 867 2884 922; x_wconf 88' lang='lat' dir='ltr'><strong>beato</strong></span> <span class='ocrx_word' id='word_1_73' title='bbox 2935 868 3041 921; x_wconf 88' lang='lat' dir='ltr'><strong>line</strong></span> <span class='ocrx_word' id='word_1_74' title='bbox 3082 867 3344 936; x_wconf 85' lang='lat' dir='ltr'><strong>sepultus.</strong></span> <span class='ocrx_word' id='word_1_75' title='bbox 3384 889 3404 922; x_wconf 75' lang='grc' dir='ltr'><strong><em>ι</em></strong></span> 
     </span>
    </p>
   </div>
   <div class='ocr_carea' id='block_1_7' title="bbox 149 958 3409 1032">
    <p class='ocr_par' dir='ltr' id='par_1_7' title="bbox 149 958 3409 1032">
     <span class='ocr_line' id='line_1_7' title="bbox 149 958 3409 1032; baseline -0 -17"><span class='ocrx_word' id='word_1_76' title='bbox 149 961 271 1015; x_wconf 71' lang='lat' dir='ltr'><strong>llaec</strong></span> <span class='ocrx_word' id='word_1_77' title='bbox 309 964 426 1016; x_wconf 73' lang='grc' dir='ltr'><strong>Δύο</strong></span> <span class='ocrx_word' id='word_1_78' title='bbox 455 980 468 1026; x_wconf 92' lang='grc'>;</span> <span class='ocrx_word' id='word_1_79' title='bbox 500 964 700 1032; x_wconf 87' lang='lat' dir='ltr'><strong>quibus</strong></span> <span class='ocrx_word' id='word_1_80' title='bbox 735 964 885 1017; x_wconf 85' lang='lat' dir='ltr'><strong>addit</strong></span> <span class='ocrx_word' id='word_1_81' title='bbox 921 963 1190 1017; x_wconf 79' lang='lat' dir='ltr'><strong>Notkerus</strong></span> <span class='ocrx_word' id='word_1_82' title='bbox 1221 981 1234 1016; x_wconf 93' lang='lat'><strong>:</strong></span> <span class='ocrx_word' id='word_1_83' title='bbox 1281 983 1297 1014; x_wconf 84' lang='grc'><strong><em>‹</em></strong></span> <span class='ocrx_word' id='word_1_84' title='bbox 1337 963 1613 1017; x_wconf 81' lang='lat' dir='ltr'><strong>Exstincta</strong></span> <span class='ocrx_word' id='word_1_85' title='bbox 1660 961 1852 1016; x_wconf 63' lang='lat' dir='ltr'><strong>haeresi</strong></span> <span class='ocrx_word' id='word_1_86' title='bbox 1903 961 2298 1026; x_wconf 82' lang='lat' dir='ltr'><strong>Ebionitarum,</strong></span> <span class='ocrx_word' id='word_1_87' title='bbox 2329 961 2420 1030; x_wconf 87' lang='lat' dir='ltr'><strong>qui</strong></span> <span class='ocrx_word' id='word_1_88' title='bbox 2459 959 2733 1015; x_wconf 77' lang='lat' dir='ltr'><strong>Christum</strong></span> <span class='ocrx_word' id='word_1_89' title='bbox 2765 958 2948 1015; x_wconf 90' lang='lat' dir='ltr'><strong>Jesum</strong></span> <span class='ocrx_word' id='word_1_90' title='bbox 3000 970 3123 1015; x_wconf 85' lang='lat' dir='ltr'><strong>ante</strong></span> <span class='ocrx_word' id='word_1_91' title='bbox 3155 961 3409 1015; x_wconf 77' lang='lat' dir='ltr'><strong>lncarna-</strong></span> 
     </span>
    </p>
   </div>
   <div class='ocr_carea' id='block_1_8' title="bbox 148 1053 3408 1128">
    <p class='ocr_par' dir='ltr' id='par_1_8' title="bbox 148 1053 3408 1128">
     <span class='ocr_line' id='line_1_8' title="bbox 148 1053 3408 1128; baseline 0 -19"><span class='ocrx_word' id='word_1_92' title='bbox 148 1057 307 1111; x_wconf 77' lang='lat' dir='ltr'><strong>tionis</strong></span> <span class='ocrx_word' id='word_1_93' title='bbox 345 1067 559 1128; x_wconf 83' lang='lat' dir='ltr'><strong>tempus</strong></span> <span class='ocrx_word' id='word_1_94' title='bbox 592 1059 760 1111; x_wconf 79' lang='lat' dir='ltr'><strong>fuisse</strong></span> <span class='ocrx_word' id='word_1_95' title='bbox 802 1059 1092 1128; x_wconf 83' lang='lat' dir='ltr'><strong>negabant.</strong></span> <span class='ocrx_word' id='word_1_96' title='bbox 1133 1079 1151 1110; x_wconf 82' lang='grc'>›</span> <span class='ocrx_word' id='word_1_97' title='bbox 1191 1057 1248 1111; x_wconf 87' lang='lat' dir='ltr'><strong>In</strong></span> <span class='ocrx_word' id='word_1_98' title='bbox 1278 1058 1546 1112; x_wconf 86' lang='lat' dir='ltr'><strong>hodierno</strong></span> <span class='ocrx_word' id='word_1_99' title='bbox 1583 1055 1970 1125; x_wconf 83' lang='lat' dir='ltr'><strong>Martyrologio</strong></span> <span class='ocrx_word' id='word_1_100' title='bbox 2013 1053 2254 1107; x_wconf 78' lang='lat' dir='ltr'><strong>Romano</strong></span> <span class='ocrx_word' id='word_1_101' title='bbox 2304 1054 2578 1107; x_wconf 88' lang='lat' dir='ltr'><strong>adduntur</strong></span> <span class='ocrx_word' id='word_1_102' title='bbox 2612 1056 2864 1108; x_wconf 86' lang='lat' dir='ltr'><strong>nonnulla</strong></span> <span class='ocrx_word' id='word_1_103' title='bbox 2899 1055 2965 1107; x_wconf 85' lang='lat' dir='ltr'><strong>de</strong></span> <span class='ocrx_word' id='word_1_104' title='bbox 2995 1054 3111 1122; x_wconf 87' lang='lat' dir='ltr'><strong>ejus</strong></span> <span class='ocrx_word' id='word_1_105' title='bbox 3145 1058 3408 1126; x_wconf 85' lang='lat' dir='ltr'><strong>martyrio</strong></span> 
     </span>
    </p>
   </div>
   <div class='ocr_carea' id='block_1_9' title="bbox 144 1144 3403 1218">
    <p class='ocr_par' dir='ltr' id='par_1_9' title="bbox 144 1144 3403 1218">
     <span class='ocr_line' id='line_1_9' title="bbox 144 1144 3403 1218; baseline 0 -17"><span class='ocrx_word' id='word_1_106' title='bbox 144 1150 225 1202; x_wconf 90' lang='lat' dir='ltr'><strong>bis</strong></span> <span class='ocrx_word' id='word_1_107' title='bbox 260 1150 445 1203; x_wconf 82' lang='lat' dir='ltr'><strong>verbis</strong></span> <span class='ocrx_word' id='word_1_108' title='bbox 482 1167 495 1204; x_wconf 91' lang='lat'><strong>:</strong></span> <span class='ocrx_word' id='word_1_109' title='bbox 531 1171 549 1201; x_wconf 75' lang='grc' dir='ltr'>ι</span> <span class='ocrx_word' id='word_1_110' title='bbox 590 1148 794 1206; x_wconf 82' lang='lat' dir='ltr'><strong>Natalis</strong></span> <span class='ocrx_word' id='word_1_111' title='bbox 837 1152 1116 1206; x_wconf 89' lang='lat' dir='ltr'><strong>beatorum</strong></span> <span class='ocrx_word' id='word_1_112' title='bbox 1156 1152 1527 1218; x_wconf 84' lang='lat' dir='ltr'><strong>apostolorum</strong></span> <span class='ocrx_word' id='word_1_113' title='bbox 1575 1149 1804 1216; x_wconf 83' lang='lat' dir='ltr'><strong>Philippi</strong></span> <span class='ocrx_word' id='word_1_114' title='bbox 1843 1157 1897 1202; x_wconf 91' lang='lat' dir='ltr'><strong>et</strong></span> <span class='ocrx_word' id='word_1_115' title='bbox 1940 1146 2147 1209; x_wconf 78' lang='lat' dir='ltr'><strong>Jacobi,</strong></span> <span class='ocrx_word' id='word_1_116' title='bbox 2181 1162 2245 1200; x_wconf 84' lang='lat' dir='ltr'><strong>ex</strong></span> <span class='ocrx_word' id='word_1_117' title='bbox 2281 1146 2478 1215; x_wconf 88' lang='lat' dir='ltr'><strong>quibus</strong></span> <span class='ocrx_word' id='word_1_118' title='bbox 2523 1144 2826 1215; x_wconf 81' lang='lat' dir='ltr'><strong>Philippus,</strong></span> <span class='ocrx_word' id='word_1_119' title='bbox 2864 1157 3147 1214; x_wconf 85' lang='lat' dir='ltr'><strong>postquam</strong></span> <span class='ocrx_word' id='word_1_120' title='bbox 3188 1163 3403 1202; x_wconf 87' lang='lat' dir='ltr'><strong>omnem</strong></span> 
     </span>
    </p>
   </div>
   <div class='ocr_carea' id='block_1_10' title="bbox 145 1241 3408 1313">
    <p class='ocr_par' dir='ltr' id='par_1_10' title="bbox 145 1241 3408 1313">
     <span class='ocr_line' id='line_1_10' title="bbox 145 1241 3408 1313; baseline 0.001 -20"><span class='ocrx_word' id='word_1_121' title='bbox 145 1244 250 1295; x_wconf 82' lang='lat' dir='ltr'><strong>fere</strong></span> <span class='ocrx_word' id='word_1_122' title='bbox 310 1242 593 1312; x_wconf 82' lang='lat' dir='ltr'><strong>Scythiam</strong></span> <span class='ocrx_word' id='word_1_123' title='bbox 631 1244 695 1295; x_wconf 88' lang='lat' dir='ltr'><strong>ad</strong></span> <span class='ocrx_word' id='word_1_124' title='bbox 748 1245 903 1296; x_wconf 86' lang='lat' dir='ltr'><strong>tidem</strong></span> <span class='ocrx_word' id='word_1_125' title='bbox 939 1244 1140 1297; x_wconf 82' lang='lat' dir='ltr'><strong>Christi</strong></span> <span class='ocrx_word' id='word_1_126' title='bbox 1177 1245 1557 1306; x_wconf 66' lang='lat' dir='ltr'><strong>convertisset,</strong></span> <span class='ocrx_word' id='word_1_127' title='bbox 1604 1245 1743 1313; x_wconf 87' lang='lat' dir='ltr'><strong>apud</strong></span> <span class='ocrx_word' id='word_1_128' title='bbox 1778 1242 2102 1310; x_wconf 84' lang='lat' dir='ltr'><strong>Hierapolim</strong></span> <span class='ocrx_word' id='word_1_129' title='bbox 2135 1241 2275 1294; x_wconf 74' lang='lat' dir='ltr'><strong>Asia:</strong></span> <span class='ocrx_word' id='word_1_130' title='bbox 2309 1241 2604 1304; x_wconf 84' lang='lat' dir='ltr'><strong>civitatem,</strong></span> <span class='ocrx_word' id='word_1_131' title='bbox 2645 1243 2792 1295; x_wconf 89' lang='lat' dir='ltr'><strong>cruci</strong></span> <span class='ocrx_word' id='word_1_132' title='bbox 2816 1241 3104 1304; x_wconf 70' lang='lat' dir='ltr'><strong>allixus,ct</strong></span> <span class='ocrx_word' id='word_1_133' title='bbox 3142 1243 3408 1310; x_wconf 72' lang='lat' dir='ltr'><strong>lapidibus</strong></span> 
     </span>
    </p>
   </div>
   <div class='ocr_carea' id='block_1_11' title="bbox 144 1335 3403 1409">
    <p class='ocr_par' dir='ltr' id='par_1_11' title="bbox 144 1335 3403 1409">
     <span class='ocr_line' id='line_1_11' title="bbox 144 1335 3403 1409; baseline 0.002 -23"><span class='ocrx_word' id='word_1_134' title='bbox 144 1335 398 1400; x_wconf 86' lang='lat' dir='ltr'><strong>obrutus,</strong></span> <span class='ocrx_word' id='word_1_135' title='bbox 433 1337 673 1407; x_wconf 83' lang='lat' dir='ltr'><strong>glorioso</strong></span> <span class='ocrx_word' id='word_1_136' title='bbox 705 1338 812 1392; x_wconf 79' lang='lat' dir='ltr'><strong>line</strong></span> <span class='ocrx_word' id='word_1_137' title='bbox 844 1338 1070 1408; x_wconf 78' lang='lat' dir='ltr'><strong>quievit.</strong></span> <span class='ocrx_word' id='word_1_138' title='bbox 1110 1357 1129 1391; x_wconf 73' lang='grc' dir='ltr'><strong><em>ι</em></strong></span> <span class='ocrx_word' id='word_1_139' title='bbox 1166 1337 1291 1393; x_wconf 69' lang='lat' dir='ltr'><strong>llaec</strong></span> <span class='ocrx_word' id='word_1_140' title='bbox 1317 1339 1413 1406; x_wconf 86' lang='lat' dir='ltr'><strong>ibi,</strong></span> <span class='ocrx_word' id='word_1_141' title='bbox 1447 1339 1641 1407; x_wconf 80' lang='lat' dir='ltr'><strong>quibus</strong></span> <span class='ocrx_word' id='word_1_142' title='bbox 1668 1340 1863 1392; x_wconf 88' lang='lat' dir='ltr'><strong>similia</strong></span> <span class='ocrx_word' id='word_1_143' title='bbox 1893 1338 1946 1391; x_wconf 93' lang='lat' dir='ltr'><strong>in</strong></span> <span class='ocrx_word' id='word_1_144' title='bbox 1984 1354 2081 1392; x_wconf 87' lang='lat' dir='ltr'><strong>suo</strong></span> <span class='ocrx_word' id='word_1_145' title='bbox 2109 1337 2491 1409; x_wconf 83' lang='lat' dir='ltr'><strong>Martyrologio</strong></span> <span class='ocrx_word' id='word_1_146' title='bbox 2531 1339 2695 1391; x_wconf 83' lang='lat' dir='ltr'><strong>tradit</strong></span> <span class='ocrx_word' id='word_1_147' title='bbox 2725 1335 3054 1401; x_wconf 73' lang='lat' dir='ltr'><strong>Galesiuius,</strong></span> <span class='ocrx_word' id='word_1_148' title='bbox 3082 1339 3151 1392; x_wconf 82' lang='lat' dir='ltr'><strong>At</strong></span> <span class='ocrx_word' id='word_1_149' title='bbox 3180 1339 3403 1393; x_wconf 81' lang='lat' dir='ltr'><strong>Mauro-</strong></span> 
     </span>
    </p>
   </div>
   <div class='ocr_carea' id='block_1_12' title="bbox 144 1431 3404 1502">
    <p class='ocr_par' dir='ltr' id='par_1_12' title="bbox 144 1431 3404 1502">
     <span class='ocr_line' id='line_1_12' title="bbox 144 1431 3404 1502; baseline 0.001 -19"><span class='ocrx_word' id='word_1_150' title='bbox 144 1432 292 1500; x_wconf 83' lang='lat' dir='ltr'><strong>lyctts</strong></span> <span class='ocrx_word' id='word_1_151' title='bbox 331 1433 618 1496; x_wconf 81' lang='lat' dir='ltr'><strong>aliquanto</strong></span> <span class='ocrx_word' id='word_1_152' title='bbox 653 1432 810 1500; x_wconf 85' lang='lat' dir='ltr'><strong>plura</strong></span> <span class='ocrx_word' id='word_1_153' title='bbox 847 1435 1205 1494; x_wconf 87' lang='lat' dir='ltr'><strong>interserens,</strong></span> <span class='ocrx_word' id='word_1_154' title='bbox 1240 1452 1256 1485; x_wconf 80' lang='grc' dir='ltr'>ι</span> <span class='ocrx_word' id='word_1_155' title='bbox 1298 1433 1508 1499; x_wconf 83' lang='lat' dir='ltr'><strong>Natale,</strong></span> <span class='ocrx_word' id='word_1_156' title='bbox 1541 1434 1736 1502; x_wconf 87' lang='lat' dir='ltr'><strong>inquit,</strong></span> <span class='ocrx_word' id='word_1_157' title='bbox 1775 1434 2054 1486; x_wconf 85' lang='lat' dir='ltr'><strong>beatorum</strong></span> <span class='ocrx_word' id='word_1_158' title='bbox 2090 1434 2454 1500; x_wconf 76' lang='lat' dir='ltr'><strong>apostolorum</strong></span> <span class='ocrx_word' id='word_1_159' title='bbox 2500 1431 2734 1500; x_wconf 83' lang='lat' dir='ltr'><strong>Philippi</strong></span> <span class='ocrx_word' id='word_1_160' title='bbox 2768 1441 2825 1486; x_wconf 90' lang='lat' dir='ltr'><strong>et</strong></span> <span class='ocrx_word' id='word_1_161' title='bbox 2853 1431 3060 1496; x_wconf 77' lang='lat' dir='ltr'><strong>Jacobi,</strong></span> <span class='ocrx_word' id='word_1_162' title='bbox 3090 1449 3158 1488; x_wconf 80' lang='lat' dir='ltr'><strong>ex</strong></span> <span class='ocrx_word' id='word_1_163' title='bbox 3203 1435 3404 1502; x_wconf 88' lang='lat' dir='ltr'><strong>quibus</strong></span> 
     </span>
    </p>
   </div>
   <div class='ocr_carea' id='block_1_13' title="bbox 142 1525 3401 1599">
    <p class='ocr_par' dir='ltr' id='par_1_13' title="bbox 142 1525 3401 1599">
     <span class='ocr_line' id='line_1_13' title="bbox 142 1525 3401 1599; baseline 0 -21"><span class='ocrx_word' id='word_1_164' title='bbox 142 1525 439 1594; x_wconf 72' lang='lat' dir='ltr'><strong>Philippus,</strong></span> <span class='ocrx_word' id='word_1_165' title='bbox 474 1537 757 1596; x_wconf 88' lang='lat' dir='ltr'><strong>postquam</strong></span> <span class='ocrx_word' id='word_1_166' title='bbox 794 1526 1072 1599; x_wconf 81' lang='lat' dir='ltr'><strong>Scythiam</strong></span> <span class='ocrx_word' id='word_1_167' title='bbox 1099 1529 1164 1581; x_wconf 89' lang='lat' dir='ltr'><strong>ad</strong></span> <span class='ocrx_word' id='word_1_168' title='bbox 1195 1527 1351 1580; x_wconf 90' lang='lat' dir='ltr'><strong>lidem</strong></span> <span class='ocrx_word' id='word_1_169' title='bbox 1382 1527 1584 1582; x_wconf 86' lang='lat' dir='ltr'><strong>Christi</strong></span> <span class='ocrx_word' id='word_1_170' title='bbox 1619 1528 1904 1591; x_wconf 74' lang='lat' dir='ltr'><strong>convertit,</strong></span> <span class='ocrx_word' id='word_1_171' title='bbox 1936 1527 2023 1579; x_wconf 90' lang='lat' dir='ltr'><strong>ubi</strong></span> <span class='ocrx_word' id='word_1_172' title='bbox 2067 1527 2279 1594; x_wconf 86' lang='lat' dir='ltr'><strong>dejecto</strong></span> <span class='ocrx_word' id='word_1_173' title='bbox 2309 1525 2496 1581; x_wconf 84' lang='lat' dir='ltr'><strong>Martis</strong></span> <span class='ocrx_word' id='word_1_174' title='bbox 2529 1527 2822 1580; x_wconf 82' lang='lat' dir='ltr'><strong>simulacro</strong></span> <span class='ocrx_word' id='word_1_175' title='bbox 2857 1535 3111 1580; x_wconf 77' lang='lat' dir='ltr'><strong>erexerat</strong></span> <span class='ocrx_word' id='word_1_176' title='bbox 3158 1541 3401 1590; x_wconf 83' lang='lat' dir='ltr'><strong>crucem,</strong></span> 
     </span>
    </p>
   </div>
   <div class='ocr_carea' id='block_1_14' title="bbox 143 1617 3400 1690">
    <p class='ocr_par' dir='ltr' id='par_1_14' title="bbox 143 1617 3400 1690">
     <span class='ocr_line' id='line_1_14' title="bbox 143 1617 3400 1690; baseline -0.001 -18"><span class='ocrx_word' id='word_1_177' title='bbox 143 1629 195 1672; x_wconf 83' lang='lat' dir='ltr'><strong>et</strong></span> <span class='ocrx_word' id='word_1_178' title='bbox 236 1633 572 1674; x_wconf 87' lang='lat' dir='ltr'><strong>veneuosum</strong></span> <span class='ocrx_word' id='word_1_179' title='bbox 603 1621 900 1676; x_wconf 85' lang='lat' dir='ltr'><strong>draconem</strong></span> <span class='ocrx_word' id='word_1_180' title='bbox 936 1622 1357 1682; x_wconf 82' lang='lat' dir='ltr'><strong>exterminarat;</strong></span> <span class='ocrx_word' id='word_1_181' title='bbox 1403 1622 1541 1690; x_wconf 89' lang='lat' dir='ltr'><strong>apud</strong></span> <span class='ocrx_word' id='word_1_182' title='bbox 1581 1618 1909 1687; x_wconf 85' lang='lat' dir='ltr'><strong>Hierapolim</strong></span> <span class='ocrx_word' id='word_1_183' title='bbox 1954 1619 2228 1673; x_wconf 90' lang='lat' dir='ltr'><strong>civitatem</strong></span> <span class='ocrx_word' id='word_1_184' title='bbox 2259 1620 2402 1673; x_wconf 71' lang='lat' dir='ltr'><strong>Asia:</strong></span> <span class='ocrx_word' id='word_1_185' title='bbox 2450 1619 2686 1687; x_wconf 79' lang='lat' dir='ltr'><strong>glorioso</strong></span> <span class='ocrx_word' id='word_1_186' title='bbox 2740 1618 2845 1673; x_wconf 87' lang='lat' dir='ltr'><strong>line</strong></span> <span class='ocrx_word' id='word_1_187' title='bbox 2885 1617 3135 1686; x_wconf 82' lang='lat' dir='ltr'><strong>quievit:</strong></span> <span class='ocrx_word' id='word_1_188' title='bbox 3174 1619 3286 1672; x_wconf 87' lang='lat' dir='ltr'><strong>sive</strong></span> <span class='ocrx_word' id='word_1_189' title='bbox 3333 1621 3400 1672; x_wconf 86' lang='lat' dir='ltr'><strong>ab</strong></span> 
     </span>
    </p>
   </div>
   <div class='ocr_carea' id='block_1_15' title="bbox 141 1708 3402 1785">
    <p class='ocr_par' dir='ltr' id='par_1_15' title="bbox 141 1708 3402 1785">
     <span class='ocr_line' id='line_1_15' title="bbox 141 1708 3402 1785; baseline 0.002 -25"><span class='ocrx_word' id='word_1_190' title='bbox 141 1708 404 1766; x_wconf 84' lang='lat' dir='ltr'><strong>Ebionitis</strong></span> <span class='ocrx_word' id='word_1_191' title='bbox 435 1715 581 1769; x_wconf 86' lang='lat' dir='ltr'><strong>cruci</strong></span> <span class='ocrx_word' id='word_1_192' title='bbox 615 1712 803 1768; x_wconf 80' lang='lat' dir='ltr'><strong>allixus</strong></span> <span class='ocrx_word' id='word_1_193' title='bbox 836 1727 888 1769; x_wconf 89' lang='lat' dir='ltr'><strong>et</strong></span> <span class='ocrx_word' id='word_1_194' title='bbox 915 1716 1182 1785; x_wconf 79' lang='lat' dir='ltr'><strong>lapidatus</strong></span> <span class='ocrx_word' id='word_1_195' title='bbox 1211 1717 1465 1771; x_wconf 81' lang='lat' dir='ltr'><strong>occubuit</strong></span> <span class='ocrx_word' id='word_1_196' title='bbox 1495 1733 1507 1769; x_wconf 91' lang='lat'><strong>:</strong></span> <span class='ocrx_word' id='word_1_197' title='bbox 1536 1715 1686 1785; x_wconf 77' lang='lat' dir='ltr'><strong>juxta</strong></span> <span class='ocrx_word' id='word_1_198' title='bbox 1715 1729 1876 1784; x_wconf 84' lang='lat' dir='ltr'><strong>quem</strong></span> <span class='ocrx_word' id='word_1_199' title='bbox 1925 1715 2045 1768; x_wconf 65' lang='lat' dir='ltr'><strong>duas</strong></span> <span class='ocrx_word' id='word_1_200' title='bbox 2091 1713 2211 1768; x_wconf 76' lang='lat' dir='ltr'><strong>lilite</strong></span> <span class='ocrx_word' id='word_1_201' title='bbox 2267 1714 2387 1783; x_wconf 84' lang='lat' dir='ltr'><strong>ejus</strong></span> <span class='ocrx_word' id='word_1_202' title='bbox 2423 1715 2662 1783; x_wconf 83' lang='lat' dir='ltr'><strong>virgines</strong></span> <span class='ocrx_word' id='word_1_203' title='bbox 2713 1713 2990 1769; x_wconf 75' lang='lat' dir='ltr'><strong>tumulata:</strong></span> <span class='ocrx_word' id='word_1_204' title='bbox 3042 1725 3193 1778; x_wconf 90' lang='lat' dir='ltr'><strong>sunt;</strong></span> <span class='ocrx_word' id='word_1_205' title='bbox 3243 1715 3402 1770; x_wconf 79' lang='lat' dir='ltr'><strong>tertia</strong></span> 
     </span>
    </p>
   </div>
   <div class='ocr_carea' id='block_1_16' title="bbox 141 1801 3398 1880">
    <p class='ocr_par' dir='ltr' id='par_1_16' title="bbox 141 1801 3398 1880">
     <span class='ocr_line' id='line_1_16' title="bbox 141 1801 3398 1880; baseline 0.003 -28"><span class='ocrx_word' id='word_1_206' title='bbox 141 1801 332 1870; x_wconf 80' lang='lat' dir='ltr'><strong>Ephesi</strong></span> <span class='ocrx_word' id='word_1_207' title='bbox 364 1805 533 1875; x_wconf 79' lang='lat' dir='ltr'><strong>jacet.</strong></span> <span class='ocrx_word' id='word_1_208' title='bbox 573 1825 588 1858; x_wconf 72' lang='grc' dir='ltr'><strong><em>ι</em></strong></span> <span class='ocrx_word' id='word_1_209' title='bbox 623 1805 748 1862; x_wconf 73' lang='lat' dir='ltr'><strong>Haec</strong></span> <span class='ocrx_word' id='word_1_210' title='bbox 780 1807 1119 1880; x_wconf 83' lang='lat' dir='ltr'><strong>Maurolycus</strong></span> <span class='ocrx_word' id='word_1_211' title='bbox 1158 1828 1171 1863; x_wconf 90' lang='lat'><strong>:</strong></span> <span class='ocrx_word' id='word_1_212' title='bbox 1206 1819 1404 1878; x_wconf 75' lang='lat' dir='ltr'><strong>prmter</strong></span> <span class='ocrx_word' id='word_1_213' title='bbox 1435 1824 1554 1879; x_wconf 68' lang='lat' dir='ltr'><strong>quae</strong></span> <span class='ocrx_word' id='word_1_214' title='bbox 1585 1809 1972 1862; x_wconf 86' lang='lat' dir='ltr'><strong>Constantinus</strong></span> <span class='ocrx_word' id='word_1_215' title='bbox 1997 1805 2232 1863; x_wconf 79' lang='lat' dir='ltr'><strong>Felit-ius</strong></span> <span class='ocrx_word' id='word_1_216' title='bbox 2264 1807 2516 1861; x_wconf 86' lang='lat' dir='ltr'><strong>nonnulla</strong></span> <span class='ocrx_word' id='word_1_217' title='bbox 2551 1808 2742 1863; x_wconf 87' lang='lat' dir='ltr'><strong>miscet</strong></span> <span class='ocrx_word' id='word_1_218' title='bbox 2780 1823 2845 1861; x_wconf 81' lang='lat' dir='ltr'><strong>ex</strong></span> <span class='ocrx_word' id='word_1_219' title='bbox 2883 1807 3035 1861; x_wconf 89' lang='lat' dir='ltr'><strong>Actis</strong></span> <span class='ocrx_word' id='word_1_220' title='bbox 3077 1805 3304 1872; x_wconf 68' lang='lat' dir='ltr'><strong>Grtccis,</strong></span> <span class='ocrx_word' id='word_1_221' title='bbox 3332 1808 3398 1863; x_wconf 87' lang='lat' dir='ltr'><strong>de</strong></span> 
     </span>
    </p>
   </div>
   <div class='ocr_carea' id='block_1_17' title="bbox 137 1898 777 1970">
    <p class='ocr_par' dir='ltr' id='par_1_17' title="bbox 137 1898 777 1970">
     <span class='ocr_line' id='line_1_17' title="bbox 137 1898 777 1970; baseline 0.02 -25"><span class='ocrx_word' id='word_1_222' title='bbox 137 1898 332 1966; x_wconf 79' lang='lat' dir='ltr'><strong>quibus</strong></span> <span class='ocrx_word' id='word_1_223' title='bbox 367 1915 493 1955; x_wconf 81' lang='lat' dir='ltr'><strong>mox</strong></span> <span class='ocrx_word' id='word_1_224' title='bbox 524 1918 777 1970; x_wconf 82' lang='lat' dir='ltr'><strong>agemus.</strong></span> 
     </span>
    </p>
   </div>
   <div class='ocr_carea' id='block_1_18' title="bbox 201 1982 3403 2065">
    <p class='ocr_par' dir='ltr' id='par_1_18' title="bbox 201 1982 3403 2065">
     <span class='ocr_line' id='line_1_18' title="bbox 201 1982 3403 2065; baseline 0.002 -23"><span class='ocrx_word' id='word_1_225' title='bbox 201 1991 253 2042; x_wconf 82' lang='grc'><strong>5.</strong></span> <span class='ocrx_word' id='word_1_226' title='bbox 295 1991 522 2046; x_wconf 75' lang='lat' dir='ltr'><strong>Vocatio</strong></span> <span class='ocrx_word' id='word_1_227' title='bbox 557 1994 786 2065; x_wconf 86' lang='lat' dir='ltr'><strong>Philippi</strong></span> <span class='ocrx_word' id='word_1_228' title='bbox 840 1996 903 2050; x_wconf 91' lang='lat' dir='ltr'><strong>ad</strong></span> <span class='ocrx_word' id='word_1_229' title='bbox 939 1997 1297 2064; x_wconf 87' lang='lat' dir='ltr'><strong>apostolatum</strong></span> <span class='ocrx_word' id='word_1_230' title='bbox 1338 1997 1613 2050; x_wconf 87' lang='lat' dir='ltr'><strong>nonnullis</strong></span> <span class='ocrx_word' id='word_1_231' title='bbox 1653 1998 1817 2052; x_wconf 89' lang='lat' dir='ltr'><strong>etiam</strong></span> <span class='ocrx_word' id='word_1_232' title='bbox 1855 1994 2028 2048; x_wconf 86' lang='lat' dir='ltr'><strong>Fastis</strong></span> <span class='ocrx_word' id='word_1_233' title='bbox 2067 1997 2131 2047; x_wconf 92' lang='lat' dir='ltr'><strong>ad</strong></span> <span class='ocrx_word' id='word_1_234' title='bbox 2162 1994 2232 2047; x_wconf 76' lang='lat'><strong>‘28</strong></span> <span class='ocrx_word' id='word_1_235' title='bbox 2289 1993 2568 2049; x_wconf 84' lang='lat' dir='ltr'><strong>Februarii</strong></span> <span class='ocrx_word' id='word_1_236' title='bbox 2614 1982 2904 2049; x_wconf 75' lang='lat' dir='ltr'><strong>ascribitur</strong></span> <span class='ocrx_word' id='word_1_237' title='bbox 2942 2011 2955 2047; x_wconf 91' lang='lat'>:</span> <span class='ocrx_word' id='word_1_238' title='bbox 3019 1994 3113 2049; x_wconf 91' lang='lat' dir='ltr'><strong>sed</strong></span> <span class='ocrx_word' id='word_1_239' title='bbox 3176 1999 3278 2049; x_wconf 85' lang='lat' dir='ltr'><strong>ista</strong></span> <span class='ocrx_word' id='word_1_240' title='bbox 3335 2008 3403 2050; x_wconf 74' lang='lat' dir='ltr'><strong>sx</strong></span> 
     </span>
    </p>
   </div>
   <div class='ocr_carea' id='block_1_19' title="bbox 135 2074 3394 2159">
    <p class='ocr_par' dir='ltr' id='par_1_19' title="bbox 135 2074 3394 2159">
     <span class='ocr_line' id='line_1_19' title="bbox 135 2074 3394 2159; baseline 0.001 -23"><span class='ocrx_word' id='word_1_241' title='bbox 135 2109 146 2145; x_wconf 84' lang='grc' dir='ltr'><strong><em>ι</em></strong></span> <span class='ocrx_word' id='word_1_242' title='bbox 189 2085 274 2137; x_wconf 88' lang='lat' dir='ltr'><strong>die</strong></span> <span class='ocrx_word' id='word_1_243' title='bbox 309 2084 434 2138; x_wconf 77' lang='lat' dir='ltr'><strong>Maii</strong></span> <span class='ocrx_word' id='word_1_244' title='bbox 466 2087 626 2142; x_wconf 85' lang='lat' dir='ltr'><strong>latius</strong></span> <span class='ocrx_word' id='word_1_245' title='bbox 652 2089 964 2144; x_wconf 87' lang='lat' dir='ltr'><strong>deducenda</strong></span> <span class='ocrx_word' id='word_1_246' title='bbox 1007 2090 1178 2152; x_wconf 79' lang='lat' dir='ltr'><strong>fuere,</strong></span> <span class='ocrx_word' id='word_1_247' title='bbox 1205 2100 1262 2144; x_wconf 93' lang='lat' dir='ltr'><strong>ut</strong></span> <span class='ocrx_word' id='word_1_248' title='bbox 1306 2093 1389 2144; x_wconf 89' lang='lat' dir='ltr'><strong>via</strong></span> <span class='ocrx_word' id='word_1_249' title='bbox 1425 2101 1759 2144; x_wconf 87' lang='lat' dir='ltr'><strong>sterneretur</strong></span> <span class='ocrx_word' id='word_1_250' title='bbox 1793 2089 1857 2145; x_wconf 86' lang='lat' dir='ltr'><strong>ad</strong></span> <span class='ocrx_word' id='word_1_251' title='bbox 1904 2099 2020 2142; x_wconf 85' lang='lat' dir='ltr'><strong>acta</strong></span> <span class='ocrx_word' id='word_1_252' title='bbox 2059 2087 2269 2150; x_wconf 86' lang='lat' dir='ltr'><strong>Latina,</strong></span> <span class='ocrx_word' id='word_1_253' title='bbox 2301 2089 2473 2154; x_wconf 89' lang='lat' dir='ltr'><strong>primo</strong></span> <span class='ocrx_word' id='word_1_254' title='bbox 2502 2089 2621 2143; x_wconf 90' lang='lat' dir='ltr'><strong>loco</strong></span> <span class='ocrx_word' id='word_1_255' title='bbox 2655 2089 2853 2152; x_wconf 82' lang='lat' dir='ltr'><strong>danda,</strong></span> <span class='ocrx_word' id='word_1_256' title='bbox 2883 2089 2934 2142; x_wconf 90' lang='lat' dir='ltr'><strong>in</strong></span> <span class='ocrx_word' id='word_1_257' title='bbox 2969 2089 3168 2159; x_wconf 88' lang='lat' dir='ltr'><strong>quibus</strong></span> <span class='ocrx_word' id='word_1_258' title='bbox 3191 2074 3394 2141; x_wconf 42' lang='lat' dir='ltr'><strong>&#39;omnia</strong></span> 
     </span>
    </p>
   </div>
   <div class='ocr_carea' id='block_1_20' title="bbox 135 2175 3404 2253">
    <p class='ocr_par' dir='ltr' id='par_1_20' title="bbox 135 2175 3404 2253">
     <span class='ocr_line' id='line_1_20' title="bbox 135 2175 3404 2253; baseline 0.003 -29"><span class='ocrx_word' id='word_1_259' title='bbox 135 2175 509 2243; x_wconf 69' lang='lat' dir='ltr'><strong>continentur,</strong></span> <span class='ocrx_word' id='word_1_260' title='bbox 544 2195 662 2249; x_wconf 76' lang='lat' dir='ltr'><strong>qua:</strong></span> <span class='ocrx_word' id='word_1_261' title='bbox 691 2182 742 2234; x_wconf 93' lang='lat' dir='ltr'><strong>in</strong></span> <span class='ocrx_word' id='word_1_262' title='bbox 771 2183 952 2237; x_wconf 88' lang='lat' dir='ltr'><strong>citatis</strong></span> <span class='ocrx_word' id='word_1_263' title='bbox 987 2183 1390 2253; x_wconf 76' lang='lat' dir='ltr'><strong>Martyrologiis</strong></span> <span class='ocrx_word' id='word_1_264' title='bbox 1417 2184 1774 2253; x_wconf 72' lang='lat' dir='ltr'><strong>attinguntur.</strong></span> <span class='ocrx_word' id='word_1_265' title='bbox 1805 2182 2003 2235; x_wconf 85' lang='lat' dir='ltr'><strong>Eadem</strong></span> <span class='ocrx_word' id='word_1_266' title='bbox 2029 2183 2164 2235; x_wconf 81' lang='lat' dir='ltr'><strong>Acta</strong></span> <span class='ocrx_word' id='word_1_267' title='bbox 2199 2183 2461 2235; x_wconf 83' lang='lat' dir='ltr'><strong>habemus</strong></span> <span class='ocrx_word' id='word_1_268' title='bbox 2492 2182 2543 2235; x_wconf 89' lang='lat' dir='ltr'><strong>in</strong></span> <span class='ocrx_word' id='word_1_269' title='bbox 2586 2182 2757 2235; x_wconf 87' lang='lat' dir='ltr'><strong>tribtts</strong></span> <span class='ocrx_word' id='word_1_270' title='bbox 2788 2181 3090 2235; x_wconf 83' lang='lat' dir='ltr'><strong>illustribus</strong></span> <span class='ocrx_word' id='word_1_271' title='bbox 3124 2183 3404 2236; x_wconf 74' lang='lat' dir='ltr'><strong>codicibus</strong></span> 
     </span>
    </p>
   </div>
   <div class='ocr_carea' id='block_1_21' title="bbox 136 2271 3403 2348">
    <p class='ocr_par' dir='ltr' id='par_1_21' title="bbox 136 2271 3403 2348">
     <span class='ocr_line' id='line_1_21' title="bbox 136 2271 3403 2348; baseline 0.004 -30"><span class='ocrx_word' id='word_1_272' title='bbox 136 2271 357 2332; x_wconf 86' lang='lat' dir='ltr'><strong>nostris,</strong></span> <span class='ocrx_word' id='word_1_273' title='bbox 393 2288 626 2341; x_wconf 87' lang='lat' dir='ltr'><strong>quorum</strong></span> <span class='ocrx_word' id='word_1_274' title='bbox 662 2276 859 2344; x_wconf 82' lang='lat' dir='ltr'><strong>aliquis</strong></span> <span class='ocrx_word' id='word_1_275' title='bbox 893 2289 1020 2332; x_wconf 89' lang='lat' dir='ltr'><strong>ante</strong></span> <span class='ocrx_word' id='word_1_276' title='bbox 1052 2281 1394 2348; x_wconf 78' lang='lat' dir='ltr'><strong>octingentos</strong></span> <span class='ocrx_word' id='word_1_277' title='bbox 1425 2293 1595 2333; x_wconf 79' lang='lat' dir='ltr'><strong>annos</strong></span> <span class='ocrx_word' id='word_1_278' title='bbox 1629 2278 1839 2330; x_wconf 87' lang='lat' dir='ltr'><strong>videtur</strong></span> <span class='ocrx_word' id='word_1_279' title='bbox 1871 2287 2147 2329; x_wconf 80' lang='lat' dir='ltr'><strong>exaratos.</strong></span> <span class='ocrx_word' id='word_1_280' title='bbox 2185 2276 2449 2329; x_wconf 72' lang='lat' dir='ltr'><strong>Prreterea</strong></span> <span class='ocrx_word' id='word_1_281' title='bbox 2480 2278 2789 2346; x_wconf 88' lang='lat' dir='ltr'><strong>accepimus</strong></span> <span class='ocrx_word' id='word_1_282' title='bbox 2812 2276 3001 2330; x_wconf 87' lang='lat' dir='ltr'><strong>eadem</strong></span> <span class='ocrx_word' id='word_1_283' title='bbox 3039 2276 3308 2344; x_wconf 86' lang='lat' dir='ltr'><strong>descripta</strong></span> <span class='ocrx_word' id='word_1_284' title='bbox 3334 2291 3403 2334; x_wconf 75' lang='lat' dir='ltr'><strong>ex</strong></span> 
     </span>
    </p>
   </div>
   <div class='ocr_carea' id='block_1_22' title="bbox 135 2354 3400 2440">
    <p class='ocr_par' dir='ltr' id='par_1_22' title="bbox 135 2354 3400 2440">
     <span class='ocr_line' id='line_1_22' title="bbox 135 2354 3400 2440; baseline 0.003 -28"><span class='ocrx_word' id='word_1_285' title='bbox 135 2364 365 2418; x_wconf 68' lang='lat' dir='ltr'><strong>vetustis</strong></span> <span class='ocrx_word' id='word_1_286' title='bbox 401 2367 685 2422; x_wconf 88' lang='lat' dir='ltr'><strong>codicibus</strong></span> <span class='ocrx_word' id='word_1_287' title='bbox 739 2370 1050 2426; x_wconf 71' lang='lat' dir='ltr'><strong>Trevir-ensi</strong></span> <span class='ocrx_word' id='word_1_288' title='bbox 1090 2373 1148 2426; x_wconf 87' lang='lat' dir='ltr'><strong>S.</strong></span> <span class='ocrx_word' id='word_1_289' title='bbox 1185 2371 1429 2437; x_wconf 83' lang='lat' dir='ltr'><strong>Martini,</strong></span> <span class='ocrx_word' id='word_1_290' title='bbox 1468 2371 1664 2440; x_wconf 87' lang='lat' dir='ltr'><strong>duplici</strong></span> <span class='ocrx_word' id='word_1_291' title='bbox 1699 2370 2095 2424; x_wconf 81' lang='lat' dir='ltr'><strong>Audomarensi</strong></span> <span class='ocrx_word' id='word_1_292' title='bbox 2132 2368 2388 2422; x_wconf 73' lang='lat' dir='ltr'><strong>Ecclesite</strong></span> <span class='ocrx_word' id='word_1_293' title='bbox 2434 2369 2782 2430; x_wconf 87' lang='lat' dir='ltr'><strong>cathedralis,</strong></span> <span class='ocrx_word' id='word_1_294' title='bbox 2829 2354 3400 2438; x_wconf 15' lang='lat' dir='ltr'><strong>Ultrajectiuo&#39;ecclc-</strong></span> 
     </span>
    </p>
   </div>
   <div class='ocr_carea' id='block_1_23' title="bbox 132 2457 3404 2534">
    <p class='ocr_par' dir='ltr' id='par_1_23' title="bbox 132 2457 3404 2534">
     <span class='ocr_line' id='line_1_23' title="bbox 132 2457 3404 2534; baseline 0.001 -23"><span class='ocrx_word' id='word_1_295' title='bbox 132 2457 222 2511; x_wconf 74' lang='lat' dir='ltr'><strong>site</strong></span> <span class='ocrx_word' id='word_1_296' title='bbox 267 2457 330 2513; x_wconf 91' lang='lat' dir='ltr'><strong>S.</strong></span> <span class='ocrx_word' id='word_1_297' title='bbox 370 2460 698 2530; x_wconf 86' lang='lat' dir='ltr'><strong>Salvatoris,</strong></span> <span class='ocrx_word' id='word_1_298' title='bbox 737 2463 982 2519; x_wconf 80' lang='lat' dir='ltr'><strong>Rotnauo</strong></span> <span class='ocrx_word' id='word_1_299' title='bbox 1018 2469 1308 2520; x_wconf 86' lang='lat' dir='ltr'><strong>cardinalis</strong></span> <span class='ocrx_word' id='word_1_300' title='bbox 1341 2467 1576 2520; x_wconf 86' lang='lat' dir='ltr'><strong>Baronii.</strong></span> <span class='ocrx_word' id='word_1_301' title='bbox 1616 2464 1932 2518; x_wconf 87' lang='lat' dir='ltr'><strong>Invenimus</strong></span> <span class='ocrx_word' id='word_1_302' title='bbox 1981 2466 2093 2534; x_wconf 88' lang='lat' dir='ltr'><strong>ipsa</strong></span> <span class='ocrx_word' id='word_1_303' title='bbox 2127 2464 2288 2517; x_wconf 90' lang='lat' dir='ltr'><strong>etiam</strong></span> <span class='ocrx_word' id='word_1_304' title='bbox 2329 2463 2384 2517; x_wconf 91' lang='lat' dir='ltr'><strong>in</strong></span> <span class='ocrx_word' id='word_1_305' title='bbox 2435 2465 2608 2517; x_wconf 90' lang='lat' dir='ltr'><strong>tribus</strong></span> <span class='ocrx_word' id='word_1_306' title='bbox 2660 2463 2858 2531; x_wconf 63' lang='lat' dir='ltr'><strong>reginae</strong></span> <span class='ocrx_word' id='word_1_307' title='bbox 2911 2459 3119 2516; x_wconf 73' lang='lat' dir='ltr'><strong>Suecite</strong></span> <span class='ocrx_word' id='word_1_308' title='bbox 3175 2460 3404 2531; x_wconf 84' lang='lat' dir='ltr'><strong>signatis</strong></span> 
     </span>
    </p>
   </div>
   <div class='ocr_carea' id='block_1_24' title="bbox 135 2555 3398 2626">
    <p class='ocr_par' dir='ltr' id='par_1_24' title="bbox 135 2555 3398 2626">
     <span class='ocr_line' id='line_1_24' title="bbox 135 2555 3398 2626; baseline 0.002 -24"><span class='ocrx_word' id='word_1_309' title='bbox 135 2568 370 2608; x_wconf 91' lang='lat' dir='ltr'><strong>numero</strong></span> <span class='ocrx_word' id='word_1_310' title='bbox 399 2555 491 2618; x_wconf 90' lang='lat' dir='ltr'><strong>8l,</strong></span> <span class='ocrx_word' id='word_1_311' title='bbox 526 2556 632 2610; x_wconf 71' lang='grc'><strong>482</strong></span> <span class='ocrx_word' id='word_1_312' title='bbox 665 2559 724 2608; x_wconf 77' lang='lat' dir='ltr'><strong>et</strong></span> <span class='ocrx_word' id='word_1_313' title='bbox 754 2557 913 2621; x_wconf 75' lang='grc'><strong>1604,</strong></span> <span class='ocrx_word' id='word_1_314' title='bbox 953 2557 1247 2613; x_wconf 79' lang='lat' dir='ltr'><strong>Parisieusi</strong></span> <span class='ocrx_word' id='word_1_315' title='bbox 1278 2560 1574 2618; x_wconf 86' lang='lat' dir='ltr'><strong>cardinalis</strong></span> <span class='ocrx_word' id='word_1_316' title='bbox 1603 2559 1887 2622; x_wconf 83' lang='lat' dir='ltr'><strong>Mazarini,</strong></span> <span class='ocrx_word' id='word_1_317' title='bbox 1930 2559 2196 2613; x_wconf 80' lang='lat' dir='ltr'><strong>Duacensi</strong></span> <span class='ocrx_word' id='word_1_318' title='bbox 2234 2558 2544 2613; x_wconf 86' lang='lat' dir='ltr'><strong>monasterii</strong></span> <span class='ocrx_word' id='word_1_319' title='bbox 2575 2557 2963 2626; x_wconf 76' lang='lat' dir='ltr'><strong>Aquicinctini,</strong></span> <span class='ocrx_word' id='word_1_320' title='bbox 2993 2555 3286 2611; x_wconf 87' lang='lat' dir='ltr'><strong>Bodecensi</strong></span> <span class='ocrx_word' id='word_1_321' title='bbox 3343 2556 3398 2610; x_wconf 91' lang='lat' dir='ltr'><strong>in</strong></span> 
     </span>
    </p>
   </div>
   <div class='ocr_carea' id='block_1_25' title="bbox 139 2639 3402 2720">
    <p class='ocr_par' dir='ltr' id='par_1_25' title="bbox 139 2639 3402 2720">
     <span class='ocr_line' id='line_1_25' title="bbox 139 2639 3402 2720; baseline 0.002 -26"><span class='ocrx_word' id='word_1_322' title='bbox 139 2639 506 2713; x_wconf 83' lang='lat' dir='ltr'><strong>Westphalia,</strong></span> <span class='ocrx_word' id='word_1_323' title='bbox 539 2657 596 2701; x_wconf 92' lang='lat' dir='ltr'><strong>et</strong></span> <span class='ocrx_word' id='word_1_324' title='bbox 634 2647 686 2700; x_wconf 91' lang='lat' dir='ltr'><strong>in</strong></span> <span class='ocrx_word' id='word_1_325' title='bbox 719 2649 911 2704; x_wconf 89' lang='lat' dir='ltr'><strong>codice</strong></span> <span class='ocrx_word' id='word_1_326' title='bbox 937 2666 1039 2705; x_wconf 89' lang='lat' dir='ltr'><strong>ms.</strong></span> <span class='ocrx_word' id='word_1_327' title='bbox 1079 2651 1362 2720; x_wconf 84' lang='lat' dir='ltr'><strong>hospitalis</strong></span> <span class='ocrx_word' id='word_1_328' title='bbox 1394 2652 1453 2706; x_wconf 86' lang='lat' dir='ltr'><strong>S.</strong></span> <span class='ocrx_word' id='word_1_329' title='bbox 1484 2651 1688 2705; x_wconf 62' lang='lat' dir='ltr'><strong>Nicolzii</strong></span> <span class='ocrx_word' id='word_1_330' title='bbox 1721 2666 1882 2720; x_wconf 85' lang='lat' dir='ltr'><strong>prope</strong></span> <span class='ocrx_word' id='word_1_331' title='bbox 1907 2651 2101 2705; x_wconf 83' lang='lat' dir='ltr'><strong>Cusam</strong></span> <span class='ocrx_word' id='word_1_332' title='bbox 2134 2668 2148 2704; x_wconf 88' lang='lat'><strong>:</strong></span> <span class='ocrx_word' id='word_1_333' title='bbox 2181 2667 2354 2720; x_wconf 88' lang='lat' dir='ltr'><strong>neque</strong></span> <span class='ocrx_word' id='word_1_334' title='bbox 2391 2651 2457 2704; x_wconf 91' lang='lat' dir='ltr'><strong>ab</strong></span> <span class='ocrx_word' id='word_1_335' title='bbox 2489 2651 2573 2704; x_wconf 84' lang='lat' dir='ltr'><strong>his</strong></span> <span class='ocrx_word' id='word_1_336' title='bbox 2612 2651 2830 2702; x_wconf 86' lang='lat' dir='ltr'><strong>diversa</strong></span> <span class='ocrx_word' id='word_1_337' title='bbox 2865 2658 3014 2714; x_wconf 80' lang='lat' dir='ltr'><strong>sunt,</strong></span> <span class='ocrx_word' id='word_1_338' title='bbox 3050 2662 3170 2716; x_wconf 73' lang='lat' dir='ltr'><strong>qure</strong></span> <span class='ocrx_word' id='word_1_339' title='bbox 3210 2649 3402 2702; x_wconf 88' lang='lat' dir='ltr'><strong>habuit</strong></span> 
     </span>
    </p>
   </div>
   <div class='ocr_carea' id='block_1_26' title="bbox 131 2739 3397 2814">
    <p class='ocr_par' dir='ltr' id='par_1_26' title="bbox 131 2739 3397 2814">
     <span class='ocr_line' id='line_1_26' title="bbox 131 2739 3397 2814; baseline 0.002 -25"><span class='ocrx_word' id='word_1_340' title='bbox 131 2749 326 2793; x_wconf 84' lang='lat' dir='ltr'><strong>auctor</strong></span> <span class='ocrx_word' id='word_1_341' title='bbox 355 2739 601 2795; x_wconf 76' lang='lat' dir='ltr'><strong>historia:</strong></span> <span class='ocrx_word' id='word_1_342' title='bbox 640 2743 706 2796; x_wconf 88' lang='lat' dir='ltr'><strong>de</strong></span> <span class='ocrx_word' id='word_1_343' title='bbox 737 2743 1117 2802; x_wconf 85' lang='lat' dir='ltr'><strong>Translatione</strong></span> <span class='ocrx_word' id='word_1_344' title='bbox 1147 2746 1352 2800; x_wconf 88' lang='lat' dir='ltr'><strong>brachii</strong></span> <span class='ocrx_word' id='word_1_345' title='bbox 1392 2746 1449 2799; x_wconf 87' lang='lat' dir='ltr'><strong>S.</strong></span> <span class='ocrx_word' id='word_1_346' title='bbox 1485 2745 1710 2813; x_wconf 82' lang='lat' dir='ltr'><strong>Philippi</strong></span> <span class='ocrx_word' id='word_1_347' title='bbox 1766 2743 2116 2798; x_wconf 78' lang='lat' dir='ltr'><strong>Florentiam.</strong></span> <span class='ocrx_word' id='word_1_348' title='bbox 2156 2744 2486 2814; x_wconf 83' lang='lat' dir='ltr'><strong>Legendaria</strong></span> <span class='ocrx_word' id='word_1_349' title='bbox 2521 2743 2565 2797; x_wconf 89' lang='lat' dir='ltr'><strong>si</strong></span> <span class='ocrx_word' id='word_1_350' title='bbox 2618 2742 2864 2796; x_wconf 84' lang='lat' dir='ltr'><strong>libuisset</strong></span> <span class='ocrx_word' id='word_1_351' title='bbox 2910 2752 3195 2808; x_wconf 74' lang='lat' dir='ltr'><strong>excutere,</strong></span> <span class='ocrx_word' id='word_1_352' title='bbox 3246 2744 3397 2811; x_wconf 88' lang='lat' dir='ltr'><strong>plura</strong></span> 
     </span>
    </p>
   </div>
   <div class='ocr_carea' id='block_1_27' title="bbox 129 2836 3401 2909">
    <p class='ocr_par' dir='ltr' id='par_1_27' title="bbox 129 2836 3401 2909">
     <span class='ocr_line' id='line_1_27' title="bbox 129 2836 3401 2909; baseline 0.002 -25"><span class='ocrx_word' id='word_1_353' title='bbox 129 2849 420 2902; x_wconf 85' lang='lat' dir='ltr'><strong>possemus</strong></span> <span class='ocrx_word' id='word_1_354' title='bbox 451 2836 697 2892; x_wconf 81' lang='lat' dir='ltr'><strong>indicare</strong></span> <span class='ocrx_word' id='word_1_355' title='bbox 725 2838 995 2909; x_wconf 82' lang='lat' dir='ltr'><strong>exempla.</strong></span> <span class='ocrx_word' id='word_1_356' title='bbox 1019 2838 1123 2893; x_wconf 90' lang='lat' dir='ltr'><strong>Sed</strong></span> <span class='ocrx_word' id='word_1_357' title='bbox 1156 2840 1207 2892; x_wconf 92' lang='lat' dir='ltr'><strong>in</strong></span> <span class='ocrx_word' id='word_1_358' title='bbox 1240 2840 1431 2908; x_wconf 83' lang='lat' dir='ltr'><strong>primis</strong></span> <span class='ocrx_word' id='word_1_359' title='bbox 1463 2840 1829 2893; x_wconf 82' lang='lat' dir='ltr'><strong>memorabilis</strong></span> <span class='ocrx_word' id='word_1_360' title='bbox 1853 2849 1934 2893; x_wconf 90' lang='lat' dir='ltr'><strong>est</strong></span> <span class='ocrx_word' id='word_1_361' title='bbox 1960 2839 2116 2893; x_wconf 88' lang='lat' dir='ltr'><strong>nobis</strong></span> <span class='ocrx_word' id='word_1_362' title='bbox 2139 2842 2328 2892; x_wconf 85' lang='lat' dir='ltr'><strong>eadem</strong></span> <span class='ocrx_word' id='word_1_363' title='bbox 2358 2838 2489 2891; x_wconf 83' lang='lat' dir='ltr'><strong>Acta</strong></span> <span class='ocrx_word' id='word_1_364' title='bbox 2519 2839 2804 2892; x_wconf 85' lang='lat' dir='ltr'><strong>continens</strong></span> <span class='ocrx_word' id='word_1_365' title='bbox 2833 2839 3000 2892; x_wconf 78' lang='lat' dir='ltr'><strong>codex</strong></span> <span class='ocrx_word' id='word_1_366' title='bbox 3033 2849 3401 2908; x_wconf 85' lang='lat' dir='ltr'><strong>pervetustus,</strong></span> 
     </span>
    </p>
   </div>
   <div class='ocr_carea' id='block_1_28' title="bbox 131 2930 3402 3005">
    <p class='ocr_par' dir='ltr' id='par_1_28' title="bbox 131 2930 3402 3005">
     <span class='ocr_line' id='line_1_28' title="bbox 131 2930 3402 3005; baseline 0.003 -26"><span class='ocrx_word' id='word_1_367' title='bbox 131 2931 419 2995; x_wconf 84' lang='lat' dir='ltr'><strong>quadratis</strong></span> <span class='ocrx_word' id='word_1_368' title='bbox 466 2930 770 2986; x_wconf 90' lang='lat' dir='ltr'><strong>litterarum</strong></span> <span class='ocrx_word' id='word_1_369' title='bbox 805 2931 1060 2988; x_wconf 89' lang='lat' dir='ltr'><strong>ductibus</strong></span> <span class='ocrx_word' id='word_1_370' title='bbox 1093 2943 1148 2988; x_wconf 92' lang='lat' dir='ltr'><strong>et</strong></span> <span class='ocrx_word' id='word_1_371' title='bbox 1183 2933 1498 2988; x_wconf 86' lang='lat' dir='ltr'><strong>discrimine</strong></span> <span class='ocrx_word' id='word_1_372' title='bbox 1533 2933 1996 3002; x_wconf 88' lang='lat' dir='ltr'><strong>diphthongorum</strong></span> <span class='ocrx_word' id='word_1_373' title='bbox 2032 2943 2196 3000; x_wconf 83' lang='lat' dir='ltr'><strong>atque</strong></span> <span class='ocrx_word' id='word_1_374' title='bbox 2243 2935 2508 2988; x_wconf 83' lang='lat' dir='ltr'><strong>vocalium</strong></span> <span class='ocrx_word' id='word_1_375' title='bbox 2565 2941 2819 2990; x_wconf 79' lang='lat' dir='ltr'><strong>accurate</strong></span> <span class='ocrx_word' id='word_1_376' title='bbox 2853 2946 3067 2988; x_wconf 75' lang='lat' dir='ltr'><strong>servato</strong></span> <span class='ocrx_word' id='word_1_377' title='bbox 3117 2949 3402 3005; x_wconf 71' lang='lat' dir='ltr'><strong>exaratus,</strong></span> 
     </span>
    </p>
   </div>
   <div class='ocr_carea' id='block_1_29' title="bbox 131 3024 3404 3095">
    <p class='ocr_par' dir='ltr' id='par_1_29' title="bbox 131 3024 3404 3095">
     <span class='ocr_line' id='line_1_29' title="bbox 131 3024 3404 3095; baseline 0.003 -21"><span class='ocrx_word' id='word_1_378' title='bbox 131 3024 220 3091; x_wconf 88' lang='lat' dir='ltr'><strong>qui</strong></span> <span class='ocrx_word' id='word_1_379' title='bbox 273 3024 408 3076; x_wconf 87' lang='lat' dir='ltr'><strong>olim</strong></span> <span class='ocrx_word' id='word_1_380' title='bbox 466 3027 726 3092; x_wconf 85' lang='lat' dir='ltr'><strong>pertinuit</strong></span> <span class='ocrx_word' id='word_1_381' title='bbox 778 3026 844 3079; x_wconf 89' lang='lat' dir='ltr'><strong>ad</strong></span> <span class='ocrx_word' id='word_1_382' title='bbox 900 3025 1289 3080; x_wconf 85' lang='lat' dir='ltr'><strong>monasterium</strong></span> <span class='ocrx_word' id='word_1_383' title='bbox 1346 3025 1446 3080; x_wconf 85' lang='lat' dir='ltr'><strong>SS.</strong></span> <span class='ocrx_word' id='word_1_384' title='bbox 1491 3024 1634 3079; x_wconf 86' lang='lat' dir='ltr'><strong>Petri</strong></span> <span class='ocrx_word' id='word_1_385' title='bbox 1687 3037 1741 3078; x_wconf 84' lang='lat' dir='ltr'><strong>et</strong></span> <span class='ocrx_word' id='word_1_386' title='bbox 1793 3024 1944 3078; x_wconf 82' lang='lat' dir='ltr'><strong>Pauli</strong></span> <span class='ocrx_word' id='word_1_387' title='bbox 1986 3026 2038 3077; x_wconf 87' lang='lat' dir='ltr'><strong>itt</strong></span> <span class='ocrx_word' id='word_1_388' title='bbox 2080 3024 2441 3095; x_wconf 84' lang='lat' dir='ltr'><strong>Wissenburg</strong></span> <span class='ocrx_word' id='word_1_389' title='bbox 2496 3025 2749 3079; x_wconf 67' lang='lat' dir='ltr'><strong>dimcesis</strong></span> <span class='ocrx_word' id='word_1_390' title='bbox 2791 3026 3090 3094; x_wconf 85' lang='lat' dir='ltr'><strong>Spirensis,</strong></span> <span class='ocrx_word' id='word_1_391' title='bbox 3144 3046 3286 3083; x_wconf 90' lang='lat' dir='ltr'><strong>nunc</strong></span> <span class='ocrx_word' id='word_1_392' title='bbox 3321 3040 3404 3084; x_wconf 69' lang='lat' dir='ltr'><strong>est</strong></span> 
     </span>
    </p>
   </div>
   <div class='ocr_carea' id='block_1_30' title="bbox 131 3118 3402 3196">
    <p class='ocr_par' dir='ltr' id='par_1_30' title="bbox 131 3118 3402 3196">
     <span class='ocr_line' id='line_1_30' title="bbox 131 3118 3402 3196; baseline 0.002 -26"><span class='ocrx_word' id='word_1_393' title='bbox 131 3118 461 3186; x_wconf 78' lang='lat' dir='ltr'><strong>amplissimi</strong></span> <span class='ocrx_word' id='word_1_394' title='bbox 493 3119 717 3172; x_wconf 84' lang='lat' dir='ltr'><strong>baronis</strong></span> <span class='ocrx_word' id='word_1_395' title='bbox 748 3118 970 3185; x_wconf 87' lang='lat' dir='ltr'><strong>Blumii,</strong></span> <span class='ocrx_word' id='word_1_396' title='bbox 1008 3121 1208 3188; x_wconf 72' lang='lat' dir='ltr'><strong>sacpius</strong></span> <span class='ocrx_word' id='word_1_397' title='bbox 1255 3135 1282 3171; x_wconf 88' lang='lat' dir='ltr'><strong>a</strong></span> <span class='ocrx_word' id='word_1_398' title='bbox 1318 3120 1476 3172; x_wconf 88' lang='lat' dir='ltr'><strong>nobis</strong></span> <span class='ocrx_word' id='word_1_399' title='bbox 1510 3120 1822 3184; x_wconf 88' lang='lat' dir='ltr'><strong>memorati,</strong></span> <span class='ocrx_word' id='word_1_400' title='bbox 1857 3120 1926 3175; x_wconf 90' lang='lat' dir='ltr'><strong>ob</strong></span> <span class='ocrx_word' id='word_1_401' title='bbox 1977 3128 2246 3174; x_wconf 86' lang='lat' dir='ltr'><strong>vetustum</strong></span> <span class='ocrx_word' id='word_1_402' title='bbox 2283 3118 2649 3192; x_wconf 70' lang='lat' dir='ltr'><strong>Martyrologii</strong></span> <span class='ocrx_word' id='word_1_403' title='bbox 2701 3119 3111 3194; x_wconf 86' lang='lat' dir='ltr'><strong>llieronymiani</strong></span> <span class='ocrx_word' id='word_1_404' title='bbox 3166 3140 3402 3196; x_wconf 84' lang='lat' dir='ltr'><strong>apogra-</strong></span> 
     </span>
    </p>
   </div>
   <div class='ocr_carea' id='block_1_31' title="bbox 135 3213 3402 3284">
    <p class='ocr_par' dir='ltr' id='par_1_31' title="bbox 135 3213 3402 3284">
     <span class='ocr_line' id='line_1_31' title="bbox 135 3213 3402 3284; baseline 0.002 -17"><span class='ocrx_word' id='word_1_405' title='bbox 135 3216 322 3281; x_wconf 87' lang='lat' dir='ltr'><strong>phum,</strong></span> <span class='ocrx_word' id='word_1_406' title='bbox 379 3215 519 3282; x_wconf 83' lang='lat' dir='ltr'><strong>quod</strong></span> <span class='ocrx_word' id='word_1_407' title='bbox 571 3214 687 3284; x_wconf 88' lang='lat' dir='ltr'><strong>ipse</strong></span> <span class='ocrx_word' id='word_1_408' title='bbox 717 3230 782 3269; x_wconf 78' lang='lat' dir='ltr'><strong>ex</strong></span> <span class='ocrx_word' id='word_1_409' title='bbox 842 3214 1030 3270; x_wconf 91' lang='lat' dir='ltr'><strong>eodem</strong></span> <span class='ocrx_word' id='word_1_410' title='bbox 1080 3213 1414 3268; x_wconf 87' lang='lat' dir='ltr'><strong>monasterio</strong></span> <span class='ocrx_word' id='word_1_411' title='bbox 1445 3223 1721 3282; x_wconf 88' lang='lat' dir='ltr'><strong>acceptum</strong></span> <span class='ocrx_word' id='word_1_412' title='bbox 1759 3230 1859 3282; x_wconf 88' lang='lat' dir='ltr'><strong>pro</strong></span> <span class='ocrx_word' id='word_1_413' title='bbox 1890 3229 1987 3271; x_wconf 88' lang='lat' dir='ltr'><strong>sua</strong></span> <span class='ocrx_word' id='word_1_414' title='bbox 2045 3215 2385 3270; x_wconf 83' lang='lat' dir='ltr'><strong>humanitate</strong></span> <span class='ocrx_word' id='word_1_415' title='bbox 2438 3216 2882 3271; x_wconf 86' lang='lat' dir='ltr'><strong>communicavit.</strong></span> <span class='ocrx_word' id='word_1_416' title='bbox 2920 3215 2993 3269; x_wconf 73' lang='lat' dir='ltr'><strong>Et</strong></span> <span class='ocrx_word' id='word_1_417' title='bbox 3040 3218 3142 3272; x_wconf 93' lang='lat' dir='ltr'><strong>hoc</strong></span> <span class='ocrx_word' id='word_1_418' title='bbox 3187 3229 3402 3274; x_wconf 87' lang='lat' dir='ltr'><strong>vetusto</strong></span> 
     </span>
    </p>
   </div>
   <div class='ocr_carea' id='block_1_32' title="bbox 132 3302 3401 3376">
    <p class='ocr_par' dir='ltr' id='par_1_32' title="bbox 132 3302 3401 3376">
     <span class='ocr_line' id='line_1_32' title="bbox 132 3302 3401 3376; baseline 0.004 -22"><span class='ocrx_word' id='word_1_419' title='bbox 132 3303 318 3358; x_wconf 63' lang='lat' dir='ltr'><strong>codice</strong></span> <span class='ocrx_word' id='word_1_420' title='bbox 353 3305 488 3357; x_wconf 81' lang='lat' dir='ltr'><strong>Acta</strong></span> <span class='ocrx_word' id='word_1_421' title='bbox 525 3302 788 3359; x_wconf 87' lang='lat' dir='ltr'><strong>virtutum</strong></span> <span class='ocrx_word' id='word_1_422' title='bbox 828 3316 880 3360; x_wconf 92' lang='lat' dir='ltr'><strong>et</strong></span> <span class='ocrx_word' id='word_1_423' title='bbox 911 3307 1224 3376; x_wconf 87' lang='lat' dir='ltr'><strong>passionum</strong></span> <span class='ocrx_word' id='word_1_424' title='bbox 1259 3313 1572 3359; x_wconf 88' lang='lat' dir='ltr'><strong>sanctorum</strong></span> <span class='ocrx_word' id='word_1_425' title='bbox 1616 3303 1820 3359; x_wconf 87' lang='lat' dir='ltr'><strong>Christi</strong></span> <span class='ocrx_word' id='word_1_426' title='bbox 1855 3305 2248 3374; x_wconf 85' lang='lat' dir='ltr'><strong>apostolorum,</strong></span> <span class='ocrx_word' id='word_1_427' title='bbox 2280 3305 2575 3362; x_wconf 81' lang='lat' dir='ltr'><strong>Rcinoldus</strong></span> <span class='ocrx_word' id='word_1_428' title='bbox 2605 3309 2860 3374; x_wconf 88' lang='lat' dir='ltr'><strong>Delmius,</strong></span> <span class='ocrx_word' id='word_1_429' title='bbox 2893 3310 3174 3366; x_wconf 83' lang='lat' dir='ltr'><strong>societatis</strong></span> <span class='ocrx_word' id='word_1_430' title='bbox 3201 3324 3401 3369; x_wconf 64' lang='lat' dir='ltr'><strong>nostra</strong></span> 
     </span>
    </p>
   </div>
   <div class='ocr_carea' id='block_1_33' title="bbox 134 3398 1377 3472">
    <p class='ocr_par' dir='ltr' id='par_1_33' title="bbox 134 3398 1377 3472">
     <span class='ocr_line' id='line_1_33' title="bbox 134 3398 1377 3472; baseline 0.005 -22"><span class='ocrx_word' id='word_1_431' title='bbox 134 3398 212 3451; x_wconf 90' lang='lat' dir='ltr'><strong>vir</strong></span> <span class='ocrx_word' id='word_1_432' title='bbox 250 3399 522 3466; x_wconf 86' lang='lat' dir='ltr'><strong>eruditus,</strong></span> <span class='ocrx_word' id='word_1_433' title='bbox 555 3401 828 3472; x_wconf 88' lang='lat' dir='ltr'><strong>descripta</strong></span> <span class='ocrx_word' id='word_1_434' title='bbox 860 3404 1013 3459; x_wconf 89' lang='lat' dir='ltr'><strong>nobis</strong></span> <span class='ocrx_word' id='word_1_435' title='bbox 1049 3402 1377 3458; x_wconf 88' lang='lat' dir='ltr'><strong>transmisit.</strong></span> 
     </span>
    </p>
   </div>
   <div class='ocr_carea' id='block_1_34' title="bbox 196 3494 3399 3570">
    <p class='ocr_par' dir='ltr' id='par_1_34' title="bbox 196 3494 3399 3570">
     <span class='ocr_line' id='line_1_34' title="bbox 196 3494 3399 3570; baseline 0.003 -23"><span class='ocrx_word' id='word_1_436' title='bbox 196 3495 253 3547; x_wconf 69' lang='grc'><strong>4.</strong></span> <span class='ocrx_word' id='word_1_437' title='bbox 290 3494 596 3564; x_wconf 72' lang='lat' dir='ltr'><strong>Prteligitur</strong></span> <span class='ocrx_word' id='word_1_438' title='bbox 643 3497 769 3552; x_wconf 90' lang='lat' dir='ltr'><strong>huic</strong></span> <span class='ocrx_word' id='word_1_439' title='bbox 819 3498 993 3553; x_wconf 88' lang='lat' dir='ltr'><strong>codici</strong></span> <span class='ocrx_word' id='word_1_440' title='bbox 1049 3515 1070 3550; x_wconf 83' lang='grc'><strong>‹</strong></span> <span class='ocrx_word' id='word_1_441' title='bbox 1117 3498 1346 3568; x_wconf 88' lang='lat' dir='ltr'><strong>epistola</strong></span> <span class='ocrx_word' id='word_1_442' title='bbox 1381 3497 1671 3565; x_wconf 83' lang='lat' dir='ltr'><strong>Melitouis,</strong></span> <span class='ocrx_word' id='word_1_443' title='bbox 1727 3519 1746 3552; x_wconf 70' lang='grc' dir='ltr'><em>υ</em></span> <span class='ocrx_word' id='word_1_444' title='bbox 1789 3499 1912 3556; x_wconf 90' lang='lat' dir='ltr'><strong>aliis</strong></span> <span class='ocrx_word' id='word_1_445' title='bbox 1953 3497 2163 3566; x_wconf 71' lang='lat' dir='ltr'><strong>blcllit&#39;t,</strong></span> <span class='ocrx_word' id='word_1_446' title='bbox 2210 3518 2229 3550; x_wconf 72' lang='grc' dir='ltr'><strong>ε</strong></span> <span class='ocrx_word' id='word_1_447' title='bbox 2284 3500 2525 3570; x_wconf 90' lang='lat' dir='ltr'><strong>episcopi</strong></span> <span class='ocrx_word' id='word_1_448' title='bbox 2570 3500 2942 3566; x_wconf 86' lang='lat' dir='ltr'><strong>Laodicensis,</strong></span> <span class='ocrx_word' id='word_1_449' title='bbox 2991 3503 3059 3556; x_wconf 86' lang='lat' dir='ltr'><strong>ad</strong></span> <span class='ocrx_word' id='word_1_450' title='bbox 3109 3502 3399 3561; x_wconf 85' lang='lat' dir='ltr'><strong>universos</strong></span> 
     </span>
    </p>
   </div>
   <div class='ocr_carea' id='block_1_35' title="bbox 127 3585 3392 3663">
    <p class='ocr_par' dir='ltr' id='par_1_35' title="bbox 127 3585 3392 3663">
     <span class='ocr_line' id='line_1_35' title="bbox 127 3585 3392 3663; baseline 0.002 -23"><span class='ocrx_word' id='word_1_451' title='bbox 127 3587 413 3662; x_wconf 79' lang='lat' dir='ltr'><strong>episcopos</strong></span> <span class='ocrx_word' id='word_1_452' title='bbox 445 3596 498 3638; x_wconf 91' lang='lat' dir='ltr'><strong>et</strong></span> <span class='ocrx_word' id='word_1_453' title='bbox 529 3585 805 3642; x_wconf 84' lang='lat' dir='ltr'><strong>Ecclesias</strong></span> <span class='ocrx_word' id='word_1_454' title='bbox 830 3587 1257 3659; x_wconf 83' lang='lat' dir='ltr'><strong>Catltolicorum,</strong></span> <span class='ocrx_word' id='word_1_455' title='bbox 1289 3593 1356 3646; x_wconf 92' lang='lat' dir='ltr'><strong>de</strong></span> <span class='ocrx_word' id='word_1_456' title='bbox 1386 3594 1618 3662; x_wconf 86' lang='lat' dir='ltr'><strong>quodam</strong></span> <span class='ocrx_word' id='word_1_457' title='bbox 1653 3591 1874 3657; x_wconf 83' lang='lat' dir='ltr'><strong>Leucio,</strong></span> <span class='ocrx_word' id='word_1_458' title='bbox 1903 3595 1993 3662; x_wconf 91' lang='lat' dir='ltr'><strong>qui</strong></span> <span class='ocrx_word' id='word_1_459' title='bbox 2029 3594 2390 3663; x_wconf 82' lang='lat' dir='ltr'><strong>quorumdam</strong></span> <span class='ocrx_word' id='word_1_460' title='bbox 2421 3595 2589 3648; x_wconf 87' lang='lat' dir='ltr'><strong>Actus</strong></span> <span class='ocrx_word' id='word_1_461' title='bbox 2620 3593 2990 3658; x_wconf 87' lang='lat' dir='ltr'><strong>apostolorum</strong></span> <span class='ocrx_word' id='word_1_462' title='bbox 3023 3595 3336 3663; x_wconf 76' lang='lat' dir='ltr'><strong>scripserat.</strong></span> <span class='ocrx_word' id='word_1_463' title='bbox 3373 3616 3392 3646; x_wconf 74' lang='grc' dir='ltr'><strong><em>ν</em></strong></span> 
     </span>
    </p>
   </div>
   <div class='ocr_carea' id='block_1_36' title="bbox 127 3679 3398 3756">
    <p class='ocr_par' dir='ltr' id='par_1_36' title="bbox 127 3679 3398 3756">
     <span class='ocr_line' id='line_1_36' title="bbox 127 3679 3398 3756; baseline 0.002 -23"><span class='ocrx_word' id='word_1_464' title='bbox 127 3679 288 3733; x_wconf 75' lang='lat' dir='ltr'><strong>Natat</strong></span> <span class='ocrx_word' id='word_1_465' title='bbox 321 3680 465 3735; x_wconf 91' lang='lat' dir='ltr'><strong>hunc</strong></span> <span class='ocrx_word' id='word_1_466' title='bbox 497 3679 680 3738; x_wconf 73' lang='lat' dir='ltr'><strong>Melito</strong></span> <span class='ocrx_word' id='word_1_467' title='bbox 730 3682 982 3740; x_wconf 77' lang='lat' dir='ltr'><strong>falsitatis</strong></span> <span class='ocrx_word' id='word_1_468' title='bbox 1016 3684 1190 3750; x_wconf 89' lang='lat' dir='ltr'><strong>titulo,</strong></span> <span class='ocrx_word' id='word_1_469' title='bbox 1241 3687 1582 3755; x_wconf 86' lang='lat' dir='ltr'><strong>potissimum</strong></span> <span class='ocrx_word' id='word_1_470' title='bbox 1615 3688 1738 3756; x_wconf 88' lang='lat' dir='ltr'><strong>quia</strong></span> <span class='ocrx_word' id='word_1_471' title='bbox 1769 3688 1928 3752; x_wconf 70' lang='lat' dir='ltr'><strong>dixit,</strong></span> <span class='ocrx_word' id='word_1_472' title='bbox 1984 3706 2002 3736; x_wconf 79' lang='grc' dir='ltr'>ι</span> <span class='ocrx_word' id='word_1_473' title='bbox 2036 3701 2132 3741; x_wconf 88' lang='lat' dir='ltr'><strong>eos</strong></span> <span class='ocrx_word' id='word_1_474' title='bbox 2167 3687 2421 3741; x_wconf 86' lang='lat' dir='ltr'><strong>docuisse</strong></span> <span class='ocrx_word' id='word_1_475' title='bbox 2455 3687 2560 3740; x_wconf 90' lang='lat' dir='ltr'><strong>duo</strong></span> <span class='ocrx_word' id='word_1_476' title='bbox 2608 3685 2874 3756; x_wconf 85' lang='lat' dir='ltr'><strong>principia</strong></span> <span class='ocrx_word' id='word_1_477' title='bbox 2914 3686 3040 3741; x_wconf 89' lang='lat' dir='ltr'><strong>boni</strong></span> <span class='ocrx_word' id='word_1_478' title='bbox 3069 3696 3123 3741; x_wconf 88' lang='lat' dir='ltr'><strong>et</strong></span> <span class='ocrx_word' id='word_1_479' title='bbox 3161 3685 3307 3754; x_wconf 89' lang='lat' dir='ltr'><strong>mali,</strong></span> <span class='ocrx_word' id='word_1_480' title='bbox 3342 3698 3398 3742; x_wconf 84' lang='lat' dir='ltr'><strong>et</strong></span> 
     </span>
    </p>
   </div>
   <div class='ocr_carea' id='block_1_37' title="bbox 132 3775 3397 3850">
    <p class='ocr_par' dir='ltr' id='par_1_37' title="bbox 132 3775 3397 3850">
     <span class='ocr_line' id='line_1_37' title="bbox 132 3775 3397 3850; baseline 0.002 -22"><span class='ocrx_word' id='word_1_481' title='bbox 132 3777 271 3829; x_wconf 88' lang='lat' dir='ltr'><strong>bona</strong></span> <span class='ocrx_word' id='word_1_482' title='bbox 299 3791 330 3828; x_wconf 85' lang='lat' dir='ltr'><strong>a</strong></span> <span class='ocrx_word' id='word_1_483' title='bbox 365 3775 512 3832; x_wconf 88' lang='lat' dir='ltr'><strong>bono</strong></span> <span class='ocrx_word' id='word_1_484' title='bbox 556 3785 610 3831; x_wconf 89' lang='lat' dir='ltr'><strong>et</strong></span> <span class='ocrx_word' id='word_1_485' title='bbox 660 3778 802 3834; x_wconf 85' lang='lat' dir='ltr'><strong>mala</strong></span> <span class='ocrx_word' id='word_1_486' title='bbox 835 3794 864 3833; x_wconf 90' lang='lat' dir='ltr'><strong>a</strong></span> <span class='ocrx_word' id='word_1_487' title='bbox 903 3778 1044 3835; x_wconf 89' lang='lat' dir='ltr'><strong>malo</strong></span> <span class='ocrx_word' id='word_1_488' title='bbox 1095 3780 1405 3836; x_wconf 89' lang='lat' dir='ltr'><strong>substitisse</strong></span> <span class='ocrx_word' id='word_1_489' title='bbox 1456 3779 1742 3850; x_wconf 90' lang='lat' dir='ltr'><strong>principio.</strong></span> <span class='ocrx_word' id='word_1_490' title='bbox 1781 3799 1800 3832; x_wconf 83' lang='grc'>›</span> <span class='ocrx_word' id='word_1_491' title='bbox 1853 3779 2053 3834; x_wconf 87' lang='lat' dir='ltr'><strong>Eadem</strong></span> <span class='ocrx_word' id='word_1_492' title='bbox 2096 3779 2328 3850; x_wconf 87' lang='lat' dir='ltr'><strong>epistola</strong></span> <span class='ocrx_word' id='word_1_493' title='bbox 2378 3780 2677 3849; x_wconf 74' lang='lat' dir='ltr'><strong>praellgitur</strong></span> <span class='ocrx_word' id='word_1_494' title='bbox 2722 3793 2847 3833; x_wconf 86' lang='lat' dir='ltr'><strong>ante</strong></span> <span class='ocrx_word' id='word_1_495' title='bbox 2887 3781 3020 3833; x_wconf 80' lang='lat' dir='ltr'><strong>Acta</strong></span> <span class='ocrx_word' id='word_1_496' title='bbox 3073 3781 3131 3834; x_wconf 93' lang='lat' dir='ltr'><strong>S.</strong></span> <span class='ocrx_word' id='word_1_497' title='bbox 3172 3781 3397 3839; x_wconf 79' lang='lat' dir='ltr'><strong>Joannis</strong></span> 
     </span>
    </p>
   </div>
   <div class='ocr_carea' id='block_1_38' title="bbox 127 3872 3390 3950">
    <p class='ocr_par' dir='ltr' id='par_1_38' title="bbox 127 3872 3390 3950">
     <span class='ocr_line' id='line_1_38' title="bbox 127 3872 3390 3950; baseline 0.002 -24"><span class='ocrx_word' id='word_1_498' title='bbox 127 3872 472 3939; x_wconf 69' lang='lat' dir='ltr'><strong>evangelista:</strong></span> <span class='ocrx_word' id='word_1_499' title='bbox 497 3874 640 3942; x_wconf 88' lang='lat' dir='ltr'><strong>apud</strong></span> <span class='ocrx_word' id='word_1_500' title='bbox 670 3873 1044 3950; x_wconf 86' lang='lat' dir='ltr'><strong>Florentinum</strong></span> <span class='ocrx_word' id='word_1_501' title='bbox 1074 3877 1138 3929; x_wconf 88' lang='lat' dir='ltr'><strong>ad</strong></span> <span class='ocrx_word' id='word_1_502' title='bbox 1174 3875 1624 3946; x_wconf 62' lang='lat' dir='ltr'><strong>Martyrologium</strong></span> <span class='ocrx_word' id='word_1_503' title='bbox 1661 3875 2169 3945; x_wconf 87' lang='lat' dir='ltr'><strong>llieronytnianum.</strong></span> <span class='ocrx_word' id='word_1_504' title='bbox 2210 3875 2410 3931; x_wconf 79' lang='lat' dir='ltr'><strong>Metilio</strong></span> <span class='ocrx_word' id='word_1_505' title='bbox 2443 3875 2688 3946; x_wconf 67' lang='lat' dir='ltr'><strong>praedicti</strong></span> <span class='ocrx_word' id='word_1_506' title='bbox 2725 3874 2935 3944; x_wconf 87' lang='lat' dir='ltr'><strong>Leucii,</strong></span> <span class='ocrx_word' id='word_1_507' title='bbox 2968 3878 3088 3933; x_wconf 89' lang='lat' dir='ltr'><strong>aliis</strong></span> <span class='ocrx_word' id='word_1_508' title='bbox 3148 3876 3390 3942; x_wconf 82' lang='lat' dir='ltr'><strong>Leontii,</strong></span> 
     </span>
    </p>
   </div>
   <div class='ocr_carea' id='block_1_39' title="bbox 127 3963 3393 4042">
    <p class='ocr_par' dir='ltr' id='par_1_39' title="bbox 127 3963 3393 4042">
     <span class='ocr_line' id='line_1_39' title="bbox 127 3963 3393 4042; baseline 0.004 -29"><span class='ocrx_word' id='word_1_509' title='bbox 127 3963 342 4016; x_wconf 86' lang='lat' dir='ltr'><strong>videtur</strong></span> <span class='ocrx_word' id='word_1_510' title='bbox 387 3964 502 4016; x_wconf 90' lang='lat' dir='ltr'><strong>lieri</strong></span> <span class='ocrx_word' id='word_1_511' title='bbox 551 3965 602 4017; x_wconf 91' lang='lat' dir='ltr'><strong>in</strong></span> <span class='ocrx_word' id='word_1_512' title='bbox 653 3964 913 4020; x_wconf 90' lang='lat' dir='ltr'><strong>Tractatu</strong></span> <span class='ocrx_word' id='word_1_513' title='bbox 968 3968 1041 4024; x_wconf 86' lang='lat' dir='ltr'><strong>De</strong></span> <span class='ocrx_word' id='word_1_514' title='bbox 1085 3969 1191 4039; x_wconf 79' lang='lat' dir='ltr'><strong>fide</strong></span> <span class='ocrx_word' id='word_1_515' title='bbox 1245 3971 1349 4022; x_wconf 76' lang='lat' dir='ltr'><strong>sive</strong></span> <span class='ocrx_word' id='word_1_516' title='bbox 1395 3971 1459 4022; x_wconf 80' lang='lat' dir='ltr'><strong>de</strong></span> <span class='ocrx_word' id='word_1_517' title='bbox 1497 3968 1716 4022; x_wconf 83' lang='lat' dir='ltr'><strong>Unitate</strong></span> <span class='ocrx_word' id='word_1_518' title='bbox 1754 3968 2035 4022; x_wconf 74' lang='lat' dir='ltr'><strong>Trinitatis</strong></span> <span class='ocrx_word' id='word_1_519' title='bbox 2083 3981 2266 4022; x_wconf 82' lang='lat' dir='ltr'><strong>contra</strong></span> <span class='ocrx_word' id='word_1_520' title='bbox 2329 3968 2675 4037; x_wconf 67' lang='lat' dir='ltr'><strong>Manio/tatas,</strong></span> <span class='ocrx_word' id='word_1_521' title='bbox 2722 3971 2816 4041; x_wconf 91' lang='lat' dir='ltr'><strong>qui</strong></span> <span class='ocrx_word' id='word_1_522' title='bbox 2867 3981 3014 4027; x_wconf 91' lang='lat' dir='ltr'><strong>tomo</strong></span> <span class='ocrx_word' id='word_1_523' title='bbox 3050 3971 3115 4026; x_wconf 82' lang='lat' dir='ltr'><strong>Vl</strong></span> <span class='ocrx_word' id='word_1_524' title='bbox 3157 3971 3393 4042; x_wconf 89' lang='lat' dir='ltr'><strong>Opernm</strong></span> 
     </span>
    </p>
   </div>
   <div class='ocr_carea' id='block_1_40' title="bbox 127 4056 3393 4133">
    <p class='ocr_par' dir='ltr' id='par_1_40' title="bbox 127 4056 3393 4133">
     <span class='ocr_line' id='line_1_40' title="bbox 127 4056 3393 4133; baseline 0.003 -21"><span class='ocrx_word' id='word_1_525' title='bbox 127 4057 183 4113; x_wconf 90' lang='lat' dir='ltr'><strong>S.</strong></span> <span class='ocrx_word' id='word_1_526' title='bbox 241 4056 535 4127; x_wconf 83' lang='lat' dir='ltr'><strong>Augustini</strong></span> <span class='ocrx_word' id='word_1_527' title='bbox 589 4060 906 4115; x_wconf 90' lang='lat' dir='ltr'><strong>continetur</strong></span> <span class='ocrx_word' id='word_1_528' title='bbox 949 4075 965 4113; x_wconf 88' lang='lat'><strong>:</strong></span> <span class='ocrx_word' id='word_1_529' title='bbox 1010 4077 1196 4116; x_wconf 83' lang='lat' dir='ltr'><strong>verum</strong></span> <span class='ocrx_word' id='word_1_530' title='bbox 1253 4078 1360 4116; x_wconf 90' lang='lat' dir='ltr'><strong>non</strong></span> <span class='ocrx_word' id='word_1_531' title='bbox 1417 4063 1644 4117; x_wconf 90' lang='lat' dir='ltr'><strong>habetur</strong></span> <span class='ocrx_word' id='word_1_532' title='bbox 1691 4063 1745 4117; x_wconf 92' lang='lat' dir='ltr'><strong>in</strong></span> <span class='ocrx_word' id='word_1_533' title='bbox 1797 4062 2298 4117; x_wconf 82' lang='lat' dir='ltr'><strong>Retractationibus</strong></span> <span class='ocrx_word' id='word_1_534' title='bbox 2341 4061 2479 4131; x_wconf 85' lang='lat' dir='ltr'><strong>ejus,</strong></span> <span class='ocrx_word' id='word_1_535' title='bbox 2518 4078 2693 4130; x_wconf 89' lang='lat' dir='ltr'><strong>neque</strong></span> <span class='ocrx_word' id='word_1_536' title='bbox 2735 4065 2789 4116; x_wconf 91' lang='lat' dir='ltr'><strong>in</strong></span> <span class='ocrx_word' id='word_1_537' title='bbox 2828 4062 3073 4122; x_wconf 88' lang='lat' dir='ltr'><strong>lndiculo</strong></span> <span class='ocrx_word' id='word_1_538' title='bbox 3125 4064 3393 4133; x_wconf 87' lang='lat' dir='ltr'><strong>Possidii;</strong></span> 
     </span>
    </p>
   </div>
   <div class='ocr_carea' id='block_1_41' title="bbox 126 4150 3394 4223">
    <p class='ocr_par' dir='ltr' id='par_1_41' title="bbox 126 4150 3394 4223">
     <span class='ocr_line' id='line_1_41' title="bbox 126 4150 3394 4223; baseline 0.003 -21"><span class='ocrx_word' id='word_1_539' title='bbox 126 4154 438 4218; x_wconf 78' lang='lat' dir='ltr'><strong>asseritque</strong></span> <span class='ocrx_word' id='word_1_540' title='bbox 467 4150 747 4222; x_wconf 84' lang='lat' dir='ltr'><strong>Philippus</strong></span> <span class='ocrx_word' id='word_1_541' title='bbox 792 4151 975 4208; x_wconf 85' lang='lat' dir='ltr'><strong>Labbe</strong></span> <span class='ocrx_word' id='word_1_542' title='bbox 1012 4152 1086 4207; x_wconf 87' lang='lat' dir='ltr'><strong>De</strong></span> <span class='ocrx_word' id='word_1_543' title='bbox 1119 4154 1480 4223; x_wconf 82' lang='lat' dir='ltr'><strong>Scriptoribus</strong></span> <span class='ocrx_word' id='word_1_544' title='bbox 1519 4158 1916 4222; x_wconf 77' lang='lat' dir='ltr'><strong>ecclesiasticis,</strong></span> <span class='ocrx_word' id='word_1_545' title='bbox 1958 4177 1976 4209; x_wconf 75' lang='grc' dir='ltr'>ι</span> <span class='ocrx_word' id='word_1_546' title='bbox 2015 4159 2250 4214; x_wconf 88' lang='lat' dir='ltr'><strong>evicisse</strong></span> <span class='ocrx_word' id='word_1_547' title='bbox 2289 4157 2639 4212; x_wconf 83' lang='lat' dir='ltr'><strong>Sirmoudum</strong></span> <span class='ocrx_word' id='word_1_548' title='bbox 2674 4157 2724 4210; x_wconf 90' lang='lat' dir='ltr'><strong>itt</strong></span> <span class='ocrx_word' id='word_1_549' title='bbox 2755 4156 2992 4211; x_wconf 80' lang='lat' dir='ltr'><strong>Historia</strong></span> <span class='ocrx_word' id='word_1_550' title='bbox 3026 4159 3394 4214; x_wconf 71' lang='lat' dir='ltr'><strong>Praedestina-</strong></span> 
     </span>
    </p>
   </div>
   <div class='ocr_carea' id='block_1_42' title="bbox 132 4243 3389 4322">
    <p class='ocr_par' dir='ltr' id='par_1_42' title="bbox 132 4243 3389 4322">
     <span class='ocr_line' id='line_1_42' title="bbox 132 4243 3389 4322; baseline 0.005 -27"><span class='ocrx_word' id='word_1_551' title='bbox 132 4243 274 4297; x_wconf 86' lang='lat' dir='ltr'><strong>tiaua</strong></span> <span class='ocrx_word' id='word_1_552' title='bbox 304 4260 372 4298; x_wconf 80' lang='lat' dir='ltr'><strong>ex</strong></span> <span class='ocrx_word' id='word_1_553' title='bbox 400 4244 504 4300; x_wconf 82' lang='lat' dir='ltr'><strong>ﬁde</strong></span> <span class='ocrx_word' id='word_1_554' title='bbox 532 4263 668 4302; x_wconf 89' lang='lat' dir='ltr'><strong>mss.</strong></span> <span class='ocrx_word' id='word_1_555' title='bbox 712 4251 982 4316; x_wconf 89' lang='lat' dir='ltr'><strong>codicum,</strong></span> <span class='ocrx_word' id='word_1_556' title='bbox 1021 4251 1291 4320; x_wconf 70' lang='lat' dir='ltr'><strong>pt&#39;mcipue</strong></span> <span class='ocrx_word' id='word_1_557' title='bbox 1327 4250 1704 4315; x_wconf 86' lang='lat' dir='ltr'><strong>Corbeiensis,</strong></span> <span class='ocrx_word' id='word_1_558' title='bbox 1743 4253 1885 4321; x_wconf 91' lang='lat' dir='ltr'><strong>quod</strong></span> <span class='ocrx_word' id='word_1_559' title='bbox 1917 4253 1991 4304; x_wconf 87' lang='lat' dir='ltr'><strong>sit</strong></span> <span class='ocrx_word' id='word_1_560' title='bbox 2024 4251 2212 4313; x_wconf 73' lang='lat' dir='ltr'><strong>Evodii</strong></span> <span class='ocrx_word' id='word_1_561' title='bbox 2244 4253 2482 4322; x_wconf 90' lang='lat' dir='ltr'><strong>episcopi</strong></span> <span class='ocrx_word' id='word_1_562' title='bbox 2518 4253 2827 4318; x_wconf 86' lang='lat' dir='ltr'><strong>Uzalcnsis,</strong></span> <span class='ocrx_word' id='word_1_563' title='bbox 2863 4274 2883 4308; x_wconf 72' lang='grc' dir='ltr'><strong><em>ι</em></strong></span> <span class='ocrx_word' id='word_1_564' title='bbox 2923 4273 2973 4310; x_wconf 89' lang='lat' dir='ltr'><strong>tn</strong></span> <span class='ocrx_word' id='word_1_565' title='bbox 3006 4254 3389 4311; x_wconf 83' lang='lat' dir='ltr'><strong>Proconsulari</strong></span> 
     </span>
    </p>
   </div>
   <div class='ocr_carea' id='block_1_43' title="bbox 129 4338 3391 4417">
    <p class='ocr_par' dir='ltr' id='par_1_43' title="bbox 129 4338 3391 4417">
     <span class='ocr_line' id='line_1_43' title="bbox 129 4338 3391 4417; baseline 0.005 -31"><span class='ocrx_word' id='word_1_566' title='bbox 129 4338 411 4404; x_wconf 85' lang='lat' dir='ltr'><strong>provincia</strong></span> <span class='ocrx_word' id='word_1_567' title='bbox 453 4339 660 4408; x_wconf 79' lang='lat' dir='ltr'><strong>Africa,</strong></span> <span class='ocrx_word' id='word_1_568' title='bbox 698 4345 764 4397; x_wconf 88' lang='lat' dir='ltr'><strong>ad</strong></span> <span class='ocrx_word' id='word_1_569' title='bbox 794 4358 958 4412; x_wconf 89' lang='lat' dir='ltr'><strong>quem</strong></span> <span class='ocrx_word' id='word_1_570' title='bbox 991 4355 1209 4399; x_wconf 80' lang='lat' dir='ltr'><strong>exstant</strong></span> <span class='ocrx_word' id='word_1_571' title='bbox 1239 4344 1399 4400; x_wconf 70' lang='lat' dir='ltr'><strong>variae</strong></span> <span class='ocrx_word' id='word_1_572' title='bbox 1433 4343 1491 4399; x_wconf 92' lang='lat' dir='ltr'><strong>S.</strong></span> <span class='ocrx_word' id='word_1_573' title='bbox 1520 4344 1810 4417; x_wconf 75' lang='lat' dir='ltr'><strong>Augustini</strong></span> <span class='ocrx_word' id='word_1_574' title='bbox 1854 4345 2098 4416; x_wconf 67' lang='lat' dir='ltr'><strong>epistola:</strong></span> <span class='ocrx_word' id='word_1_575' title='bbox 2138 4362 2151 4399; x_wconf 90' lang='lat'><strong>:</strong></span> <span class='ocrx_word' id='word_1_576' title='bbox 2186 4355 2244 4399; x_wconf 91' lang='lat' dir='ltr'><strong>ut</strong></span> <span class='ocrx_word' id='word_1_577' title='bbox 2278 4345 2360 4399; x_wconf 86' lang='lat' dir='ltr'><strong>vel</strong></span> <span class='ocrx_word' id='word_1_578' title='bbox 2397 4354 2522 4402; x_wconf 86' lang='lat' dir='ltr'><strong>tunc</strong></span> <span class='ocrx_word' id='word_1_579' title='bbox 2573 4355 2699 4401; x_wconf 91' lang='lat' dir='ltr'><strong>ante</strong></span> <span class='ocrx_word' id='word_1_580' title='bbox 2739 4346 3009 4402; x_wconf 85' lang='lat' dir='ltr'><strong>indicatus</strong></span> <span class='ocrx_word' id='word_1_581' title='bbox 3054 4347 3235 4403; x_wconf 84' lang='lat' dir='ltr'><strong>Melito</strong></span> <span class='ocrx_word' id='word_1_582' title='bbox 3277 4348 3391 4403; x_wconf 86' lang='lat' dir='ltr'><strong>sive</strong></span> 
     </span>
    </p>
   </div>
   <div class='ocr_carea' id='block_1_44' title="bbox 129 4431 1218 4502">
    <p class='ocr_par' dir='ltr' id='par_1_44' title="bbox 129 4431 1218 4502">
     <span class='ocr_line' id='line_1_44' title="bbox 129 4431 1218 4502; baseline 0.009 -21"><span class='ocrx_word' id='word_1_583' title='bbox 129 4431 368 4484; x_wconf 76' lang='lat' dir='ltr'><strong>Mellitus</strong></span> <span class='ocrx_word' id='word_1_584' title='bbox 396 4432 684 4502; x_wconf 89' lang='lat' dir='ltr'><strong>episcopus</strong></span> <span class='ocrx_word' id='word_1_585' title='bbox 718 4438 920 4491; x_wconf 78' lang='lat' dir='ltr'><strong>vixisse</strong></span> <span class='ocrx_word' id='word_1_586' title='bbox 953 4438 1218 4491; x_wconf 87' lang='lat' dir='ltr'><strong>videatur.</strong></span> 
     </span>
    </p>
   </div>
   <div class='ocr_carea' id='block_1_45' title="bbox 192 4524 3392 4603">
    <p class='ocr_par' dir='ltr' id='par_1_45' title="bbox 192 4524 3392 4603">
     <span class='ocr_line' id='line_1_45' title="bbox 192 4524 3392 4603; baseline 0.003 -24"><span class='ocrx_word' id='word_1_587' title='bbox 192 4525 249 4581; x_wconf 87' lang='grc'><strong>5.</strong></span> <span class='ocrx_word' id='word_1_588' title='bbox 287 4524 433 4581; x_wconf 90' lang='lat' dir='ltr'><strong>Sunt</strong></span> <span class='ocrx_word' id='word_1_589' title='bbox 479 4526 594 4581; x_wconf 65' lang='lat' dir='ltr'><strong>haec</strong></span> <span class='ocrx_word' id='word_1_590' title='bbox 637 4526 1006 4595; x_wconf 86' lang='lat' dir='ltr'><strong>apostolorum</strong></span> <span class='ocrx_word' id='word_1_591' title='bbox 1049 4537 1168 4585; x_wconf 84' lang='lat' dir='ltr'><strong>acta</strong></span> <span class='ocrx_word' id='word_1_592' title='bbox 1200 4529 1546 4597; x_wconf 90' lang='lat' dir='ltr'><strong>postmodum</strong></span> <span class='ocrx_word' id='word_1_593' title='bbox 1593 4530 1745 4585; x_wconf 87' lang='lat' dir='ltr'><strong>varie</strong></span> <span class='ocrx_word' id='word_1_594' title='bbox 1784 4537 1965 4592; x_wconf 88' lang='lat' dir='ltr'><strong>attcta,</strong></span> <span class='ocrx_word' id='word_1_595' title='bbox 1999 4537 2052 4582; x_wconf 89' lang='lat' dir='ltr'><strong>et</strong></span> <span class='ocrx_word' id='word_1_596' title='bbox 2079 4529 2180 4583; x_wconf 90' lang='lat' dir='ltr'><strong>sub</strong></span> <span class='ocrx_word' id='word_1_597' title='bbox 2210 4529 2431 4582; x_wconf 89' lang='lat' dir='ltr'><strong>nomine</strong></span> <span class='ocrx_word' id='word_1_598' title='bbox 2461 4529 2665 4594; x_wconf 70' lang='lat' dir='ltr'><strong>Abdita,</strong></span> <span class='ocrx_word' id='word_1_599' title='bbox 2704 4530 3016 4601; x_wconf 71' lang='lat' dir='ltr'><strong>Babylonia:</strong></span> <span class='ocrx_word' id='word_1_600' title='bbox 3047 4535 3287 4603; x_wconf 88' lang='lat' dir='ltr'><strong>episcopi</strong></span> <span class='ocrx_word' id='word_1_601' title='bbox 3325 4541 3392 4591; x_wconf 87' lang='lat' dir='ltr'><strong>ab</strong></span> 
     </span>
    </p>
   </div>
   <div class='ocr_carea' id='block_1_46' title="bbox 122 4621 3392 4698">
    <p class='ocr_par' dir='ltr' id='par_1_46' title="bbox 122 4621 3392 4698">
     <span class='ocr_line' id='line_1_46' title="bbox 122 4621 3392 4698; baseline 0.001 -22"><span class='ocrx_word' id='word_1_602' title='bbox 122 4622 394 4691; x_wconf 86' lang='lat' dir='ltr'><strong>apostolis</strong></span> <span class='ocrx_word' id='word_1_603' title='bbox 439 4621 695 4687; x_wconf 87' lang='lat' dir='ltr'><strong>ordinati,</strong></span> <span class='ocrx_word' id='word_1_604' title='bbox 730 4623 930 4690; x_wconf 71' lang='lat' dir='ltr'><strong>szepius</strong></span> <span class='ocrx_word' id='word_1_605' title='bbox 974 4638 1204 4690; x_wconf 89' lang='lat' dir='ltr'><strong>recusa;</strong></span> <span class='ocrx_word' id='word_1_606' title='bbox 1241 4623 1396 4695; x_wconf 88' lang='lat' dir='ltr'><strong>quasi</strong></span> <span class='ocrx_word' id='word_1_607' title='bbox 1441 4639 1503 4678; x_wconf 88' lang='lat' dir='ltr'><strong>ea</strong></span> <span class='ocrx_word' id='word_1_608' title='bbox 1549 4639 1619 4679; x_wconf 79' lang='lat' dir='ltr'><strong>ex</strong></span> <span class='ocrx_word' id='word_1_609' title='bbox 1664 4623 1932 4680; x_wconf 86' lang='lat' dir='ltr'><strong>Hebraica</strong></span> <span class='ocrx_word' id='word_1_610' title='bbox 1981 4622 2033 4675; x_wconf 91' lang='lat' dir='ltr'><strong>in</strong></span> <span class='ocrx_word' id='word_1_611' title='bbox 2084 4622 2328 4675; x_wconf 63' lang='lat' dir='ltr'><strong>Graecam</strong></span> <span class='ocrx_word' id='word_1_612' title='bbox 2378 4622 2621 4691; x_wconf 79' lang='lat' dir='ltr'><strong>linguam</strong></span> <span class='ocrx_word' id='word_1_613' title='bbox 2679 4624 3052 4679; x_wconf 83' lang='lat' dir='ltr'><strong>transtulisset</strong></span> <span class='ocrx_word' id='word_1_614' title='bbox 3091 4627 3392 4698; x_wconf 84' lang='lat' dir='ltr'><strong>discipulus</strong></span> 
     </span>
    </p>
   </div>
   <div class='ocr_carea' id='block_1_47' title="bbox 119 4713 3392 4788">
    <p class='ocr_par' dir='ltr' id='par_1_47' title="bbox 119 4713 3392 4788">
     <span class='ocr_line' id='line_1_47' title="bbox 119 4713 3392 4788; baseline 0.002 -17"><span class='ocrx_word' id='word_1_615' title='bbox 119 4716 310 4771; x_wconf 63' lang='lat' dir='ltr'><strong>Abdie</strong></span> <span class='ocrx_word' id='word_1_616' title='bbox 353 4713 673 4782; x_wconf 86' lang='lat' dir='ltr'><strong>Eutropius,</strong></span> <span class='ocrx_word' id='word_1_617' title='bbox 707 4725 761 4768; x_wconf 91' lang='lat' dir='ltr'><strong>et</strong></span> <span class='ocrx_word' id='word_1_618' title='bbox 803 4714 930 4770; x_wconf 89' lang='lat' dir='ltr'><strong>hinc</strong></span> <span class='ocrx_word' id='word_1_619' title='bbox 957 4715 1008 4768; x_wconf 93' lang='lat' dir='ltr'><strong>in</strong></span> <span class='ocrx_word' id='word_1_620' title='bbox 1038 4713 1288 4770; x_wconf 84' lang='lat' dir='ltr'><strong>Latinam</strong></span> <span class='ocrx_word' id='word_1_621' title='bbox 1336 4717 1565 4772; x_wconf 86' lang='lat' dir='ltr'><strong>vertisse</strong></span> <span class='ocrx_word' id='word_1_622' title='bbox 1601 4732 1661 4772; x_wconf 84' lang='lat' dir='ltr'><strong>se</strong></span> <span class='ocrx_word' id='word_1_623' title='bbox 1708 4719 1854 4772; x_wconf 88' lang='lat' dir='ltr'><strong>dicat</strong></span> <span class='ocrx_word' id='word_1_624' title='bbox 1897 4715 2075 4773; x_wconf 84' lang='lat' dir='ltr'><strong>Julius</strong></span> <span class='ocrx_word' id='word_1_625' title='bbox 2114 4715 2422 4783; x_wconf 75' lang='lat' dir='ltr'><strong>Africanus,</strong></span> <span class='ocrx_word' id='word_1_626' title='bbox 2468 4722 2558 4788; x_wconf 91' lang='lat' dir='ltr'><strong>qui</strong></span> <span class='ocrx_word' id='word_1_627' title='bbox 2610 4722 2771 4775; x_wconf 89' lang='lat' dir='ltr'><strong>tertio</strong></span> <span class='ocrx_word' id='word_1_628' title='bbox 2824 4723 3024 4776; x_wconf 65' lang='lat' dir='ltr'><strong>sencqu</strong></span> <span class='ocrx_word' id='word_1_629' title='bbox 3050 4721 3234 4776; x_wconf 86' lang='lat' dir='ltr'><strong>ﬂoruit</strong></span> <span class='ocrx_word' id='word_1_630' title='bbox 3288 4725 3392 4780; x_wconf 88' lang='lat' dir='ltr'><strong>sub</strong></span> 
     </span>
    </p>
   </div>
   <div class='ocr_carea' id='block_1_48' title="bbox 119 4808 3389 4885">
    <p class='ocr_par' dir='ltr' id='par_1_48' title="bbox 119 4808 3389 4885">
     <span class='ocr_line' id='line_1_48' title="bbox 119 4808 3389 4885; baseline 0.002 -21"><span class='ocrx_word' id='word_1_631' title='bbox 119 4809 551 4879; x_wconf 84' lang='lat' dir='ltr'><strong>imperatoribus</strong></span> <span class='ocrx_word' id='word_1_632' title='bbox 599 4808 946 4880; x_wconf 77' lang='lat' dir='ltr'><strong>lleliogabald</strong></span> <span class='ocrx_word' id='word_1_633' title='bbox 972 4821 1026 4865; x_wconf 83' lang='lat' dir='ltr'><strong>et</strong></span> <span class='ocrx_word' id='word_1_634' title='bbox 1055 4811 1366 4866; x_wconf 81' lang='lat' dir='ltr'><strong>Alexandro</strong></span> <span class='ocrx_word' id='word_1_635' title='bbox 1396 4811 1690 4866; x_wconf 77' lang='lat' dir='ltr'><strong>Mammzea:</strong></span> <span class='ocrx_word' id='word_1_636' title='bbox 1718 4811 1850 4866; x_wconf 87' lang='lat' dir='ltr'><strong>lilio.</strong></span> <span class='ocrx_word' id='word_1_637' title='bbox 1875 4812 2142 4866; x_wconf 82' lang='lat' dir='ltr'><strong>Baronius</strong></span> <span class='ocrx_word' id='word_1_638' title='bbox 2178 4814 2229 4866; x_wconf 91' lang='lat' dir='ltr'><strong>in</strong></span> <span class='ocrx_word' id='word_1_639' title='bbox 2268 4814 2410 4868; x_wconf 88' lang='lat' dir='ltr'><strong>notis</strong></span> <span class='ocrx_word' id='word_1_640' title='bbox 2450 4813 2517 4866; x_wconf 90' lang='lat' dir='ltr'><strong>ad</strong></span> <span class='ocrx_word' id='word_1_641' title='bbox 2549 4816 2692 4868; x_wconf 89' lang='lat' dir='ltr'><strong>hunc</strong></span> <span class='ocrx_word' id='word_1_642' title='bbox 2720 4816 2890 4876; x_wconf 85' lang='lat' dir='ltr'><strong>diem,</strong></span> <span class='ocrx_word' id='word_1_643' title='bbox 2925 4832 2942 4865; x_wconf 79' lang='grc' dir='ltr'>ι</span> <span class='ocrx_word' id='word_1_644' title='bbox 2983 4815 3158 4883; x_wconf 87' lang='lat' dir='ltr'><strong>Licet,</strong></span> <span class='ocrx_word' id='word_1_645' title='bbox 3192 4815 3389 4885; x_wconf 88' lang='lat' dir='ltr'><strong>inquit,</strong></span> 
     </span>
    </p>
   </div>
   <div class='ocr_carea' id='block_1_49' title="bbox 116 4906 3386 4981">
    <p class='ocr_par' dir='ltr' id='par_1_49' title="bbox 116 4906 3386 4981">
     <span class='ocr_line' id='line_1_49' title="bbox 116 4906 3386 4981; baseline 0.002 -21"><span class='ocrx_word' id='word_1_646' title='bbox 116 4906 435 4977; x_wconf 78' lang='lat' dir='ltr'><strong>apocrypha</strong></span> <span class='ocrx_word' id='word_1_647' title='bbox 473 4917 800 4960; x_wconf 88' lang='lat' dir='ltr'><strong>censeantur</strong></span> <span class='ocrx_word' id='word_1_648' title='bbox 831 4907 945 4961; x_wconf 67' lang='lat' dir='ltr'><strong>base</strong></span> <span class='ocrx_word' id='word_1_649' title='bbox 984 4909 1084 4962; x_wconf 92' lang='lat' dir='ltr'><strong>sub</strong></span> <span class='ocrx_word' id='word_1_650' title='bbox 1135 4907 1352 4963; x_wconf 90' lang='lat' dir='ltr'><strong>nomine</strong></span> <span class='ocrx_word' id='word_1_651' title='bbox 1397 4908 1607 4968; x_wconf 74' lang='lat' dir='ltr'><strong>Abdite,</strong></span> <span class='ocrx_word' id='word_1_652' title='bbox 1636 4921 1762 4962; x_wconf 89' lang='lat' dir='ltr'><strong>vera</strong></span> <span class='ocrx_word' id='word_1_653' title='bbox 1807 4917 1987 4962; x_wconf 87' lang='lat' dir='ltr'><strong>tamen</strong></span> <span class='ocrx_word' id='word_1_654' title='bbox 2027 4907 2291 4961; x_wconf 90' lang='lat' dir='ltr'><strong>nonnulla</strong></span> <span class='ocrx_word' id='word_1_655' title='bbox 2321 4908 2396 4961; x_wconf 91' lang='lat' dir='ltr'><strong>ibi</strong></span> <span class='ocrx_word' id='word_1_656' title='bbox 2429 4923 2550 4964; x_wconf 85' lang='lat' dir='ltr'><strong>esse</strong></span> <span class='ocrx_word' id='word_1_657' title='bbox 2604 4911 2733 4965; x_wconf 90' lang='lat' dir='ltr'><strong>mihi</strong></span> <span class='ocrx_word' id='word_1_658' title='bbox 2772 4909 2932 4966; x_wconf 79' lang='lat' dir='ltr'><strong>facile</strong></span> <span class='ocrx_word' id='word_1_659' title='bbox 2978 4915 3282 4981; x_wconf 87' lang='lat' dir='ltr'><strong>persuadeo</strong></span> <span class='ocrx_word' id='word_1_660' title='bbox 3315 4932 3326 4968; x_wconf 92' lang='lat'><strong>:</strong></span> <span class='ocrx_word' id='word_1_661' title='bbox 3367 4935 3386 4966; x_wconf 73' lang='grc' dir='ltr'>ι</span> 
     </span>
    </p>
   </div>
   <div class='ocr_carea' id='block_1_50' title="bbox 118 5000 3392 5073">
    <p class='ocr_par' dir='ltr' id='par_1_50' title="bbox 118 5000 3392 5073">
     <span class='ocr_line' id='line_1_50' title="bbox 118 5000 3392 5073; baseline 0.002 -19"><span class='ocrx_word' id='word_1_662' title='bbox 118 5001 360 5055; x_wconf 80' lang='lat' dir='ltr'><strong>maxime</strong></span> <span class='ocrx_word' id='word_1_663' title='bbox 384 5001 607 5068; x_wconf 87' lang='lat' dir='ltr'><strong>quando</strong></span> <span class='ocrx_word' id='word_1_664' title='bbox 634 5000 851 5056; x_wconf 88' lang='lat' dir='ltr'><strong>aliunde</strong></span> <span class='ocrx_word' id='word_1_665' title='bbox 872 5016 935 5055; x_wconf 89' lang='lat' dir='ltr'><strong>ea</strong></span> <span class='ocrx_word' id='word_1_666' title='bbox 959 5000 1091 5056; x_wconf 81' lang='lat' dir='ltr'><strong>Acta</strong></span> <span class='ocrx_word' id='word_1_667' title='bbox 1127 5012 1208 5071; x_wconf 89' lang='lat' dir='ltr'><strong>(ut</strong></span> <span class='ocrx_word' id='word_1_668' title='bbox 1236 5003 1324 5057; x_wconf 90' lang='lat' dir='ltr'><strong>hic</strong></span> <span class='ocrx_word' id='word_1_669' title='bbox 1347 5006 1412 5056; x_wconf 88' lang='lat' dir='ltr'><strong>de</strong></span> <span class='ocrx_word' id='word_1_670' title='bbox 1441 5003 1499 5058; x_wconf 89' lang='lat' dir='ltr'><strong>S.</strong></span> <span class='ocrx_word' id='word_1_671' title='bbox 1527 5003 1818 5072; x_wconf 86' lang='lat' dir='ltr'><strong>Philippo),</strong></span> <span class='ocrx_word' id='word_1_672' title='bbox 1848 5002 1981 5059; x_wconf 90' lang='lat' dir='ltr'><strong>satis</strong></span> <span class='ocrx_word' id='word_1_673' title='bbox 2009 5003 2331 5070; x_wconf 89' lang='lat' dir='ltr'><strong>probantur.</strong></span> <span class='ocrx_word' id='word_1_674' title='bbox 2358 5002 2586 5057; x_wconf 77' lang='lat' dir='ltr'><strong>Exstant</strong></span> <span class='ocrx_word' id='word_1_675' title='bbox 2612 5005 2802 5057; x_wconf 87' lang='lat' dir='ltr'><strong>eadem</strong></span> <span class='ocrx_word' id='word_1_676' title='bbox 2829 5019 3028 5058; x_wconf 78' lang='lat' dir='ltr'><strong>excusa</strong></span> <span class='ocrx_word' id='word_1_677' title='bbox 3059 5022 3203 5060; x_wconf 87' lang='lat' dir='ltr'><strong>anno</strong></span> <span class='ocrx_word' id='word_1_678' title='bbox 3232 5008 3392 5073; x_wconf 80' lang='grc'><strong>1551,</strong></span> 
     </span>
    </p>
   </div>
   <div class='ocr_carea' id='block_1_51' title="bbox 117 5091 3388 5167">
    <p class='ocr_par' dir='ltr' id='par_1_51' title="bbox 117 5091 3388 5167">
     <span class='ocr_line' id='line_1_51' title="bbox 117 5091 3388 5167; baseline 0.002 -20"><span class='ocrx_word' id='word_1_679' title='bbox 117 5097 260 5150; x_wconf 90' lang='lat' dir='ltr'><strong>inter</strong></span> <span class='ocrx_word' id='word_1_680' title='bbox 293 5091 610 5160; x_wconf 80' lang='lat' dir='ltr'><strong>ﬂapsodias</strong></span> <span class='ocrx_word' id='word_1_681' title='bbox 638 5093 909 5165; x_wconf 80' lang='lat' dir='ltr'><strong>Anonymi</strong></span> <span class='ocrx_word' id='word_1_682' title='bbox 959 5093 1250 5149; x_wconf 87' lang='lat' dir='ltr'><strong>Philalethi</strong></span> <span class='ocrx_word' id='word_1_683' title='bbox 1285 5094 1605 5163; x_wconf 85' lang='lat' dir='ltr'><strong>Eusebiani,</strong></span> <span class='ocrx_word' id='word_1_684' title='bbox 1637 5097 1692 5149; x_wconf 90' lang='lat' dir='ltr'><strong>in</strong></span> <span class='ocrx_word' id='word_1_685' title='bbox 1735 5095 1906 5162; x_wconf 77' lang='lat' dir='ltr'><strong>Vitas,</strong></span> <span class='ocrx_word' id='word_1_686' title='bbox 1940 5096 2200 5150; x_wconf 85' lang='lat' dir='ltr'><strong>miracula</strong></span> <span class='ocrx_word' id='word_1_687' title='bbox 2253 5097 2646 5167; x_wconf 87' lang='lat' dir='ltr'><strong>passionesque</strong></span> <span class='ocrx_word' id='word_1_688' title='bbox 2682 5099 3056 5166; x_wconf 88' lang='lat' dir='ltr'><strong>apostolorum</strong></span> <span class='ocrx_word' id='word_1_689' title='bbox 3112 5116 3141 5153; x_wconf 89' lang='lat' dir='ltr'><strong>a</strong></span> <span class='ocrx_word' id='word_1_690' title='bbox 3182 5098 3388 5155; x_wconf 80' lang='lat' dir='ltr'><strong>Frede-</strong></span> 
     </span>
    </p>
   </div>
   <div class='ocr_carea' id='block_1_52' title="bbox 117 5185 3386 5259">
    <p class='ocr_par' dir='ltr' id='par_1_52' title="bbox 117 5185 3386 5259">
     <span class='ocr_line' id='line_1_52' title="bbox 117 5185 3386 5259; baseline 0.001 -17"><span class='ocrx_word' id='word_1_691' title='bbox 117 5193 233 5246; x_wconf 87' lang='lat' dir='ltr'><strong>rico</strong></span> <span class='ocrx_word' id='word_1_692' title='bbox 285 5187 504 5243; x_wconf 71' lang='lat' dir='ltr'><strong>Nausea</strong></span> <span class='ocrx_word' id='word_1_693' title='bbox 553 5185 851 5243; x_wconf 86' lang='lat' dir='ltr'><strong>collectas:</strong></span> <span class='ocrx_word' id='word_1_694' title='bbox 886 5198 940 5242; x_wconf 90' lang='lat' dir='ltr'><strong>et</strong></span> <span class='ocrx_word' id='word_1_695' title='bbox 984 5188 1037 5241; x_wconf 92' lang='lat' dir='ltr'><strong>in</strong></span> <span class='ocrx_word' id='word_1_696' title='bbox 1085 5188 1355 5258; x_wconf 88' lang='lat' dir='ltr'><strong>plerisque</strong></span> <span class='ocrx_word' id='word_1_697' title='bbox 1391 5189 1584 5242; x_wconf 89' lang='lat' dir='ltr'><strong>horum</strong></span> <span class='ocrx_word' id='word_1_698' title='bbox 1635 5201 1743 5242; x_wconf 85' lang='lat' dir='ltr'><strong>non</strong></span> <span class='ocrx_word' id='word_1_699' title='bbox 1792 5189 1988 5258; x_wconf 80' lang='lat' dir='ltr'><strong>legitur</strong></span> <span class='ocrx_word' id='word_1_700' title='bbox 2035 5187 2176 5258; x_wconf 89' lang='lat' dir='ltr'><strong>quod</strong></span> <span class='ocrx_word' id='word_1_701' title='bbox 2221 5187 2499 5258; x_wconf 82' lang='lat' dir='ltr'><strong>Philippus</strong></span> <span class='ocrx_word' id='word_1_702' title='bbox 2535 5207 2553 5239; x_wconf 71' lang='grc' dir='ltr'><strong>ε</strong></span> <span class='ocrx_word' id='word_1_703' title='bbox 2585 5190 2732 5245; x_wconf 89' lang='lat' dir='ltr'><strong>cruci</strong></span> <span class='ocrx_word' id='word_1_704' title='bbox 2767 5188 2962 5244; x_wconf 70' lang='lat' dir='ltr'><strong>ali‘txus</strong></span> <span class='ocrx_word' id='word_1_705' title='bbox 3005 5201 3060 5244; x_wconf 92' lang='lat' dir='ltr'><strong>et</strong></span> <span class='ocrx_word' id='word_1_706' title='bbox 3113 5190 3386 5259; x_wconf 85' lang='lat' dir='ltr'><strong>lapidibus</strong></span> 
     </span>
    </p>
   </div>
   <div class='ocr_carea' id='block_1_53' title="bbox 114 5279 3390 5351">
    <p class='ocr_par' dir='ltr' id='par_1_53' title="bbox 114 5279 3390 5351">
     <span class='ocr_line' id='line_1_53' title="bbox 114 5279 3390 5351; baseline -0 -13"><span class='ocrx_word' id='word_1_707' title='bbox 114 5288 357 5342; x_wconf 81' lang='lat' dir='ltr'><strong>obrutus</strong></span> <span class='ocrx_word' id='word_1_708' title='bbox 391 5283 580 5338; x_wconf 77' lang='lat' dir='ltr'><strong>fuerit.</strong></span> <span class='ocrx_word' id='word_1_709' title='bbox 622 5303 640 5332; x_wconf 79' lang='grc' dir='ltr'><strong><em>ι</em></strong></span> <span class='ocrx_word' id='word_1_710' title='bbox 684 5279 881 5337; x_wconf 84' lang='lat' dir='ltr'><strong>Verum</strong></span> <span class='ocrx_word' id='word_1_711' title='bbox 917 5282 1121 5337; x_wconf 86' lang='lat' dir='ltr'><strong>inserta</strong></span> <span class='ocrx_word' id='word_1_712' title='bbox 1155 5292 1282 5338; x_wconf 92' lang='lat' dir='ltr'><strong>sunt</strong></span> <span class='ocrx_word' id='word_1_713' title='bbox 1310 5283 1393 5337; x_wconf 92' lang='lat' dir='ltr'><strong>illa</strong></span> <span class='ocrx_word' id='word_1_714' title='bbox 1427 5283 1591 5337; x_wconf 91' lang='lat' dir='ltr'><strong>verba</strong></span> <span class='ocrx_word' id='word_1_715' title='bbox 1621 5281 1759 5351; x_wconf 85' lang='lat' dir='ltr'><strong>apud</strong></span> <span class='ocrx_word' id='word_1_716' title='bbox 1791 5279 2046 5335; x_wconf 86' lang='lat' dir='ltr'><strong>Joninum</strong></span> <span class='ocrx_word' id='word_1_717' title='bbox 2087 5280 2480 5342; x_wconf 85' lang='lat' dir='ltr'><strong>Mombritium,</strong></span> <span class='ocrx_word' id='word_1_718' title='bbox 2510 5282 2562 5336; x_wconf 91' lang='lat' dir='ltr'><strong>in</strong></span> <span class='ocrx_word' id='word_1_719' title='bbox 2595 5281 2932 5350; x_wconf 83' lang='lat' dir='ltr'><strong>Legeudario</strong></span> <span class='ocrx_word' id='word_1_720' title='bbox 2970 5293 3096 5338; x_wconf 87' lang='lat' dir='ltr'><strong>ante</strong></span> <span class='ocrx_word' id='word_1_721' title='bbox 3127 5286 3390 5340; x_wconf 85' lang='lat' dir='ltr'><strong>ducentos</strong></span> 
     </span>
    </p>
   </div>
   <div class='ocr_carea' id='block_1_54' title="bbox 115 5373 3390 5452">
    <p class='ocr_par' dir='ltr' id='par_1_54' title="bbox 115 5373 3390 5452">
     <span class='ocr_line' id='line_1_54' title="bbox 115 5373 3390 5452; baseline 0 -21"><span class='ocrx_word' id='word_1_722' title='bbox 115 5395 292 5431; x_wconf 85' lang='lat' dir='ltr'><strong>annos</strong></span> <span class='ocrx_word' id='word_1_723' title='bbox 328 5390 542 5432; x_wconf 74' lang='lat' dir='ltr'><strong>excuso</strong></span> <span class='ocrx_word' id='word_1_724' title='bbox 575 5392 588 5429; x_wconf 89' lang='lat'><strong>:</strong></span> <span class='ocrx_word' id='word_1_725' title='bbox 619 5375 746 5429; x_wconf 77' lang='lat' dir='ltr'><strong>item</strong></span> <span class='ocrx_word' id='word_1_726' title='bbox 781 5376 835 5429; x_wconf 91' lang='lat' dir='ltr'><strong>in</strong></span> <span class='ocrx_word' id='word_1_727' title='bbox 864 5373 1143 5430; x_wconf 88' lang='lat' dir='ltr'><strong>Breviario</strong></span> <span class='ocrx_word' id='word_1_728' title='bbox 1173 5377 1416 5431; x_wconf 80' lang='lat' dir='ltr'><strong>Romano</strong></span> <span class='ocrx_word' id='word_1_729' title='bbox 1445 5375 1573 5429; x_wconf 91' lang='lat' dir='ltr'><strong>anni</strong></span> <span class='ocrx_word' id='word_1_730' title='bbox 1607 5375 1749 5428; x_wconf 68' lang='lat'><strong>152?.</strong></span> <span class='ocrx_word' id='word_1_731' title='bbox 1778 5384 1946 5446; x_wconf 86' lang='lat' dir='ltr'><strong>atque</strong></span> <span class='ocrx_word' id='word_1_732' title='bbox 1979 5389 2044 5430; x_wconf 91' lang='lat' dir='ltr'><strong>eo</strong></span> <span class='ocrx_word' id='word_1_733' title='bbox 2081 5375 2223 5445; x_wconf 89' lang='lat' dir='ltr'><strong>quod</strong></span> <span class='ocrx_word' id='word_1_734' title='bbox 2251 5375 2403 5443; x_wconf 84' lang='lat' dir='ltr'><strong>jussu</strong></span> <span class='ocrx_word' id='word_1_735' title='bbox 2434 5373 2586 5428; x_wconf 84' lang='lat' dir='ltr'><strong>Pauli</strong></span> <span class='ocrx_word' id='word_1_736' title='bbox 2617 5389 2771 5452; x_wconf 76' lang='lat' dir='ltr'><strong>papa:</strong></span> <span class='ocrx_word' id='word_1_737' title='bbox 2800 5373 2867 5429; x_wconf 85' lang='lat' dir='ltr'><strong>lli</strong></span> <span class='ocrx_word' id='word_1_738' title='bbox 2892 5393 2919 5428; x_wconf 85' lang='lat' dir='ltr'><strong>a</strong></span> <span class='ocrx_word' id='word_1_739' title='bbox 2947 5376 3224 5431; x_wconf 85' lang='lat' dir='ltr'><strong>cardinale</strong></span> <span class='ocrx_word' id='word_1_740' title='bbox 3255 5377 3390 5445; x_wconf 81' lang='lat' dir='ltr'><strong>Qui-</strong></span> 
     </span>
    </p>
   </div>
   <div class='ocr_carea' id='block_1_55' title="bbox 114 5467 3388 5543">
    <p class='ocr_par' dir='ltr' id='par_1_55' title="bbox 114 5467 3388 5543">
     <span class='ocr_line' id='line_1_55' title="bbox 114 5467 3388 5543; baseline -0 -18"><span class='ocrx_word' id='word_1_741' title='bbox 114 5472 323 5543; x_wconf 84' lang='lat' dir='ltr'><strong>gnonio</strong></span> <span class='ocrx_word' id='word_1_742' title='bbox 371 5471 687 5525; x_wconf 88' lang='lat' dir='ltr'><strong>ordinatum</strong></span> <span class='ocrx_word' id='word_1_743' title='bbox 726 5481 778 5525; x_wconf 90' lang='lat' dir='ltr'><strong>et</strong></span> <span class='ocrx_word' id='word_1_744' title='bbox 830 5469 906 5524; x_wconf 80' lang='lat' dir='ltr'><strong>l‘ii</strong></span> <span class='ocrx_word' id='word_1_745' title='bbox 940 5467 983 5525; x_wconf 78' lang='grc' dir='ltr'>γ</span> <span class='ocrx_word' id='word_1_746' title='bbox 1010 5468 1164 5538; x_wconf 85' lang='lat' dir='ltr'><strong>jussu</strong></span> <span class='ocrx_word' id='word_1_747' title='bbox 1218 5479 1405 5538; x_wconf 89' lang='lat' dir='ltr'><strong>postea</strong></span> <span class='ocrx_word' id='word_1_748' title='bbox 1446 5469 1649 5523; x_wconf 91' lang='lat' dir='ltr'><strong>editum</strong></span> <span class='ocrx_word' id='word_1_749' title='bbox 1706 5469 1968 5523; x_wconf 88' lang='lat' dir='ltr'><strong>hactenus</strong></span> <span class='ocrx_word' id='word_1_750' title='bbox 2018 5477 2353 5530; x_wconf 84' lang='lat' dir='ltr'><strong>asscrvatur,</strong></span> <span class='ocrx_word' id='word_1_751' title='bbox 2404 5468 2532 5522; x_wconf 91' lang='lat' dir='ltr'><strong>licet</strong></span> <span class='ocrx_word' id='word_1_752' title='bbox 2568 5468 2620 5522; x_wconf 92' lang='lat' dir='ltr'><strong>in</strong></span> <span class='ocrx_word' id='word_1_753' title='bbox 2660 5469 2808 5523; x_wconf 89' lang='lat' dir='ltr'><strong>hisce</strong></span> <span class='ocrx_word' id='word_1_754' title='bbox 2840 5467 2973 5523; x_wconf 81' lang='lat' dir='ltr'><strong>Acta</strong></span> <span class='ocrx_word' id='word_1_755' title='bbox 3029 5469 3240 5540; x_wconf 87' lang='lat' dir='ltr'><strong>integra</strong></span> <span class='ocrx_word' id='word_1_756' title='bbox 3277 5486 3388 5525; x_wconf 88' lang='lat' dir='ltr'><strong>non</strong></span> 
     </span>
    </p>
   </div>
   <div class='ocr_carea' id='block_1_56' title="bbox 113 5559 3390 5633">
    <p class='ocr_par' dir='ltr' id='par_1_56' title="bbox 113 5559 3390 5633">
     <span class='ocr_line' id='line_1_56' title="bbox 113 5559 3390 5633; baseline -0.001 -13"><span class='ocrx_word' id='word_1_757' title='bbox 113 5572 332 5629; x_wconf 83' lang='lat' dir='ltr'><strong>dentur,</strong></span> <span class='ocrx_word' id='word_1_758' title='bbox 383 5574 444 5619; x_wconf 92' lang='lat' dir='ltr'><strong>ut</strong></span> <span class='ocrx_word' id='word_1_759' title='bbox 485 5565 540 5620; x_wconf 87' lang='lat' dir='ltr'><strong>in</strong></span> <span class='ocrx_word' id='word_1_760' title='bbox 577 5564 870 5633; x_wconf 90' lang='lat' dir='ltr'><strong>antiquiori</strong></span> <span class='ocrx_word' id='word_1_761' title='bbox 906 5563 1203 5620; x_wconf 80' lang='lat' dir='ltr'><strong>Breviario.</strong></span> <span class='ocrx_word' id='word_1_762' title='bbox 1237 5563 1393 5617; x_wconf 82' lang='lat' dir='ltr'><strong>Prior</strong></span> <span class='ocrx_word' id='word_1_763' title='bbox 1436 5578 1562 5631; x_wconf 89' lang='lat' dir='ltr'><strong>pars</strong></span> <span class='ocrx_word' id='word_1_764' title='bbox 1604 5564 1864 5617; x_wconf 80' lang='lat' dir='ltr'><strong>Actorum</strong></span> <span class='ocrx_word' id='word_1_765' title='bbox 1908 5561 2129 5631; x_wconf 85' lang='lat' dir='ltr'><strong>integra</strong></span> <span class='ocrx_word' id='word_1_766' title='bbox 2172 5561 2398 5615; x_wconf 88' lang='lat' dir='ltr'><strong>habetur</strong></span> <span class='ocrx_word' id='word_1_767' title='bbox 2431 5559 2482 5614; x_wconf 91' lang='lat' dir='ltr'><strong>in</strong></span> <span class='ocrx_word' id='word_1_768' title='bbox 2514 5559 2796 5616; x_wconf 88' lang='lat' dir='ltr'><strong>Brevrario</strong></span> <span class='ocrx_word' id='word_1_769' title='bbox 2823 5562 2952 5615; x_wconf 86' lang='lat' dir='ltr'><strong>anni</strong></span> <span class='ocrx_word' id='word_1_770' title='bbox 2985 5562 3143 5627; x_wconf 67' lang='lat'><strong>“79,</strong></span> <span class='ocrx_word' id='word_1_771' title='bbox 3174 5564 3309 5619; x_wconf 79' lang='lat' dir='ltr'><strong>M90</strong></span> <span class='ocrx_word' id='word_1_772' title='bbox 3332 5574 3390 5618; x_wconf 86' lang='lat' dir='ltr'><strong>et</strong></span> 
     </span>
    </p>
   </div>
   <div class='ocr_carea' id='block_1_57' title="bbox 115 5655 3386 5728">
    <p class='ocr_par' dir='ltr' id='par_1_57' title="bbox 115 5655 3386 5728">
     <span class='ocr_line' id='line_1_57' title="bbox 115 5655 3386 5728; baseline 0 -18"><span class='ocrx_word' id='word_1_773' title='bbox 115 5660 464 5726; x_wconf 64' lang='lat' dir='ltr'><strong>sequentium</strong></span> <span class='ocrx_word' id='word_1_774' title='bbox 509 5658 606 5712; x_wconf 87' lang='lat' dir='ltr'><strong>:in</strong></span> <span class='ocrx_word' id='word_1_775' title='bbox 644 5672 816 5728; x_wconf 84' lang='lat' dir='ltr'><strong>eaque</strong></span> <span class='ocrx_word' id='word_1_776' title='bbox 840 5666 996 5728; x_wconf 92' lang='lat' dir='ltr'><strong>parte</strong></span> <span class='ocrx_word' id='word_1_777' title='bbox 1032 5659 1383 5713; x_wconf 86' lang='lat' dir='ltr'><strong>continentur</strong></span> <span class='ocrx_word' id='word_1_778' title='bbox 1410 5657 1496 5709; x_wconf 82' lang='lat' dir='ltr'><strong>illa</strong></span> <span class='ocrx_word' id='word_1_779' title='bbox 1538 5673 1656 5725; x_wconf 71' lang='lat' dir='ltr'><strong>qua:</strong></span> <span class='ocrx_word' id='word_1_780' title='bbox 1693 5656 1815 5709; x_wconf 87' lang='lat' dir='ltr'><strong>inde</strong></span> <span class='ocrx_word' id='word_1_781' title='bbox 1848 5655 2194 5723; x_wconf 62' lang='lat' dir='ltr'><strong>Alaurolycus</strong></span> <span class='ocrx_word' id='word_1_782' title='bbox 2234 5669 2392 5722; x_wconf 87' lang='lat' dir='ltr'><strong>supra</strong></span> <span class='ocrx_word' id='word_1_783' title='bbox 2441 5655 2662 5709; x_wconf 89' lang='lat' dir='ltr'><strong>tradidit</strong></span> <span class='ocrx_word' id='word_1_784' title='bbox 2700 5655 2765 5710; x_wconf 86' lang='lat' dir='ltr'><strong>de</strong></span> <span class='ocrx_word' id='word_1_785' title='bbox 2793 5673 2810 5706; x_wconf 78' lang='grc' dir='ltr'>ε</span> <span class='ocrx_word' id='word_1_786' title='bbox 2850 5671 3120 5712; x_wconf 81' lang='lat' dir='ltr'><strong>venenosa</strong></span> <span class='ocrx_word' id='word_1_787' title='bbox 3148 5657 3386 5712; x_wconf 87' lang='lat' dir='ltr'><strong>dracone</strong></span> 
     </span>
    </p>
   </div>
   <div class='ocr_carea' id='block_1_58' title="bbox 116 5748 3386 5817">
    <p class='ocr_par' dir='ltr' id='par_1_58' title="bbox 116 5748 3386 5817">
     <span class='ocr_line' id='line_1_58' title="bbox 116 5748 3386 5817; baseline -0 -7"><span class='ocrx_word' id='word_1_788' title='bbox 116 5756 503 5816; x_wconf 71' lang='lat' dir='ltr'><strong>exterminata,</strong></span> <span class='ocrx_word' id='word_1_789' title='bbox 548 5775 566 5806; x_wconf 72' lang='grc' dir='ltr'><strong>ρ</strong></span> <span class='ocrx_word' id='word_1_790' title='bbox 613 5764 706 5806; x_wconf 86' lang='lat' dir='ltr'><strong>aut</strong></span> <span class='ocrx_word' id='word_1_791' title='bbox 737 5753 916 5806; x_wconf 83' lang='lat' dir='ltr'><strong>forsan</strong></span> <span class='ocrx_word' id='word_1_792' title='bbox 957 5751 1177 5808; x_wconf 88' lang='lat' dir='ltr'><strong>diabolo</strong></span> <span class='ocrx_word' id='word_1_793' title='bbox 1207 5753 1308 5807; x_wconf 82' lang='lat' dir='ltr'><strong>sub</strong></span> <span class='ocrx_word' id='word_1_794' title='bbox 1357 5752 1478 5806; x_wconf 87' lang='lat' dir='ltr'><strong>tctri</strong></span> <span class='ocrx_word' id='word_1_795' title='bbox 1526 5752 1754 5806; x_wconf 88' lang='lat' dir='ltr'><strong>monstri</strong></span> <span class='ocrx_word' id='word_1_796' title='bbox 1806 5752 1999 5817; x_wconf 68' lang='lat' dir='ltr'><strong>ligura.</strong></span> <span class='ocrx_word' id='word_1_797' title='bbox 2046 5748 2250 5803; x_wconf 88' lang='lat' dir='ltr'><strong>Similia</strong></span> <span class='ocrx_word' id='word_1_798' title='bbox 2309 5750 2504 5806; x_wconf 74' lang='lat' dir='ltr'><strong>habent</strong></span> <span class='ocrx_word' id='word_1_799' title='bbox 2557 5749 2746 5807; x_wconf 82' lang='lat' dir='ltr'><strong>Petrus</strong></span> <span class='ocrx_word' id='word_1_800' title='bbox 2790 5753 2852 5807; x_wconf 84' lang='lat' dir='ltr'><strong>de</strong></span> <span class='ocrx_word' id='word_1_801' title='bbox 2894 5750 3173 5808; x_wconf 70' lang='lat' dir='ltr'><strong>Natalibus</strong></span> <span class='ocrx_word' id='word_1_802' title='bbox 3217 5755 3307 5808; x_wconf 86' lang='lat' dir='ltr'><strong>lib.</strong></span> <span class='ocrx_word' id='word_1_803' title='bbox 3337 5770 3386 5808; x_wconf 88' lang='lat' dir='ltr'><strong>tv</strong></span> 
     </span>
    </p>
   </div>
   <div class='ocr_carea' id='block_1_59' title="bbox 117 5843 2369 5922">
    <p class='ocr_par' dir='ltr' id='par_1_59' title="bbox 117 5843 2369 5922">
     <span class='ocr_line' id='line_1_59' title="bbox 117 5843 2369 5922; baseline -0.001 -21"><span class='ocrx_word' id='word_1_804' title='bbox 117 5846 381 5922; x_wconf 76' lang='lat' dir='ltr'><strong>Catalogi,</strong></span> <span class='ocrx_word' id='word_1_805' title='bbox 417 5868 542 5922; x_wconf 76' lang='lat' dir='ltr'><strong>cap.</strong></span> <span class='ocrx_word' id='word_1_806' title='bbox 596 5847 718 5915; x_wconf 81' lang='lat'><strong>107,</strong></span> <span class='ocrx_word' id='word_1_807' title='bbox 757 5846 1031 5919; x_wconf 79' lang='lat' dir='ltr'><strong>Philippus</strong></span> <span class='ocrx_word' id='word_1_808' title='bbox 1060 5845 1344 5905; x_wconf 75' lang='lat' dir='ltr'><strong>Ferrarius</strong></span> <span class='ocrx_word' id='word_1_809' title='bbox 1380 5847 1452 5903; x_wconf 81' lang='lat' dir='ltr'><strong>Dc</strong></span> <span class='ocrx_word' id='word_1_810' title='bbox 1486 5846 1678 5902; x_wconf 67' lang='lat' dir='ltr'><strong>sanctis</strong></span> <span class='ocrx_word' id='word_1_811' title='bbox 1720 5845 1918 5910; x_wconf 59' lang='lat' dir='ltr'><strong>Italiae,</strong></span> <span class='ocrx_word' id='word_1_812' title='bbox 1954 5856 2001 5898; x_wconf 86' lang='lat' dir='ltr'><strong>et</strong></span> <span class='ocrx_word' id='word_1_813' title='bbox 2045 5845 2228 5915; x_wconf 68' lang='lat' dir='ltr'><strong>plut-es</strong></span> <span class='ocrx_word' id='word_1_814' title='bbox 2257 5843 2369 5899; x_wconf 79' lang='lat' dir='ltr'><strong>alit.</strong></span> 
     </span>
    </p>
   </div>
  </div>
