4196 6306
132 365 209 430 189

1166 377 1345 436 VlTA
1387 378 1448 437 S.
1494 377 1835 438 PHlLlPI’l
1879 380 2275 442 APOSTULI.

3242 385 3339 452 190

129 477 357 529 ἐλεύσεται
396 480 490 531 καὶ
546 486 703 555 κοινῇ
762 485 927 537 πᾶσιν
960 484 1307 554 οἰκονομήσει
1352 486 1450 556 τὴν
1481 504 1656 554 σωτη-
1686 495 1725 548 Α

1765 492 1900 543 enim
1934 491 2000 543 iis
2034 492 2123 558 qui
2156 492 2494 559 juventutem
2534 491 2824 555 docebant,
2861 490 2941 546 las
2977 500 3097 546 erat
3135 494 3341 548 doctri-

129 572 243 637 ρίαν·
266 570 314 620 οὗ
332 570 441 640 γὰρ
472 574 660 640 ἐφεῖτο
682 579 791 638 τοῖς
815 576 932 627 τότε
960 576 1277 629 παιδεύουσι
1303 578 1439 647 πρὸς
1464 577 1659 645 ἑτέραν

129 660 318 728 μάθησιν
340 665 467 726 τοῦς
512 668 774 734 φοιτητὰς
808 668 1061 721 ἐκπονεῖν
1083 706 1097 730 ,
1129 669 1178 721 εἰ
1223 667 1299 739 μὴ
1322 668 1389 721 τά
1420 668 1662 732 Μωσέως

126 754 349 823 πρότερον
390 756 749 821 ὲπιλέξοιντο.

182 845 240 898 Γ’.
285 847 539 910 Ἐπιστὰς
577 847 670 902 οὖν
703 852 729 903 ὁ
773 850 984 920 Ἰησοῦς
1008 854 1072 922 τῇ
1110 852 1396 923 Γαλιλαία,
1454 852 1548 905 καὶ
1571 851 1660 904 τὸν

127 940 270 1003 μέγαν
295 940 479 993 τοῦτον
510 943 779 995 Φίλιππον
834 943 1108 1015 εὑρηκὼς,
1166 944 1482 1000 ἀκολουθεῖν
1512 945 1659 1014 αὐτῷ

125 1031 459 1099 προετρέπετο
478 1047 491 1061 '
515 1033 608 1085 καὶ
633 1033 690 1095 ὃς
720 1033 962 1098 ἀκούσας
988 1038 1064 1098 είς
1090 1036 1312 1105 μνήμην
1340 1031 1475 1105 ἧκεν
1500 1036 1658 1100 εὐθὺς

122 1118 178 1173 ὧν
208 1124 261 1174 ὲκ
290 1123 476 1186 παιδος
507 1126 633 1193 περὶ
659 1124 896 1195 Χριστοῦ
956 1128 1166 1195 ἤσκησὲ
1193 1144 1251 1178 τε
1302 1129 1395 1178 καὶ
1445 1127 1659 1179 συνελέ-

123 1213 248 1275 ξιτο·
295 1216 387 1267 καὶ
445 1216 635 1269 τοῦτον
693 1220 900 1270 ἐκεῖνον
930 1214 1069 1269 εἶναι
1110 1217 1331 1283 διέγνω,
1385 1218 1443 1269 ὃν
1477 1217 1654 1270 αἰτοῦ

122 1307 326 1370 Μωσέως
372 1309 549 1377 βίϐλοι
587 1311 901 1363 ἐλεύσεσθαι
936 1309 1163 1376 ὕστερον
1191 1310 1507 1376 διεσάφουν.
1539 1310 1657 1361 Ἐν-

124 1400 274 1451 τεῦθεν
312 1395 463 1463 οὗτος
488 1402 563 1470 τῷ
596 1403 889 1455 καλέσαντι
925 1402 1235 1473 διδασκάλῳ
1261 1402 1321 1455 τὸ
1366 1402 1473 1454 ἀπὸ
1502 1402 1653 1455 τοῦδε

120 1494 271 1556 συνῆν,
304 1494 713 1561 συμπροῖοῦσάν
742 1513 800 1547 τε
825 1492 937 1566 εἶχε
970 1496 1050 1566 τῷ
1082 1497 1259 1566 χρόνῳ
1295 1498 1395 1565 τὴν
1433 1497 1655 1565 ἀρετὴν,

118 1586 320 1645 καὶτοῖς
371 1586 484 1637 τῶν
553 1587 811 1657 μαθητῶν
866 1589 1184 1659 κορυφαίοις
1246 1587 1654 1657 συνηριθμεῖτο.

116 1676 375 1746 Μετασχὼν
404 1678 462 1730 δὲ
490 1678 632 1731 οὕτω
662 1680 754 1733 τοῦ
778 1681 1008 1746 ἀγαθοῦ,
1048 1684 1337 1743 κοινωνοὺς
1368 1682 1658 1750 παραλαμ-

116 1768 240 1819 bim
273 1770 361 1821 καὶ
385 1769 587 1832 ἄλλους
616 1772 716 1840 τῆς
758 1773 1134 1840 μεταλήψεως,
1162 1771 1256 1823 καὶ
1292 1772 1391 1823 οὐκ
1416 1771 1658 1841 ἀποκρύ-

1765 600 1882 636 nam
1916 585 2077 636 aliam
2101 583 2375 653 discipulis
2398 584 2631 649 tradere,
2663 585 2765 639 nisi
2802 587 2951 654 prius
2982 584 3205 656 Moysen
3225 589 3344 641 edi-

1763 675 2044 730 dicissent.
2536 676 2537 681 “

1833 859 1917 916 Ill.
1946 860 2182 915 Veniens
2214 859 2380 928 igitur
2408 860 2461 914 in
2489 859 2765 917 Galilteam
2791 859 2972 927 Jesns,
3004 871 3053 916 et
3088 877 3341 931 magnum

1764 953 1907 1007 hunc
1940 951 2244 1021 Philippum
2282 952 2584 1020 reperiens,
2613 953 2769 1019 sequi
2805 953 3057 1021 sejuhet.
3086 950 3182 1007 Hic
3213 968 3345 1006 vero

1761 1053 1821 1100 ut
1884 1057 2169 1098 vocantem
2230 1045 2421 1108 audiit,
2468 1045 2652 1098 statim
2712 1044 2861 1098 venit
2915 1045 2966 1098 in
3026 1045 3344 1098 memoriam

1760 1154 1947 1191 eorum
1999 1153 2117 1207 qua:
2148 1154 2176 1190 a
2224 1151 2392 1206 puero
2453 1144 2775 1205 perceperat
2828 1134 3234 1203 collegeratque
3280 1134 3348 1189 de

1758 1229 1976 1282 Christo
2008 1231 2289 1297 ipsumque
2316 1243 2440 1281 esse
2469 1228 2743 1297 cognovit,
2767 1242 2924 1295 quem
2962 1226 3086 1279 libri
3123 1225 3347 1279 Mosaici

1762 1332 2046 1374 venturum
2095 1321 2559 1375 demonstrabant.
2605 1320 2812 1373 Exinde
2841 1318 3055 1373 vocanti
3088 1332 3146 1370 se
3178 1316 3349 1387 Magi-

1758 1425 1871 1465 stro
1899 1413 2143 1475 adluesit,
2170 1424 2220 1465 et
2250 1415 2507 1481 paulatim
2538 1412 2829 1480 proﬁciens
2859 1410 2910 1464 iu
2939 1413 3159 1474 virtute,
3186 1409 3350 1462 disci-

1760 1505 2005 1574 pulorum
2042 1506 2330 1573 prmcipuis
2362 1506 2464 1558 luit
2517 1513 2936 1558 annumeratus.
2974 1502 3127 1568 Quod
3169 1510 3350 1555 autem

1760 1592 1984 1659 adeptus
2012 1601 2127 1645 erat
2152 1592 2347 1645 bonum
2375 1594 2537 1647 etiam
2566 1592 2689 1647 aliis
2711 1594 3115 1646 communicare
3140 1590 3345 1655 voluit;

1761 1684 2003 1752 illmlque
2048 1684 2193 1738 haud
2229 1686 2589 1750 abscondens,
2637 1685 2812 1752 primo
2842 1684 2928 1738 cui
2965 1684 3205 1737 occurrit
3238 1682 3352 1735 Na-

1768 1776 2003 1830 thanaeli
2043 1778 2184 1845 (erat
2239 1777 2326 1831 hic
2362 1778 2410 1831 ei
2456 1779 2663 1831 amicus
2701 1786 2757 1831 et
2796 1774 3084 1830 familiaris
3114 1790 3145 1829 a
3192 1773 3353 1844 longo

115 1879 278 1914 πτεται
326 1863 552 1929 ταύτην,
612 1864 749 1918 ἀλλὰ
779 1866 995 1933 πρῶτον
1028 1863 1337 1933 περιτυχὼν
1364 1865 1442 1932 τῷ
1470 1865 1658 1917 Ναθα-
1694 1840 1725 1894 Ε

1768 1869 2026 1936 tempore)
2052 1870 2393 1937 praesentiam
2420 1871 2708 1932 venientis,
2737 1885 2840 1925 non
2872 1878 2931 1921 ut
2965 1866 3227 1927 luturam,
3258 1865 3353 1919 sed

114 1955 239 2017 ιαὴλ,
273 1955 325 2015 ὃς
370 1958 435 2005 ἐκ
468 1954 663 2006 πολλοῦ
702 1954 854 2023 φίλος
906 1954 1073 2008 αὐτοῦ
1111 1956 1205 2007 καὶ
1239 1955 1475 2024 συνήθης
1502 1954 1659 2021 ἐτύγ-

114 2064 235 2113 χανῖ,
267 2045 353 2116 τὴν
381 2045 478 2097 τοῦ
512 2046 807 2116 ἐρχομένου
837 2047 1165 2117 παρουσίαν,
1192 2047 1286 2114 οὐχ
1314 2047 1385 2109 ὼς
1420 2046 1501 2097 ἔτι
1529 2046 1660 2115 μέλ-

112 2137 299 2196 λουσαν,
330 2135 446 2187 ἀλλ’
478 2135 552 2198 ὠς
581 2136 682 2206 ἠδη
730 2136 1030 2206 παροῦσαν,
1066 2136 1463 2205 εὐηγγελίσατο
1484 2152 1497 2165 ’
1542 2138 1658 2189 Οὐκ

109 2229 191 2290 ἐτι,
228 2228 410 2292 λέγων,
452 2230 510 2280 ὲν
540 2230 757 2282 ἐλπίσιν
788 2232 819 2299 ή
861 2230 1107 2300 σωτηρίᾳ
1158 2230 1235 2299 τῷ
1273 2230 1515 2301 Ἰσραὴλ,
1545 2230 1656 2282 ἀλλ’

109 2321 153 2370 ὃν
179 2322 229 2371 αἱ
275 2322 746 2392 προσημαίνουσαι
810 2323 1053 2391 γλῶσσαι
1117 2326 1211 2376 καὶ
1246 2323 1322 2393 τῷ
1377 2325 1658 2395 ῐινεύματι

109 2410 310 2481 Σωτῆρα
350 2416 616 2482 προεῖπον
649 2414 734 2464 ἐπ’
767 2414 1013 2481 ἐσχάτων
1044 2413 1119 2481 τῷ
1168 2414 1386 2482 Ἰσραὴλ
1419 2417 1659 2485 ἀναστή-

110 2504 291 2570 essent,
342 2508 614 2573 πάρεστι·
658 2504 847 2556 τοῦτον
897 2504 1151 2572 εὑρόντες
1202 2507 1361 2574 ἡμεῖς
1404 2506 1493 2558 τὸν
1548 2507 1657 2558 ἀπὸ

108 2596 328 2665 Ναζαρὲτ
361 2596 591 2667 Ἰησοῦν,
621 2595 810 2665 καὶτῷ
834 2597 942 2648 τῶν
972 2595 1140 2649 αὑτοῦ
1167 2598 1462 2668 θαυμάτων
1488 2598 1657 2670 ὑπερ-

110 2694 212 2747 ενεί
242 2690 310 2762 μὴ
340 2691 554 2763 ἔχοντες
578 2693 847 2757 άπιστεῖν,
876 2693 1095 2765 μακράς
1132 2696 1243 2757 τοῖς
1315 2694 1497 2758 ἄλλοις
1552 2695 1723 2750 ἅπασι

108 2784 316 2852 λιιῖιμεθα,

165 2878 227 2932 Δ’.
253 2881 476 2946 Τούτοις
519 2883 801 2954 κατάκρας
839 2882 975 2937 ἑλὼν
1004 2884 1095 2936 τὸν
1123 2882 1439 2951 Ναθαναὴλ,
1480 2901 1662 2937 καιτοι

105 2973 579 3042 δυσχ-ιασχετοῦντα
602 2977 679 3043 τῷ
709 2978 1018 3045 πράγματι,
1052 2978 1146 3030 καὶ
1185 2977 1259 3046 μὴ
1287 2978 1351 3030 ἂν
1386 2978 1449 3029 ὲκ
1480 2977 1665 3041 Ναζα-

109 3067 182 3131 ρὲτ
204 3068 397 3131 ἀγαθὸν
434 3063 575 3119 εἷναί
608 3086 661 3121 τι
710 3067 1136 3137 διατεινόμενον,
1183 3069 1279 3121 τοῦ
1342 3070 1441 3137 μὲν
1479 3071 1545 3123 τὰ
1573 3068 1663 3123 τοῦ

117 3156 307 3228 Ἰσραὴλ
339 3159 669 3230 πρεσϐεύειν
701 3160 985 3229 ἀφίστησι,
1024 3160 1303 3229 πειθήνιον
1330 3160 1384 3212 δὲ
1415 3160 1492 3228 τῷ
1528 3162 1665 3229 Χρι-

108 3251 196 3317 στῴ
232 3254 495 3323 προσάγει
546 3253 637 3306 τὸν
666 3254 851 3325 ἄνδρα,
897 3253 970 3321 (b)
1000 3252 1092 3306 καὶ
1133 3246 1293 3305 τοῦτο
1318 3252 1533 3323 πρῶτον
1569 3254 1658 3305 εὑ·
1684 3289 1728 3349 C

108 3346 233 3407 ννὲας
256 3346 645 3414 άπαραμίλλου
695 3347 994 3416 παρίστησι
1048 3344 1359 3415 γνώρισμα.
1423 3344 1479 3397 ’0
1501 3344 1556 3397 δὲ
1590 3346 1656 3413 τῇ

106 3438 227 3501 ὑγιεῖ
252 3440 447 3489 αὐτίκα
480 3439 664 3491 πίστει
702 3440 1075 3509 προσθέμενος
1112 3437 1660 3511 παρρησιαστικώτε-

105 3543 180 3592 ρον
208 3527 478 3593 ὲξεῦόησε,
522 3528 733 3592 Ῥαεϐὶ,
771 3530 969 3596 λέγων,
1013 3530 1076 3581 σὺ
1114 3526 1162 3580 εἷ
1212 3532 1238 3580 ὁ
1272 3529 1525 3597 βασιλεὺς
1566 3530 1659 3584 τοῦ

112 3618 326 3687 Ἰσραήλ.
377 3620 498 3687 Ἐφ’
530 3615 573 3688 ᾧ
602 3625 693 3673 καὶ
714 3624 739 3673 ὁ
775 3622 1010 3691 Χριστὸς
1039 3620 1203 3683 αὐτὸς
1236 3621 1424 3691 ἡσθεὶς
1450 3622 1525 3686 ὼς
1554 3623 1662 3675 ἀπὸ

107 3713 307 3785 γνώμης
358 3716 673 3770 ἐνδιαθέτου
721 3715 989 3786 λεχθέντι,
1023 3716 1360 3771 ὲκκαλύπτει
1413 3716 1561 3786 αὐτῷ
1603 3717 1662 3769 τὸ

102 3809 297 3871 οἰκεῖον,
326 3808 470 3861 ὥστε
496 3810 592 3861 καὶ
627 3808 836 3878 μύστην
882 3810 1144 3880 μειζόνων
1195 3809 1420 3862 ἔσεσθαι
1456 3825 1664 3877 μυστη-

106 3899 239 3968 ρῐων,
288 3901 381 3953 καὶ
445 3901 728 3969 βασιλείας
777 3903 909 3955 Θεοῦ
947 3902 1173 3971 θεατήν·
1232 3901 1285 3952 τί
1330 3900 1438 3971 γάρ
1482 3918 1659 3970 φησι;

108 4010 121 4040 ι
156 3992 313 4059 Ἀμὴν
344 3993 493 4061 λέγω
544 3993 698 4063 ὑμῖν,
741 3994 830 4046 τὸν
867 3993 1097 4064 οὐρανὸν
1127 3994 1405 4061 άνεωγότα
1442 3995 1663 4064 ὄψεσθε,

105 4086 183 4135 καὶ
220 4088 339 4148 τοὺς
385 4087 657 4155 ἀγγέλους
702 4087 795 4140 τοῦ
845 4087 980 4141 θεοῦ
1016 4087 1407 4152 άναὸαίνοντάς
1464 4107 1525 4141 τε
1570 4089 1666 4142 καὶ

104 4178 514 4241 καταϐαίνοντας
541 4178 638 4230 ἐπὶ
664 4179 757 4231 τὸν
781 4179 905 4232 Υἱὸν
923 4180 1016 4232 τοῦ
1048 4180 1362 4249 ἀνθρώπου.
1410 4199 1429 4230 ι
1468 4180 1540 4232 Τὸ
1570 4179 1665 4232 ἀπ’

103 4269 287 4323 ἐκείνου
325 4268 625 4343 τοιγαροῦν
651 4271 677 4322 6
705 4268 1003 4341 ἱερώτατος
1032 4272 1298 4333 Φίλιππος
1328 4271 1452 4334 ταῖς
1495 4272 1668 4341 ἱεραῖς

105 4366 500 4432 μυσταγωγίαις
532 4364 751 4433 ὑπέχων
777 4364 837 4417 τὸ
871 4363 985 4428 οὓς,
1019 4364 1140 4427 ὅλος
1197 4362 1421 4417 ἐκείνων
1464 4359 1533 4434 ἦν
1567 4365 1665 4433 τὴν

101 4450 337 4517 διάνοιαν,
403 4456 683 4525 μηδεμιᾶς
743 4457 906 4510 αὐτὸν
957 4456 1311 4527 ἀντισπώσης
1386 4458 1669 4527 φροντίδος

103 4548 219 4611 πρὸς
243 4547 425 4618 ἕτερα,
462 4547 562 4600 καὶ
588 4548 664 4618 τῷ
698 4548 797 4617 τῆς
829 4549 1108 4621 θειοτέρας
1134 4549 1390 4616 γνώσεως
1413 4548 1551 4617 φωτὶ
1577 4550 1668 4601 τὸν

1763 1968 1816 2011 ιιι
1846 1960 1954 2027 jam
2001 1959 2351 2012 exsisteutem
2403 1960 2770 2021 annuntiavit,
2804 1959 3034 2012 dicens:
3074 1956 3188 2011 Non
3236 1958 3348 2025 jam

1760 2051 1992 2119 amplius
2032 2051 2083 2105 in
2131 2066 2230 2120 spe
2269 2052 2523 2105 consism
2556 2049 2775 2105 lsraelis
2811 2052 2959 2105 salus
2996 2069 3008 2104 :
3045 2051 3136 2103 sed
3185 2062 3345 2117 quem

1763 2147 2097 2217 prophetica;
2124 2146 2319 2218 lingua:
2362 2148 2414 2201 in
2452 2147 2657 2216 Spiritu
2692 2148 3067 2216 praedixerunt
3101 2144 3356 2199 Salvato-

1765 2256 1899 2303 t'em,
1945 2248 2188 2294 extremo
2220 2242 2273 2294 in
2310 2250 2550 2309 tempore
2597 2238 2999 2303 suscitandum,
3056 2238 3171 2306 ipse
3210 2251 3356 2289 nunc

1762 2334 1937 2388 adest.
1976 2331 2128 2385 Hunc
2157 2348 2285 2401 ergo
2317 2347 2439 2386 cum
2488 2331 2858 2383 invenerimus
2901 2328 3085 2383 Jcsum
3120 2344 3147 2380 a
3180 2324 3356 2380 Naza-

1763 2422 1905 2482 reth,
1940 2435 2117 2489 neque
2142 2420 2411 2488 possimus
2439 2432 2559 2473 esse
2592 2416 2854 2472 increduli
2881 2414 3221 2469 excellentiae
3254 2414 3353 2467 mi-

1768 2514 2082 2566 raculormn
2119 2514 2257 2581 ejus,
2289 2514 2411 2567 aliis
2433 2511 2684 2566 omnibus
2724 2511 2943 2580 longum
2982 2508 3166 2563 valere
3186 2507 3356 2579 jussis

1764 2603 2233 2654 conversationem
2270 2602 2412 2656 illius
2450 2602 2832 2668 suscipiamus.

1763 2695 1975 2765 χαίρειν
2010 2696 2277 2762 εἰπόντες,
2314 2695 2411 2765 τὴν
2461 2697 2580 2765 ἅμα
2613 2694 2790 2764 τούτῳ
2846 2690 3129 2762 διαγωγὴν
3159 2706 3355 2760 προειο

1836 2882 1927 2937 lV.
1966 2882 2059 2936 His
2090 2882 2247 2937 dictis
2273 2894 2393 2951 post
2419 2899 2477 2938 se
2518 2882 2909 2937 Nathanaelem
2944 2880 3192 2947 trahens,
3227 2882 3358 2939 licet

1762 2991 1904 3044 aegre
1953 2990 2298 3045 persuasum,
2335 2985 2387 3028 et
2422 2991 2550 3027 num
2585 2992 2651 3028 ex
2684 2974 2951 3028 Nazareth
2995 2974 3118 3027 boni
3151 2974 3354 3043 aliquid

1761 3084 1884 3125 esse.
1912 3078 2094 3138 posset
2127 3075 2538 3141 percontantem
2562 3108 2577 3134 ,
2611 3082 2640 3120 a
2702 3082 2830 3121 cura
2864 3065 3082 3119 lsraelis
3113 3064 3355 3130 abducit,

1764 3163 2092 3233 Christoque
2126 3164 2517 3219 obsecuturum
2568 3162 2725 3223 stitit,
2762 3170 2928 3229 atque
2979 3160 3083 3214 hoc
3122 3158 3354 3227 primum

1763 3257 1990 3310 sincerae
2035 3272 2147 3310 suae
2201 3257 2399 3309 mentis
2440 3265 2825 3322 argumentum
2862 3252 3115 3321 praebuit.
3148 3250 3359 3303 Natha-

1764 3348 1883 3403 nael
1917 3362 2045 3401 vero
2086 3348 2294 3417 integra
2328 3362 2450 3401 cum
2490 3346 2591 3399 [ide
2620 3344 2907 3409 aSsistens,
2944 3344 3223 3397 liberrime
3254 3356 3355 3395 ex-

1763 3439 2015 3495 clamavit
2052 3456 2065 3493 :
2102 3436 2298 3501 ltabbi,
2330 3446 2385 3492 tu
2414 3452 2472 3492 es
2511 3436 2622 3491 Rex
2662 3435 2849 3490 Israel.
2886 3434 3065 3503 Quem
3100 3442 3159 3487 ut
3187 3434 3358 3488 sensit

1765 3534 2015 3587 Christus
2073 3548 2139 3586 ex
2193 3532 2358 3584 animi
2423 3528 2887 3582 incommutabilis
2945 3527 3221 3582 sententia
3276 3527 3356 3580 sic

1765 3627 1930 3694 loqui,
1958 3625 2269 3680 manifestat
2301 3624 2349 3680 ei
2385 3622 2529 3694 quod
2566 3638 2881 3692 magnorum
2915 3619 3169 3676 Conscius
3214 3627 3361 3672 esset

1764 3718 1980 3771 futurus
2025 3726 2361 3770 secretorum
2396 3725 2451 3771 et
2503 3715 2650 3783 regni
2693 3713 2785 3767 Dei
2841 3713 3178 3782 speculator.
3216 3710 3359 3777 Quid

1764 3808 1907 3864 enim
1936 3806 2043 3861 ait?
2066 3807 2292 3870 (Amen,
2312 3804 2512 3875 inquit,
2536 3804 2659 3860 dico
2679 3805 2852 3868 vobis,
2878 3803 3132 3858 videbitis
3157 3802 3356 3857 calum

1767 3912 2035 3971 apertum,
2064 3912 2117 3955 et
2140 3900 2359 3971 angelos
2380 3898 2473 3953 Dei
2498 3899 2855 3954 ascendentes
2882 3909 2933 3951 et
2963 3896 3360 3953 descendentes

1766 4009 1929 4063 super
1944 3992 2136 4047 Filium
2163 3994 2399 4048 hominis
2417 3994 2454 4048 ¹.
2471 4012 2489 4045 ι
2514 3993 2592 4047 Ex
2608 3992 2699 4046 illo
2721 4006 2849 4062 ergo
2870 4001 3112 4059 tempore
3130 3988 3363 4042 sanctis-

1768 4091 1936 4144 simus
1964 4084 2263 4155 Philippus,
2306 4086 2475 4141 sacris
2519 4083 2792 4155 mysteriis
2840 4097 3028 4137 aurem
3054 4095 3363 4135 accommo-

1770 4182 1928 4246 dans,
1962 4190 2074 4232 toto
2122 4178 2175 4233 in
2213 4180 2320 4233 illis
2354 4187 2473 4233 erat
2504 4179 2705 4240 animo,
2740 4176 2979 4246 nullique
3024 4174 3179 4229 alteri
3210 4188 3359 4227 cura:

1770 4288 1891 4327 eum
1913 4272 2219 4333 advertens,
2238 4270 2441 4324 lumine
2458 4268 2739 4323 divinioris
2755 4266 3086 4336 cognitionis
3102 4267 3153 4319 in
3178 4274 3359 4318 mente

1774 4365 2141 4435 purgabatur;
2174 4378 2238 4419 ac
2266 4363 2495 4432 primam
2526 4375 2735 4417 exuens
2776 4358 3163 4431 ignorantiam,
3197 4371 3358 4410 reno-

1774 4460 2002 4513 vabatur
2042 4458 2217 4528 quoad
2266 4458 2539 4512 hominem
2574 4456 2912 4510 interiorem.
2964 4452 3358 4522 Progrediente

1773 4566 1901 4604 vero
1932 4559 2089 4605 celate
2132 4550 2513 4618 perlectiorem
2546 4563 2669 4619 erga
2701 4546 2979 4602 Christum
3028 4546 3356 4599 charilatem

103 4636 337 4711 λογισμὸν
368 4640 723 4710 ἑκαοαίρετο,
749 4642 846 4710 τήν
886 4658 946 4694 τε
971 4641 1243 4710 προτέραν
1284 4640 1667 4705 άποσκευαζό-
1701 4657 1725 4715 ί

1775 4657 2081 4706 assumens,
2108 4641 2225 4707 ejus
2254 4640 2496 4695 vicissim
2526 4640 2787 4708 aequalem
2812 4652 2938 4707 erga
2974 4650 3033 4691 se
3061 4634 3357 4705 recipiebat

107 4751 244 4798 μενος
268 4736 523 4805 ἄγνοιαν,
571 4736 782 4789 καὶτὸν
817 4737 968 4798 ἐντὸς
1026 4734 1513 4803 άνακαινιξὸμενος
1565 4734 1660 4786 άνο

103 4824 316 4893 Πρωπον.
374 4830 473 4892 Είς
520 4829 722 4895 ἄνδρας
776 4829 953 4882 τοίνυν
982 4829 1156 4897 ἥκων.
1190 4828 1527 4897 τελεωτέραν
1562 4826 1662 4896 μὲν

99 4919 183 4985 τὴν
207 4923 425 4993 ἀγάπην
446 4922 554 4992 τὴν
575 4924 654 4985 εἰς
686 4923 919 4994 Χριστὸν
944 4921 1356 4992 προσελάμϐανε
1375 4938 1389 4950 ·
1414 4921 1514 4991 τὴν
1542 4919 1664 4990 ἴσην

1772 4751 2035 4801 amorem,
2089 4745 2146 4788 ut
2200 4744 2463 4804 tanquam
2511 4734 2653 4787 lilius
2706 4740 3079 4800 reputaretur,
3129 4741 3181 4783 et
3237 4728 3355 4781 loco

1772 4828 2005 4883 hacredis
2052 4836 2216 4894 esset,
2269 4839 2428 4896 atque
2476 4825 2530 4880 in
2591 4824 2825 4882 adventu
2878 4823 3116 4893 Spiritus
3182 4818 3356 4874 sancti

1772 4924 2023 4993 princeps
2048 4938 2207 4992 super
2231 4938 2445 4977 onmem
2484 4931 2680 4975 terram
2716 4919 3158 4973 constitueretur.

101 5012 146 5064 δὲ
170 5016 285 5085 περὶ
308 5019 477 5073 αὑτοῦ
505 5020 940 5090 ἁντελάμὸανεν,
966 5018 1040 5081 ὡς
1069 5023 1127 5073 ὲν
1190 5018 1287 5085 ἴσῳ
1344 5016 1439 5070 καὶ
1486 5018 1601 5068 υἱοῦ
1652 5016 1972 5087 λογισθῆναι
2014 5016 2113 5089 τὴν
2136 5016 2477 5090 κληρονόμου
2510 5032 2569 5069 τε
2594 5011 2899 5083 πλουτῆσαι
2928 5007 3106 5074 τάξιν,
3137 5008 3233 5063 καὶ
3288 5011 3357 5081 τῇ

103 5110 358 5167 ὲκελεύσει
410 5116 507 5169 τοῦ
544 5116 861 5185 Πνεύματος
904 5116 1085 5186 ἄρχων
1110 5116 1200 5169 ἐπὶ
1222 5118 1401 5170 πᾶσαν
1424 5118 1759 5185 καταστῆναι
1791 5114 1889 5183 τὴν
1917 5114 2039 5182 γῆν.

162 5203 226 5257 δ’.
269 5208 423 5262 Ἐπεὶ
444 5210 505 5261 δὲ
531 5210 631 5261 καὶ
658 5210 685 5261 ὀ
711 5207 804 5261 τοῦ
835 5207 1213 5281 σωτηριώδους
1241 5209 1445 5272 πάθους
1476 5209 1668 5279 καιρὸς

105 5298 407 5371 ἐνειστήκει,
449 5302 520 5357 δι’
568 5296 631 5357 οῦ
656 5302 735 5371 τῷ
787 5302 1014 5373 παθητῷ
1050 5304 1196 5372 γένει
1258 5304 1666 5373 περιεγένετοή

105 5390 339 5460 ἀπάθεια,
374 5397 472 5449 καὶ
496 5395 844 5459 ἁδιστάκτως
870 5390 1023 5456 οὗτος
1046 5396 1122 5465 τῷ
1146 5395 1455 5463 διδασκάλῳ
1480 5396 1667 5464 συνῆν.

113 5480 310 5555 Ἐδέησε
347 5492 403 5543 δὲ
438 5490 570 5545 κατ’
605 5491 781 5541 ἐκεῖνο
813 5490 1024 5561 καιροῦ,
1053 5488 1158 5543 τῶν
1200 5490 1669 5560 ⁹Ελ>.ήνων³πρεσο

170 5644 364 5702 ‘Joan.
405 5665 441 5711 I,
479 5650 577 5703 οι.

1848 5207 1910 5263 ν.
1938 5208 2071 5263 Cum
2106 5216 2285 5260 autem
2317 5206 2549 5260 instaret
2574 5212 2786 5270 tempus
2816 5198 3113 5253 salutifera:
3140 5193 3362 5248 Passio-

1779 5302 1883 5364 nis,
1909 5315 2012 5370 qua
2044 5298 2288 5367 passibili
2318 5305 2525 5353 natura:
2549 5292 2914 5363 comparanda
2944 5287 3360 5359 itnpassibilitns

1779 5403 1916 5459 erat,
1958 5394 2147 5446 aderat
2186 5392 2303 5462 ipse
2354 5390 2613 5444 continue
2660 5385 2899 5442 Christo.
2950 5382 3189 5451 Contigit
3228 5391 3365 5434 vero

1780 5499 1907 5542 tunc
1939 5485 2222 5556 gentilium
2254 5484 2459 5552 legatos
2495 5482 2707 5553 aliquos
2743 5477 2882 5534 mitti
2922 5474 3357 5545 Hierosolymam

164 5808 228 5879 (ὁ)
294 5811 546 5881 SeqUens
617 5810 753 5862 linea
826 5812 973 5865 abest
1032 5825 1055 5863 α
1122 5809 1363 5863 ιριεὶυηε
1426 5809 1663 5880 antiqua,
1704 5806 1946 5862 fortassis
1984 5810 2121 5863 etin
2157 5804 2263 5861 MS.
2310 5802 2506 5861 Veneto
2543 5801 2738 5857 defuit.
