4196 6306
122 351 215 414 193

1184 351 1377 416 ‘YITA
1425 357 1483 414 S.
1529 355 1876 416 PHlLlPPI
1914 358 2312 422 APOSTOLI.

3286 370 3388 435 194

116 467 340 535 ξάμενος
365 481 378 493 ’
408 466 501 528 οὓς
528 465 624 519 τοῦ
668 484 725 519 τε
775 466 1132 538 κηρύγματος
1158 467 1559 539 μεγαληγορίᾳ.
1608 470 1684 519 κα

1809 470 2007 523 tionem
2047 472 2195 525 brevi
2233 483 2473 541 tempore
2511 473 2753 530 adduxit.
2792 474 3113 534 Sacerdotes
3149 480 3224 550 (ὅ)
3259 496 3386 535 vero

114 559 229 619 ταῖς
266 556 599 625 παραδόξοις
656 559 1127 628 θαυματοποιίαις,
1177 556 1266 612 οἶά
1310 577 1419 612 τισι
1465 559 1704 623 δικτύοις

115 644 345 716 ζωγρῶν
396 648 497 717 τῆς
545 649 827 716 ἀληθείας,
870 645 973 720 ἦγε
1002 650 1145 704 κατὰ
1180 650 1353 722 βραχῦ
1414 650 1551 719 πρὸς
1580 650 1704 703 ἐπί-

114 755 333 804 γνωσιν.
408 740 599 809 Ἱερεῖς
651 742 828 794 δὲκαὶ
881 743 1249 814 θυσιαστήρια
1280 743 1563 812 πανταχοῦ
1596 744 1702 795 τῶν

114 832 229 883 ἐκεῖ
253 834 442 887 τόπων
468 832 749 899 ἀποτάξας
769 854 824 888 τε
849 838 945 888 καὶ
970 838 1319 907 δειμάμενος,
1352 838 1471 889 ἀντὶ
1500 836 1702 889 θυσιῶν

114 924 216 976 τῶν
250 926 575 995 ὲπιὸωμίων
601 928 700 998 τὴν
744 929 893 997 ἱερὰν
933 930 991 982 ὲν
1042 930 1257 994 τούτοις
1293 930 1565 983 τελεῖσθαι
1600 946 1701 998 μυ-

114 1016 430 1083 σταγωγίαν
479 1017 639 1087 ίερῶς
687 1020 1126 1089 παρεσκεύασεν,
1169 1020 1243 1083 ὡς
1269 1022 1555 1090 τηρεῖσθαι
1603 1020 1697 1072 καὶ

110 1110 194 1160 ἐπ’
226 1111 417 1172 αὐτοῖς
445 1110 536 1161 τὸν
558 1111 651 1163 τοῦ
679 1112 1015 1180 Εὑαγγελίου
1047 1113 1269 1184 θεσμόν.
1306 1113 1461 1165 Οὕτω
1485 1114 1581 1181 μὲν
1599 1109 1692 1165 οὖν

110 1202 243 1253 πολύ
277 1218 330 1253 τι
360 1202 564 1271 πλῆθος
591 1204 700 1255 τῶν
722 1204 788 1257 δι’
822 1206 989 1259 αὑτοῦ
1020 1208 1431 1261 πιστευσάντων
1460 1206 1535 1275 τῷ
1560 1208 1692 1275 Χρι-

1810 570 1863 615 et
1893 562 2083 616 altaria
2121 578 2215 632 per
2248 567 2426 619 omnia
2467 566 2663 621 ibidem
2715 570 2831 623 loca
2871 571 3133 626 ordinans
3168 584 3224 627 et
3256 590 3387 627 con-

1805 663 2042 718 struens,
2081 672 2179 726 pro
2227 660 2469 713 cruentis
2529 661 2765 715 victimis
2817 662 2995 717 docuit
3044 664 3385 724 incruentam

1804 743 1999 797 oll‘erre
2032 745 2286 809 hostiam,
2311 754 2367 799 ct
2398 746 2675 817 Evangelii
2710 764 2955 803 normam
2984 740 3148 805 etiam
3182 754 3235 807 in
3266 754 3386 807 istis

1802 836 2126 903 observare;
2166 847 2325 906 atque
2363 840 2436 893 ita
2476 844 2772 895 maximum
2824 844 3159 897 credentium
3195 861 3291 913 per
3327 862 3387 902 se

1802 944 2085 982 numerum
2120 931 2336 984 adduxit
2384 932 2622 987 Christo.
2657 934 2790 988 Cum
2828 936 3064 1003 denique
3100 936 3151 989 in
3188 950 3254 993 eo
3296 952 3385 992 res

1798 1032 1943 1075 esset
1980 1030 2144 1083 statu,
2181 1030 2235 1074 ut
2268 1036 2458 1075 omnes
2488 1025 2707 1091 quidem
2742 1026 3000 1079 deberent
3048 1028 3281 1082 transire
3316 1029 3383 1081 ad

1798 1107 1979 1173 iidem,
2019 1111 2133 1178 ipse
2170 1124 2295 1164 vero
2335 1114 2567 1165 transire
2596 1112 2659 1165 ad
2700 1112 3010 1181 Dominum,
3040 1114 3149 1169 tale
3179 1116 3307 1187 quid
3335 1116 3385 1170 ei

1796 1202 1940 1256 circa
1968 1206 2124 1256 tinem
2151 1204 2373 1273 contigit
2397 1204 2495 1273 (ί).

110 1296 219 1364 an}:
254 1298 680 1368 προσηγάγετο·
737 1301 857 1352 ἐπεὶ
897 1301 953 1353 δὲ
987 1303 1081 1355 καὶ
1127 1303 1235 1354 τῶν
1265 1302 1475 1355 ἐνθένδε
1501 1300 1692 1354 τοῦτον
1754 1300 1861 1353 ἔδει
1927 1301 2146 1363 πάντως
2202 1304 2624 1373 μεταφοιτῆσαι,
2683 1302 2950 1374 ἐκδημίαν
3000 1321 3059 1358 τε
3111 1305 3210 1377 τὴν
3248 1307 3386 1378 πρὸς

107 1389 198 1441 τὶν
222 1388 431 1456 Κύριον
457 1390 791 1453 στείλασθαι,
822 1393 1021 1444 τοιόνδε
1052 1409 1103 1445 τι
1125 1396 1253 1462 περὶ
1274 1393 1331 1445 τὸ
1364 1393 1516 1456 τέλος
1544 1391 1691 1462 αὐτῷ
1725 1391 2050 1462 συνηνέχθη.

175 1468 223 1528 Η
248 1520 261 1530 ,
298 1478 463 1543 Πόλις
486 1484 604 1534 ἑστί
634 1483 774 1535 κατά
797 1485 897 1552 τὴν
928 1484 1170 1552 Φρυγίαν
1200 1486 1491 1555 ὲπιςανὴς,
1529 1486 1689 1548 Πόλις

106 1569 229 1638 ιερὰ
281 1571 635 1645 καλουμένη·
696 1575 834 1646 αὕτη
893 1578 1318 1650 πολυανθρωπίᾳ
1369 1579 1477 1631 τῶν
1512 1580 1687 1633 ἄλλων

104 1659 417 1729 ἀνθήσασα,
462 1668 557 1719 καὶ
589 1666 798 1719 πόλεων
827 1668 1033 1738 ἑτέρων
1066 1671 1253 1740 μήτηρ
1299 1669 1684 1738 ὀνομασθεῖσα,

103 1750 191 1800 τὶν
244 1752 543 1821 ἱερώτατον
596 1758 863 1812 Φίλιππον
906 1761 1045 1828 μετὰ
1096 1761 1187 1813 τὸν
1252 1762 1447 1832 μυρίον
1478 1762 1686 1813 ἐκεῖνον

104 1841 247 1913 ὑπὲρ
279 1845 376 1896 τοῦ
419 1848 751 1916 Εύαγγελίου
786 1851 1000 1921 δέχεται
1037 1853 1302 1922 κάματὸν.
1343 1853 1685 1923 Παραϐαλὼν

1876 1484 2002 1539 νιιι.
2029 1485 2236 1540 Civitas
2262 1486 2505 1555 quaedam
2541 1486 2806 1559 Phrygiae,
2836 1490 3087 1558 illustris,
3107 1508 3227 1561 qua:
3250 1509 3385 1548 san-

1794 1584 1879 1629 cta
1906 1576 2216 1629 nominatur
2251 1577 2351 1645 (5),
2379 1590 2432 1632 et
2468 1579 2763 1633 incolarum
2793 1580 3094 1650 frequentia
3121 1589 3385 1653 praecellit

1794 1678 2039 1732 caeteras,
2075 1678 2240 1735 atque
2273 1668 2500 1723 aliarum
2536 1682 2709 1725 mater
2735 1672 2950 1737 dicitur,
2974 1676 3380 1731 sanctissimum

1794 1756 2129 1826 Philippum,
2156 1768 2276 1828 post
2294 1760 2617 1814 innumeros
2642 1777 2738 1827 pro
2763 1763 2865 1817 lide
2893 1763 3124 1830 labores,
3148 1770 3381 1837 excepit.

1792 1848 1927 1902 Cum
1978 1862 2157 1904 autem
2212 1852 2317 1905 huc
2349 1853 2585 1905 venisset
2618 1854 2897 1922 apostolus
2942 1867 2998 1908 ut
3028 1858 3193 1911 etiam
3230 1864 3281 1913 In
3316 1876 3379 1914 ea

103 1929 195 1986 οὖν
217 1930 382 1999 οὗτος
410 1942 438 1990 ὀ
472 1940 647 2006 μέγας
682 1943 1000 2009 ἀπόστολος,
1056 1943 1197 1997 ὥστε
1253 1950 1355 2000 κάν
1388 1946 1561 2018 ταύτῃ
1594 1962 1684 2014 κη-

1796 1942 2116 2009 praedicarct
2151 1942 2525 2010 Evangelium,
2557 1959 2785 2014 eamque
2819 1948 3039 2001 vidisset
3070 1950 3380 2007 simulacris

104 2027 265 2095 ρύξαι
317 2029 381 2081 τὸ
412 2030 770 2099 Εὑαγγέλιον,
807 2036 931 2088 ἐπεὶ
970 2035 1180 2098 ξοάνοις
1204 2032 1312 2089 εἶδε
1332 2037 1558 2106 ταύτην,
1600 2039 1689 2090 καὶ

103 2118 211 2171 τῶν
240 2120 323 2190 (d)
350 2123 713 2191 ὲμπηστικῶν
760 2128 869 2188 τοῖς
902 2126 1152 2191 ίοξόλοις,
1192 2126 1375 2199 ἐχίδνῃ
1392 2128 1500 2180 τινὶ
1524 2143 1689 2198 τερα-

103 2208 263 2261 τώδει
287 2212 349 2262 τὸ
375 2212 557 2277 σέϐας,
580 2212 749 2283 οἴμοι,
780 2218 1222 2288 προσνέμουσαν,
1259 2217 1405 2288 ζήλῳ
1438 2217 1567 2289 θείῳ
1590 2219 1689 2289 τὴν

103 2302 286 2374 ψυχὴν
322 2310 811 2379 καταπίμπραται,
845 2312 937 2364 καὶ
976 2312 1378 2383 συντονώτερον
1434 2314 1692 2383 προσκεί-

104 2412 270 2463 μενος
327 2403 451 2463 ταῖς
507 2400 715 2473 εὐχαῖς,
743 2404 810 2473 τῇ
840 2404 935 2457 τοῦ
995 2403 1233 2473 Χριστοῦ
1278 2404 1565 2473 ἐπικλήσει
1590 2405 1689 2471 τὴν

103 2489 359 2560 ὀλεθρίαν
392 2494 598 2561 ταύτην
658 2495 754 2546 καὶ
806 2495 1022 2555 πολλοῖς
1061 2495 1338 2554 ἀπωλείας
1385 2496 1686 2564 γενομένην

103 2581 308 2645 αἰτίαν,
344 2584 551 2651 νεκρὰν
580 2584 777 2636 αὐτίκα
801 2583 1062 2639 δεικνύει.

168 2669 247 2723 8'.
308 2672 462 2725 Ἐπεὶ
491 2673 547 2726 δὲ
576 2673 717 2727 οὕτω
745 2678 923 2741 καλῶς
956 2679 988 2748 ὴ
1018 2678 1159 2733 κατὰ
1197 2681 1292 2735 τού
1332 2682 1533 2752 πικροῦ
1560 2681 1685 2738 τού-

103 2778 189 2815 του
224 2763 427 2833 θηρίου
462 2760 607 2837 εἶχεν
631 2766 779 2838 αὐτῷ
802 2769 936 2841 πρὸς
966 2771 1059 2824 τὸν
1092 2773 1296 2845 Κύριον
1330 2776 1589 2841 ἔντευξις,
1626 2778 1687 2830 τὸ

102 2856 207 2908 ἀπὸ
234 2858 393 2910 τοῦδε
425 2861 590 2912 πᾶσιν
612 2862 872 2924 ἐπιεικῶς
906 2864 1141 2935 παρῄνει
1180 2870 1275 2919 καὶ
1310 2868 1683 2934 συνεϐούλευε,

101 2952 186 3001 τὸν
217 2952 277 3001 ἐν
301 2954 416 3012 τοῖς
437 2953 690 3019 οὐρανοῖς
721 2956 972 3021 ἡγεῖσθαι
1014 2957 1191 3019 ζῶντα
1226 2958 1379 3024 Θεὸν,
1413 2960 1549 3030 μηδὲ
1572 2964 1685 3025 τοῖς

105 3042 206 3093 ὑπὸ
230 3041 341 3111 γῆν
376 3043 607 3111 ἒρπουσι
643 3048 1005 3115 προσανέχειν
1033 3048 1375 3118 βοσκήμασιν
1402 3068 1415 3081 ·
1447 3055 1569 3105 ἐπεὶ
1592 3055 1685 3107 καὶ

100 3130 253 3195 θεὸς,
308 3132 367 3193 ὃς
397 3131 472 3184 ὢν
525 3134 633 3197 ἀεὶ,
663 3133 792 3195 Θεὸς
821 3136 1024 3199 τελειός
1060 3153 1119 3189 τε
1144 3141 1235 3189 καὶ
1284 3142 1680 3209 ἀπερίληπτος,

1793 2040 1847 2083 ει
1873 2030 2009 2084 inter
2041 2031 2299 2099 pestifera
2344 2044 2607 2088 venenata
2645 2038 2840 2104 viperae
2871 2039 2946 2108 (6)
2977 2040 3188 2095 cuidam
3225 2060 3378 2097 mou-

1791 2133 1982 2176 strosa:
2020 2124 2222 2177 cultum
2258 2123 2474 2180 deferre
2502 2165 2519 2194 ,
2554 2126 2735 2181 divino
2765 2144 3058 2184 succensus
3088 2142 3171 2187 est
3206 2134 3326 2187 zelo
3358 2152 3372 2189 :

1795 2219 1848 2265 et
1874 2210 2213 2265 orationibus
2250 2213 2485 2267 assiduis
2520 2216 2734 2269 enixius
2766 2217 3108 2282 incumbens,
3140 2221 3377 2275 Christi-

1791 2315 1895 2371 que
1922 2290 2116 2357 nomen
2141 2302 2416 2362 invocans.
2439 2302 2741 2358 lethiferam
2793 2305 2938 2359 illam
2972 2306 3223 2374 belluam,
3254 2325 3375 2377 qua:

1792 2394 1973 2449 multis
2006 2394 2185 2450 fuerat
2217 2396 2406 2450 mortis
2436 2410 2624 2465 causa,
2662 2399 2779 2454 neci
2809 2398 2978 2454 dedit.

1859 2669 1952 2727 ις.
1986 2672 2277 2743 PoSIquam
2312 2690 2439 2729 vero
2472 2674 2737 2732 adversus
2766 2678 3000 2733 bellaam
3036 2681 3191 2733 istam
3239 2696 3370 2736 cru-

1788 2764 1962 2819 delem
2018 2777 2125 2818 tam
2178 2768 2312 2821 bene
2363 2769 2409 2822 ei
2469 2768 2725 2824 cessisset
2789 2768 3002 2824 Domini
3058 2772 3367 2839 appellatio,

1790 2857 2003 2911 cunctis
2040 2857 2237 2912 exinde
2281 2860 2511 2913 suadere
2555 2864 2740 2929 cmpit,
2793 2873 2854 2915 ut
2901 2862 3144 2918 incwlis
3191 2864 3372 2921 vivere

1793 2949 1956 3003 Deum
2012 2952 2331 3014 crederent;
2390 2968 2565 3018 neque
2617 2955 2961 3021 serpentibus
3018 2971 3112 3023 per
3166 2966 3367 3013 terram

1788 3042 2158 3096 animantibus
2192 3041 2528 3096 adhaererent
2563 3058 2578 3096 :
2608 3046 2827 3113 quando
2863 3058 3047 3099 revera
3088 3047 3229 3101 Deus
3260 3059 3367 3114 est,

1788 3134 1882 3202 qui
1915 3147 2131 3203 semper
2173 3136 2442 3189 exsistcns
2490 3134 2630 3189 Deus
2671 3134 2941 3205 perlectus
2970 3146 3024 3192 et
3055 3138 3367 3209 incompre-

102 3230 237 3297 μετὰ
268 3228 329 3283 τὸ
358 3234 708 3300 παραγαγεῖν
738 3231 887 3285 τόνδε
914 3232 1006 3285 τὸν
1033 3233 1231 3302 ὁρατόν
1261 3252 1320 3288 τε
1362 3236 1553 3289 τοῦτον
1586 3239 1681 3291 κό-

1793 3226 2094 3289 hensibilis,
2151 3237 2439 3295 postquam
2497 3230 2761 3283 visibilem
2816 3232 2958 3285 hunc
3007 3236 3261 3285 mundum
3312 3243 3370 3289 et

102 3334 235 3386 σμον
264 3320 360 3374 καὶ
394 3326 477 3389 μὴ
512 3322 808 3391 ὁρώμενον,
838 3322 959 3376 κατ’
984 3326 1167 3378 είκόνα
1197 3327 1291 3397 τῆς
1311 3327 1475 3381 αὐτοῦ
1510 3345 1683 3399 μεγα-

98 3408 379 3481 λειότητος
416 3412 634 3475 πλάσας
662 3413 750 3465 τὸν
781 3414 1092 3481 ἄνθρωπον,
1115 3417 1210 3469 καὶ
1236 3417 1423 3471 τοῦτον
1450 3419 1527 3490 τῷ
1555 3420 1683 3473 ἀύτε-

100 3500 326 3569 εξουσίῳ
355 3505 618 3571 τιμήσας,
648 3502 754 3553 τῶν
786 3504 845 3553 ἐν
874 3505 1190 3575 παραδείσῳ
1220 3508 1402 3561 καλῶν
1432 3512 1682 3580 μετέχειν

97 3597 423 3661 πεποίηκεν,
450 3595 755 3662 ἀπέχεσθαι
785 3596 977 3648 τούτου
1015 3599 1181 3665 μόνου
1214 3599 1497 3665 κελεύσας,
1540 3606 1679 3675 ὅπερ

96 3680 160 3755 ἦν
184 3686 243 3738 τὸ
278 3686 441 3752 ξύλον
490 3686 589 3755 τῆς
640 3687 916 3755 γνώσεως.
953 3688 1106 3741 Ἐπεὶ
1158 3690 1214 3742 δὲ
1246 3691 1551 3761 ηθετηκότα
1580 3699 1678 3765 τὴν

97 3779 335 3852 ἐντολὴν,
365 3782 462 3833 καὶ
481 3780 578 3850 τῆς
610 3780 746 3852 πρὸς
770 3781 932 3835 αὑτὸν
953 3784 1286 3852 οἰκειότητος
1316 3785 1679 3856 ὀλισθήσαντά

96 3873 357 3942 περιιδεῖν
383 3868 452 3943 ἦν
487 3874 546 3924 ού
600 3873 759 3932 Θεοῦ,
796 3874 886 3927 διὰ
941 3875 1107 3944 νόμου
1167 3877 1356 3929 τοῦτον
1412 3880 1677 3948 πρότερον

96 3965 532 4033 παιδαγωγήσας
583 3965 677 4016 καὶ
709 3968 1028 4033 προφητῶν,
1063 3968 1151 4018 ἐπ’
1184 3968 1429 4036 ἐσχάτων
1461 3974 1553 4021 καὶ
1584 3970 1676 4023 τὸν

96 4061 309 4129 ὁμοφυᾶ
340 4059 519 4129 τούτῳ
546 4060 717 4128 Λόγον
748 4060 812 4111 ὲκ
847 4059 1126 4127 Παρθένου
1161 4061 1331 4132 ἁγνῆς
1376 4064 1497 4116 καθ’
1528 4066 1673 4135 ἡμᾶς

93 4150 353 4221 τεχθῆναι
391 4152 719 4223 εὐδόκησενο
756 4152 785 4204 ὁ
816 4151 871 4207 δὲ
900 4154 993 4205 καὶ
1026 4153 1148 4206 καθ’
1173 4154 1433 4223 ὁμοίωσιν
1461 4158 1674 4227 ἀνθρώ-

94 4257 207 4294 πων
235 4245 552 4313 ἐπιφανεὶς,
591 4244 685 4297 καὶ
711 4243 941 4297 πάθεσιν
964 4244 1233 4315 ὁμιλήσας
1267 4247 1295 4299 ὁ
1325 4249 1564 4318 ἀπαθὴς,
1586 4250 1672 4303 διὰ

91 4336 279 4405 τρίτης
318 4352 380 4388 τε
438 4335 682 4399 ἀναστὰς
737 4338 803 4389 ὲκ
860 4338 1095 4408 νεκρῶν,
1127 4338 1512 4411 φιλανθρωπία
1540 4343 1671 4412 ἡμῖν

92 4428 442 4498 ὲςανέρωσεν
508 4426 722 4493 ἑαυτὸν,
777 4429 869 4479 καὶ
929 4430 1068 4498 πρὸς
1114 4432 1381 4499 οὐρανοὺς
1432 4433 1666 4503 ἁπῇρεν,

93 4519 213 4572 ὅθεν
269 4519 539 4588 ἐτύγχανε
578 4516 975 4588 καταδεθηκώς
1002 4537 1014 4549 ·
1070 4520 1263 4573 τοῦτον
1304 4522 1359 4574 δὲ
1385 4523 1476 4575 καὶ
1512 4522 1667 4588 αὖθις

1788 3313 2108 3370 imisibilem
2148 3318 2521 3386 produxisset,
2573 3320 2747 3372 etiam
2784 3320 3059 3376 hominem
3110 3322 3367 3379 l'oriuavit

1787 3410 1853 3460 ad
1884 3408 2175 3476 imaginem
2207 3412 2622 3479 magniﬁcentiae
2646 3426 2790 3479 suae;
2816 3428 3048 3485 eumque
3074 3414 3367 3472 voluntatis

1786 3516 1898 3557 sua:
1932 3501 2101 3555 libero
2136 3517 2341 3556 ornans
2376 3503 2622 3567 arbitrio,
2670 3505 2908 3572 paradisi
2957 3508 3111 3562 b0uis
3156 3510 3363 3577 perfrui

1785 3596 1975 3662 voluit,
2012 3596 2185 3650 solum
2217 3597 2414 3664 jubens
2442 3606 2501 3650 ut
2531 3613 2559 3650 a
2590 3599 2834 3652 scientiae
2867 3598 3011 3669 ligno
3040 3604 3362 3659 abstineret.

1781 3685 2033 3739 Mandata
2105 3702 2234 3741 vero
2298 3698 2748 3758 praetergressum
2814 3706 3021 3757 suaque
3091 3694 3362 3762 privatum

1782 3779 1953 3846 gratia
1990 3793 2113 3832 cum
2159 3779 2441 3842 despicere
2494 3781 2678 3843 nollet,
2718 3781 2951 3849 primum
3002 3784 3220 3851 quidem
3266 3800 3364 3853 per

1778 3868 1949 3937 legem
2016 3881 2178 3937 atque
2239 3870 2530 3939 prophetas
2584 3884 2709 3925 eum
2762 3874 2984 3937 erudiit,
3048 3874 3243 3928 deinde
3306 3884 3363 3929 ct

1781 3962 2241 4016 consubstantiale
2279 3964 2379 4015 sibi
2420 3963 2655 4018 Verbum
2687 3980 2753 4018 ex
2792 3968 3112 4023 intemerata
3144 3966 3361 4039 Virgine

1780 4056 1930 4111 nasci
1967 4055 2155 4120 voluit,
2201 4053 2385 4124 itaque
2426 4056 2476 4109 in
2510 4057 2748 4111 humana
2784 4073 3053 4128 apparens
3098 4061 3362 4116 similitu-

1777 4147 1925 4213 dine,
1953 4150 2263 4217 uostrisque
2294 4149 2701 4203 eommnnicans
2733 4151 3074 4218 passionibus
3105 4150 3359 4219 impassi-

1776 4241 1899 4296 bilis
1936 4242 2073 4309 ipse,
2107 4257 2170 4295 ac
2203 4242 2289 4294 die
2315 4242 2473 4294 tertia
2504 4256 2791 4311 resurgens
2823 4258 2850 4293 a
2883 4245 3132 4308 mortuis,
3168 4261 3359 4297 aman-

1779 4344 1860 4389 ter
1884 4350 1942 4389 se
1970 4334 2129 4390 nobis
2158 4332 2544 4400 manilestavit,
2568 4343 2730 4404 atque
2759 4334 2827 4388 ad
2856 4336 3023 4389 caalos
3050 4335 3182 4388 abiit
3212 4336 3357 4391 unde

1776 4430 2136 4483 descenderat
2166 4445 2180 4483 :
2213 4427 2386 4495 ipsum
2430 4442 2559 4481 vero
2605 4440 2793 4481 rursus
2839 4439 3124 4498 venturum
3176 4430 3355 4482 credi-

1775 4534 1917 4583 mus,
1970 4529 2026 4571 ut
2083 4518 2398 4586 ﬁgmentqu
2471 4533 2629 4571 suum
2699 4520 3003 4581 resuseitet,
3057 4529 3112 4571 et
3166 4521 3358 4572 reddat

92 4614 240 4683 ἥξειν
278 4614 695 4683 πιστευόμενος,
722 4613 778 4676 ὃς
815 4614 1038 4683 πλάσμα
1064 4615 1163 4684 μὲν
1206 4619 1266 4670 τὸ
1299 4618 1494 4671 ἑαυτοῦ
1533 4621 1665 4673 ἀνα-

1787 4614 2073 4680 unicuique
2120 4611 2415 4665 secundum
2468 4624 2629 4679 opera
2672 4625 2765 4663 sua
2801 4631 2814 4664 :
2850 4611 3085 4679 idipsum
3139 4626 3357 4681 quoque

93 4710 305 4779 στήσει,
334 4705 608 4759 ἀποδώσει
637 4706 692 4759 δὲ
728 4707 945 4778 ἑκάστῳ
983 4711 1124 4761 κατὰ
1166 4709 1232 4761 τά
1279 4710 1415 4779 ἔργα
1462 4712 1665 4768 αὐτοῦ.

92 4801 319 4855 Εῖσεσθε
374 4800 469 4853 καὶ
508 4800 664 4867 ὑμεῖς
699 4800 747 4852 οἱ
780 4800 823 4852 δ’
875 4802 956 4853 ὅτι
1022 4801 1346 4867 ἀξιωθέντες
1394 4804 1489 4858 τοῦ
1522 4806 1668 4859 θείου

92 4894 271 4960 ᾳωτὸς
320 4891 422 4958 τῆς
475 4892 915 4961 ἀναγεννήσεως,
955 4892 1050 4944 xui.
1086 4893 1370 4966 καθαρὶσει
1404 4902 1511 4968 γὰρ
1544 4901 1669 4970 ύμῖν

91 4986 323 5053 εύαγούς
360 4985 569 5046 πάθους
594 4985 794 5049 παντὸς
821 4986 853 5055 ή
889 4984 1115 5052 διάνοια,
1159 4990 1295 5057 πρὸς
1326 4991 1484 5061 κόρον
1512 4992 1587 5053 δὲ,
1622 4992 1673 5044 εἱ

89 5081 182 5131 καὶ
218 5080 294 5150 μὴ
323 5080 483 5149 κόρος
519 5074 749 5147 ὥρισται
779 5079 1011 5144 τούτοις,
1054 5079 1163 5131 τῶν
1201 5081 1329 5150 παρ’
1381 5081 1544 5135 αὐτοῦ
1575 5100 1674 5155 χα·

1775 4705 1964 4759 scietis
1993 4705 2157 4756 etiam
2195 4718 2311 4766 vos,
2349 4702 2533 4757 divino
2566 4705 2993 4771 regenerationis
3027 4704 3228 4759 lumine
3274 4706 3356 4758 di-

1770 4799 1953 4866 gnati;
1977 4798 2292 4867 purgabitur
2309 4796 2452 4850 enim
2471 4811 2624 4852 meus
2644 4805 2817 4850 vestra
2844 4799 2909 4852 ab
2931 4797 3077 4852 omni
3101 4800 3355 4868 passione

1773 4894 1940 4961 turpi,
1972 4894 2197 4963 ejusque
2230 4892 2388 4946 donis
2421 4892 2776 4961 ituplebimini
2820 4894 2885 4945 ad
2929 4894 3258 4957 satietatem,
3301 4893 3352 4947 si

1778 4998 1955 5041 tamen
1987 5001 2173 5039 eorum
2207 4985 2433 5040 satietas
2460 4999 2583 5039 esse
2621 4985 2809 5051 possit,
2840 4996 2893 5039 et
2921 4986 3184 5040 bonorum
3226 5001 3357 5057 proo-

1778 5080 2063 5133 missorum
2108 5078 2476 5132 [nereditatem
2505 5076 2839 5133 obtinebitis.

96 5173 264 5242 ρίτων
292 5168 701 5243 πλησθήσεσθε,
735 5171 828 5223 καὶ
854 5171 1080 5238 ἀγαθῶν
1115 5173 1223 5224 τῶν
1247 5173 1678 5242 ἐπηγγελμένων
1709 5172 2174 5242 κληρονομησετε.

160 5289 246 5354 ('5)
279 5286 423 5343 Idem
456 5286 672 5341 Nicetas
707 5302 721 5339 :
761 5302 778 5335 ι
816 5283 1135 5340 Sacerdotes
1166 5296 1217 5340 et
1252 5288 1507 5355 prtl'sules
1547 5289 1679 5342 lide-

91 5363 228 5426 libos
271 5359 534 5426 praelecit,
567 5358 757 5410 altaria
797 5371 891 5422 per
925 5359 1039 5409 loca
1076 5359 1297 5411 Domino
1331 5358 1580 5426 praeﬁxit,
1615 5374 1678 5414 ac

90 5425 301 5487 sacram
362 5441 675 5482 sanctorum
742 5438 1209 5482 sacramentorum
1285 5425 1503 5481 tradidit
1562 5430 1675 5483 ἴοι·-

92 5504 400 5642 ωἷίῧηὲιιῖιι
433 5583 529 5636 per
568 5567 760 5642 viginti
801 5581 971 5622 annos
1006 5566 1056 5620 in
1092 5567 1313 5639 Scythia
1346 5566 1668 5637 laborasset,

89 5654 139 5697 ut
167 5638 305 5696 'A'cra
341 5639 528 5692 Latina
566 5638 789 5692 habent.

154 5715 234 5784 (ὅ)
284 5712 426 5766 Idem
474 5710 699 5764 Nieetas
747 5727 764 5763 :
818 5728 835 5761 ι
880 5707 1179 5779 Hierapolis
1233 5710 1359 5766 urbs
1420 5711 1667 5783 Phrygia:

158 5835 238 5905 (ά)
281 5829 709 5903 Ἑμπηστικός,
775 5830 1005 5899 pestifer,
1072 5844 1101 5885 a
1154 5828 1315 5886 latine
1383 5846 1512 5887 voce
1568 5830 1758 5885 Pes-tis.

1786 5303 1975 5357 magna
2011 5298 2173 5355 atque
2205 5284 2453 5349 illustris,
2488 5301 2646 5355 opum
2677 5285 3022 5345 abundantia.
3060 5285 3351 5358 gloriaeque

1784 5358 2001 5425 fastigio
2050 5359 2321 5423 superba,
2374 5358 2573 5411 civium
2635 5359 2828 5411 robore
2884 5372 2949 5409 ac
3004 5358 3352 5414 multitudine

1781 5430 1910 5481 nulli
1947 5430 2082 5481 forte
2115 5438 2237 5480 tunc
2271 5441 2586 5495 magnarum
2630 5442 2726 5497 per
2756 5428 3028 5482 Orientem
3076 5439 3350 5498 metr0po-

1778 5497 1893 5553 leon
1930 5500 2131 5568 primas
2154 5500 2472 5553 concedens.
2511 5518 2529 5550 ι

1849 5566 1944 5640 (tif
1982 5568 2177 5622 lterum
2242 5568 2455 5641 Nicelas
2522 5571 2616 5635 ait,
2661 5587 2679 5619 ι
2733 5566 3058 5641 Hierapolim
3131 5580 3347 5640 porten-

1776 5649 1902 5693 tosa!
1930 5643 2142 5693 cuidam
2178 5640 2515 5707 infunditque
2541 5655 2734 5709 Vipera:
2767 5654 3019 5709 tanquam
3054 5642 3160 5696 Deo
3191 5644 3346 5693 add:-

1770 5723 1934 5777 ctaui,
1958 5725 2182 5781 eamque
2211 5709 2400 5766 h05tiis
2428 5728 2532 5767 non
2558 5716 2760 5781 absque
2784 5714 3048 5768 dementia
3072 5714 3343 5783 placare.»
