4196 6306
767 335 884 412 ,199

2104 332 2387 394 MENSIS
2427 330 2687 392 MAIUS.

3927 322 4026 386 200

777 505 4024 536 MW

2067 665 2559 756 ΥΠΟΜΝΗ
2570 669 2654 754 Μ
2664 669 2729 753 Α

1355 867 1618 995 ΕΙΣ
1695 861 2040 994 ΤΟΝ
2115 857 2634 994 ΑΓΙΟΝ
2711 859 3448 994 ΙΑΚΩΒΟΝ

1865 1077 2282 1132 ΔΠΟΣΤΟΛΟΝ
2323 1077 2443 1128 ΚΑΙ
2487 1077 2934 1130 ΑΔΕΛΦΟΘΕΟΝ

2381 1261 2450 1273 .—

1930 1410 2885 1508 COMMENTARIUS

976 1640 1136 1764 IN
1221 1634 1964 1767 SANCTUM
2059 1634 2786 1765 JACOBUM
2881 1633 3841 1763 APOSTOLUM

1980 1879 2084 1940 ET
2114 1880 2498 1943 FRATREM
2543 1880 2833 1941 DOMINI

1545 2050 1688 2118 (Acta
1714 2053 2007 2106 Sanctorum
2049 2050 2266 2102 Bolland.
2301 2050 2361 2101 ad
2397 2050 2530 2101 diem
2559 2050 2574 2098 l
2607 2049 2737 2110 Mali,
2762 2049 2934 2100 Graece
2961 2051 3014 2098 et
3047 2038 3263 2111 Latine.)

2224 2352 2614 2412 PROLOGUS.

847 2483 890 2539 l.
936 2485 1080 2539 Nihil
1115 2494 1198 2540 est
1245 2485 1362 2540 viro
1395 2487 1537 2542 bono
1579 2493 1635 2540 et
1669 2484 1888 2538 virtutis
1935 2481 2162 2536 amatori
2209 2495 2360 2548 :rque
2387 2483 2439 2543 Α

2536 2478 2615 2532 Α¹.
2643 2479 2757 2549 Οὐχ
2784 2478 2955 2540 οὕτως
2992 2475 3088 2547 ὴδύ
3116 2493 3168 2527 τι
3199 2474 3275 2544 τῷ
3311 2473 3588 2543 φιλαρέτῳ
3633 2474 3724 2526 καὶ
3750 2470 3900 2544 κόρῳ
3937 2488 4043 2544 μη-

773 2579 1094 2649 jucundum,
1119 2587 1173 2631 et
1196 2580 1338 2645 quod
1367 2577 1513 2630 nulla
1546 2579 1723 2632 minus
1749 2575 2000 2629 satietate
2026 2572 2357 2634 offendatur.

779 2681 945 2739 atque
1004 2669 1136 2738 justi
1199 2670 1477 2735 memoria,
1529 2677 1584 2722 et
1641 2667 1898 2728 maxime,
1950 2666 1994 2720 si
2049 2678 2239 2732 passus
2289 2662 2362 2715 sit

779 2772 1004 2834 propter
1033 2762 1333 2817 Christum.
1365 2761 1438 2815 Ea
1472 2763 1615 2815 enim
1657 2760 1804 2813 illum
1841 2761 2012 2828 magis
2052 2758 2252 2811 excitat
2291 2755 2358 2808 ad

781 2855 1048 2919 laetitiam,
1079 2871 1237 2920 quam
1266 2871 1455 2907 nurum
1509 2854 1750 2922 pecunia:
1789 2862 2079 2914 amatores,
2116 2858 2169 2904 et
2215 2863 2363 2917 quae-

781 2962 996 3014 cunque
1045 2955 1171 2999 sunt
1215 2948 1325 2998 visu
1374 2944 1709 3000 delectabilia
1744 2958 2006 2997 novarum
2060 2955 2237 2994 rerum
2269 2953 2364 2993 cu-

781 3039 957 3107 pidos.
989 3036 1140 3090 Adde
1171 3037 1312 3102 quod
1342 3037 1454 3103 ipsa
1479 3037 1607 3104 justi
1646 3035 1903 3088 memoria
1936 3047 2042 3087 nou
2077 3032 2250 3086 solum
2280 3039 2364 3086 est

776 3130 1038 3198 jucunda,
1091 3131 1184 3182 sed
1224 3131 1386 3182 etiam
1425 3128 1578 3180 valde
1627 3127 1807 3192 utilis;
1840 3141 1962 3179 cum
1996 3124 2227 3192 aliquem
2260 3121 2362 3176 ΖυΙί

782 3231 838 3274 et
885 3221 1240 3275 atnmlntiunis
1289 3219 1569 3273 stimulum
1627 3218 1881 3271 immittat
1931 3217 2146 3278 animis,
2196 3225 2250 3268 et
2300 3215 2366 3267 ad

784 3312 985 3367 similia
1014 3311 1377 3381 aggredienda
1412 3311 1633 3365 excitet.
1661 3309 1904 3378 Agedum
1940 3323 2070 3376 ergo
2100 3321 2198 3362 nos
2228 3321 2365 3374 quo-

784 3419 890 3473 que
931 3418 1180 3473 magnum
1213 3401 1476 3457 Jacubum
1513 3404 1567 3455 In
1607 3403 1840 3457 medium
1881 3401 2216 3453 adducentes
2253 3398 2365 3467 (qui

787 3511 913 3550 vere
961 3506 1042 3548 est
1074 3494 1266 3549 Justus
1296 3504 1351 3548 et
1393 3494 1726 3557 nominatur,
1759 3503 1814 3546 et
1847 3501 1903 3545 ut
1948 3492 2151 3546 Christi
2201 3491 2369 3544 frater

787 3597 1079 3640 vocaretur
1103 3587 1301 3640 eximie
1333 3595 1418 3640 est
1448 3588 1726 3652 assccuns)
1759 3595 2101 3641 communem
2121 3599 2188 3636 ex
2209 3584 2369 3635 rebus

788 3680 931 3734 illius
1003 3681 1292 3738 utilitatem
1373 3681 1655 3747 capiamus
1713 3688 1766 3732 et
1823 3677 2170 3746 voluptatem.
2235 3674 2367 3727 Nam

788 3770 914 3823 licet
943 3771 1093 3823 multi
1126 3771 1238 3833 alii,
1267 3770 1358 3839 qui
1389 3772 1441 3824 in
1469 3770 1839 3824 ecclesiastica
1873 3766 2161 3821 scribenda
2195 3768 2367 3819 histo-

2462 2572 2574 2626 δενὶ
2597 2571 2993 2641 λυμαινόμενον
3017 2569 3091 2631 ὡς
3123 2568 3312 2637 μνήμη
3338 2566 3551 2620 δικαίου
3575 2582 3588 2596 ·
3633 2568 3727 2619 καὶ⁵
3760 2567 3969 2635 μᾶλλον
3997 2570 4044 2620 ει

2462 2667 2550 2720 διὰ
2595 2666 2835 2736 Χριστὸν
2885 2663 3152 2724 παθόντος
3204 2661 3536 2730 κατέστηκε.
3597 2660 3704 2713 Καὶ
3747 2661 3857 2730 γὰρ
3907 2659 4046 2729 αὕτη

2465 2759 2664 2814 πλείων
2728 2759 2922 2826 ἐκείνῳ
2963 2757 2993 2826 ἢ
3055 2754 3257 2825 χρυσὸς
3311 2756 3423 2816 τοῖς
3454 2754 3911 2824 φιλοχρημάτοις,
3953 2754 4051 2807 καὶ

2464 2856 2562 2907 ὅσα
2591 2851 2688 2922 τὴν
2726 2850 2876 2920 ὦραν
2901 2850 3031 2921 ἡδέα
3069 2850 3194 2910 τοὺς
3232 2848 3308 2916 (a)
3363 2846 3710 2912 φιλοκαίνους
3737 2849 3816 2909 εἰς
3844 2847 4051 2915 εὐφρο-

2467 2944 2633 3012 σύνην
2670 2941 2999 3013 παρακαλεῖ.
3038 2940 3191 2992 Ἐπεὶ
3219 2935 3312 2992 οὖν
3359 2939 3456 3008 οὐχ
3486 2940 3638 3004 ήδεία
3686 2938 3844 3007 μόνον
3886 2940 3919 3007 ἡ
3952 2937 4051 2990 τοῦ

2465 3036 2675 3089 δικαίου
2725 3036 2936 3103 μνήμη,
2988 3033 3123 3084 ἀλλὰ
3179 3031 3272 3084 καὶ
3303 3031 3423 3084 λίαν
3466 3031 3764 3098 ὠφέλιμος,
3794 3031 3958 3101 ζήλου
3999 3049 4052 3082 τι

2470 3127 2696 3194 κέντρον
2735 3128 2854 3187 ταῖς
2875 3125 3073 3193 ψυχαῖς
3105 3125 3329 3188 ζενιεῖσα,
3355 3122 3450 3174 καὶ
3476 3122 3584 3173 τῶν
3615 3124 3744 3173 ἴσων
3774 3122 4054 3176 ἅπτεσθαι

2469 3216 2848 3286 διεγείρουσα·
2899 3215 3030 3282 φέρε
3093 3214 3157 3281 δὴ
3188 3215 3282 3263 καὶ
3318 3215 3478 3282 ἡμεῖς
3527 3213 3619 3264 τὸν
3652 3215 3826 3280 μέγαν
3853 3213 4053 3264 τοῦτον

2483 3309 2740 3362 Ἰάκωϐον
2791 3309 2870 3369 εἰς
2921 3308 3084 3374 μέσον
3115 3306 3432 3373 προθέντες,
3465 3306 3555 3357 τὸν
3583 3304 3800 3373 ἀληθῶς
3836 3305 4053 3358 δίκαιον

2470 3403 2598 3454 ὄντα
2619 3418 2676 3454 τε
2705 3402 2796 3452 καὶ
2826 3399 3227 3468 ὀνομαζόμενον
3249 3415 3262 3427 ·
3298 3399 3354 3460 ὃς
3389 3399 3483 3449 καὶ
3520 3399 3580 3450 τὸ
3606 3397 3831 3464 ἁδελφὸς
3863 3399 4056 3450 καλεῖ-

2473 3495 2597 3548 σθαι
2620 3494 2855 3563 Χριστοῦ
2881 3493 3247 3562 διαφερόντως
3283 3491 3652 3560 πεπλούτηκε,
3690 3491 3875 3559 κοινὴν
3906 3489 4055 3554 ὠφέ-

2471 3589 2622 3640 λειαν
2678 3587 2748 3638 τὰ
2799 3586 3009 3639 ἐκείνου
3048 3585 3142 3637 καὶ
3173 3585 3370 3653 ἡδονὴν
3402 3582 3784 3652 ποιησώμεθα.
3831 3582 4057 3643 Πολλοῖς

2477 3681 2576 3749 μὲν
2606 3679 2714 3749 γὰρ
2739 3681 2831 3731 καὶ
2859 3679 3037 3739 ἄλλοις
3065 3677 3275 3748 ὑπῆρξε
3313 3678 3420 3728 τῶν
3449 3678 3576 3745 περὶ
3626 3676 3721 3742 τὴν
3753 3676 4060 3744 ἐκκλησια-

2476 3769 2665 3837 στικὴν
2737 3769 2973 3837 ἱστορίαν
3032 3766 3448 3820 ἐσπουδακότων
3501 3766 3629 3836 περὶ
3690 3763 3784 3816 τοῦ
3838 3763 4056 3816 δικαίου

790 3862 868 3915 ria
899 3863 1135 3916 studium
1164 3833 1483 3930 posuerunt,
1518 3864 1583 3915 de
1616 3864 1715 3915 hoc
1738 3858 1886 3930 justo
1919 3861 2279 3924 narraverint,
2320 3870 2372 3913 ct
2399 3833 2445 3893 Β

2476 3864 2664 3916 τούτου
2686 3862 2997 3928 διεξελθεῖν,
3046 3863 3142 3914 καὶ
3193 3861 3295 3929 πρό
3327 3877 3389 3928 γε
3442 3859 3658 3912 πάντων
3718 3858 4058 3928 Ἥγησίππῳ

788 3963 914 4007 ante
947 3969 1136 4007 omnes
1189 3952 1523 4023 Hegesippus
1564 3963 1617 4007 et
1659 3951 1907 4006 Clemens
1943 3968 1956 4004 :
2006 3967 2234 4019 quorum
2288 3951 2375 4006 ille

2478 3955 2573 4008 καὶ
2628 3954 2921 4023 Κλήμεντι,
2985 3947 3057 4006 ὧν
3089 3955 3114 4005 ὁ
3150 3952 3247 4021 μὲν
3287 3951 3344 4004 ἐν
3380 3967 3442 4018 γε
3483 3949 3560 4018 τῷ
3618 3949 3852 4018 πέμπτῳ
3886 3947 4058 4002 αὑτοῦ

787 4047 1003 4116 quidem
1032 4046 1085 4099 iu
1118 4046 1307 4113 quinto
1346 4060 1444 4099 suo
1485 4043 1642 4108 libro,
1676 4045 1760 4097 hic
1797 4055 1973 4096 autem
2009 4043 2058 4095 in
2096 4055 2246 4095 suta
2276 4056 2372 4096 ett-

789 4152 934 4199 rum,
989 4151 1108 4206 qua:
1158 4145 1427 4190 vocantur
1478 4134 1874 4205 llypmyposcs,
1905 4133 2160 4186 nonnulla
2201 4149 2266 4186 ex
2310 4134 2374 4188 iis

2477 4138 2798 4201 τυπώοεων,
2827 4136 2942 4189 ἔνια
2976 4136 3084 4187 τῶν
3115 4135 3265 4204 αὑτῴ
3308 4134 3722 4205 πεπραγμένων
3751 4131 4061 4184 ἀπολαϐόν-

791 4244 911 4297 quae
937 4231 1004 4284 ab
1037 4231 1152 4297 ipso
1180 4238 1328 4297 gesta
1362 4241 1510 4291 sunt,
1542 4237 1903 4289 assumcutes,
1941 4225 2172 4293 posteris
2205 4226 2374 4278 tradi-

2477 4249 2568 4294 τες
2630 4231 2932 4300 παρέδοσαν
2991 4232 3100 4291 τοῖς
3157 4229 3234 4290 εἰς
3279 4229 3543 4296 ὕστερον
3605 4225 3721 4278 ἀλλ’
3773 4225 3952 4286 οὐδεὶς
3977 4225 4060 4284 ei;

795 4322 974 4375 derint
1008 4339 1022 4378 :
1061 4336 1218 4375 nemo
1250 4330 1426 4374 tamen
1456 4336 1514 4374 se
1555 4320 1801 4373 extendit
1838 4321 1902 4370 ad
1949 4320 2152 4383 omnia,
2202 4333 2374 4385 neque

2477 4325 2693 4378 ἅπαντα
2753 4321 2998 4389 καθῆκεν
3035 4321 3245 4384 ἑαυτὸν,
3279 4320 3401 4372 οὐδὲ
3431 4319 3496 4372 τὰ
3525 4319 3663 4374 κατὰ
3695 4317 3857 4388 μέρος
3881 4319 4059 4369 εἰπεῖν

797 4410 1075 4464 contendit
1101 4411 1166 4463 de
1191 4425 1255 4464 eo
1282 4411 1459 4463 dicere
1491 4409 1824 4477 singulatim.
1856 4407 2030 4466 Causa
2061 4421 2240 4459 autem
2268 4418 2369 4472 est,

2474 4415 2922 4484 ἐφιλοτιμήσατο.
2976 4415 3048 4466 Τὸ
3110 4413 3166 4468 δὲ
3222 4415 3418 4478 αἴτιον,
3452 4414 3534 4466 ὅτι
3563 4412 3636 4482 μὴ
3665 4412 3720 4464 δὲ
3747 4411 3837 4464 τὸν
3886 4411 4060 4480 ἄνδρα

799 4499 941 4568 quod
975 4515 1079 4553 uou
1115 4499 1216 4554 fuit
1255 4513 1442 4553 eorum
1495 4500 1799 4552 institutum
1833 4501 1898 4550 de
1940 4499 2054 4566 ipso
2094 4496 2370 4562 scribere;

2477 4508 2680 4561 σκοπὸν
2710 4506 2894 4560 ἔθεντο
2915 4523 2928 4536 ·
2955 4507 3069 4560 ἀλλ’
3103 4507 3265 4577 ἑτέρα
3290 4507 3388 4576 μὲν
3417 4506 3494 4576 τῷ
3525 4507 3662 4574 λόγῳ
3684 4505 3943 4568 ὑπόθεσις
3967 4501 4057 4575 ἦν,

802 4590 897 4644 sed
938 4600 1056 4645 erat
1100 4591 1316 4660 quidem
1359 4593 1438 4646 eis
1491 4592 1633 4644 aliud
1695 4591 2025 4659 propositum
2087 4605 2372 4657 argumen-

2474 4602 2522 4650 οἱ
2557 4600 2610 4650 δε
2641 4600 2699 4650 ὲν
2725 4598 2802 4667 τῷ
2829 4600 2987 4669 μέρει
3013 4598 3109 4650 τοῦ
3155 4599 3350 4670 ἀνδρὸς
3381 4600 3711 4670 ἐμέμνηντο,
3759 4598 3855 4652 καὶ
3886 4596 4061 4655 ταῦτα

803 4693 916 4736 ιιιιη
964 4703 976 4737 :
1023 4685 1075 4736 in
1121 4695 1275 4752 parte
1324 4694 1527 4749 autem,
1573 4699 1694 4739 cum
1741 4685 1812 4738 ita
1860 4683 2169 4743 accidisset.
2226 4682 2368 4736 illius

2476 4692 2538 4744 an
2567 4693 2672 4743 ἀπὸ
2693 4691 2786 4745 τοῦ
2817 4693 3174 4761 παρήκοντος.

803 4786 1184 4831 meminerunt.

2477 4046 2853 4116 ὑπομνήματι,
2879 4047 2907 4097 ὁ
2943 4046 2998 4097 δὲ
3047 4047 3103 4096 ἑν
3125 4048 3189 4111 τῇ
3222 4045 3354 4114 ἕκτῃ
3391 4043 3500 4095 τῶν
3542 4041 3891 4111 καλουμένων
3924 4043 4057 4093 ὐπο-

2268 4933 2497 4991 CAPUT
2563 4974 2579 4992 .

1621 5053 1830 5120 Patria,
1877 5053 2100 5124 epistola
2144 5056 2345 5124 scripta
2379 5065 2426 5108 et
2467 5054 2757 5108 elucidala.
2790 5053 2925 5109 Alia:
2960 5055 3201 5109 virtutes.

884 5193 948 5249 ll.
983 5193 1183 5249 Iacobo
1227 5205 1356 5262 ergo
1404 5191 1588 5248 divino
1627 5195 1797 5262 patria
1846 5193 1946 5248 fuit
1983 5193 2187 5261 Judaea,
2237 5205 2387 5266 pater
2413 5205 2457 5263 ο

2565 5197 2639 5250 B'.
2679 5196 2916 5263 Ἰακώϐῳ
2937 5196 3115 5250 τοίνυν
3143 5196 3220 5268 τῷ
3260 5197 3409 5270 θείῳ,
3435 5199 3628 5269 πατρὶς
3658 5198 3912 5269 Ἰουδαία,
3960 5221 4034 5258 πα

808 5283 1005 5352 Ioseph
1052 5285 1152 5353 (l),
1185 5298 1275 5354 qui
1311 5293 1528 5353 propter
1576 5284 1838 5353 insignem
1893 5284 2146 5340 virtutem
2187 5297 2240 5338 et
2269 5302 2383 5340 mo-

2491 5290 2595 5358 τὴρ
2632 5288 2851 5358 Ἰωσὴφ,
2874 5289 2930 5352 ὃς
2956 5290 3042 5342 διά
3075 5307 3132 5342 τε
3160 5291 3218 5343 τὸ
3249 5292 3347 5357 τῆς
3374 5293 3572 5362 ἀρετῆς
3604 5294 3813 5364 περιὸν,
3857 5298 3953 5350 καὶ
3974 5297 4064 5349 διὰ

815 5392 934 5430 rum
961 5376 1279 5443 bonitatem,
1307 5375 1406 5430 fuit
1433 5391 1662 5446 sponsus
1689 5376 1944 5447 Virginis,
1966 5394 2086 5448 quae
2108 5378 2391 5434 Dominum

2499 5383 2598 5451 τὴν
2623 5383 2730 5433 τῶν
2770 5382 2986 5452 τρόπων
3012 5384 3376 5455 χρηστότητα,
3423 5388 3488 5456 τῇ
3512 5386 3602 5438 τὸν
3622 5387 3857 5457 Χριστὸν
3905 5388 4062 5459 ἡμῶν

894 5515 972 5588 (Ι)
1007 5515 1154 5570 llanc
1181 5517 1483 5584 aliquorum
1516 5515 1826 5588 Graecorum
1861 5515 2185 5588 sententiam
2226 5530 2390 5584 supra
2501 5519 2583 5572 νει
2607 5519 2797 5572 saltem
2838 5523 3065 5573 maritus
3107 5519 3312 5583 Mariae,
3357 5533 3583 5576 naue'ex
3615 5524 3776 5576 amita
3819 5525 3898 5578 vel
3944 5536 4064 5579 ma-

822 5585 1149 5668 rcjecitutts,_
1189 5588 1631 5668 ostepdimnsque
1675 5585 1866 5668 luisse“
1901 5586 2067 5668 lilium
2093 5587 2388 5668 _Cleppha:,
2500 5599 2697 5643 tertera
2729 5589 2993 5659 Deiparae,
3029 5592 3257 5661 ideoque
3287 5593 3439 5648 dictae
3474 5591 3640 5650 Soror
3673 5593 3882 5650 Mariam

825 5652 918 5727 qui
952 5658 1245 5711 secundum
1278 5655 1488 5724 aliquos
1513 5652 1628 5711 erat
1659 5657 1786 5711 dicti
1834 5652 1891 5709 S.
1928 5655 2144 5725 Iosephi
2194 5655 2385 5722 frater,

901 5775 976 5849 (τι)
1026 5777 1354 5843 «laxam»;
1422 5777 1635 5834 videtur
1694 5779 1890 5852 legisse
1963 5782 2230 5853 interpres
2279 5795 2386 5851 quo
2428 5780 2466 5836 L

2473 5781 2749 5854 ipomanus
2782 5799 2911 5840 usus
2944 5783 2994 5839 iu
3028 5798 3128 5837 ms.
3158 5779 3380 5840 Veneto.
