4196 6306
775 341 882 404 203

2105 335 2384 395 MENSIS
2426 334 2688 394 MAIUS.

3914 327 4022 392 204

775 452 1331 526 ρτωιεηιιὶιιεηιιυιῐις
1366 451 1615 521 protinus
1658 450 1823 513 enim,
1861 457 1934 514 et,
1967 456 2023 499 ut
2053 447 2274 511 dicitur,
2324 464 2351 501 a

2467 464 2546 498 ται
2574 444 2678 515 γὰρ
2720 444 2884 506 εὐθὺς
2911 444 3019 496 ἀπὸ
3046 441 3312 513 γραμμῆς
3344 441 3440 495 τοῦ
3488 443 3648 511 ἁγίου
3674 440 3736 497 τὸ
3771 444 4024 514 μέτριονσ

773 548 1107 612 carceribus,
1141 545 1478 615 signiﬁcatur
1510 543 1684 597 sancti
1723 539 2007 594 modestia.
2044 537 2136 594 Sic
2168 552 2349 591 autem

780 642 942 695 habet
974 642 990 672 ί
1032 657 1046 692 ι
1098 658 1115 689 ι
1162 638 1393 690 Jacnbus
1445 636 1535 688 Dei
1592 644 1643 688 et
1697 633 1903 687 Domini
1960 631 2088 685 Jesu
2150 631 2350 686 Christi

776 748 990 795 servus,
1037 729 1320 783 duodecim
1381 727 1641 789 tribubus,
1696 741 1816 794 qua:
1854 733 1981 778 sunt
2030 724 2082 777 in
2134 725 2350 793 disper-

778 826 952 885 sione,
1016 819 1270 875 salutem.
1328 839 1346 869 ι
1402 817 1533 871 Νιιιιι
1598 832 1721 870 cum
1773 818 1820 871 ei
1877 817 2060 870 liceret
2117 816 2352 884 seipsum

777 926 969 964 vocare
1004 909 1329 977 apostolum,
1366 918 1455 960 aut
1488 906 1825 974 episc0pum,
1860 917 1951 959 aut
1997 908 2142 974 quod
2182 904 2355 972 majus

775 1014 877 1063 est,
909 1003 1131 1054 fratrem
1169 1001 1403 1062 DOmini,
1438 1003 1639 1067 quibus
1670 999 1980 1052 nominibus
2009 999 2182 1066 ipsum
2216 1013 2355 1063 quu-

770 1108 877 1157 que
908 1090 1109 1145 Paulus
1142 1091 1465 1157 signiﬁcavit
1501 1091 1746 1143 scribens
1773 1090 1838 1142 ad
1870 1087 2089 1143 Galatas
2112 1091 2132 1119 ¹
2158 1126 2175 1152 ,
2208 1088 2355 1140 vide-

772 1190 856 1238 tur
909 1184 1160 1237 delectari
1198 1180 1597 1244 humilioribus;
1629 1196 1688 1234 se
1730 1196 1850 1233 esse
1902 1196 2117 1235 sertum
2153 1179 2355 1233 Christi

774 1276 863 1328 Dei
893 1275 1165 1343 significat
1192 1273 1440 1326 tribubus
1464 1272 1697 1337 lsraelis,
1716 1271 1800 1325 vel
1827 1275 2058 1328 maxime
2082 1272 2355 1341 proprium

774 1368 1019 1436 magistri
1080 1368 1289 1436 insigne
1342 1367 1546 1421 habens
1591 1367 2040 1430 moderationem,
2070 1378 2122 1419 et
2154 1382 2215 1419 ea
2252 1365 2357 1420 sibi

780 1464 949 1533 magis
982 1463 1228 1533 placens,
1252 1478 1412 1531 quam
1445 1462 1786 1532 episcopatus
1808 1472 1970 1530 atque
2001 1460 2359 1517 fraternitatis

775 1558 1061 1625 dignitate.

846 1646 910 1702 ν.
951 1648 1052 1701 Sed
1089 1664 1206 1717 age,
1242 1647 1522 1708 nonnulla,
1560 1662 1677 1715 quae
1715 1647 1965 1716 leguntur
2006 1647 2059 1700 in
2096 1646 2357 1715 Epistula,

779 1752 1037 1809 quantum
1096 1739 1434 1801 conceditur,
1492 1751 1901 1806 pchcquamur,
1954 1752 2049 1805 per
2086 1752 2205 1805 qua:
2249 1738 2360 1790 erit

781 1832 1065 1887 manifesta
1122 1830 1267 1884 illius
1325 1833 1519 1883 mentis
1572 1833 1798 1899 ptttitas,
1840 1840 1896 1883 et
1945 1841 2200 1883 accurata
2258 1828 2355 1881 do-

770 1934 963 1979 ctrma.
1001 1925 1132 1977 Nam
1169 1940 1291 1977 cum
1342 1923 1533 1977 fuisset
1577 1923 1626 1975 in
1666 1924 1930 1990 principio
1982 1923 2255 1988 Epistolze.
2304 1929 2358 1973 et

770 2018 1171 2085 contemplante
1233 2015 1399 2067 animi
1464 2014 1621 2066 oculo
1682 2014 2097 2074 considerasset,
2169 2022 2227 2069 ut
2278 2021 2359 2066 est

771 2123 1132 2177 consequens,
1172 2108 1309 2175 quod
1338 2106 1584 2174 quisquis
1619 2106 1684 2157 ad
1713 2105 1875 2157 Deum
1909 2105 2133 2166 accedit,
2170 2104 2358 2157 incidit

775 2201 827 2255 in
869 2203 1197 2255 teutationes
1240 2198 1394 2266 (Boni
1434 2199 1576 2251 enim
1615 2198 1938 2265 principium
1980 2205 2033 2249 ct
2064 2196 2238 2259 radix,
2275 2204 2359 2249 est

775 2298 913 2349 Deus
950 2311 964 2347 :
1003 2296 1199 2347 bonmn
1252 2302 1452 2351 autem,
1490 2299 1573 2342 est
1606 2290 1776 2340 virtus
1812 2304 1825 2339 :
1869 2287 1953 2339 via
2001 2296 2205 2349 autem,
2241 2302 2361 2355 qua:

775 2385 879 2438 fert
926 2386 989 2439 ad
1025 2384 1301 2447 virtutem,
1348 2390 1431 2434 est
1478 2393 1667 2448 aspera
1719 2388 1772 2432 et
1802 2378 2057 2440 diﬂicilis,
2097 2388 2151 2432 et
2196 2378 2358 2432 multa

774 2480 937 2533 habet
970 2480 1195 2531 adversa
1248 2484 1349 2527 :et
1397 2474 1516 2525 ideo
1551 2473 1729 2525 evenit
1778 2473 2020 2534 omnino,
2057 2482 2113 2525 nt
2159 2473 2249 2540 qui
2293 2474 2358 2527 ad

773 2571 941 2625 Deum
970 2570 1253 2631 accedunt,
1285 2567 1335 2619 in
1372 2581 1455 2619 res
1490 2566 1725 2619 incidant
1759 2566 2071 2634 inmqualcs)
2106 2581 2120 2618 :
2156 2567 2358 2619 exhor—

777 2672 923 2715 tatur
967 2669 1184 2713 sanctos
1220 2658 1285 2711 ad
1323 2658 1577 2710 invictam
1617 2658 1931 2726 patientiam
1983 2666 2035 2711 et
2088 2673 2357 2725 nunquam

777 2757 1079 2815 cedentem,
1111 2753 1278 2806 bonos
1313 2752 1529 2803 imitans
1561 2764 1847 2817 puerorum
1896 2760 2275 2818 prmccptores,
2310 2759 2363 2805 et

774 2846 866 2915 qui
896 2845 1284 2898 convenienter
1318 2842 1520 2911 legibus
1556 2842 1939 2897 decertationis
1972 2842 2152 2895 sciunt
2185 2845 2362 2895 decer-

778 2948 911 2990 tare.
946 2936 1084 2990 Dicit
1113 2934 1253 2988 enim
1289 2951 1302 2986 :
1338 2951 1357 2985 ι
1395 2931 1564 2987 Omne
1594 2935 1846 3002 gaudium
1881 2934 2209 2996 existimate,
2246 2935 2359 2987 fra-

779 3039 891 3083 tres
924 3029 1048 3091 mei,
1081 3027 1292 3090 quando
1341 3026 1391 3079 in
1428 3025 1755 3077 tentationes
1802 3024 1977 3077 varias
2042 3023 2359 3088 incideritis,

2457 537 2569 606 ἔχει
2620 536 2673 587 δὲ
2732 534 2905 597 οὕτως
2935 552 2951 566 ο
2987 555 3003 585 ι
3058 532 3291 595 Ιάκωδος
3318 532 3453 585 Θεοῦ
3490 534 3584 586 καὶ
3618 534 3822 603 Κυρίου
3860 533 4031 603 Ἰησοῦ

2458 629 2694 699 Χριστοῦ
2732 627 2939 691 δοῦλος,
2980 630 3096 689 ταῖς
3122 627 3331 678 δώδεκα
3371 626 3563 694 φυλαῖς
3597 628 3717 689 ταῖς
3745 628 3802 679 ὲν
3828 630 3892 696 τῇ
3924 628 4030 680 δια-

2458 722 2635 790 σπορᾷ
2687 720 2919 791 χαίρειν.
2964 742 2981 769 ι
3023 718 3307 788 Ἐξὸνγὰρ
3337 719 3483 786 αὐτῷ
3522 720 3822 772 ἀπόστολον
3854 721 4032 772 καλεῖν

2458 813 2671 877 ἑαυτὸν,
2706 812 2737 883 ἢ
2765 812 3089 875 ἐπίσκοπον,
3127 810 3158 879 ἣ
3186 811 3245 861 τό
3281 828 3341 877 γε
3374 811 3558 879 μεῖζον
3605 813 3781 863 εἰπεῖν
3805 812 4031 879 ἀδελφὸν

2457 904 2551 955 τοῦ
2581 904 2812 972 Κυρίου,
2848 898 2935 963 ,οἷς
2957 903 3218 970 ὀνόμασιν
3251 902 3413 954 αὑτὸν
3443 904 3535 954 καὶ
3578 903 3788 965 Παῦλος
3811 905 4033 971 γράφων

2458 994 2727 1057 Γαλάταις
2762 993 3032 1062 ἐδήλωσεν
3068 1011 3080 1024 ·
3130 995 3158 1044 ὁ
3190 993 3243 1045 δὲ
3275 996 3386 1054 τοῖς
3416 996 3822 1065 ταπεινοτέροις
3855 995 4035 1061 φαίνε-

2457 1106 2547 1141 ται
2607 1090 2835 1159 χαίρων,
2888 1090 2983 1141 καὶ
3018 1087 3204 1139 δοῦλον
3238 1087 3428 1140 ἑαυτὸν
3483 1087 3722 1154 Χριστοῦ
3779 1086 3873 1139 τοῦ
3903 1086 4031 1139 Θεοῦ

2458 1182 2572 1242 ταῖς
2598 1182 2793 1248 φυλαῖς
2818 1178 2910 1232 τοῦ
2949 1178 3167 1248 Ἰσραὴλ
3202 1174 3341 1230 εἶναι
3387 1178 3647 1246 γνωρίζει
3672 1194 3684 1206 ’
3722 1176 3783 1228 τὸ
3806 1177 4035 1229 ’ἰδιαίταο

2459 1288 2550 1322 τον
2581 1269 2674 1321 τοῦ
2700 1269 3022 1322 δ;δασκάλου
3052 1270 3383 1337 παράσημον
3433 1269 3532 1336 τὴν
3570 1267 4037 1337 μετριορροσύνην

2461 1358 2626 1428 ἔχων,
2687 1361 2782 1412 καὶ
2840 1360 3014 1430 ταύτῃ
3066 1361 3470 1429 σεμνυνόμενος
3515 1360 3717 1428 μᾶλλον
3750 1359 3781 1429 ἦ
3815 1361 3893 1429 τῷ
3942 1362 4036 1429 τῆς

2461 1451 2770 1521 ἐπισκοπῆς
2805 1454 2900 1504 καὶ
2932 1452 3009 1522 τῷ
3042 1454 3139 1521 τῆς
3169 1451 3529 1519 ἀδελφότητος
3569 1451 3862 1523 ἀξιώματι.

2535 1629 2609 1683 Ε’.
2654 1631 2794 1682 ‘AD.’
2829 1631 2977 1693 ὅπως
3004 1630 3119 1682 ἔνια
3151 1629 3375 1682 καὶτῶν
3407 1633 3473 1701 τῇ
3496 1628 3786 1698 Ἐπιστολῇ
3803 1627 4043 1699 φερομέ-

2462 1741 2568 1775 νων
2597 1725 2738 1776 κατά
2769 1726 2829 1775 το
2857 1722 3133 1793 ἐγχωροῦν
3156 1722 3547 1793 διεξέλθωμεν,
3580 1722 3645 1774 δι’
3677 1714 3751 1775 ὧν
3774 1722 4041 1791 εῦληπτεν

2462 1815 2613 1867 ἔσται
2640 1815 2735 1867 καὶ
2765 1816 2865 1884 τῆς
2888 1816 3134 1877 διανοάς
3158 1817 3370 1867 ἐκείνου
3402 1816 3463 1867 τὸ
3488 1816 3729 1885 καθαρὸν
3755 1818 3849 1869 καὶ
3882 1818 3914 1885 ἡ
3948 1820 4042 1883 τῆς

2461 1906 2813 1968 διδασκαλίας
2836 1906 3112 1976 ἀκρίϐεια.
3145 1908 3255 1958 Καὶ
3282 1908 3390 1976 γὰρ
3424 1910 3479 1957 ὲν
3503 1911 3565 1975 τῇ
3589 1910 3727 1977 ἀρχῇ
3760 1912 3857 1976 τῆς
3894 1909 4047 1959 Ἐπι-

2465 2002 2658 2071 στολῆς
2689 2001 2983 2069 γενόμενος
3013 2000 3106 2052 καὶ
3154 2001 3437 2069 σκοπήσας
3470 2000 3545 2069 τῷ
3576 2000 3899 2071 θεωρητικῷ
3947 2002 4048 2069 τῆς

2463 2094 2643 2163 ψυχῆς
2678 2092 2967 2162 ὀφθαλμῷ,
3018 2094 3097 2145 ὅτι
3128 2093 3306 2145 πάντα
3335 2092 3397 2161 δὴ
3431 2093 3521 2146 τὸν
3553 2094 3630 2162 τῷ
3666 2094 3784 2163 Θεῷ
3811 2113 4048 2165 προσερ-

2462 2187 2694 2257 χόμενον
2744 2186 3041 2239 ἀκόλουθον
3082 2187 3409 2255 πειρασμοῖς
3460 2188 3810 2255 περιπίπτειν
3866 2190 4049 2259 (ἀρχὴ

2467 2282 2566 2351 μὲν
2600 2280 2706 2350 γὰρ
2739 2280 2832 2331 καὶ
2865 2277 2991 2348 ῥίζα
3051 2277 3143 2330 τοῦ
3172 2276 3380 2343 ἀγαθοῦ
3436 2280 3463 2330 ὁ
3496 2279 3648 2343 Θεὸς,
3682 2282 3884 2349 ἀγαθὸν
3931 2285 3986 2337 δὲ
4015 2287 4046 2352 ἡ

2462 2373 2652 2442 ἀρετὴ,
2680 2374 2712 2443 ή
2748 2371 2802 2423 δέ
2832 2387 2894 2439 γε
2922 2370 3058 2441 πρὸς
3089 2369 3293 2439 ἀρετὴν
3325 2370 3577 2439 φέρουσα,
3607 2377 3834 2440 τραχεῖά
3858 2393 3918 2426 τε
3950 2377 4050 2429 καὶ

2465 2466 2739 2535 προάντης
2768 2465 2859 2515 καὶ
2888 2463 3059 2516 πολλά
3094 2463 3161 2515 τά
3191 2462 3550 2530 ἀντικείμενα
3581 2461 3781 2532 ἔχουσα
3802 2479 3813 2490 ·
3841 2466 3935 2517 καὶ
3961 2466 4052 2519 διὰ

2462 2558 2622 2612 τοῦτο
2658 2556 2949 2625 συμὸαίνει
2984 2557 3199 2617 πάντως
3230 2557 3343 2618 τοῖς
3385 2556 3523 2624 πρὸς
3568 2555 3703 2607 Θεὸν
3727 2560 4052 2625 ἐρχομένοις

2464 2649 2777 2717 ἀνωμάλοις
2813 2647 3105 2714 πράγμασι
3141 2646 3543 2714 περιπίπτειν)’
3565 2646 3721 2698 τοῦτο
3751 2647 3813 2716 δὴ
3841 2650 4055 2719 σκοπὴ-

2466 2756 2565 2802 σας
2587 2738 2799 2805 ἀλείνρει
2834 2738 2959 2799 τοὺς
3010 2738 3233 2798 πιστοὺς
3269 2738 3403 2805 πρὸς
3434 2738 3715 2805 ὑπομονὴν
3746 2741 4052 2805 ἀνένδοτον,

2461 2835 2589 2894 τοὺς
2614 2833 2813 2900 σοφοὺς
2850 2830 3190 2901 μιμούμενος
3234 2830 3611 2900 παιδοτρίϐας,
3664 2833 3758 2884 καὶ
3790 2834 3935 2885 κατὰ
3966 2835 4059 2886 νό-

2468 2943 2600 2996 μους
2660 2925 2942 2994 ἀθλήσεως
3002 2923 3183 2985 καλῶς
3248 2922 3549 2992 γυμνάζειν
3609 2925 4058 2994 ἐπισταμένους·

2465 3017 2601 3087 φησὶ
2629 3016 2755 3086 γάρ’
2790 3033 2807 3065 σ
2834 3016 3022 3067 Πᾶσαν
3046 3016 3218 3084 χαράν
3252 3015 3550 3083 ἡγήσασθε,
3572 3016 3789 3084 ἀδελφοί
3821 3035 3947 3086 μου,
3972 3019 4057 3071 ὅτ’

777 3120 1011 3173 scientes
1041 3118 1181 3183 quod
1218 3115 1464 3185 probatio
1497 3114 1616 3168 lidei
1651 3124 1843 3168 vestrae
1883 3113 2195 3182 patientiam
2228 3129 2359 3184 ope-

2467 3108 2530 3162 ἂν
2572 3110 2899 3178 πειρασμοῖς
2948 3107 3281 3177 περιπέσητε
3324 3104 3590 3167 ποικίλοις
3662 3125 3679 3157 t
3707 3110 4055 3176 καὶήαξτία,

780 3207 1013 3277 raturlS)
1043 3224 1055 3259 :
1082 3205 1362 3277 [patientia
1388 3215 1564 3259 autem
1591 3207 1885 3273 perfectum
1906 3220 2039 3273 Opus
2065 3208 2280 3272 habeat,
2312 3218 2369 3262 ut

781 3297 837 3351 in
880 3298 1027 3350 nullo
1080 3295 1362 3349 deliciatis.
1410 3294 1466 3349 Si
1537 3296 1623 3349 cui
1679 3305 1857 3347 autem
1909 3306 2146 3349 vestrum
2214 3298 2369 3351 deest

781 3389 1066 3457 sapientia,
1100 3397 1249 3457 petat
1278 3403 1305 3438 a
1346 3385 1476 3449 Deo,
1509 3387 1597 3455 qui
1654 3388 1743 3440 dat
1792 3385 2045 3441 omnibus
2093 3387 2366 3455 absolute,

785 3497 969 3538 etnon
1019 3481 1310 3550 exprobra.
1366 3496 1384 3528 ›
1439 3476 1733 3533 Considera
1788 3488 2139 3543 antem,cum
2166 3488 2367 3545 quanta

793 3578 1039 3628 hortatur
1070 3573 1357 3642 sapientia.
1388 3568 1503 3622 Non
1535 3569 1678 3622 enim
1712 3568 2047 3621 solummodo
2077 3570 2367 3634 SttStinere,

2475 3221 2493 3254 ι
2531 3203 2767 3265 Εἰδότες,
2800 3201 2956 3272 φησὶ,
2989 3201 3155 3254 ὅτιτὸ
3190 3201 3433 3271 δοκίμιον
3471 3203 3622 3271 ὑμῶν
3660 3203 3757 3271 τῆς
3815 3205 4057 3267 πίστεως

2468 3295 2745 3366 ὑπομονὴν
2778 3292 3265 3363 κατεργάζεταιψ)
3312 3317 3330 3341 ν
3366 3290 3491 3345 Εἶτα
3510 3293 3568 3344 τὸ
3590 3295 3714 3362 περὶ
3736 3294 3831 3365 τὴν
3868 3298 4060 3351 πίστιν

2467 3387 2841 3456 ἀναμφίλογον
2872 3402 2932 3437 τε
2984 3385 3078 3437 καὶ
3111 3383 3367 3454 σταθερὸν
3429 3384 3781 3453 ὑποτίθησιν·
3826 3404 3845 3435 ε
3884 3386 4057 3456 ’Δνὴρ

2466 3477 2708 3547 δίψυχος,
2734 3478 2932 3547 λέγων,
2992 3477 3372 3540 ἀκατάστατος
3418 3476 3475 3530 ἐν
3530 3477 3732 3539 πάσαις
3761 3479 3880 3540 ταῖς
3908 3478 4056 3539 ὁδοῖς

2467 3588 2656 3627 αυτου.
2701 3592 2718 3622 ι

788 3672 881 3724 scd
915 3672 1077 3724 etiam
1108 3666 1344 3736 gaudere
1374 3663 2369 3733 ingruentibusjubettentationibus;
2411 3681 2513 3721 nec
2543 3668 2715 3722 solmn
2786 3671 3044 3738 gaudere,
3124 3671 3217 3725 scd
3275 3673 3325 3728 id
3375 3673 3538 3726 etiam
3588 3688 3746 3726 omne
3794 3673 4054 3742 gaudium

792 3764 1008 3816 ducere.
1048 3757 1230 3828 Neque
1264 3769 1388 3811 vero
1419 3754 1548 3809 dicit
1578 3754 1840 3823 quaslibet
1876 3755 2237 3820 tentationcs;
2270 3758 2363 3810 sed
2404 3772 2421 3806 ι
2461 3756 2686 3822 Quando
2731 3759 2782 3811 in
2856 3762 3034 3815 varias
3064 3760 3363 3815 incideritis
3403 3759 3777 3831 tentationes].
3821 3780 3840 3811 ι
3872 3759 4056 3814 Causa

790 3867 970 3908 autem
1017 3861 1101 3907 est

792 4050 845 4093 et
880 4036 1143 4092 instabilis
1179 4035 1229 4090 in
1263 4033 1511 4088 onmibus
1544 4033 1643 4088 viis
1689 4034 1823 4087 suis.
1858 4052 1876 4081 ιι

868 4133 953 4189 ιἰ.
1014 4133 1167 4200 Quod
1236 4142 1414 4185 autem
1481 4140 1662 4199 postea
1720 4129 1873 4195 dicit,
1926 4141 2182 4200 quantam
2248 4148 2371 4187 cum

794 4234 1080 4284 venustate
1133 4224 1295 4278 habet
1344 4222 1504 4277 etiam
1542 4219 1997 4289 profunditatem?
2049 4243 2066 4275 ι
2100 4223 2374 4280 Glorietur

795 4322 960 4381 enim,
993 4316 1187 4385 inquit,
1238 4316 1455 4369 humilis
1509 4315 1725 4382 quidem
1777 4316 1827 4369 iu
1879 4332 1976 4371 sua
2022 4317 2305 4371 altitudine
2356 4332 2371 4368 :

797 4410 947 4465 dives
975 4418 1153 4463 autem
1186 4406 1239 4459 in
1282 4421 1378 4459 sua
1412 4405 1734 4459 humilitate.
1784 4426 1803 4455 ι
1839 4405 1970 4458 Nam
2022 4423 2143 4460 cum
2175 4409 2373 4464 divitiae

1145 3867 1214 3904 ι(
1254 3848 1524 3912 Scientes,
1574 3846 1770 3913 inquit,
1819 3846 1962 3915 quod
2014 3848 2259 3916 probatio
2309 3848 2430 3905 ﬁdei
2469 3862 2658 3907 vestrm
2704 3854 3015 3918 patientiam
3067 3865 3340 3923 Operatur.
3407 3876 3425 3906 ι
3514 3854 3714 3909 Deinde
3755 3854 4058 3923 subiungit,

792 3949 842 3998 in
879 3947 981 3999 ﬂde
1034 3944 1231 3997 debere
1277 3957 1395 3995 esse
1434 3941 1759 4005 ﬁrmitatem,
1796 3951 1851 3997 et
1894 3944 2276 4009 constantiam,
2344 3956 2398 4001 et
2438 3947 2634 4003 nullam
2705 3950 3115 4015 dubitationem,
3154 3952 3339 4006 dicens

3382 3969 3394 4005 :
3432 3969 3450 4001 ε
3489 3949 3583 4004 Vir
3616 3949 3794 4003 animo
3828 3949 4055 4017 duplex.

2544 4131 2636 4199 ς’.
2684 4131 2749 4184 ⁸0
2783 4130 2839 4184 δὲ
2880 4131 3019 4199 μετά
3041 4130 3211 4185 ταῦτα
3243 4132 3411 4200 λέγει,
3436 4132 3602 4184 πόσον
3639 4131 3750 4199 ἔχει
3784 4130 3926 4200 μετὰ
3956 4133 4059 4203 χά-

2475 4244 2619 4297 ριτος
2644 4230 2738 4282 καὶ
2766 4226 2825 4279 τὸ
2850 4227 3049 4296 βάθος;
3081 4245 3099 4277 ι
3131 4226 3441 4294 Καυχάσθω
3470 4227 3596 4295 γάρ,
3626 4227 3798 4296 homo
3831 4229 3932 4296 μὲν
3962 4246 4062 4282 τα-

2473 4322 2655 4382 πεινὸς
2680 4322 2735 4370 ὲν
2759 4320 2836 4386 τῷ
2876 4317 3002 4385 ὕψει
3032 4318 3220 4382 αὐτοῦ,
3254 4319 3355 4371 ὀδὲ
3387 4319 3645 4381 πλούσιος
3675 4322 3735 4371 ἐν
3769 4323 3834 4390 τῇ
3859 4331 4060 4374 ταπειι

2475 4410 2871 4463 νὼσειαύτοῦ.»
2896 4409 3046 4462 Ἐπεὶ
3075 4412 3181 4479 γὰρ
3213 4414 3239 4464 ὁ
3264 4412 3360 4480 μὲν
3392 4412 3617 4473 πλοῦτος
3651 4414 3946 4481 ἐπαγωγὸν
3973 4419 4061 4479 εἰς

800 4502 1015 4570 quidem
1066 4499 1304 4554 alliciant
1350 4497 1414 4551 ad
1455 4497 1785 4567 superbiam,
1844 4509 2131 4567 paupertas
2193 4509 2361 4554 auten

2479 4500 2820 4567 ἀλαζονείαν,
2858 4504 2891 4574 ἡ
2943 4503 3105 4556 πενία
3155 4503 3212 4555 δὲ
3255 4503 3510 4555 ταπεινὸν
3535 4507 3626 4557 καὶ
3670 4506 4055 4577 μικρόψυχον·

802 4597 866 4648 ad
910 4593 1266 4649 humilitatem
1302 4601 1356 4644 et
1402 4590 1569 4643 animi
1621 4590 2013 4658 dejectionem;
2066 4594 2150 4646 ille
2185 4603 2371 4647 contra

797 4677 942 4756 jubet
1004 4683 1213 4746 facere,
1269 4680 1487 4735 divitem
1548 4680 1761 4750 quidem
1832 4697 1984 4736 suam
2042 4683 2373 4739 constituere

804 4778 1141 4833 aititudinem
1172 4776 1225 4828 in
1265 4776 1519 4827 modestis
1547 4776 1884 4839 actionibus;
1919 4792 2207 4844 pauperem
2248 4792 2374 4831 vero

804 4872 905 4923 hoc
926 4872 1097 4937 ipsum
1116 4865 1751 4935 exisrimarejdignitatem
1782 4882 1883 4919 non
1905 4870 2373 4933 contemnendam,

794 4967 841 5017 si
882 4976 1075 5030 magno
1104 4971 1155 5014 et
1190 4959 1405 5013 eaeelso
1454 4958 1632 5011 animo
1683 4958 1821 5011 ferat
1867 4972 2259 5029 paupertatem.
2297 4962 2371 5015 Ita

796 5059 1172 5120 paupertatem
1199 5058 1253 5101 et
1279 5049 1513 5112 divitias,
1546 5062 1665 5116 qua!
1718 5059 1841 5101 sunt
1877 5064 2017 5117 saepe
2054 5052 2230 5105 multis
2262 5068 2375 5104 ma-

794 5144 940 5196 teria
971 5143 1036 5197 ad
1068 5141 1421 5209 peccandum,
1448 5140 1727 5193 materiam
1760 5140 1917 5194 ellicit
1948 5144 2009 5194 ad
2034 5141 2122 5194 Dei
2150 5145 2370 5197 cultum.

798 5234 1005 5289 Deinde
1043 5247 1228 5286 rursus
1273 5246 1393 5284 cum
1446 5230 1630 5294 sciret,
1678 5232 1831 5298 cujus
1878 5234 2084 5301 gloriae,
2122 5248 2173 5287 et
2209 5252 2369 5304 quam

797 5325 1094 5379 multorum
1136 5325 1394 5377 bonorum
1444 5324 1550 5375 sint
1607 5324 1931 5379 tentationcs
1979 5329 2373 5381 cont-iliatrices

797 5413 865 5467 iis
915 5416 1004 5482 qui
1038 5431 1093 5469 se
1126 5413 1335 5467 fortiter
1368 5422 1582 5481 gerunt,
1624 5425 1872 5481 repetens
1908 5415 2034 5467 dicit
2066 5435 2077 5470 :
2178 5416 2370 5471 Beatus

879 5534 894 5562 ⁸
928 5532 1043 5586 Jac.
1079 5547 1119 5595 ι,
1163 5531 1183 5581 1
1250 5544 1403 5598 seqq.
1508 5530 1526 5559 ⁸
1560 5527 1736 5581 Galat.
1769 5543 1807 5593 ι,
1850 5529 1932 5582 ll).

2477 4594 2683 4656 ἐκεῖνος
2707 4595 3015 4647 τούναντίον
3039 4593 3251 4647 κελεύει
3280 4599 3448 4647 ποιεῖν
3504 4595 3634 4662 ὕψος
3659 4598 3854 4651 ἑαυτοῦ
3881 4602 4055 4653 ποιεῖ-

2476 4685 2600 4737 σθαι
2634 4685 2695 4736 τὸ
2725 4686 3061 4753 μετριάζειν,
3090 4685 3179 4737 τὸν
3204 4689 3410 4755 πένητα
3439 4687 3496 4740 δὲ
3532 4689 3663 4740 αὐτὸ
3696 4690 3856 4741 τοῦτο
3887 4692 4054 4757 ἀξίω-

2480 4793 2556 4845 μα
2592 4775 2833 4843 νομίζειν
2858 4777 2916 4828 οὐ
2947 4777 3004 4829 τὸ
3035 4777 3217 4845 τυχὸν,
3274 4780 3330 4829 τὸ
3367 4779 3466 4845 τὴν
3502 4778 3693 4830 πενίαν
3730 4780 3920 4848 φέρειν
3952 4800 4056 4849 με-

2478 4867 2801 4938 γαλοψύχως
2820 4885 2833 4899 ι
2869 4868 3011 4921 οὕτω
3037 4870 3130 4920 καὶ
3161 4869 3352 4920 πενίαν
3380 4871 3472 4922 καὶ
3505 4870 3753 4933 πλοῦτον,
3776 4874 3903 4925 ὄντα
3934 4878 4054 4935 τοῖς

2481 4960 2693 5021 πολλοῖς
2728 4961 2986 5021 πολλάκις
3030 4964 3108 5023 εἰς
3138 4961 3414 5037 ἁμαρτίαν
3439 5004 3452 5027 ,
3500 4963 3631 5031 ὓλην
3672 4966 3750 5021 είς
3781 4965 3916 5015 Θεοῦ
3957 4966 4055 5017 θε-

2479 5052 2711 5119 ραπείαν
2738 5051 2916 5117 τίθησι
2955 5052 3046 5103 καὶ
3070 5053 3374 5123 ἀμφότερα.
3416 5055 3644 5106 Ἔπειτα
3677 5056 3841 5108 πάλιν
3889 5056 4054 5116 εἰδὼς

2477 5145 2589 5207 οἵας
2604 5145 2780 5212 δόξης,
2800 5145 2939 5197 ὅσων
2965 5147 3182 5212 ἀγαθῶν
3210 5148 3454 5216 πρόξενοι
3474 5150 3583 5210 τοῖς
3608 5149 3967 5217 καρτεροῦσιν
4000 5150 4053 5199 οἱ

2478 5234 2794 5304 πειρασμοὶ,
2822 5234 3314 5304 ἑπαναλαμὸάνων,
3348 5257 3365 5286 ι
3391 5238 3700 5305 Μακάριος,
3731 5239 3919 5306 φησὶν,
3946 5237 4057 5287 ἇν-

2475 5324 2692 5394 θρωπος
2721 5324 2778 5387 ὃς
2809 5326 3068 5393 ὑπομένει
3102 5328 3422 5395 πειρασμὸν,
3460 5329 3539 5379 ὅτι
3564 5328 3784 5397 δόκιμος
3815 5326 4056 5394 γενόμε-

2474 5434 2582 5480 νος,
2613 5418 2840 5487 λήψεται
2871 5418 2960 5470 τὸν
2994 5419 3255 5486 στέφανον
3290 5421 3387 5488 τῆς
3420 5420 3562 5487 ζωῆς
3587 5436 3600 5449 ·
3643 5438 3661 5471 ι
3699 5421 3777 5488 τῷ
3805 5434 4055 5489 μακαρι-

880 5648 953 5715 (5)
988 5644 1117 5711 Qua:
1160 5646 1247 5698 hic
1278 5653 1595 5711 sequuntur,
1623 5645 1771 5697 uncis
1806 5644 2034 5705 inclusa,
2068 5643 2265 5697 desunt
2312 5647 2363 5697 in
2400 5654 2581 5698 nostro
2612 5660 2712 5697 ms.
2740 5645 2945 5700 Graeco.

874 5766 943 5833 (bi
972 5764 1130 5831 Plura
1158 5765 1435 5835 aliquanto
1472 5763 1733 5817 habentur
1764 5765 1815 5818 in
1852 5781 1952 5821 ms.
1989 5764 2212 5830 Veneto,
2246 5779 2365 5835 quae
2407 5765 2524 5821 vide
2553 5766 2602 5818 iu
2634 5768 2879 5821 versione
2904 5764 3116 5829 Latina,
3148 5766 3163 5836 [
3212 5767 3221 5835 Ι
3256 5766 3406 5818 uncis
3434 5757 3662 5818 inclusa.
