4196 6306
113 377 216 440 205

1071 383 1244 443 VlTA
1293 385 1349 441 S.
1395 384 1650 442 JACOBI
1700 388 2031 445 FRA'I‘RIS
2072 389 2375 451 DOMINI.

3244 403 3351 466 206

112 488 357 557 σμῶκαὶ
413 495 479 561 τῇ
535 492 645 543 τῶν
701 493 979 559 στεφάνων
1036 493 1649 561 ἐλπίδιεὺπαραδέκτου

1799 498 1956 550 homo
1982 503 2066 567 qui
2096 505 2319 554 snstinct
2356 501 2698 558 Ientationem
2726 521 2739 558 :
2772 511 3023 576 quoniam
3057 528 3176 566 cum
3206 514 3369 572 fuerit

108 584 230 642 τοὺς
266 585 615 652 πειρασμοὺς
649 586 761 646 τοῖς
790 584 1099 652 φιλαρέτοις
1138 579 1277 635 εἶναι
1331 586 1685 651 παρασκευά-

108 673 233 736 ζων,
278 673 481 741 μικροῦ
508 673 686 725 δὲ’καὶ
709 674 779 733 ὡς
810 674 1041 743 ἕρμαιον
1071 675 1249 737 αὐτοῖς
1287 676 1562 744 ἡγεῖσθαι,
1592 678 1684 729 καὶ

108 764 222 831 μεθ’
250 764 449 834 ἡδονῆς
477 766 852 834 ὑποδέχεσθαι.

169 945 244 999 ε’.
287 947 365 997 Οὐ
400 948 511 1016 μὴν
535 947 591 999 δὲ
618 947 676 1000 τὸ
693 947 800 999 τῶν
827 948 1038 1000 πολλῶν
1062 950 1189 1016 νόση
1202 965 1297 1016 μα,
1329 949 1378 1001 οἳ
1414 952 1508 1003 καὶ
1534 950 1679 1012 ὅπως

105 1038 237 1098 ιδίας
300 1038 649 1101 ἐκδικοῦντες
712 1041 1030 1109 ἐπιθυμίας,
1093 1042 1157 1093 ὲκ
1199 1040 1414 1106 φύσεως
1446 1038 1677 1095 εἶναιτὸ

101 1130 442 1196 ἁμαρτάνειν
493 1130 737 1197 λέγουσι,
774 1134 865 1183 καὶ
900 1132 1020 1183 οὐδὲ
1078 1132 1168 1183 τὸν
1200 1132 1328 1183 Θεὸν
1352 1130 1541 1186 αἴτιον·
1572 1137 1679 1187 τῶν

100 1221 287 1272 κακῶν
332 1222 553 1275 ὀκνοῦσι
598 1224 862 1291 νομίζειν,
916 1224 1212 1276 κατέλιπεν
1262 1226 1635 1295 ἀθεράπευτον
1662 1244 1675 1259 ο

100 1313 212 1365 ἀλλ’
270 1314 467 1385 ὥσπερ
529 1334 613 1377 τις
669 1316 1118 1386 ἀριστοςίατρδς,
1178 1320 1288 1380 τοῖς
1324 1319 1679 1386 φυλακτικοῖς

100 1404 380 1471 χρώμενος
406 1405 739 1473 βοηθήμασι,
767 1406 899 1473 πρὸς
925 1407 1022 1477 τὴν
1041 1409 1194 1461 νόσον
1216 1409 1428 1462 ἵσταται
1451 1409 1676 1480 ταύτην,

107 1512 121 1541 t
141 1494 373 1558 Μηδεὶς,
402 1494 598 1560 λέγων,
627 1495 1017 1566 πειραζόμενος
1036 1499 1258 1564 λεγέτω,
1278 1500 1360 1551 ὅτι
1388 1500 1521 1553 Ἀπὸ
1542 1501 1677 1555 Θεοῦ

100 1585 474 1653 πειράζομαι·
512 1589 540 1639 ὁ
594 1589 702 1657 γὰρ
754 1590 887 1652 Θεὸς
932 1591 1262 1659 ἀπείραστός
1318 1592 1433 1643 ἐστι
1464 1594 1671 1657 κακῶν,

99 1679 352 1748 πειράζει
408 1679 465 1731 δὲ
516 1681 679 1743 αὐτὸς
728 1682 938 1744 οὐδένα,
999 1682 1229 1746 ἕκαστος
1262 1685 1317 1737 δὲ
1351 1686 1673 1753 πειράζεται

95 1769 192 1820 ὑπὸ
228 1772 331 1837 τῆς
383 1770 524 1833 ίδὶας
564 1772 864 1841 ἐπιθυμίας
925 1774 1277 1843 ἐξελκόμενος
1306 1778 1397 1828 καὶ
1424 1778 1671 1843 δελεαζό-

1795 592 2071 653 prubatns,
2124 594 2351 662 accipiet
2399 612 2652 652 coronam
2701 599 2855 664 vitae;
2898 619 2914 651 ι
2954 603 3284 663 beatitudine
3313 622 3370 664 et

1793 694 1885 745 spe
1916 696 2237 737 coronarum
2269 686 2527 750 etliuiens,
2559 700 2612 742 ut
2648 690 2756 744 sint
2786 692 2917 745 viris
2952 693 3105 748 bonis
3132 711 3370 767 saeptas

1792 773 2139 839 tentationes,
2169 789 2221 831 et
2256 794 2347 832 eas
2390 783 2772 848 propemodum
2833 793 3091 855 tanquam
3147 790 3357 847 lucrum

1790 864 2119 931 existiment,
2148 879 2198 921 et
2227 886 2347 923 cum
2382 873 2651 939 voluptate
2678 878 2969 946 excipiant.

1869 954 1977 1010 Vll.
2021 957 2201 1026 Neque
2254 964 2541 1017 multorum
2579 967 2844 1031 morbum,
2878 970 2968 1038 qui
3021 987 3146 1026 suas
3178 974 3361 1030 ἀείραο

1790 1045 1977 1100 dentes
2012 1052 2359 1119 cupiditates,
2395 1068 2675 1124 peccatum
2716 1058 2907 1113 dicunt
2936 1077 3056 1116 esse
3090 1081 3118 1116 a
3151 1076 3359 1135 naturaI

1789 1147 1844 1190 et
1878 1154 2048 1208 neque
2099 1154 2350 1199 verentur
2393 1149 2705 1203 existimare
2760 1151 2925 1205 Deum
2978 1169 3097 1208 esse
3148 1173 3366 1213 causam

1788 1230 2065 1295 malorum,
2099 1236 2315 1306 reliquit
2347 1239 2643 1295 incuratum
2675 1260 2687 1294 :
2717 1242 2808 1296 sed
2840 1253 3091 1313 tanquam
3126 1250 3366 1302 medicus

1784 1326 2259 1391 prmstantissitmts
2296 1332 2513 1388 auxiliis
2570 1337 2970 1400 praeservativis
3031 1349 3207 1402 utens,
3237 1341 3364 1397 huic

1786 1417 1976 1471 morbo
2005 1421 2221 1487 resistit,
2250 1422 2469 1479 dicens:
2502 1445 2520 1478 ί
2547 1427 2712 1483 Nemo
2735 1432 2823 1497 qui
2848 1440 3103 1498 tentatur,
3128 1435 3263 1488 dicat
3289 1457 3300 1490 :
3322 1437 3361 1489 Λ

1782 1508 1890 1565 Deo
1919 1520 2111 1565 lentor.
2138 1515 2273 1569 Deus
2296 1520 2435 1570 enim
2461 1534 2563 1573 non
2595 1522 2670 1587 (ὁ)
2703 1530 2942 1578 tentatur
2973 1541 3000 1578 a
3040 1528 3227 1591 malis;
3251 1532 3365 1598 ipse

1780 1604 1955 1647 autem
2000 1606 2174 1653 tentat
2198 1605 2466 1658 neminem
2506 1624 2518 1659 :
2553 1613 2900 1680 unusquiqne
2931 1628 3054 1666 vero
3078 1626 3360 1671 tentatura

1779 1687 1995 1752 propria
2020 1695 2457 1759 concupiscentia
2482 1707 2743 1753 attractus
2761 1714 2810 1754 et
2839 1703 3127 1760 inescatus.
3162 1706 3364 1763 Deinde

1781 1780 2220 1849 concupiscentia
2254 1800 2373 1837 cum
2406 1793 2673 1860 concepit,
2706 1797 2846 1861 parit
2875 1809 3154 1864 peccatum
3188 1817 3202 1852 :
3233 1817 3364 1869 pec-

94 1880 273 1930 μενος·
302 1859 423 1916 εἶτα
450 1866 480 1933 ἡ
510 1866 777 1933 ἐπιθυμία
808 1867 1154 1921 συλλαϐοῦσα
1181 1870 1353 1921 τίκτει
1376 1872 1652 1940 ἁμαρτίαν

1781 1880 1957 1920 catum
2003 1882 2179 1925 autem
2237 1873 2555 1942 perfectum,
2605 1885 2746 1949 parit
2800 1899 3047 1938 mortem.
3092 1907 3111 1939 ι
3152 1889 3241 1944 Sic
3279 1893 3361 1945 vir

91 1960 118 2023 ἡ
148 1954 203 2006 δὲ
240 1957 488 2024 ἁμαρτία
518 1958 939 2009 ἀποτελεσθεῖσα
964 1960 1194 2011 ἀποκύει
1228 1960 1474 2012 θάνατον.
1517 1979 1535 2010 ι
1567 1961 1667 2012 Οὖ-

94 2064 198 2108 τως
215 2050 245 2101 ὁ
270 2048 482 2110 δίκαιος
517 2049 739 2107 δικαίως
777 2048 980 2115 μεταξῦ
1005 2049 1309 2119 ἀνθρώπων
1335 2053 1548 2107 ἐδίκασε
1575 2056 1668 2107 καὶ

88 2138 241 2201 Θεοῦ,
270 2139 469 2208 ἐκείνῳ
507 2139 608 2207 μὲν
635 2140 694 2191 τὸ
733 2140 970 2194 ἀναίτιον
998 2142 1105 2200 τῶν
1165 2144 1351 2195 κακῶν
1386 2150 1669 2217 μαρτυρή-

88 2248 180 2292 σας
232 2230 330 2282 καὶ
378 2232 595 2300 σιωπᾷν
655 2232 848 2295 πείσας
871 2234 1121 2301 γλώσσας
1155 2238 1664 2310 μεγαλορῤήμονας,

85 2320 192 2378 τοῖς
247 2320 563 2392 ἀνθρώποις
593 2324 650 2377 δὲ
702 2326 1086 2396 ἐπιγνώμονας
1135 2332 1231 2398 τῆς
1267 2331 1477 2385 ἑαυτῶν
1505 2334 1665 2386 ἀσθε-

85 2412 227 2476 νείας
260 2416 358 2466 καὶ
386 2416 495 2467 τῶν
529 2417 939 2487 ἁμαρτημάτων
972 2418 1110 2471 εἶναι
1148 2422 1397 2489 ποιήσας,
1425 2423 1662 2492 εὐλόγως

84 2524 138 2557 τε
174 2511 642 2578 παρασκευάσας,
680 2511 890 2570 ἑαυτοῖς
923 2509 1123 2578 μᾶλλον
1155 2514 1247 2563 καὶ
1275 2514 1334 2564 οὐ
1360 2514 1477 2583 Θεῷ
1505 2516 1571 2566 τὲ
1597 2518 1661 2569 ἐκ

84 2603 325 2667 πονηρᾶς
364 2600 659 2668 συνηθείας
686 2601 777 2652 καὶ
830 2601 1103 2672 ῥᾳθυμίας
1132 2604 1461 2674 ἐπιγράφειν
1494 2606 1662 2675 σφάλ-

85 2708 249 2756 ματα,
294 2692 392 2743 καὶ
452 2690 597 2744 οὕτω
644 2693 704 2745 τὸ
762 2699 1211 2766 ταπεινοφρονεῖν
1252 2700 1545 2767 μανθάνειν
1568 2702 1661 2753 καὶ

83 2784 419 2854 συγγνώμην
444 2787 638 2839 αἰτεῖν.

147 2875 227 2929 H'.
279 2875 526 2928 Ἐκεῖθεν
550 2878 639 2930 ὅτε
663 2878 752 2930 τὸν
778 2878 988 2932 δίκαιον
1013 2879 1191 2948 copti);
1218 2880 1544 2951 ἀναιροῦντα
1568 2869 1657 2934 τδν

82 2968 347 3037 ἱκόμενον
386 2972 480 3021 ἐπὶ
507 2973 571 3039 τῇ
614 2972 953 3040 κατορθώσει
987 2973 1082 3024 τοῦ
1110 2974 1320 3041 ἀγαθοῦ
1350 2976 1541 3043 τῦφον,
1566 2976 1658 3029 καὶ

81 3061 336 3112 πείθοντα
397 3060 472 3128 τῷ
521 3061 647 3132 ’Θεῷ
701 3063 903 3131 μᾶλλον
942 3066 973 3134 ἢ
1011 3065 1222 3127 ἑαυτοῖς
1258 3068 1568 3133 λογίζεσθαι
1597 3068 1657 3120 τὸ

80 3151 422 3221 κατορθωθέν
445 3168 457 3181 ·
488 3171 506 3204 t
535 3155 627 3225 Μὴ
650 3155 923 3210 πλανᾶσθε
951 3157 1080 3227 γὰρ,
1104 3158 1293 3227 φησὶν,
1311 3159 1525 3227 ἀδελφοί
1552 3178 1651 3229 μου

77 3241 374 3311 ἀγαπητοὶ,
415 3248 567 3298 πᾶσα
600 3248 748 3311 δόσις
798 3249 976 3318 ἀγαθὴ
1026 3251 1119 3303 καὶ
1148 3255 1257 3304 πᾶν
1288 3251 1519 3322 δώρημα
1561 3252 1652 3304 τέ-

76 3331 213 3385 λειον
249 3336 467 3389 ἄνωθέν
514 3340 631 3389 ἐστι
661 3343 990 3393 καταϐαῖνον
1020 3344 1125 3395 ἀπὸ
1155 3344 1247 3395 τοῦ
1301 3346 1509 3413 Harpe;
1543 3344 1650 3397 τῶν

76 3425 287 3491 φώτων,
327 3429 461 3497 παρ’
486 3422 533 3495 ᾧ
570 3430 671 3481 οὐκ
710 3430 825 3482 ἔστι
854 3432 1176 3504 παραλλαγὴ
1204 3434 1236 3503 ἢ
1281 3438 1485 3505 τροπῆς
1512 3439 1648 3488 ἁποο

79 3521 319 3585 σκίασμα
347 3535 364 3552 ο
396 3519 683 3588 βουληθεὶς
711 3522 1025 3593 ἀπεκύησεν
1052 3526 1200 3594 ἡμᾶς
1230 3527 1370 3595 λόγῳ
1394 3527 1649 3597 ἀληθείας

72 3614 147 3669 εἰς
171 3612 229 3663 τὸ
253 3606 399 3663 εἶναι
438 3614 583 3681 ἡμᾶς
611 3615 865 3688 ἀπαρχήν
894 3636 1017 3671 τινα
1067 3621 1176 3672 τῶν
1222 3622 1389 3674 αὐτοῦ
1414 3623 1649 3692 κτισμά-

71 3718 225 3755 των.»
254 3703 449 3756 Ταῦτα
491 3709 585 3759 καὶ
609 3716 952 3779 φρονήματος
982 3712 1238 3764 ἀποκενοῖ
1265 3711 1452 3780 τῦφον,
1470 3716 1560 3769 καὶ
1589 3715 1649 3767 τὸ

70 3795 214 3848 Θεῐον
245 3814 320 3849 πα
331 3800 585 3866 ρεκτικὸν
603 3801 721 3870 ἅμα
746 3802 838 3855 τοῦ
862 3803 1067 3871 ἀγαθοῦ
1093 3806 1187 3857 καὶ
1212 3807 1478 3874 ἄτρεπτον
1508 3804 1649 3862 εἷναι

72 3887 161 3937 καὶ
181 3888 550 3942 ἀναλλοίωτον
578 3890 838 3955 δείκνυσι,
870 3893 966 3946 καὶ
983 3894 1130 3956 ὅπως
1156 3894 1480 3967 ἐξαίρετυνῆ
1510 3898 1647 3967 πρὶς

70 3979 136 4030 τά
168 3980 304 4033 ἄλλα
339 3988 619 4052 κτίσματα
667 3987 795 4055 περὶ
828 3988 918 4038 τὸν
959 3986 1248 4057 ἄνθρωπον
1280 3992 1533 4057 φαίνεται
1585 3992 1647 4043 τὸ

72 4076 430 4147 κηδεμονικὸν
462 4081 606 4151 ἕχον.

136 4171 207 4226 9'.
240 4174 404 4227 Μετά
452 4174 627 4226 ταῦτα
660 4178 756 4229 καὶ
782 4177 1133 4249 ἡθικωτέρων
1176 4180 1409 4237 ἅπτεται
1445 4202 1642 4255 παραιο

68 4262 285 4330 νὲσεων,
319 4282 340 4316 ι
362 4265 570 4332 Ἔστω,
592 4266 787 4336 λέγων,
834 4271 941 4331 πᾶς
973 4271 1257 4344 ἄνθρωπος
1283 4278 1452 4345 ταχὺς
1478 4278 1557 4341 είς
1583 4277 1645 4331 τὸ

66 4353 321 4419 ἀκοῦσαι,
351 4356 555 4428 βραδὺς
579 4357 658 4423 είς
680 4362 739 4414 τὸ
768 4363 1018 4432 λαλῆσαι,
1062 4367 1263 4436 βραδὺς
1290 4372 1369 4431 εἰς
1397 4372 1589 4439 ὀργήν.
1619 4392 1637 4423 ι

70 4448 130 4498 Εἰ
165 4451 272 4518 γὰρ
304 4450 369 4501 τὸ
398 4451 583 4517 λέγειν
613 4454 821 4525 ταχέως
849 4457 1097 4526 φυλακῆς
1136 4456 1307 4525 ἄξιον,
1340 4462 1401 4513 τὸ
1432 4466 1641 4533 ταχέως

64 4540 383 4611 ὀργίζεσθαι
450 4547 623 4618 πόσης
679 4549 879 4618 μᾶλλον
931 4551 1099 4604 δεῖται
1152 4553 1251 4624 τῆς
1295 4557 1641 4625 ἁσιραλείαςς

70 4636 205 4707 Ὅρα
234 4640 295 4691 δὲ
348 4636 449 4691 καὶ
494 4641 589 4691 τοῦ
644 4644 785 4693 κατά
816 4642 1076 4712 ἀλήθειαν
1109 4647 1465 4716 Χριστιανοῦ,
1494 4651 1639 4716 οἴους

65 4726 197 4785 εἶναι
222 4734 376 4801 λέγει
400 4734 527 4795 τοὺς
561 4736 934 4805 χαρακτῆρας.
967 4758 987 4792 ι
1019 4740 1295 4810 Θρησκεία
1313 4744 1527 4815 καθαρά
1547 4748 1639 4799 καὶ

63 4828 320 4893 ἀμίαντος
372 4829 454 4901 τῷ
494 4830 612 4902 Θεῴ
646 4832 739 4885 καὶ
787 4837 958 4906 Ila-cpi
994 4835 1133 4906 αὕτη
1177 4839 1325 4890 ἐστίν
1365 4857 1379 4873 ο
1414 4841 1638 4894 ἐπισκέ-

61 4920 288 4992 πτεσθαι
332 4923 612 4990 ὀρφανοὺς
646 4927 738 4980 καὶ
795 4928 971 4997 χήρας
1006 4932 1064 4983 ὲν
1116 4934 1181 5002 τῇ
1224 4932 1398 5001 θλίψει
1430 4936 1634 4998 αὐτῶν,

56 5013 284 5068 ἄσπιλον
301 5016 502 5071 ἑαυτὸν
531 5024 718 5090 τηρεῖν
741 5023 847 5075 ἀπὸ
875 5024 969 5077 τοῦ
990 5025 1216 5094 κόσμου.
1252 5045 1271 5080 ι
1298 5029 1524 5099 Ἐπίσης
1544 5048 1633 5082 κε-

54 5106 196 5160 λεύει
230 5113 328 5167 καὶ
352 5110 448 5164 τοῦ
478 5113 684 5181 κόσμου
732 5118 1083 5185 ἀφίστασθαι,
1137 5121 1233 5172 καὶ
1288 5118 1364 5192 τῷ
1405 5125 1633 5194 πλησίον

57 5205 449 5269 προστίθεσθαι
477 5222 492 5237 ο
542 5208 663 5268 ταῖς
690 5208 814 5276 γὰρ
876 5211 1181 5281 ἀληθείαις,
1244 5216 1357 5266 τότε
1392 5217 1632 5284 γνησίως

51 5295 167 5357 τοῖς
198 5296 455 5367 ἀδελφοῖς
507 5302 967 5372 συμπαθήσομεν,
1023 5306 1112 5358 ὅτε
1168 5307 1269 5376 τῆς
1297 5309 1393 5359 τοῦ
1422 5310 1626 5377 κόσμου

52 5390 437 5454 προσπαϐείας
487 5393 705 5456 ἑαυτοῖς
756 5396 1165 5468 ἀπορῤήξομεν.
1201 5399 1291 5470 Τῷ
1330 5403 1385 5455 δὲ
1428 5405 1623 5467 εἰπεῖν,

56 5498 79 5530 ς
114 5482 204 5553 Μὴ
238 5484 294 5533 ὲν
321 5486 812 5557 προσωποληψίαις
844 5490 1018 5558 ἔχετε,
1050 5494 1289 5562 ἀδελφοὶ,
1323 5499 1419 5567 τὴν
1440 5502 1627 5553 πίστιν

45 5578 145 5630 τοῦ
169 5580 371 5651 Κυρίου
402 5584 562 5651 ἡμῶν
578 5582 755 5652 Ἰησοῦ
785 5584 1021 5656 Χριστοῦ
1039 5589 1132 5655 τῆς
1166 5590 1345 5660 δόξης,
1377 5615 1394 5645 ι
1417 5597 1474 5650 τὸ
1502 5600 1626 5651 κατ’

146 5698 162 5727 ⁸
196 5698 303 5754 Jac.
336 5717 393 5767 tt,
447 5702 467 5756 l
508 5718 665 5774 seqq.

1770 1958 2122 2028 justus‘justc
2147 1964 2413 2035 judicavit
2470 1972 2613 2024 inter
2646 1974 2893 2029 homines
2928 1988 2980 2030 et
3014 1979 3177 2033 Deum
3233 2000 3246 2036 :
3282 1983 3356 2039 illi

1772 2050 1986 2115 quidem
2041 2068 2138 2105 suo
2187 2058 2495 2111 testimonio
2543 2060 2802 2129 tribuens,
2854 2066 2994 2131 quod
3053 2084 3154 2120 non
3213 2081 3360 2126 esset

1771 2147 1957 2190 auctor
2015 2141 2314 2208 malorum,
2363 2157 2417 2197 ct
2480 2149 2676 2217 linguis
2749 2154 3061 2221 loquacibus
3133 2173 3357 2225 persua-

1771 2231 1936 2295 dens,
1978 2241 2034 2283 ut
2089 2241 2365 2301 tacerent;
2417 2237 2651 2296 eiliciens
2708 2255 2925 2313 autem,
2992 2257 3051 2302 ut
3104 2248 3353 2307 homines

1768 2335 1919 2375 suam
1971 2336 2328 2391 agnoscerent
2379 2330 2803 2389 imbecillitatem
2860 2347 2912 2391 et
2966 2356 3060 2394 sua
3088 2352 3347 2411 peccata;

1768 2421 1821 2466 et
1852 2421 1907 2466 ut
1942 2417 2067 2480 sibi,
2098 2429 2149 2471 et
2178 2435 2280 2473 non
2314 2421 2444 2487 Deo,
2490 2427 2825 2481 ascriberent
2864 2431 3078 2497 delicta,
3113 2450 3232 2503 quae,
3283 2452 3351 2491 ex

1770 2507 1906 2558 mala
1975 2514 2367 2566 Consuelttditte
2442 2518 2767 2582 proveniunt.
2829 2533 2884 2577 et
2940 2526 3233 2592 socordia,
3293 2537 3352 2583 et

1766 2597 1843 2648 sic
1871 2597 2146 2654 discerent
2175 2617 2234 2656 se
2263 2604 2544 2661 humiliter
2572 2625 2783 2679 gerere,
2819 2625 2871 2667 et
2903 2628 3082 2683 petere
3110 2622 3344 2674 veniam.

1837 2862 1968 2915 \'lll.
2000 2863 2270 2920 Praeterea
2299 2869 2733 2937 vidcbisjnstum
2767 2876 3041 2944 sapienter
3072 2885 3343 2950 perimen-

1763 2959 1868 3005 tem
1900 2956 2262 3024 arrogantiam
2291 2968 2343 3012 et
2372 2964 2700 3027 superbiam,
2728 2981 2845 3031 qua:
2870 2973 3110 3035 sequitur
3140 2974 3337 3028 bonum

1763 3055 1907 3099 recte
1942 3058 2171 3117 gestum,
2218 3058 2271 3104 et
2324 3053 2739 3119 persuadentem
2783 3055 2892 3110 Deo
2945 3060 3122 3125 potius
3178 3079 3338 3133 quam

1760 3139 1861 3190 sibi
1913 3141 2047 3207 ipsis
2080 3143 2377 3207 ascribere,
2417 3147 2556 3211 quod
2600 3146 2752 3202 tuerit
2784 3160 2928 3203 recte
2956 3149 3181 3208 factum.
3219 3174 3237 3208 ι
3262 3154 3342 3212 Ne

1758 3231 1950 3282 erretis
2006 3232 2188 3299 igitur,
2238 3234 2431 3301 inquit,
2472 3238 2669 3292 fratres
2725 3241 2829 3293 mei
2898 3244 3133 3299 dilecti:
3178 3262 3340 3304 omne

1753 3317 1958 3373 donum
2014 3318 2217 3375 bonum
2249 3363 2263 3387 ,
2292 3334 2347 3377 et
2400 3340 2562 3381 omne
2600 3329 2785 3383 datum
2846 3334 3138 3400 perfectum
3171 3376 3187 3402 ,
3242 3340 3337 3397 de-

1753 3424 1917 3478 super
1982 3414 2257 3468 descendit
2318 3432 2345 3470 a
2400 3417 2559 3474 Patre
2622 3422 2935 3491 luminum,
2981 3429 3118 3496 apud
3172 3446 3331 3499 quem

1752 3517 1855 3555 non
1902 3514 1986 3558 est
2047 3509 2375 3570 vicissitudo,
2408 3527 2507 3564 nec
2554 3516 2865 3571 mutationis
2916 3519 3257 3576 obumbratio
3314 3539 3329 3576 :

1752 3596 1937 3650 volens
1963 3598 2101 3653 enim
2133 3602 2313 3670 genuit
2345 3619 2440 3657 nos
2470 3606 2628 3660 verbo
2653 3608 2915 3676 veritatis,
2950 3621 3007 3663 ut
3040 3615 3210 3669 simus
3236 3633 3333 3672 nos

1752 3692 2005 3757 primitiae
2067 3696 2312 3763 quaedam
2388 3697 2504 3764 ejus
2565 3712 2960 3761 creaturarum.
3022 3725 3040 3757 ι
3102 3707 3224 3764 Haec.
3275 3721 3331 3765 et

1750 3781 2067 3835 exinaniunt
2127 3789 2513 3855 arrogantiam,
2548 3796 2604 3843 et
2652 3795 2943 3848 ostendunt
2989 3796 3155 3851 Deum
3204 3816 3328 3855 esse

1750 3872 1988 3925 datorem
2052 3875 2336 3941 bonorum,
2395 3885 2449 3933 et
2505 3895 2625 3936 esse
2658 3882 3065 3953 immutabilem,
3120 3905 3217 3944 nec
3273 3892 3327 3947 in

1749 3975 1870 4014 eum
1916 3964 2107 4015 cadere
2134 3964 2505 4019 alterationem
2540 3986 2554 4022 :
2600 3974 2850 4041 quodque
2890 3976 2935 4027 is
2958 3986 3040 4030 est
3072 3979 3323 4047 eximius.

1749 4052 1793 4104 si
1839 4052 2153 4109 conferatur
2192 4071 2317 4110 cum
2360 4058 2530 4115 rebus
2560 4062 2791 4126 creatis,
2815 4072 2871 4118 et
2913 4068 3203 4126 maximam
3235 4074 3323 4128 vi-

1749 4145 1904 4199 detur
1954 4160 2143 4211 gerere
2192 4162 2376 4201 curam
2430 4151 2662 4207 hominis

1819 4233 1908 4288 IX.
1963 4235 2092 4291 Post
2139 4240 2252 4292 haec
2303 4243 2513 4295 accedit
2545 4247 2608 4297 ad
2642 4246 3059 4314 admonitiones,
3092 4267 3213 4321 qua:
3247 4257 3317 4313 ad

1746 4339 1923 4380 mores
1964 4329 2132 4399 magis
2173 4330 2492 4400 pertinent:
2525 4352 2543 4385 ι
2587 4334 2689 4401 Sit,
2719 4336 2927 4406 dicens,
2956 4344 3136 4401 omnis
3159 4346 3320 4404 homo

1744 4416 1899 4470 velox
1939 4420 2003 4475 ad
2050 4421 2398 4486 audiendum,
2432 4426 2619 4481 tardus
2645 4428 2709 4483 ad
2737 4430 3094 4499 loquendum,
3132 4448 3185 4491 et
3212 4447 3319 4493 tar-

1677 4536 1718 4592 D
1748 4508 1851 4561 dus
1881 4509 1945 4562 ad
1982 4512 2138 4564 iram.
2178 4531 2195 4563 ι
2240 4511 2295 4566 Si
2336 4517 2478 4567 enim
2514 4518 2664 4571 telox
2694 4536 2876 4575 sermo
2909 4535 2992 4576 est
3022 4532 3314 4600 cavendus,

1746 4607 1951 4665 quanto
1980 4600 2150 4668 magis
2181 4602 2483 4659 adhibenda
2518 4617 2599 4661 cst
2638 4611 2839 4675 cautio,
2872 4629 2939 4669 ne
2965 4616 3074 4670 cito
3114 4619 3315 4676 irasca-

1743 4688 1858 4742 ris?
1891 4689 2018 4744 Vide
2046 4704 2246 4759 autem,
2278 4698 2549 4764 quomodo
2595 4701 2822 4773 ﬁguram
2880 4709 2991 4761 veri
3053 4713 3314 4781 exprimit

1740 4780 2059 4835 Christiani.
2093 4803 2111 4834 ι
2152 4785 2361 4859 Religio
2415 4804 2548 4858 pura
2587 4802 2637 4846 et
2678 4795 3019 4853 immaculata
3070 4780 3215 4857 Patri
3249 4816 3305 4858 et

1741 4872 1848 4926 Deo
1892 4873 2005 4927 haec
2055 4882 2182 4930 est:
2256 4880 2478 4935 visitare
2550 4886 2825 4953 orphanos
2882 4900 2938 4943 et
3006 4893 3197 4947 viduas
3257 4898 3309 4950 in

1740 4960 2025 5017 afﬂictione
2047 4979 2254 5027 eorum,
2290 4969 2693 5027 immaculatum
2726 4977 2961 5043 scipsum
2985 4995 3311 5039 conservare

1738 5067 1765 5104 ε
1801 5056 2021 5110 mundo.
2066 5074 2085 5107 ι
2126 5056 2202 5113 Ex
2231 5073 2386 5129 mquo
2433 5064 2587 5131 jubet
2630 5077 2684 5119 ct
2727 5083 2758 5122 a
2797 5072 3000 5126 mundo
3031 5077 3308 5142 recedere,

1738 5153 1791 5198 et
1834 5148 1899 5199 ad
1946 5150 2306 5218 propinquum
2348 5156 2608 5211 accedere
2645 5178 2657 5214 :
2715 5169 2839 5215 tunc
2874 5166 3017 5218 enim
3073 5182 3198 5223 vere
3248 5188 3312 5225 ac

1733 5240 1945 5294 sincere
1987 5240 2215 5296 fratrum
2255 5246 2660 5312 miserebimur,
2691 5256 2907 5321 quando
2947 5272 3048 5311 nos
3083 5275 3307 5327 separa~

1739 5332 1913 5386 bimus
1951 5335 2017 5389 ab
2053 5334 2339 5392 achctione
2375 5341 2424 5392 itt
2460 5346 2742 5400 mundum.
2778 5348 3011 5406 Dicendo
3038 5362 3214 5409 autem
3240 5355 3259 5385 ⁸
3288 5394 3303 5418 ,

1740 5441 1758 5472 ι
1792 5424 1866 5478 Nc
1898 5426 1948 5478 in
1974 5441 2325 5492 personarum
2357 5438 2761 5503 acceptionibus
2786 5439 3055 5505 habeatis,
3086 5444 3303 5513 fratres,

1735 5514 1893 5570 {idem
1923 5519 2132 5573 Domini
2160 5525 2331 5578 nostri
2367 5524 2491 5580 Jesn
2525 5528 2725 5584 Christi
2757 5532 2964 5602 gloritn,
3000 5554 3019 5585 ι
3085 5538 3222 5593 tollit
3252 5540 3302 5593 id

1732 5607 1874 5673 quod
1925 5608 1981 5662 tit
2030 5611 2096 5664 ad
2143 5617 2587 5685 ostentationem,
2633 5620 2831 5677 docens
2867 5640 2932 5679 ne
2964 5626 3207 5683 vivamus
3243 5638 3306 5682 ut

139 5810 202 5884 (Β)
234 5815 435 5878 Clarius
470 5822 573 5880 hoc
602 5836 669 5877 ex
703 5821 891 5879 Graeco
919 5840 1080 5895 quam
1116 5828 1258 5898 quod
1297 5828 1485 5888 Latina
1516 5849 1689 5891 tersm
1724 5839 1882 5893 habet
1920 5858 1932 5894 :
1975 5864 1991 5892 ι
2040 5843 2181 5901 Deus
2214 5849 2354 5903 enim
2387 5850 2682 5907 intentatur
2717 5856 2979 5911 malorum
3019 5871 3120 5915 est.
3168 5879 3187 5913 ›
