4196 6306
799 383 904 445 101

2112 377 2394 436 MENSIS
2437 375 2706 436 MAIUS.

3946 377 4050 437 208

801 503 1117 580 placeamus
1149 494 1474 559 hominibus,
1510 506 1682 560 neque
1711 504 2021 560 quieramus
2054 488 2274 558 gloriam
2313 502 2374 540 ex

2489 485 2722 550 ἐπίλεξιν
2751 486 3034 552 γινόμενον
3078 486 3311 556 ἀναιρεῖ,
3339 485 3603 538 διδάσκων
3640 485 3715 556 μὴ
3749 485 3886 554 πρὸς
3919 484 4047 553 ἀρέ-

803 588 1130 652 hominibus,
1153 587 1374 640 humilia
1399 596 1452 640 et
1477 586 1686 654 ahjecta
1713 583 2012 650 cogitantes
2042 597 2056 635 :
2087 581 2178 634 sed
2204 580 2369 632 Deum

798 686 972 738 solum
1016 693 1282 739 amemus,
1331 684 1383 729 et
1431 675 1548 743 ejus
1588 674 1729 742 quod
1767 673 1825 726 ﬁt
1869 671 2167 724 habeamus
2196 670 2369 738 ipsum

800 779 1161 835 laudatorem,
1180 782 1234 824 et
1266 769 1758 823 remunerationem
1783 767 1849 818 ab
1879 779 1944 818 eo
1970 771 2368 832 exspectemus.

801 869 1035 923 Dicendo
1073 880 1199 917 vero
1233 878 1355 916 eum
1389 860 1558 926 legem
1594 857 1816 925 implere
1856 856 2083 922 regiam,
2130 852 2219 920 qui
2251 852 2370 902 dili-

795 964 870 1031 git
902 949 1206 1029 proximum
1237 953 1376 1005 sicut
1408 950 1666 1016 seipsum,
1703 944 1902 998 cxeitat
1935 942 1999 995 ad
2031 939 2256 992 fratrum
2291 937 2370 988 di-

799 1028 1119 1106 lectionem,
1169 1057 1232 1095 ex
1293 1040 1409 1107 ejus
1467 1037 1556 1105 qui
1613 1036 1781 1103 legem
1844 1031 2042 1084 tulerat
2092 1028 2368 1095 dignitate,

798 1148 976 1199 sciens
1007 1141 1166 1208 hujus
1201 1132 1458 1206 pracepti
1503 1127 1928 1198 magnitudinem
1972 1131 2024 1178 et
2073 1118 2370 1189 pulchritu-

797 1241 977 1294 dinem
1007 1245 1110 1290 :-et
1143 1230 1286 1299 quod
1317 1227 1472 1296 plena
1507 1223 1641 1292 legis
1669 1219 2006 1288 adimpletio,
2047 1223 2132 1268 est
2155 1210 2373 1266 dilectio

800 1332 852 1383 in
888 1329 1235 1395 proximum;
1287 1333 1338 1376 et
1377 1317 1479 1373 hoc
1515 1316 1691 1384 ipsqu
1731 1321 1814 1366 est
1844 1323 2052 1365 summa
2083 1305 2371 1359 bonorum.

871 1597 940 1654 Χ.
993 1593 1276 1661 Quomodo
1323 1595 1501 1641 autem
1554 1588 1732 1636 movet
1782 1577 1847 1630 ad
1904 1565 2374 1628 misericordiam?

806 1691 1036 1744 Ter-rcus
1065 1677 1480 1739 iinniisericordi
1515 1685 1569 1728 et
1601 1669 1923 1731 inevitabili,
1950 1665 2090 1735 quod
2117 1663 2224 1716 illic
2267 1667 2371 1723 est,

804 1783 1022 1852 judicio.
1063 1797 1080 1828 ι
1120 1774 1414 1834 Iudicium,
1469 1766 1685 1836 inquit,
1729 1765 1845 1818 sine
1893 1756 2260 1814 misericordia
2296 1754 2370 1816 ei,

2479 595 2666 629 σκειαν
2719 575 2866 645 βιοῦν
2896 575 3270 647 ἀνθρωπίνην,
3335 577 3469 646 μηδὲ
3522 577 3621 647 τὴν
3663 579 3721 641 εξ
3745 577 4048 648 ἀνθρώπων

2476 669 2752 738 ἐπιζητεῖν
2773 669 2949 732 δόξαν,
2980 669 3290 739 χαμαίζηλα
3315 668 3643 740 φρονοῦντας
3677 670 3767 720 καὶ
3798 667 4046 720 ταπεινά·

2475 761 2610 814 ἀλλὰ
2662 760 2794 812 Θεὸν
2849 761 3006 828 μόνον
3046 762 3240 828 φιλεῖν,
3302 764 3393 814 καὶ
3436 763 3729 828 ἐπαινέτην
3784 761 3930 830 ἔχειν
3959 760 4049 813 τοῦ

2476 854 2788 924 γινομένου,
2826 855 2919 904 καὶ
2951 855 3075 922 παρ’
3106 852 3272 905 αὑτοῦ
3303 853 3401 922 τὴν
3444 853 3714 904 ἀντίδοσιν
3754 852 4050 918 ἀπεκδέχεο

2478 949 2624 1001 σθαι.
2663 945 2754 1015 Τῷ
2785 945 2840 997 δὲ
2891 947 2987 997 καὶ
3020 945 3180 1011 νόμον
3208 946 3373 1011 φάναι
3414 944 3690 1014 βασιλικὸν
3740 941 4053 1012 ἐκπληροῦν

2474 1040 2564 1092 τὸν
2593 1038 2897 1105 ἀγαπῶντα
2924 1038 3014 1088 τὸν
3047 1036 3272 1104 πλησίον
3303 1036 3376 1097 ὡς
3407 1035 3615 1099 ἑαυτὸν,
3659 1036 3794 1102 προς
3824 1033 3924 1103 τὴν
3949 1032 4056 1085 τῶν

2473 1130 2716 1198 ἀδελφῶν
2746 1129 2968 1197 ἀγάπην
2989 1127 3275 1196 διερεθίξει
3303 1125 3382 1194 τῷ
3412 1126 3680 1195 ἀξιώματι
3709 1125 3804 1177 τοῦ
3828 1122 4053 1192 νομοθε-

2473 1225 2759 1289 τήσαντος,
2793 1220 2891 1287 τῆς
2928 1218 3149 1284 ἐντολῆς
3178 1217 3380 1285 ταύτης
3407 1213 3560 1278 εἰδὼς
3605 1216 3664 1267 τὸ
3697 1214 3927 1282 μέγεθος
3959 1213 4054 1265 καὶ

2474 1314 2536 1366 τὸ
2570 1312 2786 1374 κάλλος,
2817 1310 2908 1362 καὶ
2940 1311 3020 1361 ὅτι
3054 1309 3327 1378 πλήρωμα
3365 1307 3531 1374 νόμου
3563 1307 3596 1376 η
3635 1307 3770 1374 πρὸς
3797 1305 3889 1357 τὸν
3923 1303 4056 1372 πλη-

2479 1403 2594 1455 σίον
2616 1402 2827 1470 ἀγάπη,
2856 1402 2948 1452 καὶ
2971 1400 3127 1452 τοῦτο
3153 1400 3218 1470 δὴ
3246 1398 3402 1451 τοῦτο
3427 1397 3535 1450 τῶν
3559 1396 3782 1464 ἀγαθῶν
3804 1397 3866 1448 τὸ
3885 1395 4061 1463 κεφά-

2477 1495 2652 1550 λαιον.

2548 1589 2603 1639 1⁸.
2638 1587 2825 1648 Ὀπως
2860 1586 2915 1638 δὲ
2947 1584 3042 1639 καὶ
3078 1582 3210 1652 πρὸς
3247 1581 3396 1634 ἔλεον
3431 1580 3682 1650 διεγείρει
3712 1598 3726 1645 ;
3776 1579 3938 1633 Μάλα
3974 1596 4063 1632 σο-

2477 1677 2590 1746 φῶς
2615 1677 2882 1730 δυσωπῶν
2908 1676 2984 1744 τῷ
3019 1675 3238 1744 ἀνηλεεῖ
3271 1674 3364 1725 καὶ
3389 1673 3765 1742 ἀπαρακλήτῳ
3795 1673 3892 1740 τῆς
3916 1673 4059 1723 ἐκεῖ·

2479 1770 2570 1822 θεν
2597 1770 2851 1838 κρίσεως.
2899 1786 2916 1817 ι
2947 1765 3193 1818 Ἀνὲλεον
3245 1782 3277 1830 γ
3326 1781 3354 1832 ρ
3387 1763 3489 1832 ἔφη
3541 1764 3638 1832 τὴν
3672 1763 3850 1830 κρίσιν
3872 1760 3950 1830 τῷ
3987 1760 4063 1829 μὴ

805 1832 962 1852 ,μην
1401 1832 1408 1834 .
1544 1832 1560 1836 -

805 1881 892 1945 qui
927 1890 1029 1927 non
1063 1869 1187 1924 fecit
1218 1863 1642 1920 misericordiam
1678 1875 1690 1910 :
1731 1876 1748 1908 ι
1781 1870 1874 1924 per
1909 1854 2008 1906 hoc
2047 1848 2374 1908 concedens,

2489 1868 2768 1931 ποιήσαντι
2788 1859 2934 1911 ἔλεον
2960 1875 3004 1909 ἰ
3039 1859 3130 1910 καὶ
3159 1853 3610 1922 κατακαυχᾶσθαι
3633 1853 3779 1905 ἔλεον
3801 1853 4062 1921 κρίσεως,

806 1943 859 2021 ut
894 1961 1260 2020 tttis'cricordin
1287 1956 1550 2027 glorietur
1579 1952 1696 2018 plus
1736 1963 1895 2018 quam
1923 1943 2216 2014 judicium,
2244 1953 2379 2006 qna-

810 2072 966 2112 tenus
1013 2055 1087 2107 illi
1129 2052 1219 2104 dat
1261 2046 1566 2100 victoriam.
1598 2043 1736 2107 Quin
1764 2041 1927 2092 etiam
1954 2037 2024 2089 ita
2055 2034 2189 2087 dicit
2221 2032 2377 2083 (idem

808 2168 940 2221 Opus
984 2149 1180 2202 habere
1230 2142 1468 2201 actione,
1518 2137 1658 2190 sicut
1713 2146 1908 2201 corpus
1960 2137 2083 2198 eget
2141 2127 2374 2194 spiritu:

808 2219 1010 2308 absque
1039 2253 1099 2290 ea
1137 2245 1314 2288 autem
1352 2244 1472 2284 esse
1509 2235 1774 2282 mortuam
1807 2233 1859 2276 et
1892 2219 2160 2281 inutilem,
2186 2226 2242 2267 ut
2272 2229 2377 2267 non

810 2331 1147 2388 conﬁdamus
1183 2327 1236 2377 in
1267 2339 1330 2376 eo
1358 2321 1527 2375 solum
1563 2317 1702 2385 quod
1737 2314 2042 2376 credamus,
2069 2319 2121 2363 et
2145 2309 2381 2362 inaniter

809 2426 1124 2494 gloriemur.
1163 2417 1275 2471 lloc
1311 2423 1488 2466 autem
1523 2409 1715 2478 prohat
1762 2405 1972 2468 statim,
2017 2401 2292 2455 Abraham
2329 2404 2383 2450 et

808 2489 964 2568 iiaab
1011 2511 1286 2564 adducens
1345 2505 1396 2556 in
1469 2498 1885 2554 testiinonium:
1936 2495 2084 2546 illum
2139 2489 2376 2558 quidem,

811 2605 900 2673 qui
935 2617 1054 2655 cum
1083 2598 1185 2650 fide
1211 2596 1358 2646 Isaac
1387 2603 1597 2659 quoque
1622 2585 1812 2640 obtulit
1843 2600 1856 2647 ;
1893 2584 2031 2635 hanc
2064 2589 2238 2632 autem
2265 2590 2382 2645 qua:

811 2667 1174 2763 speculatores
1233 2699 1326 2753 per
1367 2682 1524 2734 aliain
1571 2679 1710 2730 viam
1769 2671 2094 2726 transmisit.
2141 2668 2205 2720 Et
2251 2667 2379 2735 quid

809 2761 946 2853 opus
985 2791 1089 2842 est,
1120 2788 1176 2829 ut
1207 2772 1413 2841 singula
1444 2765 1794 2823 enumerem?
1829 2762 1926 2814 Vix
1961 2761 2124 2814 ullam
2158 2767 2384 2826 praeter-

819 2846 966 2928 nlisit
998 2886 1063 2923 ex
1098 2866 1388 2920 virtutibus
1435 2859 1749 2917 moralibus,
1785 2857 1851 2907 ad
1890 2867 2049 2920 quatn
2098 2865 2201 2902 non
2250 2846 2384 2898 inci-

817 2965 1012 3020 taverit
1053 2961 1225 3012 virum
1264 2956 1406 3025 pium
1442 2967 1503 3004 ac
1539 2950 1867 3016 religiosum,
1906 2960 2025 2997 cum
2059 2942 2222 2996 multa
2258 2954 2382 3008 pro-

817 3058 1118 3118 babilitate,
1166 3049 1336 3117 gratia
1382 3061 1444 3098 ac
1485 3040 1844 3111 iucunditate.
1890 3033 1938 3087 1ς
1984 3034 2180 3101 linguae
2213 3031 2380 3097 legem

2478 1952 2653 2023 τούτῳ
2687 1952 2862 2013 διδοὺς
2893 1951 3034 2020 ῆπερ
3078 1948 3261 2016 ἐκείνη
3302 1947 3371 1997 τὰ
3404 1946 3724 2014 νικητήρια.
3763 1943 3926 1995 ’Δλλά
3968 1941 4068 1993 καὶ

2478 2045 2576 2114 τὴν
2606 2047 2788 2096 πίστιν
2817 2042 2960 2094 οῦτω
2990 2039 3198 2093 δεῖσθαί
3233 2056 3366 2108 φησι
3408 2039 3509 2106 τῆς
3548 2037 3819 2105 πράξεως.
3852 2035 3930 2098 ώς
3961 2035 4068 2087 δεῖ·

3778 2127 3834 2180 δὲ
3893 2128 4067 2196 χωρὶς

2480 2230 2683 2296 νεκρὰν
2743 2222 2852 2278 οἷον
2900 2225 3174 2292 ὑπάρχειν
3207 2223 3376 2291 αὐτὴν
3399 2225 3491 2274 καὶ
3523 2225 3816 2291 ἀνόνητον·
3857 2223 3946 2274 ἵνα
3991 2223 4068 2291 μὴ

2481 2321 2542 2370 τὸ
2577 2315 2854 2368 πιστεύειν
2882 2317 3044 2383 μόνον
3074 2312 3462 2381 ὲπιθαρῤῶμεν
3517 2313 3611 2364 καὶ
3645 2313 3734 2363 διὰ
3779 2313 3942 2380 κενῆς
3973 2314 4071 2377 ἑγ-

2485 2407 2840 2478 καυχώρεθα.
2901 2407 3037 2459 Καὶι
3073 2405 3250 2456 πείθει
3293 2404 3455 2456 τοῦτο
3505 2403 3700 2470 λέγων,
3757 2403 3923 2465 εὐθὺς
3975 2405 4070 2454 τὶν

2496 2500 2747 2570 Ἀϐραάμ
2808 2499 2900 2549 καὶ
2950 2496 3047 2566 τὴν
3090 2496 3264 2549 Ῥαὰὸ
3302 2497 3573 2565 παράγων
3613 2497 3695 2556 είς
3751 2494 4068 2564 μάρτυρας.

2483 2591 2574 2642 τὸν
2609 2590 2707 2658 μὲν
2739 2589 2875 2657 μετὰ
2900 2587 2997 2655 τῆς
3029 2587 3265 2647 πίστεως
3295 2589 3389 2638 καὶ
3417 2586 3508 2637 τὸν
3547 2585 3732 2638 Ίσαάκ
3765 2586 4076 2654 προσενέγ-

2484 2698 2677 2740 κοντα,
2712 2680 2810 2742 τὴν
2843 2680 2896 2728 δὲ
2929 2681 3040 2738 τοῖς
3077 2680 3449 2739 κατασκόποις
3483 2678 3547 2730 δι’
3583 2679 3773 2747 ἑτέρας
3806 2676 3930 2731 ὁδοῦ
3965 2695 4074 2730 πα-

2486 2769 2934 2841 ραπεμφθεῖσαν.
2968 2768 3075 2819 Καὶ
3111 2767 3161 2817 τί
3195 2785 3263 2835 με
3314 2768 3486 2818 δεῖτά
3519 2769 3638 2820 καθ’
3680 2771 3916 2822 ἕκαστον
3949 2772 4075 2838 ἀρι-

2484 2863 2741 2932 θμεῖσθαι
2775 2877 2789 2927 ;
2834 2860 3022 2930 σχεδὸν
3056 2860 3164 2929 γὰρ
3192 2859 3311 2912 οὐδὲ
3367 2859 3498 2928 μίαν
3547 2860 3775 2911 ὑπέλιπε
3808 2861 3918 2912 τῶν
3953 2861 4080 2928 ἠθιο

2484 2955 2595 3007 κῶν
2633 2954 2865 3023 ἀρετῶν,
2931 2952 3066 3021 πρὸς
3118 2953 3184 3022 ἣν
3246 2953 3344 3003 οὑκ
3397 2951 3620 3022 ἠρέθισε
3659 2951 3751 3004 τὸν
3795 2951 4075 3019 φιλόθεον.

2488 3045 2626 3113 μετὰ
2656 3045 2852 3094 πολλοῦ
2884 3043 2978 3094 τοῦ
3015 3041 3245 3095 πιθανοῦ
3287 3045 3380 3096 καὶ
3407 3045 3505 3112 τῆς
3532 3045 3776 3114 χάριτος.
3806 3038 3984 3107 Οὗτος
4006 3047 4075 3114 τῇ

2479 2154 2567 2188 ται
2615 2136 2674 2188 τὸ
2737 2135 2892 2202 σῶμα
2950 2132 3044 2184 τοῦ
3091 2131 3438 2198 πνεύματος·
3492 2129 3698 2194 ταύτης

818 3152 983 3209 dedit,
1019 3144 1189 3211 utqui
1221 3151 1273 3191 et
1301 3140 1353 3188 in
1386 3147 1624 3199 tempore
1649 3128 1953 3185 tacendum,
1987 3123 2116 3176 etin
2145 3132 2383 3186 tempore

2489 3137 2707 3209 γλώσσῃ
2733 3135 2935 3206 θεσμὸν
2968 3136 3229 3206 ἐπέθηκε,
3255 3137 3468 3206 σιωπᾷν
3495 3154 3554 3188 τε
3580 3137 3723 3190 κατά
3747 3139 3943 3208 καιρὸν
3978 3139 4079 3190 καὶ

815 3239 1100 3295 dicendum
1131 3238 1382 3285 accurate
1414 3225 1653 3279 doceret.
1702 3219 1748 3272 ls
1783 3227 2005 3285 paterne
2037 3213 2191 3266 docet
2233 3213 2384 3276 sequi

817 3332 1034 3402 quidem
1070 3324 1379 3378 veritatem.
1428 3331 1456 3367 a
1505 3313 1640 3366 falso
1671 3319 1848 3363 autem
1892 3303 2181 3358 abstinere.
2219 3300 2387 3354 Porro

818 3391 996 3471 autem
1033 3414 1269 3479 linguam
1314 3418 1527 3473 quoque
1559 3401 1872 3453 maledicam
1918 3407 1968 3448 et
2011 3391 2386 3447 calumniatri-

817 3525 932 3564 cem
961 3505 1248 3573 plurimum
1279 3506 1520 3550 accusat.
1553 3491 1617 3544 Et
1649 3491 1714 3543 de
1747 3489 2051 3558 propinquo
2081 3484 2386 3538 clanculum

818 3597 1123 3658 detrahere,
1164 3599 1256 3644 aut
1282 3590 1445 3642 etiam
1481 3599 1602 3637 eum
1648 3582 1916 3650 judicare,
1962 3577 2029 3629 ab
2063 3575 2259 3626 animis
2297 3574 2392 3624 ho-

826 3691 1024 3742 minum
1062 3682 1244 3752 procul
1277 3679 1570 3747 propulsat.

891 3777 984 3832 XI.
1018 3773 1191 3828 Tuum
1224 3783 1356 3838 opus
1387 3776 1492 3828 est,
1535 3779 1566 3817 ο
1600 3760 1772 3827 Juste,
1803 3758 1992 3814 divites
2022 3771 2235 3826 quoque
2269 3770 2390 3809 rur-

821 3887 914 3927 sus
941 3881 992 3922 et
1017 3878 1282 3938 pauperes
1313 3861 1604 3914 admonere
1631 3873 1647 3910 :
1703 3854 1820 3907 illos
1847 3852 2087 3919 quidem,
2119 3863 2185 3902 ne
2219 3849 2389 3900 conli-

825 3962 954 4014 dant
991 3961 1043 4009 in
1075 3955 1280 4007 divitiis
1313 3967 1327 4003 :
1365 3952 1464 4002 hos
1487 3959 1688 4008 autem,
1723 3957 1780 3996 ut
1811 3943 1948 3996 mala
1979 3943 2153 3994 ferant
2188 3940 2394 4008 patien-

821 4065 925 4118 ter,
953 4058 1007 4103 ut
1037 4047 1124 4116 qui
1156 4044 1264 4097 sint
1297 4040 1587 4096 tolerantiae
1615 4035 1886 4106 accepturi
1922 4033 2247 4098 mercedem,
2274 4045 2396 4100 qum

825 4159 927 4199 non
979 4148 1154 4209 potest
1205 4136 1404 4188 auferri
1450 4151 1464 4186 :
1523 4143 1576 4186 et
1631 4131 1735 4184 illis
1793 4129 2007 4196 quidem
2064 4123 2394 4180 inﬁdelitatis

825 4240 1203 4303 argumentum
1249 4227 1468 4280 divitias
1513 4223 1770 4292 objicere,
1815 4228 1873 4272 ut
1906 4220 1995 4288 qui
2029 4218 2082 4270 in
2117 4219 2196 4270 eis
2223 4214 2392 4268 conﬂ-

826 4330 981 4390 dant,
1013 4333 1066 4377 et
1098 4337 1202 4376 non
1231 4319 1283 4372 in
1321 4318 1410 4372 Dei
1437 4317 1582 4380 sinu,
1616 4315 1702 4383 qui
1732 4327 2005 4382 nunquam
2040 4308 2390 4371 exhauritur;

828 4417 913 4469 his
951 4426 1150 4474 autem,
1194 4421 1450 4477 tanquam
1498 4408 1814 4476 prophetam
1865 4404 2212 4466 annuntiare,
2250 4397 2394 4470 quod

2491 3231 2668 3299 λέγειν
2700 3232 3151 3300 ἀκριϐωσάμενος
3173 3246 3185 3258 ·
3214 3224 3369 3292 οὗτος
3400 3231 3498 3296 τῆς
3528 3230 3627 3298 μὲν
3653 3229 3916 3298 ἀληθείας
3950 3223 4078 3298 ἔχεο

2493 3325 2637 3390 σθαι,
2672 3323 2766 3375 τοῦ
2817 3323 3046 3390 ψεύδους
3080 3323 3134 3373 δὲ
3168 3323 3258 3373 καὶ
3291 3322 3419 3390 μίαν
3448 3320 3749 3390 ἀπέχεσθαι
3783 3320 4081 3390 πατρικῶς

2490 3416 2759 3468 διδάσκει·
2813 3416 2873 3466 οὑ
2927 3414 3035 3483 μὴν
3069 3413 3206 3465 ἀλλά
3245 3415 3338 3464 καὶ
3361 3415 3458 3480 τῆς
3493 3414 3785 3482 φιλοψόγου
3821 3413 4082 3483 γλώττης

2493 3507 2587 3559 καὶ
2613 3507 2862 3559 διαϐόλου
2888 3506 3116 3558 πλεῖστα
3143 3506 3458 3570 κατηγορεῖ,
3487 3504 3579 3555 καὶ
3608 3505 3668 3555 τὸ
3686 3506 3860 3573 λάθρα
3898 3506 3957 3558 δὲ
3982 3505 4082 3560 τοῦ

2493 3598 2722 3665 πλησίον
2769 3597 3117 3659 καταλαλεῖν,
3152 3596 3183 3666 ἢ
3223 3594 3316 3646 καὶ
3348 3594 3555 3659 κρίνειν
3597 3593 3694 3660 τῆς
3721 3596 3828 3646 τῶν
3853 3596 4083 3667 ἀνθρὼ-

2493 3705 2611 3741 πων
2631 3687 2871 3748 διανοίας
2902 3687 3121 3757 μακράν
3147 3686 3470 3742 ἀπωθεῖται.

2565 3779 2662 3833 IA'.
2698 3781 2796 3831 Σδν
2827 3780 3006 3848 ἔργον,
3052 3773 3094 3831 ὦ
3129 3780 3324 3844 δίκαιε,
3377 3779 3471 3833 καὶ
3499 3779 3558 3832 τδ
3605 3776 3882 3843 πλουσίοις
3913 3773 4087 3841 αὖθις

2495 3870 2589 3920 καὶ
2612 3870 2805 3935 πένησι
2833 3868 3186 3935 παραινέσαι,
3213 3869 3340 3929 τοὺς
3377 3869 3470 3918 ἐπὶ
3501 3869 3578 3937 τῷ
3612 3870 3825 3940 πλούτῳ
3865 3871 3944 3940 μὴ
3979 3887 4088 3922 πε-

2497 3955 2764 4020 ποιθέναι,
2789 3958 2912 4017 τοὺς
2931 3955 2986 4007 δὲ
3006 3954 3380 4024 μακροθύμως
3411 3955 3598 4024 φέρειν
3623 3957 3698 4020 ώς
3728 3958 4088 4028 ληψομένους

2500 4046 2689 4114 μισθὸν
2718 4051 2814 4116 τῆς
2858 4048 3135 4117 ὑπομονῆς
3190 4047 3583 4115 ἀναφαίρετον
3645 4051 3922 4111 κάκείνοις
3978 4051 4090 4119 μὲν

2497 4141 2716 4210 ἔλεγχον
2747 4140 2845 4208 τῆς
2890 4141 3146 4203 ἀπιστίας
3201 4142 3291 4192 τὸν
3327 4141 3558 4194 πλοῦτον
3605 4142 3836 4203 τιθέναι,
3867 4142 3970 4193 am
4017 4141 4090 4211 δὴ

2498 4229 2583 4282 ἐπ’
2617 4229 2763 4299 αὑτῴ
2797 4231 3129 4300 θαῤῥήυίασι,
3162 4233 3254 4281 καὶ
3285 4230 3360 4297 μὴ
3393 4231 3615 4291 κόλποις
3655 4233 3765 4292 τοῖς
3797 4228 4091 4298 μηδέποτε

2500 4321 2844 4387 κενουμένοις
2871 4336 2884 4349 ο
2940 4323 3051 4380 τοῖς
3081 4319 3137 4370 δὲ
3174 4315 3261 4371 οἷα
3300 4321 3588 4389 προφήτης
3620 4317 4093 4386 εὐαγγελίζεσθαι

2501 4412 2607 4479 πρὸ
2641 4409 2747 4460 τῶν
2779 4407 2959 4480 θυρῶν
2990 4410 3212 4463 ἑστάναι
3245 4411 3334 4462 τὸν
3360 4410 3642 4481 κρίναντα.
3681 4410 3753 4463 Τὸ
3784 4411 3838 4464 δὲ
3878 4411 3958 4482 μὴ
3984 4413 4094 4483 τὴν

825 4521 923 4576 pro
961 4504 1164 4558 foribus
1208 4511 1313 4555 stat
1355 4501 1401 4553 is
1455 4499 1544 4568 qui
1577 4497 1804 4566 judicat.
1851 4495 1985 4548 Illud
2043 4504 2247 4555 autem,
2287 4507 2387 4544 non

2501 4499 2807 4567 ἐπιορκίαν,
2835 4498 2971 4553 άλλά
3009 4501 3102 4555 καὶ
3144 4501 3305 4553 αὑτὸν
3337 4503 3426 4554 τὸν
3476 4505 3637 4573 ὅρκον
3663 4504 3849 4567 ἁπλῶς
3883 4506 4092 4578 ἐκτρέ-

825 4597 1116 4667 periurium
1141 4595 1338 4656 solum,
1358 4593 1449 4645 sed
1477 4591 1558 4644 vel
1582 4591 1755 4659 ipsum
1778 4587 1998 4642 omnino
2019 4583 2395 4655 jusjurandum

827 4687 1081 4740 declinari
1125 4686 1340 4745 debere,
1393 4681 1678 4748 cuiusnam
1723 4680 1967 4742 alterius,
2000 4692 2160 4747 quam
2202 4675 2397 4742 lingua

820 4780 984 4846 justi]:
1029 4776 1192 4830 fuerit
1233 4773 1549 4836 admonitio,
1591 4769 1862 4826 dicentis‘
1899 4785 1911 4820 :
1954 4789 1973 4819 ι
2020 4772 2160 4822 Ante
2191 4766 2393 4830 omnia,

827 4868 1028 4923 fratres
1061 4868 1186 4929 mei,
1233 4866 1397 4918 nolite
1431 4865 1653 4916 omnino
1695 4862 1906 4930 jurare,
1956 4875 2130 4929 neque
2159 4875 2254 4928 per
2287 4871 2401 4911 cm-

827 4961 964 5023 lum,
1022 4971 1194 5024 neque
1238 4970 1332 5024 per
1375 4964 1599 5014 terram.
1633 4967 1804 5022 neque
1839 4952 2004 5006 ullum
2056 4952 2200 5005 aliud
2245 4952 2401 5020 jura-

832 5059 1112 5103 mentum:
1147 5049 1215 5100 sit
1258 5058 1436 5100 autem
1473 5057 1732 5107 vestrum.
1766 5045 1928 5099 Certe
1963 5053 2128 5110 certe,
2169 5053 2243 5109 et,
2281 5044 2397 5098 Non

829 5153 958 5200 non,
1019 5152 1085 5188 ne
1137 5137 1235 5188 sub
1283 5136 1485 5202 judicio
1535 5135 1819 5187 decidatis.
1879 5154 1896 5184 ι
1955 5135 2080 5198 Eos,
2131 5135 2220 5204 qui
2272 5144 2398 5188 sunt

831 5240 1022 5282 Sereno
1056 5236 1107 5278 et
1157 5224 1450 5294 tranquillo
1482 5225 1683 5287 animo,
1737 5227 1910 5286 docet,
1968 5235 2025 5277 ut
2065 5238 2122 5277 se
2155 5227 2400 5278 muniant

829 5320 1114 5380 oratione;
1163 5333 1276 5380 eos,
1323 5317 1412 5383 qui
1463 5327 1746 5385 aegrotant,
1779 5317 1977 5370 ntoleo
2007 5326 2226 5370 utantur
2272 5332 2393 5371 cum

828 5410 1072 5461 nratiOne
1129 5407 1425 5461 sacerdotis
1475 5409 1540 5459 ad
1585 5408 1914 5471 unctionem,
1952 5416 2008 5460 et
2059 5410 2109 5462 id
2161 5409 2396 5462 habeant

831 5515 928 5568 pro
955 5499 1123 5552 morbi
1162 5499 1449 5561 medicina,
1495 5508 1675 5566 utpote
1715 5501 1856 5567 quod
1890 5500 2087 5562 oratio,
2113 5502 2197 5555 cui
2231 5515 2392 5568 opera

830 5591 1005 5640 ferunt
1035 5588 1317 5655 auxilium,
1363 5594 1593 5645 maxima
1630 5593 1797 5658 possit
1827 5591 2054 5647 efﬁcere.
2089 5590 2224 5657 Quid
2259 5609 2394 5662 opus

923 5751 942 5780 "
973 5751 1084 5806 Jac.
1119 5768 1166 5817 ν,
1203 5754 1289 5808 ιε.

2499 4594 2718 4656 πεσθαι,
2740 4593 2884 4656 τίνος
2919 4593 3084 4661 ἀλλης
3115 4594 3148 4662 ἢ
3179 4593 3276 4662 τῆς
3323 4594 3539 4658 δικαίας
3585 4595 3832 4666 γλώττης
3875 4602 4097 4668 παραί-

2497 4702 2661 4747 νεσις,
2695 4685 2799 4753 πρὸ
2845 4686 3063 4738 πάντων
3117 4683 3415 4755 λεγούσης·
3451 4706 3468 4738 ι
3523 4685 3770 4755 Ἀδελφοί
3828 4705 3959 4756 μου,
4011 4691 4097 4760 μὴ

2497 4774 2725 4844 ὀμνύετε
2777 4775 2934 4838 ὅλως,
2993 4776 3066 4843 μή
3097 4791 3156 4826 τε
3193 4777 3286 4828 τὸν
3317 4777 3566 4847 οὐρανὸν,
3618 4779 3690 4847 μή
3727 4793 3785 4830 τε
3814 4781 3917 4848 τὴν
3949 4781 4096 4850 γῆν,

2501 4867 2574 4935 μή
2609 4882 2665 4917 τε
2698 4867 2854 4918 ἄλλον
2884 4866 3047 4935 ὅρκον
3070 4867 3190 4920 τινά
3211 4883 3223 4896 ·
3256 4867 3397 4919 ἔστω
3426 4868 3479 4918 δὲ
3505 4869 3659 4938 ὑμῶν
3683 4869 3740 4922 τὸ
3775 4870 3887 4924 Ναὶ
3916 4871 4041 4925 Ναί
4075 4888 4090 4902 ·

2495 4957 2587 5008 καὶ
2625 4957 2682 5009 τὸ
2709 4955 2781 5009 Οὓ
2819 4957 2893 5009 UO
2915 4973 2927 4987 '
2964 4958 3048 5009 ἵνα
3078 4959 3150 5026 μὴ
3178 4958 3256 5020 είς
3288 4957 3574 5030 ὑπόκρισιν
3609 4961 3832 5032 πέσητε.
3868 4980 3890 5015 ε
3935 4963 4096 5028 Τοὺς

2494 5047 2867 5116 ὲνθυμοῦντας
2903 5049 3206 5117 ἀσφάλειαν
3235 5051 3442 5103 ἑαυτῶν
3470 5053 3740 5105 ποιεῖσθαι
3767 5053 3868 5122 τὴν
3901 5071 4099 5125 προσο

2495 5139 2662 5211 ευχὴν
2696 5141 2960 5206 διδάσκει,
2992 5143 3118 5204 τοὺς
3147 5142 3438 5205 νοσοῦντας
3465 5145 3629 5214 ὲλαίῳ
3669 5145 3809 5213 μετά
3834 5162 4100 5216 προσευ-

2496 5233 2595 5302 χῆς
2625 5234 2814 5303 ἱερέως
2844 5236 2922 5296 είς
2943 5234 3170 5305 ἀλοιφὴν
3201 5235 3457 5303 χρῆσθαι,
3490 5239 3583 5288 καί
3613 5235 3770 5288 τοῦτο
3796 5238 3894 5306 τῆς
3917 5240 4100 5292 νόσου

2507 5329 2681 5377 ποιεῖν
2716 5326 2884 5394 ῐαμα’
2917 5325 2991 5389 ώς
3038 5328 3135 5394 τῆς
3167 5327 3332 5396 εὐχῆς
3363 5329 3471 5396 ἄρα
3504 5327 3602 5397 τῆς
3643 5327 3732 5381 διά
3761 5328 3872 5382 τῶν
3896 5329 4103 5398 ιργων

2507 5415 2901 5486 βοηθουμένης,
2933 5419 3178 5486 ἐνεργεῖν
3207 5419 3273 5470 τά
3307 5420 3538 5488 μέγιστα
3565 5417 3890 5486 δυναμένης.
3919 5420 3993 5472 Τί
4040 5425 4101 5475 δὲ

2505 5503 2609 5575 χρὴ
2632 5505 2699 5558 τά
2722 5506 2817 5574 τῆς
2843 5505 3100 5574 γλυκείας
3122 5506 3319 5577 ταύτης
3338 5506 3656 5576 Ἐπιστολῆς
3681 5507 3862 5561 πάντα
3893 5509 4106 5564 διαλα-

2507 5597 2641 5664 ϐεῖν,
2678 5598 2797 5662 ἐξὸν
2833 5601 3179 5670 ἐντυγχάνειν
3209 5601 3346 5670 αὐτῇ
3375 5600 3450 5669 τῷ
3484 5600 3799 5671 βουλομένῳ
3827 5605 4106 5657 κάκεῖθεν
