4196 6306
159 345 246 406 209

1077 353 1259 413 VlTA
1295 354 1356 412 S.
1397 353 1659 415 JACOBl
1705 354 2038 413 FRATRIS
2079 353 2382 414 DOMINI.

3251 353 3361 416 210

153 460 212 521 ὡς
235 460 294 549 ιιι
308 462 490 530 πηγῆς
524 464 792 533 ἀρύεσθαι
815 506 827 530 ,
853 468 946 521 καὶ
977 472 1315 540 γευσάμενον
1347 473 1695 538 πιστοῦσθαι,

1800 481 1880 524 est
1933 471 2111 526 omnia
2163 471 2435 540 persequi,
2490 484 2606 538 quae
2655 471 2766 524 haec
2808 469 3052 524 continet
3104 468 3361 537 Epistula.

152 551 228 656 ut
247 547 410 655 οὕτως
434 551 733 623 ἀξιόχρεων
752 554 1004 628 μάρτυρα
1026 560 1271 626 γίνεσθαι
1293 562 1401 614 τῶν
1437 565 1693 618 Ἰακώεου

151 657 305 696 καλων
325 660 339 709 ;

1803 580 1922 616 cum
1975 579 2092 618 eam
2142 563 2314 632 possit
2360 563 2450 630 qui
2497 561 2626 614 velit
2661 562 2858 631 legere,
2895 569 2945 614 et
2973 561 3120 614 illinc
3149 561 3366 613 haurire

1786 647 2054 724 tanquam
2082 671 2142 708 ex
2179 653 2348 720 fonte,
2402 664 2452 707 et
2501 655 2764 724 gustando
2817 653 2973 708 factis
3012 653 3258 721 probare,
3312 667 3366 708 et

1803 747 1873 800 ita
1906 747 2006 799 fide
2039 747 2229 814 dignus
2263 761 2382 800 esse
2423 749 2574 801 testis
2609 762 2817 810 corum,
2848 762 2967 816 qua:
3001 745 3219 815 pulchre
3285 746 3364 800 di-

1804 850 2004 893 cuntur
2036 854 2062 896 ε
2095 837 2336 893 Iacobo?

1599 995 1828 1056 CAPUT
1863 1000 1923 1054 li.

405 1097 653 1170 Synodm
688 1101 1066 1173 Hierosolymis
1102 1107 1300 1162 habita.
1333 1108 1642 1165 [iniurati-0
1683 1114 1971 1185 singularis
2011 1118 2150 1184 apud
2184 1118 2443 1182 apostolos
2479 1127 2525 1171 et
2552 1118 2788 1172 Judceos.
2818 1118 3160 1190 Martyrium.

202 1213 294 1264 IB.
331 1214 485 1268 Ἐστι
519 1218 572 1269 δὲ
607 1219 899 1273 κάντεῦθεν
930 1222 989 1274 τὸ
1020 1223 1317 1293 ἀξιόχρεων
1365 1227 1578 1280 ἐκείνου
1602 1230 1700 1281 καὶ

141 1304 346 1357 δυνατὸν
401 1307 457 1359 ὲν
485 1309 628 1379 λόγῳ
656 1312 867 1378 μαθεῖν.
899 1315 1136 1384 Ζήτησις
1184 1319 1325 1372 κατά
1361 1319 1458 1388 τὴν
1493 1321 1701 1374 Ἀντιό-

1867 1231 1982 1285 ΧΗ.
2041 1233 2206 1287 Porro
2257 1243 2435 1285 autem
2506 1233 2632 1287 hinc
2696 1249 2911 1302 quoque
2961 1233 3089 1288 sciri
3159 1238 3357 1302 potest,

1795 1335 1994 1390 quanta
2043 1333 2187 1380 esset
2228 1324 2342 1389 eius
2389 1325 2732 1378 auctoritatis
2771 1337 2825 1379 et
2860 1325 3070 1382 dicendi
3111 1325 3360 1380 facultas.

139 1414 277 1465 χειαν
307 1401 542 1471 κατέστη
579 1405 730 1471 ποτε,
761 1408 807 1458 εί
830 1406 912 1459 δεῖ
942 1415 1066 1472 τοὺς
1089 1411 1148 1475 ἐξ
1179 1411 1346 1463 ὲονῶν
1374 1414 1701 1483 προσιόντας

1795 1415 1921 1469 Fuit
1971 1417 2259 1487 aliquando
2314 1416 2540 1486 qua-stio
2592 1416 2911 1479 Antiochiae,
2971 1433 3037 1472 an
3091 1427 3365 1486 oporteret

137 1492 206 1562 τῷ
228 1494 367 1562 λόγῳ
395 1496 493 1562 τῆς
539 1499 759 1567 χάριτος
790 1503 928 1554 κατά
953 1504 1012 1556 τὸ
1042 1504 1163 1565 ἔθος
1221 1507 1466 1571 Μωσέως
1516 1510 1701 1562 λοιπὸν

1794 1523 1886 1562 eos
1913 1512 2003 1577 qui
2034 1525 2094 1561 ex
2115 1509 2373 1578 gentibus
2396 1509 2460 1560 ad
2494 1506 2715 1564 verbum
2743 1509 2982 1562 veritatis
3016 1507 3364 1569 accedebant,

139 1586 571 1655 περιτέμνεσθαι.
607 1593 666 1643 ΟΞ
715 1593 808 1643 ἐπὶ
835 1597 932 1662 τῆς
974 1595 1244 1666 Ἀντιόχου
1279 1601 1456 1652 τοίνυν
1479 1602 1702 1670 ἀδελφοὶ

1797 1615 1948 1652 more
1982 1599 2216 1652 Mosaico
2247 1601 2504 1669 deinceps
2531 1600 2941 1657 circumcidere.
2975 1599 3194 1655 Fratres
3215 1614 3365 1668 ergo.

137 1680 237 1740 τοῖς
290 1681 430 1731 κατά
488 1682 552 1732 τά
611 1681 956 1752 Ἱεροσόλυμα
1011 1687 1330 1751 ἀποστόλοις
1367 1690 1462 1760 τὴν
1516 1694 1697 1762 κρίσιν

1799 1692 1890 1760 qui
1922 1699 2074 1743 erant
2110 1690 2429 1754 Antiochiae,
2453 1691 2714 1759 apostolis
2753 1690 3370 1745 commnrantihus-Hie-

137 1769 456 1840 ιπὲτρεψαν,
485 1772 698 1825 Παύλου
732 1775 826 1826 καὶ
849 1774 1102 1846 Βαρνάϐα
1138 1780 1534 1836 διακονούντων
1563 1785 1700 1854 πρὸς

138 1863 188 1914 τδ
223 1862 572 1931 ζητούμενον.
619 1867 728 1933 Τῆς
773 1867 829 1923 δὲ
855 1869 912 1922 ἐν
957 1870 1702 1945 ἹεροσολύμοιςἙκκλησίας

140 1958 210 2016 εις
239 1955 396 2009 τοῦτο
421 1956 920 2028 συναθροισθείσης,
949 1962 1040 2012 καὶ
1068 1961 1274 2030 Πέτρου
1313 1962 1405 2013 τοῦ
1433 1963 1540 2015 τῶν
1569 1965 1702 2015 ἀπο-

141 2045 333 2097 στόλων
364 2045 582 2114 πρώτου
620 2048 1018 2116 προεστηκότος
1067 2050 1165 2118 τῆς
1220 2052 1475 2116 πίστεως,
1518 2055 1608 2106 καὶ
1637 2035 1713 2107 τὰ·

139 2141 228 2208 τῆς
257 2141 538 2202 εὐσεϐείας
589 2143 875 2209 σπέρματα
926 2144 1388 2210 καταϐάλλοντος·
1427 2166 1444 2198 ι
1482 2149 1706 2218 ’Ἄνδρες

137 2239 369 2305 ἀδελφοὶ,
398 2238 563 2306 φησὶν
588 2238 615 2288 ό
647 2237 924 2304 Ἰάκωϐος,
952 2238 1175 2307 Συμεὼν
1201 2239 1506 2309 ἐξηγήσατο
1525 2241 1708 2305 καθὼς

139 2332 346 2399 πρῶτον
370 2332 396 2384 6
426 2331 559 2393 Θεὸς
595 2332 936 2400 ἐπεσκέψατο
970 2331 1155 2384 λαϐεῖν
1190 2332 1249 2395 ἐξ
1280 2332 1448 2385 ἐθνῶν
1474 2333 1600 2385 λαὸν
1630 2333 1707 2402 τῷ

136 2424 356 2495 ὀνόματι
387 2425 576 2486 αὐτοῦ,
608 2425 701 2476 καὶ
731 2424 904 2491 τούτῳ
937 2425 1317 2492 συμφωνοῦσιν
1347 2427 1395 2477 οι
1423 2427 1569 2492 λόγοι
1611 2426 1708 2479 τῶν

139 2518 454 2588 προφητῶν.
489 2537 507 2568 ι
543 2511 674 2569 Εῖτα
705 2515 909 2576 ἐπιθεὶς
929 2516 995 2567 τά
1030 2516 1124 2568 τοῦ
1151 2520 1433 2588 προφήτου
1464 2520 1706 2588 ῥήματα,

138 2611 240 2670 τοῖς
266 2607 623 2677 ζητουμένοις
653 2606 821 2669 ὅντως
853 2606 1217 2676 ἐπεψηφίζετο
1240 2627 1252 2639 ο
1292 2629 1309 2660 ι
1355 2610 1538 2680 Κρίνω
1578 2609 1708 2677 ἐγὼ,

141 2700 330 2765 λέγων,
368 2697 441 2766 μὴ
471 2696 825 2764 παρενοχλεῖν
857 2700 969 2758 τοῖς
1000 2696 1106 2749 ἀπὸ
1129 2699 1236 2750 τῶν
1259 2698 1426 2753 ἐθνῶν
1459 2700 1712 2768 ἐπιστρέ-

142 2805 332 2856 φουσιν
369 2790 464 2842 ἐπὶ
485 2787 576 2840 τδν
610 2787 762 2853 Θεὸν,
794 2789 929 2840 ἀλλὰ
959 2789 1260 2842 ἐπιστεῖλαι
1298 2793 1478 2852 αὐτοῖς
1508 2792 1713 2861 ἀπέχε-

143 2881 262 2934 σθαι
301 2881 414 2934 ἀπὺ
442 2881 549 2932 τῶν
577 2880 972 2949 ἀλισγημάτων
1022 2882 1127 2933 τῶν
1151 2882 1406 2949 εἰδώλων,
1442 2882 1542 2951 τῆς
1578 2900 1713 2953 πορ-

142 2977 307 3037 νείας,
371 2973 467 3025 καὶ
496 2973 589 3025 τοῦ
622 2973 870 3041 αἵματος,
913 2973 1005 3024 καὶ
1054 2973 1144 3024 τοῦ
1182 2973 1428 3027 πνικτοῦ.
1467 2993 1485 3026 ι
1524 2974 1710 3038 Οὕτως

1807 1783 2094 1852 rosolymis
2137 1783 2503 1850 permiserunt
2528 1783 2814 1851 judicium,
2850 1781 3016 1835 Paulo
3044 1792 3095 1835 et
3123 1782 3367 1835 Barnaba

1806 1877 1886 1931 usi
1918 1877 2184 1932 ministris
2217 1877 2280 1928 ad
2313 1876 2719 1946 proponendum
2760 1876 2811 1928 id
2847 1875 2914 1928 de
2947 1890 3054 1942 quo
3090 1875 3371 1941 qnzereba-

1807 1977 1914 2020 tur.
1963 1965 2095 2020 Cum
2138 1983 2266 2020 vero
2296 1983 2415 2036 qua:
2460 1965 2843 2036 Hierosolymis
2877 1975 2994 2018 erat
3025 1964 3264 2018 Ecclesia
3306 1965 3371 2016 ad

1806 2057 1908 2113 hoc
1937 2067 2081 2112 esset
2109 2069 2458 2128 congregata,
2480 2069 2534 2110 et
2561 2057 2754 2110 Petrus
2779 2058 2984 2124 primus
3006 2056 3370 2128 apostolorum

1807 2159 2063 2215 praeesset
2098 2149 2240 2215 fidei,
2290 2159 2344 2203 et
2377 2148 2585 2216 jaceret
2632 2148 2836 2202 semina
2880 2148 3139 2217 pietatis:
3191 2166 3208 2196 ι
3262 2143 3370 2198 Viri

1810 2243 2026 2306 fratres,
2054 2242 2228 2311 inquit
2279 2239 2534 2306 Iacobus,
2575 2239 2760 2294 Simon
2803 2240 3050 2309 exposuit
3103 2239 3371 2306 quomodo

1811 2337 2041 2406 primum
2077 2334 2213 2388 Dens
2244 2335 2484 2388 visitavit
2518 2348 2731 2388 sumere
2753 2348 2816 2386 ex
2843 2333 3090 2402 gentibus
3121 2330 3371 2398 populum

1811 2429 2169 2492 nominisuo;
2204 2435 2258 2480 et
2290 2426 2336 2480 ei
2376 2424 2726 2478 consentiunt
2757 2425 3030 2492 propheta:
3053 2424 3128 2476 ³.»
3173 2422 3372 2476 Deinde

1811 2535 1933 2575 cum
1964 2519 2328 2588 subjunxisset
2367 2517 2530 2571 verba
2563 2518 2724 2569 unius
2750 2517 3042 2584 prophetae,
3076 2516 3139 2568 de
3168 2515 3231 2567 iis
3253 2527 3372 2582 qua

1812 2613 2194 2682 quaerebantur
2221 2613 2358 2665 hanc
2395 2611 2514 2663 tulit
2549 2610 2874 2663 sententiam
2917 2624 2929 2658 :
2973 2625 2991 2658 ι
3027 2605 3215 2660 Iudico
3253 2620 3373 2674 ego.

1815 2705 2021 2769 dicens,
2068 2719 2173 2757 non
2215 2717 2335 2757 esse
2383 2701 2629 2756 molestia
2683 2697 2989 2752 afﬁciendos
3027 2713 3138 2754 eus,
3187 2697 3276 2764 qui
3309 2710 3374 2749 ex

1816 2795 2068 2865 gentibus
2110 2796 2176 2848 ad
2222 2792 2390 2848 Deum
2444 2799 2872 2846 convertuntur:
2907 2789 2999 2842 sed
3032 2789 3378 2843 scribendum

1817 2888 1881 2940 ad
1916 2900 2032 2951 eos,
2063 2894 2120 2938 ut
2148 2900 2204 2939 se
2235 2886 2544 2938 abstineant
2569 2899 2597 2935 a
2637 2881 3186 2937 contaminationibns
3216 2880 3382 2933 simu.

1823 2980 2117 3046 lacrornm,
2147 2979 2520 3040 fornicatione,
2552 2988 2606 3031 et
2635 2977 2918 3044 sanguine,
2939 2983 2992 3028 et
3016 2973 3278 3027 sull‘ocato
3297 2972 3375 3026 ‘.»

145 3069 266 3145 εφη,
301 3067 400 3118 καὶ
448 3068 476 3118 6
524 3066 677 3133 λόγος
728 3065 887 3132 ἔργον
947 3065 1186 3134 ἐγένετο,
1222 3066 1315 3117 καὶ
1348 3066 1406 3118 τδ
1438 3067 1588 3136 παρά
1619 3067 1712 3120 τοῦ

1786 3075 1912 3137 {Sic
1947 3074 2105 3139 dixit,
2148 3082 2202 3128 et
2241 3073 2381 3141 quod
2427 3073 2659 3134 dixerat,
2686 3070 2970 3126 deductum
3015 3075 3098 3120 est
3144 3066 3209 3119 ad
3254 3063 3381 3117 effe-

156 3160 414 3215 ἰακώϐου
446 3157 716 3227 ψηφισθὲν
747 3159 824 3221 είς
851 3160 1019 3210 τύπον
1044 3161 1155 3218 τοῖς
1199 3157 1515 3221 ἀποστόλοις
1547 3159 1711 3229 ἐγρά-

143 3270 286 3322 φετο,
345 3252 441 3303 καὶ
483 3253 548 3319 τῇ
586 3248 882 3318 Ἐκκλησία
912 3249 1252 3319 παρεδίδοτο·
1281 3248 1421 3302 οὕτω
1463 3250 1557 3302 καὶ
1586 3251 1714 3321 παρ’

145 3346 329 3407 αὐτοῖς
371 3338 484 3410 εἶχε
517 3344 627 3402 τοῖς
656 3341 976 3402 ἀποστόλοις
997 3345 1023 3394 ὁ
1049 3342 1188 3411 ἀνὴρ
1220 3343 1278 3396 τὸ
1309 3344 1607 3414 αἰδέσιμον.

214 3439 316 3492 II".
359 3433 500 3490 Ἀλλ’
524 3433 674 3484 ἐστιν
699 3430 932 3486 ἀκοῦσαι
983 3431 1076 3488 καὶ
1108 3432 1318 3488 Παύλου
1346 3429 1434 3489 οἷα.
1468 3439 1593 3511 περὶ
1621 3437 1720 3492 αὑ-

143 3532 237 3585 τοῦ
272 3527 542 3587 Γαλάταις
570 3523 924 3578 ἐπέσταλκεν.
980 3543 998 3576 ι
1040 3525 1313 3595 Ἀνῆλθον,
1335 3528 1586 3597 (mehei;
1628 3530 1724 3583 ἰε-

149 3622 428 3692 ροτόλυμα
455 3621 740 3688 ἱστορῆσαι
769 3619 997 3687 Πέτρον,
1035 3618 1220 3688 ἕτερον
1271 3620 1326 3672 δὲ
1361 3622 1468 3674 τῶν
1495 3623 1726 3676 ἀποστό-

147 3717 253 3769 λων
283 3716 390 3767 οὐκ
421 3707 584 3773 εἶδον,
617 3711 665 3762 εἰ
701 3709 774 3779 μὴ
816 3709 1096 3773 Ἰάκωϐον,
1122 3709 1213 3760 τὸν
1237 3709 1462 3778 ἀδελφὸν
1489 3710 1583 3763 τοῦ
1610 3713 1720 3762 Κυ.

153 3812 326 3878 pica,»
366 3809 443 3870 ὡς
475 3806 717 3875 μεγάλου
751 3805 893 3867 τινος
922 3803 1072 3868 ὄντος
1098 3803 1191 3857 καὶ
1212 3803 1359 3870 ἀξίου
1384 3807 1602 3876 μνήμης
1633 3807 1725 3862 τοῦ

151 3898 458 3954 θεάσασθαι
484 3897 575 3947 τὸν
600 3896 877 3948 Ἰάκωϐον.
930 3890 1054 3958 Οῗος
1087 3895 1142 3949 δέ
1182 3897 1299 3949 ἐστι
1343 3897 1437 3952 καὶ
1472 3898 1620 3967 αὐτῷ
1649 3899 1727 3970 τῷ

153 3992 353 4061 Παύλῳ
411 3987 692 4054 παραινῶν
726 3988 753 4038 6
798 3987 1074 4047 Ἰάκωϐος,
1133 3990 1160 4040 ό
1206 3988 1274 4040 τὰ
1324 3989 1432 4042 τῶν
1473 3991 1729 4059 Πράξεων

149 4085 321 4139 ἐπιὼν
368 4083 557 4151 σαφῶς
591 4083 815 4134 εἵσεται.
860 4100 874 4126 ε
916 4079 1225 4147 Γενομένων
1254 4080 1360 4148 γάρ
1387 4082 1561 4148 ἡμῶν,
1596 4083 1730 4150 φησὶ

147 4176 452 4238 ὀλουκὰς,
487 4175 565 4236 είς
608 4173 976 4241 Ἱεροσόλυμα,
1002 4170 1331 4236 ἀπεδέξαντο
1363 4173 1504 4240 ἡμεῖς
1527 4173 1728 4235 πάντες

147 4272 196 4323 οι
231 4266 500 4336 ἀδελφοίο
567 4268 632 4332 τῇ
672 4265 728 4317 δὲ
765 4263 996 4335 ἐπιούσῃ
1026 4262 1276 4332 εἰσῆλθεν
1323 4263 1351 4315 6
1385 4262 1596 4327 Παῦλος
1633 4265 1730 4318 σὺν

149 4364 285 4432 ἡμῖν
340 4360 484 4427 προς
537 4354 816 4418 Ἰάκωϐον,
862 4356 1062 4413 πάντες
1093 4372 1148 4408 τε
1203 4355 1568 4423 παρεγένοντο
1596 4356 1731 4425 πρὸς

1818 3179 1961 3222 ctum
1989 3185 2003 3224 :
2039 3177 2096 3222 et
2126 3169 2269 3236 quod
2303 3182 2330 3219 a
2358 3165 2562 3221 Iacobo
2595 3163 2764 3218 fuerat
2796 3164 3090 3221 decretum.
3122 3159 3380 3227 scriptum

1818 3269 1901 3314 est
1948 3259 2014 3311 ab
2049 3259 2325 3329 apostolis,
2367 3266 2421 3311 et
2468 3256 2720 3310 Ecclesia:
2747 3270 2844 3324 pro
2873 3255 3041 3309 forma
3081 3251 3179 3307 fuit
3223 3253 3384 3304 tradi-

1825 3362 1957 3410 tum.
1988 3350 2158 3410 Tanta
2186 3350 2323 3422 apud
2353 3348 2625 3421 apostolos
2657 3348 2758 3403 fuit
2788 3349 2905 3418 ejus
2937 3345 3260 3400 reverentia.

1896 3446 2031 3502 Xlll.
2063 3445 2165 3501 Sed
2207 3446 2328 3500 licet
2370 3445 2533 3498 etiam
2568 3443 2773 3506 audire,
2813 3441 3064 3508 quidnam
3098 3437 3291 3490 Paulus
3321 3435 3386 3488 de

1824 3555 1890 3594 eo
1920 3540 2119 3593 scribat
2150 3540 2213 3591 ad
2246 3537 2462 3590 Galatas
2495 3553 2509 3588 :
2559 3553 2576 3582 ι
2609 3533 2861 3593 Ascendi,
2895 3533 3087 3598 inquit,
3131 3531 3384 3583 Hieroso-

1827 3635 2023 3702 lymam
2057 3631 2121 3682 ad
2163 3627 2450 3682 videndum
2481 3624 2725 3679 Petrum.
2753 3623 2931 3676 Alium
2961 3632 3138 3675 autem
3173 3631 3387 3688 aposto-

1826 3722 1937 3777 lum
1990 3737 2095 3776 non
2143 3720 2269 3783 vidi,
2313 3718 2415 3772 nisi
2451 3715 2714 3770 Iacobum
2766 3715 2987 3767 fratrem
3027 3713 3315 3766 Domini':
3357 3725 3384 3759 ν

1829 3816 2010 3878 utpote
2046 3811 2186 3877 quod
2222 3822 2307 3860 res
2351 3814 2498 3861 esset
2533 3818 2747 3872 magna.
2799 3811 2851 3856 et
2895 3803 3053 3871 digna
3086 3818 3206 3870 qua:
3235 3817 3389 3853 man-

1828 3901 2045 3956 daretur
2074 3899 2368 3960 memoriae,
2399 3897 2583 3951 videre
2610 3894 2888 3950 Iacobum.
2923 3895 3179 3959 Qualibus
3206 3903 3388 3946 autem

1830 3992 2215 4048 monitionibus
2261 3990 2328 4044 ad
2368 3988 2593 4046 Paulum
2637 4003 2766 4040 usus
2810 3988 2878 4040 sit
2921 3983 3176 4048 Iacobus,
3206 3993 3392 4052 aperto

1832 4087 1984 4146 sciet,
2035 4083 2125 4150 qui
2168 4083 2356 4148 legerit
2399 4081 2566 4132 Actus
2615 4078 3003 4142 apostolorum.
3061 4096 3078 4124 ι
3123 4077 3254 4128 Cum
3295 4091 3392 4128 nos

1832 4179 1973 4234 enim
2033 4175 2232 4245 (inquit
2297 4171 2492 4241 Lucas)
2544 4171 2882 4227 venissemus
2939 4169 3391 4238 Hierosolymam,

1832 4278 2162 4338 exceperunt
2190 4280 2290 4321 nos
2325 4279 2514 4319 onmes
2544 4263 2760 4318 fratres.
2808 4265 3067 4332 Sequenti
3101 4275 3275 4316 autem
3310 4264 3396 4316 die

1836 4365 2109 4432 ingressus
2159 4369 2243 4416 est
2297 4358 2494 4414 Paulus
2545 4359 2823 4414 nobiscum
2877 4358 2942 4412 ad
2996 4357 3278 4422 Iacobum,
3343 4366 3397 4409 et

147 4429 318 4513 έῦτδν
370 4450 422 4500 oi
481 4444 881 4516 πρεσϐύτερον
932 4446 1025 4497 κα)⁵
1084 4447 1474 4513 ἀσπασάμενος
1534 4447 1728 4508 αὐτοὺς

1786 4430 1807 4482 )
1837 4469 2025 4512 omnes
2072 4462 2420 4512 accesserunt
2462 4454 2762 4523 presbyteri
2795 4467 2808 4504 :
2841 4464 2976 4517 quos
3015 4464 3133 4500 curn
3165 4449 3396 4501 salutas-

147 4544 472 4614 ἐξηγήσατο
528 4535 649 4596 καθ’
679 4535 738 4592 ἓν
766 4535 997 4600 ἕκαστον
1027 4527 1102 4588 ῶν
1134 4536 1161 4587 6
1192 4535 1323 4598 Θεὸς
1353 4537 1577 4606 εποίησε
1626 4538 1728 4599 τοῖς

1838 4555 1940 4608 εει,
1991 4548 2234 4616 exposuit
2263 4543 2572 4614 singulatim
2599 4540 3018 4610 unumquodque
3044 4552 3256 4600 eorum,
3279 4551 3398 4606 quae

148 4637 373 4689 ῐθνεσιν
405 4633 498 4688 διὰ
544 4631 645 4699 τῆς
698 4628 974 4692 διακονίας
1013 4626 1199 4681 αὐτοῦ.
1232 4628 1295 4681 Οί
1324 4627 1379 4680 δὲ
1404 4629 1728 4691 ἀκούσαντες

1842 4637 1980 4690 Deus
2040 4639 2168 4690 fecit
2220 4637 2468 4704 gentibus
2517 4651 2611 4704 per
2662 4634 3020 4688 ministerium
3079 4647 3258 4684 suum.
3321 4629 3399 4682 Illi

151 4727 421 4791 ιδόξαξον
473 4723 567 4777 τὸν
601 4720 754 4786 Θεὸν,
796 4723 1042 4783 εἰπόντες
1089 4719 1168 4789 τῷ
1201 4719 1398 4787 Παύλῳ
1424 4736 1436 4750 ·
1478 4719 1728 4789 Θεωρεῖς,

1838 4742 2018 4784 autem
2070 4744 2192 4783 cum
2243 4729 2560 4786 audiissent,
2616 4725 3052 4790 glorificaverunt
3092 4723 3278 4782 Deum,
3316 4721 3399 4772 di-

156 4819 382 4886 ἀδιλιρὶ,
420 4815 590 4869 πόσαι
619 4811 874 4883 μυριάδες
907 4811 1043 4862 εἰσὶν
1075 4815 1132 4862 ὲν
1176 4814 1286 4871 τοῖς
1329 4812 1603 4875 Ἰουδαίοις
1631 4812 1728 4864 τῶι

1841 4827 2025 4875 centes
2075 4817 2284 4874 Paulo:
2337 4817 2520 4882 Vides,
2565 4814 2751 4881 frater,
2795 4831 2956 4884 quam
3014 4813 3178 4866 multa
3239 4811 3401 4864 millia

155 4905 663 4967 πεπιστευκότων,
711 4904 802 4956 καὶ
859 4901 1060 4964 πάντες
1112 4898 1352 4968 ζηλωταὶ
1403 4901 1498 4953 τοῦ
1569 4902 1728 4971 νόμον

1844 4920 1968 4966 sunt
2009 4911 2149 4964 inter
2195 4909 2410 4963 Iudmos
2446 4924 2633 4961 eorum
2670 4909 2759 4974 qui
2800 4906 3164 4967 crediderunt,
3194 4915 3245 4958 et
3281 4916 3405 4955 sunt

158 5001 540 5069 ὑπάρχουσιν*
584 4994 972 5064 κατηχήθησαν
997 4991 1052 5045 δὲ
1086 4993 1210 5061 περὶ
1248 4991 1362 5054 σοῦ,
1394 4992 1475 5044 ὅτι
1499 4992 1728 5047 ἀποστα·

1845 5015 2031 5055 omnes
2075 5000 2206 5069 legis
2248 5000 2632 5054 aemulatores:
2683 4997 2749 5050 de
2793 5005 2845 5050 te
2885 5008 3063 5050 autem
3097 4995 3404 5055 audierunt,

159 5093 292 5144 σίαν
320 5089 605 5148 διδάσκεις
628 5084 735 5138 ἀπὸ
770 5085 1011 5142 Μωσέως
1032 5085 1160 5144 τοὺς
1192 5086 1329 5136 κατά
1351 5086 1417 5136 τά
1444 5083 1571 5155 ἔθνη
1606 5087 1728 5138 πάν-

1847 5093 1987 5161 quod
2025 5100 2077 5144 tu
2113 5093 2269 5146 doees
2310 5107 2337 5142 a
2379 5089 2526 5145 Muse
2561 5089 2917 5144 defectionem
2950 5086 3162 5140 Indaaos
3197 5102 3399 5148 omnes,

157 5201 259 5246 τας
305 5180 628 5240 Ἰουδαίους.
661 5176 822 5230 Ἀλλά
859 5176 1016 5228 τοῦτο
1062 5177 1287 5246 ποίησον
1319 5178 1346 5230 ὃ
1380 5195 1461 5230 σοι
1490 5180 1718 5247 λέγομεν

1850 5183 1938 5251 qui
1987 5191 2113 5235 sunt
2162 5183 2211 5233 in
2255 5181 2522 5248 gentibus.
2561 5181 2666 5234 Sed
2703 5180 2787 5234 fac
2822 5183 2940 5236 huc.
2967 5180 3107 5246 quod
3144 5177 3235 5232 tibi
3268 5178 3406 5227 dici-

159 5275 463 5346 ἀγνίᾳθητι
518 5272 616 5322 σὺν
643 5271 711 5340 (ε)
743 5271 852 5330 τοῖς
881 5263 1032 5321 οὖσιν
1068 5268 1338 5337 ἀδελφοῖς,
1377 5273 1469 5324 καὶ
1497 5273 1728 5341 δαπάνη-

1852 5289 2012 5325 mus:
2064 5283 2187 5326 sunt
2238 5273 2389 5326 nobis
2440 5271 2537 5324 viri
2593 5282 2844 5340 quatuor,
2898 5279 3077 5322 vntum
3145 5266 3406 5318 habentes

160 5382 275 5428 σον,
307 5366 404 5419 καὶ
434 5364 737 5432 γνώσονται
761 5362 843 5414 ὅτι
881 5359 1007 5428 περὶ
1031 5355 1104 5413 ῶν
1134 5362 1468 5431 κατήχηνται
1497 5366 1622 5434 περὶ
1653 5365 1728 5418 σοί

1851 5374 2008 5434 super
2039 5380 2094 5417 se
2124 5381 2137 5418 :
2167 5365 2249 5418 his
2295 5365 2601 5434 assumptis,
2644 5363 2918 5416 sancrilica
2955 5371 3002 5413 re
3035 5376 3152 5413 cum
3189 5358 3314 5424 illis,
3357 5369 3408 5411 et

159 5461 317 5515 οὐδέν
352 5461 529 5511 ἐστι.»
570 5455 795 5517 Πάντως
821 5455 877 5506 δὲ
913 5446 1309 5519 ῙΙακώϐου⁹δέόν
1337 5458 1728 5527 ὑπολαμϐάνει.

1855 5459 2100 5526 impende
2148 5460 2197 5510 in
2249 5457 2370 5518 illis,
2417 5467 2471 5510 ut
2516 5455 2705 5511 radunt
2753 5457 2965 5524 capita:
3006 5465 3057 5512 et
3086 5460 3411 5520 cognoscent

254 5632 276 5657 '
324 5633 448 5682 Act.
494 5626 818 5688 κν,1ι.15.
919 5628 937 5656 ⁸
975 5623 1221 5678 Ibid.19.
1307 5621 1531 5677 7Calan.
1573 5639 1608 5683 ι,
1658 5621 1734 5675 19.

231 5769 305 5834 (τι)
340 5765 518 5819 Etiam
577 5762 666 5814 hic
715 5761 862 5816 lucus
907 5775 968 5816 ex
1013 5763 1127 5816 Art.
1167 5777 1252 5815 xu
1288 5762 1455 5831 magis
1514 5763 1717 5828 integre
1763 5760 1986 5814 habetur
2022 5763 2068 5812 in
2104 5760 2290 5813 eadem
2325 5758 2585 5809 \crsione,
