4196 6306
155 354 248 417 217

1210 363 1384 424 ἨΤΑ
1429 365 1492 425 S.
1531 365 1778 424 ACACII
1825 366 2308 427 CAPPADOClS.

3263 356 3372 423 918

223 473 348 524 KA'.
389 468 576 522 Ταῦτα
605 469 744 523 οὕτω
799 469 1077 541 συνῆλθεν,
1116 470 1210 522 καὶ
1257 473 1560 541 προσετέθη
1601 475 1711 535 τοῖς

1886 471 2026 528 XXI.
2083 473 2206 529 Haec
2261 476 2331 529 ita
2387 481 2706 537 evenerunt,
2750 471 2987 528 Sanctus
3040 471 3255 527 additus
3308 483 3390 526 est

154 563 318 631 ἁγίοις
345 564 373 614 6
398 562 578 630 ἅγιος,
610 564 720 624 τοῖς
748 561 1014 630 μάρτυσιν
1037 563 1065 613 6
1093 562 1323 631 μάρτυς,
1356 566 1468 626 τοῖς
1493 564 1720 627 δικαίοις

151 653 399 715 όδξκαιος
456 653 552 705 καὶ
607 651 683 704 ὣν
720 653 813 704 καὶ
852 651 1291 721 ὀνομαζόμενος·
1319 654 1377 708 ὲν
1404 655 1720 718 ἐπισκόποις

151 742 361 811 πρῶτος
405 744 498 796 τὸν
551 743 888 813 μαρτυρικδν
943 743 1352 812 ἀναδησάμενος
1426 745 1718 812 στέφανον.

148 832 251 887 Ἦν
278 835 375 904 μὲν
404 836 511 905 γὰρ
542 837 860 904 προφθάσας
883 837 942 888 ὲν
961 836 1228 900 διακόνοις
1261 839 1287 888 ὁ
1321 837 1613 904 Στέφανος,
1661 838 1720 890 ὲν

149 929 468 990 ἀποστόλοις
490 930 516 980 6
534 929 820 982 Ζεὸεδαίου
851 927 1109 992 Ἰάκωϐος
1132 947 1145 962 ο
1173 930 1268 981 νῦν
1298 930 1351 981 δὲ
1369 931 1396 982 6
1430 931 1718 999 ἀρχιερεὺς

149 1019 222 1085 τῷ
245 1016 733 1090 πρώτῳάρχιερεῖ
777 1020 1001 1090 Χριστῷ
1032 1018 1424 1090 ἠκολούθησεν,
1454 1022 1481 1071 6
1508 1021 1718 1088 μάρτυς

149 1109 221 1174 τῷ
248 1109 389 1180 ὑπὲρ
442 1109 536 1163 τοῦ
565 1111 772 1178 κόσμου
822 1114 1020 1174 παντὸς
1052 1113 1110 1163 τ’)
1141 1106 1280 1180 αἷμα
1335 1111 1396 1164 τὸ
1423 1111 1556 1164 ἴδιον
1586 1111 1717 1163 ὐπο-

152 1198 351 1266 σχόντι.
411 1201 600 1252 Πόσων
652 1218 734 1254 σοι
765 1200 924 1254 θείων
970 1201 1298 1272 ἀξιωμάτων
1353 1202 1508 1254 πόσοι
1541 1218 1716 1270 χρεω-

152 1289 405 1344 στοῦνταί
445 1308 528 1344 σοι
565 1294 840 1360 στέφανοι,
878 1292 955 1361 τῷ
989 1292 1324 1362 μαθητῇ,τῷ
1352 1295 1616 1364 ἀρχιερεῖ,
1641 1291 1719 1360 τῷ

149 1382 362 1450 δικαίῳ,
417 1381 495 1450 τῷ
549 1381 843 1452 θεαδέ).ιρῳ,
877 1383 957 1453 τῷ
1011 1384 1273 1454 μάρτυρι,
1303 1385 1380 1452 τῷ
1410 1386 1438 1438 ὃ
1473 1401 1526 1436 τι
1548 1385 1612 1438 ἄν
1637 1400 1719 1446 τις

149 1471 290 1521 ιῐποι
345 1469 457 1522 τῶν
501 1471 720 1537 ἀγαθῶν
747 1473 810 1524 ἐκ
847 1475 1164 1543 περιουσίας
1211 1473 1411 1543 ἔχοντι,
1451 1476 1528 1536 είς
1563 1474 1721 1537 δόξαν

152 1561 416 1631 Πατέρος,
452 1560 582 1614 Υίοῢ
635 1563 731 1615 καὶ
757 1564 914 1631 ἁγίου
961 1565 1305 1634 Πνεύματος,
1333 1567 1431 1636 τῆς
1459 1568 1585 1635 μιᾶς
1627 1568 1722 1620 καὶ

1823 567 2052 630 sanctis,
2091 566 2296 634 Marlyr
2322 567 2670 638 martyribus,
2693 565 2855 635 justis
2874 567 2964 635 qui
2984 561 3171 618 Justus
3192 574 3304 616 eral
3341 564 3396 619 et

1824 655 2227 720 nominabatur,
2289 657 2486 727 quippe
2535 658 2742 723 primus
2795 656 2934 709 inter
2979 655 3258 721 episcopos
3293 650 3390 705 fuit

1823 747 2111 817 tnartyrica
2163 761 2361 800 corona
2415 749 2720 802 redimitus.
2781 746 2912 799 Nam
2956 747 3094 799 inter
3139 745 3393 797 diaconos

1821 837 2039 907 quidem
2089 839 2364 908 prtecessit
2393 837 2725 906 Stephanus,
2758 842 2900 893 inter
2923 835 3195 906 apoSIolos
3229 834 3386 887 Zebe.

1820 930 1919 984 (1εεί
1950 928 2184 984 Jacohus
2218 946 2232 984 :
2269 945 2414 984 nunc.
2462 942 2638 987 autem
2693 929 2938 997 pontifex
2973 928 3249 982 Christum
3278 926 3392 994 pri-

1821 1035 1963 1073 mum
2003 1020 2315 1075 Pontilicem
2339 1031 2421 1074 est
2454 1032 2672 1075 secutus
2700 1038 2714 1085 ;
2754 1031 2960 1093 martyr
2990 1035 3137 1083 eum,
3165 1018 3257 1088 qui
3297 1030 3394 1085 pro

1821 1112 2077 1166 universo
2154 1114 2354 1165 mundo
2415 1114 2693 1180 pr0prium
2756 1113 2988 1181 prahuit
3048 1108 3393 1177 sanguinem.

1818 1200 1989 1265 Quam
2013 1204 2306 1256 multarum
2336 1204 2644 1258 divinarum
2673 1205 2987 1273 dignitatum
3022 1219 3181 1272 quam
3212 1200 3393 1254 multis:

1822 1291 1915 1344 tibi
1948 1293 2139 1346 deliine
2170 1304 2294 1345 sunt
2331 1310 2567 1359 coronm,
2617 1295 2903 1365 discipulo,
2940 1292 3393 1365 pontifici,justo,

1820 1380 1914 1437 Dei
1946 1383 2118 1448 fratri,
2159 1386 2426 1454 martyri?
2457 1389 2549 1454 qui
2592 1388 2850 1456 quidquid
2887 1387 3009 1440 ι)οηὶ
3045 1386 3241 1439 dixerit
3271 1383 3394 1452 qui-

1821 1475 2013 1549 Spiam,
2069 1475 2234 1529 habes
2279 1491 2342 1529 ex
2375 1476 2705 1531 abundantia
2758 1495 2773 1530 :
2822 1478 2887 1531 ad
2933 1477 3157 1546 gloriam
3194 1473 3392 1532 Patris.

1822 1566 1943 1619 Filii
1973 1575 2026 1618 et
2060 1554 2294 1634 Spiritus
2323 1570 2520 1632 sancti,
2571 1585 2693 1639 qua:
2724 1579 2806 1623 est
2839 1585 2943 1622 una
2976 1577 3026 1621 et
3059 1564 3391 1635 inseparabi-

149 1653 453 1722 ἀχωρίστου
475 1652 762 1723 Θεότητος,
857 1654 1056 1722 πρέπει
1088 1657 1238 1708 πᾶσα
1270 1654 1418 1719 δόξα.
1447 1657 1603 1725 τιμὴ,
1631 1655 1723 1709 καὶ

153 1743 621 1811 μεγαῖοπρέπεια,
647 1743 741 1796 νῦν
767 1749 858 1798 καὶ
885 1746 995 1808 ἀεὶ,
1029 1748 1122 1798 καὶ⁵
1161 1748 1240 1808 είς
1266 1747 1389 1806 τοὺς
1427 1746 1719 1814 ἀτελευτή-

150 1849 269 1894 τους
292 1832 501 1896 αἰῶνας
537 1834 646 1887 τῶν
667 1833 900 1888 αἰώνων.
934 1837 1129 1906 ’Δμήν.

1822 1658 1889 1712 lis
1917 1658 2196 1727 dis-initas,
2227 1671 2280 1715 et
2308 1676 2468 1729 quam
2500 1663 2656 1717 decet
2688 1664 2865 1715 omnis
2893 1662 3064 1715 honor
3094 1669 3146 1712 et
3186 1658 3393 1724 magni-

1823 1746 2022 1807 ccntia,
2065 1763 2209 1802 nunc
2257 1758 2308 1802 et
2357 1765 2595 1818 semper,
2647 1751 2789 1804 etin
2825 1749 3018 1804 sarcula
3048 1748 3390 1802 seculorum.

1751 1830 1793 1884 Β
1823 1837 2017 1894 Arnen.

150 1983 3381 2015 mm

645 2144 1277 2234 ΜΑΡΤΥΡΙΟΝ
1353 2149 1583 2236 ΤΟΥ
1653 2151 1992 2236 ΑΓΙΟΥ
2071 2152 2260 2233 ΚΑΙ
2341 2147 2876 2239 ΕΝΔΟΞΟΥ

1192 2321 1849 2386 ΜΕΓΑΛΟΜΑΡἸῪΡΟΣ
1886 2332 2022 2386 ΤΟΥ
2056 2335 2351 2389 ΧΡΙΣΤοΐ

370 2497 1402 2670 ΑΚΑΚΙΟΥ
1530 2504 3175 2677 ΚΑΙΙΠΑΔΟΚΟΣ.

711 2921 1204 2984 MARTYRIUM
1249 2921 1536 2985 SANCTI
1579 2921 1684 2986 ΕΤ
1726 2926 1738 2985 1

1819 2924 1879 2983 ill
1895 2921 2048 2980 EGll
2089 2923 2409 2983 CHRISTI
2455 2925 2783 2986 MAR'l'Yll
2798 2927 2868 2986 IS

824 3110 1452 3268 ACAClI
1569 3116 2738 3270 CAPPADOCIS

552 3383 753 3446 (Sin-lus
773 3382 832 3433 ad
852 3379 982 3433 diem
1015 3385 1046 3435 8
1068 3382 1207 3445 Maii;
1236 3385 1407 3436 Graece
1439 3398 1571 3437 nunc
1594 3385 1802 3448 primum
1824 3383 1989 3447 prodit
2019 3397 2080 3437 ex
2108 3388 2218 3437 sed.
2253 3388 2378 3453 Reg.
2417 3386 2556 3440 Paris
2579 3387 2715 3450 1554,
2746 3401 2861 3441 sae.
2887 3401 2956 3441 sn
2983 3401 3002 3453 ι

1732 3540 1801 3555 Ὦ

217 3650 298 3707 A'.
335 3650 536 3723 Τρίτον
565 3650 728 3706 τοῦτο
764 3652 858 3706 τοῦ
901 3655 1210 3724 μισοκάλου.
1241 3655 1338 3711 καὶ
1364 3658 1624 3728 παμπονή
1637 3676 1730 3726 ρου

1914 3657 1954 3712 l.
1983 3656 2114 3710 Cum
2143 3653 2302 3710 tertio
2327 3655 2592 3709 bonorum
2629 3655 2868 3710 omnium
2899 3657 3090 3720 hosﬁs,
3144 3665 3196 3713 et
3256 3657 3405 3714 omni

141 3743 442 3812 δράκοντος
476 3744 706 3797 λαίλαπι
734 3747 1055 3813 κινήσαντος
1091 3750 1231 3802 κατά
1281 3750 1391 3802 τῶν
1445 3750 1539 3821 τοῦ
1595 3751 1731 3802 Θεοῦ

1835 3765 1897 3803 cx
1942 3759 2095 3816 parte
2140 3748 2576 3817 improbissimus
2607 3749 2772 3801 draco
2820 3748 3088 3814 diabolus,
3148 3751 3408 3806 adversus

142 3834 351 3885 δούλων
379 3836 474 3885 ἐπὶ
505 3833 856 3901 Μαξιμιανοῦ
889 3836 980 3888 τοῦ
1014 3837 1268 3907 γαμόροῦ
1320 3839 1730 3908 Διοκλητιανοῦ,

1839 3841 1929 3894 Dei
1963 3855 2147 3894 servos
2201 3839 2463 3892 turbinem
2536 3840 2920 3892 commovisset
2969 3841 3066 3893 sub
3120 3841 3410 3896 Maximino

144 3925 264 3977 υίοῦ
298 3927 357 3978 δὲ
395 3926 494 3977 καὶ
530 3926 943 3992 ὑπερασπιστοῦ
983 3928 1074 3979 τοῦ
1109 3929 1344 3992 Σατανᾶ,
1401 3930 1602 3990 εὐθέως
1640 3933 1734 3981 καὶ

1841 3930 2160 3985 Diocletiani
2189 3944 2411 3996 genero,
2454 3940 2505 3981 et
2538 3928 2704 3996 ipsius
2751 3929 2965 3982 Salaoze
3019 3931 3127 3982 lilio
3169 3947 3231 3982 ac
3280 3947 3411 4001 pro-

141 4017 208 4068 τά
234 4017 459 4085 πονηρά
502 4017 599 4068 καί
630 4016 801 4083 ἀσεϐῆ
855 4017 1202 4084 διατάγματα
1232 4019 1424 4073 τούτου
1465 4024 1604 4073 κατὰ
1631 4023 1735 4074 πᾶα

1839 4034 2161 4092 pugnatore,
2190 4021 2368 4074 statim
2401 4021 2562 4088 impia
2591 4021 2708 4088 ejus
2735 4021 2908 4074 edicta
2961 4037 3056 4089 per
3103 4037 3292 4076 omnes
3315 4025 3412 4075 ‘rc-

143 4125 245 4161 61V
275 4110 476 4179 χώραν
511 4111 897 4179 ἑπεφοίτησεν,
939 4112 1068 4166 ἔνθα
1097 4113 1484 4181 προσέταττεν,
1512 4113 1651 4166 ὥστε
1680 4117 1735 4164 ἐν

1836 4116 2030 4186 κίονος
2056 4112 2213 4163 tttiSsa
2243 4119 2387 4163 sunl.
2424 4109 2631 4165 Edictis
2663 4121 2844 4163 autem
2895 4111 2999 4164 illis
3039 4110 3090 4164 id
3136 4111 3414 4194 praecipie-

140 4201 298 4271 πάσῃ
364 4197 547 4258 πόλει,
585 4200 638 4250 ετ
690 4217 771 4270 τις
824 4203 898 4269 μὴ
930 4201 1170 4268 βούλοιτο
1203 4203 1268 4270 τῇ
1327 4200 1590 4270 θεραπεία
1628 4202 1735 4253 τῶν

1842 4206 2020 4266 batur,
2055 4213 2112 4255 ut
2143 4204 2193 4254 in
2230 4201 2374 4253 omni
2419 4201 2571 4263 urbe,
2620 4202 2663 4253 si
2712 4201 2833 4270 quis
2883 4211 3046 4264 esset,
3101 4203 3192 4270 qui
3248 4201 3414 4255 nollet

144 4289 286 4342 θεῶν
313 4290 644 4358 προσιέναι,
666 4289 856 4343 τοῦτον
880 4292 1270 4362 ἀπαραιτήτως
1315 4292 1463 4363 πάσῃ
1498 4293 1736 4363 τιμωρία

1840 4291 2065 4346 deorum
2121 4287 2387 4344 culturam
2447 4288 2628 4355 obire,
2684 4291 2802 4346 sine
2868 4290 3187 4344 remissione
3236 4291 3413 4360 aliqua

141 4380 563 4448 ὑποϐληθῆναι.
603 4383 714 4434 Καὶ
741 4381 915 4436 ταῦτα
951 4383 1049 4453 μὲν
1072 4383 1211 4450 πρὸς
1238 4383 1364 4446 τοὺς
1411 4383 1514 4447 ἔξω
1543 4382 1738 4453 ἄρχον.

1841 4384 2094 4436 omnihns
2116 4383 2391 4450 suppliciis
2418 4397 2481 4437 ac
2508 4385 2793 4437 tormentis
2823 4384 3203 4452 subjiceretur.
3227 4384 3414 4438 Edicta

139 4487 242 4536 τας
287 4473 616 4537 ἐθέσπισεν,
670 4474 822 4542 φόϐῳ
858 4473 1036 4526 πάντα
1063 4475 1156 4526 καὶ
1179 4474 1425 4528 κινδύνου
1458 4475 1735 4544 βασιλικοῦ

1849 4488 1977 4527 vero
2004 4471 2118 4542 ipsa
2156 4472 2303 4525 omni
2362 4480 2567 4525 terrore
2589 4483 2644 4525 et
2684 4472 2955 4540 regalibus
2988 4474 3147 4526 minis
3184 4487 3248 4527 ac
3270 4474 3413 4543 peri-

139 4565 400 4633 γέμοντα
419 4580 435 4594 ·
463 4563 600 4628 πρὸς
617 4563 672 4616 δὲ
698 4562 910 4623 τούτοις
937 4563 1034 4616 καὶ
1058 4567 1171 4625 τοῖς
1193 4564 1287 4617 τοῦ
1315 4565 1550 4634 στρατοῦ
1574 4566 1738 4620 αὐτοῦ

1843 4565 1985 4621 culis
2039 4563 2238 4618 referta
2285 4572 2458 4617 erant.
2509 4563 2589 4617 Ad
2631 4564 2746 4617 haec
2786 4573 2837 4618 et
2867 4563 3137 4619 exercitus
3191 4564 3418 4618 ducibus

138 4657 395 4728 ἡγεμόσι
418 4655 599 4706 ταῦτα
633 4654 1065 4723 παρηγγέλλετο,
1098 4653 1240 4709 ὥστε
1264 4656 1316 4708 ετ
1342 4673 1424 4715 τις
1447 4657 1553 4712 τῶν
1577 4674 1738 4725 στρα-

1845 4663 2174 4724 praeceptum
2233 4654 2353 4718 fuit,
2401 4663 2459 4706 ut
2487 4653 2535 4707 si
2567 4656 2737 4722 quise
2765 4655 3030 4710 militibus
3077 4656 3417 4724 imperatoris

135 4750 364 4803 τιωτῶν
402 4747 488 4818 μὴ
527 4746 725 4818 ὑπείκῃ
776 4750 889 4810 τοῖς
920 4749 1308 4820 προστάγμασι
1352 4749 1445 4801 τοῦ
1481 4749 1741 4818 βασιλέως

133 4844 216 4904 είς
255 4841 368 4910 τὴν
429 4839 732 4909 θεραπείαν
764 4839 876 4892 τῶν
907 4840 1068 4900 θεῶν,
1129 4841 1329 4910 μᾶλλον
1353 4841 1410 4893 δὲ
1449 4841 1737 4906 δαιμόνων,

137 4932 341 4989 τοῦτον
408 4930 639 5000 δέσμιον
694 4933 806 4994 τοῖς
844 4931 948 4998 ἔξω
997 4931 1370 5002 δικαστηρίοις
1399 4931 1635 4984 δίδοσθαι
1662 4935 1740 4994 είς

133 5024 465 5094 τιμωρίαν.

206 5116 287 5168 Β’.
340 5114 445 5166 Ἐν
501 5110 674 5181 τούτῳ
720 5115 902 5167 τοίνυν
949 5114 1026 5185 τῷ
1055 5117 1244 5186 ,καιρῷ
1272 5116 1367 5168 καὶ
1391 5117 1455 5170 τά
1487 5117 1626 5169 κατὰ
1655 5118 1744 5170 τὸν

1845 4749 2046 4810 edicto,
2080 4746 2220 4815 quod
2268 4746 2334 4798 ad
2375 4746 2596 4798 deorum
2638 4745 2721 4799 vel
2766 4746 2833 4798 ad
2881 4745 3184 4800 daemonum
3238 4749 3416 4814 potius

1846 4840 2116 4894 culturam
2170 4836 2483 4905 pertineret,
2549 4851 2651 4889 non
2719 4835 2984 4901 obcdiret,
3049 4836 3136 4889 ille
3189 4836 3418 4889 vinculis

1851 4931 2119 4991 astrictus,
2154 4927 2514 4982 tribunalibus
2546 4929 2612 4981 ad
2655 4929 2915 4997 supplicia
2946 4928 3266 4997 perferenda
3306 4937 3418 4980 tra-

1775 4991 1824 5048 D
1852 5029 2088 5082 deretur.

1923 5115 1986 5170 ll.
2021 5115 2282 5185 Tempore
2313 5115 2408 5168 illo
2435 5115 2603 5169 sancti
2632 5114 2809 5168 Acacii
2839 5114 3088 5183 martyris
3111 5113 3247 5167 facta
3274 5112 3420 5168 cillo-

1852 5216 2100 5267 ruerunt,
2153 5207 2241 5274 qui
2294 5209 2371 5259 rei
2422 5207 2533 5273 ipsa
2591 5221 2784 5258 nomen
2827 5220 2980 5257 suum
3021 5199 3415 5274 comprobavit,

1854 5316 1973 5352 rum
2031 5301 2163 5353 nihil
2207 5301 2429 5354 omnino
2484 5298 2744 5353 malorum
2800 5298 3096 5353 ilazmonum
3153 5300 3422 5366 particeps

137 5205 437 5276 μακάριον
475 5203 572 5256 καὶ
611 5203 765 5270 ἅγιον
803 5207 1056 5278 μάρτυρα
1095 5207 1188 5259 τοῦ
1213 5207 1449 5277 Χριστοῦ
1494 5209 1745 5263 Ἀκάκιον

131 5290 225 5348 ἑὸν
254 5292 500 5364 ἀληθῶς
559 5293 898 5364 φερωνύμως
960 5299 1026 5364 τῇ
1060 5295 1180 5364 θείᾳ
1222 5295 1416 5366 πράξει
1463 5314 1744 5367 μαρτυρη-

133 5387 307 5440 θέντα
349 5387 459 5438 καὶ
500 5385 670 5453 μηδὲν
695 5385 790 5438 τοῦ
825 5386 997 5439 κακοῦ
1033 5390 1374 5456 μετασχόντα
1401 5387 1433 5458 ἢ
1463 5387 1738 5457 πράξαντά

1853 5391 2038 5454 fuerit,
2076 5405 2248 5459 neque
2283 5390 2575 5459 quidquam
2608 5390 2796 5459 egerit,
2837 5390 2978 5456 quod
3009 5403 3132 5442 cum
3164 5389 3416 5443 malitiosi

133 5496 185 5531 τι
209 5483 317 5548 τῆς
373 5478 640 5545 πονηρᾶς
668 5477 764 5529 καὶ
798 5477 1198 5548 κακεντρεχοῦς
1256 5479 1422 5532 αὑτοῦ
1459 5480 1738 5550 μηχανῆς·

1848 5483 2044 5538 diaboli
2091 5483 2364 5536 machinis
2409 5483 2748 5535 conveniret.
2782 5478 2879 5532 llic
2914 5481 2993 5533 vir
3037 5481 3415 5534 sanctissimus

135 5567 296 5634 οὗτος
325 5568 391 5620 δὲ
427 5562 499 5637 ἦν
531 5569 558 5620 6
579 5567 758 5634 ἅγιος,
792 5568 980 5635 γένους
1017 5570 1119 5632 μὲν
1154 5569 1558 5634 Καππαδοκῶν,
1591 5573 1655 5640 τῇ
1691 5569 1738 5621 δὲ

1849 5573 1948 5626 fuit
1978 5588 2173 5643 genere
2202 5572 2511 5643 Cappadox,
2563 5584 2617 5626 et
2646 5573 2954 5626 conditione
2985 5573 3200 5638 quidem
3236 5569 3416 5634 miles,

135 5662 279 5730 τύχῃ
317 5656 705 5730 στρατιώτης,
737 5661 803 5727 τῇ
843 5659 896 5710 δὲ
925 5659 1178 5726 προθέσει
1209 5661 1448 5730 ἀθλητὴς
1487 5660 1578 5714 τοῦ
1607 5663 1738 5732 Χρι-

1845 5677 1894 5718 at
1931 5666 2207 5734 proposito
2255 5675 2308 5719 et
2338 5665 2633 5726 voluntate,
2681 5663 2878 5717 Christi
2932 5661 3168 5724 athleta;
3229 5660 3414 5726 itaque

139 5752 268 5804 σποῦ
342 5755 450 5805 καὶ
482 5749 656 5805 ταῦτα
680 5749 927 5820 ικόσμει,
963 5751 1051 5805 καὶ
1079 5752 1250 5818 γένος,
1302 5755 1392 5805 καὶ
1431 5755 1738 5824 στρατιὶαν,

1845 5768 1895 5812 et
1921 5773 2110 5826 genus,
2142 5767 2189 5810 et
2214 5758 2417 5813 ordinis
2451 5757 2770 5826 dignitatem
2801 5756 3104 5810 exornavit.
3160 5752 3285 5821 Ejus
3328 5751 3412 5806 {a-
