4196 6306
816 371 921 434 101

2129 364 2412 423 MENSIS
2455 363 2723 424 MAIUS.

3964 363 4066 424 208

818 491 1134 568 placeamus
1166 482 1491 547 hominibus,
1528 494 1700 548 neque
1729 491 2038 548 quaeramus
2071 476 2292 546 gloriam
2330 489 2392 528 ex

2507 473 2739 538 ἐπίλεξιν
2768 474 3052 540 γενόμενον
3096 473 3328 543 ἀναιρεῖ,
3356 472 3620 526 διδάσκων
3657 473 3732 543 μὴ
3767 472 3902 541 πρὸς
3935 472 4064 540 ἀρέ-

820 567 1147 640 hominibus,
1170 575 1391 628 humilia
1416 584 1469 628 et
1495 574 1704 642 ahjecta
1729 571 2029 638 cogitantes
2059 585 2073 623 :
2104 569 2195 621 sed
2221 567 2386 620 Deum

815 673 989 726 solum
1033 681 1298 727 amemus,
1348 672 1400 717 et
1448 663 1565 730 ejus
1605 661 1746 729 quod
1785 660 1842 713 lit
1886 658 2183 712 habeamus
2213 658 2386 726 ipsum

817 766 1178 822 laudatorem,
1197 769 1251 812 et
1282 757 1774 810 remunerationem
1801 754 1866 806 ab
1897 767 1961 805 eo
1987 759 2384 819 exspectemus.

818 857 1052 911 Diccndo
1089 868 1216 904 vero
1250 866 1372 904 eum
1407 849 1575 914 legem
1611 845 1834 912 implere
1873 843 2100 909 regiam,
2147 840 2236 908 qui
2268 839 2387 889 dilio

812 952 887 1019 git
919 937 1223 1016 proximum
1254 940 1393 993 sieut
1425 937 1683 1004 seipsum,
1720 932 1920 986 euitat
1953 930 2016 982 ad
2048 927 2273 980 fratrum
2307 925 2388 975 di-

816 1016 1135 1094 lectionem,
1186 1045 1249 1082 ex
1311 1027 1426 1095 ejus
1484 1024 1573 1093 qui
1630 1024 1798 1091 legem
1861 1019 2059 1072 tulerat
2109 1016 2385 1082 dignitate,

815 1137 993 1187 sciens
1023 1129 1183 1196 hujus
1218 1120 1475 1194 pracepti
1519 1114 1945 1186 magnitudinem
1989 1119 2041 1166 et
2090 1105 2387 1177 pulchritu-

815 1230 994 1282 dinem
1024 1233 1126 1277 :-et
1160 1217 1303 1287 quod
1334 1215 1489 1284 plena
1525 1211 1658 1279 legis
1686 1206 2023 1276 adimpletio,
2064 1210 2148 1255 est
2173 1198 2390 1253 dilectio

817 1321 869 1371 iu
905 1317 1252 1384 proximum;
1304 1321 1355 1364 et
1394 1305 1496 1360 hoc
1532 1303 1708 1372 ipsum
1748 1307 1831 1353 est
1861 1310 2069 1352 summa
2101 1293 2387 1347 bonorum.

889 1585 957 1642 Χ,
1009 1581 1293 1650 Quomodo
1339 1583 1518 1628 autem
1571 1575 1748 1624 movet
1799 1565 1864 1618 ad
1921 1552 2391 1616 misericordiam?

823 1680 1053 1733 Terreus
1082 1665 1497 1728 immisericordi
1532 1673 1585 1716 et
1617 1656 1939 1719 inevitabili,
1967 1652 2107 1723 quod
2134 1651 2242 1704 illic
2285 1655 2388 1711 est,

821 1771 1039 1840 judicio.
1080 1785 1097 1816 ι
1137 1763 1430 1822 Judicium,
1485 1755 1701 1824 inquit,
1745 1753 1862 1806 sine
1910 1743 2277 1801 misericordia
2313 1741 2387 1803 ei,

2496 582 2683 616 σκειαν
2735 563 2882 633 βιοῦν
2913 563 3288 634 ἀνθρωπίνην,
3352 565 3486 634 μηδὲ
3539 564 3638 634 τὴν
3680 566 3738 628 ἒξ
3762 564 4066 635 ἀνθρώπων

2493 656 2769 726 ἐπιζητεῖν
2790 657 2967 720 δόξαν,
2997 656 3306 726 χαμαίζηλα
3332 655 3660 727 φρονοῦντας
3695 657 3784 708 καὶ
3815 654 4063 707 ταπεινά·

2493 748 2627 802 ἀλλά
2679 747 2811 798 Θεὸν
2866 748 3023 816 μόνον
3063 749 3257 816 φιλεῖν,
3319 751 3410 801 καὶ
3453 749 3746 815 ἐπαινέτην
3800 749 3946 816 ἔχειν
3975 747 4064 800 τοῦ

2493 841 2805 911 γινομένου,
2843 842 2936 890 καὶ
2967 842 3092 909 παρ’
3123 840 3289 892 αὐτοῦ
3320 840 3418 910 τὴν
3461 841 3732 892 ἀντίδοσιν
3771 839 4065 906 ἀπεκδέχε-

2495 936 2641 988 σοαι.
2680 932 2770 1002 Τῷ
2801 933 2857 984 δὲ
2909 934 3004 984 καὶ
3037 933 3196 999 νόμον
3225 934 3390 998 φάναι
3431 931 3707 1001 βασιλικὸν
3757 928 4066 999 ἐκπληροῦν

2491 1028 2580 1079 τὸν
2610 1026 2914 1093 ἀγαπῶντα
2941 1025 3031 1075 τὸν
3064 1023 3289 1092 πλησίον
3321 1023 3393 1084 ὡς
3424 1023 3632 1086 ἑαυτὸν,
3677 1023 3810 1089 πρὸς
3841 1021 3940 1091 τὴν
3965 1020 4068 1072 τῶν

2490 1118 2732 1186 ἀδελφῶν
2763 1117 2985 1184 ἀγάπην
3006 1115 3292 1182 διερεθίζει
3321 1113 3399 1182 τῷ
3429 1113 3697 1182 ἀξιώματι
3727 1112 3820 1164 τοῦ
3845 1110 4066 1179 νομοθε-

2491 1212 2776 1276 τήσαντος,
2810 1207 2908 1274 τῆς
2945 1205 3166 1271 ἐντολῆς
3195 1203 3397 1272 ταύτης
3423 1201 3578 1265 εἰδὼς
3621 1203 3680 1254 τὸ
3714 1201 3943 1270 μέγεθος
3975 1200 4065 1252 καὶ

2492 1301 2553 1353 τὸ
2587 1300 2803 1362 κάλλος,
2833 1298 2926 1349 καὶ
2956 1298 3037 1348 ὅτι
3072 1296 3344 1364 πλήρωμα
3381 1295 3548 1361 νόμου
3579 1295 3612 1363 ή
3652 1293 3787 1362 πρὸς
3814 1292 3905 1344 τὸν
3940 1291 4067 1359 πληο

2496 1390 2611 1442 σίον
2633 1389 2844 1457 ἀγάπη,
2873 1390 2965 1439 καὶ
2988 1387 3144 1440 τοῦτο
3170 1387 3234 1456 δὴ
3262 1385 3419 1438 τοῦτο
3444 1385 3552 1437 τῶν
3577 1383 3798 1452 ἀγαθῶν
3821 1384 3882 1435 τὸ
3901 1383 4070 1450 κεφά·

2494 1482 2669 1537 λαιον.

2566 1576 2620 1626 ι’.
2655 1575 2843 1636 Ὅπως
2877 1573 2932 1626 δὲ
2965 1571 3058 1626 καὶ
3095 1569 3227 1639 πρὸς
3263 1569 3412 1622 ἔλεον
3448 1567 3698 1638 διεγείρει
3729 1585 3742 1632 ;
3793 1566 3954 1620 Μάλα
3989 1583 4072 1619 σο-

2494 1665 2608 1734 φῶς
2631 1664 2898 1717 δυσωπῶν
2925 1663 3001 1732 τῷ
3036 1662 3254 1731 ἁνηλεεῖ
3287 1661 3381 1712 καὶ
3406 1659 3782 1729 ἀπαρακλήτῳ
3812 1660 3908 1728 τῆς
3933 1659 4067 1710 ἐκεῖ·

2497 1757 2587 1810 θεν
2614 1757 2868 1825 κρίσεως.
2916 1774 2932 1805 ι
2964 1753 3210 1805 Ἀνέλεον
3262 1769 3294 1818 γ
3343 1768 3371 1820 ρ
3404 1750 3506 1818 ἔφη
3558 1751 3655 1819 τὴν
3689 1750 3867 1817 κρίσιν
3888 1747 3966 1817 τῷ
4002 1747 4071 1816 μὴ

822 1819 980 1840 δ--η-ε-
1029 1819 1036 1820 ί
1417 1819 1425 1822 -
1561 1819 1578 1824 -

822 1884 909 1933 qui
943 1879 1046 1915 non
1079 1858 1204 1912 fecit
1235 1850 1659 1908 misericordiam
1695 1863 1706 1899 :
1748 1864 1765 1896 ›
1798 1857 1891 1912 per
1926 1842 2024 1894 hoc
2063 1836 2391 1895 concedens,

2507 1854 2784 1918 ποιήσαντι
2805 1846 2951 1898 ἔλεον
2977 1863 3020 1896 Ὶ
3057 1846 3147 1897 καὶ
3176 1840 3628 1910 κατακαυχᾶσθαι
3650 1841 3795 1892 ἔλεον
3818 1839 4071 1908 κρίσεως,

823 1930 876 2009 ut
911 1949 1276 2007 misericordia
1304 1944 1566 2015 glorietur
1596 1940 1714 2007 plus
1753 1951 1912 2006 quain
1940 1930 2233 2002 judicium,
2261 1940 2396 1994 qua-

827 2060 983 2100 tenus
1029 2043 1103 2095 illi
1145 2040 1235 2092 dat
1277 2034 1582 2088 victoriam.
1615 2031 1752 2094 Quin
1781 2028 1944 2080 etiam
1970 2025 2040 2077 ita
2072 2022 2206 2075 dicit
2238 2020 2394 2071 (idem

825 2155 957 2208 Opus
1001 2137 1196 2189 habere
1247 2130 1484 2189 actione,
1534 2125 1675 2179 sicut
1730 2134 1925 2188 corpus
1977 2125 2099 2186 eget
2157 2115 2391 2182 spiritu:

826 2207 1026 2296 absque
1056 2241 1116 2278 ea
1153 2233 1331 2276 autem
1369 2232 1488 2272 esse
1525 2223 1791 2270 mortuam
1824 2221 1876 2263 et
1909 2207 2177 2268 inutilem,
2203 2214 2258 2254 ut
2289 2217 2394 2255 non

827 2319 1164 2376 conﬁdamus
1200 2315 1252 2365 in
1283 2327 1346 2364 eo
1375 2309 1544 2363 solum
1581 2305 1719 2373 quod
1754 2302 2058 2363 credamus,
2086 2306 2138 2351 et
2162 2297 2398 2350 inaniter

827 2414 1140 2482 gloriemur.
1180 2405 1292 2460 lloc
1327 2410 1505 2454 autem
1540 2397 1731 2466 prohat
1779 2393 1989 2455 statim,
2034 2389 2308 2443 Abraham
2346 2391 2400 2437 et

825 2477 981 2556 fiaab
1028 2499 1302 2552 adducens
1362 2493 1414 2544 in
1485 2486 1902 2541 testiinonium:
1953 2483 2100 2533 illum
2156 2477 2393 2546 quidem,

828 2593 918 2660 qui
951 2604 1070 2642 cum
1099 2585 1202 2637 fide
1227 2584 1374 2634 Isaac
1403 2591 1613 2647 quoque
1638 2573 1829 2627 obtulit
1859 2588 1873 2635 ;
1910 2572 2047 2622 hanc
2081 2577 2254 2619 autem
2281 2578 2399 2632 qua:

828 2654 1192 2750 speculatores
1249 2687 1343 2741 per
1383 2670 1540 2722 aliam
1587 2668 1727 2718 viam
1786 2659 2111 2715 transmisit.
2158 2655 2222 2708 Et
2269 2654 2396 2723 quid

826 2749 963 2841 opus
1002 2779 1106 2830 est,
1137 2776 1192 2817 ut
1224 2761 1429 2829 singula
1461 2753 1810 2811 enumerem?
1847 2751 1943 2802 Vix
1978 2749 2140 2802 ullam
2175 2755 2401 2814 praeter-

835 2834 983 2916 misit
1015 2874 1080 2911 ex
1114 2854 1405 2908 Virtutibus
1452 2847 1766 2905 moralibus,
1802 2845 1868 2894 ad
1907 2854 2065 2908 quam
2114 2853 2218 2889 nou
2266 2834 2400 2886 inci-

833 2953 1028 3009 taverit
1071 2949 1242 3001 virum
1280 2944 1423 3013 pium
1459 2955 1519 2992 ac
1555 2938 1884 3003 religiosum,
1923 2948 2042 2984 cum
2076 2930 2239 2983 multa
2275 2942 2398 2996 pro-

834 3046 1135 3105 babilitate,
1183 3037 1352 3105 gratia
1399 3049 1460 3086 ac
1501 3028 1860 3099 jucunditate.
1907 3022 1955 3075 ls
2001 3022 2197 3089 linguae
2229 3019 2397 3085 legem

2495 1940 2671 2010 τούτῳ
2704 1940 2878 2000 διδοὺς
2910 1939 3051 2007 ἢπερ
3095 1935 3278 2004 ἐκείνῃ
3319 1935 3388 1985 τὰ
3421 1932 3741 2001 νικητήρια.
3781 1931 3943 1982 Ἀλλὰ
3983 1929 4074 1980 καὶ

2495 2033 2593 2101 τὴν
2623 2034 2805 2084 πίστιν
2834 2030 2977 2081 οὓτω
3007 2028 3214 2080 δεῖσθαί
3250 2043 3382 2096 φησι
3425 2026 3526 2093 τῆς
3565 2025 3836 2092 πράξεως.
3868 2022 3947 2086 ὡς
3976 2022 4075 2074 δεῖ·

2496 2141 2584 2176 ται
2632 2124 2691 2175 τὸ
2754 2122 2910 2189 σῶμα
2967 2120 3061 2171 τοῦ
3108 2119 3454 2185 πνεύματοςο
3509 2116 3714 2182 ταύτης
3795 2115 3851 2167 δὲ
3909 2115 4074 2184 χωρὶς

2497 2218 2700 2284 νεκρὰν
2760 2209 2869 2265 οἷον
2917 2213 3191 2280 ὑπάρχειν
3224 2211 3508 2279 αὐτὴνκαὶ
3540 2212 3798 2278 ἀνόνητον
3821 2226 3833 2239 '
3873 2210 3962 2261 ἵνα
4005 2209 4076 2278 μη

2498 2308 2558 2357 τὸ
2595 2303 2872 2356 πιστεύειν
2899 2305 3062 2370 μόνον
3092 2299 3479 2368 ὲπιθαρῤῶμεν
3535 2301 3627 2352 καὶ
3661 2300 3751 2351 διὰ
3795 2300 3958 2368 κενῆς
3987 2301 4078 2364 ιγ.

2502 2395 2857 2466 καυχώμεθα.
2918 2395 3054 2446 Καὶι
3090 2393 3266 2443 πείθει
3310 2392 3471 2443 τοῦτο
3522 2390 3718 2458 λέγων,
3773 2390 3939 2452 εὐθὺς
3989 2392 4076 2441 τὶν

2513 2488 2764 2558 Ἀϐραάμ
2825 2487 2916 2537 xai
2967 2484 3064 2554 τὴν
3108 2483 3281 2536 Ῥαὰϐ
3319 2484 3590 2552 παράγων
3631 2485 3711 2544 είς
3768 2481 4074 2552 μάρτυρας,

2500 2578 2590 2630 τὸν
2625 2577 2723 2646 μὲν
2756 2577 2892 2644 μετά
2917 2575 3014 2642 τῆς
3045 2574 3282 2635 πίστεως
3312 2576 3406 2626 καὶ
3434 2573 3525 2625 τὸν
3564 2572 3749 2626 Ἰσαὰκ
3782 2573 4080 2642 προσενέγο

2501 2685 2694 2727 κοντα,
2729 2667 2827 2730 τὴν
2860 2667 2914 2716 δὲ
2946 2669 3056 2726 τοῖς
3094 2668 3466 2726 κατασκόποις
3501 2665 3564 2718 δι’
3600 2667 3789 2734 ἑτέρας
3822 2664 3945 2718 ὀδοῦ
3979 2682 4079 2716 πα·

2503 2756 2951 2829 ραπεμφθείσαν.
2984 2755 3092 2806 Καὶ
3127 2755 3178 2805 τί
3212 2772 3280 2822 με
3331 2755 3410 2805 δεῖ
3437 2757 3503 2806 τὰ
3536 2756 3656 2808 καθ’
3697 2757 3930 2808 ἕκαστον
3962 2759 4081 2825 ἀρισ

2501 2851 2758 2920 Θμεῖσθαι
2792 2864 2806 2914 ;
2851 2847 3039 2918 σχεδὸν
3073 2848 3180 2916 γὰρ
3209 2847 3328 2899 οὐδὲ
3385 2847 3515 2916 μίαν
3565 2848 3791 2898 ὑπέλιπε
3824 2847 3933 2899 τῶν
3965 2848 4085 2915 ﬁo:-

2501 2942 2612 2995 κῶν
2650 2941 2881 3011 ἀρετῶν,
2948 2939 3083 3008 πρὸς
3135 2941 3201 3008 ἣν
3263 2940 3361 2990 οὐκ
3414 2939 3638 3009 ἠρέθισε
3677 2938 3768 2990 τὸν
3811 2938 4080 3006 φιλόθεον,

2505 3033 2642 3101 μετά
2672 3032 2868 3082 πολλοῦ
2901 3030 2994 3082 τοῦ
3033 3028 3262 3082 πιθανοῦ
3304 3032 3397 3083 καὶ
3424 3032 3522 3099 τῆς
3549 3032 3792 3100 χάριτος.
3822 3025 3993 3094 Οὗτος
4016 3034 4080 3101 τῇ

834 3141 999 3197 dedit,
1036 3131 1206 3199 utqui
1238 3139 1289 3179 et
1318 3127 1370 3176 in
1403 3135 1640 3187 tempore
1665 3116 1969 3173 tacendum,
2004 3111 2133 3163 etin
2161 3119 2400 3174 tempore

2507 3125 2724 3196 γλώσσῃ
2750 3123 2952 3194 θεσμὸν
2985 3123 3246 3193 ἐπέθηκε,
3273 3125 3485 3192 σιωπᾷν
3513 3141 3572 3175 τε
3597 3125 3740 3177 κατὰ
3765 3127 3957 3194 καιρὸν
3989 3126 4083 3177 καὶ

831 3226 1116 3282 dicendum
1147 3224 1399 3272 accurate
1431 3213 1669 3266 doceret.
1718 3207 1764 3259 Is
1800 3215 2021 3273 paterne
2053 3201 2207 3254 docet
2249 3201 2401 3264 sequi

834 3319 1050 3389 quidem
1086 3311 1396 3365 veritatem,
1445 3318 1473 3355 a
1522 3300 1657 3353 falso
1688 3307 1864 3350 autem
1909 3291 2198 3345 abstinere.
2235 3287 2404 3342 Porro

835 3379 1013 3460 autem
1050 3402 1286 3466 linguam
1331 3405 1544 3461 quoque
1577 3388 1889 3440 maledicam
1935 3395 1985 3436 et
2028 3379 2403 3434 calumniatri-

833 3512 949 3552 cem
977 3492 1264 3562 plurimum
1295 3493 1538 3537 accusat.
1570 3478 1634 3531 Et
1666 3478 1731 3530 de
1763 3477 2068 3545 propinquo
2099 3472 2402 3526 clanculum

835 3585 1140 3646 detrahere,
1180 3587 1272 3631 aut
1299 3577 1462 3629 etiam
1498 3586 1619 3624 eum
1665 3569 1933 3638 judicare,
1979 3565 2046 3616 ab
2080 3563 2276 3614 animis
2314 3562 2409 3611 ho-

842 3678 1042 3730 minum
1078 3670 1261 3740 procul
1293 3667 1587 3735 prOpulsat.

907 3764 1001 3819 XI.
1035 3761 1208 3815 Tuum
1241 3771 1372 3825 Opus
1404 3763 1508 3815 est,
1552 3766 1583 3805 ο
1617 3747 1789 3814 Juste,
1820 3745 2009 3801 divites
2039 3759 2252 3813 quoque
2286 3757 2407 3796 rur-

837 3874 932 3914 sus
958 3868 1009 3910 et
1035 3865 1299 3925 pauperes
1329 3849 1620 3902 admonere
1648 3860 1664 3898 :
1719 3842 1836 3894 illos
1864 3839 2104 3906 quidem,
2136 3851 2202 3889 ne
2237 3837 2406 3887 conli-

842 3950 971 4001 daut
1009 3948 1060 3997 in
1093 3942 1296 3995 divitiis
1331 3955 1344 3990 :
1382 3939 1481 3990 hos
1504 3946 1705 3996 autem,
1740 3943 1797 3983 ut
1828 3930 1965 3983 mala
1996 3930 2170 3982 ferant
2204 3927 2412 3995 patien-

838 4053 942 4106 ter,
970 4045 1024 4090 ut
1053 4035 1141 4104 qui
1173 4032 1281 4084 sint
1314 4027 1603 4083 tolerantiae
1631 4023 1902 4094 accepturi
1939 4021 2264 4086 mercedem,
2291 4032 2412 4087 quaa

841 4147 944 4186 non
996 4136 1171 4196 potest
1222 4123 1421 4176 auferri
1467 4138 1481 4173 :
1539 4131 1593 4173 et
1648 4119 1752 4172 illis
1810 4116 2024 4183 quidem
2081 4110 2411 4166 inﬁdelitatis

843 4228 1221 4290 argumentum
1266 4214 1485 4268 divitias
1529 4210 1787 4279 objicere,
1832 4216 1890 4260 ut
1923 4207 2012 4275 qui
2046 4205 2098 4258 in
2133 4205 2212 4258 eis
2240 4202 2410 4256 confl-

843 4319 998 4377 dant,
1030 4321 1083 4364 et
1114 4324 1219 4363 non
1247 4307 1300 4360 in
1337 4305 1426 4359 Dei
1454 4305 1599 4368 sinu,
1633 4302 1719 4371 qui
1749 4313 2022 4370 nunquam
2056 4295 2406 4358 exhauritur;

844 4404 930 4456 his
968 4414 1168 4462 autem,
1211 4409 1466 4464 tanquam
1515 4396 1830 4463 prophetam
1881 4392 2229 4453 annuntiare,
2267 4385 2411 4457 quod

2508 3219 2685 3286 λέγειν
2717 3219 3168 3288 ἀκριϐωσάμενος
3190 3233 3202 3246 ·
3231 3210 3386 3278 οὗτος
3417 3218 3515 3283 τῆς
3545 3217 3644 3284 μὲν
3671 3216 3930 3285 ἀληθείας
3963 3209 4083 3285 ἔχε-

2510 3312 2654 3377 σθαι,
2689 3311 2782 3362 τοῦ
2834 3310 3063 3377 ψεύδους
3097 3311 3151 3361 δὲ
3185 3310 3275 3360 καὶ
3308 3310 3436 3377 μίαν
3465 3307 3767 3377 ἀπέχεσθαι
3800 3306 4086 3378 πατρικῶς

2507 3403 2775 3456 διδάσκει·
2830 3404 2890 3454 οὐ
2944 3401 3052 3470 μὴν
3086 3401 3223 3452 ἀλλὰ
3261 3402 3354 3451 καὶ
3378 3401 3475 3466 τῆς
3510 3401 3802 3469 φιλοψόγου
3838 3400 4086 3469 γλώττης

2509 3495 2604 3546 xai
2630 3495 2878 3546 διαϐόλου
2905 3493 3133 3545 πλεῖστα
3160 3493 3474 3558 κατηγορεῖ,
3505 3492 3596 3542 καὶ
3625 3492 3685 3542 τὸ
3703 3493 3876 3560 λάθρα
3914 3493 3970 3545 δὲ
3993 3491 4087 3546 τοῦ

2510 3585 2739 3653 πλησίον
2786 3584 3134 3646 καταλαλεῖν,
3169 3583 3200 3653 ἢ
3240 3582 3334 3634 καὶ
3365 3582 3573 3647 κρίνειν
3614 3580 3712 3648 τῆς
3739 3583 3846 3634 τῶν
3869 3582 4088 3654 ἀνθρώ-

2510 3692 2628 3728 πων
2648 3674 2888 3736 διανοίας
2919 3675 3137 3744 μακρὰν
3163 3674 3487 3729 ἀπωθεῖται.

2582 3767 2679 3820 IA'.
2714 3768 2813 3818 Σὸν
2843 3767 3023 3836 ἔργον,
3068 3761 3111 3818 ῶ
3145 3768 3341 3831 δίκαιε,
3393 3766 3488 3820 καὶ
3516 3766 3575 3819 τὸ
3623 3763 3899 3830 πλουσίοις
3930 3760 4090 3826 αὖθις

2512 3857 2605 3907 καὶ
2629 3857 2822 3922 πένησι
2851 3855 3203 3922 παραινέσαι,
3230 3857 3357 3917 τοὺς
3394 3856 3487 3906 ἐπὶ
3518 3856 3595 3924 τῷ
3629 3857 3843 3928 πλούτῳ
3882 3858 3959 3928 μὴ
3990 3873 4091 3909 πε·

2513 3942 2781 4007 ποιθέναι,
2806 3945 2929 4004 τοὺς
2948 3942 3003 3994 δὲ
3023 3941 3396 4011 μακροθύμως
3429 3943 3615 4012 φέρειν
3640 3945 3714 4008 ώς
3745 3945 4092 4016 ληψομένους

2517 4033 2705 4100 μισθὸν
2735 4038 2830 4104 τῆς
2875 4035 3153 4104 ὑπομονῆς
3207 4035 3600 4103 ἀναφαίρετον
3662 4039 3940 4098 κάκείνοις
3989 4038 4093 4106 μιν

2514 4129 2732 4197 ἔλεγχον
2764 4128 2861 4195 τῆς
2907 4127 3164 4191 ἀπιστίας
3218 4130 3309 4180 τὸν
3345 4128 3575 4182 πλοῦτον
3622 4130 3853 4190 τιθέναι,
3883 4129 3982 4181 ἁτε
4029 4127 4093 4196 δὴ

2515 4217 2600 4269 ἐπ’
2634 4217 2780 4286 αὐτῷ
2814 4219 3147 4287 θαρρήυασι,
3180 4221 3272 4268 καὶ
3303 4217 3377 4284 μὴ
3410 4218 3632 4278 κόλποις
3672 4220 3782 4279 τοῖς
3814 4215 4094 4285 μηδέποτε

2517 4308 2860 4374 κενουμένοις
2888 4323 2900 4337 ο
2957 4310 3068 4367 τοῖς
3098 4307 3154 4358 δὲ
3191 4303 3278 4358 οἷα
3317 4308 3605 4376 προφήτης
3637 4305 4096 4374 εὐαγγελίζεσθαι

2517 4399 2623 4466 πρὸ
2658 4397 2764 4448 τῶν
2796 4395 2976 4468 θυρῶν
3007 4397 3230 4450 ἑστάναι
3263 4398 3352 4449 τὸν
3378 4398 3659 4468 κρίναντα.
3697 4397 3770 4450 Τὸ
3801 4399 3855 4452 δὲ
3895 4397 3971 4469 μὴ
3994 4399 4097 4468 τὴν

842 4509 940 4563 pro
978 4492 1180 4546 foribus
1225 4499 1330 4542 stat
1373 4489 1418 4540 is
1471 4486 1561 4555 qui
1594 4485 1821 4554 judicat.
1867 4483 2002 4536 Illud
2059 4492 2263 4542 autem,
2304 4494 2400 4532 non

2518 4487 2824 4554 ἐπιορκίαν,
2852 4486 2988 4540 ἀλλὰ
3027 4488 3120 4542 καὶ
3162 4488 3323 4540 αὑτὸν
3354 4490 3444 4542 τὸν
3493 4491 3654 4560 ὅρκον
3680 4491 3865 4554 ἁπλῶς
3900 4493 4096 4563 ἐκτρέ·

842 4584 1133 4655 periurium
1158 4583 1354 4644 solum,
1375 4580 1466 4633 sed
1494 4579 1575 4632 vel
1599 4579 1772 4646 ipsum
1795 4575 2014 4629 omnino
2035 4571 2412 4643 jusjurandum

844 4674 1098 4727 declinari
1142 4673 1356 4733 debere,
1411 4669 1696 4736 cujusnam
1741 4667 1984 4730 alterius,
2017 4680 2176 4735 quam
2220 4662 2413 4730 lingua

837 4767 1001 4833 justas
1045 4763 1208 4817 fuerit
1250 4761 1566 4823 admonitio,
1609 4757 1879 4813 dicentis‘
1915 4773 1928 4808 :
1971 4777 1990 4807 ι
2037 4760 2176 4810 Ante
2207 4753 2410 4818 omnia,

845 4855 1045 4911 fratres
1078 4855 1203 4917 mei,
1249 4853 1414 4906 nolite
1449 4853 1670 4904 omnino
1712 4850 1922 4918 jurare,
1972 4863 2146 4916 neque
2176 4862 2271 4916 per
2303 4859 2417 4899 cm-

845 4948 980 5010 Ium,
1039 4959 1210 5012 neque
1255 4958 1348 5011 per
1392 4952 1616 5002 terram,
1649 4953 1821 5010 neque
1856 4939 2020 4993 ullum
2073 4939 2216 4993 aliud
2262 4939 2418 5008 jura-

849 5047 1128 5090 mentum:
1163 5037 1232 5088 sit
1275 5045 1454 5088 autem
1490 5045 1750 5094 vestrum,
1783 5033 1945 5086 Certe
1979 5041 2144 5097 certe,
2185 5041 2260 5098 et,
2298 5031 2414 5086 Non

847 5141 976 5187 non,
1037 5140 1102 5176 ne
1153 5123 1252 5177 sub
1299 5124 1502 5190 judicio
1552 5123 1836 5174 decidatis.
1896 5141 1912 5170 ο
1972 5122 2097 5185 Eos,
2149 5123 2237 5192 qui
2289 5132 2415 5176 sunt

848 5227 1038 5270 Sereno
1073 5224 1124 5266 et
1175 5212 1466 5282 tranquillo
1499 5212 1700 5274 animo,
1753 5214 1927 5273 docet,
1985 5222 2042 5264 ut
2082 5225 2139 5264 se
2171 5214 2417 5266 muniant

847 5309 1131 5368 oratione;
1180 5321 1292 5367 eos,
1339 5305 1429 5371 qui
1481 5314 1763 5372 aegrotant,
1796 5305 1993 5357 utoleo
2024 5314 2242 5357 utantur
2289 5319 2410 5358 cum

845 5399 1088 5449 oratione
1146 5395 1442 5449 sacerdotis
1493 5397 1557 5447 ad
1602 5396 1932 5458 unctionem,
1969 5403 2025 5448 et.
2076 5397 2126 5449 id
2177 5396 2414 5450 habeant

848 5503 946 5556 pro
971 5487 1140 5540 morbi
1179 5486 1466 5550 medicina,
1512 5495 1692 5554 utpote
1731 5488 1873 5555 quod
1907 5487 2103 5549 oratio,
2130 5490 2214 5542 cui
2248 5503 2409 5555 opera

847 5578 1022 5628 {erunt
1052 5576 1334 5642 auxilium,
1381 5582 1610 5632 maxima
1647 5579 1813 5646 possit
1843 5579 2070 5635 edicere.
2106 5578 2242 5644 Quid
2276 5597 2410 5649 opus

940 5739 958 5769 “
989 5739 1101 5793 Jac.
1135 5755 1182 5804 ν,
1220 5741 1305 5795 Η.

2515 4582 2734 4644 πεσθαι,
2757 4581 2901 4644 τίνος
2935 4580 3102 4649 mn;
3133 4581 3165 4650 ἢ
3197 4580 3294 4649 τῆς
3341 4581 3556 4644 δικαίας
3602 4582 3850 4652 γλώττης
3891 4586 4099 4654 παρ-αἱ·

2513 4689 2678 4735 νεσις,
2711 4673 2816 4742 πρὸ
2862 4673 3080 4726 πάντων
3134 4670 3433 4742 λεγούσηςο
3469 4693 3485 4725 ι
3540 4672 3787 4742 Ἀδελφοί
3845 4691 3972 4743 μου,
4021 4675 4099 4744 μὴ

2514 4763 2741 4831 ὀμνύετε
2794 4763 2951 4824 ὅλως,
3009 4764 3083 4831 μή
3115 4779 3173 4814 τε
3211 4764 3304 4815 τὸν
3335 4764 3584 4834 οὐρανὸν,
3635 4765 3706 4834 μή
3744 4780 3803 4816 τε
3831 4768 3934 4834 τὴν
3964 4766 4098 4836 γῆν,

2518 4855 2591 4923 μή
2626 4870 2681 4905 τε
2714 4855 2871 4906 ἄλλον
2902 4854 3064 4923 ὄρχον
3087 4855 3207 4908 τινά
3228 4871 3241 4883 ο
3273 4854 3414 4906 ἔστω
3443 4855 3496 4906 δὲ
3523 4856 3676 4924 ὑμῶν
3700 4856 3758 4909 τὸ
3792 4857 3904 4910 Ναὶ
3934 4856 4048 4911 Ναί
4079 4872 4092 4886 ·

2511 4945 2604 4996 καὶ
2642 4945 2699 4997 τὸ
2725 4943 2798 4996 Οὓ
2837 4945 2910 4996 Ub
2932 4961 2944 4975 ·
2981 4946 3066 4996 ἵνα
3095 4947 3167 5014 μὴ
3195 4945 3273 5008 είς
3305 4945 3591 5018 ὑπόκρισιν
3626 4948 3848 5020 πέσητε.
3884 4967 3906 5002 ι
3951 4950 4098 5013 Τοὺς

2511 5034 2884 5104 ὲνθυμοῧντας
2921 5037 3223 5105 ἀσφάλειαν
3252 5039 3459 5091 ἑαυτῶν
3487 5041 3757 5092 ποιεῖσθαι
3783 5041 3884 5109 τὴν
3917 5058 4099 5111 upw-

2511 5126 2678 5198 ευχὴν
2713 5128 2977 5194 διδάσκει,
3009 5131 3136 5192 τοὺς
3164 5131 3456 5192 νοσοῦντας
3483 5133 3646 5202 ἐλαίῳ
3686 5131 3826 5200 μετὰ
3850 5149 4101 5202 προσευο

2513 5221 2612 5290 χῆς
2642 5222 2831 5290 ἱερέως
2861 5223 2939 5284 εἰς
2960 5222 3187 5292 ἀλοιφὴν
3217 5222 3474 5292 χρῆσθαι,
3507 5226 3600 5275 καὶ
3630 5221 3786 5275 τοῦτο
3813 5225 3910 5293 τῆς
3934 5225 4099 5277 νόσου

2524 5316 2698 5364 ποιεῖν
2733 5314 2901 5381 ῐαμαο
2935 5313 3008 5376 ὡς
3055 5316 3152 5382 τῆς
3185 5315 3350 5383 εὐχῆς
3379 5317 3488 5384 ἄρα
3521 5315 3619 5385 τῆς
3660 5314 3750 5369 διὰ
3777 5315 3888 5368 τῶν
3913 5315 4101 5384 ἔργων

2524 5402 2918 5473 βοηθουμένης,
2950 5407 3195 5474 ἐνεργεῖν
3225 5407 3290 5457 τὰ
3324 5407 3556 5475 μέγιστα
3582 5404 3906 5474 δυναμένης.
3935 5406 4001 5457 Τί
4044 5408 4099 5458 δὲ

2522 5490 2626 5562 Χρὴ
2649 5493 2716 5546 τὰ
2739 5494 2834 5562 τῆς
2861 5493 3118 5561 γλυκείας
3139 5495 3336 5564 ταύτης
3355 5493 3673 5564 Ἐπιστολῆς
3698 5494 3877 5548 πάντα
3909 5495 4103 5550 διαλα-

2524 5584 2658 5652 6εῐν,
2696 5587 2814 5650 ἰξὸν
2850 5588 3196 5658 ἐντυγχάνειν
3227 5589 3363 5657 αὐτῇ
3393 5587 3468 5656 τῷ
3501 5587 3814 5658 βουλομένῳ
3843 5589 4104 5642 κάκεῖθεν
