4196 6306
821 311 926 373 101

2133 309 2415 368 MENSIS
2458 309 2726 370 MAIUS.
3967 315 4050 376 208

822 431 1138 508 placeamus
1170 423 1494 489 hominibus,
1531 437 1703 491 neque
1731 435 2041 491 quaramus
2074 420 2295 490 gloriam
2333 435 2395 474 ex

2507 419 2742 485 ἐπίλεξιν
2771 421 3054 487 γινόμενον
3099 421 3332 491 ἀναιρεῖ,
3359 421 3623 475 διδάσκων
3660 423 3736 493 μὴ
3771 422 3906 491 πρὸς
3941 424 4050 492 ἀρὲο

823 517 1150 581 hominibus,
1174 516 1394 570 humilia
1419 526 1472 570 et
1498 516 1707 584 abjecta
1732 514 2032 582 cogitantes
2062 529 2076 567 :
2107 513 2198 566 sed
2224 512 2389 564 Deum

818 613 992 666 solum
1036 622 1302 668 amemus,
1350 613 1403 658 et
1451 605 1568 673 ejus
1608 605 1749 673 quod
1787 603 1845 656 ﬁt
1889 602 2186 656 habeamus
2216 603 2389 671 ipsum

820 706 1254 764 laudatorem,et
1285 700 1777 752 remunerationem
1803 698 1869 750 ab
1899 710 1963 749 eo
1989 704 2388 764 exspectemus.

820 797 1055 851 DICCIILlO
1091 809 1218 846 vero
1252 807 1374 846 eum
1409 790 1577 856 legem
1613 788 1836 856 implere
1875 787 2102 854 regiam,
2149 785 2238 852 qni
2270 784 2389 835 dili-

814 892 889 958 git
921 877 1225 956 proximum
1256 882 1395 934 sicut
1427 880 1685 946 seipsum,
1721 875 1921 930 cxeitat
1954 874 2018 926 ad
2050 871 2274 924 fratrum
2309 870 2389 921 di-

819 982 1138 1035 lectionem,
1188 986 1251 1024 ex
1313 969 1428 1036 ejus
1485 967 1575 1035 qui
1631 967 1800 1034 legem
1863 963 2060 1016 tulerat
2111 961 2386 1027 dignitate,

817 1076 995 1126 sciens
1025 1069 1185 1137 hujus
1220 1062 1476 1135 praecepti
1521 1057 1946 1128 magnitudinem
1990 1063 2042 1110 et
2091 1051 2388 1122 pulchritu-

815 1169 996 1221 dinem
1025 1173 1128 1218 εει
1161 1159 1304 1228 quod
1335 1157 1490 1225 plena
1525 1153 1659 1222 legis
1687 1151 2024 1219 adimpletio,
2065 1156 2149 1200 est
2173 1143 2390 1199 dilectio

818 1259 870 1310 in
906 1257 1252 1323 proximum;
1305 1261 1356 1305 et
1395 1247 1496 1302 hoc
1533 1246 1708 1314 ipsum
1749 1251 1832 1296 est
1861 1255 2069 1296 summa
2101 1238 2387 1291 bonorum.

888 1525 957 1581 Χ.
1009 1521 1293 1589 Quomodo
1339 1524 1518 1570 autem
1571 1518 1749 1566 movet
1799 1509 1864 1561 ad
1920 1497 2390 1560 misericordiam?

822 1619 1053 1672 Terre-ns
1083 1606 1497 1667 imniisericordi
1532 1615 1585 1658 et
1617 1600 1939 1662 inevitabili,
1966 1596 2106 1666 quod
2133 1595 2241 1648 illic
2284 1599 2387 1656 est,

820 1711 1038 1779 judicio.
1080 1725 1097 1756 ι
1136 1703 1430 1763 Iudicium,
1485 1697 1701 1765 inquit,
1745 1695 1860 1748 sine
1909 1689 2275 1744 misericordia
2312 1687 2386 1748 ei,

2499 528 2686 563 σκειαν
2738 509 2885 580 βιοῦν
2915 510 3290 582 ἀνθρωπίνην,
3355 514 3488 583 μηδὲ
3541 513 3640 584 τὴν
3683 516 3742 578 ἐξ
3766 514 4051 586 ἀνθρώπων

2495 602 2771 672 ἐπιζητεῖν
2791 604 2969 667 δόξαν,
2999 605 3309 675 χαμαίζηλα
3334 605 3662 676 φρονοῦντας
3697 607 3788 658 καὶ
3818 606 4049 658 ταπεινά

2495 694 2628 747 ἀλλὰ
2681 693 2813 745 Θεὸν
2868 696 3026 763 μόνον
3065 697 3259 764 φιλεῖν,
3321 701 3412 750 καὶ
3455 700 3748 766 ἐπαινέτην
3803 698 4051 767 ἔχειντοῦ

2495 788 2806 857 γινομένου,
2845 789 2938 838 καὶ
2969 790 3094 856 παρ’
3125 788 3290 840 αὑτοῦ
3322 789 3420 859 τὴν
3462 790 3733 841 ἀντίδοσιν
3774 790 4051 857 ἀπεκδέχε-

2496 882 2643 935 σθαι.
2682 879 2772 948 Τῷ
2803 880 2858 932 δὲ
2911 881 3005 931 καὶ
3038 880 3198 947 νόμον
3227 882 3392 947 φάναι
3432 881 3708 951 βασιλικὸν
3759 880 4054 950 ἐκπληροῦν

2492 974 2581 1024 τὸν
2611 972 2915 1038 ἀγαπῶντα
2942 973 3032 1022 τὸν
3065 971 3290 1040 πλησίον
3321 972 3394 1033 ὡς
3425 972 3632 1036 ἑαυτὸν,
3677 973 3813 1039 πρδς
3844 971 3944 1041 τὴν
3968 971 4056 1023 τῶν

2490 1064 2734 1132 ἀδελφῶν
2764 1064 2986 1131 ἀγάπην
3007 1063 3293 1131 διερεθίζει
3321 1062 3399 1130 τῷ
3429 1062 3698 1131 ἀξιώματι
3727 1062 3822 1114 τοῦ
3849 1061 4054 1130 νομοθε-

2491 1158 2776 1222 τήσαντος,
2811 1154 2909 1221 τῆς
2945 1153 3167 1220 ἐντολῆς
3196 1152 3398 1221 ταύτης
3424 1151 3578 1215 εἰδὼς
3621 1153 3681 1204 τὸ
3714 1151 3946 1220 μέγεθος
3977 1151 4054 1203 καὶ

2491 1247 2553 1299 τὸ
2587 1246 2803 1308 κάλλος,
2834 1245 2926 1296 καὶ
2957 1246 3037 1296 ὅτι
3072 1244 3344 1313 πλήρωμα
3381 1245 3548 1310 νόμον
3580 1245 3613 1313 η
3652 1244 3787 1311 πρὸς
3814 1243 3908 1294 τὸν
3942 1241 4055 1310 πλη-

2496 1336 2611 1388 σίον
2633 1336 2844 1404 ἀγάπη,
2873 1337 2964 1387 καὶ
2987 1335 3144 1388 τοῦτο
3169 1336 3234 1405 δὴ
3262 1334 3418 1386 τοῦτο
3444 1333 3552 1387 τῶν
3576 1333 3799 1401 ἀγαθῶν
3822 1335 3886 1385 τὸ
3905 1334 4059 1401 xcuti-

2493 1428 2669 1483 λαιον.

2565 1522 2620 1572 1⁸.
2654 1521 2842 1582 Ὅπως
2876 1520 2932 1572 δὲ
2964 1519 3058 1574 καὶ¹
3094 1517 3226 1587 πρὸς
3263 1517 3411 1571 ἔλεον
3447 1517 3698 1588 διεγείρει
3727 1535 3742 1582 ;
3793 1517 3956 1570 Μάλα
3987 1533 4061 1569 σο-

2492 1611 2606 1679 φῶς
2631 1611 2897 1664 δυσωπῶν
2924 1611 3000 1679 τῷ
3035 1610 3254 1678 ἀνηλεεί
3287 1610 3380 1660 καὶ
3405 1609 3782 1679 ἀπαρακλήτῳ
3813 1611 3910 1678 τῆς
3933 1610 4059 1660 ἐκεῖ⁵

2495 1703 2586 1755 θεν
2612 1703 2867 1771 κρίσεως.
2915 1721 2932 1752 ι
2963 1701 3209 1752 Ἀνέλεον
3261 1717 3293 1766 γ
3342 1717 3370 1768 ρ
3402 1699 3504 1768 ἔφη
3557 1701 3653 1770 τὴν
3689 1700 3868 1767 κρίσιν
3890 1698 3966 1768 τῷ
3998 1698 4060 1766 μὴ

821 1824 908 1872 qui
943 1818 1045 1854 non
1079 1798 1203 1852 fecit
1234 1792 1658 1848 misericordiam
1693 1805 1706 1841 :
1747 1806 1764 1839 ›
1797 1800 1890 1854 per
1925 1784 2023 1837 hoc.
2062 1780 2390 1840 concedens,

2501 1800 2782 1864 ποιήσαντι
2803 1793 2950 1845 ἔλεον
2976 1811 3019 1843 ἰ
3055 1793 3146 1845 καὶ
3174 1790 3626 1858 κατακαυχᾶσθαι
3648 1791 3795 1843 ελεον
3817 1790 4061 1859 κρίσεως,

822 1910 874 1948 ut
910 1890 1275 1947 misericordia
1303 1885 1565 1956 glorietur
1595 1882 1712 1948 plus
1751 1894 1910 1948 quam
1939 1875 2231 1945 judicium,
2260 1885 2394 1938 qna-

826 2000 981 2040 tenus
1028 1983 1102 2036 illi
1144 1981 1234 2032 dat
1276 1976 1581 2030 victoriam.
1613 1973 1750 2037 Quin
1779 1971 1942 2023 etiam
1969 1969 2039 2020 ita
2071 1967 2203 2018 dicit
2236 1964 2392 2015 (idem

823 2095 955 2148 Opus
999 2077 1194 2130 habere
1245 2071 1483 2130 actione,
1533 2067 1674 2120 sicut
1728 2077 1923 2131 corpus
1975 2068 2098 2129 eget
2155 2059 2388 2126 spiritu:

823 2173 1024 2236 absque
1054 2181 1114 2218 ea
1151 2173 1329 2217 autem
1367 2173 1486 2213 esse
1523 2165 1788 2212 mortuam
1821 2163 1874 2206 et
1907 2151 2174 2213 inutilem,
2200 2158 2256 2199 ut
2287 2162 2391 2200 non

825 2259 1162 2315 conﬁdamus
1198 2255 1250 2306 in
1281 2268 1344 2305 eo
1373 2251 1542 2304 solum
1578 2248 1716 2315 quod
1751 2245 2056 2307 credamus,
2083 2251 2136 2294 et
2159 2241 2395 2294 inaniter

824 2354 1138 2422 gloriemur.
1177 2346 1289 2400 Hoc
1325 2352 1502 2395 autem
1537 2339 1728 2408 probat
1777 2336 1986 2398 statim,
2031 2333 2305 2387 Abraham
2343 2337 2397 2382 et

822 2443 978 2496 Raab
1024 2440 1300 2492 adducens
1359 2434 1410 2486 in
1483 2429 1898 2483 testimonium:
1950 2426 2097 2477 illum
2152 2422 2389 2490 quidem,

824 2533 914 2600 qui
947 2545 1066 2583 cum
1097 2526 1198 2578 ﬁde
1223 2525 1371 2575 lsaac
1400 2533 1610 2588 quoque
1635 2516 1825 2570 obtulit
1856 2531 1869 2578 ;
1906 2516 2044 2566 hanc
2077 2521 2251 2564 autem
2277 2523 2395 2577 qua:

824 2599 1188 2691 speculatores
1245 2628 1340 2682 per
1380 2611 1537 2664 aliam
1583 2609 1723 2660 viam
1783 2603 2107 2657 transmisit.
2153 2599 2218 2652 Et
2264 2599 2392 2668 quid

822 2726 958 2780 opus
998 2719 1101 2770 est,
1133 2717 1188 2758 ut
1220 2702 1426 2770 singula
1457 2696 1806 2753 enumerem?
1843 2693 1938 2745 Vix
1974 2693 2136 2745 ullam
2171 2699 2397 2759 praeter-

831 2779 978 2856 misit
1011 2814 1076 2851 ex
1110 2795 1401 2848 \‘ll’lullbtts
1448 2790 1761 2848 moralibus,
1797 2787 1864 2838 ad
1902 2798 2061 2852 quam
2110 2797 2213 2833 non
2261 2779 2397 2832 inci-

829 2893 1023 2948 taverit
1065 2890 1238 2941 virum
1275 2885 1419 2954 pium
1455 2897 1515 2935 ac
1551 2881 1880 2946 religiosum,
1918 2891 2037 2928 cum
2072 2875 2234 2927 multa
2269 2887 2394 2941 pro-

829 2985 1130 3046 babilitate,
1178 2978 1348 3046 gratia
1394 2990 1455 3027 ac
1497 2971 1856 3041 jucunditate.
1902 2965 1950 3019 ls
1996 2966 2191 3033 lingua:
2224 2964 2392 3030 legem

2493 1886 2668 1956 τούτῳ
2703 1887 2876 1947 διδοὺς
2908 1885 3050 1954 ἢπερ
3093 1883 3276 1952 ἐκείνη
3317 1883 3386 1933 τὰ
3420 1882 3739 1950 νικητήρια.
3779 1881 3942 1932 Ἀλλά
3981 1880 4064 1930 καὶ

2493 1979 2591 2047 τὴν
2620 1980 2803 2030 πίστιν
2832 1977 2975 2029 οὕτω
3006 1975 3212 2028 δεῖσθαί
3248 1992 3381 2044 φησι
3423 1975 3525 2042 τῆς
3563 1974 3835 2042 πράξεως.
3868 1973 3944 2036 ὼς
3973 1973 4066 2025 δεῖ·

2493 2087 2581 2121 ται
2629 2069 2688 2121 τὸ
2751 2069 2907 2136 σῶμα
2965 2067 3058 2119 τοῦ
3106 2067 3452 2134 πνεύματος·
3507 2065 3712 2131 ταύτης
3793 2065 3850 2117 δὲ
3909 2066 4064 2134 χωρὶς

2494 2164 2697 2229 νεκρὰν
2757 2156 2867 2212 οἷον
2915 2161 3188 2228 ὑπάρχειν
3221 2159 3390 2226 αὐτὴν
3414 2161 3505 2210 καὶ
3537 2161 3832 2227 ἀνόνητο,ν’
3874 2160 3959 2212 ἵνα
3999 2160 4066 2229 μὴ

2495 2254 2555 2302 τὸ
2592 2249 2869 2302 πιστεύειν
2896 2251 3058 2318 μόνον
3089 2247 3476 2317 ἑπιθαρῤῶμεν
3531 2250 3625 2300 καὶ
3659 2249 3748 2300 διὰ
3794 2251 3956 2318 κενῆς
3983 2252 4067 2314 ἑγ-

2499 2341 2853 2412 καυχώμεθα.
2914 2342 3051 2393 Καὶι
3087 2340 3263 2391 πείθει
3307 2340 3468 2392 τοῦτο
3519 2339 3715 2407 λέγων,
3771 2340 3935 2402 εὐθὺς
3984 2342 4067 2392 τὶν

2509 2434 2760 2504 Ἀϐραάμ
2821 2434 2912 2484 καὶ
2963 2431 3061 2501 τὴν
3104 2431 3278 2484 Ῥαὰϐ
3315 2433 3587 2500 παράγων
3627 2435 3708 2494 είς
3765 2431 4065 2502 μάρτυρας,

2495 2525 2586 2576 τὸν
2622 2523 2720 2592 μὲν
2752 2524 2887 2591 μετὰ
2913 2521 3011 2590 τῆς
3041 2523 3278 2583 πίστεως
3308 2525 3402 2574 καὶ
3430 2523 3521 2574 τὸν
3560 2522 3745 2575 Ἰσαὰκ
3780 2524 4071 2592 προσενέγ-

2497 2631 2689 2673 κοντα,
2725 2614 2822 2676 τὴν
2855 2615 2910 2663 δὲ
2942 2617 3053 2673 τοῖς
3090 2617 3462 2676 κατασκόποις
3496 2614 3560 2667 δι’
3596 2616 3787 2684 ἑτέρας
3820 2614 3941 2668 ὁδοῦ
3974 2632 4070 2666 παο

2498 2703 2946 2774 ραπεμιρθεῐσαν.
2979 2703 3087 2754 Καὶ
3123 2703 3174 2752 τί
3208 2720 3275 2770 με
3326 2704 3406 2754 δεῖ
3432 2706 3498 2755 τὰ
3532 2706 3651 2757 καθ’
3693 2708 3926 2759 ἕκαστον
3958 2709 4070 2775 ἀρι-

2496 2797 2753 2866 θμεῖσθαι
2787 2811 2801 2861 ;
2846 2795 3035 2865 σχεδὸν
3067 2796 3176 2864 γὰρ
3205 2795 3323 2848 οὐδὲ
3379 2796 3510 2864 μίαν
3560 2797 3788 2848 ὑπέλιπε
3821 2798 3928 2849 τῶν
3961 2799 4075 2866 ῆθ;-

2495 2888 2607 2940 κῶν
2645 2889 2876 2958 ἀρετῶν,
2943 2887 3077 2956 πρὸς
3130 2888 3196 2957 ἣν
3258 2889 3356 2939 οὑκ
3409 2888 3632 2958 ἠρέθισε
3671 2887 3763 2940 τὸν
3807 2888 4071 2956 φιλόθεον,

2500 2979 2637 3047 μετὰ
2667 2979 2863 3029 πολλοῦ
2896 2977 2989 3029 τοῦ
3028 2977 3256 3030 πιθανοῦ
3299 2981 3392 3031 καὶ
3419 2981 3516 3048 τῆς
3544 2982 3788 3050 χάριτος.
3818 2975 3986 3044 Οὗτος
4009 2984 4071 3051 τῇ

829 3080 994 3138 dedit,
1031 3073 1200 3140 utqui
1233 3080 1284 3119 et
1313 3069 1364 3118 in
1397 3077 1636 3130 tempore
1660 3059 1964 3116 tacendum,
1999 3065 2050 3107 et
2075 3055 2128 3106 in
2157 3064 2394 3119 tempore

2501 3071 2718 3143 γλώσσῃ
2744 3070 2946 3140 θεσμὸν
2980 3071 3240 3141 ἐπέθηκε,
3267 3074 3479 3142 σιωπᾷν
3507 3090 3566 3125 τε
3592 3074 3734 3127 κατά
3759 3076 3950 3146 καιρὸν
3982 3077 4074 3127 καὶ

826 3167 1111 3222 dicendum
1142 3166 1394 3213 accurate
1425 3155 1664 3209 doceret.
1713 3150 1759 3202 ls
1795 3158 2016 3216 paterne
2047 3146 2202 3198 docet
2244 3146 2395 3209 sequi

829 3259 1044 3329 quidem
1081 3253 1390 3307 veritatem,
1439 3260 1467 3297 a
1516 3243 1650 3296 falso
1682 3250 1858 3294 autem
1903 3235 2192 3289 abstinere.
2230 3233 2398 3286 Porro

829 3324 1007 3399 autem
1044 3342 1280 3407 linguam
1324 3348 1538 3402 quoque
1570 3331 1883 3383 maledicam
1929 3339 1979 3380 et
2022 3324 2396 3379 calumnialri-

827 3452 943 3491 cem
971 3433 1258 3501 plurimum
1289 3435 1531 3479 accusat.
1563 3420 1628 3474 Et
1659 3421 1724 3474 de
1757 3420 2062 3488 propinquo
2092 3417 2396 3470 clanculum

828 3525 1133 3586 detrahere,
1173 3519 1454 3572 autetiam
1491 3529 1612 3566 eum
1658 3513 1926 3581 judicare,
1972 3509 2039 3560 ab
2073 3507 2269 3558 animis
2307 3507 2402 3557 ho-

836 3618 1034 3670 minum
1072 3611 1254 3680 procul
1287 3609 1579 3676 propulsat.

900 3704 994 3759 XI.
1028 3701 1200 3756 Tuum
1233 3713 1365 3767 opus
1397 3705 1502 3758 est,
1545 3709 1576 3747 o
1609 3691 1781 3757 Juste,
1813 3689 2002 3744 divites
2032 3703 2244 3757 quoque
2278 3703 2400 3742 rur-

831 3814 924 3854 sus
951 3808 1002 3850 et
1027 3807 1291 3866 pauperes
1322 3791 1612 3844 admonere
1641 3804 1656 3840 :
1711 3785 1828 3838 illos
1856 3783 2095 3850 quidem,
2128 3796 2194 3834 ne
2229 3782 2398 3832 conti-

835 3889 963 3942 dant
1001 3889 1052 3938 in
1084 3883 1288 3936 divitiis
1322 3897 1336 3932 :
1374 3881 1473 3932 hos
1496 3889 1696 3939 autem,
1732 3887 1789 3926 ut
1820 3874 1956 3927 mala
1987 3875 2162 3926 [erant
2196 3873 2404 3940 patien-

829 3993 934 4045 ter,
962 3986 1016 4031 ut
1046 3976 1132 4045 qui
1164 3973 1272 4026 sint
1306 3970 1595 4025 tolerantia:
1623 3967 1894 4038 accepturi
1930 3965 2255 4030 mercedem,
2282 3977 2404 4032 quas

833 4087 936 4126 non
988 4077 1162 4137 potest
1213 4065 1412 4118 auferri
1459 4080 1472 4115 :
1531 4073 1584 4115 et
1639 4061 1743 4115 illis
1802 4060 2015 4127 quidem
2072 4055 2402 4111 infidelitatis

834 4169 1212 4231 argumentum
1257 4156 1476 4209 divitias
1521 4153 1777 4222 objicere,
1823 4159 1880 4204 ut
1914 4151 2002 4219 qui
2037 4149 2089 4202 in
2124 4150 2203 4202 eis
2231 4147 2400 4201 confl-

834 4258 988 4317 dant,
1021 4261 1073 4305 et
1105 4265 1210 4304 non
1239 4247 1291 4300 in
1328 4247 1417 4300 Dei
1445 4247 1589 4311 sinu,
1623 4245 1710 4314 qui
1739 4258 2013 4312 nunquam
2047 4241 2397 4304 exhauritur;

835 4345 920 4397 his
958 4355 1158 4402 autem,
1201 4349 1457 4406 tanquam
1505 4339 1821 4406 prophetam
1872 4336 2219 4399 annuntiare,
2257 4330 2401 4402 quod

2501 3165 2679 3232 λέγειν
2711 3167 3162 3235 ἀκριϐωσάμενος
3185 3182 3196 3194 ·
3225 3159 3380 3228 οὗτος
3411 3167 3510 3232 τῆς
3540 3167 3638 3234 μὲν
3663 3167 3924 3236 ἀληθείας
3956 3160 4075 3236 ἔχεο

2504 3258 2648 3323 σθαι,
2683 3257 2776 3310 τοῦ
2828 3257 3057 3324 ψεύδους
3091 3259 3144 3309 δὲ
3178 3259 3268 3309 καὶ
3302 3259 3430 3326 μίαν
3459 3257 3760 3327 ἀπέχεσθαι
3794 3257 4076 3328 πατρικῶς

2501 3350 2769 3402 διδάσκειν
2823 3351 2883 3401 οὐ
2937 3349 3046 3418 μὴν
3079 3349 3216 3400 ἀλλὰ
3255 3351 3348 3400 καὶ
3371 3350 3468 3415 τῆς
3503 3351 3796 3418 φιλοψόγου
3831 3350 4077 3420 γλώττης

2502 3441 2597 3492 καὶ
2622 3441 2871 3493 διαϐόλου
2898 3441 3126 3492 πλεῖστα
3153 3442 3468 3506 κατηγορεῖ,
3498 3441 3589 3492 καὶ
3618 3443 3677 3492 τὸ
3696 3443 3870 3511 λάθρα
3906 3444 3962 3496 δὲ
3984 3443 4076 3498 τοῦ

2503 3531 2732 3598 πλησίον
2779 3531 3127 3594 καταλαλεῖν,
3161 3531 3193 3601 ἢ
3233 3530 3326 3583 καὶ
3358 3531 3566 3595 κρίνειν
3607 3530 3704 3598 τῆς
3731 3534 3837 3585 τῶν
3863 3534 4077 3605 ἀνθρώ-

2503 3637 2620 3674 πων
2640 3621 2880 3684 διανοίας
2911 3623 3130 3692 μακράν
3156 3622 3480 3678 ἀπωθεῖται.

2575 3713 2671 3768 ΙΔ’.
2707 3715 2804 3765 Σὸν
2835 3714 3015 3782 ἔργον,
3061 3708 3103 3766 ὦ
3137 3715 3333 3780 δίκαιε,
3385 3716 3480 3769 καὶ
3508 3715 3568 3768 τὸ
3615 3713 3891 3780 πλουσίοις
3921 3711 4078 3777 αὖθις

2504 3804 2598 3853 καὶ
2621 3804 2814 3869 πένησι
2843 3803 3195 3870 παραινέσαι,
3222 3805 3349 3865 τοὺς
3386 3805 3478 3855 ἐπὶ
3510 3806 3586 3874 τῷ
3621 3807 3834 3878 πλούτῳ
3874 3808 3949 3878 μὴ
3981 3824 4080 3860 πε·

2505 3889 2772 3954 ποιθέναι,
2797 3893 2920 3951 τοὺς
2939 3890 2995 3941 δὲ
3015 3890 3388 3960 μακροθύμως
3421 3893 3606 3961 φέρειν
3631 3895 3706 3958 ώς
3737 3895 4080 3966 ληψομένους

2508 3980 2696 4047 μισθὸν
2726 3985 2822 4051 τῆς
2866 3982 3144 4052 ὑπομονῆς
3198 3984 3591 4052 ἀναφαίρετον
3653 3989 3929 4049 κάκείνοις
3980 3989 4081 4056 μὲν

2505 4075 2724 4143 ἔλεγχον
2755 4075 2853 4142 τῆς
2898 4076 3155 4138 ἀπιστίας
3209 4078 3300 4128 τὸν
3335 4077 3566 4130 πλοῦτον
3613 4079 3844 4141 τιθέναι,
3873 4079 3972 4131 ἀτε
4015 4079 4079 4148 δὴ

2505 4163 2591 4215 ἐπ’
2625 4164 2770 4234 αὑτῷ
2805 4166 3137 4235 θαρρήσασι,
3171 4169 3262 4217 καὶ
3293 4167 3368 4234 μὴ
3400 4167 3622 4228 κόλποις
3662 4170 3772 4229 τοῖς
3805 4166 4080 4236 μηδέποτε

2507 4255 2851 4321 κενουμένοις
2878 4270 2890 4284 ο
2947 4258 3058 4315 τοῖς
3088 4255 3144 4305 δὲ
3181 4251 3268 4306 οἷα
3308 4257 3596 4326 προφήτης
3627 4255 4082 4324 εὐαγγελίζεσθαι

2508 4345 2613 4413 πρὸ
2648 4344 2754 4394 τῶν
2787 4342 2966 4414 θυρῶν
2997 4345 3219 4398 ἑστάναι
3253 4347 3342 4398 τὸν
3368 4347 3648 4418 κρίναντα.
3687 4347 3759 4400 Τὸ
3791 4349 3845 4402 δὲ
3884 4349 3960 4420 μὴ
3983 4349 4082 4419 τὴν

833 4449 930 4503 pro
968 4432 1170 4486 foribus
1215 4440 1320 4483 stat
1364 4431 1408 4482 is
1461 4428 1551 4497 qui
1584 4427 1811 4496 judicat.
1857 4427 1992 4480 Illud
2049 4436 2253 4488 autem,
2293 4439 2396 4478 non

2508 4434 2814 4501 ἐπιορκίαν,
2842 4433 2977 4487 ἀλλά
3016 4437 3109 4490 καὶ
3151 4437 3312 4489 αὐτὸν
3343 4439 3433 4491 τὸν
3483 4441 3644 4509 ὅρκον
3669 4441 3854 4504 ἁπλῶς
3889 4444 4080 4515 ἐκτρέ-

833 4525 1122 4594 perjnrium
1147 4524 1344 4586 solum,
1365 4522 1456 4575 sed
1484 4521 1565 4574 vel
1589 4522 1762 4589 ipsum
1785 4518 2004 4572 omnino
2025 4515 2402 4587 jusjurandum

833 4615 1087 4667 declinari
1131 4614 1346 4675 debere,
1400 4611 1685 4679 cujusnam
1729 4610 1973 4674 alterius,
2007 4624 2166 4679 quam
2208 4607 2403 4675 linguai

826 4707 990 4773 justae
1034 4704 1198 4758 fuerit
1239 4703 1555 4766 admonitio,
1597 4699 1868 4756 dicentis‘
1904 4716 1917 4752 :
1961 4721 1978 4750 τι
2026 4704 2166 4754 Ante
2197 4699 2399 4763 omnia,

833 4795 1034 4852 fratres
1067 4797 1191 4858 mei,
1239 4795 1402 4848 nolite
1437 4795 1658 4846 omnino
1701 4793 1911 4861 jurare,
1961 4807 2135 4861 neque
2165 4807 2260 4860 per
2292 4804 2406 4844 cm-

833 4888 968 4951 lum,
1027 4900 1198 4953 neque
1243 4899 1337 4952 per
1381 4894 1604 4945 terram,
1638 4897 1809 4953 neque
1844 4883 2009 4936 ullum
2061 4884 2205 4937 aliud
2251 4884 2406 4953 jura—

837 4987 1116 5031 mentum:
1151 4978 1220 5030 sit
1263 4987 1442 5030 autem
1478 4987 1738 5038 vestrum,
1771 4976 1933 5030 Certe
1967 4985 2132 5042 certe,
2174 4985 2248 5042 et,
2285 4977 2402 5030 Non

834 5081 963 5127 non,
1025 5080 1089 5117 ne
1141 5065 1240 5117 sub
1287 5065 1490 5132 judicio
1540 5065 1824 5118 decidatis.
1883 5085 1900 5115 ι
1959 5066 2084 5130 Eos,
2136 5068 2225 5136 qui
2277 5077 2403 5121 sunt

835 5167 1026 5210 Sereno
1061 5164 1111 5206 et
1162 5153 1454 5222 tranquillo
1487 5155 1687 5217 animo,
1741 5157 1914 5217 docet,
1972 5166 2029 5208 ut
2069 5170 2126 5209 se
2159 5159 2405 5210 muniant

834 5249 1118 5308 oratione;
1167 5261 1280 5308 eos,
1327 5246 1416 5312 qui
1468 5257 1750 5314 :cgrotant,
1783 5248 1981 5301 uroleo
2011 5258 2230 5302 utantur
2276 5265 2397 5303 cum

831 5338 1076 5388 oratione
1133 5336 1429 5389 sacerdotis
1479 5339 1544 5388 ad
1589 5339 1918 5402 unctionem,
1955 5348 2012 5392 et
2063 5341 2113 5394 id
2164 5341 2400 5395 habeant

835 5442 932 5495 pro
958 5427 1127 5480 morbi
1165 5427 1453 5491 medicina,
1499 5437 1678 5496 utpote
1718 5431 1859 5497 quod
1893 5431 2090 5493 oratio,
2117 5434 2200 5487 cui
2235 5448 2396 5500 opera

833 5517 1008 5568 ferunt
1038 5517 1320 5583 auxilium,
1367 5523 1596 5574 maxima
1633 5523 1800 5588 possit
1830 5522 2056 5578 edicere.
2092 5522 2228 5589 Quid
2262 5541 2397 5594 opus

926 5678 944 5708 ⁸
975 5679 1087 5733 Jac.
1121 5696 1169 5744 ν,
1206 5682 1291 5736 ﬁ.

2505 4528 2723 4591 πεσθαι,
2747 4528 2890 4590 τίνος
2925 4528 3090 4597 ἀλλης
3122 4529 3154 4598 ἢ
3186 4529 3283 4598 τῆς
3330 4531 3546 4594 δικαίας
3591 4533 3839 4604 γλώττης
3880 4538 4084 4606 παραίο

2503 4636 2667 4681 νεσις,
2701 4619 2805 4688 πρὸ
2851 4621 3069 4673 πάντων
3123 4619 3421 4691 λεγούσηςο
3457 4643 3474 4674 ι
3529 4621 3776 4692 Ἀδελφοί
3834 4643 3960 4694 μου,
4006 4627 4083 4696 μῆ

2503 4708 2730 4778 ὀμνύετε
2783 4710 2940 4772 ὅλως,
2998 4712 3072 4778 μή
3103 4727 3162 4762 τε
3199 4713 3292 4764 τὸν
3323 4713 3571 4783 οὐρανὸν,
3623 4715 3695 4784 μή
3732 4731 3790 4768 τε
3819 4718 3921 4784 τὴν
3951 4718 4080 4787 γῆν,

2507 4801 2579 4869 μή
2614 4816 2670 4851 τε
2702 4801 2860 4853 ἀλλον
2890 4801 3052 4870 ὅρκον
3075 4803 3195 4855 τινά
3217 4819 3229 4832 ο
3262 4803 3402 4855 ἔστω
3431 4804 3484 4855 δὲ
3511 4805 3664 4874 ὑμῶν
3688 4807 3746 4859 τὸ
3780 4807 3891 4861 Ναὶ
3921 4808 4030 4862 Ναί
4060 4824 4074 4838 ·

2500 4891 2592 4942 καὶ
2630 4890 2786 4944 τὸθῦ
2825 4892 2898 4944 UO
2920 4909 2932 4922 ·
2969 4894 3054 4944 ἴνα
3083 4895 3155 4960 μὴ
3183 4893 3260 4955 είς
3293 4893 3578 4967 ὑπόκρισιν
3613 4898 3837 4969 πέσητε.
3872 4917 3893 4952 ι
3938 4901 4079 4964 Τοὺς

2499 4980 2872 5050 ἑνθυμοῦντας
2908 4984 3210 5052 ἀσφάλειαν
3240 4987 3447 5040 ἑαυτῶν
3475 4991 3745 5042 ποιεῖσθαι
3771 4991 3871 5059 τὴν
3905 5009 4079 5062 upw-

2499 5073 2666 5145 ευχὴν
2701 5075 2964 5141 διδάσκει,
2997 5079 3122 5140 τοὺς
3151 5079 3443 5142 νοσοῦντας
3470 5082 3633 5152 ὲλαίῳ
3673 5082 3813 5150 μετὰ
3837 5099 4081 5154 προσευο

2500 5167 2599 5236 χῆς
2629 5168 2818 5236 ἱερέως
2848 5171 2926 5231 είς
2947 5170 3174 5241 ἀλοιφὴν
3205 5170 3461 5240 χρῆσθαι,
3494 5176 3587 5224 καὶ
3617 5172 3773 5225 τοῦτο
3799 5175 3897 5243 τῆς
3921 5177 4079 5228 νόσου

2512 5263 2685 5311 ποιεῖν
2721 5260 2888 5329 [αμαο
2921 5260 2995 5324 ώς
3042 5264 3139 5330 τῆς
3171 5263 3337 5332 εὐχῆς
3366 5266 3476 5333 ἀρα
3507 5265 3605 5334 τῆς
3647 5264 3736 5318 8ιά
3763 5266 3874 5319 τῶν
3899 5266 4081 5336 ιργων

2511 5348 2904 5420 βοηθουμένης,
2936 5354 3181 5422 ἐνεργεῖν
3211 5355 3276 5406 τά
3311 5356 3542 5424 μέγιστα
3568 5355 3893 5424 δυναμένης.
3923 5357 3987 5409 Τί
4023 5358 4078 5410 δὲ

2509 5436 2612 5509 Χρὴ
2636 5439 2703 5492 τά
2726 5440 2820 5509 τῆς
2847 5440 3103 5508 γλυκείας
3126 5443 3322 5513 ταύτης
3341 5443 3659 5512 Ἐπιστολῆς
3684 5444 3862 5498 πάντα
3896 5446 4080 5502 διαλα-

2511 5531 2644 5598 ϐεῖν,
2682 5533 2800 5596 ἰξὸν
2836 5535 3182 5606 ἐντυγχάνειν
3212 5537 3348 5605 αὐτῇ
3378 5537 3453 5605 τῷ
3487 5537 3799 5608 βουλομένῳ
3827 5541 4080 5594 κάκεῖθεν
