4196 6306
157 311 234 373 2Π

1193 317 1367 378 VlTA
1413 319 1476 379 S.
1515 318 1761 379 ACACII
1808 320 2292 381 CAPPADOClS.

3247 309 3356 376 218

214 427 332 478 KA'.
372 423 559 477 Ταῦτα
587 424 729 477 οὕτω
782 423 1062 494 συνῆλθεν,
1099 425 1194 477 καὶ
1240 427 1544 494 προσετέθη
1584 429 1695 489 τοῖς

1871 425 2010 482 XXI.
2067 427 2191 482 Haec
2245 429 2314 482 ita
2371 433 2690 490 evetterunt,
2733 425 2971 482 Sanctus
3023 424 3239 480 additus
3291 437 3374 479 est

158 519 302 587 ἁγίοις
328 519 357 568 δ
382 516 561 584 ἀγιος,
593 518 704 578 τοῖς
733 516 999 584 μάρτυσιν
1021 517 1048 568 ό
1077 517 1307 586 μάρτυς,
1340 520 1450 580 τοῖς
1477 517 1704 581 δικαίοις

157 609 383 670 ὸδὶκαιος
439 607 534 660 καὶ
591 606 666 658 ὢν
705 607 797 658 καὶ
837 606 1275 675 ὀνομαζόμενος·
1303 608 1361 662 ὲν
1388 609 1704 672 ἐπισκόποις

157 697 345 768 πρῶτος
389 698 481 751 τὸν
535 697 872 768 μαρτυρικδν
927 697 1337 766 ἀναδησάμενος
1410 699 1702 766 στέφανον.

156 789 240 844 Ἦν
262 791 358 858 μὲν
387 791 495 859 γάρ
527 791 844 859 προφθάσας
867 791 926 842 ὲν
945 790 1212 854 διακόνοις
1245 793 1271 842 ὁ
1305 791 1596 858 Στέφανος,
1645 792 1704 844 ὲν

156 883 452 945 ἀποστόλοις
474 884 500 934 ὁ
519 883 805 936 Ζεϐεδαίου
835 881 1094 946 Ἰάκωϐος
1117 902 1130 915 ·
1158 884 1252 935 νῦν
1281 883 1336 934 δὲ
1353 885 1380 936 ὁ
1414 885 1702 953 ἀρχιερεὺς

157 975 217 1041 τῷ
236 971 620 1044 πρώτῳάρχιε
633 976 716 1044 ρετ
763 975 985 1045 Χριστῷ
1016 973 1408 1044 ἠκολούθησεν,
1438 976 1464 1025 ὸ
1492 975 1702 1042 μάρτυς

156 1065 217 1130 τῷ
238 1065 372 1135 ὑπὲρ
426 1065 520 1117 τοῦ
549 1066 756 1132 κόσμου
806 1068 1003 1128 παντὸς
1036 1067 1094 1117 τδ
1125 1060 1264 1133 αἷμα
1319 1065 1381 1118 τὸ
1408 1065 1540 1118 ἴδιον
1570 1065 1702 1116 ὑπο-

160 1153 332 1222 σχόντι.
394 1155 585 1207 Πόσων
635 1173 719 1209 σοι
748 1155 908 1208 θείων
955 1155 1282 1227 ἀξιωμάτων
1337 1156 1492 1208 πόσοι
1526 1172 1700 1224 χρεω-

160 1245 387 1299 στοῦνταί
429 1263 511 1298 σοι
548 1248 824 1314 στέφανοι,
861 1246 939 1316 τῷ
973 1247 1309 1316 μαθητῇ,τῷ
1337 1248 1600 1318 ἀρχιερεῖ,
1625 1245 1703 1314 τῷ

157 1337 342 1405 δικαίῳ,
399 1336 480 1405 τῷ
533 1336 827 1407 θεαδέλφῳ,
861 1338 941 1408 τῷ
996 1339 1258 1408 μάρτυρι,
1288 1339 1364 1406 τῷ
1394 1340 1422 1392 ὃ
1457 1355 1510 1390 τι
1533 1339 1597 1392 ἄν
1621 1354 1704 1400 τις

157 1427 278 1476 ιίποι
326 1424 440 1477 τῶν
485 1425 704 1492 ἀγαθῶν
731 1427 795 1479 ἐκ
831 1429 1149 1498 περιουσίας
1195 1427 1395 1496 ἔχοντι,
1436 1430 1512 1490 είς
1547 1427 1705 1490 δόξαν

159 1516 398 1586 Πατέρος,
435 1515 566 1568 Υίοῦ
619 1518 715 1569 καὶ
741 1518 898 1585 ἀγίου
946 1518 1289 1587 Πνεῦματος,
1318 1521 1415 1590 τῆς
1444 1521 1569 1589 μιᾶς
1612 1522 1707 1574 καὶ

156 1608 436 1676 ἀχωρίστου
459 1606 746 1678 Θεότητος,
841 1609 1040 1675 πρέπει
1073 1611 1222 1662 πᾶσα
1254 1608 1403 1673 δόξα.
1431 1609 1588 1678 τιμὴ,
1615 1608 1707 1662 καὶ

161 1697 604 1765 μεγαλοπρέπεια,
630 1698 726 1750 νῦν
750 1702 843 1751 καὶ
870 1700 980 1762 ἀεὶ,
1013 1702 1105 1752 καὶ
1145 1702 1225 1762 είς
1251 1701 1374 1760 τοὺς
1411 1699 1704 1768 ἀτελευτή-

159 1803 265 1849 τους
283 1787 483 1850 αἰῶνας
521 1788 630 1840 τῶν
652 1787 884 1842 αίὼνων.
919 1791 1113 1860 Ἀμήν.

1807 521 2036 583 sanctis,
2075 519 2280 588 Martyr
2306 521 2654 591 martyribus,
2677 518 2839 588 jnstis
2857 519 2948 588 qui
2968 515 3154 571 Justus
3175 527 3288 569 erat
3324 518 3381 572 et

1807 609 2211 674 nominabatur,
2273 610 2470 681 quippe
2519 612 2725 676 primus
2779 609 2918 662 inter
2962 608 3242 674 episcopos
3277 603 3374 658 fuit

1807 701 2095 770 martyrica
2147 715 2345 755 corona
2399 703 2704 755 redimitus.
2765 699 2896 753 Nam
2941 700 3078 752 inter
3123 699 3377 750 diaconos

1804 792 2022 860 quidem
2072 793 2348 862 praecessit
2377 790 2709 859 Stephanus,
2742 795 2884 846 inter
2907 788 3179 859 apostolos
3213 787 3370 840 Zebe-

1804 884 1903 937 ἀεὶ
1934 882 2168 938 Jacohns
2202 899 2217 938 :
2253 899 2399 937 nunc
2445 895 2622 941 autem
2677 881 2923 951 pontifex
2957 881 3233 936 Christum
3262 879 3376 947 pri-

1804 988 1947 1027 mum
1987 974 2299 1028 Pontilicem
2323 984 2405 1028 est
2437 986 2656 1028 secutus
2684 991 2698 1039 ;
2738 984 2945 1046 martyr
2974 987 3121 1036 eum,
3149 971 3242 1041 qui
3282 983 3379 1038 pro

1805 1065 2061 1119 universo
2139 1067 2338 1118 mundo
2399 1067 2677 1134 pr0prium
2740 1065 2972 1134 praebuit
3032 1061 3378 1130 sanguinem.

1802 1154 1973 1219 Quam
1997 1157 2290 1210 multarum
2320 1157 2627 1211 divinarum
2657 1158 2971 1226 dignitatum
3007 1171 3165 1225 quant
3197 1153 3378 1207 multae

1806 1245 1899 1298 tibi
1933 1247 2123 1300 tlehitze
2155 1257 2278 1298 sunt
2315 1263 2551 1312 corona»,
2601 1248 2888 1318 discipulo.
2925 1247 3183 1318 pontiﬁci,
3206 1245 3378 1313 justo,

1805 1334 1898 1390 Dei
1931 1336 2102 1402 fratri,
2143 1339 2410 1407 martyri?
2441 1342 2533 1408 qui
2576 1342 2835 1409 quidquid
2871 1340 2992 1393 boni
3030 1339 3226 1392 dixerit
3255 1336 3378 1406 qni-

1806 1428 1997 1503 spiam,
2053 1428 2218 1482 habes
2263 1445 2327 1482 ex
2359 1429 2689 1484 abundantia
2742 1448 2757 1484 :
2806 1431 2871 1484 ad
2918 1430 3142 1499 gloriam
3179 1426 3377 1485 Patris.

1807 1519 1926 1572 Filii
1958 1529 2010 1572 et
2045 1507 2279 1587 Spiritus
2308 1523 2505 1585 sancti,
2556 1538 2677 1592 qua:
2708 1532 2791 1576 est
2823 1539 2928 1575 una
2960 1531 3010 1574 et
3044 1517 3376 1588 inseparabi-

1807 1611 1874 1665 lis
1902 1612 2181 1679 divinitas,
2212 1625 2265 1668 et
2293 1630 2453 1683 quam
2484 1616 2640 1670 decet
2673 1617 2849 1668 omnis
2877 1615 3050 1669 honor
3079 1622 3132 1665 et
3171 1611 3378 1677 magni—

1807 1700 2006 1761 ccntia,
2050 1715 2194 1755 nunc
2242 1712 2293 1755 et
2342 1719 2579 1772 semper,
2631 1714 2685 1757 et
2719 1704 2774 1757 in
2810 1702 3002 1758 sarcula
3032 1701 3375 1755 seculorum.

1736 1783 1778 1838 Β
1807 1791 2002 1848 Amen.

157 1937 3366 1967 mm

629 2099 1262 2188 ΜΑΡΤΥΡΙΟΝ
1337 2103 1568 2190 ΤΟΥ
1639 2105 1977 2189 ΑΓΙΟΥ
2057 2105 2245 2187 ΚΑΙ
2327 2101 2860 2192 ΕΝΔΟΞΟΥ

1176 2275 1834 2340 ΜΕΓΑΛΟΜΑΡΤΥΡΟΣ
1871 2285 2007 2339 ΤΟΥ
2041 2288 2287 2342 ΧΡίΣΤΟ
2303 2290 2337 2341 Υ

353 2451 1387 2625 ΑΚΑΚΙΟΥ
1515 2457 3160 2630 ΚΑΠΠΑΔΟΚΟΣ.

695 2876 1188 2938 MARTYRIUM
1234 2875 1520 2940 SANCTI
1565 2875 1670 2941 ET
1710 2875 2032 2940 EGllEGIl
2075 2877 2395 2937 CHRISTI
2440 2879 2854 2940 MARTYRIS

809 3064 1438 3222 ACACII
1553 3070 2723 3224 CAPPADOCIS

537 3337 738 3399 (Serius
758 3337 817 3387 sd
838 3333 969 3387 diem
1000 3339 1031 3388 8
1053 3336 1193 3399 Maii;
1221 3338 1393 3390 Grece
1424 3352 1556 3390 nunc
1579 3340 1787 3402 primum
1810 3337 1974 3401 prodit
2005 3351 2066 3390 ex
2093 3341 2204 3391 eod.
2239 3341 2363 3407 Reg.
2402 3339 2541 3393 Paris
2564 3341 2700 3403 ιδσι,
2731 3355 2846 3394 sne.
2872 3354 2940 3393 xu
2967 3354 2987 3407 ι

1717 3493 1786 3508 .-

213 3603 284 3659 Δ’.
319 3603 521 3676 τρίτον
549 3604 713 3659 τοῦτο
749 3606 843 3660 τοῦ
886 3609 1195 3678 μισοκάλοιλ
1227 3609 1324 3665 καὶ
1349 3613 1610 3681 παμπονή
1623 3630 1715 3680 ρου

1899 3611 1939 3665 Ι.
1968 3610 2100 3664 Cttm
2128 3607 2288 3663 tertio
2312 3609 2578 3662 bonorum
2614 3607 2853 3662 omnium
2885 3609 3075 3672 hostis,
3129 3618 3182 3665 el
3241 3611 3390 3666 Omni

147 3695 423 3764 δράκοντος
459 3698 692 3752 λαίλαπι
719 3701 1041 3768 κινήσαντος
1076 3703 1217 3756 κατὰ
1267 3703 1378 3755 τῶν
1431 3704 1525 3775 τοῦ
1580 3704 1716 3756 Θεοῦ

147 3785 333 3838 δούλοιν
360 3791 453 3840 ἐπὶ
487 3787 842 3855 Μαξιμιανοῦ
874 3789 967 3842 τοῦ
1000 3791 1254 3861 γαμϐροῦ
1305 3792 1716 3861 Διοκλητιανοῦ,

149 3877 255 3930 υίοῦ
283 3879 337 3932 δὲ
375 3881 472 3931 καὶ
511 3881 929 3946 ὑπερασπιστοῦ
969 3882 1061 3933 τοῦ
1094 3883 1330 3945 Σατανᾶ,
1386 3883 1588 3943 εὐθέως
1626 3886 1719 3934 καὶ

147 3969 206 4019 τά
229 3972 435 4038 πονηρά
482 3972 583 4022 καὶ
616 3971 787 4038 ἀσεϐῆ
841 3971 1188 4039 διατάγματα
1218 3973 1410 4026 τούτου
1451 3978 1590 4026 κατὰ
1616 3977 1720 4028 πᾶ·

149 4077 238 4113 σιν
264 4063 451 4132 χώραν
487 4065 882 4133 ὲπεφοίτησεν,
925 4066 1054 4119 ἔνθα
1083 4067 1470 4135 προσέταττεν,
1498 4066 1637 4119 ὥστε
1666 4070 1721 4118 ὲν

147 4154 285 4223 πάσῃ
343 4153 526 4214 πόλει,
567 4155 624 4204 εῐ
676 4171 757 4224 τις
809 4157 883 4223 μὴ
917 4155 1156 4222 βούλοιτο
1189 4157 1254 4223 τῇ
1313 4154 1576 4224 θεραπεία
1614 4155 1721 4206 τῶν

149 4239 274 4294 θεῶν
297 4245 630 4312 προσιέναι,
652 4243 840 4297 τοῦτον
866 4246 1256 4316 ἀπαραιτήτως
1301 4246 1449 4317 πάσῃ
1483 4247 1722 4316 τιμωρίᾳ

147 4332 540 4402 ὑποϐληθῆναι.
585 4337 700 4388 Καὶ
727 4335 901 4390 ταῦτα
938 4337 1034 4407 μὲν
1058 4337 1197 4404 πρὸς
1225 4337 1351 4400 τοὺς
1397 4337 1500 4400 ἔξω
1530 4336 1724 4406 ἄρχον.

146 4438 238 4488 τας
275 4426 600 4492 ἐθέσπισεν,
657 4429 808 4496 φόδῳ
844 4427 1022 4480 πάντα
1049 4429 1142 4480 καὶ
1165 4427 1411 4482 κινδύνου
1445 4428 1721 4497 βασιλικοῦ

148 4516 374 4584 γέμοντα
391 4535 406 4549 ·
431 4519 580 4584 πρὸς
600 4517 659 4570 δὲ
684 4516 896 4577 τούτοις
924 4517 1020 4569 καὶ
1044 4521 1157 4579 τοῖς
1179 4518 1274 4570 τοῦ
1301 4519 1536 4588 στρατοῦ
1560 4519 1723 4573 αὐτοῦ

147 4609 368 4679 ἡγεμόσι
391 4611 577 4662 ταῦτα
619 4608 1051 4677 παρηγγέλλετο,
1085 4607 1227 4662 ὥστε
1251 4610 1302 4662 εἰ
1329 4626 1410 4670 τις
1433 4611 1539 4666 τῶν
1564 4627 1726 4679 στρα-

144 4703 342 4756 τιωτῶν
375 4702 455 4774 μὴ
497 4700 712 4772 ὑπείκῃ
762 4704 876 4765 τοῖς
907 4703 1295 4773 προστάγμασι
1338 4703 1432 4756 τοῦ
1468 4702 1727 4772 βασιλέως

144 4794 216 4856 τίς
249 4794 345 4864 τὴν
399 4793 718 4865 θεραπείαν
750 4793 862 4847 τῶν
894 4794 1054 4855 θεῶν,
1115 4795 1315 4864 μᾶλλον
1340 4795 1397 4847 δὲ
1435 4795 1723 4860 δαιμόνων,

147 4884 323 4941 τοῦτον
380 4887 624 4956 δέσμιον
679 4887 793 4948 τοῖς
831 4885 935 4952 ἔξω
983 4885 1356 4955 δικαστηρίοις
1386 4885 1621 4938 δίδοσθαι
1648 4889 1726 4948 είς

145 4977 431 5047 τιμωρίαν.

209 5068 279 5120 B'.
323 5069 414 5121 'Ev
469 5067 659 5136 τούτῳ
707 5068 888 5121 τοίνυν
935 5068 1014 5139 τῷ
1041 5070 1230 5139 καιρῴ
1259 5069 1354 5122 καὶ
1377 5071 1442 5124 τά
1474 5070 1612 5123 κατά
1641 5072 1730 5123 τὸν

1821 3718 1882 3756 ex
1928 3712 2081 3769 parte
2125 3701 2561 3769 improbissimus
2593 3702 2757 3754 draco
2805 3701 3073 3766 diabolus,
3133 3704 3393 3759 adversus

1825 3794 1915 3847 Dei
1949 3808 2132 3847 servos
2187 3793 2449 3845 turbinem
2521 3794 2905 3845 commovisset
2954 3794 3051 3846 sub
3105 3793 3396 3848 Maximino

1826 3883 2145 3938 Diocletiani
2175 3897 2396 3949 genero,
2441 3893 2492 3934 et
2523 3881 2690 3949 ipsius
2737 3881 2950 3934 Satanae
3005 3883 3112 3935 lilio
3155 3899 3216 3935 ac
3265 3899 3397 3953 pro-

1825 3987 2148 4045 pugnatore,
2175 3975 2354 4027 statim
2387 3974 2547 4042 impia
2577 3973 2694 4042 ejus
2720 3973 2894 4026 edicta
2947 3989 3042 4041 per
3089 3989 3277 4028 omnes
3318 3990 3398 4027 re-

1822 4069 2016 4138 giones
2042 4065 2200 4116 missa
2229 4073 2373 4116 snnL
2410 4063 2616 4118 Editrtis
2649 4073 2829 4116 autem
2881 4063 2985 4116 illis
3025 4063 3074 4116 id
3122 4062 3400 4146 pracipie-

1828 4159 2006 4219 batur,
2041 4165 2098 4207 ιιι
2129 4156 2178 4206 in
2216 4153 2360 4206 omni
2405 4155 2557 4215 urbe,
2606 4155 2649 4206 si
2698 4154 2819 4223 quis
2869 4163 3032 4216 esset,
3086 4155 3178 4222 qui
3233 4153 3399 4207 nollet

1825 4244 2051 4298 deorum
2107 4240 2374 4297 culturam
2433 4241 2613 4308 obire,
2670 4244 2788 4298 sine
2853 4243 3172 4297 remissione
3221 4243 3399 4312 aliqua

1827 4338 2080 4390 omnibus
2102 4335 2377 4403 suppliciis
2404 4349 2467 4390 ac
2494 4337 2779 4390 tormentis
2809 4336 3189 4404 subjiceretur.
3212 4336 3399 4390 Edicta

1835 4442 1963 4481 vero
1990 4424 2103 4495 ipsa
2142 4424 2289 4478 onmi
2347 4433 2553 4478 terrore
2575 4435 2630 4477 et
2669 4424 2940 4493 regalibus
2973 4426 3132 4479 minis
3169 4440 3233 4479 ac
3256 4427 3398 4495 peri-

1829 4520 1970 4575 culis
2024 4515 2224 4572 rel'erta
2271 4525 2445 4570 erant.
2496 4516 2574 4569 Ad
2616 4516 2730 4570 haec
2771 4526 2823 4571 et
2853 4515 3122 4571 exercitus
3176 4516 3404 4571 ducibus

1831 4616 2161 4678 praeceptum
2218 4607 2339 4672 fuit,
2387 4617 2446 4658 ut
2473 4606 2520 4660 si
2552 4608 2672 4675 quis
2693 4620 2723 4660 e
2751 4608 3016 4662 militibus
3062 4608 3403 4676 imperatoris

1830 4703 2031 4763 edicto,
2066 4699 2206 4768 quod
2255 4699 2320 4750 ad
2360 4699 2582 4751 deorum
2624 4697 2707 4752 vel
2753 4699 2819 4750 ad
2867 4699 3170 4753 daemonum
3223 4701 3403 4765 potius

1833 4793 2101 4848 culturam
2155 4789 2469 4859 pertineret,
2535 4803 2637 4842 non
2706 4788 2971 4854 obediret,
3034 4789 3122 4842 ille
3175 4789 3405 4842 vinculis

1837 4884 2105 4944 astricuts,
2140 4880 2499 4936 tribunalibus
2532 4881 2598 4934 ad
2641 4881 2900 4950 supplicia
2932 4881 3252 4950 perferenda
3292 4890 3404 4933 tra-

1761 4944 1810 5002 D
1838 4983 2074 5035 deretur.

1909 5069 1973 5124 ll.
2007 5069 2268 5138 Tempore
2299 5068 2394 5121 illo
2421 5068 2589 5122 sancti
2618 5066 2795 5121 Acacii
2826 5066 3075 5136 martyris
3097 5065 3233 5120 facta
3260 5064 3406 5121 eiun-

150 5157 407 5228 μακάριον
442 5160 544 5214 καὶ
589 5159 751 5225 ἅγιον
789 5160 1043 5232 μάρτυρα
1081 5160 1174 5213 τοῦ
1199 5160 1436 5231 Χριστοῦ
1481 5163 1725 5216 Ἀκάκιον

1839 5169 2086 5220 ruerunt.
2139 5160 2227 5227 qui
2280 5163 2356 5213 rei
2408 5160 2519 5226 ipsa
2578 5173 2770 5211 nomen
2813 5173 2966 5210 suum
3008 5152 3402 5226 comprobavit,

145 5240 226 5298 ἱὸν
252 5248 468 5318 ἀληθῶς
531 5247 886 5319 φερωνύμως
947 5253 1013 5318 τῇ
1047 5249 1166 5318 θείᾳ
1208 5250 1403 5320 πράξει
1450 5267 1731 5320 μαρτυρη-

1840 5269 1958 5305 eum
2017 5254 2149 5306 nihil
2193 5255 2415 5307 omnino
2470 5251 2730 5306 malorum
2786 5251 3083 5306 daemonum
3139 5253 3409 5319 particeps

148 5336 298 5393 θέντα
331 5343 427 5393 καὶ
469 5341 654 5411 μηδὲν
681 5339 776 5392 τοῦ
811 5339 984 5394 κακοῦ
1020 5344 1360 5411 μετασχόντα
1388 5341 1419 5412 ἢ
1449 5341 1725 5411 πράξαντά

1840 5345 2024 5408 fuerit,
2063 5359 2235 5412 neque
2269 5344 2561 5412 quidquam
2594 5344 2783 5411 egerit,
2823 5343 2964 5408 quod
2995 5355 3119 5394 cum
3151 5342 3403 5396 malitiosi

149 5446 193 5481 τι
214 5435 307 5500 τῆς
353 5433 620 5501 πονηρᾶς
652 5433 749 5484 καὶ
785 5431 1184 5502 κακεντρεχοῦς
1243 5434 1408 5486 αὑτοῦ
1446 5434 1690 5503 μηχανῆς
1716 5451 1729 5465 ·

1835 5437 2031 5493 diaboli
2078 5436 2350 5490 machinis
2396 5437 2735 5488 conveniret.
2769 5431 2867 5485 llic
2901 5434 2980 5486 vir
3023 5434 3402 5487 sanctissimus

149 5516 288 5586 οὗτος
313 5518 470 5594 δὲῆν
504 5526 532 5577 ὀ
555 5523 743 5590 ἅγιος,
777 5523 966 5590 γένους
1004 5523 1105 5586 μὲν
1141 5523 1544 5588 Καππαδοκῶν,
1577 5527 1641 5593 τῇ
1677 5524 1725 5575 δὲ

1835 5526 1934 5580 fuit
1964 5541 2159 5596 genere
2188 5526 2498 5596 Cappadox,
2550 5537 2604 5579 et
2633 5526 2940 5579 conditione
2971 5525 3188 5592 quidem
3223 5523 3404 5587 miles,

151 5613 276 5683 τύχῃ
307 5612 691 5684 στρατιώτης,
721 5615 787 5682 τῇ
827 5613 882 5666 δὲ
911 5613 1164 5682 προθέσει
1195 5615 1434 5685 ἀθλητὴς
1474 5615 1564 5668 τοῦ
1593 5617 1726 5686 Χριο

155 5703 264 5756 οεοῦ
328 5712 421 5760 καὶ
454 5706 639 5762 ταῦτα
664 5705 912 5776 ὶκόσμει,
949 5705 1038 5760 καὶ
1065 5707 1236 5772 γένος,
1288 5710 1378 5760 καὶ
1417 5709 1726 5778 στρατείαν,

1832 5630 1880 5672 at
1917 5619 2194 5688 proposito
2241 5629 2295 5673 et
2325 5618 2620 5679 voluntate,
2667 5616 2866 5670 Christi
2919 5615 3155 5678 athleta;
3216 5613 3401 5680 itaque

1832 5722 1882 5766 et
1908 5726 2096 5780 genus,
2129 5720 2177 5764 et
2201 5712 2404 5766 ordinis
2438 5710 2756 5779 dignitatem
2788 5709 3091 5763 exornavit.
3147 5705 3272 5774 Ejus
3314 5704 3399 5759 fa-
