4196 6306
802 358 911 421 219

2110 356 2398 416 MENSIS
2434 353 2700 417 MAIUS.

3938 366 4040 428 220

804 488 949 529 ctum
1001 472 1101 525 hoc
1139 472 1297 525 modo
1347 486 1407 525 se
1449 471 1634 525 habuit
1668 490 1680 524 :
1724 472 1855 524 Cum
1907 472 2122 526 Firmus
2162 470 2373 540 quidam
2408 486 2422 531 λ

2494 472 2573 522 mi.
2597 471 2829 540 ἀξίωμα.
2853 472 2930 526 Τὰ
2952 471 3005 525 δὲ
3038 474 3154 526 κατ’
3180 475 3341 527 αὑτὸν
3366 475 3536 538 οὕτως
3557 477 3667 546 ἔχει
3698 477 3789 531 τὸν
3819 480 4039 549 τρόπον·

805 566 1052 621 militaris
1077 564 1285 618 ordinis
1317 574 1461 618 esset
1487 566 1735 616 tribunus
1766 579 1955 617 eorum
1982 564 2070 631 qui
2100 563 2373 617 Romano-

804 671 923 710 rum
962 655 1142 722 lingua
1175 653 1372 716 Martii,
1415 652 1602 706 Graece
1638 668 1760 705 vero
1795 655 2003 722 Ἀρειοι
2035 652 2374 717 dicebantur,

803 761 859 800 et
888 751 989 800 sub
1022 763 1087 800 eo
1124 747 1341 799 tribuno
1409 746 1653 799 centurio
1693 757 1838 799 esset
1876 747 2126 810 Aeacius,
2163 746 2377 800 Firmus

805 839 920 906 ipse
960 838 1200 905 singulos
1235 839 1431 889 milites
1489 839 1553 890 ad
1589 852 1647 890 se
1694 839 1988 892 accersitos
2024 840 2282 901 tentabat,
2319 848 2378 893 ut

811 946 971 999 quem
1022 931 1263 983 animum
1292 930 1516 997 quisque
1555 930 1795 993 haberet,
1829 931 2061 998 experiri
2121 947 2183 984 ac
2238 932 2379 984 scire

809 1033 1013 1091 posset.
1070 1021 1315 1089 Cumque
1377 1022 1574 1075 multos
1640 1024 1832 1086 partim
1893 1022 2377 1084 assentationibus,

810 1113 1004 1180 partim
1038 1113 1192 1165 minis
1236 1115 1301 1166 ad
1337 1113 1601 1166 idolorum
1636 1114 2071 1181 superstitionem
2108 1122 2266 1180 atque
2298 1114 2380 1167 itt-

813 1204 1026 1257 teritum
1075 1204 1363 1267 allexisset,
1389 1206 1737 1272 posteaquam
1776 1204 1974 1255 tribuni
2038 1206 2260 1255 tentatio
2315 1204 2379 1257 ad

812 1294 1069 1347 Acacium
1104 1296 1369 1363 pervenit,
1428 1306 1556 1348 tunc
1615 1295 1805 1347 beatus
1866 1294 1958 1345 ille
2018 1294 2159 1346 clara
2206 1310 2378 1347 voce:

815 1385 1177 1451 Christianus,
1206 1388 1408 1453 inquit,
1432 1402 1530 1454 ego
1557 1396 1711 1438 natus
1740 1385 1813 1438 fui
1850 1405 1862 1438 :
1902 1386 2080 1453 itaque
2113 1385 2384 1438 Christia-

826 1491 924 1529 nus
963 1486 1015 1527 et
1040 1492 1180 1540 sum,
1222 1486 1270 1530 et
1305 1492 1419 1538 ero,
1455 1477 1677 1530 Domino
1724 1493 1844 1530 meo
1872 1476 2003 1531 Jesu
2030 1476 2247 1531 Christo
2282 1478 2382 1531 hoc

818 1571 1145 1634 approbante
1184 1587 1196 1622 :
1242 1585 1361 1621 nam
1419 1580 1471 1624 et
1505 1585 1571 1623 ex
1611 1570 1944 1637 parentibus,
1978 1579 2029 1623 et
2066 1584 2129 1622 ex
2166 1570 2386 1638 majori-

817 1660 918 1712 bus
951 1660 1277 1714 Christianis
1326 1671 1487 1713 natus
1530 1676 1669 1715 sum.
1709 1661 1818 1715 lloc
1853 1675 1974 1714 eum
2010 1660 2100 1713 ille
2132 1660 2381 1723 dixisset,

816 1751 1116 1803 erFirnms
1160 1752 1320 1804 tertio
1349 1767 1473 1805 eum
1529 1761 1779 1813 tentaret,
1834 1766 1895 1805 ac
1928 1753 2081 1805 modo
2132 1752 2384 1820 gravibus

819 1841 1000 1903 minis,
1046 1844 1204 1895 ntodo
1242 1843 1524 1908 promissis
1555 1843 1862 1911 ingentibus
1887 1852 2186 1911 promptam
2214 1842 2381 1895 animi

820 1931 1155 1984 alacritatem
1189 1941 1243 1985 et
1271 1931 1389 1997 ejus
1423 1936 1783 1986 constantiam
1815 1931 2118 1999 debilitare,
2148 1942 2202 1986 et
2233 1932 2382 1985 illum

821 2022 888 2074 ad
919 2035 977 2072 se
1005 2022 1223 2074 trahere
1264 2029 1573 2083 conaretur,
1612 2022 1681 2072 ita
1715 2032 1970 2075 constans
2000 2032 2053 2074 et
2087 2021 2385 2075 immobilis

822 2113 875 2165 in
909 2110 1107 2166 Christi
1145 2111 1485 2166 confessione
1521 2113 1711 2165 beatus
1746 2112 1834 2165 ille
1866 2112 2121 2181 perstitit,
2156 2121 2212 2165 ut
2239 2113 2388 2165 dein-

823 2217 949 2269 ceps
994 2199 1210 2255 Firmus
1250 2210 1473 2255 coactus
1505 2201 1683 2267 fuerit,
1723 2211 1879 2269 prout
1912 2201 2091 2254 edicto
2121 2201 2268 2269 regio
2294 2200 2384 2267 ju-

822 2293 1067 2357 bebatur,
1127 2292 1302 2346 virum
1356 2303 1601 2346 sanctum
1649 2294 1905 2345 Acacium
1950 2292 2180 2345 vinculis
2227 2292 2386 2344 astri-

824 2391 989 2442 ctum,
1041 2384 1104 2433 ad
1150 2382 1433 2434 Bihianum
1464 2382 1749 2450 quemdam
1789 2382 2025 2447 mittere,
2078 2384 2166 2451 qui
2214 2384 2374 2436 totius

824 2471 1095 2526 exercitus
1129 2472 1417 2541 imperium
1457 2473 1889 2527 administrabat.

899 2560 985 2614 ιιι.
1020 2562 1150 2614 Cum
1185 2563 1348 2632 igitur
1382 2564 1467 2616 hic
1498 2577 1592 2631 pro
1635 2563 1888 2616 tribunali
1947 2564 2180 2626 sederet,
2214 2571 2267 2614 et
2299 2576 2390 2614 eos

823 2649 1253 2719 lnlerrogatnrus
1275 2664 1442 2717 esset,
1471 2655 1558 2722 qui
1595 2653 1686 2706 Dei
1721 2654 2125 2708 confessionem
2152 2653 2387 2722 proﬁte-

825 2742 1042 2804 bantur,
1072 2743 1379 2797 Autoninus
1410 2745 1583 2797 scriba
1606 2746 1669 2796 ad
1694 2745 1975 2797 Bibianttm
2005 2746 2117 2796 haec.
2153 2744 2388 2797 detulit:

824 2830 1003 2886 Pridie
1047 2832 1208 2899 hujus
1244 2834 1373 2894 dici,
1403 2833 1628 2885 Bibiane
1680 2848 1899 2901 prmses,
1933 2834 2145 2886 Firmus
2180 2848 2389 2899 eorum,

824 2925 915 2991 qui
965 2925 1140 2978 Martii
1168 2926 1443 2989 dicuntur,
1484 2927 1811 2978 tribunatum
1855 2942 2068 2996 gerens,
2131 2927 2389 2979 Acacium

828 3017 1205 3069 centurionem
1236 3017 1473 3069 vinctum
1519 3016 1664 3069 misit
1725 3018 1788 3068 ad
1841 3026 2159 3083 ροιρειιιιοιιι
2218 3028 2388 3080 tuam,

825 3109 1024 3176 quippe
1059 3108 1150 3176 qui
1188 3108 1531 3160 dominorqu
1591 3120 1894 3161 nostrorum
1955 3118 2007 3160 et
2068 3110 2387 3162 invictorum
2421 3121 2464 3180 ς

824 3205 1190 3269 Augustorum
1224 3202 1404 3255 edicto
1435 3216 1627 3270 parcre
1662 3202 1913 3267 noluerit,
1954 3218 2017 3255 eo
2058 3205 2198 3272 quod
2229 3203 2387 3257 Chri-
2421 3200 2425 3204 ’

824 3291 1127 3345 stianorum
1165 3292 1471 3363 religionem
1502 3306 1776 3361 sequatur.
1838 3293 2127 3362 Diligenter
2178 3310 2391 3363 quoque

827 3396 1047 3433 causam
1082 3383 1251 3450 ipsius
1282 3384 1347 3435 ad
1381 3391 1431 3435 te
1461 3383 1695 3448 scripsit.
1741 3381 1996 3434 Biliianus
2031 3394 2156 3436 tunc
2204 3384 2337 3436 dixit
2373 3401 2385 3435 :

824 3470 1163 3535 Recitentur,
1198 3488 1317 3538 qua:
1342 3474 1405 3524 ad
1435 3488 1518 3523 mc
1547 3474 1742 3537 scripta
1779 3482 1898 3523 sunt
1927 3474 1992 3524 ab
2038 3475 2243 3539 optimo
2277 3476 2390 3527 viro

825 3562 1007 3617 Firmo
1047 3564 1286 3615 tribuno.
1338 3562 1578 3614 Recitata
1617 3573 1793 3613 autem
1830 3573 1979 3621 sunt,
2029 3578 2145 3629 quae
2190 3566 2388 3633 scripta

825 3662 983 3706 et‘ant
1026 3655 1076 3706 in
1127 3654 1263 3706 hanc
1292 3655 1635 3707 sententiam.
1676 3653 1898 3706 Flauus
1925 3653 2136 3708 Firmus
2164 3655 2390 3709 Bibiano

826 3744 947 3793 duci
973 3742 1197 3795 salutem
1234 3761 1247 3794 :
1283 3743 1543 3795 Acacium
1608 3745 1977 3795 centurionem
2021 3745 2120 3798 $th
2170 3761 2252 3797 me
2295 3748 2387 3799 tri-

828 3832 974 3885 bUno
1015 3833 1364 3892 militantem,
1395 3833 1730 3900 multumque
1766 3848 1795 3885 a
1822 3833 1977 3885 nobis
2022 3837 2218 3902 partim
2276 3838 2391 3891 ille-

827 3922 1023 3981 cebris,
1054 3922 1246 3988 partim
1291 3923 1590 3989 promissis,
1628 3926 1819 3991 partim
1864 3924 2024 3976 etiam
2071 3927 2230 3978 minis
2266 3944 2388 3993 pro-

823 4024 1091 4072 Voratum,
1124 4023 1232 4063 uta
1261 4011 1698 4066 Christianorum
1728 4024 1873 4067 secta
1908 4015 2231 4076 discederet,
2266 4033 2386 4069 cum

824 4115 883 4153 se
910 4099 1278 4153 Christianum
1311 4117 1432 4155 esse
1482 4114 1843 4169 asseveraret,
1879 4114 1935 4156 et
1976 4105 2025 4154 itt
2080 4120 2139 4157 ea
2178 4107 2388 4159 confes-

822 4192 975 4245 sione
1022 4203 1338 4246 constanter
1392 4206 1750 4260 permareret,
1820 4210 1918 4264 ego
1970 4196 2291 4250 invictontm
2326 4214 2389 4253 ac

824 4284 1272 4351 triumphantium
1354 4290 1738 4353 imperatorum
1822 4300 2131 4342 nostrorum
2220 4290 2386 4358 jUSsis

820 4376 1102 4439 obedicns,
1143 4377 1291 4427 illum
1342 4375 1578 4427 riuctnnt
1622 4379 1687 4428 ad
1742 4387 1794 4430 te
1841 4379 1981 4441 misi,
2019 4382 2107 4446 qui
2146 4391 2385 4433 tormen-

2479 561 2699 628 Φὴρμου
2760 563 2903 624 τινος
2959 563 3381 633 ταξιαρχοῦντος
3431 568 3540 617 τῶν
3589 568 3897 635 λεγομένων
3953 573 4039 623 τοῦ

2480 651 2715 720 ἀριθμοῦ
2745 652 2879 703 κατά
2913 654 3010 720 μὲν
3031 655 3129 724 τὴν
3158 654 3265 706 τῶν
3295 656 3582 725 Ῥωμαῖων
3615 657 3855 722 γλῶτταν
3887 660 4040 726 Μαρ-

2482 743 2681 809 τησίων
2739 744 3107 813 καλουμένων,
3166 746 3305 799 κατά
3363 748 3415 799 δὲ
3468 748 3563 816 τὴν
3612 749 3718 800 τῶν
3777 749 4043 819 Ἑλλήνων

2495 835 2736 903 Ἀρείων,
2794 842 3219 906 στρατευομένου
3264 838 3319 890 δὲ
3368 838 3529 891 αὑτοῦ
3570 839 3646 909 τῷ
3676 840 3897 908 ἀριθμῷ
3933 858 4020 891 κεν

2480 928 2758 996 τυρίωνος,
2792 929 2886 981 καὶ
2909 930 3139 982 ’ἑκαστον
3174 930 3280 982 τῶν
3318 933 3661 1000 στρατιωτῶν
3704 934 4040 998 προσκαλου-

2486 1018 2648 1085 μένου
2682 1019 2774 1069 τοῦ
2814 1020 3060 1087 Φήρμου,
3092 1020 3185 1070 καὶ
3223 1021 3566 1089 πειρωμένου
3599 1022 3665 1071 τα
3696 1021 3793 1087 τῆς
3818 1020 4041 1087 γνώμης

2484 1109 2734 1165 ἑκάστου.
2770 1110 2861 1161 καὶ
2889 1109 3113 1171 πολλοὺς
3142 1111 3207 1162 τὰ
3250 1111 3349 1178 μὲν
3384 1111 3713 1174 κολακείαις,
3755 1114 3819 1163 τὰ
3846 1112 3902 1164 δὲ
3954 1116 4043 1163 καὶ

2482 1200 2733 1261 ἀπειλαῖς
2764 1199 3107 1263 δελεάζοντος
3132 1204 3207 1262 είς
3242 1203 3341 1268 τὴν
3372 1200 3667 1267 ἀπώλειαν,
3697 1202 3770 1264 ὡς
3812 1206 4041 1269 ἔφθασεν

2485 1290 2576 1340 καὶ
2624 1291 2703 1350 εἰς
2758 1289 2915 1341 αὺτὸν
2951 1292 2983 1358 ἡ
3041 1293 3205 1359 πεῖρα
3258 1292 3351 1343 τοῦ
3380 1293 3660 1361 ἄρχοντος,
3688 1295 4043 1361 ἀνέκραγενό

2485 1381 2769 1448 Μακάριος
2814 1384 2961 1449 φωνῇ
3025 1382 3232 1451 μεγάλῃ
3287 1383 3666 1451 λέγων·Ἐγὼ
3726 1386 4047 1454 Χριστιανὶς

2485 1471 2802 1540 ἐγεννήθην,
2865 1474 2958 1526 καὶ
2998 1473 3135 1542 εἰμὶ,
3186 1474 3280 1525 καὶ
3333 1474 3547 1544 ἔσομαι,
3582 1476 3674 1527 τοῦ
3709 1477 3917 1545 Κυρίου
3950 1496 4045 1545 μου

2497 1562 2670 1631 Ἰησοῦ
2688 1564 2922 1633 Χριστοῦ
2954 1564 3114 1617 τοῦτο
3140 1566 3646 1635 παρακελευομένου
3674 1569 3766 1622 καὶ
3788 1568 4048 1633 Θέλοντος·

2489 1655 2581 1707 καὶ
2620 1655 2726 1722 γὰρ
2766 1655 2859 1706 καλ⁵
2920 1655 3122 1721 γονέων
3184 1657 3279 1710 καὶ
3314 1658 3507 1724 γένους
3543 1660 3871 1729 Χριστιανοῦ
3902 1665 4048 1731 εἰμι’

2487 1746 2644 1797 τοῦτο
2677 1742 2771 1798 οὖν
2808 1745 2997 1812 τρίτον
3033 1748 3347 1816 ἀπόπειραν
3378 1750 3702 1818 ποιουμένου
3762 1752 3857 1805 τοῦ
3911 1754 4053 1821 Φὴρ-

2491 1851 2591 1903 μου
2625 1835 2717 1887 καὶ
2755 1837 2884 1887 ποτὲ
2921 1836 3018 1903 μὲν
3050 1837 3245 1908 ἀπειλῇ
3287 1838 3501 1908 βαρείᾳ,
3547 1843 3674 1892 ποτε
3703 1841 3758 1895 δὲ
3813 1842 4052 1909 μείζοσιν

2488 1924 2844 1993 ὑποσχέσεσιν
2877 1926 3182 1995 ὲκμαλάξαι
3216 1928 3380 1981 αὐτοῦ
3410 1931 3469 1981 τὸ
3496 1932 3776 1999 πρόθυμον
3802 1931 4052 1999 βουλομέ-

2486 2029 2577 2065 νου
2627 2014 2721 2065 κα“ι
2775 2015 3103 2080 ὲξέλκοντος,
3140 2017 3355 2083 ἔμεινεν
3392 2020 3691 2083 ἀσάλευτος
3714 2022 3741 2072 ὁ
3775 2022 4054 2090 Μακάριος

2486 2105 2551 2173 τῇ
2580 2103 2860 2175 ὁμολογίᾳ,
2911 2105 2986 2169 ὠς
3017 2106 3202 2159 λοιπὸν
3252 2110 3667 2177 ἀναγκασθῆναι
3715 2112 3807 2163 τὸν
3835 2113 4055 2182 Φῆρμον

2489 2195 2579 2244 καὶ
2640 2192 2783 2246 κατὰ
2834 2198 2893 2246 τὸ
2952 2195 3284 2265 πρόσταγμα
3346 2198 3405 2250 τὸ
3439 2198 3719 2267 βασιλικὸν
3776 2202 4056 2268 δεδεμένον

2491 2285 2801 2338 ἀποστεῖλαι
2838 2288 2928 2337 τὸν
2958 2288 3109 2353 ἅγιον
3147 2288 3396 2341 Ἀκοὶκιον
3434 2290 3668 2360 Βιδιανῷ
3724 2308 3831 2344 τινι
3862 2292 3939 2362 τῷ
3977 2294 4054 2345 δι-

2491 2371 2678 2425 έποντι
2706 2372 2804 2443 τὴν
2836 2373 3065 2428 καθόλου
3106 2375 3195 2427 τοῦ
3232 2378 3459 2445 στρατοῦ
3500 2380 3674 2445 ἀξίαν,

2563 2548 2636 2603 I".
2673 2550 2870 2603 Τούτου
2902 2550 2993 2603 οὖν
3026 2549 3381 2614 καθεσθέντος
3426 2551 3536 2622 πρὸ
3568 2549 3659 2603 τοῦ
3690 2547 3936 2620 βήματος
3970 2554 4060 2603 καὶ

2493 2643 2832 2712 ἐπερώτησιν
2890 2642 3180 2711 μέλλοντος
3239 2643 3512 2695 ποιεῖσθαι
3565 2641 3672 2695 τῶν
3707 2636 3785 2705 είς
3814 2642 3903 2694 τὸν
3934 2644 4061 2695 eam

2491 2732 2893 2800 τὴνόμολογίαν
2920 2734 3251 2801 ἐσχηκότων,
3290 2734 3602 2795 ’Δντωνῖνος
3635 2733 4063 2802 κομενταρήσιςς

2493 2825 2751 2893 ἀναφέρει
2792 2825 2865 2893 τῷ
2920 2826 3156 2894 Βιδιανῷ
3205 2827 3412 2892 λέγων·
3478 2826 3646 2895 Κύριέ
3691 2844 3815 2895 μου,
3850 2831 3914 2894 τῇ
3942 2828 4062 2895 χθὲς

2495 2914 2675 2983 ἡμέρα
2724 2916 2942 2983 Φῆρμος
2972 2918 2999 2967 ὁ
3034 2915 3317 2985 τριὸοὖνος
3367 2916 3473 2968 τῶν
3500 2916 3807 2984 λεγομένων
3837 2918 4061 2985 Μαρτη-

2498 3006 2624 3056 σίων
2682 3006 2935 3059 Ἀκάκιόν
2987 3023 3107 3060 τινα
3148 3008 3486 3077 στρατιώτην
3517 3009 3643 3060 ὄντα
3673 3008 3764 3060 τοῦ
3797 3010 4062 3077 νουμέροδ

2497 3092 2660 3144 αὐτοῦ
2692 3093 2908 3162 δέσμιον
2941 3095 3304 3165 παρέπεμψεν
3344 3096 3477 3166 πρὸς
3516 3098 3616 3164 τὴν
3649 3099 3745 3165 σὴν
3792 3098 4064 3162 ἐξουσίαν.

2499 3185 2573 3245 ὡς
2601 3186 2675 3256 μὴ
2706 3186 3033 3255 βουληθέντα
3060 3183 3199 3252 εἶξαι
3232 3189 3305 3257 τῷ
3338 3189 3717 3258 προστάγματι
3747 3190 3852 3240 τῶν
3875 3191 4063 3240 δεσποο

2498 3275 2606 3329 τῶν
2640 3276 2795 3346 ἡμῶν
2842 3277 2949 3328 τῶν
2986 3279 3274 3347 ἀηττήτων
3331 3280 3679 3344 Αὐγούστων,
3734 3281 3798 3346 τῇ
3854 3279 3907 3329 δὲ
3960 3279 4065 3329 τῶν

2500 3366 2836 3434 Χριστιανῶν
2867 3366 3131 3435 θρησκείᾳ
3155 3366 3634 3426 ἐξακολουθοῦντα,
3658 3366 3901 3433 ἀκριϐῶς
3934 3368 4062 3436 γρα-

2499 3457 2603 3525 ψας
2636 3456 2729 3509 καὶ
2761 3459 2861 3526 τὴν
2912 3457 3091 3509 αἰτίαν
3146 3454 3311 3508 αὐτοῦ
3343 3458 3407 3525 τῇ
3466 3459 3531 3525 σῇ
3592 3457 3780 3525 ἀρετῇ.
3822 3456 4067 3519 Βιδιανος

2499 3546 2679 3601 εἶπεν·
2733 3548 3156 3616 Ἀναγνωσθήτω
3190 3545 3451 3615 πρότερον
3473 3546 3539 3597 τά
3567 3547 3845 3614 γραφέντα
3871 3549 3934 3615 τῇ
3964 3546 4065 3614 ὲμῇ

2500 3639 2821 3692 καθοσιώσει
2854 3639 3005 3708 παρά
3034 3639 3125 3690 τοῦ
3165 3638 3352 3707 κυρίου
3387 3655 3489 3705 μου
3521 3640 3612 3688 καὶ
3647 3640 3903 3705 ἐναρέτου
3928 3639 4065 3707 Φήρ-

2502 3753 2601 3803 μου
2623 3734 2713 3785 τοῦ
2744 3733 3038 3799 ταξιαρχου
3060 3747 3072 3760 ·
3102 3732 3195 3780 καὶ
3229 3729 3475 3796 παρευθί)
3510 3729 3850 3796 ἀνεγνώσθη.
3884 3726 3989 3781 ἿΙν
4013 3731 4068 3781 δὲ

2499 3826 2565 3875 τὰ
2598 3826 2876 3890 γραφέντα
2929 3820 3185 3872 τοιαῦτα·
3238 3818 3469 3880 Φλάϐιος
3524 3819 3751 3888 Φῆρμος
3801 3818 3877 3886 τῷ
3928 3824 4070 3873 κατὰ

2500 3916 2677 3968 πάντα
2742 3932 2833 3983 μοι
2895 3913 3175 3982 σεϐασμὶῳ
3230 3910 3468 3979 Βιδιανῷ
3519 3910 3762 3981 χαίρεινο
3831 3911 4069 3962 Ακάκιον

2498 4004 2833 4073 στρατιώτην
2853 4004 2945 4057 τοῦ
2980 4002 3213 4073 ἀριθμοῦ
3239 4002 3579 4071 τυγχάνοντα
3605 4000 3698 4052 τοῦ
3722 4001 3812 4053 ὑπ’
3844 4001 3946 4067 ἐμὲ
3977 4016 4065 4050 πο-

2498 4098 2561 4147 λα
2599 4097 2725 4163 παρ’
2753 4098 2908 4164 ἡμῶν
2926 4098 3082 4146 τοῦτο
3100 4097 3194 4163 μὲν
3238 4095 3552 4154 κολακείαις
3598 4094 3691 4144 καὶ
3729 4092 4057 4159 ὑποσχέσεσι

2497 4186 2900 4256 προτραπέντα,
2943 4184 3101 4238 τοῦτο
3129 4184 3183 4237 δὲ
3222 4186 3313 4237 καὶ
3343 4185 3594 4246 ἀπειλαῖς
3631 4184 4069 4251 ὑπομνησθέντα,

2499 4278 2824 4346 Χριστιανὶν
2857 4277 2911 4328 δὲ
2935 4276 3125 4328 ἑαυτὸν
3156 4276 3387 4342 λέγοντα
3419 4275 3512 4326 καὶ
3542 4273 3775 4333 ἀκλινςῦς
3804 4274 3933 4341 περὶ
3952 4272 4067 4324 τού-

2494 4387 2587 4421 του
2646 4369 2860 4436 ἐχοντα,
2884 4366 3139 4437 ,πληρῶν
3170 4367 3231 4417 τὸ
3264 4366 3596 4436 πρόσταγμα
3644 4365 3752 4415 τῶν
3783 4364 4071 4433 ἀηττήτων

826 4467 894 4520 tis
923 4482 984 4517 ac
1015 4466 1293 4534 suppliciis
1324 4467 1515 4535 subjici
1569 4468 1749 4533 debet,
1778 4478 1833 4520 ut
1865 4468 2071 4537 legibus
2106 4471 2232 4539 ipsis
2258 4473 2385 4525 obe-
2417 4467 2422 4525 ξ

2498 4461 2870 4532 τροπαιούχων
2900 4459 3166 4527 βασιλέων
3194 4458 3374 4527 ἡμῶν,
3414 4457 3718 4510 ἀπέστειλα
3753 4456 4067 4525 δέσμιον·τῇ

823 4556 953 4611 diat.

895 4820 984 4878 IV.
1013 4819 1123 4874 Hae
1155 4821 1379 4889 cpistola
1416 4821 1661 4885 recitata,
1698 4819 1953 4874 Bibianus
1986 4821 2120 4873 dixit
2155 4840 2167 4875 :
2200 4822 2388 4878 Addu-

823 4923 979 4970 eatur
1024 4915 1274 4975 Aeacius,
1328 4928 1488 4981 quem
1555 4914 1805 4967 tribunus
1859 4914 2010 4967 dicit.
2053 4913 2226 4967 Adest
2280 4917 2388 4982 ille,

826 5010 1021 5073 inquit,
1050 5008 1352 5061 Antoninus
1373 5009 1892 5063 Commentariorum
1919 5010 2221 5075 pra-foetus.
2255 5012 2391 5062 Aca-

826 5100 944 5152 cius
1004 5115 1131 5152 vero
1159 5109 1287 5152 tunc
1314 5100 1420 5154 illic
1454 5101 1605 5154 stetit
1660 5100 1854 5153 ridenti
1914 5101 2059 5153 vultu
2097 5119 2110 5153 :
2145 5116 2263 5169 qua:
2306 5116 2391 5153 res

827 5191 1065 5245 futurum
1097 5194 1215 5261 ejus
1253 5193 1350 5246 viri
1396 5194 1647 5262 gaudium
1681 5194 1964 5263 ﬁgurabat.
2022 5191 2186 5245 Iudex
2227 5194 2391 5262 igitur

829 5284 903 5338 illi
937 5284 1073 5337 dixit
1120 5284 1441 5348 :Quodnam
1492 5286 1588 5338 tibi
1648 5302 1839 5339 nomen
1895 5286 2025 5339 est?
2091 5288 2387 5356 ltespondit

828 5374 916 5429 ille
964 5391 978 5427 :
1016 5376 1261 5441 Optabile
1293 5388 1346 5429 et
1378 5378 1505 5430 mihi
1538 5386 1592 5430 et
1625 5377 1720 5430 toti
1776 5379 1957 5443 generi
2014 5393 2134 5432 meo
2193 5394 2385 5431 nomen

827 5478 910 5521 est
950 5482 981 5521 a
1013 5465 1229 5521 Christo
1262 5468 1559 5522 derivatum
1593 5488 1605 5521 :
1640 5469 1766 5521 illud
1793 5484 1938 5531 vero,
1996 5484 2102 5537 quo
2159 5470 2391 5523 humano

832 5573 928 5610 tum
961 5557 1218 5627 appellor,
1254 5560 1484 5613 Aeacius
1535 5571 1640 5613 est.
1676 5560 1753 5613 Ad
1783 5559 1894 5613 haec
1933 5559 2101 5614 Judcx
2137 5579 2148 5611 :
2186 5560 2386 5625 Quare,

836 5649 1027 5715 inquit,
1084 5649 1310 5704 Aeacius
1352 5655 1695 5714 nominatus,
1744 5661 1805 5703 ut
1856 5651 1965 5718 ipse
2017 5652 2169 5715 diris,
2224 5652 2392 5705 malus

832 5753 975 5793 nunc
1008 5758 1088 5805 es,
1117 5750 1218 5795 non
1260 5741 1517 5797 obediens
1574 5742 1764 5800 edictis
1812 5743 2243 5811 imperatorum?
2281 5740 2392 5795 Hoc

2499 4556 2563 4619 σῇ
2602 4552 2944 4619 στερρότητι,
2979 4549 3265 4617 ὀφείλοντα
3299 4549 3517 4614 πρῶτον
3565 4547 3936 4614 ἐρωτηθῆναι,
3972 4541 4071 4598 εἷθ’

2493 4641 2663 4705 οὕτως
2694 4641 2983 4713 στρέϐλαις
3022 4640 3400 4709 ὑποϐληθῆναι
3441 4641 3535 4691 καὶ
3574 4640 3894 4709 τιμωρίαις,
3920 4641 4065 4701 ὅπως

2493 4736 2609 4803 sign
2643 4737 2755 4797 τοῖς
2781 4732 2887 4786 τῶν
2911 4733 3336 4803 αὐτοκρατόρων
3368 4733 3574 4799 νόμοις.

2564 4832 2636 4880 Δ’.
2684 4826 3152 4894 Ἀναγνωσθείσης
3188 4826 3244 4877 δὲ
3283 4826 3381 4894 τῆς
3434 4825 3751 4893 ἐπιστολῆς,
3814 4823 4067 4883 Βιϐιανίις

2494 4920 2674 4985 λέγει’
2714 4920 3033 4988 Εἰσαχθὴτω
3091 4910 3344 4980 ’Δκάκιος
3390 4918 3419 4970 ὁ
3472 4918 3567 4968 καὶ
3605 4916 4063 4986 ὲπιζητούμενος.

2509 5012 2820 5074 Ἀντωνῖνος
2876 5012 3305 5081 κομενταρήσιος
3358 5010 3537 5078 λέγει·
3574 5010 3840 5078 Ἐστηκε,
3884 5010 4064 5081 κύριε.

2498 5105 2720 5165 Σταθεῖς
2774 5104 2829 5155 δὲ
2870 5105 2897 5156 ὁ
2930 5104 3202 5173 μακάριος
3249 5101 3504 5164 Ἀκάκιος
3561 5103 3665 5172 πρὸ
3699 5101 3792 5152 τοῦ
3823 5099 4064 5170 βήματος

2496 5192 2774 5253 memori,
2808 5189 2952 5260 εἶχεν
3005 5195 3064 5244 τι
3099 5193 3391 5259 πρόσωπον
3426 5190 3615 5260 ὥσπερ
3656 5190 3808 5261 ῥόδον
3843 5191 4061 5259 μειδιῶν

2497 5288 2591 5339 καὶ
2624 5284 2911 5346 ἀνθοῦντα,
2947 5285 3045 5353 ἤδη
3076 5283 3591 5353 προεικονιζόμενος
3622 5284 3721 5351 τὴν
3754 5284 3934 5352 χαράν
3968 5284 4061 5355 τὴν

2504 5379 2802 5446 μέλλουσαν
2816 5377 2978 5429 αὑτὸν
3000 5376 3359 5446 διαδέχεσθαι.
3375 5376 3534 5441 Λέγει
3556 5374 3701 5442 αὐτῷ
3722 5377 3748 5427 ὁ
3777 5375 4056 5444 δικαστής·

2497 5470 2591 5530 Τίς
2634 5468 2918 5531 καλεῖσαις
2965 5469 3021 5521 Ὀ
3046 5468 3195 5535 ἅγιος
3234 5467 3487 5529 Ἀκάκιος
3509 5462 3679 5518 εἶπεψ
3714 5466 3788 5519 ΤΣ,
3814 5467 4056 5520 ποθεινὸν

2496 5562 2663 5629 ὖνομα
2698 5560 2819 5628 ἐμοί
2845 5578 2901 5611 τε
2930 5564 3022 5613 καὶ
3073 5561 3230 5614 παντὶ
3267 5560 3341 5630 τῷ
3371 5560 3515 5628 γένει
3555 5577 3653 5629 μου
3694 5556 4051 5627 Χριστιανός·

2499 5649 2559 5700 τὸ
2588 5648 2641 5700 δὲ
2668 5649 2761 5715 τῆς
2808 5650 3055 5718 χρήσεως
3107 5650 3204 5718 τῆς
3246 5652 3377 5718 πρὸς
3408 5648 3725 5720 ἀνθρώπους
3782 5649 4054 5707 Ἀκάκιος.

2512 5741 2568 5791 '0
2624 5739 2879 5809 δικαστὴς
2934 5738 3111 5794 εἶπεν·
3154 5744 3256 5797 Καὶ
3295 5743 3382 5794 διὰ
3436 5743 3506 5807 τί,
3570 5744 3755 5813 φησιν,
3806 5741 4056 5796 Ἀιάκιος
