4196 6306
794 359 906 423 923

2102 365 2388 427 ΜΕΝὸἰὸ
2429 365 2694 427 MAlUS.

3943 375 4040 438 224

796 478 998 538 potest,
1031 471 1080 527 si
1113 481 1196 528 est
1223 471 1364 528 Deus
1397 487 1518 530 vere
1557 485 1771 546 potens.
1829 476 1906 531 Ex
1941 478 2046 532 hoc
2092 477 2232 548 ipso.
2281 476 2364 530 ln-
2396 477 2429 534 Δ

2466 473 2590 541 τόςς
2630 475 2687 529 '0
2717 476 2871 544 ἅγιος
2924 479 3177 544 ’Δκάκιος
3200 478 3353 537 εἶπεν
3372 480 3391 515 ”·
3436 485 3529 539 Ἐκ
3559 489 3748 541 τούτου
3773 490 3882 560 γὰρ
3908 491 4039 559 μαλ-

793 558 914 626 quit
958 559 1234 627 Aeacius,
1263 577 1412 622 eum.
1466 579 1527 618 ac
1582 567 1703 633 ejus
1742 565 2038 620 bonitatem
2080 577 2130 620 et
2175 576 2366 635 poten-

794 649 926 701 tiam
955 662 1283 716 cognouere
1312 662 1486 720 potes,
1525 657 1668 722 quod
1702 672 1821 710 cum
1860 658 2070 725 injuria:
2095 659 2168 713 illi
2204 661 2359 727 fiant,

797 753 903 792 non
948 741 1128 794 statim
1161 756 1346 808 pmnas
1376 744 1529 797 vobis
1568 745 1756 812 refert,
1793 751 1886 803 sed
1933 751 2135 806 diutius
2164 767 2360 824 exspe-

793 836 926 889 ctat,
961 839 1016 881 ut
1053 845 1148 883 vos
1180 830 1402 886 Graecos
1445 836 1722 902 poeniteat.
1755 837 1846 906 qui
1881 840 2083 893 cultum
2119 852 2171 894 et
2202 858 2364 899 vene-

797 923 1064 975 rationem
1100 920 1210 976 Deo
1237 934 1647 995 congruentem,
1671 929 2004 985 daemonibus
2023 932 2250 990 affertis.
2281 937 2361 990 Ad

799 1011 914 1064 hac
944 1022 998 1062 et
1032 1027 1339 1076 servorum,
1373 1017 1466 1082 qui
1504 1015 1550 1070 ei
1585 1018 1724 1085 grati
1756 1029 1906 1082 sunt,
1944 1023 2262 1078 electionem
2299 1040 2362 1080 ac

795 1115 1140 1170 progressum
1178 1106 1285 1158 hoc
1318 1105 1476 1158 modo
1505 1109 1827 1175 compellere
1858 1111 1992 1165 vult.
2044 1114 2231 1181 Itaque
2264 1117 2364 1170 hac

798 1193 1136 1259 providentia
1172 1195 1363 1250 utitur.
1395 1198 1525 1250 Nam
1560 1199 1602 1252 si
1635 1200 1820 1253 statim
1847 1205 1998 1257 vobis
2036 1219 2251 1273 poenam
2284 1209 2364 1259 in-

798 1280 941 1340 ferre
980 1282 1160 1349 vellet,
1190 1296 1244 1339 et
1275 1301 1366 1340 vos
1402 1289 1500 1357 ipsi
1541 1289 1592 1342 in
1624 1302 1941 1359 perpetuum
1971 1296 2285 1363 periissetis,
2309 1308 2365 1353 et

795 1373 965 1438 ipsius
997 1375 1139 1427 servi
1168 1376 1435 1431 manifesti
1470 1394 1574 1434 non
1603 1380 1831 1446 fierent;
1875 1387 2002 1453 quin
2043 1388 2205 1440 etiam
2238 1404 2362 1459 gra-

795 1462 884 1516 tis:
913 1465 1082 1531 ipsius
1113 1470 1352 1536 potentia
1403 1471 1579 1525 ctiosa
1608 1478 2019 1540 permansisset.
2076 1478 2362 1544 Quomodo

791 1557 937 1608 enim
974 1555 1238 1614 Dominus
1271 1572 1456 1615 noster
1480 1563 1714 1631 gloriOse
1766 1565 1974 1622 laudari
2007 1583 2210 1636 posset,
2259 1574 2360 1627 nisi

792 1647 1047 1700 diuturna
1076 1649 1130 1702 in
1168 1653 1368 1704 vestris
1425 1652 1722 1707 sceleribus
1765 1658 2050 1721 puniendis
2107 1663 2359 1729 patientia

794 1739 1072 1792 uteretur?
1100 1739 1254 1794 Nunc
1286 1756 1413 1795 vero
1463 1743 1575 1797 haec
1625 1746 1696 1799 ita
1731 1745 1842 1798 fieri
1873 1749 2156 1817 permittit,
2199 1764 2255 1806 ut
2307 1763 2360 1809 et

2465 565 2575 630 λον,
2601 567 2849 633 δικαστά,
2876 570 3114 639 ὀφείλεις
3147 574 3413 644 γνωρίσαι
3447 578 3632 640 αὑτὸν,
3663 583 3753 631 καὶ
3776 579 3876 650 τὴν
3908 580 4040 648 ἀγα-

2465 656 2663 727 θότητα
2691 659 2879 723 αὑτοῦ,
2913 661 3006 714 καὶ
3031 661 3128 732 τὴν
3151 662 3406 733 δύναμιν,
3437 667 3519 719 ὅτι
3560 668 3651 720 καὶ
3684 669 4039 738 ὑϐριζόμενος

2463 746 2562 798 οὑκ
2598 747 2799 811 εὐθέως
2833 751 3258 807 ἀνταποδίδωσιν
3289 757 3418 825 ἡμῖν
3439 796 3454 821 ,
3485 758 3839 828 ἐκδεχόμενος
3883 763 4036 830 ὑμῶν

2461 837 2570 890 τῶν
2616 837 2885 907 Ἑλλήνων
2931 842 3031 911 τὴν
3069 846 3358 912 μετάνοιαν
3411 849 3505 901 καὶ
3539 851 3902 920 ἐπιστροφὴν,
3933 854 4037 905 τῶν

2459 928 2521 981 τὸ
2544 929 2690 998 αύτῷ
2717 933 2926 999 πρέπον
2964 933 3127 996 σέϐας
3162 937 3275 998 τοῖς
3314 937 3533 1007 δαίμοσι
3580 943 4033 1011 προσφερόντων*

2463 1019 2543 1072 ἔτι
2594 1021 2650 1073 δὲ
2706 1024 2801 1075 καὶ
2860 1023 2967 1075 τῶν
3001 1025 3445 1095 εὑαρεστούντων
3492 1031 3636 1100 αὑτῴ
3680 1033 3882 1086 δούλων
3939 1035 4034 1104 τὴν

2463 1111 2693 1180 ἐκλογὴν
2720 1115 2816 1166 καὶ
2849 1115 3134 1186 προκοπὴν
3173 1116 3498 1186 βουλόμενος
3532 1110 3838 1188 ὲκτελέσαιί
3861 1126 4033 1190 οὕτως

2463 1201 2840 1273 ᾠκονόμησεν.
2878 1204 2939 1256 El
2971 1207 3078 1275 γὰρ
3113 1207 3374 1275 ἠϐούλετο
3423 1211 3622 1273 εύθέως
3650 1213 3777 1281 ὑμῖν
3803 1215 4032 1267 ἀποδοῦ-

2463 1311 2551 1347 ναι
2583 1297 2676 1347 καὶ
2705 1297 2844 1365 ὑμᾶς
2869 1299 3206 1353 ἀπόλλυσθαι
3230 1302 3484 1367 αἰωνίως,
3519 1308 3610 1356 καὶ
3648 1307 3698 1357 oi
3729 1306 3911 1359 δοῦλοι
3942 1309 4034 1360 αὑ-

2462 1383 2554 1436 τοῦ
2582 1385 2682 1437 οὑκ
2734 1386 2972 1453 ἐγίνοντο
3016 1391 3259 1458 φανεροὶ,
3312 1391 3448 1444 ἀλλὰ
3493 1394 3584 1445 καὶ
3624 1395 3912 1464 ήδύναμις
3940 1397 4035 1465 τῆς

2462 1470 2686 1540 χάριτος
2722 1473 2886 1525 αὑτοῦ
2926 1476 3071 1545 ἀργὴ
3112 1477 3376 1547 διέμενεν.
3413 1482 3520 1534 Καὶ
3552 1483 3667 1545 πῶς
3709 1479 3855 1553 εἶχεν
3886 1485 4036 1552 δοξα-

2464 1563 2655 1630 σθῆναι
2707 1565 2735 1615 ό
2789 1566 2993 1633 Κύριος
3029 1569 3185 1637 ἡμῶν
3243 1571 3450 1638 Ἰησοῦς
3481 1573 3741 1642 Χριστὸς,
3775 1579 3821 1629 εί
3858 1581 3931 1646 μὴ
3969 1573 4034 1649 ἦν

2464 1654 2820 1724 μακρόθυμος
2854 1658 2946 1707 ἐπὶ
2975 1659 3093 1719 ταῖς
3124 1660 3408 1729 πονηρίαις
3442 1662 3631 1730 ὑμῶν;
3669 1665 3784 1718 Νῦν
3814 1667 3871 1720 δὲ
3905 1684 4034 1736 συγ-

2461 1748 2631 1815 χωρεῖ
2656 1746 2828 1799 ταῦτα
2861 1747 3035 1811 οὑτως
3069 1750 3344 1816 γενέσθαι,
3383 1753 3468 1807 ἵνα
3499 1756 3591 1807 καὶ
3633 1757 3790 1825 ὑμεῖς
3816 1759 3932 1811 ὅσοι
3978 1761 4035 1812 οὑ

793 1845 911 1893 vos,
939 1831 1030 1899 qui
1086 1846 1188 1885 non
1235 1833 1572 1902 resipiscitis,
1605 1837 1696 1890 sed
1727 1839 2038 1894 diuturnam
2075 1843 2243 1911 ipsius
2278 1863 2362 1915 pa-
2396 1815 2429 1871 Β

2468 1843 2800 1904 μετανοεῖτε,
2828 1840 2962 1893 ἀλλὰ
2996 1815 3445 1909 καταπτύσαντες
3470 1848 3570 1915 τῆς
3599 1849 3796 1918 ἀνοχῆς
3820 1852 3915 1903 καὶ
3943 1854 4038 1921 τῆς

793 1922 1038 1975 tientiam
1071 1933 1409 1991 respuentes,
1435 1927 1489 1978 in
1511 1937 1689 1981 vestra
1714 1931 1914 1982 srvitia
1951 1935 2268 1999 persistitis,
2303 1947 2358 1991 et

794 2011 866 2064 ab
899 2025 965 2066 eo
1000 2011 1168 2082 magis
1201 2015 1480 2083 magisque
1530 2016 1914 2086 desciscentes,
1967 2024 2032 2076 ad
2081 2024 2359 2080 interitum

793 2106 1122 2170 properatis,
1181 2115 1359 2158 vestra
1408 2105 1560 2175 culpa
1612 2109 2073 2178 condemnentini,
2129 2124 2184 2168 et
2239 2132 2356 2182 nos,

793 2191 885 2255 qui
914 2191 1032 2259 ejus
1079 2194 1364 2261 imperium
1398 2199 1737 2265 agnovimus,
1791 2213 2051 2270 perpetue
2098 2220 2216 2259 cum
2271 2208 2361 2263 illo

793 2281 1062 2336 vivamus.
1089 2285 1224 2350 Quin
1248 2287 1412 2340 etiam
1443 2288 1610 2356 ipsius
1649 2289 1816 2356 gloria
1840 2292 1891 2344 in
1916 2293 2022 2348 illis
2049 2296 2362 2354 hominibus

794 2372 1135 2428 manifestior
1167 2377 1275 2441 fiet,
1303 2377 1392 2447 qui
1423 2378 1625 2433 scelera
1659 2394 1754 2433 sua
1776 2395 2245 2451 recognoscentes,
2283 2388 2362 2442 vi-

795 2469 903 2512 tam
944 2463 1376 2521 emendaverint.

869 2549 980 2606 νη.
1017 2551 1171 2607 Tunc
1205 2553 1497 2614 Bibianns:
1537 2557 1773 2615 Litteras
1799 2562 1979 2618 forsan
2012 2564 2266 2633 didicisti,
2291 2571 2360 2625 ob

795 2641 958 2710 idque
997 2647 1075 2697 sic
1122 2645 1324 2701 diserte
1370 2652 1688 2716 respondes.
1722 2652 1854 2707 Nam
1911 2673 2004 2723 per
2038 2661 2166 2712 deos
2217 2662 2361 2728 ipsos

796 2746 1106 2787 sermonem
1166 2738 1360 2789 rationi
1399 2750 1826 2795 consentaneum
1870 2746 2125 2813 habuisti,
2176 2759 2231 2801 ιιι
2265 2751 2361 2804 Ιιοο

799 2821 1006 2875 minum
1043 2825 1272 2879 salutem
1304 2826 1407 2881 sub
1443 2829 1532 2882 Dei
1575 2833 1815 2898 potentia
1868 2849 1988 2889 esse
2019 2839 2356 2898 ostenderes.

800 2912 878 2969 Ex
903 2915 1003 2970 hoc
1033 2918 1171 2987 ipso,
1211 2919 1382 2989 inquit
1420 2921 1670 2992 Aeacius,
1708 2927 1799 2982 Dei
1839 2930 2078 2987 omnium
2114 2933 2360 2990 domina-

795 3006 928 3059 toris
962 3010 1258 3076 potentiam
1293 3021 1345 3064 et
1379 3015 1608 3080 gratiam
1660 3032 1956 3084 agnoscere
2012 3034 2184 3090 potes,
2217 3028 2360 3096 quod

795 3110 917 3148 cum
955 3113 1060 3151 non
1095 3100 1377 3154 didicerim
1441 3103 1649 3161 litteras
1699 3107 1838 3174 illas,
1875 3128 1994 3180 qua:
2029 3117 2182 3171 vobis
2209 3118 2360 3173 valde
2386 3134 2429 3194 (ι

795 3183 1060 3252 optabiles
1087 3187 1358 3253 videntur,
1393 3191 1496 3246 nisi
1539 3203 1748 3250 tantum
1781 3215 1946 3268 pauca
2000 3208 2242 3271 quasdam
2294 3211 2359 3264 ad

797 3275 1103 3328 divinarum
1153 3276 1479 3336 Litterarum
1533 3285 1820 3341 lectionem
1865 3297 2191 3358 necessaria,
2249 3298 2364 3367 ipse

797 3364 940 3417 Deus
964 3381 1061 3434 pro
1094 3371 1249 3424 nobis
1281 3373 1685 3430 miserabilibus
1708 3380 1820 3432 suis
1845 3385 2017 3438 servis
2053 3364 2361 3454 respondet,

795 3454 1037 3526 facitque
1081 3469 1140 3512 ut
1165 3461 1232 3515 ab
1262 3463 1515 3520 omnibus
1561 3467 1890 3534 hominibus,
1942 3477 2069 3542 quin
2106 3478 2266 3530 etiam
2309 3490 2366 3534 ut

795 3554 850 3602 et
879 3561 907 3601 a
942 3548 1091 3603 vobis
1117 3551 1268 3619 ipsis,
1317 3557 1407 3622 qui
1439 3559 1636 3609 eruditi
1687 3562 1837 3624 estis,
1871 3563 2177 3621 laudemur.
2225 3568 2360 3623 Nam

797 3640 948 3693 etab
989 3641 1146 3697 initio
1179 3659 1301 3697 cum
1341 3645 1763 3715 dispensationis
1808 3649 2000 3707 divina?
2041 3671 2174 3725 opus
2206 3659 2365 3728 perii-

796 3741 962 3799 ceret,
995 3742 1048 3790 et
1090 3749 1242 3790 suum
1276 3738 1440 3805 ipsius
1478 3755 1696 3809 regnum
1733 3743 1850 3796 orbi
1902 3754 2168 3798 terrarum
2225 3763 2362 3813 pra:-

795 3825 1082 3880 dicantlum
1116 3838 1356 3891 curaret,
1393 3846 1496 3882 non
1526 3831 1842 3887 hominibus
1872 3849 2067 3901 genere
2096 3847 2182 3889 aut
2220 3837 2365 3892 divi-

798 3917 909 3981 tiis,
934 3919 1257 3974 orationisve
1277 3932 1369 3974 aut
1389 3921 1686 3976 litterarum
1713 3923 1965 3981 facultate
1990 3932 2367 3991 praestantibus

799 4009 865 4059 ad
907 4008 1180 4079 Evangelii
1224 4012 1304 4066 sui
1339 4015 1795 4084 pnetlicatinnem,
1827 4019 2293 4085 setlpiscatoribus
2314 4031 2369 4075 et

797 4097 1123 4166 publicanis,
1160 4116 1222 4155 ac
1253 4105 1579 4171 pauperibus
1606 4104 1930 4175 quibusdam
1965 4124 2093 4162 usus
2119 4121 2221 4165 est.
2252 4111 2367 4169 lloc

795 4197 979 4241 autem
1018 4189 1164 4256 fecit,
1197 4203 1253 4245 ut
1282 4193 1397 4262 ejus
1428 4197 1689 4264 potentia,
1723 4213 1842 4266 quae
1882 4211 2119 4255 mentem
2152 4219 2366 4258 omnem

795 4293 1110 4347 exsuperat,
1152 4296 1593 4352 cognosceretur,
1629 4299 1815 4344 sancto
1853 4304 1918 4346 ac
1962 4278 2142 4347 divino
2163 4293 2368 4364 Spiritu

797 4372 914 4437 ejus
969 4374 1257 4442 discipulos
1298 4377 1606 4442 adiuvante.

2468 1928 2847 1998 μακροθυμίας
2866 1932 3031 1984 αὑτοῦ
3087 1935 3352 2003 ἐμμένετε
3393 1939 3457 2006 τῇ
3485 1936 3728 2006 ὠμότητι
3765 1940 3919 2008 ὑμῶν
3949 1942 4038 1994 καὶ

2464 2023 2527 2088 τῇ
2552 2021 2848 2075 ἀποστάσει
2871 2025 2968 2093 τῆς
3015 2027 3287 2090 ἀπωλείας
3320 2029 3766 2099 αὑτοκατάκριτοι
3797 2031 4036 2103 γίνησθε,

2463 2112 2556 2164 καὶ
2586 2114 2744 2181 ἡμεῖς
2799 2115 2856 2168 δὲ
2903 2118 2968 2168 ἐκ
3021 2117 3335 2186 προθέσεως
3369 2121 3469 2188 τὴν
3508 2122 3830 2175 δεσποτείαν
3870 2124 4036 2176 αὑτοῦ

2461 2202 2791 2267 ἐπιγνόντες,
2815 2205 3068 2274 ζήσωμεν
3090 2207 3272 2270 ἁῖδίως
3307 2210 3401 2262 σὺν
3429 2212 3600 2276 αὐτῷ,
3654 2214 3745 2265 καὶ
3778 2214 3959 2282 ἠδόξα
3985 2215 4035 2268 δὲ

2464 2289 2629 2342 αὑτοῦ
2678 2295 2963 2365 φανερωθῇ
2999 2295 3089 2351 διὰ
3140 2298 3251 2349 τῶν
3285 2300 3692 2367 μετανοούντων
3735 2305 4036 2374 ἀνθρώπων

2465 2385 2559 2436 καὶ
2579 2386 2978 2459 διορθουμένων
3007 2391 3095 2443 τδν
3125 2391 3336 2445 ἑαυτῶν
3369 2390 3504 2461 βίον.

2539 2564 2612 2619 Ζ’.
2648 2565 2893 2630 Βιϐιανὺς
2944 2564 3134 2622 εἶπεν·
3187 2572 3432 2639 Ἀκάκιε,
3473 2574 3672 2645 [μαθες
3706 2581 4034 2650 γράμματα,

2462 2654 2541 2706 ὃτι
2573 2654 2743 2716 οὑτως
2762 2659 3040 2725 προσόχως
3057 2661 3327 2731 ἀποκρίνῃ
3348 2679 3361 2693 ·
3392 2666 3467 2730 μὰ
3486 2668 3612 2728 τοὺς
3644 2668 3800 2732 θεοὺς
3827 2671 4036 2739 ἐνδεχό-

2465 2763 2624 2815 μενον
2649 2746 2803 2813 λόγον
2835 2745 3013 2812 εἶπας.
3044 2751 3166 2804 ὅσον
3214 2752 3271 2804 τὸ
3307 2753 3401 2806 ὑπ’
3433 2756 3680 2820 ἐξουσίαν
3709 2755 3847 2811 εἶναι
3903 2762 4033 2814 Θεοῦ

2461 2839 2557 2909 τὴν
2586 2839 2692 2892 τῶν
2725 2840 3028 2910 ἀνθρώπων
3085 2845 3385 2914 σωτηρίαν.
3455 2845 3513 2898 '0
3566 2848 3719 2914 ἅγιος
3782 2850 4034 2918 Ἀκάκιος

2463 2926 2613 2984 εἶπεν
2635 2950 2650 2964 ο
2697 2933 2786 2986 Ἔν
2814 2934 2986 3004 τούτῳ
3018 2935 3124 3007 γὰρ
3162 2938 3385 3007 μᾶλλον,
3445 2931 3489 2991 ὧ
3526 2939 3776 3007 δικαστά,
3803 2943 4035 3011 ὀφείλεις

2465 3021 2727 3090 γνωρίσαι
2765 3024 2864 3092 τὴν
2915 3025 3144 3095 δύναμιν
3176 3030 3270 3079 καὶ
3305 3031 3403 3099 τὴν
3444 3031 3605 3100 χάριν
3654 3033 3745 3085 τοῦ
3771 3033 3908 3088 Θεοῦ
3945 3035 4033 3089 τοῦ

2465 3113 2679 3166 πάντων
2703 3114 2859 3184 ἡμῶν
2885 3117 3173 3181 Δεσπότου,
3199 3119 3279 3170 ὅτι
3310 3119 3382 3187 μὴ
3409 3119 3672 3188 μαθόντος
3697 3124 3760 3174 τά
3778 3124 4033 3178 δοκοῦντα

2464 3205 2592 3273 ὑμῖν
2626 3206 3068 3275 περισπούδαστα
3111 3208 3438 3276 γράμματα,
3487 3212 3535 3261 εί
3571 3211 3646 3280 μὴ
3689 3213 3849 3279 μόνον
3881 3216 4034 3282 ὀλίγα

2464 3299 2596 3363 προς
2619 3296 2717 3362 τὴν
2747 3296 3055 3359 ἀνάγνωσιν
3086 3296 3193 3348 τῶν
3225 3296 3384 3348 θείων
3415 3297 3667 3365 Γραφῶν,
3697 3302 3862 3366 αὐτὸς
3897 3305 4035 3376 ὑπὲρ

2464 3384 2619 3452 ἡμῶν
2645 3384 2753 3434 τῶν
2782 3384 3033 3437 ἐλεεινῶν
3093 3385 3293 3440 δούλων
3325 3387 3491 3440 αὑτοῦ
3527 3390 3787 3457 ἀπολογεῖ
3833 3411 3895 3446 τε
3946 3399 4037 3451 καὶ

2466 3479 2608 3526 ποιεῖ
2661 3475 2766 3528 ὑπὸ
2832 3477 3048 3531 πάντων
3106 3477 3429 3548 ἀνθρώπων,
3467 3480 3602 3534 ἀλλὰ
3645 3486 3738 3536 καὶ
3769 3485 3857 3553 ὑφ’
3884 3488 4037 3558 ὑμῶν

2463 3563 2572 3617 τῶν
2597 3567 3046 3638 πεπαιδευμένων
3074 3571 3416 3626 ἐπαινεῖσθαι
3437 3589 3449 3602 ·
3484 3578 3578 3645 καὶ
3609 3579 3715 3647 γὰρ
3743 3581 3837 3631 ἀπ’
3861 3581 4036 3651 ἀρχῆς

2465 3657 2689 3724 πληρῶν
2717 3658 2814 3721 τὴν
2841 3661 3154 3726 οἰκονομίαν
3181 3663 3273 3712 καὶ
3311 3663 3520 3730 μέλλων
3557 3666 3852 3734 κηρύσσειν
3873 3673 3930 3722 ἐν
3961 3672 4035 3740 τῷ

2466 3744 2658 3813 κόσμῳ
2689 3743 2785 3812 τὴν
2835 3745 3030 3798 ἑαυτοῦ
3067 3746 3364 3815 βασιλείαν,
3399 3751 3497 3803 οὑκ
3521 3753 3787 3822 ἐχρήσατο
3829 3758 4036 3829 ἀνθρώ-

2468 3850 2587 3897 ποις
2617 3834 2648 3905 ἢ
2685 3835 2852 3901 γένει,
2893 3835 2924 3905 ἦ
2955 3835 3191 3907 πλούτῳ,
3224 3838 3255 3909 ἢ
3286 3838 3450 3909 λόγῳ,
3484 3839 3516 3910 ἢ
3552 3843 3845 3914 γράμμασι
3874 3848 4033 3902 δυνα-

2465 3929 2576 3986 τοῖς
2606 3928 2740 3994 πρδς
2773 3925 2834 3978 τὸ
2867 3927 3130 3996 κήρυγμα
3160 3927 3254 3981 τοῦ
3302 3930 3657 3999 Εύαγγελίου,
3680 3934 3794 3987 ἀλλ’
3829 3938 4035 3993 ἁλιεῦσι

2468 4016 2563 4067 καὶ
2592 4014 2872 4078 τελώναις,
2914 4019 3007 4069 καὶ
3034 4019 3312 4083 παντελῶς
3347 4023 3404 4073 ὲν
3425 4029 3669 4091 πτωχαῖς
3701 4030 4034 4094 περιουσίαις

2469 4105 2761 4175 ιχρήσατο.
2817 4108 2986 4163 Τοῦτο
3016 4109 3071 4164 δὲ
3126 4112 3381 4178 εποίησεν
3409 4115 3438 4164 ό
3473 4115 3854 4185 φιλάνθρωπος
3885 4118 4034 4184 Θεὸς,

2470 4195 2551 4250 ἴνα
2583 4198 2614 4266 ἡ
2648 4198 3060 4267 ὑπερϐάλλουσα
3088 4203 3266 4255 πάντα
3293 4203 3417 4254 νοῦν
3441 4203 3671 4274 δύναμις
3696 4206 3863 4260 αὑτοῦ
3902 4226 4036 4276 γνω-

2471 4290 2652 4360 ρισθῇ,
2693 4290 2786 4342 τοῦ
2820 4290 2962 4343 θείου
2986 4293 3079 4343 καὶ
3100 4291 3256 4360 ἁγίου
3290 4293 3607 4365 Πνεύματος
3637 4299 3696 4352 ἐν
3727 4301 3864 4353 πᾶσι
3911 4317 4034 4353 συν·

2470 4379 2755 4449 εργοῦντος
2776 4380 2982 4445 αὐτοῖς.

873 4459 1004 4516 Vlll.
1039 4463 1161 4520 Post
1195 4466 1485 4534 haecjudex
1514 4488 1526 4524 :
1553 4469 1821 4527 Omittcns
1854 4489 1972 4544 ego,
1999 4478 2138 4546 quod
2161 4495 2349 4549 oppor-
2388 4476 2429 4532 Β

2530 4473 2611 4526 Η¹.
2659 4473 2717 4526 '0
2768 4474 3026 4545 δικαστὴς
3059 4471 3254 4530 εἶπενο
3306 4477 3449 4547 Ἐγὼ
3476 4480 3643 4543 ἐάσας
3696 4480 3757 4533 τδ
3801 4483 4035 4556 καίριον,

795 4555 927 4606 tune
961 4556 1088 4609 mibi
1142 4555 1448 4611 faciendum
1481 4570 1586 4625 est,
1648 4571 1824 4618 tecum
1863 4581 2060 4635 nugor,
2093 4569 2193 4637 qui-
2233 4573 2360 4628 talia

800 4647 1048 4702 disseris.
1082 4648 1160 4701 Tu
1191 4651 1300 4704 scis
1349 4652 1738 4720 imperatorum
1767 4657 1938 4711 edicta
1971 4663 2114 4716 omni
2157 4672 2364 4720 terrore

801 4736 955 4805 plena
979 4738 1130 4794 vobis
1157 4744 1433 4810 proposita
1473 4759 1614 4809 esse,
1651 4756 1706 4798 ut
1733 4762 1826 4803 vos
1864 4747 2150 4806 Christiani
2183 4755 2360 4809 homi-

802 4844 903 4884 nes
934 4830 1013 4886 vel
1038 4833 1381 4898 sacrihcetis,
1422 4849 1474 4890 et
1503 4838 1631 4892 deos
1681 4839 1827 4908 ipsos
1856 4843 2068 4907 colatis,
2096 4845 2150 4899 in
2187 4849 2366 4902 omni-

804 4920 907 4974 bus
938 4923 1098 4976 rebus
1131 4939 1225 4978 vos
1255 4912 1361 4980 illis
1391 4926 1740 4995 subjicientes
1776 4941 1936 5000 atque
1985 4950 2051 4989 eo
2084 4939 2242 4992 modo
2267 4939 2366 4993 bo-

805 5025 966 5066 nores
1042 5013 1112 5067 ab
1188 5016 1291 5069 illis
1353 5021 1709 5086 reportetis:
1772 5025 1873 5087 vel,
1942 5025 1985 5079 si
2055 5029 2365 5087 sacrificare

806 5102 1111 5170 nolueritis,
1146 5106 1603 5175 condetnnemini,
1657 5123 1710 5168 et
1760 5116 2037 5184 suppliciis
2077 5135 2142 5173 ac
2193 5123 2364 5188 poenis

803 5194 1188 5279 subjiciamini.
1242 5198 1412 5254 Velim
1466 5201 1629 5273 igitur
1671 5205 1840 5271 dicas,
1895 5225 2019 5263 nutu
2075 5211 2182 5265 diis
2234 5213 2364 5282 ipsis

805 5273 1099 5352 saerillces,
1132 5299 1185 5343 et
1212 5289 1417 5356 legibus
1449 5295 1810 5362 obtemperes,
1844 5313 1910 5351 an
1942 5310 1992 5354 te
2021 5302 2071 5356 id
2094 5273 2361 5358 facturum

808 5393 989 5446 neges.
1027 5378 1323 5447 Respondit
1355 5384 1584 5438 Aeacius
1608 5404 1621 5440 :
1649 5386 1802 5456 Saepe
1831 5399 1884 5441 et
1910 5406 1940 5448 a
1978 5392 2157 5445 Firmo
2196 5395 2362 5449 inter-

808 5483 1044 5540 rogatus,
1078 5474 1442 5532 Cltristianum
1471 5494 1552 5532 me
1582 5495 1701 5534 esse
1733 5481 2012 5538 confessus
2043 5502 2182 5540 sum.
2213 5488 2360 5550 Quod

812 5577 945 5628 ergo
981 5565 1114 5627 dixi,
1174 5566 1364 5620 iterum
1408 5569 1548 5634 dico,
1608 5587 1690 5627 mc
1727 5576 2094 5631 Christianum
2144 5594 2280 5642 esse,
2313 5593 2364 5634 et

811 5655 1038 5720 impuris
1071 5657 1403 5714 dwmonibus
1453 5678 1555 5716 non
1612 5667 1938 5722 sacrificare.
2008 5670 2136 5738 Ego,
2192 5672 2361 5740 inquit

807 5744 987 5812 iudex.
1035 5748 1192 5801 etiam
1235 5766 1373 5805 nunc
1413 5764 1620 5808 aetatem
1652 5757 1805 5812 istam
1833 5769 1972 5812 tuam
2000 5764 2361 5818 miserit-ordia

2461 4563 2537 4626 ὡς
2558 4565 2727 4617 εἰπεῖν
2748 4565 2897 4635 ληρῶ
2925 4567 3062 4635 μετὰ
3088 4567 3182 4620 σοῦ
3212 4570 3436 4622 τοιαῦτα
3457 4570 3861 4641 διαλεγόμενος·
3890 4570 4036 4638 οἶδας

2462 4656 2539 4721 δὲ,
2564 4657 2643 4710 ὅτι
2676 4659 2875 4720 παντὸς
2906 4658 3073 4725 φόϐου
3104 4659 3235 4728 ἡμῖν
3280 4663 3398 4714 ἔστι
3427 4660 3666 4730 γέμοντα
3692 4664 3759 4718 τὰ
3792 4668 4034 4734 προστά-

2463 4764 2652 4818 γματα
2679 4750 2782 4801 τῶν
2815 4747 3253 4820 αὐτοκρατόρων,
3279 4751 3421 4804 ὥστε
3445 4751 3477 4821 ἢ
3510 4752 3736 4817 θύοντας
3752 4757 3848 4808 καὶ
3875 4756 4036 4827 θερα-

2469 4838 2735 4903 πεύοντας
2756 4841 2882 4903 τοὺς
2909 4838 3063 4904 θεοὺς
3097 4841 3241 4911 ὑμᾶς
3277 4843 3402 4904 τοὺς
3425 4844 3789 4914 Χριστιανοὺς
3820 4848 3881 4900 ιν
3903 4849 4034 4902 πᾶσι

2469 4947 2529 4984 τε
2568 4931 2842 5002 ὑπηκόους
2879 4932 3077 4996 αὐτοὺς
3149 4935 3480 5004 γενομένους
3524 4934 3620 4990 καὶ
3672 4938 3839 5006 τιμὰς
3905 4940 4035 5008 παρ’

2464 5023 2640 5077 αὐτῶν
2671 5023 3014 5092 κομίζεσθαι,
3043 5026 3168 5087 τοὺς
3197 5026 3253 5078 δὲ
3289 5026 3361 5095 μὴ
3407 5025 3637 5089 θύοντας
3668 5033 4031 5098 τιμωρεῖσθαι

2466 5114 2607 5168 κατὰ
2624 5115 2841 5185 κράτος.
2861 5115 3019 5178 Θὺεις
3048 5114 3140 5169 οὑν
3163 5119 3275 5179 τοῖς
3299 5117 3442 5177 θεοῖς
3463 5118 3560 5170 καὶ
3588 5117 3906 5188 πειθαρχεῖς
3927 5123 4035 5184 τοῖς

2462 5211 2648 5280 νόμοις
2676 5211 2784 5278 τῷν
2819 5211 3104 5280 βασιλέων,
3137 5212 3374 5282 ἦάκνμὴν
3404 5215 3744 5282 ἁντιλέγεις;
3795 5215 3852 5266 ’0
3882 5215 4034 5283 ἆγιος

2477 5305 2729 5368 ’Δκάκιος
2761 5301 2913 5358 εἶπεν
2933 5322 2946 5336 ’
3008 5306 3116 5358 Καὶ
3151 5307 3242 5358 ἐπὶ
3274 5307 3496 5376 Φήρμου
3528 5309 3788 5371 πολλάκις
3821 5311 4034 5376 ἱπερω-

2466 5398 2669 5465 τηθεὶς,
2693 5397 3013 5468 ὡμολόγησα
3031 5399 3352 5466 Χριστιανὸν
3371 5397 3560 5452 ἑαυτὸν
3579 5396 3735 5464 εἶναι,
3762 5403 3856 5452 καὶ
3876 5403 4033 5455 πάλιν

2468 5489 2606 5554 λέγω
2636 5491 2715 5543 ὅτι
2744 5490 3061 5557 Χριστιανός
3089 5490 3224 5554 εἰμι,
3257 5492 3350 5542 καὶ
3383 5491 3443 5542 οὑ
3473 5491 3585 5544 θύω
3612 5492 3867 5558 δαίμοσιν
3897 5495 4032 5546 ﬁxa.

2469 5581 2687 5650 θάρτοις
2722 5584 2868 5636 ποτέ.
2921 5586 2986 5634 ’0
3029 5582 3286 5650 δικαστὴς
3317 5578 3468 5634 εἶπεν
3491 5602 3501 5612 ·
3557 5583 3695 5648 Ἐγὼ
3731 5585 3809 5636 ἔτι
3844 5586 3905 5636 τὸ
3936 5585 4030 5648 τῆς

2469 5674 2681 5740 ἡλικίας
2718 5691 2806 5727 σου
2841 5675 3035 5743 μέτρον
3066 5675 3345 5744 οἰκτείρω·
3389 5676 3497 5740 όριῖ)
3531 5674 3635 5743 γάρ
3668 5691 3724 5725 σε
3764 5675 3838 5743 μὴ
3872 5675 4027 5726 πλέον

2469 5765 2639 5817 εἴκοσι
2662 5768 2747 5818 καὶ
2782 5775 2818 5816 ε’
2856 5767 2989 5817 ἐτῶν
3018 5767 3176 5819 ὅντα·
3204 5767 3334 5816 ἀλλὰ
3373 5767 3458 5819 καὶ
3486 5764 3541 5815 τὸ
3575 5767 3659 5816 τοῦ
3696 5765 4025 5829 στρατιώτου
