4196 6306
175 342 277 407 995

1263 352 1430 411 Vl'I‘A
1476 354 1535 414 S.
1578 354 1830 414 ACACll
1875 356 2360 423 CAPPADOCIS.

3302 375 3414 437 226

171 455 354 526 σχῆμα
380 452 672 535 αἰδεσθεὶς,
705 453 807 509 οὒκ
831 454 1071 526 ἠθέλησα
1108 457 1399 526 τιμωρίαις
1443 476 1500 512 σε
1539 460 1730 515 61:061-

1854 482 2170 537 prosequor.
2208 468 2377 525 Video
2401 472 2541 526 enim
2570 481 2621 528 te
2650 488 2754 528 non
2786 476 3016 546 amplius
3048 494 3208 550 quam
3233 486 3421 555 viginti

169 546 307 600 λείν⁶
344 545 442 599 ἐὰν
478 532 536 599 δὲ’
559 547 821 616 ἑμμένεις
859 550 926 617 τῇ
959 549 1142 618 μωρίᾳ
1172 547 1379 621 ἐκείνῃ,
1411 551 1744 618 ἀναγκάσεις

169 655 231 708 με
260 637 356 689 τοῦ
406 639 711 705 ἐπαγαγεῖν
770 654 854 691 σοι
890 636 1152 707 βασάνους
1187 641 1391 708 πικρὰς
1429 641 1522 692 καὶ
1546 640 1747 711 άνηκὲ-

167 747 345 793 στους.
385 732 444 785 ὐ
484 735 635 799 Ξιγιος
682 733 935 794 ’Δκάκιος
958 728 1111 785 εἶπεν
1133 750 1147 762 ·
1188 736 1252 787 Ὃ
1278 734 1481 804 βούλει,
1516 737 1660 789 ποίει
1689 739 1746 789 ἐν

164 822 340 891 τάχει,
375 822 533 891 κάγὼ
566 826 675 894 γὰρ
702 825 730 877 ὃ
759 826 853 879 νῦν
884 826 1022 877 ποιῶ
1049 827 1147 879 οὐκ
1179 826 1294 880 ἔστι
1348 828 1549 897 μωρὸν,
1609 827 1747 881 άλλά

163 919 253 968 καὶ
290 919 437 970 πάνυ
469 919 765 989 φρόνιμον,
798 920 884 972 τνα
912 924 1002 974 τὸν
1028 921 1333 989 ποιήσαντά
1359 938 1425 990 με
1455 923 1550 975 καὶ
1576 922 1744 992 μέχρι

160 1008 251 1060 τοῦ
284 1009 382 1062 νῦν
407 1010 808 1079 προνοούμενον
836 1030 926 1079 μοι
953 1013 1027 1083 μὴ
1068 1013 1475 1080 ἐγκαταλείποι,
1515 1014 1607 1065 τὸν
1642 1015 1741 1083 μό·

163 1119 248 1155 νον
287 1102 551 1170 ἀληθινὸν
600 1103 754 1158 Θεὸν.
797 1105 858 1157 Ὀ
892 1105 1149 1175 δικαστὴς
1208 1100 1388 1159 εἶπεν·
1428 1105 1552 1168 Πῶς
1584 1106 1747 1175 μόνον

164 1193 294 1262 ἔφης
318 1189 461 1245 εἶναι
493 1193 744 1262 ἀληθινὸν
774 1195 925 1261 Θεὸν,
960 1198 1121 1250 ὁπότε
1160 1196 1361 1264 λέγεις,
1382 1198 1474 1250 τὸν
1503 1198 1740 1269 Χριστὸν

163 1284 286 1337 Υἰὺν
317 1280 460 1339 εἶναι
491 1285 657 1352 Θεοῦς
692 1288 904 1359 ἀνάγκη
939 1288 1105 1352 πᾶσα,
1145 1291 1192 1342 si
1226 1289 1351 1352 Υίδς
1391 1289 1484 1342 καὶ
1519 1290 1632 1354 ἴσος
1658 1291 1743 1362 εῐη

161 1375 232 1444 τῷ
276 1375 478 1446 Πατρὶ,
533 1375 625 1430 δύο
660 1379 856 1441 αὐτοὺς
894 1376 1053 1446 εἶναι,
1109 1379 1293 1433 λοιπὸν
1346 1383 1440 1433 καὶ
1482 1382 1604 1451 οὐχὶ
1649 1382 1745 1435 ινα

158 1466 309 1520 θεόν.
347 1468 453 1520 Δύο
481 1463 621 1523 εἶναι
654 1471 748 1522 καὶ
775 1470 931 1523 αὐτοὶ
964 1470 1215 1540 λέγοντες
1248 1473 1439 1536 θεοὺς,
1482 1472 1601 1537 πῶς
1634 1472 1733 1529 νῦν

157 1560 247 1611 ινα
310 1562 621 1629 ἱκφωνεῖςς
685 1564 1047 1631 ’Δναγκάζεις
1122 1582 1191 1634 με
1259 1565 1368 1634 γὰρ
1427 1565 1741 1634 ληρολογεῖν

160 1651 292 1717 μετᾶ
329 1651 447 1715 σοῦ,
474 1654 647 1716 οὕτως
676 1654 922 1724 ἔκθεσμα
949 1656 1044 1706 καί
1077 1655 1400 1725 ἀνάρμοστα
1432 1657 1662 1723 ὁμιλῶν.

1847 558 2083 626 quinque
2144 573 2313 614 annos
2363 571 2580 615 natum.
2637 562 2968 631 Quinetiam
3001 571 3288 627 militarem
3339 576 3426 632 di-

1849 649 2107 717 gnitatem
2138 653 2423 715 reveritus,
2457 655 2602 708 nolui
2652 665 2701 711 te
2740 658 2924 713 statim
2977 666 3259 720 tormentis
3293 667 3426 722 sub-

1848 737 2037 808 jicere.
2066 739 2137 792 At
2173 743 2218 795 si
2272 743 2477 798 diutius
2508 745 2560 799 in
2592 747 2694 801 ista
2734 758 2821 802 tua
2875 749 3086 806 insania
3142 758 3421 824 persistes,

1847 843 2007 899 coges
2036 845 2123 884 me
2164 830 2572 889 iucvitabilibus
2610 840 2896 895 tormentis
2938 852 2988 895 te
3018 844 3307 912 subjicere.
3337 848 3421 904 Ad

1850 920 1965 975 haec
1992 919 2224 977 Aeacius
2259 942 2273 978 :
2304 925 2458 990 Quod
2514 927 2634 981 volo
2664 928 2846 984 facere
2888 947 2992 986 nou
3023 936 3266 1001 stultum,
3322 939 3421 993 sed

1848 1012 2005 1067 valde
2035 1013 2269 1081 prudens
2299 1024 2354 1069 et
2382 1018 2489 1069 Deo
2517 1028 2731 1086 gratum
2757 1035 2893 1088 opus
2917 1034 3021 1088 est,
3056 1035 3111 1077 ut
3152 1041 3293 1091 eum,
3322 1029 3418 1097 qui

1850 1115 1936 1155 me
1962 1102 2189 1168 creavit,
2223 1111 2279 1156 et
2300 1102 2364 1157 ad
2400 1104 2542 1157 hunc
2571 1120 2740 1174 usque
2772 1108 2912 1162 diem
2943 1113 3282 1179 providentia
3316 1132 3415 1171 sua

1850 1202 2171 1260 prosecutus
2238 1203 2343 1258 est,
2401 1211 2507 1251 non
2552 1196 2798 1252 deseram
2861 1216 2875 1253 :
2929 1202 3115 1266 illum,
3171 1205 3418 1276 inquam,

1851 1281 2051 1352 ipsum,
2085 1282 2176 1351 qui
2209 1284 2356 1338 solus
2384 1294 2465 1338 est
2498 1300 2660 1341 verus
2718 1287 2881 1343 Deus.
2918 1289 3216 1361 Quomodo,
3245 1294 3420 1366 inquit

1844 1373 2030 1443 judex,
2067 1372 2253 1429 dixisti
2288 1374 2462 1427 solum
2497 1391 2620 1431 esse
2657 1392 2845 1432 verum
2884 1382 3072 1448 Deum,
3106 1400 3229 1438 cum
3264 1386 3418 1441 dicas

1846 1463 2124 1519 Christum
2158 1466 2252 1521 Dei
2292 1463 2486 1522 Filium
2534 1470 2703 1525 esse?
2749 1468 2984 1526 Omnino
3013 1478 3159 1529 enim
3194 1491 3421 1533 necesse

1844 1566 1947 1620 est,
1985 1568 2041 1611 ut
2070 1558 2115 1613 si
2154 1557 2326 1613 Filius
2361 1570 2467 1627 est,
2508 1570 2563 1615 et
2601 1560 2746 1617 Patri
2783 1578 2877 1635 par
2911 1564 3026 1622 sit:
3060 1575 3116 1625 et
3173 1567 3246 1624 ita
3307 1588 3416 1628 non

1845 1665 2006 1716 unus,
2040 1650 2132 1703 sed
2164 1651 2270 1704 duo
2300 1651 2409 1705 sint
2434 1654 2529 1706 dii.
2553 1654 2686 1708 Cum
2717 1656 2879 1727 igitur
2907 1667 2962 1712 et
2993 1662 3090 1728 ipsi
3119 1663 3251 1718 duos
3278 1663 3420 1719 Deos

163 1743 375 1804 dicatis,
431 1760 601 1812 quare
655 1763 799 1802 nunc
831 1763 997 1801 unum
1053 1748 1221 1803 Deum
1278 1747 1525 1819 profers?
1574 1748 1733 1818 Cogis
1803 1745 1947 1801 enim
1984 1759 2069 1799 me
2102 1752 2278 1797 tecum
2305 1745 2524 1813 nugari,
2558 1761 2678 1800 cum
2715 1749 2816 1803 ista
2902 1760 2955 1804 tu
3000 1767 3143 1807 nunc
3182 1743 3418 1813 absurda

160 1841 211 1884 et
245 1832 570 1887 inconcinna
596 1835 746 1889 dicas
785 1852 799 1889 :

216 1924 291 1980 ϐ’.
335 1928 397 1980 Ὀ
420 1912 575 1994 ἅγιος
615 1932 873 1995 Ἀκάκιος
920 1930 1108 1987 εἶπεν·
1162 1934 1411 1989 Πιστεύω
1431 1934 1509 2004 τῷ
1561 1934 1730 2006 Ἰησοῦ

1918 1930 2005 1984 IX.
2037 1928 2174 1984 Tum
2216 1929 2450 1984 Aeacius
2493 1948 2507 1985 :
2546 1928 2657 2000 Ego
2696 1936 2881 1997 credo.
2926 1950 2979 1990 et
3035 1937 3088 1992 in
3125 1936 3274 2007 Jesu,
3322 1942 3414 2013 qui

150 2016 226 2089 τῷ
257 2021 630 2089 σταυρωθέντι
667 2022 762 2075 ἰπὶ
792 2024 1016 2076 Ποντίου
1054 2024 1309 2087 Πιλάτου,
1364 2026 1586 2094 δοθῆναί
1646 2043 1737 2094 μοι

151 2107 304 2175 λόγον
335 2110 426 2162 διὰ
456 2111 550 2163 τοῦ
587 2112 903 2181 Πνεύματος
939 2112 1103 2165 αὑτοῦ
1143 2113 1237 2165 τοῦ
1270 2114 1428 2181 ἁγίου
1471 2116 1609 2186 πρὸς
1640 2116 1738 2184 τὴν

150 2196 491 2267 ὶπερὼτησιν
524 2199 727 2268 ταύτην
755 2198 850 2251 τοῦ
883 2200 1223 2269 διασαφῆσαι
1248 2202 1451 2270 αὐτήν·
1480 2202 1539 2253 ου
1569 2203 1676 2269 γάρ
1701 2203 1733 2271 ή

147 2287 388 2354 τυχοῦσά
418 2288 566 2339 ἐστιν
614 2286 752 2357 αὕτη
799 2287 1160 2357 ἐπερώτησις,
1206 2287 1323 2350 πῶς
1349 2286 1444 2340 δύο
1485 2286 1737 2354 λέγοντες

149 2375 322 2439 θεοὺς,
364 2376 461 2429 ἕνα
496 2380 823 2446 προσκυνεῖν
850 2378 983 2431 Θεὸν
1009 2378 1462 2446 ἐπαγγελλόμεοα
1483 2394 1498 2409 ο
1543 2377 1653 2444 ἐγὼ
1679 2377 1735 2431 δέ

149 2483 227 2520 σοι
254 2467 423 2535 λέγω,
454 2468 710 2531 δικαστά,
752 2472 846 2522 καὶ
873 2470 933 2522 τὸ
969 2470 1195 2539 Πνεῦμα
1227 2469 1288 2521 τὸ
1322 2470 1477 2535 ἅγιον
1526 2469 1733 2537 ἀχώρι-

146 2574 268 2611 στον
299 2556 445 2613 εἶναι
482 2558 576 2612 τοῦ
630 2561 842 2630 Πατρός
872 2562 965 2612 καὶ
998 2561 1091 2613 τοῦ
1142 2559 1294 2625 Υἱοῦ,
1341 2560 1432 2612 καὶ
1462 2555 1600 2611 εἶναι
1634 2560 1732 2628 μὲν

144 2651 269 2719 τρία
305 2652 576 2721 πρόσωπα
604 2652 661 2701 ὲν
695 2652 842 2721 τρισὶ
877 2652 1294 2721 προσηγορίαις,
1330 2651 1458 2721 μίαν
1490 2651 1544 2705 δὲ
1567 2652 1729 2704 δυνα-

148 2756 240 2809 μιν
290 2742 390 2794 καὶ
424 2740 657 2810 θεότητα
698 2740 903 2793 τούτων
943 2741 1052 2794 τῶν
1111 2743 1392 2811 ὀνομάτων
1422 2742 1690 2813 ὑπάρχειν
1715 2756 1729 2771 ⁸

143 2832 237 2885 ἶνα
260 2834 320 2886 δὲ
360 2834 595 2903 λέγομεν
627 2834 761 2887 Θεὸν
793 2834 984 2904 ἔχοντα
1010 2833 1104 2887 καὶ
1131 2836 1325 2902 Λόγον,
1354 2836 1447 2887 καὶ
1480 2834 1606 2887 ἄνευ
1635 2833 1730 2886 τοῦ

142 2923 379 2984 Cusum-3
452 2926 771 2993 Πνεὺματος
836 2927 912 2997 μὴ
942 2923 1103 2979 εἶναι.
1157 2927 1363 2997 Δίδωμι
1409 2927 1467 2979 δέ
1526 2943 1607 2979 σοι
1638 2927 1731 2979 καὶ

142 3015 450 3083 ὑπόδειγμα
476 3016 755 3086 ἐγχωροῦν
782 3017 904 3069 ὅσον
939 3017 1074 3086 πρὸς
1102 3020 1201 3085 τὴν
1222 3019 1501 3089 ἡμετέραν
1518 3018 1729 3089 ἀνθρω-

142 3105 299 3175 πίνην
328 3105 561 3175 δύναμιν
592 3108 649 3157 ἐν
682 3106 857 3177 τούτῳ
946 3106 1136 3178 ὥσπερ
1168 3111 1195 3160 6
1252 3110 1505 3177 βασιλεὺς
1536 3112 1563 3163 6
1612 3110 1726 3175 νῦν,

138 3196 194 3249 ὃν
226 3199 289 3250 σὺ
309 3196 647 3267 ἐπιγράψεις
671 3198 961 3269 δεσπότην,
988 3198 1097 3269 ἐγὼ
1124 3200 1231 3270 γὰρ
1257 3200 1542 3269 ἄνθρωπον
1568 3202 1729 3255 αὑτὸν

1846 2026 1947 2077 sub
1980 2023 2171 2077 Pontio
2212 2022 2383 2077 Pilato
2414 2023 2707 2080 cruciﬁxus
2732 2026 2853 2093 fuit,
2889 2042 3040 2097 spem
3089 2031 3285 2098 habeo,
3326 2034 3417 2092 fu-

1846 2126 2043 2175 turum,
2070 2126 2126 2167 ut
2158 2117 2286 2168 mihi
2318 2132 2415 2183 per
2440 2125 2684 2171 sanctum
2716 2118 2832 2188 ejus
2853 2121 3112 2190 Spiritum
3144 2132 3413 2183 sermonis

1842 2202 2070 2257 facultas
2097 2215 2442 2273 suggeratur,
2492 2221 2594 2272 qua
2629 2206 3036 2277 intermgatioui
3068 2224 3169 2266 tua:
3193 2228 3416 2282 respon-

1844 2294 1994 2355 dere,
2034 2304 2086 2347 et
2115 2294 2466 2363 qtimstionem
2522 2306 2667 2350 tuam
2704 2298 2976 2365 explicare
3023 2305 3248 2369 possim.
3291 2305 3410 2361 Non

1844 2384 2080 2451 vulgaris
2110 2384 2341 2453 quaestio
2372 2386 2484 2440 hac
2516 2396 2619 2447 est,
2652 2402 2817 2455 quare
2849 2405 2970 2444 cum
3001 2392 3138 2447 duos
3160 2397 3409 2451 nomine-

1844 2489 1985 2537 mus,
2023 2490 2185 2526 unum
2230 2475 2393 2529 Deum
2432 2493 2460 2529 a
2496 2480 2648 2531 nobis
2694 2479 2794 2533 coli
2853 2483 3222 2550 proﬁteantur.
3278 2488 3411 2542 Dico

1842 2563 2001 2631 igitur
2035 2565 2128 2619 tibi
2154 2576 2209 2619 et
2232 2564 2497 2637 Spiritum
2530 2584 2777 2625 sanctum
2808 2589 2837 2627 ιι
2871 2574 3030 2630 Patre
3056 2587 3109 2630 et
3131 2576 3268 2633 Filio
3285 2595 3413 2635 esse

1842 2656 2284 2725 inseparabilem,
2347 2675 2411 2714 ac
2460 2671 2569 2716 tres
2608 2665 2825 2733 quidem
2884 2683 3145 2736 personas
3197 2687 3317 2727 esse
3351 2674 3405 2728 itt

1840 2750 2011 2804 tribus
2083 2750 2557 2820 appellationibus,
2616 2757 2708 2809 sed
2769 2773 2929 2812 uuam
2980 2770 3161 2815 tamen
3212 2762 3419 2819 horum‘

1841 2842 2117 2895 numinum
2183 2846 2479 2912 potentiam
2527 2862 2648 2901 esse
2706 2864 2770 2905 ac
2809 2850 3163 2907 divinitatem.
3228 2855 3406 2912 Unum

1837 2943 2014 2985 autem
2049 2933 2279 2989 dicimus
2336 2934 2525 3005 Deum,
2589 2939 2877 2995 habentem
2922 2952 2975 2997 et
3025 2943 3281 3012 Verbum,
3350 2957 3408 3005 et

1840 3022 2100 3092 Spiritum
2157 3039 2432 3083 sanctum.
2497 3031 2963 3089 Absurdissimum
3040 3039 3183 3091 enim
3233 3050 3404 3108 esset,

1840 3115 2005 3169 Deum
2041 3116 2156 3170 sine
2209 3116 2408 3186 Verbo,
2450 3130 2504 3175 et
2555 3122 2676 3178 sine
2726 3125 2873 3179 vitali
2931 3126 3134 3198 Spiritu
3200 3131 3402 3188 dicere.

1838 3204 2002 3275 quue
2037 3210 2286 3280 exemplo
2337 3213 2433 3266 tibi
2465 3217 2770 3289 ostendam,
2808 3221 2871 3271 ad
2908 3219 3047 3275 hanc
3078 3223 3247 3291 ipsam
3285 3239 3400 3280 rem

139 3286 299 3354 λέγω,
334 3288 479 3341 ἀλλὰ
511 3293 603 3341 καὶ
636 3290 816 3359 κρίσει
852 3292 1060 3360 μείζονι
1101 3290 1487 3361 ὑποκείμενον,
1523 3291 1636 3361 ἔχει
1670 3294 1727 3346 δὲ

1845 3299 2208 3366 explicandam
2258 3286 2695 3373 accommodato,
2732 3319 3002 3377 quatenus
3036 3286 3286 3371 humana
3322 3315 3402 3373 {a-

140 3378 248 3430 υίὸν
281 3380 379 3431 καὶ
429 3379 676 3446 λέγεται,
710 3382 757 3431 εἰ
812 3380 988 3450 τύχοι,
1020 3375 1176 3444 οὗτος
1210 3381 1571 3449 Μαξιμιανὸς,
1610 3384 1638 3436 ὁ
1670 3383 1729 3437 δὲ

1833 3389 2048 3443 cultatis
2071 3393 2308 3448 conditio
2335 3397 2559 3463 patitur.
2592 3400 3053 3465 Quemadmodum
3084 3403 3399 3475 imperator,

138 3470 249 3530 υίὸς
272 3468 444 3520 αὑτοῦ
481 3469 808 3536 Μαξέντιος,
846 3474 939 3524 καὶ
963 3474 1070 3525 εἰσὶ
1093 3472 1186 3525 δύο
1219 3473 1315 3541 μὲν
1369 3474 1661 3544 πρόσωπα,
1694 3478 1727 3548 ἡ

1845 3481 1922 3551 ιιιί
1956 3499 2097 3539 ιιυιιο
2121 3494 2227 3548 εει,
2261 3501 2419 3555 quem
2447 3500 2500 3542 tu
2529 3490 2828 3558 tlominuut,
2855 3506 2954 3564 ego
2976 3510 3107 3550 vero
3130 3496 3400 3556 hominem

136 3560 187 3613 δι
210 3561 374 3629 φύσις
410 3560 618 3625 αὐτῶν,
652 3559 799 3612 τοῦτ’
836 3562 984 3614 ἔστιν
1024 3565 1124 3631 τῆς
1157 3565 1603 3636 ἀνθρωπὸτητος,
1633 3570 1730 3638 μία

1845 3574 1978 3639 lico,
2011 3586 2065 3631 et
2114 3577 2307 3646 majori
2336 3579 2544 3648 judicio
2603 3559 2928 3653 subjectum.
2980 3596 3037 3641 et
3086 3590 3229 3645 [ilius
3279 3592 3401 3661 ejus

136 3654 226 3705 καὶ
253 3655 286 3722 ὴ
340 3652 605 3723 βασιλεία
660 3654 758 3721 μία
795 3655 889 3705 καὶ
923 3655 1229 3725 ἀδιαίρετος
1260 3657 1355 3708 τοῦ
1400 3660 1605 3728 πατρὸς
1638 3664 1730 3714 καὶ

1845 3665 2088 3732 ζειιιοι·ιιιιι
2140 3670 2228 3734 qui
2260 3679 2413 3733 pater
2455 3682 2560 3736 εει,
2600 3652 2963 3732 Maximianus
2990 3678 3207 3744 dicitur,
3262 3652 3403 3740 lilius

135 3746 223 3799 τοῦ
265 3747 420 3800 υἱοῦο
467 3749 696 3816 τιμᾶται
726 3746 834 3819 γὰρ
868 3749 896 3801 6
924 3750 1038 3811 υἱὸς
1064 3748 1150 3803 διὰ
1182 3750 1273 3804 τὸν
1300 3751 1534 3822 πατέρα,
1570 3752 1664 3806 καὶ
1697 3757 1725 3808 6

1845 3764 2009 3809 autem
2045 3755 2348 3813 Maxentius
2375 3763 2699 3835 appellatur)
2746 3766 2852 3820 duo
2886 3770 3103 3836 quidem
3142 3773 3216 3827 illi
3248 3786 3396 3838 sunt,

135 3837 316 3906 πατὴρ
360 3837 456 3889 διὰ
514 3838 606 3890 τὸν
635 3839 752 3891 υἱόν
775 3853 790 3867 ⁸
826 3839 917 3890 τὸν
969 3841 1133 3893 αὑτὸν
1175 3840 1240 3913 δὴ
1275 3844 1476 3913 τρόπον
1508 3846 1600 3897 καὶ
1629 3844 1726 3899 ἐπὶ

1846 3852 1908 3900 ed
1933 3849 2171 3918 ipsorum
2198 3862 2373 3905 tamen
2401 3864 2625 3919 naturae,
2659 3856 2926 3924 humanae,
2951 3860 3188 3929 inquam,
3213 3866 3399 3921 condi-

132 3927 221 3980 τοῦ
255 3927 399 3979 Θεοῦ
434 3929 531 3996 τῆς
565 3929 716 3990 θείας
740 3930 928 3990 οὐσίας
954 3932 1083 3999 μίας
1103 3930 1268 4001 οὔσης
1300 3936 1394 3985 καὶ
1424 3936 1721 4005 άτρέπτου,

1845 3939 1975 3993 iouis
2001 3942 2138 3994 ratio
2167 3958 2268 3994 una
2293 3954 2393 4007 est,
2429 3943 2817 4015 imperiumque
2839 3952 3010 4018 patris
3045 3963 3099 4007 et
3122 3956 3211 4010 lilii
3232 3973 3396 4012 unum

134 4017 263 4071 Θεοῦ
298 4036 361 4073 τε
447 4019 545 4072 καὶ
584 4017 678 4072 τοῦ
710 4020 885 4088 Λόγου
915 4020 1102 4087 αὑτοῦ,
1140 4023 1233 4076 καὶ
1279 4024 1372 4075 τοῦ
1407 4027 1727 4095 Πνεύματος

1845 4039 1874 4082 τι
1903 4030 2298 4099 inseparabile;
2323 4032 2629 4090 honoratur
2648 4017 2858 4093 etenim
2885 4039 3024 4095 mitts
3045 4060 3140 4112 per
3159 4051 3395 4114 patrem,

134 4112 294 4167 αὑτοῦ
317 4113 421 4168 τοῦ
452 4114 612 4182 ἁγίου
636 4131 650 4145 ·
684 4108 765 4179 εἷς
798 4116 891 4167 καὶ
920 4114 1127 4187 ἀληθὴς
1165 4115 1296 4179 Θεὸς
1331 4117 1358 4169 6
1402 4120 1532 4187 παρ’
1566 4120 1725 4189 ἡμῶν

1845 4129 1875 4173 :t
1901 4132 2053 4190 pater
2085 4138 2183 4192 per
2236 4124 2425 4180 ﬁlium.
2464 4125 2668 4184 Eodem
2713 4133 2869 4187 modo
2899 4143 2952 4188 et
2986 4108 3121 4190 Deus
3148 4108 3397 4196 conside;

133 4205 648 4274 προσκυνούμενος.

1845 4222 1973 4265 'atur
2008 4229 2023 4266 :
2059 4230 2182 4267 nam
2226 4232 2348 4270 cum
2390 4220 2569 4273 divina
2610 4219 2815 4283 Patris,
2857 4223 3041 4291 Verbi,
3075 4237 3129 4281 et
3162 4230 3397 4299 Spiritus

136 4300 308 4360 sancti
375 4303 645 4365 essentia,
694 4316 799 4358 una
854 4302 1157 4374 eademque
1215 4303 1288 4359 sit
1337 4301 1719 4371 immutabilis,
1758 4316 2045 4375 propterea
2098 4324 2259 4374 unus,
2322 4319 2377 4365 et
2445 4326 2570 4368 vere
2602 4313 2744 4369 Deus
2773 4324 2877 4382 est,
2911 4318 3059 4388 quia
3094 4324 3252 4379 nobis
3304 4339 3398 4382 co-

132 4387 274 4445 litur.

198 4478 252 4536 I'.
306 4482 370 4535 Ὀ
406 4483 680 4555 δικαστὴς
719 4481 908 4540 εἶπεν·
947 4485 1212 4548 Πολλάκις
1248 4487 1342 4538 καὶ
1370 4488 1461 4539 ἐπὶ
1491 4489 1551 4540 τὸ
1585 4506 1723 4559 προσ

1900 4484 1970 4539 Χ.
2003 4486 2083 4539 Ad
2115 4486 2230 4541 hac
2273 4489 2436 4557 judex
2489 4510 2503 4546 :
2542 4494 2714 4564 Step0,
2776 4497 2971 4566 inquit,
3041 4510 3091 4554 te
3150 4504 3396 4563 hortatus

130 4573 381 4642 κείμενον
413 4573 559 4644 ἐμοῦ
596 4578 1049 4648 προτρεψαμένου
1076 4595 1155 4643 σε,
1186 4579 1251 4632 σὺ
1281 4581 1392 4642 τοῖς
1424 4580 1602 4647 λόγοις
1630 4598 1721 4632 σου

131 4663 335 4730 τούτοις
367 4668 493 4727 τοῖς
529 4664 697 4734 μηδέν
735 4684 795 4719 σε
823 4668 1098 4737 ὠφελοῦσι
1142 4670 1470 4738 μεταϐαλεῖν
1499 4686 1565 4755 μς
1595 4670 1719 4739 βού-

129 4762 204 4809 λει
228 4773 241 4788 ·
276 4759 546 4828 πείσθητι
575 4756 668 4811 οὖν
696 4775 809 4828 μοι,
836 4761 928 4812 καὶ
952 4759 1137 4823 Οῦσον,
1166 4762 1264 4814 καὶ
1304 4761 1568 4830 ὲπίγνωΟι
1594 4762 1721 4825 τοὺς

133 4846 421 4917 πατρῴους
449 4848 634 4911 θεοὺς,
665 4846 729 4900 δι’
760 4844 853 4909 οὒς
899 4850 968 4899 τὰ
1003 4851 1186 4899 πάντα
1222 4850 1555 4919 συνέστηκεν
1576 4866 1589 4880 ·
1626 4852 1719 4903 ἐτιὶ

130 4939 257 4991 πολὺ
290 4938 406 5005 γάρ
439 4956 539 4992 σου
571 4940 896 5010 ἐφεισάμην.
942 4940 999 4992 '0
1032 4939 1184 5007 ἅγιος
1247 4941 1496 5001 Ἀκάκιος
1533 4942 1715 5010 λέγει·

131 5031 214 5099 Μή
250 5048 316 5102 με
346 5029 592 5099 νομίσῃς
632 5029 820 5100 φόῦοις
874 5034 1099 5084 κτυπεῖν
1120 5048 1135 5062 ο
1165 5032 1309 5101 ἔχεις
1342 5031 1401 5083 τὸ
1430 5031 1585 5097 σῶμά
1616 5051 1716 5101 μου

131 5123 206 5183 είς
239 5126 531 5191 μάστιγας
560 5120 778 5189 ἕτοιμον
798 5136 811 5151 ’
846 5121 921 5184 ὡς
950 5122 1147 5191 βούλει,
1177 5122 1294 5192 χρῶ
1322 5123 1502 5193 αὐτῷ’
1544 5123 1634 5175 τὸν
1660 5126 1717 5177 δὲ

130 5210 388 5284 λογισμὸν
415 5212 524 5283 τῆς
548 5210 726 5282 ψυχῆς
755 5230 855 5281 μου
882 5212 1004 5265 οὔτε
1031 5214 1119 5277 σὺ,
1148 5212 1271 5266 οὔτε
1300 5216 1325 5266 6
1360 5214 1715 5285 αὐτοκράτωρ

134 5322 243 5369 σου,
283 5304 415 5358 οὔτε
454 5308 490 5375 ἠ
558 5304 836 5372 παρουσία
887 5307 996 5358 τῶν
1044 5306 1314 5376 δαιμόνων
1366 5325 1457 5361 σου
1492 5309 1715 5361 δύναται

137 5396 480 5467 μετατρέψαι
520 5397 616 5447 ἐπὶ
651 5396 709 5447 τὸ
730 5394 934 5463 φαῦλόν
964 5414 1116 5450 ποτε.
1164 5398 1222 5450 '0
1252 5398 1510 5467 δικαστὴς
1536 5396 1711 5452 εἶπεν

145 5486 291 5540 ἐπεὶ
316 5485 414 5540 οὖν
449 5484 631 5548 οὕτως
660 5484 858 5556 βούλει,
895 5487 1105 5558 ἀνάγκη
1146 5506 1237 5558 μοι
1268 5490 1415 5541 πᾶσι
1447 5493 1526 5553 εἰς
1568 5492 1715 5543 αἰκι-

137 5581 299 5646 σμοὺς
332 5579 595 5650 χωρῆσαι
624 5578 769 5630 κατὰ
799 5579 890 5633 tto-3
920 5581 1014 5632 καὶ
1041 5581 1097 5633 τὸ
1126 5581 1449 5650 πρόσταγμα
1481 5582 1538 5633 τὸ
1562 5582 1715 5651 βασι-

135 5668 279 5723 λικὸν
318 5670 625 5741 πληρῶσαι
650 5683 665 5697 ⁸
698 5669 958 5723 ἀδύνατον
992 5672 1100 5740 γάρ
1133 5687 1189 5722 σε
1219 5673 1443 5743 τοιαύτῃ
1472 5671 1713 5736 ἐξετάσει

133 5759 505 5829 ὑποπεσόντα,
566 5759 921 5830 ἀναχωρῆσαι
952 5762 1122 5826 οὕτως
1174 5764 1584 5829 muniis-na
1617 5766 1710 5819 τοῦ

1828 4592 1968 4643 sum,
2004 4591 2059 4633 ut
2092 4581 2155 4634 ad
2190 4597 2301 4635 rem
2340 4587 2670 4653 propositam
2704 4590 2915 4659 redeas;
2957 4600 3009 4646 at
3043 4603 3099 4647 tu
3130 4595 3247 4650 istis
3290 4600 3396 4651 tuis

1826 4670 2168 4724 sermonibus
2232 4672 2429 4727 nullam
2505 4679 2600 4730 tibi
2663 4681 2949 4738 utilitatem
3017 4685 3393 4757 adferentibus,

1826 4763 2012 4816 studes
2036 4778 2121 4816 me
2148 4778 2174 4814 a
2212 4768 2489 4834 proposito
2525 4769 2812 4828 abducere.
2868 4775 2973 4830 Fac
3010 4777 3193 4847 igitur,
3250 4784 3393 4849 quod

1825 4852 1938 4921 ipse
1968 4854 2109 4919 dico,
2159 4865 2211 4910 et
2245 4860 2571 4914 sacriﬁcium
2630 4864 2845 4930 oderas,
2899 4885 2961 4923 ac
3010 4872 3215 4940 patrios
3264 4873 3394 4929 deos

1823 4962 2109 5016 agnoscas,
2133 4967 2225 5019 per
2249 4967 2384 5019 quos
2408 4956 2584 5007 omnia
2618 4957 2732 5010 hinc
2765 4962 3143 5019 canstitcruut.
3176 4965 3390 5025 Diutius

1823 5040 1964 5092 enim
1992 5041 2083 5095 tibi
2108 5043 2342 5110 peperci.
2370 5042 2468 5098 Cui
2493 5048 2723 5105 Aeacius
2749 5066 2763 5103 :
2793 5051 2867 5106 Ne
2892 5064 3067 5121 putes,
3093 5060 3391 5118 terroribus

1823 5127 1943 5183 istis
1978 5147 2061 5182 me
2099 5132 2406 5199 perculsum
2444 5134 2529 5188 iri.
2571 5137 2648 5190 En
2697 5140 2863 5195 babes
2889 5157 3084 5211 corpus
3109 5160 3289 5201 meum
3320 5150 3388 5204 ad

1821 5218 2029 5289 ﬂagella
2089 5222 2403 5290 excipienda
2459 5228 2915 5296 paratissimum;
2973 5243 3127 5288 utere
3172 5235 3283 5301 illo,
3332 5248 3390 5293 ut

1822 5308 1950 5363 libet
1981 5328 1993 5362 :
2026 5326 2257 5364 mentem
2289 5328 2413 5367 vero
2437 5325 2490 5369 et
2516 5317 2679 5370 animi
2716 5322 2815 5371 mei
2851 5324 3180 5391 propositum
3213 5343 3387 5396 neque

1824 5411 1899 5465 tu,
1931 5418 2104 5470 neque
2136 5404 2425 5471 imperator
2456 5416 2596 5471 tuus,
2631 5422 2804 5479 neque
2834 5412 3132 5467 dartuonum
3169 5426 3384 5474 tuorum

1820 5498 2104 5560 praesentia
2142 5511 2372 5565 unquam
2406 5497 2732 5565 perver'tere,
2764 5515 2815 5558 et
2856 5505 2918 5554 ad
2942 5506 3121 5563 scelus
3146 5512 3384 5579 compel-

1820 5583 1926 5639 lere
1964 5587 2180 5652 poterit.
2225 5588 2373 5642 Tunc
2406 5590 2477 5643 illi
2525 5592 2687 5661 judex
2726 5612 2738 5647 :
2781 5594 2943 5666 Ergo,
2981 5604 3193 5668 quando
3227 5612 3278 5654 tu
3310 5603 3384 5656 ita

1819 5677 1919 5737 vis,
1957 5676 2176 5731 omnino
2212 5693 2428 5733 necesse
2454 5692 2533 5735 est
2566 5686 2883 5740 verberibus
2918 5702 2979 5741 ac
3014 5690 3299 5745 tormentis
3330 5701 3380 5745 te

1818 5767 2103 5835 subjicere,
2166 5781 2218 5825 et
2271 5771 2615 5843 imperatoris
2654 5779 2885 5834 edictum
2940 5782 3181 5853 exsequi.
3242 5783 3375 5837 Nam
