4196 6306
758 343 862 406 221

2082 343 2363 402 MENSIS
2402 343 2670 402 MAIUS.

3916 338 4019 404 Μ

760 456 876 510 fieri
939 471 1040 509 non
1078 465 1277 525 potest,
1303 467 1356 508 ut
1418 459 1507 509 tali
1568 455 1852 523 quaestioni
1914 454 2209 519 subjectus,
2250 455 2328 507 sic

2444 452 2820 519 δικαστηρίου.
2857 453 2965 504 Καὶ
2999 452 3271 522 θυμωθεὶς
3307 456 3335 506 ὁ
3361 453 3542 523 ἄρχων
3574 453 3708 525 πρὸς
3742 453 3841 523 τὴν
3864 454 4018 517 τάξιν

760 548 974 611 redeas,
1032 546 1298 615 judicium
1354 559 1596 599 nostrum
1637 546 1887 597 illudens.
1945 543 2095 597 Tunc
2129 557 2333 611 prmses

761 643 940 691 furore
972 640 1228 707 percitus,
1263 649 1315 691 et
1340 641 1616 692 cohortem
1646 636 1839 689 aﬂ‘atus
1866 655 1877 690 :
1909 636 2100 705 Figite,
2131 635 2328 702 inquit.

758 740 992 798 quatuor
1022 741 1223 790 vectes.
1247 732 1378 784 etin
1420 731 1525 783 illis
1560 731 1812 784 Acacium
1846 729 2085 798 alligate,
2118 730 2324 783 erudis-

759 838 863 889 que
894 826 1075 877 nervis
1105 824 1278 893 ipsius
1329 833 1476 891 terga
1526 833 1579 875 et
1612 831 1857 875 ventrem
1915 822 2220 879 verberate,
2277 829 2333 871 ut

759 915 937 967 discat
989 915 1114 967 talia
1158 929 1265 966 non
1328 914 1537 982 nugari.
1586 928 1761 981 neque
1821 923 1970 981 putet
2015 928 2073 964 se
2127 909 2329 974 aliqttid

758 1008 923 1069 scire,
955 1021 1080 1059 cum
1132 1007 1263 1060 nihil
1318 1007 1475 1060 sciat.
1516 1005 1803 1060 Videamus
1862 1019 1929 1056 an
1984 1004 2149 1071 ipsius
2202 1002 2340 1053 Deus

760 1100 1020 1152 auxilium
1058 1100 1105 1152 ei
1144 1098 1356 1160 aderat,
1427 1099 1650 1167 ejusque
1700 1111 1853 1149 meus
1908 1111 1969 1148 ac
2005 1106 2335 1163 proposuum

760 1205 918 1258 quam
961 1190 1170 1243 firmum
1204 1202 1256 1244 et
1297 1189 1635 1247 immutabile
1675 1189 1765 1251 sit,
1803 1188 2169 1253 experiamur.
2201 1185 2332 1238 Cum

762 1284 923 1349 igitur
989 1284 1219 1337 Aeacius
1250 1283 1302 1335 in
1340 1282 1445 1334 illis
1498 1281 1737 1334 vectibus
1770 1281 2018 1349 alligatus
2066 1290 2233 1340 esset,
2277 1285 2331 1329 el

760 1376 877 1443 ejus
938 1388 1088 1445 terga
1148 1378 1387 1445 undique
1443 1378 1895 1437 verberarentur,
1953 1376 2094 1427 hanc
2160 1374 2328 1426 solam
2407 1387 2590 1425 vocent
2651 1372 2738 1424 ille
2786 1374 3067 1425 emittebat
3112 1389 3125 1424 :
3167 1372 3403 1436 Chrisut,
3460 1386 3614 1441 opem
3665 1373 3810 1428 feras

2437 546 2625 610 λέγει·
2683 546 2895 614 Πήξατε
2929 546 3206 616 τέσσαρας
3260 547 3466 609 πάλους
3495 548 3553 599 ἐν
3576 550 3640 617 τῇ
3668 550 3737 617 γῇ
3775 550 3869 600 καὶ
3905 550 4024 599 ἐκεῖ

2436 638 2762 706 ἐνδήσαντες
2825 640 3010 701 αὑτὸν,
3063 656 3276 708 νευροις
3313 639 3486 707 ὠμοῖς
3535 640 3816 709 χρήσασθε
3870 640 4021 709 αὑτῷ

2435 731 2557 782 καθ’
2590 718 2829 799 ἑκάτερα
2865 731 3004 799 μέρη
3037 729 3206 783 νώτου
3236 733 3327 783 καὶ
3356 730 3586 795 κοιλίας,
3630 732 3716 782 ῖνα
3766 733 3914 802 μάθῃ
3949 733 4024 802 μὴ

2437 821 2699 888 φλυαρεῖν
2726 820 2957 872 τοσαῦτα
2992 822 3084 871 καὶ
3117 822 3359 888 νομίζειν
3392 822 3591 874 εἰδέναι
3615 838 3685 883 τι,
3717 820 3882 890 μηδὲν
3903 824 4024 873 ἐπι-

2436 913 2721 980 στάμενος.
2755 911 3010 973 Δεθέντος
3033 912 3089 963 δέ
3120 912 3286 964 αὑτοῦ
3314 916 3369 963 ἐν
3392 915 3504 975 τοῖς
3531 914 3796 981 τέσσαρσι
3831 913 4024 976 πὰλοις

2441 1006 2534 1055 καὶ
2567 1003 2969 1070 μαστιζομένου
3005 1004 3252 1069 σφοδρῶς
3302 1006 3422 1056 καθ’
3452 1006 3689 1073 ἑκάτερα
3750 1007 3894 1074 μέρη
3929 1007 4023 1057 τοῦ

2439 1096 2713 1165 σώματος,
2741 1095 2878 1162 αὕτη
2912 1097 3047 1166 μόνη
3074 1097 3291 1163 ἐγένετο
3321 1096 3452 1165 παρ’
3493 1096 3656 1147 αὑτοῦ
3689 1098 3839 1160 φωνή
3868 1096 3891 1117 ⁸
3919 1098 4025 1165 ἰη-

2440 1185 2533 1237 οοῦ
2573 1186 2797 1253 Χριστὲ,
2860 1184 3047 1254 βοήθει
3093 1205 3205 1253 μοι,
3241 1185 3318 1255 τῷ
3376 1185 3622 1240 ταπεινιτι
3675 1185 3847 1253 δούλῳ
3896 1188 4023 1237 σουῐ

2440 1275 2631 1343 Κύριε,
2668 1277 2740 1343 μή
2775 1295 2840 1345 με
2875 1278 3309 1347 ἐγκαταλεέπηςῑ

3898 1370 4029 1424 mihi

764 1469 950 1522 humili
988 1484 1143 1523 servo
1185 1477 1276 1523 tuo
1308 1487 1321 1528 :
1357 1469 1578 1521 Domine
1610 1467 1771 1529 Deus,
1838 1479 1907 1519 ne
1959 1479 2045 1518 me
2101 1464 2467 1532 derelinquas.

829 1561 919 1616 XI.
954 1561 1085 1615 Cum
1114 1576 1242 1615 vero
1276 1576 1369 1614 sex
1406 1559 1697 1612 carnifices
1739 1557 1976 1611 vicissim
2022 1557 2168 1609 illum
2205 1571 2327 1607 vcr-

761 1653 1037 1715 berarent,
1069 1664 1123 1706 et
1155 1654 1274 1721 ejus
1307 1654 1532 1721 sanguis
1573 1652 1624 1704 in
1664 1660 1861 1703 terram
1890 1650 2101 1703 abunde
2132 1648 2331 1701 din‘un-

762 1743 1001 1805 derctnr,
1045 1750 1322 1809 totumque
1366 1755 1565 1808 corpus
1600 1741 1914 1795 vulneribus
1967 1739 2331 1792 acerbissimis

2514 1550 2615 1606 IA'.
2644 1554 2754 1605 Ka‘t
2787 1553 3130 1620 ἁλλαγέντων
3158 1555 3245 1607 ἐπ’
3280 1554 3430 1625 αὐτῷ
3456 1556 3514 1619 ἐξ
3553 1558 3763 1627 δημίων
3797 1558 3907 1609 τῶν
3933 1556 4027 1610 καὶ

2437 1647 2751 1699 τυπτόντων
2807 1647 2989 1709 αὐτὸν,
3044 1648 3137 1700 καὶ
3171 1647 3264 1698 τοῦ
3318 1648 3549 1717 αἵματος
3590 1649 3756 1701 αὑτοῦ
3792 1651 3891 1719 τὴν
3921 1649 4024 1718 γῆν

2439 1736 2862 1805 πληρώσαντος,
2904 1737 3001 1788 καὶ
3030 1737 3151 1789 ὅλου
3172 1738 3263 1789 τοῦ
3292 1739 3540 1806 σώματος
3562 1740 3724 1792 αὐτοῦ
3772 1743 4029 1809 χαλεπῶς

765 1832 1021 1885 laniatum
1060 1843 1224 1896 esset,
1275 1833 1437 1901 jndcx
1499 1837 1613 1902 ipse
1670 1850 1790 1887 cum
1826 1833 2164 1885 miserabiles
2217 1831 2334 1883 illas

2444 1828 2786 1889 διατεθέντος
2846 1832 2958 1891 τοῖς
2998 1828 3330 1897 τραύμασιν,
3391 1833 3417 1881 ὁ
3477 1832 3735 1901 δικαστὴς
3776 1832 3919 1901 ὀρῶν
3969 1831 4029 1883 τὸ

764 1923 947 1994 pingas
983 1923 1208 1986 videret,
1243 1935 1297 1979 et
1336 1928 1593 1995 martyris
1624 1933 1859 1977 mentem
1897 1939 1960 1976 ac
2011 1924 2335 1976 voluntatem

764 2025 1104 2069 coastantem
1140 2024 1303 2084 atque
1348 2015 1676 2069 immobilem
1703 2030 1825 2070 esse
1847 2017 2336 2069 animadverteret:

762 2106 924 2173 Num,
980 2108 1176 2176 inquit,
1211 2124 1353 2163 nunc
1388 2109 1763 2164 sacrilicahis?
1798 2107 1944 2162 Itane
2000 2110 2166 2162 miser
2211 2106 2337 2170 dici,

762 2217 924 2271 quam
958 2204 1166 2256 amicus
1203 2203 1591 2272 imperatorum
1625 2219 1745 2258 esse
1776 2204 2010 2256 maluisti
2038 2202 2061 2254 ?
2094 2203 2174 2255 Ad
2224 2204 2338 2255 haec

762 2294 898 2349 dixit
932 2296 1169 2352 Aeacius
1203 2313 1218 2352 :
1257 2296 1609 2365 NeQuaquam
1671 2313 1771 2366 ego
1817 2295 2069 2349 sacriﬁco
2112 2313 2126 2348 :
2170 2298 2341 2350 habeo

763 2387 906 2440 enim
938 2385 1221 2441 Dominum
1263 2404 1439 2440 meum
1488 2385 1673 2441 Jesum
1708 2388 1984 2442 Christum
2017 2401 2171 2456 opem
2208 2388 2339 2442 milii

764 2479 1068 2545 ferentem;
1107 2481 1287 2548 itaque
1326 2481 1445 2533 istis
1478 2480 1587 2533 tuis
1620 2482 1947 2534 cruciatibus
1978 2481 2335 2535 robustiorem

764 2588 825 2629 ac
858 2575 1243 2640 promptiorem
1281 2589 1363 2626 tne
1395 2573 1696 2629 reddidisti.
1730 2574 2006 2628 Hactenus
2039 2575 2183 2625 enim
2220 2582 2334 2626 tor-

765 2678 1072 2721 uteutorum
1114 2666 1472 2732 exspectatio,
1509 2666 1685 2733 aliqua
1711 2681 1774 2719 ex
1809 2674 1960 2733 parte
1986 2665 2341 2733 cogitationes

765 2768 913 2806 meas
948 2754 1297 2821 perturbabat
1333 2774 1345 2806 :
1377 2771 1499 2807 eum
1532 2770 1659 2807 vero
1709 2758 1792 2808 vis
1829 2756 1974 2806 illata
2007 2764 2111 2817 est,
2142 2767 2191 2807 et
2228 2756 2342 2809 hrec

768 2846 877 2914 pati
941 2848 1104 2914 ccepi,
1139 2861 1236 2913 per
1284 2844 1468 2899 Jesum
1523 2843 1800 2900 Christum
1869 2846 1997 2898 mihi
2051 2846 2338 2914 potentiam

767 2947 1171 3005 suggerentem,
1202 2938 1609 2991 robustissimus
1639 2937 1812 2991 factus
1842 2954 1980 2997 sum,
2002 2936 2135 2990 etad
2162 2937 2339 2990 omnia

769 3035 1038 3080 tormenta
1072 3028 1418 3095 suscipienda
1458 3029 1857 3096 paratissimus,
1897 3028 2006 3081 Deo
2060 3029 2176 3095 ipso
2225 3028 2342 3079 sine

768 3118 1106 3172 dubitatione
1166 3119 1341 3185 aliqua
1397 3120 1653 3172 conlisus.
1724 3118 1859 3171 Tum
1921 3119 2089 3189 jndex
2148 3137 2160 3172 :
2211 3118 2337 3181 Ista,

2444 1921 2614 1982 πάθος
2655 1920 2887 1971 ἐλεεινὸν
2918 1923 3287 1990 γεγενημένον
3344 1922 3438 1974 καὶ
3492 1926 3582 1973 τὸν
3636 1923 3901 1993 λογισμὸν
3931 1922 4024 1975 τοῦ

2442 2014 2725 2083 μάρτυρος
2784 2014 3191 2082 ἀμετακίνητον
3230 2015 3377 2079 ὄντα,
3430 2014 3579 2081 λέγει
3639 2020 3773 2080 πρὸς
3815 2016 4022 2067 αὐτόν’

2439 2105 2619 2166 Θύεις,
2657 2104 2903 2169 ’Λκάκιε,
2966 2106 2997 2173 ἢ
3040 2106 3225 2174 ἀκμὴν
3272 2106 3613 2173 ἀντιλέγεις;
3650 2106 3713 2157 σὺ
3762 2108 3870 2172 γὰρ
3912 2107 4027 2175 ἧλω

2443 2196 2628 2257 ἄθλιος
2679 2196 2879 2263 μᾶλλον
2923 2196 3157 2261 φανῆναι
3192 2197 3223 2265 ἢ
3270 2196 3419 2263 φίλος
3448 2196 3701 2263 γενέσθαι
3731 2198 3838 2249 τῶν
3875 2199 4027 2266 βασι-

2440 2285 2597 2338 λέων.
2641 2286 2698 2337 '0
2736 2287 2890 2351 ἅγιος
2940 2286 3196 2348 ’Δκάκιος
3228 2286 3411 2352 λέγει·
3455 2290 3529 2339 Ot'.
3576 2289 3688 2340 θύω
3713 2289 3881 2342 ποτέ·
3917 2288 4027 2358 ἔχω

2441 2381 2548 2449 γὰρ
2571 2379 2662 2430 τὸν
2695 2378 2898 2448 Κύριόν
2938 2397 3039 2449 μου
3078 2379 3286 2445 Ἰησοῦν
3316 2380 3554 2448 Χριστὸν
3594 2380 3683 2431 τὸν
3719 2380 4028 2449 βοηθοῦντα

2445 2487 2537 2539 μοι
2576 2470 2693 2522 ἀεί’
2718 2472 2817 2539 ἐμὲ
2848 2471 2957 2541 γὰρ
2999 2473 3061 2524 ἐκ
3093 2470 3202 2523 τῶν
3234 2471 3484 2540 βασάνων
3520 2488 3612 2523 σου
3643 2470 3848 2522 τούτων
3878 2473 4029 2540 ισχυ-

2444 2558 2684 2629 ρώτερον
2750 2561 2948 2629 μᾶλλον
2998 2563 3091 2613 καὶ
3139 2562 3582 2629 θαρσαλεώτερον
3637 2564 3983 2625 κατέστησας
4012 2578 4026 2593 ·

2440 2650 2544 2711 ἕως
2573 2656 2678 2720 γὰρ
2708 2653 2832 2720 ἄρτι
2862 2654 2894 2719 ἡ
2930 2654 3227 2719 προσδοκία
3256 2657 3363 2705 τῶν
3407 2654 3599 2705 δεινῶν
3640 2656 3744 2705 κᾶν
3769 2657 3831 2706 ὲν
3867 2658 4025 2724 μέρει

2440 2744 2528 2793 τὸν
2556 2744 2818 2809 λογισμόν
2880 2762 2979 2813 μου
3027 2745 3353 2813 ἐτάραττεν,
3397 2746 3665 2815 γενομένη
3715 2746 3770 2797 δὲ
3801 2748 3832 2815 ή
3860 2751 4029 2816 πεῖρα

2441 2835 2532 2886 τοῦ
2568 2836 2776 2897 πάθους
2801 2836 2891 2887 καὶ
2942 2837 3227 2905 ἐνεχθεῖσα
3280 2837 3367 2888 διὰ
3398 2838 3488 2889 τὸν
3526 2837 3935 2907 ἐνδυναμοῦντά
3962 2857 4029 2908 με

2445 2928 2649 2998 Κύριον
2720 2929 2932 2998 Ἰησοῦν
2974 2931 3228 2997 Χριστὸν,
3285 2930 3494 2999 σφόδρα
3529 2947 3595 2998 με
3626 2930 4030 2996 γενναιώτατον

2443 3023 2699 3090 ἐποίησεν
2742 3021 2876 3089 πρὸς
2926 3024 3106 3074 πᾶσαν
3141 3024 3415 3090 τιμωρίαν
3469 3026 3843 3075 πιστεύσαντα
3876 3024 4031 3074 αδεσ-

2445 3116 2648 3181 κρίτως
2704 3112 2782 3182 τῷ
2817 3113 2958 3182 Θεῷ.
3005 3112 3062 3164 '0
3098 3114 3359 3183 δικαστὴς
3409 3112 3565 3165 εἶπεν
3602 3118 3621 3135 ⁸
3675 3115 3897 3181 Ἐπειδὴ
3936 3116 4031 3177 τὰς

768 3209 968 3276 inquit,
1003 3207 1165 3270 dicis,
1201 3209 1457 3277 quoniam
1515 3208 1718 3275 majora
1769 3214 2038 3262 tormenta
2093 3210 2185 3262 tibi
2234 3226 2337 3262 non

2447 3203 2699 3270 μείζονάς
2759 3219 2840 3252 σοι
2891 3203 3165 3273 τιμωρίας
3206 3203 3465 3254 οὐδέποτε
3518 3205 3823 3273 ἐπήγαγον,
3856 3204 4031 3256 ταῦτα

769 3301 949 3355 tntttli.
1000 3302 1104 3357 Sed
1135 3316 1235 3371 ego
1277 3304 1637 3354 temeritatem
1690 3302 1845 3354 istam
1889 3312 2030 3354 tuam
2066 3302 2337 3368 dcjiciam.

768 3394 846 3446 lio
876 3395 1043 3452 enim,
1076 3394 1218 3461 quod
1261 3394 1527 3448 haetenus
1562 3393 1655 3446 tibi
1692 3396 1929 3462 peperci,
1977 3396 2256 3459 audacem,
2284 3404 2342 3448 ιιι

770 3484 929 3546 dicis,
970 3495 1021 3537 te
1062 3486 1291 3539 reddidi.
1328 3485 1425 3538 Cui
1450 3485 1681 3540 Aeacius
1715 3485 1857 3543 :Fac.
1886 3488 2167 3541 celerrime
2190 3488 2342 3554 quid-

768 3576 895 3642 quid
935 3576 1033 3630 vis.
1069 3574 1215 3639 Quus
1246 3578 1389 3627 enim
1421 3578 1701 3629 cruciatus
1735 3579 1862 3629 mihi
1898 3577 2090 3630 afferre
2114 3579 2339 3647 cogitas,

773 3666 849 3719 illi
902 3664 1193 3720 utilitatem
1236 3666 1368 3721 mihi
1407 3666 1629 3721 aﬂercnt
1672 3683 1685 3721 :
1735 3679 1788 3720 et
1828 3684 1935 3737 quo
1985 3670 2185 3738 majora
2235 3681 2342 3723 tor-

772 3768 954 3811 menta
999 3759 1304 3822 adhibebis,
1343 3775 1407 3813 eo
1438 3759 1697 3828 majorem
1733 3759 1945 3813 Domini
1983 3762 2085 3812 mei
2115 3762 2343 3828 gratiam

773 3848 978 3902 invitus
1028 3848 1161 3902 mihi
1193 3850 1532 3903 conciliabis.
1565 3848 1708 3910 "me,
1748 3852 1920 3919 inquit
1943 3852 2127 3919 jndex,
2157 3852 2341 3921 loque-

774 3940 870 4004 ris,
895 3940 1154 4007 quoniam
1184 3954 1386 4006 corpus
1416 3949 1563 3992 tuuut
1594 3943 1828 3997 nondum
1856 3944 2175 3997 verberibus
2203 3945 2342 3997 lacc-

775 4044 951 4084 ratum
987 4042 1093 4085 est.
1150 4030 1286 4085 Tum
1348 4034 1582 4087 Aeacius
1633 4033 1796 4091 :Jain
1846 4037 1977 4097 dixi,
2024 4048 2082 4087 ut
2114 4036 2340 4101 faceres,

774 4122 1033 4191 quidquid
1059 4123 1157 4184 vis,
1179 4138 1284 4174 non
1304 4124 1446 4176 enim
1480 4124 1704 4193 impuris
1725 4127 2053 4180 dwmouibus
2074 4128 2344 4192 sacriﬁco,

775 4226 949 4280 neque
984 4214 1245 4267 voluntati
1273 4223 1404 4275 tua),
1431 4225 1524 4268 aut
1552 4217 1723 4285 patris
1770 4218 1842 4271 tui
1878 4216 2093 4271 Salaria:
2140 4234 2343 4271 morem

774 4315 923 4368 gero.
959 4300 1051 4355 His
1079 4303 1300 4363 auditis,
1335 4304 1499 4369 judex
1532 4317 1835 4357 conmotus
1857 4307 1992 4359 dixit
2022 4324 2035 4359 :
2073 4306 2347 4364 Plumbeis

776 4392 993 4445 laminis
1022 4394 1143 4461 ejus
1200 4394 1449 4449 maxillas
1497 4397 1831 4459 contundite,
1889 4414 1955 4452 ne
2017 4402 2117 4453 iste
2163 4412 2346 4455 nostra

775 4485 1026 4539 diuturna
1075 4487 1127 4537 in
1156 4496 1278 4538 eum
1314 4488 1575 4553 patientia
1619 4490 1915 4539 temerario
1948 4491 2105 4541 modo
2159 4493 2348 4543 abuta-

777 4587 888 4630 tur.
918 4576 1042 4629 Post
1070 4578 1182 4629 hrec
1216 4580 1448 4631 Aeacius
1502 4595 1516 4630 :
1574 4579 1648 4629 En
1683 4578 1881 4631 factum
1916 4592 2018 4643 est,
2080 4583 2218 4649 quod
2260 4598 2348 4637 vo-

778 4668 945 4728 luisti,
968 4683 1139 4737 neque
1156 4669 1443 4739 quidquam
1474 4670 1703 4737 amplius
1729 4672 2002 4738 proiecisti
2032 4691 2046 4739 ;
2072 4690 2173 4727 non
2205 4677 2347 4728 enim

780 4760 933 4812 malae
962 4772 1107 4814 artes
1138 4772 1240 4813 tuae
1276 4778 1450 4814 meam
1486 4766 1537 4813 in
1572 4763 1848 4814 Christum
1904 4767 2224 4818 charitatcm
2258 4782 2351 4819 su-

781 4852 1064 4916 perabunt.
1097 4851 1375 4917 Sacrilira,
1413 4854 1588 4919 inquit.
1615 4854 1804 4921 judex,
1836 4866 1885 4908 et
1924 4859 1991 4909 ab
2022 4857 2352 4911 imminenti-

784 4946 880 4997 lius
915 4947 1135 5012 reliquis
1193 4948 1477 4999 tormentis
1530 4947 1664 4999 liber
1702 4958 1843 5003 esto.
1880 4948 2174 5017 Respondit
2218 4952 2356 5003 Aca—

783 5036 901 5090 cius
948 5054 958 5090 :
997 5036 1277 5106 Nunquam
1309 5038 1389 5106 (ut
1414 5038 1547 5106 dixi)
1573 5040 1893 5093 sacriﬁcabo
1930 5058 1943 5094 :
1980 5052 2179 5093 tantum
2211 5043 2351 5094 enim

785 5131 1129 5183 imminentes
1178 5134 1452 5188 erucialus
1504 5134 1764 5201 despicio,
1817 5143 2077 5201 quantum
2119 5144 2173 5188 et
2205 5146 2356 5188 ante-

786 5226 1036 5273 ιιηιριιιρδ
1094 5238 1195 5273 non
1238 5223 1447 5285 curavi,
1482 5224 1590 5277 Deo
1630 5224 1745 5291 ipso
1783 5224 1911 5277 mihi
1961 5226 2169 5279 animos
2229 5242 2353 5295 sug-

788 5322 1028 5379 gerente.

857 5490 969 5544 Xll.
1002 5492 1080 5543 Ad
1115 5491 1229 5544 hinc
1254 5490 1415 5560 jndex
1454 5508 1465 5541 :
1502 5494 1799 5554 Quomodo,
1836 5494 2031 5559 inquit,
2087 5505 2139 5547 tu
2201 5496 2358 5549 miles

793 5588 953 5652 atque
980 5584 1291 5648 illiteratus,
1332 5587 1401 5638 ita
1446 5602 1660 5641 causam
1696 5602 1843 5643 tuam
1880 5589 2028 5655 agis?
2058 5587 2160 5642 Cui
2220 5590 2358 5641 Aca-

794 5694 907 5735 eius
940 5697 955 5734 :
993 5680 1223 5735 Putasne
1259 5682 1474 5751 propria
1515 5684 1707 5736 virtute
1745 5699 1839 5738 nos
1866 5684 1976 5736 inec
2001 5680 2361 5750 respondere?

800 5772 1040 5841 Minime,
1081 5774 1315 5843 ittquant,
1354 5790 1451 5829 nos
1487 5791 1597 5833 utet:
1628 5776 1876 5843 facimus,
1904 5776 1997 5830 sed
2045 5773 2277 5843 locuples
2310 5785 2368 5828 et

2445 3295 2662 3362 λέγεις·
2702 3294 2812 3361 ἐγώ
2857 3310 2949 3345 σου
2987 3295 3043 3347 τὸ
3074 3294 3271 3364 θράσος
3307 3295 3558 3365 καθαιρῶ
3602 3297 3759 3348 τοῦτο
3785 3313 3799 3327 ·
3836 3295 4032 3363 φεισά·

2447 3404 2601 3455 μενο,
2638 3388 2746 3454 γάρ
2770 3404 2885 3447 σου,
2914 3386 3214 3456 θαρσαλέον
3248 3405 3328 3451 σε,
3356 3389 3431 3451 ὡς
3488 3390 3690 3457 λέγεις,
3726 3390 4029 3458 πεποίηκα.

2462 3474 2519 3529 ’0
2545 3477 2700 3542 ἆγιος
2740 3478 2993 3538 Ἀκάκιος
3020 3478 3169 3544 λέγει
3192 3496 3205 3510 ι
3248 3481 3395 3531 "siet
3425 3482 3512 3532 διὰ
3543 3481 3737 3551 τάχους
3771 3483 3799 3534 ὅ
3831 3482 4029 3545 θέλεις·

2444 3569 2507 3632 ἃς
2535 3586 2641 3638 γαρ
2672 3571 2914 3637 νομίζεις
2945 3572 3218 3638 βασάνους
3253 3588 3342 3640 μοι
3368 3572 3618 3639 ἐπάγειν,
3647 3574 3730 3635 εἰς
3760 3575 4033 3641 ὠφέλειάν

2447 3664 2548 3733 μού
2578 3665 2715 3717 εἰσιν
2737 3682 2751 3695 ο
2782 3667 2872 3717 καὶ
2898 3666 3023 3717 ὅσον
3043 3664 3300 3733 μείζονάς
3331 3683 3422 3734 μοι
3442 3667 3727 3734 ἐπιφέρεις
3754 3667 4029 3729 κολάσεις,

2443 3758 2699 3810 τοσοῦτον
2736 3762 2826 3810 καὶ
2860 3761 2921 3811 ἐν
2958 3760 3035 3826 τῷ
3081 3761 3267 3828 Κυρίῳ
3316 3763 3475 3827 χάριν
3523 3762 3671 3813 ἄκων
3704 3761 3931 3833 χαρίζῃ.
3975 3764 4033 3815 '0

2444 3850 2706 3921 δικαστὴς
2753 3853 2939 3919 λέγει’
2973 3853 3158 3904 Ταῦτα
3206 3852 3409 3916 λαλεῖς,
3465 3855 3714 3917 Ἀκάκιε,
3749 3856 3945 3926 ἐπειδὴ
3975 3856 4033 3909 τὸ

2448 3929 2608 4009 σῶμᾶ
2636 3960 2730 3994 σου
2752 3942 2964 3994 οὐδέπω
2987 3941 3295 4010 κατεξάνθη
3318 3944 3429 4004 τοῖς
3455 3943 3758 4011 αἰκισμοῖς.
3795 3941 3854 3997 '0
3880 3944 4034 4009 ἅγιος

2458 4032 2716 4095 ’Δκάκιος
2750 4027 2908 4085 εἶπεν
2930 4049 2943 4063 ·
2984 4035 3093 4086 Καὶ
3114 4034 3218 4101 ήδη
3252 4050 3333 4083 σοι
3365 4033 3524 4100 ἔφην,
3558 4035 3650 4084 καὶ
3681 4032 3847 4085 πάλιν
3868 4035 4031 4099 λέγω,

2449 4124 2594 4176 ποίει
2631 4124 2659 4175 ὃ
2679 4125 2853 4186 θέλεις
2878 4142 2891 4155 ·
2922 4126 2980 4176 οὗ
3006 4124 3119 4176 θύω
3146 4126 3253 4195 γὰρ
3281 4124 3503 4192 δαίμοσι
3530 4124 3893 4193 ἀκαθάρτοις,
3913 4124 4033 4177 οὕτε

2453 4216 2559 4284 μὴν
2590 4218 2729 4268 ποιῶ
2762 4217 2822 4269 τὸ
2854 4216 3069 4287 θέλημά
3091 4233 3207 4283 σου,
3236 4218 3357 4269 ούδέ
3394 4218 3486 4269 τοῦ
3532 4220 3738 4283 πατρός
3784 4234 3904 4280 σου,
3940 4216 4031 4269 τοῦ

2450 4310 2687 4362 Σατανᾶ.
2724 4309 2782 4363 '0
2808 4310 3071 4378 δικαστὴς
3096 4309 3248 4361 εἶπεν
3273 4326 3287 4340 ο
3312 4310 3557 4362 Θλάσατε
3586 4310 3752 4362 αὑτοῦ
3787 4311 3887 4372 τὰς
3922 4328 4031 4363 σιαο

2448 4399 2629 4469 γῶνας
2649 4401 2946 4469 μολιϐδίσιν
2970 4441 2984 4465 ,
3012 4402 3097 4454 ἶνα
3124 4400 3198 4471 μὴ
3217 4402 3658 4472 ἀπαυθαδίζηται
3689 4406 3754 4473 τῇ
3786 4403 4033 4472 ἡμετέρᾳ

2453 4494 2541 4543 ἐπ’
2570 4493 2718 4562 αὐτῷ
2747 4494 3120 4566 μακροθυμίᾳ.
3170 4497 3279 4547 Καὶ
3309 4496 3501 4549 τούτου
3542 4499 3599 4546 ἐν
3627 4496 3781 4563 τάχει
3808 4497 4033 4565 γενομέ-

2455 4601 2570 4648 νου,
2607 4585 2807 4653 eam;
2858 4588 3113 4649 ’Ᾱκάκιος
3162 4583 3319 4640 εἷπεν
3350 4603 3362 4616 ·
3405 4588 3514 4639 Ἴδε
3547 4588 3641 4640 καὶ
3681 4589 3738 4638 ἐν
3794 4588 3970 4657 τούτῳ
4006 4588 4032 4639 ὃ

2454 4675 2698 4743 ἠθέλησα
2739 4719 2752 4741 ,
2778 4677 3062 4744 ἐποίησας,
3100 4676 3353 4745 τύραννε,
3391 4678 3483 4730 καὶ
3513 4678 3668 4730 οὐδὲν
3692 4678 3857 4729 πλέον
3888 4677 4035 4746 ὠφέ-

2454 4769 2662 4836 λησας·
2717 4768 2777 4818 οὐ
2813 4768 2921 4836 γὰρ
2958 4769 3275 4836 νικήσουσιν
3332 4772 3386 4824 αἱ
3421 4769 3776 4838 κακοτεχνίαι
3806 4786 3903 4820 σου
3938 4769 4037 4839 τὴν

2457 4861 2537 4920 εις
2564 4859 2803 4929 Χριστόν
2834 4877 2934 4927 μου
2965 4861 3213 4927 ἀγάπην.
3252 4861 3311 4912 '0
3342 4860 3603 4929 δικαστὴς
3633 4855 3819 4913 εἶπενο
3863 4861 4037 4915 Θύσον

2456 4952 2641 5003 λοιπὸν
2677 4952 2771 5004 καὶ
2796 4952 3146 5021 ἀπαλλάγηθι
3187 4953 3296 5003 τῶν
3331 4952 3611 5019 μενουσῶν
3650 4969 3710 5004 σε
3755 4953 4035 5020 βασάνων.

2469 5043 2526 5097 Ὀ
2556 5045 2710 5109 ἆγιος
2779 5044 3032 5104 Ἀκάκιος
3082 5043 3271 5110 λέγει·
3332 5040 3500 5095 Εἷπὸν
3536 5060 3614 5095 σοι
3692 5042 3735 5095 ὦ
3780 5043 4035 5109 δικαστὰ,

2459 5136 2745 5196 πολλάκις,
2776 5135 2858 5185 ὅτι
2909 5135 2971 5185 οὐ
3006 5133 3119 5185 θύω
3165 5136 3387 5203 δαίμοσί
3442 5151 3576 5186 ποτε
3597 5148 3611 5161 ·
3640 5132 3899 5185 τοσοῦτον
3930 5135 4034 5203 γὰρ

2460 5227 2566 5278 τῶν
2621 5224 2933 5295 μελλουσῶν
2969 5225 3221 5293 βασάνων
3254 5228 3595 5289 κατέπτυσα,
3625 5228 3750 5278 ὅσον
3786 5228 3885 5277 καὶ
3928 5224 4029 5278 τῶν

2460 5318 2559 5385 ἤδη
2585 5317 2976 5384 προλαόουσῶν
2998 5318 3096 5369 οὐκ
3125 5318 3438 5384 ἐφρόντισα,
3477 5316 3567 5369 τοῦ
3603 5316 3739 5368 Θεοῦ
3770 5334 3875 5387 μου
3903 5334 4025 5387 χορο

2468 5407 2727 5477 ηγοῦντός
2763 5425 2850 5474 μοι
2881 5408 2979 5476 τὴν
3006 5410 3232 5477 δύναμιν

2534 5497 2637 5553 lB'.
2684 5498 2743 5553 Ὀ
2769 5500 3033 5568 δικαστὴς
3064 5494 3216 5551 εἶπεν
3240 5515 3253 5530 ⁸
3296 5500 3418 5561 Πῶς
3452 5517 3795 5571 στρατιωτης
3837 5500 3914 5553 ὣν
3946 5498 4035 5551 καὶ

2464 5595 2851 5661 ἀγράμματος,
2904 5592 3151 5653 Ἀκάκιε,
3177 5592 3349 5653 οὕτως
3396 5594 3627 5659 ἑτοίμως
3664 5593 4034 5661 ἁπολογῆσαιζ

2476 5683 2533 5737 '0
2596 5683 2751 5750 ἅγιος
2820 5682 3075 5744 Ἀκάκιος
3128 5680 3315 5735 εἶπεν·
3349 5684 3411 5733 Τί
3448 5685 3584 5752 γάρς
3620 5683 3866 5752 νομίζεις
3896 5684 4035 5753 ἡμᾶς

2466 5775 2851 5843 ἀπολογεῖσθαι
2879 5774 2935 5838 ἐξ
2972 5776 3107 5837 ἰδίας
3141 5775 3381 5842 σκέψει-ις
3429 5774 3459 5844 ἢ
3496 5775 3821 5843 μαθήσεως;
3870 5772 4031 5844 Οῢχέ·
