4196 6306
161 330 259 390 229

1247 341 1422 401 VITA
1468 344 1524 404 S.
1562 344 1812 403 ACACII
1855 346 2335 414 CAPPADOCIS.

3291 363 3399 426 230

157 442 279 496 ἀλλὰ
310 443 368 496 τδ
397 444 654 498 πλούσιον
680 448 775 500 καὶ
796 448 952 516 ἅγιον
975 450 1202 521 Πνεῦμα
1224 454 1315 506 τοῦ
1335 455 1469 508 Θεοῦ
1498 474 1698 526 χορηγε

1826 465 2048 516 sanctus
2107 466 2196 518 Dei
2236 467 2472 535 Spiritus
2507 471 2678 524 servis
2703 472 2813 525 suis
2839 473 3061 528 liberam
3097 481 3399 536 orationem

157 537 256 596 τοῖς
286 535 497 599 δούλοις
522 539 685 591 αὐτοῦ
712 541 809 610 τὴν
837 544 1036 614 πολλὴν
1068 547 1158 598 καὶ
1175 547 1408 612 ἄφθονον
1439 549 1532 601 τοῦ
1559 551 1719 619 λόγου

157 625 471 694 παρρησίαν
525 630 622 681 καὶ
652 632 752 695 τὴν
795 632 1100 701 ὑπομονὴν,
1128 635 1310 698 καθὼς
1348 638 1443 691 καὶ
1476 643 1502 691 ὁ
1529 640 1720 710 Σωτὴρ

155 715 409 782 ἐδίδαξεν,
451 720 772 788 προσειπὼν
820 723 932 784 τοῖς
982 723 1254 794 μαθηταῖς
1284 728 1484 779 αὐτοῦ’
1545 750 1563 779 ε
1605 732 1718 782 Ὅτ’

153 806 232 867 ἂν,
287 811 445 877 φησὶ,
506 813 869 881 παραδίδωσιν
916 816 1058 884 ὑμᾶς
1114 819 1226 880 τοῖς
1261 819 1488 889 ἄρχουσι
1537 823 1626 874 διὰ
1662 823 1719 874 τὸ

153 898 318 964 ὅνομά
365 918 493 969 μου,
540 905 615 972 μὴ
654 907 1054 975 μεριμνήσητε,
1087 910 1205 972 πῶς
1259 911 1290 982 ἢ
1325 915 1376 964 τί
1406 913 1714 982 λαλήσητε’

152 989 431 1060 δοθήσεται
475 995 582 1063 γὰρ
608 997 734 1062 ὑμῖν
754 1001 810 1048 ὲν
835 999 1020 1072 ἐκείνῃ
1055 1005 1119 1071 τῇ
1167 1002 1285 1073 ὥρα
1319 1005 1377 1056 τὸ
1403 1007 1454 1057 τί
1484 1008 1674 1076 εἴπητε
1701 1025 1713 1039 ·

151 1080 204 1130 ού
239 1082 346 1151 γὰρ
403 1085 560 1152 ὑμεῖς
606 1088 730 1139 ὲστε
771 1090 818 1140 οἱ
855 1089 1161 1158 λαλοῦντες,
1218 1095 1353 1146 ἀλλὰ
1400 1097 1459 1148 τὺ
1493 1097 1716 1166 Πνεῦμα

150 1171 233 1223 τοῦ
276 1175 491 1244 Πατρος
530 1177 683 1246 ὑμῶν
713 1181 771 1232 τὸ
798 1182 994 1236 λαλοῦν
1022 1185 1078 1234 ἐν
1105 1185 1254 1253 ύμῖν.
1297 1187 1580 1251 Ἀντώνιος
1621 1208 1716 1242 κο-

153 1269 509 1336 μενταρήσιος
536 1270 684 1338 λέγει
722 1273 797 1343 τῷ
845 1275 982 1344 ἁγίῳ
1028 1277 1300 1348 μάρτυρι·
1359 1280 1422 1331 Τί
1464 1281 1711 1350 ὠφελεῖς,

149 1355 310 1420 ἄθλιε,
354 1360 583 1412 τοιαῦτα
643 1366 991 1433 νουθετηθεὶς
1045 1373 1139 1421 καὶ
1187 1372 1262 1441 μὴ
1321 1376 1584 1439 πεισθεὶς,
1619 1378 1715 1428 ἐὰν

151 1446 369 1517 ὕστερον
408 1453 547 1519 μετὰ
575 1455 827 1522 βασάνων
861 1457 1180 1528 βαρυτέρων
1205 1465 1436 1531 ποιήσῃς
1459 1467 1519 1516 τὸ
1543 1467 1713 1533 πρόσ-

148 1555 324 1606 ταγμα
383 1543 493 1594 τῶν
536 1545 841 1613 βασιλέωνς
918 1552 958 1602 Ο
1015 1551 1169 1618 ἆγιος
1233 1555 1484 1616 Ἀκάκιος
1535 1551 1709 1608 εἶπεν·

151 1628 389 1699 Ὕπαγεῐ
427 1636 752 1707 νουθέτησον
811 1645 1066 1705 σεαυτὸν,
1121 1643 1472 1715 ταλαίπωρεῐ
1517 1647 1576 1698 ΕΞ
1605 1650 1711 1718 γὰρ

148 1724 230 1773 τοῦ
279 1726 546 1795 ἄρχοντός
584 1750 675 1783 σου
705 1735 798 1784 καὶ
828 1736 937 1787 τῶν
992 1738 1233 1789 ἀπειλῶν
1287 1742 1449 1793 αὑτοῦ
1485 1745 1712 1797 καὶτῶν

1829 563 1877 606 et
1911 556 2224 621 patientiam
2271 563 2600 628 suppeditat,
2632 564 2734 617 illis
2782 567 3084 633 providens,
3142 579 3400 640 quemad-

1830 650 2043 697 modum
2084 647 2332 703 Salvator
2366 653 2480 721 ipse
2513 655 2805 725 discipulos
2851 675 2977 713 suos
3026 665 3227 730 docuit,
3276 684 3396 722 cum

1831 737 1908 789 sic
1946 738 2081 790 dixit
2129 757 2192 791 ει
2257 743 2482 806 Quando
2547 762 2635 800 t'os
2694 751 3013 805 tradiderint
3065 757 3396 826 principibus

1827 839 2049 896 propter
2105 847 2296 887 nomen
2329 851 2527 900 meum,
2566 855 2632 892 ne
2659 844 2872 897 solliciti
2904 847 3044 912 sitis,
3105 856 3396 917 quomodo,

1826 932 1919 972 aut
1978 924 2102 989 quid
2149 924 2438 992 loquamini
2474 948 2489 983 :
2525 932 2740 988 dabitur
2792 938 2936 988 enim
2992 941 3142 994 vobis
3201 944 3252 996 in
3311 946 3398 997 illa

1828 1012 1978 1078 hora,
2013 1017 2139 1082 quid
2173 1019 2364 1072 dicatis
2400 1039 2414 1073 :
2452 1038 2553 1074 non
2585 1027 2726 1078 enim
2771 1044 2862 1082 vos
2912 1033 3061 1095 estis,
3098 1037 3185 1103 qui
3223 1038 3396 1105 loqui-

1827 1104 1977 1166 mini,
2015 1107 2104 1160 sed
2157 1107 2391 1173 Spiritus
2428 1111 2604 1168 Patris
2661 1120 2848 1183 vestri,
2905 1125 2993 1190 qui
3050 1104 3304 1196 loquitur
3345 1133 3394 1188 in

1823 1195 1973 1249 vobis
2014 1199 2051 1249 ¹.
2087 1217 2104 1248 ι
2144 1201 2450 1258 Antoninus
2503 1207 2678 1260 scriba
2721 1210 2856 1264 dixit
2883 1227 3071 1270 sancto
3120 1195 3344 1289 martyri
3380 1240 3393 1275 :

1825 1285 1890 1341 Et
1920 1305 2163 1357 quzcnam
2205 1296 2317 1356 tibi,
2361 1298 2542 1360 miser,
2599 1302 2803 1358 utilitas
2840 1305 3015 1361 futura
3067 1322 3168 1376 est,
3231 1314 3273 1366 si
3326 1315 3392 1367 do

1826 1382 2022 1438 talibus
2080 1386 2239 1440 rebus
2296 1393 2603 1447 admOnitus
2657 1400 2970 1463 persuaderi
3035 1419 3135 1457 non
3189 1407 3288 1470 vis,
3328 1423 3391 1463 ac

1823 1483 2002 1540 postea
2029 1480 2364 1544 gravioribus
2390 1488 2669 1540 tormentis
2690 1491 2972 1556 adductus,
3007 1495 3389 1564 imperatorum

1820 1565 1995 1620 edicto
2027 1573 2279 1635 parebis?
2309 1576 2429 1636 Abi,
2463 1585 2516 1630 et
2556 1587 2606 1631 te
2641 1581 2813 1645 ipsum
2870 1587 3181 1653 admoneas,
3220 1591 3391 1658 inquit

1820 1656 2066 1718 Aeacius,
2100 1676 2223 1712 nam
2251 1665 2293 1715 si
2320 1681 2492 1733 neque
2522 1671 2802 1734 praesidem
2839 1672 3033 1740 ipsum,
3084 1693 3258 1745 neque
3291 1681 3392 1732 mi-

1822 1764 1916 1800 nas
1943 1750 2105 1812 illius,
2147 1767 2320 1819 neque
2353 1759 2629 1811 cruciatus
2675 1761 2724 1811 in
2788 1777 2872 1815 me
2913 1764 3109 1829 illatos,
3146 1768 3234 1820 Dei
3291 1785 3393 1836 apo

148 1817 536 1887 ἐπενεχθεισῶν
567 1839 655 1891 μοι
684 1825 775 1875 ὑπ’
809 1828 974 1879 αὑτοῦ
1008 1829 1260 1899 βασάνων
1292 1835 1392 1884 οὐκ
1414 1836 1700 1903 ἐφρόντισα

2239 1817 2245 1819 _
3099 1817 3109 1829 ,
3147 1817 3168 1819 η
3195 1817 3234 1820 --
3297 1817 3391 1836 νιν-

1821 1843 2032 1909 adjutus
2082 1846 2288 1905 curavi,
2341 1853 2568 1914 putasne
2624 1867 2708 1903 me
2747 1854 2902 1904 talem
2955 1871 3073 1908 esse
3102 1859 3190 1924 qui
3223 1869 3272 1910 te
3301 1875 3391 1911 au-

147 1912 318 1980 χάριτι
347 1916 440 1966 τοῦ
473 1916 605 1969 Θεοῦ
643 1937 766 1988 μου,
797 1923 889 1974 σού
928 1923 1034 1992 ἔχω
1061 1928 1325 1990 rixo-361:;
1363 1930 1420 1981 Ὀ
1454 1933 1714 1998 δικαστὴς

147 2005 314 2072 λέχει·
363 2009 618 2063 Ἀκάκιον
652 2016 740 2065 τὸν
770 2017 1146 2070 ἁκαθοσὶωτον
1180 2023 1520 2091 στρατιώτην
1554 2027 1711 2091 γενό-

147 2106 296 2172 μενόν
325 2123 478 2171 ποτε,
509 2110 612 2162 ὑπὸ
638 2113 886 2182 ἁσᾳαλὴν
913 2117 1159 2183 φρουρὰν
1192 2118 1289 2185 τὴν
1313 2119 1599 2187 ὲνδοτέραν
1630 2123 1711 2182 εἰς

143 2197 259 2261 τρία
295 2202 619 2268 κεντῂματα
669 2205 763 2255 τοῦ
796 2205 955 2267 ξύλου
996 2207 1272 2275 βαλόντες,
1338 2213 1592 2284 περίθετε
1633 2215 1710 2268 σί-

140 2287 273 2354 δι’,ρα
298 2290 471 2358 βαρέα
505 2297 643 2347 κατὰ
669 2297 760 2347 τοῦ
791 2299 1066 2367 τραχήλου
1094 2301 1186 2352 καὶ
1223 2303 1361 2354 κατὰ
1392 2306 1591 2365 παντὸς
1618 2310 1710 2358 τοῦ

143 2380 410 2447 σωματος,
453 2387 895 2455 τηρηθησόμενόν
926 2407 1017 2457 μοι
1040 2394 1103 2460 τῇ
1135 2393 1258 2459 ἑξῆς
1291 2395 1563 2464 δικασίμῳ
1592 2413 1604 2425 ’
1637 2400 1711 2468 μὴ

139 2471 360 2537 ἐρᾶσθαι
389 2475 444 2526 δὲ
477 2479 638 2528 αὑτὸν
691 2481 794 2530 ὑπὸ
826 2482 930 2531 τῶν
963 2484 1228 2534 συνέθνων
1257 2490 1710 2555 συγχωρούμενον

140 2563 386 2626 καθόλου,
417 2567 490 2633 μή
516 2584 643 2618 ποτε
669 2571 1108 2639 μακαριζόμενος
1131 2575 1222 2625 ὑπ’
1247 2577 1446 2638 αὐτῶν,
1478 2578 1709 2631 εὐτονώ-

138 2668 286 2720 τιεοῡς
316 2657 452 2722 ἡμῖν
488 2657 621 2726 πρὸς
651 2664 751 2730 τὴν
783 2664 1086 2730 primatis-1v
1116 2669 1395 2738 ἐξαίτησιν
1428 2673 1652 2742 ευρεθῆ,

200 2743 294 2794 ll".
340 2749 448 2797 Καὶ
481 2750 702 2820 ἀπήχθη
732 2756 758 2804 ὁ
787 2759 1054 2826 μακάριος
1083 2761 1138 2809 ἐν
1170 2764 1230 2828 τῇ
1255 2765 1467 2832 φρουρᾷ
1503 2769 1708 2833 χαίρων

60 2873 67 2883 .
133 2837 218 2887 ἐπί
253 2856 308 2889 τε
345 2843 413 2908 τῇ
444 2844 792 2916 παρελθούσῃ
823 2850 1166 2921 ἐπερωτήσει
1193 2856 1286 2905 καὶ
1321 2856 1413 2906 ἐπὶ
1443 2859 1550 2907 τῶν
1575 2858 1705 2925 μελ-

133 2928 326 2981 λόντων
356 2936 588 2999 ἀγαθῶν
626 2939 896 3006 ἁπολήτξιει
935 2946 1084 3009 παρὰ
1115 2946 1208 2996 τοῦ
1248 2947 1515 3014 ἀψευδοῦς
1548 2953 1704 3003 (9305'

133 3022 221 3071 καὶ
252 3025 516 3092 εποίησεν
550 3027 604 3076 ἐν
640 3031 702 3094 τῇ
744 3031 958 3100 φυλακῇ
992 3034 1086 3100 τῆς
1147 3037 1433 3102 Πειρίνοου
1489 3044 1707 3110 ἡμέρας

132 3114 285 3169 ἑπτά.
328 3118 581 3183 Ἐγένετο
611 3121 667 3172 δὲ
699 3125 787 3175 τὸν
817 3125 1071 3180 Βιδιανὸν
1108 3131 1417 3200 γράμματα
1447 3135 1704 3196 δέξασθαι

132 3209 275 3275 παρὰ
311 3212 566 3265 Λικινίου
626 3216 722 3268 τοῦ
783 3219 1028 3287 ἐπάρχου
1064 3222 1156 3273 τοῦ
1210 3224 1502 3294 προλαϐεῖν
1543 3229 1702 3280 αὑτὸν

129 3305 202 3364 εἰς
235 3305 294 3356 τὸ
321 3306 654 3369 Βυζάντιονο
701 3312 992 3365 ἐκέλευσεν
1024 3315 1080 3366 δὲ
1117 3319 1209 3368 καὶ
1258 3321 1383 3380 τοὺς
1419 3321 1705 3390 δεσμώτας

127 3397 498 3467 ἀκολουθῆσαι
531 3401 700 3469 αὐτῷ.
751 3401 806 3456 Ὀ
857 3403 950 3458 οὖν
984 3407 1255 3478 μακάριος
1286 3416 1498 3481 μάρτυς
1544 3414 1705 3466 Ἀκά-

127 3505 233 3550 κιος
265 3492 360 3541 καὶ
398 3491 477 3560 τῷ
518 3493 668 3566 ὄγκῳ
712 3498 820 3549 τῶν
844 3502 1178 3571 τραυμάτων
1211 3505 1550 3572 τρυχόμενος
1609 3507 1704 3557 καὶ

124 3577 193 3645 τῷ
220 3583 370 3648 πόνῳ
401 3582 499 3634 τοῦ
537 3589 789 3654 σώματος
832 3593 1356 3660 στενοχωρούμενος,
1406 3595 1483 3646 ἔτι
1517 3596 1572 3648 δὲ
1609 3598 1703 3649 καὶ

225 3674 432 3736 πλήθει
465 3677 574 3728 τῶν
604 3680 840 3747 σιδήριον
874 3681 1264 3752 βαρυνόμενος,
1301 3687 1393 3738 καὶ
1424 3691 1489 3758 τῇ
1515 3690 1704 3759 ἐφήξει

119 3767 219 3817 τῶν
245 3767 470 3837 δημίων
494 3771 602 3821 τῶν
626 3771 682 3823 ἐν
707 3775 771 3842 τῇ
804 3774 908 3844 ὁδῷ
933 3778 1476 3850 ταλαιπωρούμενος,
1508 3786 1602 3836 καί
1626 3786 1702 3854 τῷ

121 3856 349 3922 καμάτῳ
377 3856 487 3923 τῆς
525 3861 749 3929 πορείας
780 3864 1119 3933 θλιὸόμενος,
1155 3871 1247 3920 καὶ
1300 3874 1364 3940 τῇ
1394 3873 1574 3943 ἐνδείᾳ
1595 3878 1704 3930 τῶν

120 3944 297 3995 σιτίων
341 3948 850 4018 ἐκλιμπανὸμενος,
900 3956 994 4004 καὶ
1043 3955 1120 4022 τῷ
1163 3957 1238 4026 μὴ
1300 3964 1702 4030 συγχωρεῖσθαι

117 4050 228 4088 τινα
257 4039 368 4091 τῶν
403 4043 672 4107 γνωστῶν
702 4045 974 4098 συνέθνων
1006 4049 1138 4118 ὁρᾷν
1164 4050 1328 4102 αὑτὸν
1351 4057 1486 4122 πρὸς
1518 4058 1574 4106 τὸ
1605 4057 1702 4126 ζῇν

116 4123 294 4183 λοιπὸν
343 4132 823 4202 ὲξαττορούμενος,
877 4137 1393 4193 ἐπακολουθούντων
1453 4147 1546 4196 καὶ
1594 4147 1703 4198 τῶν

117 4224 205 4271 σὺν
237 4224 391 4294 αὺτῷ
421 4226 724 4293 δεσμωτῶν
751 4231 806 4280 ἐν
839 4231 904 4297 τῇ
929 4230 1033 4299 ὁδῷ
1065 4233 1156 4283 καὶ
1193 4233 1300 4287 τῶν
1353 4243 1703 4305 κατεπειγόν-

114 4325 215 4361 των
236 4315 449 4378 αὐτοὺς
489 4315 725 4385 δημίων,
787 4317 988 4388 ηὔξατο
1017 4323 1094 4392 τῷ
1117 4322 1257 4392 Θεῷ,
1291 4325 1529 4389 ἀξιώσας
1571 4331 1705 4396 πρό-

116 4417 264 4467 τερον
294 4409 431 4467 τοὺς
464 4407 722 4475 δημίους,
760 4414 1180 4482 συγχωρηθῆναι
1213 4418 1363 4488 αὐτῷ
1402 4419 1663 4482 εὔξασθαι
1685 4438 1698 4450 ·

1820 1934 2003 1987 diam?
2034 1935 2164 1988 Tum
2193 1938 2356 2004 judex
2393 1943 2651 1996 ministris
2683 1944 2857 1997 dixit:
2887 1946 3138 2000 Acacium
3164 1949 3386 2019 impium

1818 2026 2086 2079 hominem
2121 2031 2247 2082 olim
2286 2035 2531 2096 militem,
2573 2039 2622 2090 in
2658 2053 2874 2093 carcere
2930 2042 3185 2095 interiore
3217 2045 3390 2096 tribus

1816 2116 1972 2184 lignis
2005 2118 2277 2186 alligatqu
2311 2128 2600 2188 custodite,
2637 2137 2686 2180 et
2731 2131 2986 2195 gravibus
3017 2134 3222 2185 catenis
3269 2135 3387 2200 ejus

1816 2211 2009 2264 collum
2044 2227 2104 2264 ac
2159 2222 2325 2266 totum
2357 2229 2553 2280 corpus
2581 2218 2930 2285 circumdate,
2967 2223 3240 2290 sequentis
3281 2225 3384 2279 diei

1810 2307 2014 2375 judicio
2047 2314 2430 2365 reservandum
2466 2331 2480 2367 :
2520 2330 2691 2382 neque
2736 2331 2763 2367 a
2796 2332 2906 2369 sua:
2936 2319 3111 2386 gentis
3150 2319 3386 2372 homini-

1818 2399 1915 2450 bus
1938 2398 2084 2451 illnm
2116 2400 2281 2454 videri
2309 2398 2599 2468 permittite
2621 2445 2635 2469 ,
2672 2419 2737 2458 ne
2765 2403 2901 2458 forte
2935 2407 3003 2460 ab
3035 2409 3164 2476 ipsis
3197 2409 3385 2464 beatus

1816 2493 2160 2556 praedicetur,
2216 2505 2266 2544 et
2303 2496 2368 2548 ad
2407 2495 2615 2551 futuras
2671 2500 2992 2568 quaestiones
3053 2504 3386 2558 constantior

1815 2592 2142 2634 ιιινριιιιιῑυτ.

1887 2760 2021 2814 ΧΙΙΙ.
2058 2759 2257 2818 Ductus
2296 2764 2457 2834 igitur
2483 2764 2791 2822 luitbeatus
2827 2769 3057 2828 Aeacius
3097 2774 3147 2828 in
3190 2791 3379 2832 carce-

1813 2869 1948 2916 rem,
2009 2867 2118 2908 tum
2176 2862 2444 2924 przrterila
2495 2859 2835 2916 confessione
2890 2881 3048 2932 quam
3106 2872 3382 2936 professus

1810 2943 2008 3007 fuerat,
2042 2958 2150 2998 tum
2183 2949 2376 3002 futuris
2406 2952 2582 3014 bonis,
2623 2969 2740 3019 quae
2770 2970 2797 3006 a
2830 2956 2934 3008 Deo
2971 2972 3098 3010 vero
3128 2968 3380 3030 acceptu-

1813 3053 1904 3092 rus
1935 3049 2074 3103 erat,
2127 3039 2280 3096 valde
2332 3042 2483 3097 lzctus
2517 3061 2533 3098 :
2571 3045 2880 3114 mansitque
2955 3048 3007 3100 in
3053 3065 3272 3106 carcere
3325 3057 3376 3108 in

1814 3134 1944 3184 urbe
1976 3132 2235 3187 Perintho
2266 3147 2469 3205 septem
2503 3138 2639 3194 dies.
2676 3138 2881 3193 Interea
2931 3139 3183 3199 Bibianus
3221 3161 3377 3201 acce-

1811 3223 1889 3289 pit
1919 3223 2127 3276 litteras
2160 3240 2188 3277 a
2222 3225 2500 3290 Flaccino,
2539 3239 2594 3280 ut
2625 3229 2943 3297 Byzantium
2969 3249 3027 3287 se
3058 3237 3327 3294 conferret
3363 3259 3377 3295 :

1805 3317 1966 3384 jussit
1999 3327 2178 3370 autem
2205 3326 2258 3384 et
2283 3334 2374 3372 eos
2413 3321 2505 3389 qui
2538 3334 2692 3375 erant
2735 3323 2786 3377 in
2821 3339 3058 3393 carcere,
3100 3330 3244 3383 illum
3292 3349 3380 3386 se-

1812 3408 1925 3476 qui.
1963 3408 2158 3463 Beatus
2191 3403 2353 3482 igitur
2379 3425 2583 3484 martyr
2608 3418 2860 3482 Aeacius,
2890 3431 2944 3473 et
2983 3422 3262 3477 vulnerum
3290 3434 3378 3478 tu-

1810 3514 1976 3561 more,
2013 3509 2066 3552 et
2092 3503 2332 3568 corporis
2367 3503 2551 3558 labore
2579 3507 2832 3572 amictus,
2883 3512 2950 3563 ad
3006 3512 3119 3568 hinc
3172 3527 3226 3568 et
3275 3517 3381 3572 illis

1811 3592 1989 3645 nmltis
2026 3591 2219 3646 ferreis
2255 3597 2461 3648 catenis
2516 3608 2788 3664 gravatus,
2830 3601 3170 3670 militumque
3203 3607 3251 3658 in
3291 3609 3374 3658 via

1810 3684 2113 3753 urgentium
2151 3687 2575 3752 importunitate,
2618 3699 2670 3742 et
2699 3690 2908 3745 itineris
2945 3693 3282 3760 lassitudine,
3313 3712 3376 3751 ac

1808 3778 2049 3830 cibormn
2076 3779 2276 3847 inopia,
2313 3781 2543 3849 denique
2571 3792 2813 3837 notorum
2849 3786 3150 3852 bomimun,
3183 3802 3213 3841 e
3246 3790 3375 3858 qui-

1808 3865 1906 3916 bus
1945 3868 2214 3919 neminem
2250 3869 2429 3922 videre
2461 3873 2896 3941 permittebatur,
2943 3877 3185 3932 absentia
3221 3880 3375 3934 valde

1809 3968 2064 4017 maerens,
2101 3966 2154 4007 et
2189 3958 2253 4009 de
2308 3958 2412 4009 vita
2458 3961 2571 4026 ipsa
2620 3962 2942 4029 desperans,
2999 3982 3120 4021 cum
3182 3981 3234 4023 et
3283 3971 3374 4024 alii

1807 4047 1971 4100 vincti
2002 4064 2123 4102 cum
2175 4060 2556 4117 sequerentur,
2589 4063 2641 4105 et
2672 4057 2954 4108 carnilices
2979 4069 3254 4130 urgerent,
3284 4076 3382 4128 pe-

1809 4144 1890 4192 tiit
1925 4159 1951 4193 a
1991 4145 2366 4208 carnificibus,
2427 4157 2483 4198 ut
2533 4147 2726 4201 orandi
2780 4148 2871 4202 Dei
2926 4160 3245 4218 potestatem
3300 4157 3372 4208 illi

1807 4233 2065 4284 facerent.
2100 4233 2232 4286 Cum
2273 4236 2434 4302 igitur
2478 4239 2708 4303 quodam
2743 4237 2940 4291 inloco
2985 4242 3246 4305 stetisset,
3297 4244 3370 4296 ita

1805 4322 1972 4379 Deum
2014 4336 2263 4392 precatus
2295 4337 2377 4382 est
2408 4345 2420 4380 :
2463 4328 2644 4382 Gloria
2677 4332 2747 4385 sit
2783 4330 2902 4395 tibi,
2939 4331 3104 4396 Deus,
3139 4335 3228 4401 qui
3277 4350 3372 4404 pro

1809 4427 1896 4467 tua
1945 4417 2228 4469 clementia
2260 4419 2309 4468 in
2351 4433 2442 4470 eos
2475 4419 2875 4472 misericordem
2925 4430 2973 4471 te
3009 4422 3237 4487 prsebes,
3281 4421 3372 4490 qni

114 4496 200 4547 καὶ
233 4498 468 4561 σταθεὶς
505 4501 564 4551 ἐν
600 4501 750 4571 τόπῳ
771 4504 896 4566 τινὶ,
933 4503 1135 4573 ηὗξατο
1174 4509 1310 4575 πρὸς
1370 4514 1572 4582 Κύριον
1611 4519 1700 4568 καὶ

1810 4510 2038 4576 diligunt
2067 4525 2256 4563 nomen
2286 4521 2429 4564 tuum
2478 4528 2490 4562 :
2520 4512 2706 4577 gloria,
2740 4512 2981 4579 iuquatn,
3014 4514 3105 4565 tibi
3144 4516 3232 4575 sit,
3279 4516 3369 4581 qui

113 4584 295 4639 εἶπεν·
335 4589 491 4652 Δόξα
528 4607 632 4654 σοι,
679 4595 707 4645 ὁ
760 4595 900 4647 κατὰ
934 4597 991 4647 τὸ
1031 4598 1164 4649 πολὺ
1207 4599 1352 4662 ἔλεός
1391 4621 1484 4654 σου
1529 4608 1698 4660 ποιῶν

112 4681 197 4734 καὶ
222 4681 302 4732 ’τα
370 4683 513 4748 ὲλὲη
575 4673 672 4734 σου
708 4686 846 4751 μετὰ
892 4688 1001 4738 τῶν
1034 4689 1377 4756 ἀγαπώντων
1414 4696 1473 4746 τὸ
1522 4697 1695 4768 ὄνομα

113 4787 195 4822 σου
217 4788 231 4800 ’
257 4771 389 4835 δόξα
418 4788 534 4836 σοι,
558 4771 636 4841 τῷ
669 4778 762 4824 καί
788 4774 886 4842 ἐμὲ
920 4775 1011 4827 τὸν
1041 4779 1367 4850 ἁμαρτωλὸν
1404 4787 1695 4844 καλέσαντι

108 4865 178 4922 εἰς
221 4865 313 4914 τὸν
365 4866 584 4931 κλῆρον
613 4864 802 4917 τοῦτον
825 4882 836 4894 '
871 4867 996 4929 δόξα
1029 4886 1132 4935 σοι,
1191 4873 1387 4940 Ἰησοῦ,
1419 4876 1495 4945 τῷ
1530 4880 1693 4931 εἰδότι

109 4961 197 5022 τὴν
256 4955 568 5006 ἀσθένειαν
624 4956 722 5024 τῆς
776 4960 974 5026 σαρκὸς
1021 4963 1178 5030 ἡμῶν
1219 4966 1313 5016 καὶ
1336 4966 1476 5018 δόντι
1517 4987 1605 5035 μοι
1641 4973 1697 5022 ἐν

111 5051 219 5110 ταῖς
261 5047 536 5118 βασάνοις
581 5047 681 5115 τὴν
735 5049 1033 5120 ὑπομονήν.
1122 5055 1256 5106 Επεὶ
1309 5055 1400 5108 οὖν
1453 5060 1696 5127 βλέπεις,

110 5139 271 5208 Κύριέ
303 5161 436 5210 μου,
484 5139 664 5192 πολλὰ
713 5145 779 5194 τὰ
845 5145 1135 5211 συνέχοντά
1169 5165 1235 5215 με
1283 5151 1425 5202 κακὰ
1476 5154 1694 5206 καὶτοῦ

110 5228 320 5300 μέλλειν
348 5234 683 5304 ἐκδημῆσαι
707 5234 805 5302 τὴν
830 5236 1007 5304 ψυχήν
1037 5255 1137 5305 μου
1168 5241 1275 5291 ἀπὸ
1307 5242 1398 5294 τοῦ
1423 5243 1694 5311 σώματος,

109 5329 258 5389 αὐτὸς
287 5328 406 5392 οὖν,
439 5331 703 5380 Δέσποτα
737 5326 930 5395 Κύριε,
967 5330 1287 5384 ἀπόστειλον
1311 5334 1538 5401 ἄγγελον
1567 5340 1699 5406 πρός

113 5438 170 5486 με
210 5409 544 5489 ἰαμαίτικὸν,
588 5418 816 5484 ἰώμενόν
856 5437 919 5487 με
950 5422 1056 5472 ἀπὸ
1091 5424 1196 5473 τῶν
1229 5430 1597 5493 περιεχουσῶν
1630 5446 1695 5496 με

109 5515 301 5566 ὀδυνῶν
336 5516 434 5566 καὶ
469 5512 771 5578 ἀναγκῶν,
793 5519 884 5564 καὶ
919 5514 1172 5566 κέλευσον
1201 5519 1602 5588 καταξιωθῆναί
1629 5538 1696 5589 με

109 5611 195 5678 οἴῳ
226 5609 430 5678 δήποτε
468 5605 672 5675 τρόπῳ
709 5605 866 5672 μόνον
899 5609 1170 5676 ἀποφάσει
1199 5609 1452 5663 δικαστοῦ
1483 5613 1710 5665 τελειωη

144 5786 372 5845 'Matth.
415 5805 469 5856 ι,
509 5788 600 5840 l9.

1807 4613 1860 4656 et
1899 4619 1982 4656 me
2020 4605 2071 4655 in
2107 4605 2339 4670 peccatis
2373 4604 2664 4675 viventem,
2703 4608 2767 4658 ad
2800 4608 2935 4657 lianc
2985 4615 3185 4659 sortem
3229 4616 3369 4658 tuam

1809 4691 2012 4744 vocaSti
2043 4692 2243 4757 :gloria
2275 4690 2391 4756 tibi,
2417 4690 2566 4756 Jcsu,
2597 4695 2684 4760 qni
2721 4705 2914 4747 nostra:
2942 4697 3121 4748 carnis
3151 4699 3373 4747 inlirmi-

1810 4793 1972 4835 latent
2007 4785 2231 4847 novisti,
2263 4797 2312 4837 et
2347 4797 2402 4836 ut
2453 4795 2716 4839 tormenta
2755 4785 2968 4840 fortiter
3006 4786 3224 4850 ferrem,
3278 4803 3372 4857 pa-

1809 4876 2051 4929 tientiam
2090 4877 2218 4929 mihi
2247 4877 2543 4944 praebuisti.
2576 4877 2838 4941 Quoniam
2879 4879 3039 4946 igitur
3090 4881 3258 4941 vides,
3298 4880 3367 4931 mi

1806 4967 2046 5027 Domine,
2079 4968 2258 5021 multis
2292 4969 2444 5020 malis
2473 4984 2555 5021 me
2583 4984 2920 5036 oppressura,
2970 4969 3040 5021 ita
3089 4979 3145 5022 ut
3189 4971 3367 5024 anima

1806 5061 1914 5127 ipsa
1949 5075 1976 5114 e
2008 5073 2232 5125 corpore
2280 5074 2398 5113 meo
2442 5075 2728 5114 excessum
2793 5062 3053 5124 rideatur,
3118 5072 3169 5114 tu
3235 5064 3365 5127 ipse,

1809 5152 2050 5216 Domine,
2085 5155 2234 5206 mitte
2267 5152 2538 5220 angelum,
2573 5157 2660 5218 qni
2701 5167 2784 5205 me
2815 5164 2986 5214 curet,
3027 5163 3078 5205 et
3111 5155 3177 5207 ab
3202 5171 3367 5220 angu-

1809 5245 1948 5306 stiis,
1976 5243 2168 5311 quibus
2192 5245 2488 5310 opprimor,
2521 5258 2600 5294 me
2625 5253 2771 5295 sanet
2802 5259 2816 5307 ;
2854 5259 2915 5297 ac
2953 5245 3086 5297 velis
3110 5248 3237 5296 milii
3267 5247 3365 5298 hoc

1783 5338 2117 5397 concedere,
2143 5345 2202 5384 ut
2227 5348 2544 5402 quacunque
2574 5337 2804 5394 ratione,
2839 5336 2992 5387 modo
3019 5336 3221 5402 judicis
3241 5352 3366 5388 sen-

1803 5427 1967 5478 tentia
2010 5428 2288 5478 decretum
2320 5427 2410 5489 sit,
2440 5427 2753 5493 martyrium
2787 5427 3111 5493 complearn,
3142 5437 3194 5477 et
3223 5429 3363 5491 apud

1802 5531 1850 5573 te
1888 5520 2010 5572 sim.
2043 5518 2175 5571 Cum
2221 5521 2290 5571 ita
2327 5520 2490 5572 Deum
2530 5528 2730 5579 oraret,
2759 5533 2859 5570 vox
2894 5533 2924 5570 e
2955 5519 3093 5569 nube
3133 5520 3363 5572 demissa

1799 5621 1881 5667 est
1918 5612 2055 5680 (erat
2081 5611 2222 5664 enim
2262 5626 2353 5665 aer
2402 5612 2513 5679 ipse
2563 5610 2792 5665 nubibus
2828 5611 3126 5682 contectus)
3164 5627 3177 5664 :
3216 5608 3362 5674 ESto,
