4196 6306
783 340 883 407 931

2073 333 2357 394 MENSIS
2399 333 2664 393 MAlUS.

3924 331 4024 393 232

789 458 976 520 Aeaci,
1013 455 1266 508 robustus
1298 450 1549 504 etfortis.
1597 447 1706 500 Vox
1757 456 1932 502 autem
1983 446 2070 499 illa
2127 446 2223 499 fuit
2276 448 2348 498 ita

2458 447 2613 513 θῆναι
2645 447 2703 498 ἐν
2736 441 2932 517 εἰρήνῃ
2959 443 3054 497 καὶ
3084 436 3226 496 εἶναί
3255 459 3321 513 με
3353 422 3501 513 παρά
3526 442 3628 508 σοι,
3649 442 3730 497 δτι
3757 435 3855 496 σού
3884 445 4028 498 ἐστιν

783 553 952 614 clara,
981 556 1037 603 ut
1068 544 1355 600 carniﬁces
1381 554 1437 596 et
1467 542 1554 594 alii
1589 540 1752 592 vincti
1786 553 1905 592 eam
1931 538 2214 591 audientes
2253 537 2352 589 ad.

785 644 1133 702 mirarentur,
1165 651 1227 689 ac
1253 635 1490 689 dicerent
1519 650 1532 687 :
1561 630 1825 699 Numquid
1854 638 1906 684 et
1934 631 2101 683 nubes
2127 629 2353 697 loquun-

787 727 911 782 ιιηῖ
940 729 1020 780 An
1053 739 1286 793 unquam
1319 722 1424 776 tale
1452 720 1581 788 quid
1633 721 1874 772 auditum
1933 728 2041 782 est,
2098 728 2157 771 ut
2207 733 2351 771 nunc

785 819 884 886 ipsi
915 814 1254 872 audivimus?
1289 812 1413 867 Haec
1435 813 1698 873 dicentes.
1724 810 1792 864 de
1817 825 1876 862 ea
1905 824 1964 863 re
1988 808 2348 877 ambigebant.

788 908 934 961 Multi
969 923 1093 960 vero
1122 921 1190 960 ex
1227 905 1312 964 iis.
1342 903 1434 971 qui
1469 901 1631 955 vincti
1666 899 2025 960 ducebantur.
2079 912 2200 952 eum
2235 901 2352 952 haec

785 1001 1086 1063 audissent,
1117 997 1168 1050 in
1208 997 1298 1050 Dei
1331 995 1523 1049 Filium
1560 993 1929 1055 crediderunt,
1974 999 2030 1046 et
2059 991 2126 1044 ad
2153 1003 2352 1058 marty-

788 1091 862 1144 ris
895 1091 1056 1158 pedes
1109 1105 1167 1142 se
1221 1085 1560 1154 abjicientes,
1605 1098 1728 1136 eum
1792 1090 2064 1150 rogarunt,
2106 1089 2164 1134 ut
2194 1078 2353 1134 Chri-

785 1180 974 1236 stiana
1018 1176 1139 1233 fidei
1173 1176 1474 1231 doctrinam
1512 1175 1643 1243 ipsis
1673 1181 1991 1242 exponeret.

2458 542 2488 604 ἡ
2517 539 2749 610 δύναμις
2783 539 2934 606 καὶὴ
2967 536 3100 602 δόξα
3138 536 3220 599 εις
3267 537 3390 597 τοὺς
3425 535 3651 599 αἰῶνας.
3684 536 3885 603 Ἀμήν.
3923 538 4033 590 Καὶ

2457 621 2760 692 εὐξαμένου
2794 620 2962 675 αὑτοῦ
2996 620 3187 680 ταῦτα,
3246 619 3397 689 φωνὴ
3429 621 3650 687 ἐγένετο
3705 623 3770 673 ὲκ
3800 622 4030 692 νεφέλης

2458 708 2562 780 (ἦν
2594 713 2751 780 γὰρὸ
2782 711 2886 781 ἀὴρ
2915 709 3374 779 συγκεχυμένος)δ
3411 710 3596 779 Ἰσχυε
3634 711 3728 763 καὶ
3753 711 4032 779 ἀνδρίζου.

2471 804 2722 856 Ἀκάκιεο
2763 804 2876 870 ἐγὼ
2914 803 3021 873 γάρ
3069 805 3185 872 εἰμι
3219 802 3453 856 πάντοτε
3489 803 3632 870 μετὰ
3661 801 3757 854 σοῦ
3790 819 3801 831 ’
3828 800 3904 860 ὡς
3941 802 4034 855 καὶ

2448 895 2574 956 τοὺς
2606 893 2835 963 δημίους
2889 895 2981 946 καὶ
3031 895 3155 955 τοὺς
3207 892 3495 960 δεσμώτας
3546 895 3898 954 ἀκούσαντας
3935 892 4032 962 τὴν

2452 988 2636 1056 φωνὴν
2659 986 2964 1054 θαυμάζειν
2990 963 3086 1037 καί
3114 985 3298 1050 λέγειν
3323 999 3337 1016 υ
3370 981 3519 1053 Ἀρα
3567 984 3660 1036 καὶ
3711 984 3916 1050 νεφέλη
3940 983 4036 1035 λα-

2451 1078 2568 1144 λεῖς
2601 1077 2635 1148 ἢ
2667 1075 2912 1146 ἠκούσθη
2941 1075 3095 1138 ποτε,
3133 1074 3208 1136 ὡς
3252 1072 3348 1125 νῦν
3374 1076 3732 1143 ἡκούσαμενξ
3770 1075 3884 1126 Καὶ
3920 1073 4035 1140 διη-

2449 1170 2653 1239 πόρουν
2681 1168 2811 1238 περὶ
2834 1167 3048 1220 τούτου.
3091 1165 3286 1219 Πολλοὶ
3319 1164 3376 1218 δὲ
3407 1165 3516 1218 τῶν
3543 1164 3841 1233 δεσμωτῶν
3868 1162 4031 1215 ἀκού-

788 1287 980 1334 σαντες
1035 1269 1225 1329 ταῦτα,
1285 1267 1618 1318 ἐπίστευσαν
1654 1264 1730 1333 τῷ
1790 1263 1935 1334 λόγῳ
1967 1262 2061 1317 καὶ⁵
2117 1261 2238 1332 Θεῷ
2272 1262 2370 1316 καὶ
2406 1261 2754 1332 προσεπεσαν
2819 1259 2898 1329 τῷ
2933 1259 3192 1330 μακαρίῳ
3230 1258 3468 1328 μάρτυρι
3524 1255 3792 1326 Ἀκακίῳ,
3827 1254 4037 1321 ἀξιοῦν-

783 1382 871 1420 τες
904 1365 1086 1426 αὑτὸν,
1115 1362 1407 1430 ἐκτεθῆναι
1443 1359 1628 1421 αὐτοῖς
1650 1359 1741 1411 τὶν
1768 1358 1927 1428 λόγον
1958 1359 2060 1427 τῆς
2093 1357 2357 1421 πίστεως.

858 1459 999 1512 XIV.
1031 1459 1183 1512 Tunc
1216 1459 1378 1525 igitur
1405 1469 1610 1528 mnrlyr
1637 1456 1868 1510 Aeacius
1929 1469 2032 1506 una
2085 1469 2206 1507 eum
2249 1453 2354 1508 illis

786 1549 889 1604 iter
919 1548 1123 1602 faciens
1158 1564 1174 1602 :
1218 1567 1235 1599 ι
1270 1548 1402 1616 Ego,
1438 1548 1626 1616 inquit,
1663 1548 1878 1616 paulum
1919 1545 2174 1611 temporis
2203 1545 2356 1599 miles

790 1641 893 1705 fui,
925 1643 1018 1696 sed
1047 1639 1189 1709 apud
1211 1640 1519 1694 sacerdotes
1541 1640 1822 1701 educatus,
1841 1636 1968 1705 quin
2000 1637 2160 1690 etiam
2185 1649 2356 1704 genus

788 1748 821 1789 ο
848 1733 1219 1788 sacerdotibus
1251 1733 1474 1792 ducens,
1523 1730 1740 1783 memini
1801 1730 1989 1784 audire
2031 1729 2179 1798 ipsos
2239 1729 2353 1782 liazc

788 1823 1064 1886 docentes,
1094 1823 1547 1892 quemadmodum
1591 1821 1729 1876 Deus
1761 1822 1894 1889 ipse,
1951 1835 2071 1874 cum
2124 1819 2352 1886 homini,

791 1916 881 1983 qui
907 1931 937 1966 ο
967 1916 1217 1981 paradiso
1269 1912 1566 1979 exciderat,
1615 1913 1839 1968 salutem
1889 1913 2037 1975 dare.
2070 1921 2124 1966 et
2167 1912 2233 1968 ab
2269 1913 2355 1965 in-

792 2004 925 2058 feris
953 2020 1075 2058 eum
1104 2005 1336 2060 educere
1368 2005 1546 2068 vellet,
1597 2005 1744 2057 misit
1793 2004 1847 2057 in
1902 2005 2042 2057 hunc
2099 2003 2356 2058 mundum

789 2108 1116 2152 coeternum
1159 2094 1386 2152 Verbum
1446 2111 1628 2150 suum.
1687 2095 1923 2150 Veniens
1973 2096 2135 2165 igitur
2190 2094 2358 2150 Filius

798 2190 910 2251 Dei.
947 2203 1162 2243 carnem
1197 2188 1434 2256 suscepit
1463 2204 1527 2242 ex
1558 2196 1744 2242 sancta
1806 2187 2025 2256 Virgine
2084 2185 2269 2248 Maria.
2304 2194 2359 2240 et

797 2280 969 2350 ﬁgura
1022 2294 1290 2347 apparens
1356 2286 1414 2332 ut
1466 2281 1646 2342 homo,
1709 2295 1923 2333 crucem
1977 2280 2256 2342 sustinuit,
2303 2287 2362 2332 ut

794 2373 1006 2436 Adami,
1039 2373 1128 2440 qui
1168 2372 1274 2426 Deo
1309 2387 1414 2425 non
1439 2373 1770 2437 obediverat,
1796 2382 2076 2440 peccatum
2109 2388 2205 2442 per
2233 2387 2356 2426 cru-

795 2463 877 2516 cis
906 2461 1108 2530 lignum
1135 2463 1471 2526 emendaret,
1503 2471 1556 2516 et
1585 2463 2050 2516 condemnationis
2083 2463 2360 2517 remissio-

799 2568 920 2606 nem
953 2552 1000 2606 ei
1035 2553 1392 2617 condonaret,
1423 2553 1536 2622 ipse
1563 2567 1660 2622 pro
1709 2554 1863 2608 nobis
1894 2565 2075 2608 noster
2105 2555 2359 2610 Dominus

797 2643 1034 2698 debitum
1062 2644 1274 2697 solvens
1302 2659 1318 2708 ;
1357 2657 1475 2696 nam
1511 2659 1575 2698 eo
1604 2646 1746 2712 quod
1788 2644 1839 2698 in
1883 2661 2044 2700 cruce
2075 2647 2210 2700 fixus
2239 2645 2357 2710 fuit,

794 2735 1235 2804 chirographum,
1284 2735 1426 2801 quod
1467 2745 1652 2789 contra
1694 2751 1790 2789 nos
1832 2745 1969 2800 erat,
2023 2737 2258 2798 discidit,
2307 2745 2363 2788 et

798 2834 1076 2891 peccatum
1105 2823 1374 2888 dissolvit,
1405 2834 1458 2877 et
1493 2825 1708 2893 prepria
1761 2834 1934 2879 morte
1963 2825 2161 2880 delevit
2216 2843 2362 2880 mor-

802 2928 933 2985 tem,
964 2927 1015 2972 et
1045 2917 1248 2974 inferos
1276 2920 1587 2988 expoliavit,
1626 2936 1954 2993 omnemque
1980 2920 2176 2979 diaboli
2211 2930 2362 2994 pote-

797 3019 992 3064 statem
1035 3010 1276 3064 confudit
1331 3023 1492 3082 atque
1547 3011 1857 3068 inﬁrmavit.
1893 3016 2134 3082 Cumque
2191 3021 2360 3068 totum

2535 1448 2631 1503 LV.
2661 1447 2796 1500 Τότε
2831 1445 2963 1514 γοῦν
3002 1448 3028 1499 ὁ
3057 1445 3214 1512 ἅγιος
3248 1444 3461 1512 μάρτυς
3503 1444 3598 1496 σὺν
3631 1442 3811 1502 αὐτοῖς
3833 1440 4033 1496 ὁδεύων
4051 1443 4062 1456 “”

2461 1544 2647 1613 ἔλεγεν
2669 1560 2682 1574 °
2730 1541 2870 1608 Ἐγὼ
2905 1541 3300 1610 μὲν,⁴ἀδελςροὶ,
3344 1541 3400 1592 ὲν
3428 1540 3596 1608 ὀλίγῳ
3647 1541 3824 1608 χρόνῳ
3850 1541 4030 1606 ἐγενό-

2465 1655 2570 1707 μην
2602 1634 2963 1704 στρατιώτης,
2988 1631 3248 1699 αὐξηθεὶς
3280 1633 3357 1692 είς
3384 1633 3572 1700 χεῖρας
3624 1632 3820 1699 ίερέων
3847 1645 3860 1658 ⁸
3901 1630 4032 1682 ἀλλά

2461 1732 2556 1785 καὶ
2617 1729 2772 1796 γένος
2809 1726 2944 1795 ἔχων
3008 1723 3303 1792 ίερατικδν,
3341 1723 3628 1792 μέμνημαι
3679 1723 3860 1775 αὐτῶν
3894 1722 4032 1775 διδα-

2458 1820 2725 1880 σκόντων,
2759 1819 2841 1868 ὅτι
2888 1817 2917 1869 δ
2966 1814 3351 1883 φιλάνθρωπος
3390 1814 3521 1872 Θεὸς
3550 1813 3719 1865 θέλων
3747 1813 3838 1864 τὸν
3871 1813 4031 1864 ἐκπε-

2460 1915 2620 1968 σόντα
2642 1917 2706 1965 εκ
2727 1909 2821 1964 τοῦ
2863 1907 3190 1979 παραδείσου
3224 1906 3397 1959 σῶσαι
3425 1905 3519 1957 καὶ
3548 1905 3848 1972 ἀναγαγεῖν
3874 1902 4031 1955 αὑτὸν

2457 2009 2521 2059 ἐκ
2547 2005 2641 2057 τοῦ
2697 2003 2849 2074 ᾅδου,
2885 1999 3208 2054 ἀπέστειλεν
3243 1999 3334 2051 τὸν
3385 1998 3664 2050 συναῒδιον
3706 1995 3879 2048 αὑτοῦ
3908 1995 4032 2047 Υίδν

2457 2100 2552 2153 καὶ
2607 2098 2778 2165 Λόγον
2823 2096 2901 2153 εις
2942 2094 3033 2144 τὸν
3066 2093 3294 2158 κόσμον,
3355 2092 3448 2142 καὶ
3491 2089 3662 2142 ὲλΟὼν
3696 2091 3723 2142 ὀ
3776 2089 3907 2150 Υἱὸς
3939 2086 4030 2140 τοῦ

2459 2191 2594 2244 Θεοῦ
2633 2188 2932 2254 σαρκοῦται
2958 2188 3020 2237 ὲκ
3053 2185 3152 2252 τῆς
3176 2183 3337 2248 ἁγίας
3371 2182 3648 2248 Παρθένου
3681 2180 3902 2250 Μαρίας
3936 2179 4031 2229 καὶ

2462 2284 2701 2353 σχήματι
2735 2281 2922 2350 φανεῖς
2969 2277 3043 2338 ὡς
3076 2274 3387 2344 ἄνθρωπος.
3451 2273 3682 2339 σταυρὸν
3736 2274 4031 2338 ὑπέμεινεν

2461 2372 2722 2434 ἑκουσίως
2767 2370 2834 2424 δι’
2905 2369 3073 2439 ἡμᾶς,
3126 2366 3215 2418 ἵνα
3247 2365 3340 2417 τοῦ
3386 2363 3554 2431 Ἀδὰμ
3608 2363 3705 2430 τὴν
3743 2362 4031 2428 παρακοὴ-ι

2460 2466 2621 2517 πάλιν
2681 2463 2767 2515 διὰ
2821 2461 2976 2526 ξύλου
3039 2458 3133 2512 τοῦ
3202 2455 3437 2526 σταυροῦ
3482 2455 3701 2518 ἰάσηται
3744 2455 3837 2505 καὶ
3873 2452 4030 2505 δώσει

2459 2553 2608 2621 αὑτῷ
2660 2552 2759 2620 τὴν
2801 2554 2995 2617 ἄφεσιν
3050 2549 3149 2616 τῆς
3179 2546 3497 2612 καταδίκης.
3559 2542 3725 2604 Αὐτὸς
3775 2539 3867 2594 οὖν
3893 2541 4032 2605 ὑπὲρ

2461 2643 2620 2712 ἡμῶν
2648 2641 2710 2692 τὸ
2743 2641 2916 2709 χρέος
2934 2638 3167 2697 ἀποδοὺς
3196 2639 3224 2686 ὁ
3276 2635 3478 2703 Κύριος
3513 2635 3691 2703 ἡμῶν,
3731 2632 3822 2686 καὶ
3851 2631 3940 2684 διὰ
3973 2631 4032 2681 τὸ

2465 2730 2884 2800 προσηλωθῆναι
2918 2727 2994 2797 τῷ
3023 2723 3259 2797 σταυρῷ,
3295 2724 3483 2792 σχίσας
3515 2723 3576 2773 τὸ
3599 2724 3714 2774 καθ’
3743 2723 3901 2790 ἡμῶν
3923 2737 4035 2787 χειο

2465 2826 2738 2896 ρὸγραφον
2796 2821 2892 2876 καὶ
2953 2821 3120 2882 λύσας
3176 2818 3275 2886 τὴν
3341 2815 3637 2882 ἁμαρτίαν,
3674 2815 3767 2865 καὶ
3821 2813 3910 2865 διὰ
3940 2813 4031 2864 τοῦ

2463 2919 2662 2972 οἰκείου
2697 2915 2928 2968 Θανάτου
2960 2909 3280 2970 θανατώσας
3315 2908 3404 2960 τὸν
3436 2909 3684 2965 Θάνατον,
3713 2905 3805 2956 καὶ
3828 2903 4035 2968 νεκρὼ-

2467 3027 2560 3071 σας
2587 3009 2677 3061 τὸν
2707 3007 2859 3076 ᾅδην,
2897 3005 2989 3057 καὶ
3023 3001 3395 3071 καταισχύνας
3423 3002 3514 3053 καὶ
3541 2995 3909 3063 ὲξουὸενὼσας
3938 2995 4034 3063 τὴν

800 3102 995 3154 diaboli
1053 3102 1350 3156 exercitum
1409 3105 1787 3172 proﬂigasset.
1845 3115 2133 3173 portasque
2191 3120 2357 3158 cereas

2463 3105 2687 3172 δύναμιν
2744 3103 2922 3153 πᾶσαν
2962 3099 3053 3151 τοῦ
3086 3098 3335 3151 διαϐόλου
3368 3097 3460 3148 καὶ
3498 3097 3684 3162 πάσης
3735 3095 3832 3162 τῆς
3865 3110 4033 3162 στρα·

800 3193 1178 3262 confregisset,
1210 3208 1275 3248 sc
1303 3205 1488 3248 vectes
1511 3193 1715 3249 ferreos
1742 3195 2106 3260 contrivisset,
2136 3199 2311 3252 triduo
2333 3214 2364 3252 e

803 3289 1033 3342 mortuis
1073 3302 1380 3358 resurgens,
1415 3288 1653 3341 humano
1700 3291 1883 3357 generi
1927 3292 2235 3359 resurgendi
2287 3290 2366 3344 fa-

800 3376 1052 3430 cultatem
1078 3379 1325 3445 praebuit,
1353 3388 1409 3430 ut
1432 3393 1620 3433 omnes
1644 3381 1893 3436 omnibus
1923 3381 2120 3436 futuris
2155 3385 2366 3440 saeculis

804 3469 1121 3521 viveremus.
1163 3467 1259 3522 llic
1284 3470 1426 3523 enim
1452 3469 1682 3525 mundus
1729 3473 1795 3525 ad
1823 3474 1982 3527 breve
2012 3481 2222 3542 tempus
2251 3490 2366 3526 ma-

800 3567 914 3621 nct,
942 3567 995 3611 et
1027 3559 1156 3612 nihil
1188 3569 1288 3614 est.
1329 3580 1350 3609 ν
1380 3560 1500 3615 Hae
1538 3564 1716 3614 omnia
1751 3579 1873 3617 cum
1910 3564 1982 3614 illi
2014 3566 2363 3624 audivissent.

801 3652 866 3701 ad
902 3647 1101 3700 Christi
1135 3651 1288 3702 [idem
1325 3651 1570 3704 conversi
1603 3661 1748 3704 sunt.
1806 3650 2073 3708 Postridie
2114 3669 2239 3709 vero
2270 3672 2367 3709 no-

801 3737 903 3790 etis
936 3747 1173 3807 tempore
1221 3754 1286 3794 eo
1333 3740 1383 3794 in
1428 3741 1568 3809 loco,
1624 3744 1676 3798 in
1731 3759 1838 3813 quo
1880 3755 2057 3808 erant,
2117 3747 2364 3800 viderunt

803 3829 1063 3894 quosdam
1094 3829 1367 3897 splendida
1401 3843 1545 3886 veste
1586 3833 1804 3886 indutos
1829 3845 1884 3887 et
1910 3835 2135 3888 militari
2183 3836 2365 3890 habitu

802 3929 1027 3973 ornatos
1056 3935 1176 3972 cum
1215 3922 1413 3975 Acacio
1443 3923 1556 3989 ipso
1588 3923 1886 3992 loquentes.
1926 3924 2152 3991 Quidam
2188 3937 2365 3982 autem

809 4021 876 4061 ex
904 4010 986 4062 his
1017 4011 1106 4079 qui
1161 4025 1253 4065 eos
1292 4013 1554 4076 viderant,
1585 4016 1964 4070 existimabant
1993 4019 2174 4073 Acacii
2218 4035 2371 4073 eom-

805 4102 1076 4156 militoues
1105 4106 1266 4171 atque
1308 4108 1514 4159 amicos
1550 4122 1692 4169 esse.
1729 4114 1816 4175 qui
1851 4115 2149 4165 metuentes
2194 4112 2369 4178 impe-

807 4202 1066 4258 ratorem,
1120 4196 1298 4248 noctis
1359 4205 1596 4265 tempore
1630 4199 1884 4253 Acacium
1949 4203 2204 4257 viserent.
2263 4205 2364 4257 Alii

807 4294 935 4335 vero
968 4283 1227 4336 visionem
1257 4283 1491 4351 aliquam
1548 4285 1780 4338 divinam
1828 4302 1944 4339 eam
2001 4285 2170 4341 fuisse
2218 4289 2367 4342 dice-

807 4371 958 4426 bant.
985 4371 1117 4422 Cum
1144 4380 1319 4423 autem
1346 4380 1530 4439 postea
1559 4386 1713 4428 nocte
1736 4374 2046 4444 Byzantium
2077 4377 2365 4441 venissent,

2466 3197 2612 3260 τείας
2639 3194 2823 3254 αὑτοῦ,
2863 3190 3169 3250 συνθλάσας
3223 3204 3279 3238 τε
3337 3185 3510 3246 πύλας
3564 3184 3775 3252 χαλκὶς
3804 3183 3898 3235 καὶ
3939 3198 4032 3250 μου

2467 3286 2624 3356 χλους
2652 3281 2903 3350 σιδηροῦς
2928 3279 3221 3347 συντρίψας
3255 3279 3344 3329 διὰ
3367 3277 3463 3345 τῆς
3499 3276 3657 3343 ἁγίας
3683 3275 3773 3324 καὶ
3800 3273 4037 3341 τριημέει

2469 3398 2562 3450 ρου
2623 3374 2788 3431 αὑτοῦ
2842 3371 3216 3432 ἀναστάσεως,
3277 3370 3565 3437 χαρίζεται
3611 3366 3690 3435 τῷ
3734 3365 3881 3432 γένει
3927 3363 4035 3415 τῶν

2466 3468 2768 3538 ἀνθρώπων
2825 3467 2925 3535 τὴν
2966 3465 3264 3517 ἀνάστασιν
3307 3459 3401 3511 καλ⁴
3441 3460 3541 3524 τὴν
3580 3459 3747 3528 ζωὴν,
3806 3457 3892 3509 ἴνα
3944 3458 4037 3509 καὶ

2471 3561 2828 3628 συνζήσωμεν
2859 3557 3064 3617 πάντες
3092 3552 3238 3620 αύτῷ
3271 3554 3348 3613 είς
3371 3550 3496 3610 τοὺς
3519 3548 3810 3618 μέλλοντας
3833 3548 4037 3609 αίῶνας

2466 3652 2573 3705 τῶν
2610 3648 2841 3704 αἰώνων.
2871 3646 3058 3700 Ταῦτα
3085 3645 3264 3698 τοίνυν
3297 3642 3653 3704 ἀκούσαντες,
3687 3639 3886 3697 πάντες
3914 3638 4036 3689 ιπι-

2469 3760 2697 3797 στευσαν
2726 3739 2802 3806 τῷ
2837 3737 2980 3804 λόγῳ
3004 3735 3096 3788 τοῦ
3122 3732 3382 3802 Χριστοῦ,
3414 3730 3520 3782 τῶν
3551 3729 3606 3779 δὲ
3631 3727 4038 3777 πιστευσάντων

2467 3834 2610 3892 τινες
2639 3831 2748 3881 ἰδοὺ
2782 3831 2840 3879 ἐν
2869 3830 2932 3895 τῇ
2964 3825 3194 3891 ἐπιούσῃ
3251 3823 3463 3890 ἑσπέρα
3519 3821 3577 3870 ὲν
3627 3821 3692 3887 τῇ
3746 3819 3882 3886 μονῇ
3909 3815 4038 3868 ἔνθα.

2471 3927 2694 3995 ἔμειναν
2729 3924 2784 3975 εν
2809 3923 2874 3991 τῇ
2916 3921 3072 3973 νυκτὶ
3097 3918 3284 3986 ἐκείνῃ
3314 3910 3451 3966 εἶδον
3509 3907 4042 3980 λαμπροφοροῦντάς

2469 4034 2617 4078 τινας
2644 4014 2862 4085 ἄνδρας.
2875 4013 3118 4082 σχήματι
3143 4002 3516 4079 στρατιωτικῷ
3538 4001 3835 4072 περιδεϐλη
3844 3999 4046 4068 μένους

2469 4109 2564 4162 καὶ
2585 4107 2909 4177 ὁμιλοῦντας
2940 4103 3090 4173 αύτῷ
3110 4118 3124 4131 ⁴
3154 4104 3247 4154 καὶ
3278 4103 3324 4152 oi
3357 4099 3452 4168 μὲν
3478 4099 3587 4150 τῶν
3612 4097 3829 4146 εἰδότων
3857 4087 4040 4158 ἐνόμι-

2470 4199 2563 4264 ζον
2595 4198 2781 4267 φίλους
2805 4194 2967 4248 αὑτοῦ
2995 4189 3135 4245 εἶναι
3185 4186 3591 4259 συστρατιώτας
3624 4187 3713 4236 καὶ
3741 4183 3813 4241 ὡς
3840 4182 3930 4231 διὰ
3955 4183 4041 4232 τὸν

2472 4285 2748 4355 βασιλικὸν
2774 4281 2938 4352 φόϐον
2965 4278 3280 4348 ἰληλυθέναι
3313 4279 3369 4327 ὲν
3395 4275 3554 4328 νυιιιτ)⁸
3585 4275 3719 4341 πρὸς
3750 4273 3915 4324 αὑτὸν
3947 4271 4039 4322 τοῦ

2470 4371 2873 4438 ἐπισκέψασθαι
2931 4368 3127 4421 αὐτόν’
3183 4368 3231 4419 oi
3291 4365 3346 4418 δὲ
3395 4364 3574 4436 ἕτεροι
3627 4363 3896 4414 ὀπτασίαν
3922 4362 4040 4412 τινα

806 4471 863 4516 et
883 4459 1041 4514 simul
1092 4462 1146 4515 in
1182 4477 1341 4516 unam
1391 4463 1613 4517 domum
1656 4467 1886 4529 conjeeti
1930 4479 2132 4532 essent,
2181 4484 2357 4525 rursut

2473 4464 2781 4532 ἀπόρρητον
2812 4456 2950 4514 εἶναι
2975 4460 3181 4525 ελεγον.
3214 4458 3379 4510 Πάλιν
3409 4457 3465 4509 δὲ
3498 4458 3564 4525 τῇ
3617 4452 3850 4524 ἐπιούσῃ
3888 4455 4042 4508 νυκτὶ

805 4553 1056 4609 viderunt
1090 4556 1308 4609 eosdem
1343 4557 1562 4624 angelos
1587 4572 1707 4610 cum
1742 4558 1937 4612 Aeacio
1979 4558 2278 4628 loquentes,
2315 4571 2370 4615 et

810 4644 1054 4708 vulnera,
1083 4657 1204 4712 quae
1232 4655 1386 4698 erant
1419 4646 1470 4698 in
1500 4644 1641 4700 illius
1664 4665 1910 4718 corpore,
1953 4665 2089 4718 aqua
2143 4650 2369 4704 ferventi

811 4730 1124 4799 abluentes,
1155 4746 1386 4804 eumque
1421 4747 1689 4800 curantes,
1723 4740 1796 4794 ita
1830 4751 1888 4794 ut
1927 4757 2135 4807 omnes,
2174 4742 2264 4812 qui
2318 4753 2374 4798 et

811 4833 960 4890 tunc,
1010 4833 1064 4878 et
1090 4825 1370 4892 superiore
1409 4839 1563 4882 nocte
1624 4827 1742 4882 illos
1802 4832 2064 4895 viderant,
2105 4835 2368 4898 dicerent,

813 4929 942 4970 vere
971 4923 1280 4970 sanctorum
1317 4918 1628 4985 angelorum
1681 4923 1938 4976 visionem
1971 4926 2192 4992 martyri
2219 4927 2370 4978 obla-

815 5016 922 5059 tam
950 5007 1137 5059 fuisse.

887 5271 1000 5325 XV.
1031 5271 1298 5329 Postridie
1325 5290 1452 5330 vero
1483 5290 1603 5328 cum
1641 5291 1842 5348 martyr
1880 5278 1931 5332 in
1965 5293 2232 5333 carcerem
2274 5283 2371 5336 in—

813 5363 1064 5418 teriorem
1097 5366 1396 5433 conjectus,
1430 5365 1697 5434 etjudieis
1720 5367 1871 5434 jussu
1899 5370 2042 5438 ligno
2076 5387 2137 5422 ac
2181 5373 2371 5427 lci-reis

812 5455 1039 5509 vinculis
1068 5455 1266 5525 ligatus
1293 5455 1502 5520 luisset,
1551 5459 1748 5527 aliique
1787 5460 1948 5514 vincti
2007 5464 2058 5515 in
2108 5461 2373 5518 exteriore

813 5559 1032 5600 carcere
1089 5558 1454 5609 servarentur.
1515 5563 1700 5602 rursus
1749 5549 1913 5602 multa
1964 5551 2161 5604 lumina
2217 5565 2370 5608 nocte

814 5651 1038 5692 accensa
1087 5640 1225 5709 apud
1267 5653 1558 5712 martyrem
1597 5643 1767 5712 ipsum
1803 5653 1854 5696 et
1886 5646 2030 5697 viros
2061 5643 2195 5698 alios
2230 5647 2373 5699 vide-

814 5741 954 5799 runt,
995 5743 1024 5784 ε
1049 5731 1274 5788 vinculis
1296 5746 1420 5787 eum
1447 5732 1716 5790 solventes
1748 5739 1905 5808 atque
1934 5747 2206 5804 curantes,
2238 5739 2369 5795 alios

2473 4553 2717 4613 ἐλθόντες
2739 4554 2795 4606 ἐν
2821 4550 2898 4620 τῷ
2926 4548 3205 4615 Βυζαντίῳ
3234 4547 3324 4598 καὶ
3359 4547 3640 4614 βληθέντες
3661 4545 3798 4613 ὁμοῦ
3828 4548 3887 4595 ἐν
3910 4541 4042 4612 οίκῳ

2475 4646 2556 4698 ἑνὶ
2583 4646 2640 4698 εν
2677 4647 2742 4715 τῇ
2781 4643 3021 4711 φυλακῇ,
3056 4635 3195 4694 εἶδον
3224 4638 3385 4692 πάλιν
3423 4639 3550 4699 τοὺς
3589 4638 3788 4699 αὐτοὺς
3814 4638 4041 4708 ἄνδρας,

2474 4737 2591 4804 ἦτοι
2621 4737 2810 4804 ἀγίους
2843 4734 3105 4801 ἀγγέλους
3141 4732 3461 4801 ὁμιλοῦντας
3512 4728 3659 4799 αύτῷ
3715 4729 3813 4782 καί
3844 4745 4044 4782 καταν-

2473 4827 2728 4888 τλοῦντας
2795 4824 2946 4880 ὕδατι
3001 4824 3192 4896 θερμῷ
3231 4825 3300 4877 τά
3351 4824 3642 4895 τραύματα
3671 4818 3761 4873 τοῦ
3788 4819 4043 4891 σώματος

2473 4916 2637 4970 αὑτοῦ
2666 4918 2760 4969 καὶ
2792 4914 3194 4986 θεραπεύοντας
3223 4914 3408 4977 αὐτὸν,
3431 4913 3500 4973 ὠ,
3525 4912 3731 4975 πάντας
3764 4905 4039 4978 θεασαμέ-

2473 5021 2596 5068 νους
2630 5007 2752 5058 τότε
2781 5008 2847 5056 τα
2881 5003 3160 5072 παράδοξα
3182 5005 3274 5057 καὶ
3299 5005 3364 5071 τῇ
3399 5001 3638 5072 προτέρᾳ
3654 5001 3812 5054 νυκτὶ
3843 5002 4039 5052 εἰπεῖν’

2487 5095 2752 5148 Ὀπτασία
2820 5114 2901 5160 τις
2955 5098 3126 5165 ἀγίων
3189 5094 3437 5162 ἀγγέλων
3471 5094 3547 5163 τῷ
3605 5093 3744 5162 ἀγίφ
3801 5093 4045 5162 μάρτυρι

2474 5190 2708 5254 ἐγένετο.

2551 5282 2649 5333 ΙΕ’.
2694 5283 2770 5349 Τῇ
2797 5282 2850 5332 δὲ
2883 5278 3110 5346 ἐπιούσῃ
3164 5277 3345 5348 ἡμέρᾳ
3385 5271 3671 5348 βληθέντος
3723 5275 3817 5328 τοῦ
3886 5278 4040 5345 ἁγίαν

2478 5374 2751 5442 μάρτυρος
2781 5372 3035 5426 Ἀκακίου
3059 5373 3136 5432 είς
3162 5371 3260 5439 τὴν
3294 5370 3579 5440 ὲνδοτέραν
3609 5368 3860 5440 φυλακὴν
3885 5375 3945 5424 εν
3968 5373 4045 5441 τῷ

2475 5465 2618 5535 ξύλῳ
2654 5469 2744 5517 καὶ
2801 5467 2911 5527 τοῖς
2970 5463 3398 5534 σιδήροι;,κατά
3437 5463 3497 5515 τὸ
3555 5465 3893 5533 πρόσταγμα
3951 5463 4046 5517 τοῦ

2473 5558 2752 5625 ἄρχοντος,
2778 5557 3097 5624 ἐστιγμένου
3128 5546 3603 5627 καὶτρυχωμένου,
3627 5557 3720 5607 καὶ
3745 5557 3857 5607 τῶν
3870 5555 4047 5611 ἄλλων

2471 5648 2763 5718 δεσμωτῶν
2812 5651 2892 5710 εἰς
2944 5650 3041 5716 τὴν
3091 5650 3364 5718 ὲξωτὲραν
3413 5649 3659 5718 φυλακὴν
3686 5645 4046 5711 δντων,εῐδον

2475 5741 2635 5798 πάλιν
2665 5741 2816 5809 φῶτα
2869 5742 3034 5795 πολλὰ
3068 5748 3123 5794 ὲν
3179 5745 3244 5812 τῇ
3289 5744 3442 5795 νυκτὶ
3473 5742 3761 5822 ἀπτόρενα
3786 5740 3926 5810 πρὸς
3960 5739 4047 5793 τὸν
