4196 6306
785 362 893 425 235

2094 364 2377 425 MENSIS
2424 365 2687 426 MAIUS.

3920 360 4024 423 23B

784 492 960 529 meum
997 482 1194 545 prtesto
1222 480 1306 527 est
1335 486 1348 526 :
1384 481 1702 544 potestatem
1737 476 1940 530 habes:
1976 491 2156 545 quaeso
2190 474 2357 529 facias

2472 469 2665 544 ροῦμεν
2696 473 2803 544 γὰρ
2832 472 3145 539 πλειστάκις
3180 474 3706 547 λαμπροφορουντάς
3730 490 3903 537 τινας,
3931 471 4037 525 ὧσ-

786 566 1047 635 quidquid
1114 566 1215 619 vis.
1281 563 1611 620 Videbamus
1652 568 1793 621 enim
1848 570 2041 635 szepius
2095 568 2352 637 quosdam

786 671 935 713 veste
984 658 1262 727 Splendida
1323 668 1543 714 ornatos
1601 662 1824 725 milites,
1855 662 2097 730 aliosque
2134 662 2356 714 urbanis

783 752 935 813 viris,
988 752 1123 804 alios
1168 750 1334 804 Medis
1375 752 1697 819 quibusdam
1741 753 1947 805 similes
2006 768 2123 805 esse
2168 767 2353 805 cense-

786 844 997 908 bamtts,
1034 844 1121 912 qui
1166 860 1267 897 una
1302 860 1422 899 cum
1456 846 1572 912 ipso
1598 844 1979 906 versabantur,
2012 844 2207 913 quique
2239 844 2356 913 ejus

786 935 1006 987 vulnera
1037 936 1324 1000 curabant,
1361 948 1414 988 et
1450 936 1737 1003 diligenter
1772 937 2178 1005 abstergebant,
2222 934 2359 988 mul-

793 1028 967 1093 tisque
999 1027 1215 1080 cibariis
1250 1026 1566 1095 propositis,
1598 1042 1698 1079 una
1726 1042 1849 1079 cum
1882 1041 1946 1080 eo
1979 1025 2355 1080 vescebantur.

793 1118 916 1171 Haec
951 1118 1131 1170 omnia
1193 1119 1464 1181 homines,
1527 1119 1616 1187 qui
1671 1134 1734 1172 ex
1797 1119 1930 1171 urbe
1965 1116 2225 1171 Perintho
2256 1133 2357 1171 una

789 1228 911 1263 cum
941 1227 1005 1264 eo
1043 1211 1206 1264 vincti
1244 1212 1389 1264 ducti
1426 1220 1572 1275 sunt,
1607 1221 1716 1265 tum
1755 1212 1807 1264 in
1840 1213 1945 1275 via,
1978 1220 2087 1265 tum
2126 1212 2210 1266 hic
2235 1227 2357 1265 cum

789 1303 984 1369 smptus
1030 1303 1314 1367 vidissent,
1346 1303 1476 1356 mihi
1510 1303 1808 1357 retulerunt
1848 1319 1863 1357 :
1896 1302 1970 1355 ita
2006 1313 2063 1355 ut
2086 1317 2205 1372 ego,
2239 1316 2357 1354 enm

791 1395 922 1461 ipsis
960 1410 1064 1446 non
1099 1395 1403 1459 crederem,
1437 1404 1490 1448 et
1521 1410 1707 1447 verum
1735 1395 1877 1447 scire
1908 1408 2187 1461 cuperem,
2228 1393 2363 1446 meis

790 1486 957 1539 oculis
995 1484 1190 1539 videns
1221 1487 1270 1539 id
1307 1488 1672 1556 cognoverim.
1701 1486 1767 1538 At
1793 1486 1835 1540 si
1861 1486 2077 1553 quando
2119 1492 2360 1552 repente,

803 1589 924 1628 cum
971 1577 1082 1627 haec
1109 1585 1433 1643 spectarem,
1472 1575 1674 1644 ingredi
1703 1576 1766 1627 ad
1799 1590 1922 1628 eum
1961 1574 2269 1638 voluissem,
2310 1583 2365 1627 et

791 1666 855 1715 ah
884 1666 990 1717 illis
1024 1680 1265 1734 quaerere
1311 1664 1578 1718 undenam
1616 1665 1741 1718 illuc
1770 1665 1999 1731 ingressi
2030 1674 2235 1729 essent,
2272 1674 2365 1717 aut

791 1757 1011 1820 quinam
1050 1754 1228 1807 forent
1280 1756 1377 1820 illi,
1418 1771 1551 1823 (pios
1584 1770 1689 1807 una
1742 1771 1863 1810 cum
1918 1756 2032 1825 ipso
2086 1758 2358 1825 vidissem,

786 1849 985 1915 saepius
1009 1849 1070 1901 ad
1095 1862 1214 1900 eum
1249 1848 1542 1913 ingressus,
1576 1861 1747 1914 neque
1778 1862 2100 1915 quemquam
2127 1848 2360 1911 illorum,

795 1954 965 2007 neque
990 1940 1284 2007 quidquam
1314 1954 1342 1991 e
1375 1939 1595 1992 cibariis
1637 1938 1741 1991 illis
1778 1938 2048 2003 videbam,
2081 1940 2174 1993 sed
2218 1942 2363 1994 hunc

2462 580 2566 633 περ
2599 563 2962 633 στρατιώτας,
2999 567 3093 618 καὶ
3130 564 3319 629 ἄλλους
3348 567 3423 628 ὡς
3466 568 3880 637 σχολαστικοῦς,
3939 566 4035 618 καὶ

2460 655 2678 723 ἐτέρους
2702 655 2775 718 ὡς
2808 659 3024 726 ἰατροὺς
3052 653 3188 708 εἶναι
3208 658 3552 725 ἐνομίζομεν,
3578 660 3839 721 συνόντας
3865 656 4037 725 αὐτῷ,

2460 747 2553 799 καὶ
2600 747 3091 816 ἐπιμελουμένους,
3128 751 3221 800 καὶ
3277 749 3351 817 τῷ
3412 748 3565 800 ὕδατι
3603 748 4038 809 καταντλοῦντας

2458 837 2529 889 τὰ
2561 838 2853 907 τραύματα
2895 839 3081 902 αὑτοῦ,
3107 840 3219 909 ἃμα
3246 840 3300 891 δὲ
3334 842 3428 891 καὶ
3454 840 3831 901 συνεσθίοντας
3868 840 4035 906 αὐτῷ,

2460 928 2673 982 πολλῶν
2747 931 2968 997 ἀγαθῶν
3041 933 3422 1001 προκειμένων
3478 934 3683 997 αὐτοῖς.
3749 932 3939 984 Ταῦτα
3985 932 4039 983 δὲ

2460 1026 2641 1079 πάντα
2702 1026 2797 1078 καὶ
2848 1027 2899 1078 οἱ
2941 1027 3152 1093 δέσμιοι
3181 1027 3287 1079 ἀπὸ
3321 1028 3417 1097 τῆς
3455 1028 3717 1097 Περίνθου
3753 1028 4040 1095 ἐρχόμενοι

2464 1117 2581 1183 μετ’
2613 1114 2776 1167 αὑτοῦ
2832 1115 3033 1178 ἰδόντες
3091 1116 3185 1168 καὶ
3213 1111 3314 1169 ὦδε
3376 1117 3693 1179 πλειστάκις
3726 1116 4039 1185 ἀνήνεγκαν

2466 1223 2577 1275 μοι,
2610 1206 2749 1259 ὥστε
2782 1206 2873 1259 καὶ
2906 1208 3003 1275 ἐμὲ
3039 1209 3236 1277 αὐτον,ζή
3277 1210 3564 1279 πεισθῆναι
3614 1210 3686 1279 μὴ
3712 1209 4041 1260 πιστεύοντα

2462 1301 2666 1362 αὐτοῖς.
2712 1302 2774 1353 EE
2814 1318 2942 1352 ποτε
2968 1301 3022 1353 δὲ
3056 1302 3275 1366 ἀνοίξας
3334 1302 3432 1371 τὴν
3484 1304 3725 1369 κατῆναν
3775 1300 4043 1353 εἰσελθεῖν

2463 1391 2797 1459 ἠϐουλήθην,
2848 1394 3131 1458 αἰφνιδίως
3190 1395 3410 1464 θεωρῶν
3438 1394 3630 1456 ταῦτα,
3689 1392 4041 1461 ἐπερωτῆσαι

2464 1484 2659 1543 αὐτοὺς
2705 1483 3013 1552 βουληθεὶς,
3044 1485 3209 1543 πόθεν
3237 1487 3345 1555 ἄρα
3376 1487 3624 1557 εἰσῆλθον
3657 1487 3686 1555 ἦ
3728 1487 3879 1547 τίνες
3907 1483 4043 1537 εἰσὶν

2466 1578 2666 1628 ἐκεῖνοι
2694 1575 2794 1638 οὓς
2828 1575 3055 1627 ἔϐλεπον
3095 1576 3212 1644 μετ’
3244 1578 3429 1639 αὑτοῦ,
3464 1577 3721 1629 εἰσελθὼν
3748 1578 3803 1629 δὲ
3842 1576 4042 1628 πολλῶ

2464 1684 2549 1729 κις
2587 1666 2723 1735 πρὸς
2754 1667 2937 1729 αὑτὸν,
2967 1667 3156 1719 ούδένα
3187 1667 3244 1730 ἐξ
3277 1669 3456 1720 αὐτῶν
3482 1668 3737 1738 εὕρισκον
3779 1670 3903 1720 οὐδὲ
3939 1670 4045 1721 τῶν

2467 1760 2844 1828 προκειμένων
2889 1761 3073 1821 αύτοῖς
3115 1759 3356 1827 ἀγαθῶν,
3398 1759 3533 1811 ἀλλὰ
3567 1760 3753 1811 τοῦτον
3792 1760 3954 1829 μόνον
3992 1762 4045 1812 ἐν

2393 1822 2438 1879 Β
2466 1822 2533 1879 -.ἓ

2466 1851 2543 1918 τῷ
2578 1851 2717 1920 ξύλῳ
2750 1854 3049 1922 τεταμένον
3086 1855 3383 1922 εὐχόμενόν
3417 1870 3467 1905 τε
3504 1854 3597 1906 καὶ
3638 1853 3931 1919 δοξάζοντα
3961 1852 4047 1904 τοι

2466 1943 2599 1996 Θιδν
2634 1944 2818 2007 αὐτοῦ,
2854 1947 2939 1997 ὅτε
2962 1945 3018 1998 δὲ
3044 1948 3137 1998 καὶ
3169 1946 3321 2016 ὕπνῳ
3352 1948 3770 2015 κατακείμενον.

795 2034 965 2084 solum
1001 2032 1145 2101 ligno
1177 2031 1475 2100 alligatum,
1508 2045 1693 2099 preces
1717 2032 1782 2083 ad
1816 2032 1983 2084 Deum
2023 2029 2360 2095 fundentem,
2406 2043 2459 2087 et
2501 2035 2740 2091 divinam
2779 2037 3008 2107 gloriam
3041 2039 3372 2104 laudantem,
3404 2039 3670 2093 interdum
3740 2053 3870 2093 vero
3924 2040 4050 2094 dOr-

799 2126 1074 2179 mientem.

866 2214 1048 2272 XVIII.
1081 2215 1216 2269 'I‘um
1245 2216 1411 2285 jndex
1453 2235 1466 2270 :
1516 2214 1802 2283 Pecunias,
1847 2218 2039 2285 inquit,
2074 2217 2140 2271 ab
2180 2220 2360 2273 Acacii

796 2310 1199 2363 contribulibus
1240 2311 1521 2378 accepisti,
1558 2312 1625 2364 ob
1669 2312 1826 2378 idque
1851 2311 2109 2377 judicium
2142 2312 2219 2364 vis
2253 2313 2365 2365 elu-

796 2406 943 2457 dere.
982 2402 1057 2455 Ac
1090 2402 1271 2455 statim
1330 2402 1509 2457 furore
1565 2406 1825 2471 percitus,
1881 2405 2147 2473 plumbeis
2204 2408 2369 2475 virgis

795 2496 910 2563 ejus
944 2506 1088 2562 terga
1118 2495 1321 2563 pulsari
1350 2494 1526 2563 jussit.
1567 2496 1706 2561 Quin
1740 2513 1860 2551 eum
1893 2499 2247 2563 cruciaretur,
2282 2516 2371 2553 vo-

798 2589 1033 2639 cil'erans
1058 2586 1267 2637 dicebat
1302 2602 1314 2637 :
1348 2584 1565 2649 Quaeso,
1614 2585 1802 2652 judex,
1843 2595 1900 2639 ut
1934 2588 1976 2640 si
2003 2603 2089 2641 res
2121 2590 2281 2641 aliter
2310 2603 2367 2641 se

800 2678 979 2740 habet,
1008 2690 1166 2743 quarti
1211 2674 1341 2736 dixi,
1384 2690 1469 2729 me
1517 2675 1829 2731 interlieias.
1862 2677 1993 2730 Tum
2024 2678 2110 2732 ille
2140 2698 2153 2732 :
2190 2677 2366 2733 Vene-

801 2770 956 2821 Iicum
998 2770 1158 2838 igitur
1188 2770 1458 2823 hominem
1501 2770 1642 2823 hunc
1672 2785 1789 2825 esse
1819 2770 2050 2825 aﬂirmes
2078 2788 2212 2839 opus
2264 2786 2364 2826 est.

798 2862 893 2913 Cui
938 2863 1177 2913 careeris
1209 2872 1392 2914 custos
1428 2878 1439 2911 :
1477 2858 1605 2928 Ego,
1638 2862 1834 2929 inquit,
1873 2863 2013 2928 quod
2051 2865 2181 2925 vidi,
2224 2865 2365 2927 dico,

802 2968 974 3022 neque
1002 2954 1137 3016 seio,
1169 2954 1510 3007 venelicusne
1551 2951 1645 3013 sit,
1680 2968 1745 3004 an
1782 2968 1907 3006 non.
1945 2950 2069 3006 Ilaec
2096 2968 2221 3006 eum
2248 2954 2369 3006 hea-

800 3059 885 3100 tus
930 3046 1162 3099 Aeacius
1216 3045 1443 3110 audiret,
1486 3044 1696 3097 illorum
1748 3045 2031 3099 stultitiam
2088 3034 2367 3108 irridebat,

798 3141 1043 3207 quamvis
1080 3138 1266 3191 fractis
1324 3148 1469 3189 esset
1529 3137 1786 3188 maxillis.
1825 3138 2007 3202 Itaque
2053 3138 2216 3201 judex
2256 3138 2369 3203 ipse

800 3247 986 3283 rursus
1021 3229 1201 3281 furore
1248 3244 1529 3293 accensus,
1570 3228 1768 3282 Aeaeio
1791 3226 1924 3280 dixit
1955 3243 1969 3279 :
2004 3225 2156 3280 Tunc
2186 3226 2375 3280 venisti

815 3331 871 3372 ut
908 3335 1001 3373 nos
1031 3320 1328 3384 derideres,
1363 3320 1645 3388 przesugiis
1679 3333 1740 3372 ac
1773 3318 2042 3372 veneficiis
2074 3317 2176 3372 tuis
2213 3318 2380 3372 conti-

800 3412 938 3464 sus?
973 3410 1104 3477 Ego,
1147 3412 1315 3479 inquit
1349 3410 1603 3473 Aeacius,
1639 3425 1742 3461 non
1779 3409 1948 3474 rideo,
2000 3410 2143 3477 quod
2189 3411 2368 3464 vestra

802 3506 1043 3572 pernicie
1066 3508 1323 3572 gaudeam
1371 3522 1382 3556 :
1420 3503 1529 3557 imo
1563 3506 1948 3572 sempiternam
1984 3514 2213 3557 vestram
2241 3520 2373 3557 con-

806 3598 1207 3649 drmnationem
1275 3596 1500 3649 multum
1545 3594 1722 3648 liOll‘O.
1769 3594 1872 3646 Vos
1918 3606 2094 3646 autem
2144 3596 2240 3662 ipsi
2282 3609 2375 3647 ve-

804 3699 974 3740 stram
1005 3692 1169 3740 vitam
1207 3688 1466 3747 irridetis,
1497 3688 1585 3754 qui
1625 3701 1807 3739 verum
1868 3685 2014 3739 illum
2052 3686 2213 3739 Deum
2247 3687 2371 3743 cuzli

809 3790 863 3834 et
892 3791 1073 3841 teme,
1134 3780 1298 3832 maris
1336 3789 1386 3830 et
1419 3778 1655 3833 Omnium
1688 3794 1807 3847 qua:
1839 3778 1891 3831 in
1928 3779 2006 3831 eis
2036 3789 2181 3839 sunt,
2244 3778 2378 3831 eIl'e-

803 3881 1005 3927 ctorem
1030 3871 1413 3937 dereliquistis,
1443 3881 1496 3923 et
1520 3870 1723 3936 lapides
1783 3870 1926 3936 ipsos
1955 3868 2210 3921 adoratis.
2242 3868 2377 3920 Tum

801 3962 973 4016 Judex
1023 3962 1069 4012 ei
1108 3962 1241 4013 dixit
1284 3978 1297 4014 :
1344 3961 1421 4014 Ne
1468 3968 1621 4030 putes
1664 3961 1763 4013 ista
1804 3971 1893 4014 tua
1935 3963 2243 4015 constantia
2293 3974 2378 4013 me

805 4053 1005 4105 victum
1040 4051 1139 4113 iri;
1172 4068 1275 4104 non
1304 4052 1477 4105 sinam
1511 4062 1561 4104 te
1594 4052 1793 4113 vivere,
1820 4052 1918 4101 nisi
1951 4052 2054 4103 diis
2082 4051 2375 4113 sacriliees,

804 4153 859 4197 et
918 4146 1245 4197 invictorum
1306 4144 1689 4210 imperatorum
1743 4142 1934 4196 edictis
1986 4141 2227 4196 obedias.
2282 4141 2376 4195 Cui

805 4236 1039 4289 Aeacius
1102 4251 1117 4287 :
1180 4232 1235 4288 Si
1289 4234 1532 4287 timerem
1604 4236 1777 4287 minas
1847 4244 1989 4295 tuas,
2043 4235 2221 4286 statim
2285 4234 2377 4287 tibi

808 4328 1208 4395 obtemperans,
1259 4326 1505 4379 fecissem
1558 4327 1697 4392 quod
1734 4324 1921 4392 jubes;
1960 4325 2213 4394 queniam
2250 4339 2378 4377 vero

806 4419 1070 4473 sententia
1102 4433 1218 4470 mea
1245 4417 1434 4469 melior
1455 4426 1557 4480 est,
1576 4432 1736 4485 quam
1766 4427 1875 4480 tua,
1902 4418 2075 4469 minas
2095 4416 2226 4469 istas
2245 4415 2376 4467 nihil

809 4506 971 4557 timeo
1006 4521 1020 4557 :
1057 4506 1162 4568 Iac,
1195 4506 1335 4573 quod
1373 4507 1519 4560 libet.

876 4595 1019 4651 XIX.
1056 4598 1205 4651 Tunc
1237 4599 1402 4651 Iudex
1440 4596 1619 4651 furore
1668 4599 1904 4664 percitus
1938 4617 1949 4652 :
1990 4597 2375 4664 Sacriﬁcasne,

805 4691 1001 4756 inquit,
1037 4705 1101 4739 an
1146 4690 1321 4741 adhuc
1354 4690 1530 4757 pergis
1578 4690 1855 4742 insanire?
1897 4690 2194 4758 Respondit
2238 4692 2378 4745 Aca-

807 4780 920 4832 cius
958 4798 969 4832 :
1011 4778 1087 4832 Tu
1144 4788 1321 4849 pergis
1364 4780 1411 4832 id
1448 4782 1649 4845 facere,
1682 4783 1771 4850 qui
1823 4783 2086 4844 homines,
2123 4799 2150 4833 a
2183 4784 2380 4851 quibus

809 4872 945 4924 nihil
981 4874 1102 4924 mali
1138 4876 1482 4926 commissum
1519 4885 1600 4928 est
1634 4891 1805 4943 neque
1848 4876 2047 4945 aliquid
2084 4876 2135 4930 in
2169 4887 2217 4929 te
2252 4892 2377 4944 pec-

804 4972 981 5015 eatum
1014 4960 1131 5025 fuit,
1169 4964 1243 5015 sit:
1272 4963 1469 5030 injuste
1500 4963 1814 5017 consumis?
1846 4964 1968 5016 Haec
1992 4980 2110 5015 cum
2142 4966 2378 5019 audisset

790 5056 983 5126 judex,
1008 5056 1168 5120 jussit
1198 5056 1369 5124 virgas
1398 5072 1635 5124 quernas
1665 5054 1871 5116 afferri,
1896 5065 1946 5108 et
1971 5055 2085 5123 ejus
2121 5066 2267 5125 terga
2312 5071 2376 5109 ac

807 5159 1046 5201 ventrem
1082 5149 1378 5201 verberari.
1421 5150 1665 5215 Cumque
1700 5149 1885 5200 decem
1924 5148 2171 5201 homines
2218 5148 2378 5201 vicis-

804 5240 905 5291 sim
953 5241 1135 5293 Acacii
1201 5254 1397 5307 corpus
1457 5244 1824 5294 verberarem.
1863 5253 2068 5309 martyr
2104 5242 2217 5307 ipse
2264 5250 2374 5292 tor-

806 5333 998 5385 mentis
1058 5332 1311 5393 alllictus,
1368 5332 1443 5385 sic
1505 5332 1771 5383 clamabat
1827 5348 1843 5385 :
1894 5330 2127 5395 Christe,
2185 5331 2373 5396 adjttva

808 5418 1060 5475 humilem
1094 5438 1305 5477 servum
1347 5434 1525 5477 tuum.
1577 5424 1748 5477 Iratus
1781 5436 1957 5477 autem
1992 5425 2193 5494 judex,
2218 5423 2378 5493 jussit

806 5522 1045 5564 ventrem
1108 5514 1335 5579 amplius
1394 5513 1689 5567 verberari.
1750 5514 1989 5583 Cumque
2052 5492 2237 5568 decem
2300 5514 2372 5567 ilii

804 5604 1045 5655 homines
1094 5604 1194 5654 hoc
1244 5603 1516 5663 fecissent,
1550 5612 1605 5655 et
1655 5604 1842 5656 beatus
1890 5614 2093 5671 martyr
2145 5604 2374 5665 doleret,

804 5704 931 5743 voce
973 5709 1159 5761 magna
1202 5694 1388 5748 dixit:
1438 5692 1663 5748 Domine
1718 5693 1843 5749 Jesu
1900 5694 2131 5757 Christe,
2180 5695 2373 5763 adjuva

807 5796 1019 5838 servum
1056 5796 1197 5839 tuum
1226 5786 1498 5841 Acacium.
1527 5784 1636 5842 Hoc
1668 5802 1787 5842 eum
1824 5788 1889 5843 ab
1922 5803 1985 5843 eo
2019 5789 2215 5842 dictum
2245 5786 2377 5843 fuis-

2534 2219 2642 2273 lII'.’
2674 2220 2731 2273 ’0
2762 2219 3027 2289 δικαστὴς
3085 2214 3240 2273 εἶπεν
3267 2236 3278 2249 ·
3312 2221 3383 2272 Συ
3438 2221 3698 2290 χρήματα
3742 2220 3896 2289 παρὰ
3938 2220 4046 2272 τῶν

2464 2314 2737 2364 συνέθνων
2773 2311 2937 2364 αὑτοῦ
2975 2310 3175 2375 λαϐὼν,
3228 2311 3443 2374 παίζειν
3477 2313 3651 2373 θέλεις
3694 2313 3753 2364 τὸ
3788 2313 4049 2382 δικαστή-

2467 2424 2600 2476 ριον.
2634 2406 2747 2456 Καὶ
2785 2403 3063 2472 θυμωθεὶς
3115 2404 3426 2466 ἐκέλευσεν,
3491 2405 3867 2473 καταυχενίοις
3902 2406 4051 2474 αὐτῷ

2472 2497 2747 2564 μολίϐδεσι
2804 2496 3140 2567 χρήσασθαι.
3180 2496 3269 2558 Ὠς
3301 2496 3357 2547 δὲ
3401 2495 3755 2558 ἐϐασανίζετο
3797 2498 3823 2548 6
3856 2498 4049 2567 δεσμο-

2468 2588 2661 2657 φύλαξ,
2696 2588 2823 2640 ἐϐόα
2856 2588 2949 2641 καὶ
2976 2588 3161 2655 ἔλεγεν
3184 2603 3197 2616 ·
3227 2586 3429 2655 Δέομαί
3453 2603 3567 2651 σου,
3593 2589 3641 2639 εἰ
3672 2587 3847 2650 ἄλλως
3874 2585 4048 2649 εἶπον,

2468 2681 2791 2735 ἀπόκτεινόν
2826 2697 2915 2749 με.
2957 2681 3012 2733 Ὀ
3063 2681 3324 2749 δικαστὴς
3353 2676 3508 2733 εἶπεν
3531 2698 3544 2712 ·

2470 2774 2631 2826 αὑτὸν
2669 2774 3002 2839 ἀποφέρεις;
3069 2772 3126 2821 '0
3179 2772 3525 2839 δεσμοφύλαξ
3571 2769 3764 2824 εἶπεν·
3836 2774 3979 2838 Ἐγὼ
4026 2774 4052 2823 ὂ

2472 2859 2632 2925 εἶδον,
2667 2859 2818 2913 εἷπον
2843 2878 2853 2888 ·
2889 2863 2938 2912 εί
2961 2861 3015 2913 δὲ
3044 2861 3189 2913 ἔστιν
3221 2864 3377 2930 γόης,
3400 2863 3499 2913 οὐκ
3528 2858 3668 2916 οἶδα.
3710 2864 3766 2914 Ὀ
3792 2863 3846 2913 δὲ
3876 2864 4051 2931 μακά-

2477 2972 2587 3025 ριος
2626 2954 2879 3015 ’Λκάκιος
2917 2954 3089 3015 ἑστώς
3114 2954 3206 3005 καὶ
3232 2953 3449 3005 ἀκούων
3481 2952 3657 3006 ταῦτα
3701 2956 3928 3021 ἐγέλασε
3962 2955 4055 3005 ἐπὶ

3597 2681 3709 2733 Οὔκ
3748 2677 3841 2733 οὖν
3875 2683 4051 2751 γόητα

2474 3050 2537 3115 τῇ
2572 3048 2851 3115 ἀφροσύνῃ
2884 3046 3084 3109 αὐτῶν,
3117 3048 3207 3098 καὶ
3233 3046 3390 3099 τοῦτο
3414 3047 3669 3109 κλασθεὶς
3700 3048 3824 3110 τοὺς
3865 3047 4053 3113 σιαγό-

2477 3155 2593 3199 νας,
2618 3140 2689 3200 ώς
2714 3139 2801 3189 τὸν
2827 3140 3087 3207 δικαστὴν
3116 3139 3277 3191 πάλιν
3299 3138 3625 3208 ὀργισθέντα
3648 3156 3658 3167 '
3700 3140 4057 3203 Καταπαῖξαι

2480 3228 2636 3296 ἡμῶν
2694 3225 2878 3297 ἦλθες,
2930 3231 3127 3299 λέγων,
3165 3230 3383 3299 θαρρῶν
3442 3235 3562 3291 ταῖς
3611 3232 3885 3296 γοητείαις
3924 3245 4054 3293 dou;

2491 3320 2792 3389 Ἀπεκρίθη
2856 3321 3144 3381 ’Ᾱκάκιος·
3207 3320 3349 3384 Ἐγὼ
3384 3321 3479 3389 μὲν
3529 3321 3588 3371 ού
3622 3321 3950 3383 καταπαίζω
3981 3320 4055 3380 t1;

2481 3412 2781 3480 ἐπικαίρων
2814 3414 2879 3480 τῇ
2905 3412 3153 3481 ἀπωλείᾳ
3184 3410 3338 3479 ὑμῶν
3365 3427 3377 3461 τ
3427 3411 3564 3463 ἀλλὰ
3596 3410 3687 3471 καὶ
3721 3411 3933 3481 σφόδρα
3964 3411 4055 3463 λυ-

2480 3502 2694 3569 ποῦμαι
2738 3502 2995 3571 περὶτῆς
3029 3503 3200 3554 ἀϊδίου
3237 3502 3391 3571 ὑμῶν
3422 3502 3673 3573 κρίσεως.
3732 3502 3965 3565 Παίζετε
4001 3502 4055 3555 δὲ

2482 3594 2637 3662 ὑμείς
2672 3593 2772 3663 τὴν
2802 3594 3012 3646 ἑαυτῶν
3048 3592 3212 3663 ζωὴν,
3248 3596 3643 3657 καταλιπόντες
3682 3596 3772 3646 τὸν
3798 3595 4055 3663 ἀληθινὸν

2478 3684 2632 3747 Θεὸν,
2664 3686 2755 3737 τὸν
2789 3686 3092 3754 ποιήσαντα
3133 3684 3224 3736 τὸν
3258 3686 3509 3754 οὐρανὸν,
3544 3686 3636 3736 καὶ
3669 3686 3765 3753 τὴν
3798 3686 3925 3753 γῆν,
3962 3687 4057 3737 καὶ

2479 3778 2577 3844 τὴν
2639 3776 2939 3837 θάλασσαν,
2981 3778 3074 3826 καὶ
3109 3778 3285 3828 πάντα
3336 3776 3403 3826 τὰ
3434 3778 3489 3825 ὲν
3523 3776 3725 3837 αὐτοῖς,
3759 3778 3854 3825 καὶ
3888 3777 4057 3837 λίθοις

2482 3866 2937 3935 προσκυνοῦντες.
2982 3865 3041 3916 Ὀ
3065 3864 3324 3934 δικαστὴς
3365 3859 3556 3915 εἶπενο
3606 3863 3697 3934 Μὴ
3718 3865 3952 3937 νομίσῃς
3990 3884 4056 3934 με

2480 3946 2699 4024 νικῆσαι
2729 3957 2793 4025 τῇ
2825 3954 3041 4025 εὐτονία
3092 3972 3186 4007 σου
3213 3972 3224 3985 ·
3260 3955 3362 4006 οὐκ
3413 3954 3487 4007 ὲῶ
3522 3973 3575 4007 σε
3610 3954 3795 4025 ζῆσαι,
3831 3957 3929 4009 ἐὰν
3981 3960 4053 4027 μὴ

2481 4041 2652 4111 θύσῃς
2693 4044 2785 4093 καὶ
2844 4042 3142 4111 πληρώσῃς
3196 4044 3257 4096 τὸ
3312 4047 3655 4115 προσταχθέν
3695 4064 3777 4098 σοι
3807 4048 3916 4100 ὑπὸ
3950 4050 4058 4100 τῶν

2480 4132 2761 4200 ἀηττήτων
2787 4134 3209 4207 αὐτοκρατόρων
3246 4136 3535 4206 βασιλέων.
3582 4137 3837 4198 Ἀκάκιος
3868 4139 4016 4206 λέγει
4043 4156 4057 4169 ⁵

2466 4225 2542 4279 Εἰ
2576 4224 2886 4295 ἐφοϐούμην
2911 4242 3006 4277 σου
3029 4226 3127 4289 τὰς
3150 4227 3405 4291 ἀπειλὰς,
3436 4228 3546 4280 ἀπὸ
3592 4227 3815 4295 πρώτης
3844 4229 3912 4285 ἂν
3940 4247 4061 4283 πει-

2482 4317 2626 4379 σθείς
2652 4334 2733 4369 σοι
2763 4319 2981 4370 ἐποίουν
3004 4317 3033 4367 ὃ
3067 4318 3242 4384 λέγεις
3264 4334 3279 4347 ·
3315 4318 3503 4387 ἐπειδὴ
3526 4317 3581 4369 δὲ
3609 4321 3636 4370 6
3665 4319 3928 4387 λογισμός
3955 4340 4056 4388 μου

2482 4409 2717 4461 καλλίων
2741 4426 2834 4461 σου
2874 4410 2991 4460 ἐστὶ
3028 4412 3121 4460 καὶ
3145 4411 3205 4460 ού
3233 4409 3509 4479 φοϐοῦμαί
3542 4428 3637 4463 σου
3670 4414 3769 4474 τὰς
3800 4414 4056 4477 ἀπειλὰς,

2412 4514 2455 4569 ι)
2487 4499 2625 4551 ποίει
2651 4498 2678 4549 ὃ
2701 4498 2894 4561 θέλεις.

2536 4592 2652 4667 γιον.
2687 4592 2819 4645 Τότε
2862 4593 3135 4663 θυμωθεὶς
3168 4595 3196 4648 6
3233 4595 3496 4665 δικαστὴς
3522 4586 3712 4664 λέγει’
3758 4597 3922 4660 Θύεις
3948 4596 4057 4650 λοι-

2484 4685 2635 4753 πὺνῆ
2670 4683 2749 4736 ἔτι
2780 4686 3062 4753 ἐπιμένεις
3097 4690 3160 4756 τῇ
3198 4690 3381 4758 μωρίᾳ
3422 4706 3550 4754 σου;
3595 4690 3850 4752 ’Δκάκιος
3882 4688 4056 4742 εἶπεν·

2494 4771 2802 4839 Ἐπιμένεις
2835 4774 2899 4823 σὺ
2932 4775 3249 4843 ἀνθρώπους
3282 4778 3449 4845 μηδὲν
3482 4779 3794 4845 πράξαντας
3824 4782 3997 4831 κακον
4028 4781 4059 4846 ἢ

2480 4864 2866 4933 ἀδικήσαντας,
2897 4867 3097 4930 ἀδίκως
3120 4868 3291 4933 οὕτως
3320 4871 3664 4937 ἀναλίσκων;
3709 4874 3984 4948 Ἀκούσας
4006 4876 4060 4926 δὲ

2480 4956 2649 5009 ταῦτα
2671 4958 2697 5007 6
2721 4959 3001 5029 δικαστὴς,
3034 4962 3249 5014 κελεύει
3280 4964 3541 5032 μηλεΐνας
3579 4964 3808 5032 ῥάϐδους
3834 4968 4062 5035 ἐνεχθῆ-

2482 5066 2568 5101 ναι
2602 5053 2694 5101 κα“ι
2724 5053 2865 5102 κατὰ
2900 5051 2994 5101 τιιῦ
3036 5053 3206 5106 νώτου
3239 5056 3333 5105 καὶ
3364 5056 3461 5123 τῆς
3492 5057 3699 5118 κοιλίας
3753 5058 4061 5111 τύπτεσθαι

2480 5142 2666 5195 αὐτόν.
2733 5142 3100 5212 Ἀλλαγέντων
3126 5146 3181 5199 δὲ
3236 5146 3367 5199 δέκα
3406 5148 3712 5217 ἀνθρώπων
3742 5152 4061 5203 τυπτόντων

2480 5235 2661 5298 αὐτὸν,
2688 5236 2714 5286 6
2748 5236 2958 5307 μάρτυς
2986 5239 3043 5289 ἐν
3076 5240 3194 5299 ταῖς
3222 5239 3477 5307 βασάνοις
3507 5242 3633 5294 ἐϐόα
3668 5240 3877 5307 λέγων·
3920 5245 4059 5313 Χρι--

2480 5326 2590 5389 στὲ,
2621 5325 2804 5396 βοήθει
2837 5346 2927 5395 μοι
2957 5329 3034 5398 τῷ
3063 5331 3304 5402 ταπεινῷ
3344 5333 3519 5401 δούλῳ
3569 5350 3685 5385 σου.
3722 5334 3834 5386 Καὶ
3868 5334 4058 5403 θυμω-

2479 5418 2591 5483 θεὶς
2613 5422 2639 5471 6
2679 5422 2937 5491 δικαστὴς
2962 5422 3173 5476 κελεύει
3206 5426 3349 5477 κατα
3370 5428 3466 5493 τῆς
3503 5426 3715 5490 κοιλίας
3748 5428 4057 5481 τύπτεσθαι

2480 5512 2658 5565 αὐτόν.
2706 5514 2977 5582 Ἀλγήσας
3008 5515 3109 5567 δὲὸ
3154 5517 3425 5586 μακάριος
3458 5520 3722 5588 ἀνεϐόησε
3759 5525 3915 5589 φωνῇ
3958 5507 4056 5590 με·

2479 5604 2642 5673 γαλῃ,
2674 5607 2767 5657 καὶ
2815 5601 3002 5658 εἶπεν·
3058 5607 3230 5676 Κύριε
3274 5610 3448 5677 Ἰησοῦ
3484 5611 3706 5679 Χριστὲ,
3760 5612 3954 5682 βοήθει
3986 5612 4057 5681 τῷ

2478 5694 2649 5765 δούλῳ
2689 5712 2781 5748 σου
2848 5697 3107 5768 Ἀκακίῳ.
3164 5700 3364 5753 Τούτου
3425 5704 3685 5773 ῥηθέντος
3736 5706 3829 5757 ὑπ’
3867 5706 4057 5770 αὐτοῦ,

2479 5788 2681 5854 εὐθέως
2712 5790 2868 5864 φωνὴ
2888 5793 2952 5845 ὲκ
2983 5792 3074 5847 τοῦ
3098 5793 3332 5865 ούρανοῦ
3358 5796 3575 5863 ἐγένετο
3607 5796 3845 5864 λέγουσα
3880 5798 4057 5867 αὐτῷ·
