4196 6306
161 388 263 454 237

1213 392 1389 451 νιΤΑ
1429 391 1488 449 S.
1537 388 1785 448 ACACll
1822 390 2303 452 CAPPADOCIS.

3281 404 3385 469 238

158 503 244 571 Μὴ
280 501 474 569 φοϐοῦ,
526 500 769 561 Ἀκάκιε,
802 500 938 553 ἀλλὰ
969 501 1158 566 θάρσει
1181 516 1193 528 ο
1230 501 1289 550 σὲ
1330 500 1439 567 γὰρ
1467 500 1547 550 δεῖ
1585 497 1712 566 μετὰ

1824 508 1925 559 set,
1958 502 2143 553 statim
2174 517 2272 555 vox
2304 504 2367 555 de
2402 510 2537 557 cocto
2566 510 2730 568 venit,
2756 519 2818 562 ac
2849 506 2983 561 dixit
3023 528 3036 563 :
3075 508 3148 564 Ne
3175 510 3383 573 timeas.

150 596 254 645 τῶν
292 594 549 659 πατέρων
600 610 693 644 σου
752 593 971 645 ἀπιέναι
1033 593 1127 644 καὶ
1180 590 1558 660 εὐφρανθῆναι
1592 585 1717 651 ὧδε,

150 685 277 733 ὅπου
310 680 405 733 νῦν
426 682 709 748 ὁμολογεῖς
731 682 789 731 ct
818 680 987 748 ὄνομά
1022 698 1145 748 μου.
1171 680 1282 732 Καὶ
1303 682 1601 749 γενομένης
1623 679 1720 747 τῆς

151 774 330 838 φωνῆς
398 773 627 838 ταύτης,
686 773 733 824 οἱ
782 771 1080 834 τύπτοντες
1129 772 1289 822 αὐτὸν
1344 772 1719 840 ναρκήσαντες

147 865 383 927 ἔστησαν
406 864 599 924 ὲννεοὶ,
640 862 714 931 μὴ
748 863 1040 929 δυνάμενοι
1096 864 1194 922 τὰς
1229 864 1418 930 χεῖρας
1474 861 1714 922 κινῆσαι,

146 953 285 1006 ὥστε
328 954 604 1006 ἐπὶτοῦτο
647 953 1027 1022 ἀπορρηθῆναι
1061 952 1153 1004 τὸν
1208 954 1466 1019 ἄρχοντα,
1500 952 1594 1002 καὶ
1626 950 1720 1001 θυ-

149 1045 397 1113 μωθῆναι
455 1047 676 1113 σφόδρα,
709 1044 805 1094 καὶ
848 1044 1065 1111 πέμψαι
1125 1043 1214 1093 τὸν
1261 1042 1417 1108 ἆγιον
1466 1041 1718 1093 Ἀκάκιον

142 1136 431 1203 Φλακκίνῳ
456 1134 531 1201 τῷ
557 1134 858 1201 ἀνθυπάτῳ
880 1135 978 1202 τῆς
1004 1134 1279 1203 Εὐρώπης
1307 1133 1446 1201 μετὰ
1473 1134 1717 1190 καὶάνα-

146 1226 317 1295 φορᾶς
352 1226 645 1291 γράίξαντα
675 1223 871 1286 οὕτως·

209 1502 295 1555 ις’.
325 1503 416 1570 Τῴ
448 1503 591 1555 κατὰ
633 1503 810 1555 πάντα
854 1501 1297 1570 θαυμασιωτάτῳ
1347 1501 1440 1553 καὶ
1477 1498 1722 1569 μεγίστῳ

138 1594 368 1663 δικαστῇ
401 1592 684 1661 Φλακκίνῳ
716 1593 1013 1661 ἀνθυπάτῳ
1069 1593 1319 1655 Βιδιανὺς
1370 1594 1397 1643 ὁ
1425 1591 1721 1658 αίδεσιμώ-

140 1702 299 1745 τατος
342 1684 668 1746 καθολικὸς·
729 1683 986 1735 Ἀκάκιοι
1040 1682 1129 1733 τὸν
1187 1681 1288 1749 τῆς
1335 1680 1565 1741 ἀσεϐοῦς
1594 1679 1720 1747 θρη-

141 1778 329 1837 σκείας
364 1776 473 1828 τῶν
515 1776 857 1844 Χριστιανῶν
909 1773 1211 1843 συνήγορον
1262 1771 1589 1839 πεμφθέντα
1628 1786 1716 1839 μοι

140 1868 288 1936 παρὰ
315 1870 544 1936 Φὴρμου
596 1866 689 1918 τοῦ
724 1866 1019 1933 ταξιάρχου
1072 1865 1178 1915 τῶν
1208 1862 1445 1933 ἀριθμοῦ
1480 1863 1706 1930 Μαρτη-

139 1961 266 2010 σίων
295 1959 392 2009 καὶ
432 1960 506 2025 μὴ
533 1958 858 2026 βουλόμενον
910 1957 1081 2008 εἴκειν
1125 1958 1238 2017 τοῖς
1295 1954 1718 2022 προσταχθεῖσιν

135 2052 197 2100 τά
238 2050 396 2117 παρα
447 2049 557 2099 τῶν
614 2050 900 2115 ἀηττήτων
953 2045 1219 2114 βασιλέων
1260 2046 1438 2111 ἡμῶν·
1475 2048 1583 2110 πρὸ
1609 2045 1716 2110 γὰρ

134 2148 339 2193 τούτων
369 2140 479 2191 τῶν
528 2140 701 2191 εἴκοσι
743 2137 970 2205 ἡμερῶν
1007 2136 1387 2186 ἀποσταλέντα
1417 2135 1715 2201 δεξάμενος

134 2231 295 2285 αὐτὸν
326 2233 422 2283 καὶ
453 2230 727 2297 στιϐαρῶς
762 2227 859 2295 τὴν
890 2227 1009 2277 κατ’
1038 2224 1202 2277 αὐτοῦ
1232 2225 1522 2294 ἀνάκρισιν
1557 2238 1714 2292 ποιη-

134 2327 396 2390 σάμενος,
450 2320 602 2373 οὐδὲν
653 2320 816 2371 πλέον
851 2319 1050 2387 ἵσχυσα
1088 2317 1382 2385 ἐνεργῆσαι
1435 2319 1513 2377 εἰς
1552 2316 1716 2367 αὑτὸν

132 2414 271 2480 πλὴν
306 2413 513 2473 κόπους
541 2414 631 2463 καί
663 2410 835 2479 θυμόν
854 2426 866 2437 ⁸
902 2407 997 2460 τοῦ
1030 2408 1396 2475 προκειμένου
1422 2406 1529 2475 γὰρ
1549 2404 1714 2459 αὑτοῦ

134 2503 343 2554 σκοποῦ
392 2503 580 2571 ἔχεται
640 2500 939 2569 ἐπιμελῶς.
998 2499 1150 2551 Ἐπεὶ⁸
1189 2497 1282 2549 οῦν
1309 2499 1470 2549 πλέον
1494 2500 1520 2548 ὁ
1554 2497 1717 2563 φόϐος

133 2597 431 2664 πρόσεστιν
462 2598 526 2662 τῇ
560 2593 788 2661 μεγίστῃ
813 2608 909 2641 σου
934 2590 1176 2659 ἐξουσίᾳ,
1204 2588 1391 2640 τοῦτον
1431 2590 1569 2657 μετά
1602 2589 1712 2640 τῶν

130 2686 493 2755 πραχθέντων
549 2685 627 2744 είς
688 2681 848 2732 αὑτὸν
921 2681 1070 2750 παρὰ
1128 2682 1193 2749 τῇ
1244 2681 1350 2748 ἐμῇ
1409 2678 1709 2749 βραχύτητι

130 2777 434 2828 ἀπέστειλα
465 2776 557 2825 ἐπὶ
592 2775 689 2839 τὴν
730 2772 997 2843 μεγίστην
1041 2788 1134 2824 σου
1178 2770 1449 2834 ἐξουσίαν,
1493 2771 1710 2835 αίκίσας

128 2868 293 2920 αὑτὸν
328 2868 559 2919 πλεῖστα
584 2864 770 2918 ὲκ.τοῦ
794 2862 1150 2932 δικαστηρῶυ
1184 2863 1279 2912 καὶ
1321 2862 1494 2924 οὕτως
1532 2875 1708 2929 παρα-

131 2960 359 3029 πέμψας
401 2961 502 3029 τὴν
531 2958 891 3027 λαμπρότητα
925 2972 1016 3007 σου
1041 2972 1053 2982 ·
1083 2953 1255 3015 οὓτως
1296 2954 1434 3004 κατὰ
1461 2954 1557 3021 τὴν
1598 2955 1706 3003 τῶν

130 3050 433 3116 βασιλικῶν
455 3048 893 3114 προσταγμάτων
913 3045 1155 3109 διάταξιν
1176 3044 1400 3112 πράξεις
1421 3044 1498 3105 είς
1520 3043 1701 3096 αὐτόν.

1826 591 2009 651 Aeaci,
2062 594 2155 645 sed
2194 604 2314 652 esto
2355 595 2492 649 bono
2537 597 2750 662 animo;
2801 600 2957 654 decet
3004 603 3147 656 enim
3184 612 3235 659 te
3267 620 3387 659 cum

1827 683 2069 748 patribus
2109 685 2213 739 luis
2244 700 2383 747 esse,
2417 697 2470 739 ct
2498 689 2634 741 caelo
2673 700 2975 745 versantem
3007 694 3288 762 obiectari,
3327 715 3389 752 eo

1825 775 1967 839 quod
2018 791 2159 829 nunc
2202 777 2437 830 nominis
2484 780 2585 831 mei
2632 781 3023 836 confessionem
3066 790 3385 853 proﬁtearis.

1825 866 1955 918 Cum
1986 866 2099 920 haec
2130 883 2229 921 vox
2258 869 2441 922 audita
2472 880 2635 935 esset,
2665 872 2912 928 homines
2956 872 3027 928 illi
3056 878 3146 945 qui
3183 894 3386 952 marty-

1827 969 1937 1008 rem
1968 958 2343 1023 verberabant,
2372 968 2741 1026 torpescentes
2770 972 3020 1031 tanquam
3055 969 3183 1020 muti
3216 970 3385 1026 επεσιί

1827 1055 1973 1109 sunt,
2008 1064 2179 1116 neque
2211 1064 2400 1104 manus
2432 1052 2574 1118 ipsas
2604 1053 2833 1120 amplius
2868 1071 3084 1111 movere
3123 1070 3386 1127 poterant,

1825 1138 1895 1189 ita
1953 1138 2197 1206 utjudcx
2250 1142 2359 1207 ipse
2397 1143 2714 1209 ambigeret,
2770 1154 2823 1197 et
2876 1146 3057 1201 furore
3111 1165 3386 1213 accensus.

1823 1238 2065 1280 sanctum
2104 1227 2250 1281 illum
2286 1241 2571 1299 martyrem
2604 1233 2858 1287 Acacium
2896 1238 2959 1289 ad
2994 1239 3196 1305 majora
3241 1226 3391 1311 judi-

1823 1318 1927 1381 cia,
1977 1320 2077 1372 hoc
2106 1329 2207 1381 est,
2246 1322 2309 1372 ait
2355 1320 2664 1375 Flaccinum
2713 1330 3087 1391 proconsulem
3144 1328 3391 1387 Thracia:

1827 1409 2084 1473 mitteret,
2116 1410 2205 1477 qui
2248 1419 2301 1463 et
2335 1412 2645 1465 relationem
2686 1414 2843 1468 talem
2878 1417 2943 1469 ad
2978 1432 3098 1472 eum
3137 1422 3386 1488 scripsit:

1895 1498 2011 1555 XX.
2045 1502 2363 1556 Admirabili
2394 1514 2447 1557 et
2481 1505 2715 1559 maximo
2755 1506 2923 1575 lellCl
2970 1507 3222 1567 Flaccino
3271 1532 3391 1584 pro-

1824 1591 2053 1653 consuli,
2092 1591 2349 1646 Bibianus
2385 1593 2771 1661 imperatorum
2821 1599 3197 1659 devotissimus
3246 1616 3393 1660 satu-

1824 1688 1928 1732 tein
1990 1697 2004 1732 :
2061 1680 2343 1744 Acacium,
2383 1682 2560 1748 impiae
2621 1686 3051 1742 Christianorum
3121 1695 3393 1764 religionis

1823 1776 2131 1835 patronum,
2167 1786 2194 1822 a
2227 1769 2410 1824 Firmo
2446 1770 2651 1826 Martia!
2692 1775 2917 1845 legionis
2961 1781 3179 1837 tribuno
3206 1789 3271 1840 ad
3310 1802 3393 1842 me

1824 1863 2071 1921 missum,
2099 1877 2270 1930 neque
2299 1864 2565 1919 volentem
2602 1868 2663 1920 iis
2690 1866 2899 1936 parere,
2930 1888 3045 1939 qua:
3080 1878 3145 1930 ab
3178 1877 3393 1933 invictis

1822 1950 2235 2035 imperatoribus
2285 1956 2489 2006 nostris
2542 1968 2803 2023 praecepta
2858 1972 3001 2023 sunt,
3035 1978 3153 2014 cum
3209 1968 3389 2033 viginti

1825 2042 2014 2093 diebus
2045 2052 2169 2092 ante
2204 2042 2267 2093 ad
2301 2058 2384 2096 me
2417 2046 2635 2097 missum
2671 2050 2991 2114 acceperim,
3019 2063 3071 2103 et
3107 2056 3394 2110 vehemen-

1823 2140 1901 2183 ter
1951 2135 2014 2183 de
2065 2133 2175 2195 ipso
2220 2134 2610 2199 inquisivcrim,
2664 2138 2796 2189 nihil
2848 2142 3075 2210 amplius
3126 2146 3327 2212 profeci
3376 2168 3389 2202 :

1822 2221 2079 2287 propositi
2105 2222 2246 2274 enim
2277 2222 2354 2275 sui
2389 2232 2545 2275 tenax
2575 2236 2677 2277 est.
2702 2228 2969 2291 Quoniam
2999 2247 3124 2283 vero
3152 2242 3392 2300 potestas

1825 2323 1909 2365 tua
1944 2314 2061 2382 plus
2096 2313 2307 2367 timoris
2343 2313 2536 2369 aﬂerre
2569 2325 2765 2384 patest,
2800 2331 3079 2388 propterea
3120 2324 3389 2381 hominem

1823 2410 1961 2458 hunc
1984 2421 2110 2457 cum
2143 2407 2297 2470 actis,
2342 2422 2459 2473 qua:
2491 2408 2557 2460 de
2606 2409 2696 2462 illo
2728 2426 2757 2462 a
2789 2427 2873 2464 me
2903 2417 3193 2482 composita
3241 2430 3388 2481 sunt,

1825 2511 1946 2547 cum
1992 2507 2041 2549 te
2098 2496 2598 2564 prmstantissimmn
2636 2498 2808 2550 virum
2842 2515 2962 2555 esse
2994 2503 3185 2568 sciam,
3232 2509 3298 2559 ad
3345 2518 3394 2561 te

1823 2588 1962 2638 misi.
1997 2587 2127 2638 Cum
2164 2588 2322 2655 igitur
2354 2586 2635 2642 Flaccinus
2673 2589 2770 2643 bas
2818 2591 3029 2646 litteras
3070 2600 3389 2663 accepisset,

1813 2674 1972 2743 jussit
1991 2688 2279 2747 martyrem
2306 2680 2357 2729 in
2383 2695 2600 2732 carcere
2624 2684 2841 2749 quidem
2866 2688 3130 2750 concludi,
3156 2691 3248 2741 sed
3276 2707 3392 2744 ser-

1817 2769 1929 2820 vari
1963 2778 2136 2821 tamen
2163 2769 2278 2821 sine
2318 2769 2564 2832 vinculis,
2595 2779 2649 2822 et
2680 2784 2879 2825 remota
2908 2776 3146 2829 custodia
3175 2779 3257 2830 illa
3281 2789 3389 2833 tam

1816 2861 2006 2913 atroci.
2051 2860 2281 2913 Uxorem
2333 2862 2472 2913 enim
2507 2860 2870 2915 Christianam
2910 2864 3188 2922 Flaccinus
3217 2869 3388 2923 habe-

1816 2951 1926 3013 bat,
1963 2968 1988 3003 a
2026 2967 2129 3017 qua
2182 2963 2421 3019 rogatus,
2454 2961 2508 3006 et
2547 2951 2902 3022 jurejurando
2946 2956 3088 3009 clam
3136 2960 3393 3015 astrictus

1809 3051 2008 3110 fuerat,
2048 3052 2105 3093 ut
2135 3042 2221 3107 qui
2247 3051 2463 3108 propter
2493 3043 2691 3094 Christi
2719 3045 2873 3096 [idem
2905 3047 2971 3098 ab
3003 3047 3117 3114 ipso
3151 3049 3394 3115 inquire-

128 3140 415 3209 Ἔρρωσο.
476 3139 780 3206 Δεξάμενος
829 3138 883 3187 δὲ
924 3136 1272 3196 ὁΦλακκῖνος
1301 3136 1368 3186 τὰ
1403 3137 1707 3203 γράμματα

1817 3137 2035 3199 bantur,
2092 3147 2195 3188 non
2258 3133 2369 3199 diu,
2428 3148 2603 3203 neque
2654 3134 2879 3188 multum
2924 3138 2995 3191 ab
3062 3151 3130 3192 eo
3173 3141 3391 3195 crucia-

126 3229 218 3281 τοῦ
266 3227 549 3289 Βιὸιανοῦ,
604 3226 880 3277 ἐκέλευσεν
949 3223 1330 3292 ὲγκλεισθῆναι
1386 3225 1477 3274 τὸν
1533 3224 1687 3289 ἅγιον

1816 3238 2021 3281 rentur.

131 3322 392 3391 μάρτυρα
425 3320 688 3371 Ἀκάκιον
719 3318 847 3369 ἄνευ
874 3315 1090 3386 δεσμῶν
1148 3318 1206 3369 ἑν
1265 3318 1329 3385 τῇ
1378 3306 1619 3384 ὶρυλακῇ.
1662 3317 1903 3371 Γυναῖκα
1946 3318 2053 3384 γὰρ
2109 3312 2254 3384 εἶχεν
2306 3316 2332 3366 ὁ
2386 3314 2687 3377 Φλακκίνος
2747 3319 3105 3389 Χριστιανὴν,
3163 3323 3259 3375 καὶ
3290 3304 3390 3394 θῆν

128 3414 388 3479 ἀξιωθεὶς
427 3416 522 3467 καὶ
552 3411 825 3479 ὁρκισθεὶς
859 3410 1035 3479 λάθρα
1071 3409 1212 3479 παρ’,
1264 3408 1457 3477 αὐτῆς,
1484 3408 1624 3459 ὥστε
1676 3409 1765 3462 διὰ
1797 3408 1890 3462 τὸν
1922 3407 2078 3476 λόγον
2112 3406 2204 3459 τοῦ
2260 3406 2497 3477 Χριστοῦ
2566 3409 2696 3469 παρ’
2743 3409 2907 3461 αὑτοῦ
2964 3410 3391 3482 ἐξεταζομένους

132 3512 207 3584 μὴ
240 3514 336 3563 ἐπὶ
368 3510 508 3561 πολὺ
545 3506 905 3574 τιμωρεῖσθαι
932 3505 1065 3571 παρ’
1098 3502 1285 3555 αὑτοῦ.

199 3598 336 3657 KA'.
367 3596 527 3649 Μετὰ
550 3591 642 3663 οὖν
675 3593 840 3656 ἄλλας
870 3593 1035 3643 πέντε
1060 3593 1275 3661 ἡμέρας
1309 3592 1652 3662 προκαθίσας
1687 3596 1713 3644 ὁ

130 3692 451 3748 ἀνθύπατος
501 3685 797 3743 Φλακκῖνος
853 3683 945 3734 ἐπὶ
977 3682 1072 3734 τοῦ
1113 3682 1379 3751 βήματος,
1432 3683 1714 3736 ἐκέλευσεν

129 3779 539 3851 ἐνεχθῆναιτὸν
583 3777 855 3845 μάρτυρα.
900 3774 1006 3825 Ἰὀῦ
1049 3774 1106 3823 δὲ
1140 3772 1409 3834 ἐλθόντος,
1448 3775 1705 3842 προσέτα-

131 3878 217 3937 ξεν
257 3870 685 3936 ἀναγνωσθῆναι
743 3865 811 3916 τὰ
844 3865 928 3916 ἐπ’
966 3864 1115 3932 αὑτῷ
1156 3865 1526 3932 πεπραγμένα
1563 3866 1714 3933 παρὰ

130 3961 410 4017 Ιίιὸιανοῦ,
442 3960 533 4007 καὶ
562 3954 1019 4020 ἀναγνωσθέντων
1048 3954 1252 4017 αὐτῶν,
1296 3954 1370 4013 ὼς
1399 3954 1713 4019 κατέμαθεν

126 4056 151 4101 ὁ
174 4050 440 4116 δικαστὴς
477 4040 573 4116 τὴν
608 4046 912 4113 αὐστηρίαν
945 4045 1041 4113 τῆς
1071 4047 1159 4095 ἐπ’
1198 4044 1346 4110 αὑτῴ
1388 4042 1715 4105 ἐξετάσεως,

127 4144 226 4210 τήν
257 4157 320 4191 τε
358 4138 615 4190 ἔνστασιν
642 4138 739 4189 καὶ
762 4136 954 4204 ἀκλινῆ
992 4135 1285 4203 ὁμολογίαν
1316 4133 1409 4185 τοῦ
1437 4138 1715 4204 μάρτυρος

129 4217 222 4285 καὶ
250 4234 365 4284 τῶν
397 4232 484 4283 ἐπ’
519 4230 667 4295 αὑτῷ
694 4229 1000 4295 γεγονότων
1048 4226 1368 4295 παραδόξων
1394 4225 1714 4304 θαυμάτων,

127 4325 527 4392 αἰτιασάμενος
567 4320 656 4370 τὸν
708 4318 961 4369 Βιϐιανὸν
1024 4317 1097 4376 ὡς
1151 4317 1225 4382 μὴ
1289 4317 1503 4382 τάχειον
1554 4315 1714 4365 αὑτὸν

126 4420 416 4478 ἀνελόντα,
449 4413 567 4464 ἀλλ’
621 4412 700 4472 είς
731 4410 999 4477 τοσαύτην
1035 4406 1324 4476 ἀκρίόειαν
1379 4409 1471 4459 καὶ
1505 4404 1714 4477 ἐπερώ-

1885 3591 2027 3646 ΧΧΙ.
2075 3591 2245 3645 Jussit
2290 3591 2448 3660 igitur
2495 3590 2781 3644 Flaccinus
2819 3600 2939 3658 post
2984 3592 3220 3662 quinque
3275 3594 3393 3649 dies

1814 3683 2070 3737 Acacium
2098 3692 2386 3750 martyrem
2415 3682 2481 3731 ad
2512 3694 2571 3732 se
2598 3681 2740 3741 duci,
2768 3691 2820 3734 et
2850 3682 2966 3749 ejus
2998 3695 3116 3737 aeta
3151 3688 3389 3749 recitari,

1816 3789 1939 3842 qua:
1989 3772 2241 3825 Bibianus
2278 3767 2606 3825 confecerat.
2649 3771 2853 3836 Quibus
2916 3776 3174 3841 recitatis,
3208 3777 3392 3845 inqui-

1816 3864 2047 3925 sitionis,
2084 3876 2201 3927 qua:
2246 3876 2273 3912 a
2311 3859 2534 3913 Bibiano
2585 3860 2724 3914 facta
2762 3862 2960 3928 fuerat,
3014 3869 3389 3921 austeritatem

1815 3966 1868 4008 et
1896 3956 2148 4022 martyris
2176 3954 2561 4015 constantiam,
2588 3954 2946 4021 stabilemque
2967 3958 3387 4023 confessionem,

1812 4058 1868 4099 et
1900 4047 2155 4099 miracula
2193 4060 2284 4113 per
2315 4047 2486 4112 ipsum
2517 4044 2653 4098 facta
2685 4047 2960 4115 cognovit,
3001 4047 3391 4123 Bibianumquc

1815 4136 2111 4197 accusavit,
2163 4135 2299 4200 quod
2363 4148 2466 4184 non
2530 4134 2783 4185 celeriter
2837 4148 2958 4187 eum
3015 4136 3384 4200 interfecerat.

1813 4227 1905 4277 sed
1946 4219 2049 4274 iam
2086 4225 2348 4289 exquisite
2384 4225 2643 4275 adversus
2679 4223 2963 4277 militarem
3010 4224 3280 4280 hominem
3321 4243 3383 4281 se

1811 4323 2091 4381 gesserat;
2135 4313 2401 4380 jussitque
2453 4314 2705 4381 martyris
2766 4325 2926 4379 caput
2976 4317 3215 4369 abscindi
3264 4329 3391 4372 ante

1822 4409 2003 4463 urbem
2054 4407 2392 4475 Byzantium,
2432 4407 2500 4460 ita
2551 4407 2904 4473 pronuntians
2947 4420 2960 4457 :
2998 4408 3253 4461 Acacium
3286 4409 3391 4463 Ga-

124 4526 286 4577 τησιν
321 4505 460 4574 πρὸς
485 4502 767 4571 ἄνθρωπον
796 4500 1133 4568 στρατιώτην
1154 4500 1513 4567 πεποιηκότα,
1542 4516 1707 4567 προσ-

1823 4501 2078 4551 ίίίιευι-ιιητ
2142 4499 2463 4565 adjutorem,
2518 4510 2572 4549 et
2630 4507 2934 4551 nostrorum
3008 4501 3387 4569 imperatorum

126 4601 287 4664 ἐταξε
316 4597 463 4663 ξίφει
492 4584 879 4659 ἀποτμηθῆναι
907 4592 1004 4658 τὴν
1033 4590 1273 4659 κεφαλὴν
1303 4588 1396 4639 τοῦ
1433 4591 1709 4656 μάρτυρος

124 4692 236 4760 πρὸ
261 4685 611 4756 τῆς.πό).εως
644 4682 965 4746 Βυζαντίου,
1014 4681 1184 4733 εἰπών
1212 4698 1225 4712 υ
1291 4681 1569 4744 Ἀκάχιον,
1618 4680 1710 4733 τὸν

124 4784 238 4834 τῶν
289 4778 599 4831 Γαλιλαίων
653 4777 943 4845 σύμμαχον
979 4775 1070 4825 καὶ
1132 4772 1608 4839 λιποτακτήσαντα
1636 4774 1701 4839 τῇ

128 4870 431 4943 συμμαχίᾳ
485 4870 594 4938 τῶν
646 4865 1023 4938 τροπαιούχων
1064 4862 1485 4934 αὐτοκρατόρων
1530 4862 1708 4931 ἡμῶν,

124 4966 224 5034 βία
257 4962 439 5031 ταύτῃ
466 4961 667 5029 μᾶλλον
700 4958 1073 5026 αἰρησάμενον
1112 4958 1173 5009 τὸ
1210 4957 1361 5017 τέλος
1392 4954 1558 5007 αὑτοῦ
1592 4955 1710 5007 θᾶτ-

1823 4590 2036 4657 ΐιοιιτεὶδ
2089 4590 2378 4656 insignium
2419 4590 2770 4650 desertorem,
2805 4592 2892 4657 qui
2948 4605 3171 4659 operam
3219 4594 3388 4653 dedit,

1819 4693 1874 4733 ut
1897 4684 2292 4748 quamprimum
2329 4682 2447 4732 vita:
2474 4696 2582 4733 suae
2611 4684 2769 4733 ﬁnem
2807 4682 2964 4739 talem
2995 4683 3218 4749 videret,
3248 4685 3393 4740 sicut

1815 4772 2136 4839 qua-stiones
2171 4770 2235 4822 de
2272 4786 2335 4823 eo
2372 4772 2525 4824 facta:
2554 4772 2855 4825 docuerunt
2890 4788 2903 4824 :
2944 4773 3107 4831 hunc.
3142 4776 3387 4842 ithtattt.

1821 4866 2089 4916 hominem
2127 4863 2326 4930 legibus
2362 4879 2462 4914 non
2499 4863 2836 4916 obedientem
2872 4864 3107 4918 tribunal
3141 4877 3384 4920 nOSll‘ttttl

1814 4955 1965 5020 jubet
2000 4954 2173 5020 gladio
2206 4952 2434 5019 percuti,
2470 4962 2523 5003 et
2553 4952 2730 5019 capite
2766 4953 2984 5025 privari.

122 5077 223 5113 τον
260 5056 417 5121 ίδεῖν,
470 5054 545 5115 ὡς
577 5056 611 5123 ἡ
634 5051 753 5105 κατ’
786 5052 947 5103 αὑτὸν
992 5049 1238 5112 ἐξέτασις
1292 5050 1399 5101 τῶν
1430 5048 1705 5117 στρέίὲλων
1746 5046 2019 5109 ἐδίδαξεν,
2093 5043 2278 5097 τοῦτον
2311 5046 2521 5098 κελεύει
2551 5047 2612 5098 τὸ
2657 5047 3009 5117 δικαστήριον
3066 5050 3173 5111 τοῖς
3204 5050 3388 5121 νόμοις

128 5153 211 5221 μὴ
246 5148 574 5215 πειθόμενον
615 5146 758 5212 ξίφει
787 5147 884 5212 τὴν
922 5144 1161 5212 κεφαλὴν
1193 5142 1565 5207 ἀποκοπῆναι.

204 5241 334 5293 KB’.
387 5240 476 5300 Ὠς
502 5237 557 5290 δὲ
588 5235 728 5303 ἔγνω
761 5236 789 5287 6
838 5236 1106 5305 μακάριος
1139 5235 1237 5302 τῆς
1275 5235 1520 5303 κλήσεως
1544 5233 1705 5285 αὐτοι

124 5334 511 5401 τελειούμενον
564 5328 625 5379 τὸ
692 5326 892 5396 ἔργον,
954 5325 1358 5395 βραϐεύσαντος
1410 5322 1562 5390 αύτῷ
1614 5322 1705 5373 τοῦ

130 5424 455 5491 Πνεύματος
484 5418 577 5472 τοῦ
613 5417 792 5484 ἁγίου,
821 5417 1119 5484 ἀνεϐόησεν
1150 5415 1244 5466 καὶ
1277 5410 1429 5466 εἶπεν
1456 5428 1469 5442 '
1518 5413 1582 5463 Ὠ
1610 5412 1708 5463 πό-

126 5532 249 5577 σοις
271 5516 529 5583 στόμασι,
562 5508 797 5579 Χριστὲ,
845 5507 1124 5577 εὐλογήσω
1177 5521 1256 5569 σε,
1295 5505 1442 5574 ζωῆς
1473 5504 1703 5575 ἀρχηγὲ,

126 5609 232 5663 Υίὲ
256 5604 352 5657 τοῦ
386 5604 523 5657 Θεοῦ
565 5600 663 5655 τοῦ
718 5599 941 5662 ζῶντος,
975 5599 1058 5649 ὅτι
1112 5596 1285 5659 οὕτως
1344 5596 1590 5666 ἐλεήμων
1621 5597 1715 5647 καὶ

131 5700 493 5775 μακροθυμος
516 5692 569 5749 εἷ
604 5694 694 5748 ἐπ’
720 5690 845 5761 ἐμὲ,
874 5691 962 5743 τὸν
990 5690 1335 5760 ἁμαρτωλὸν,
1371 5689 1449 5750 είς
1478 5688 1718 5772 τοιοῦτον

372 5787 730 5855 καταξιώσας
777 5799 863 5852 με.
919 5785 1028 5836 Καὶ
1062 5782 1326 5850 ἀπαχθεὶς
1359 5781 1463 5847 ἔξω
1492 5780 1588 5850 τῆς
1624 5780 1716 5831 πό-

1889 5226 2051 5281 ΧΧΙΙ.
2090 5228 2275 5281 Postea
2315 5243 2461 5290 vero,
2499 5244 2655 5295 quam
2707 5229 2895 5283 beatus
2943 5229 3176 5283 Aeacius
3229 5245 3388 5283 voca-

1820 5321 1981 5373 tionis
2044 5334 2155 5372 sua:
2208 5333 2343 5386 opus
2396 5320 2617 5388 jainjam
2678 5321 3059 5388 perliciendum
3117 5324 3385 5388 cognovit,

1819 5411 2023 5477 Spiritu
2082 5419 2272 5462 sancto
2326 5410 2396 5461 ita
2448 5412 2794 5471 decernente,
2848 5410 3089 5465 clamans
3138 5413 3215 5465 sic
3260 5413 3385 5465 ait:

1814 5503 1983 5568 Quam
2036 5501 2216 5553 multis
2271 5502 2465 5569 linguis
2520 5513 2568 5554 te
2620 5503 2837 5556 laudare
2886 5502 3100 5569 vellem,
3151 5503 3385 5569 Christe,

1816 5595 1928 5649 Dux
1966 5595 2106 5655 vitae,
2140 5601 2195 5646 et
2245 5590 2345 5645 Fili
2388 5594 2501 5659 Dei,
2543 5596 2795 5661 quoniam
2848 5595 2919 5647 ita
2978 5595 3286 5648 misericors
3334 5606 3387 5646 et

1815 5686 2079 5753 benignus
2115 5699 2174 5738 es
2210 5684 2259 5736 in
2296 5698 2379 5736 me
2433 5686 2664 5753 peccatis
2715 5686 3027 5750 obnoxium,
3061 5688 3148 5754 qui
3201 5698 3253 5739 et
3294 5687 3384 5741 tali

1818 5790 1962 5835 sorte
1997 5792 2081 5832 tne
2134 5777 2382 5846 dignatus
2441 5776 2607 5831 fuisti.
2661 5777 2897 5846 Cumque
2949 5779 3142 5834 ductus
3197 5779 3384 5835 fuiSSet
