4196 6306
174 301 267 365 245

1385 309 1567 367 VITA
1609 308 1669 365 S.
1715 304 2127 368 BONIFACII.

3283 306 3387 368 246

173 418 400 482 φύλακάς
433 434 494 469 τε
527 417 750 482 αὐτοὺς.
771 419 865 472 καὶ
896 420 1145 491 σωτῆρας
1169 421 1459 482 διαπαντὸς
1484 421 1721 490 ἔχοιμεν.

1828 418 2021 479 rimus,
2051 428 2105 473 et
2130 433 2312 474 sacras
2339 417 2487 473 {edes
2511 418 2592 473 eis
2620 417 3089 483 aediﬁcaverimus,
3128 434 3222 474 eos
3248 436 3392 474 sein-

172 507 341 560 Ἰ”αῦτα
367 509 508 576 πρὸς
541 510 706 563 αὐτὸν
733 512 1008 580 εἰρηκυῖα,
1038 512 1159 566 ἐπεὶ
1188 513 1325 583 πρὸς
1352 514 1543 565 ἑκόντα
1576 512 1726 579 ἔλεγε

172 597 253 654 καὶ
302 598 586 669 πρόθυμον
625 600 723 670 τὴν
781 601 1105 670 ὑπηρεσίαν,
1169 605 1395 673 χρυσίον
1432 603 1726 672 ἐγχειρίζει

172 686 347 754 συχνόν
368 703 380 716 ·
407 687 529 740 οὐδὲ
567 690 673 759 γὰρ
700 690 824 759 ἐξῆν
853 691 1105 759 λείψανόν
1126 710 1179 745 τι
1220 694 1495 762 μάρτυρος
1530 696 1727 763 προῖκα

168 778 359 843 λαϐεῖν,
395 782 529 833 ἀλλᾶ
576 784 634 837 τὸ
692 783 824 835 πολὺ
873 786 980 837 τῶν
1011 787 1352 853 Χριστιανῶν
1408 788 1535 855 περὶ
1589 788 1727 838 αὐτὰ

169 874 379 942 ᾳίλτρον
438 875 707 943 πορισμοῦ
763 880 873 939 τοῖς
924 878 1145 930 ἀσεϐέσι
1207 880 1479 949 πρόφασις
1508 875 1597 947 ἦν,
1634 880 1727 931 καὶ

168 964 350 1016 πολλοῦ
388 966 524 1034 πρὸς
552 966 794 1029 ἐκείνους
822 970 959 1022 αὐτὰ
990 972 1253 1040 παρέχειν
1290 972 1487 1023 ἐποίει.
1520 971 1724 1023 Τούτου

164 1054 246 1106 οὐν
271 1056 461 1119 ἕνεκα,
519 1060 710 1127 συχνὸν
732 1062 793 1111 τὸ
823 1063 1059 1129 χρυσίον,
1110 1066 1203 1113 καὶ
1233 1063 1319 1114 ἵνα
1353 1065 1449 1117 καὶ
1500 1065 1728 1134 πένησιν

165 1150 235 1208 εἰς
277 1149 544 1217 διανομὴν
612 1152 840 1221 ἀρκέσῃ.
880 1154 1268 1223 Συνεκπέμπει
1316 1156 1373 1207 δὲ
1417 1158 1513 1209 καὶ
1547 1159 1730 1221 ἱππεῖς

164 1237 381 1296 δώδεκα.
421 1240 570 1308 μύρα
593 1258 651 1292 τε
682 1244 775 1293 καὶ
809 1243 1052 1305 σινδόνας
1081 1247 1175 1297 καὶ
1226 1241 1395 1299 τᾶλλα
1429 1249 1528 1300 ὅσα
1560 1268 1727 1319 προσ-

162 1329 283 1395 ῆκον
340 1330 425 1390 είς
480 1332 645 1401 τιμὴν
675 1334 787 1394 τοῖς
820 1334 1018 1399 ἁγίοις.
1058 1334 1220 1387 Ἀλλὰ
1251 1340 1578 1406 προσεκτέον
1602 1356 1615 1369 ο
1646 1343 1730 1391 ὲν-

162 1419 329 1471 ταῦθα
367 1422 473 1491 γὰρ
512 1424 718 1492 ἥκομεν
741 1424 868 1478 ἔνθα
903 1427 1087 1480 καὶτὸ
1135 1428 1228 1480 τοῦ
1263 1429 1600 1499 διηγήματος
1633 1450 1728 1502 χα-

165 1527 463 1577 ριεστατον.

225 1692 294 1745 A'.
344 1693 434 1753 Ὠς
465 1695 570 1764 ἤδη
612 1698 839 1766 πορείας
898 1699 1120 1769 ἔμελλεν
1148 1703 1175 1754 ὁ
1205 1704 1520 1769 Βονιφάτιος
1551 1704 1721 1757 ἄπτε-

164 1786 298 1849 σθαι,
342 1784 528 1847 εὐθὺς,
560 1784 750 1855 ὥσπερ
780 1788 882 1839 ὑπὸ
905 1789 1171 1858 γραμμῆς
1218 1793 1318 1859 τὴν
1347 1793 1541 1844 ἑαυτοῦ
1567 1792 1723 1860 νίκην

163 1876 247 1925 καὶ
293 1875 387 1927 τὸν
421 1876 686 1943 στέφανον
734 1882 1158 1948 προσημαίνων,·
1188 1883 1246 1934 Εἰ
1275 1881 1328 1935 δέ
1352 1900 1489 1947 πως,
1521 1884 1646 1955 ἔφη.
1679 1882 1723 1936 ὦ

158 1967 431 2028 δέσποινα,
462 1971 668 2037 ταύτης
709 1972 806 2039 μὲν
859 1974 1180 2042 διαμαρτεῖν
1210 1977 1309 2045 τῆς
1337 1977 1722 2046 ἐγχειρήσεως,

160 2057 410 2126 δεύτερος
439 2059 517 2122 δὲ,
554 2061 583 2113 ὃ
609 2080 764 2129 φασι,
802 2064 972 2127 πλοῦς
1005 2067 1064 2119 τὸ
1089 2068 1220 2136 ἐμόν
1256 2085 1338 2121 σοι
1372 2069 1530 2139 σῶμα
1565 2088 1727 2140 προσ-

161 2150 435 2218 ανεχθείη,
466 2153 574 2220 ἄρα
603 2170 685 2205 σοι
722 2156 786 2207 ἂν
814 2155 971 2209 τοῦτο
1020 2160 1238 2229 μέτριον
1279 2160 1363 2229 εἴη
1398 2163 1492 2214 τοῦ
1523 2162 1725 2215 σκοποῦ

164 2238 530 2308 παραμύθιον,
584 2244 677 2294 καὶ
712 2248 875 2313 τιμῆς
916 2248 1061 2310 ἀξιον
1091 2251 1238 2315 παρὰ
1267 2248 1359 2306 σοῦ
1402 2253 1722 2319 νομισθείης

162 2328 265 2378 Καὶ
299 2328 474 2381 ταῦτα
511 2332 608 2395 μὲν
632 2332 761 2392 ἴσως
805 2335 1011 2395 ἐκεῖνος
1052 2337 1262 2399 παίζων
1316 2341 1451 2407 πρὸς
1493 2343 1588 2408 τὴν
1638 2345 1726 2395 δέ-

162 2432 383 2467 σποιναν
424 2417 454 2484 ἢ
492 2419 842 2482 σπουδάζων·
887 2422 914 2472 ὁ
956 2422 1011 2473 δὲ
1042 2423 1174 2485 Θεὸς
1220 2426 1281 2477 τὸ
1316 2426 1507 2495 μέλλον
1542 2429 1726 2501 ὥσπερ

156 2506 237 2556 δαὶ
267 2506 369 2573 τῆς
431 2508 642 2558 ἐκείνου
697 2512 1072 2583 προηγόρευσε
1124 2516 1389 2587 γλώττης.
1434 2522 1499 2573 Ἥ
1546 2523 1729 2591 μέντοι

170 2597 387 2664 Ἀγλαΐς
412 2616 425 2628 ο
461 2601 539 2657 Οὐ
567 2603 777 2671 καιρὸς,
834 2605 957 2675 ἔφη,
1009 2608 1313 2675 Βονιφάτιε,
1373 2613 1586 2674 παιδιᾶς
1612 2616 1731 2667 οὐδὲ

159 2691 334 2757 λύγων
397 2693 680 2760 τοιούτων,
724 2691 798 2748 ὦν
850 2699 1228 2768 ἀποσχόμενον
1288 2702 1529 2767 εὐλαϐῶς
1588 2705 1729 2775 ἔχειν

160 2781 544 2851 προτρέπομαι
618 2786 712 2835 καὶ
771 2787 1047 2853 κοσμίως,
1119 2790 1239 2841 ἐπεὶ
1307 2795 1399 2845 καὶ
1473 2797 1730 2861 τοιούτοις

158 2874 456 2940 ὑπηρετεῖν
490 2874 726 2942 μέλλεις,
760 2868 833 2928 ὧν
857 2878 1024 2946 ἡμᾶς,
1060 2878 1134 2949 μὴ
1164 2881 1243 2932 ὅτι
1275 2898 1335 2948 γε
1363 2884 1576 2950 ψαύειν,
1600 2889 1733 2942 ἀλλὰ

157 2965 248 3023 καὶ
281 2964 513 3033 βλέπειν
568 2968 694 3029 τοὺς
746 2969 1001 3033 ἀναξίους
1059 2973 1359 3042 πάντολμον
1410 2977 1502 3029 καὶ
1536 2977 1730 3046 Θρασύ.

1833 524 1930 577 per
1964 510 2261 563 habeamus
2294 510 2555 564 custodes
2581 518 2637 563 et
2665 523 2995 565 servatores.
3033 512 3157 565 Haec
3186 529 3309 568 cum
3340 512 3393 566 ei

1831 600 2079 662 dixisset,
2111 610 2167 655 et
2197 616 2253 655 se
2278 601 2512 655 libenter
2542 602 2592 654 id
2629 601 2995 655 ministerium
3028 612 3392 671 promptoque

1830 701 1885 745 et
1909 692 2074 745 alacri
2097 692 2282 745 animo
2309 693 2588 746 obiturum
2612 693 2961 755 ostendisset,
2992 696 3155 747 tradit
3188 696 3235 748 ei
3256 696 3395 748 mul-

1832 778 1942 835 tum
1975 784 2115 837 auri.
2152 782 2339 851 Neque
2371 785 2517 838 enim
2543 784 2741 838 licebat
2772 786 2938 854 gratis
2965 787 3219 853 accipere
3256 788 3395 840 ullas

1830 884 2129 944 martyrum
2167 876 2450 943 reliquias,
2480 876 2574 929 sed
2612 876 3055 930 Christianorum
3088 894 3314 946 magnus
3343 880 3395 931 in

1829 979 1918 1018 eas.
1946 981 2117 1027 amor,
2150 975 2268 1019 erat
2294 966 2476 1034 impiis
2503 981 2666 1019 causa
2699 968 2860 1029 lucri,
2904 978 2958 1019 et
3010 968 3281 1021 eiliciebat
3340 980 3399 1021 ut

1830 1057 2048 1109 nonnisi
2081 1058 2263 1124 magni
2318 1074 2412 1111 eas
2445 1067 2657 1125 emptas
2686 1058 3013 1126 praeberent.
3044 1058 3117 1112 Ea
3146 1059 3212 1111 de
3235 1076 3398 1114 causa

1833 1146 1999 1201 mittit
2027 1148 2253 1201 multum
2279 1148 2422 1209 auri,
2451 1159 2506 1201 et
2539 1159 2599 1202 ut
2631 1150 2792 1203 etiam
2830 1150 3076 1211 haberet,
3107 1153 3251 1218 quod
3284 1153 3396 1204 dis-

1832 1239 2099 1293 tribueret
2125 1242 2477 1309 pauperibus.
2509 1240 2677 1294 Mittit
2730 1252 2910 1293 autem
2941 1256 3063 1293 cum
3099 1258 3164 1295 eo
3224 1257 3398 1310 equos

1829 1346 2046 1400 quoque
2077 1332 2389 1395 duodecim,
2425 1341 2479 1385 et
2521 1341 2894 1400 unguentum,
2924 1342 2980 1385 et
3040 1333 3321 1398 sindonas,
3345 1345 3401 1387 et

1829 1440 2170 1493 quacunque
2198 1424 2299 1477 alia
2325 1425 2447 1478 usui
2476 1434 2635 1477 erant
2666 1423 2732 1476 ad
2766 1425 3116 1478 honorandos
3154 1435 3394 1479 sanctos.

1833 1516 1941 1571 Sed
1974 1525 2058 1570 est
2082 1516 2474 1570 attendendum
2502 1532 2516 1581 ;
2549 1516 2657 1569 huc
2688 1516 2834 1569 enim
2877 1517 3146 1581 venimus,
3188 1516 3279 1569 ubi
3315 1527 3399 1571 est

1829 1610 2077 1667 narratio
2098 1610 2515 1681 iucundissima.

1900 1702 1985 1757 IV.
2015 1702 2148 1756 Cum
2173 1705 2282 1771 jam
2325 1701 2636 1755 Bonifacius
2696 1712 2842 1755 esset
2888 1701 2990 1755 iter
3031 1702 3394 1770 ingressurus,

1825 1795 2005 1848 statim
2038 1796 2192 1862 quasi
2243 1794 2502 1862 graphice
2542 1794 2826 1847 victoriam
2858 1809 3009 1846 suam
3042 1803 3098 1846 et
3131 1808 3392 1846 coronam

1824 1881 2288 1951 prasignificans:
2325 1877 2379 1935 Si
2407 1880 2564 1945 forte,
2600 1882 2798 1948 inquit,
2821 1880 3106 1939 odomina.
3136 1880 3397 1948 quemad-

1826 1973 2047 2028 modum
2079 1972 2367 2041 contingit,
2403 1980 2460 2023 ut
2488 1972 2587 2024 hoc
2613 1972 2833 2039 quidem
2861 1979 3042 2038 coepto
3078 1970 3393 2023 frustreris:

1827 2063 2065 2119 secunda
2117 2077 2272 2124 vero,
2330 2068 2388 2114 ut
2416 2061 2595 2132 aiunt,
2649 2060 2942 2129 navigatio,
2994 2075 3175 2111 meum
3228 2058 3294 2112 ad
3344 2068 3396 2113 te

1827 2169 2026 2223 corpus
2078 2152 2311 2207 aderat:
2374 2150 2612 2209 fueritne
2682 2151 2787 2205 hoc
2841 2150 2938 2203 tibi
2987 2150 3263 2203 mediocre
3323 2151 3398 2204 tui

1829 2246 2062 2299 instituti
2093 2260 2155 2299 ac
2195 2243 2344 2312 scopi
2395 2243 2675 2303 solatium,
2722 2251 2777 2295 et
2823 2241 2965 2309 apud
3001 2249 3050 2294 te
3091 2240 3399 2297 habendum

1829 2336 1883 2387 in
1940 2335 2189 2387 honore?
2236 2333 2304 2386 Et
2354 2334 2468 2387 hcce
2519 2333 2740 2400 quidem
2799 2333 2889 2385 ille
2942 2333 3173 2384 fortasse
3233 2334 3402 2400 magis

1827 2427 2023 2480 ludens
2063 2424 2206 2491 apud
2254 2424 2549 2487 dominam,
2598 2438 2759 2489 quam
2801 2438 2968 2490 agens
3002 2424 3153 2492 serio
3188 2441 3199 2473 :
3254 2425 3399 2477 Deus

1828 2524 2007 2569 autem
2036 2513 2109 2572 id,
2158 2511 2303 2579 quod
2349 2521 2468 2564 erat
2513 2521 2780 2569 laturum,
2829 2511 3078 2579 praedixit
3127 2526 3224 2578 per
3256 2512 3400 2567 illius

1831 2609 2090 2677 linguam.
2122 2606 2303 2674 Aglais
2337 2618 2467 2659 vero
2496 2620 2510 2657 :
2540 2603 2658 2657 Non
2704 2612 2808 2668 est,
2836 2618 2866 2656 0
2900 2601 3161 2665 Bonifaei,
3200 2604 3398 2672 inquit,

1833 2711 2045 2766 tempus
2094 2697 2337 2761 ludendi,
2386 2710 2562 2763 neque
2595 2696 2790 2748 horum
2841 2696 3156 2758 verborum,
3217 2696 3398 2763 aqui-

1831 2792 1932 2845 bus
1958 2791 2322 2844 abstinentcm
2350 2788 2541 2857 jubeo,
2574 2798 2632 2839 ut
2666 2788 2752 2855 pie
2780 2794 2834 2839 et
2878 2787 3105 2839 honeste
3138 2795 3189 2839 te
3219 2802 3395 2854 geras.

1832 2887 1963 2940 Nam
2009 2885 2077 2939 iis
2120 2900 2181 2939 es
2215 2884 2603 2945 insert-iturus,
2648 2897 2768 2950 qua:
2809 2895 2910 2933 nos
2938 2896 3044 2935 non
3074 2880 3248 2934 solum
3281 2889 3398 2934 tan-

1832 2992 1979 3045 gere,
2042 2976 2134 3029 sed
2195 2977 2359 3028 etiam
2413 2974 2660 3043 aspicere
2719 2974 3009 3043 indignos,
3071 2973 3252 3027 nimim
3315 2983 3400 3027 est

154 3057 381 3121 Τούτοις
412 3058 727 3129 ἀρκούντως
764 3064 1137 3134 ὲπιτιμήσασσ
1171 3068 1264 3119 καὶ⁷
1301 3068 1733 3138 ἐπιτρέψασα,καὶ

1839 3066 2079 3121 audacia:
2113 3074 2166 3118 et
2198 3065 2539 3118 temeritatis.
2573 3064 2709 3116 Cum
2748 3065 2834 3117 his
2872 3064 3001 3117 satis
3036 3065 3397 3132 increpasset,

152 3149 345 3219 ὥσπερ
378 3152 502 3203 ἀντὶ
534 3153 752 3215 παιδιᾶς
786 3155 1017 3223 ἀκαίρου
1054 3160 1134 3220 είς
1189 3161 1351 3227 φόϐον
1379 3162 1598 3231 εὔλογον
1625 3164 1722 3234 τὴν

152 3242 367 3292 ἐκείνου
391 3242 572 3310 ψυχὴν
592 3245 1005 3313 καταστήσασα,
1039 3241 1159 3301 εἶτα
1187 3252 1303 3313 καὶ,
1322 3251 1381 3302 '0
1399 3252 1551 3316 Θεὸς,
1570 3252 1721 3309 ἐπει-

151 3330 353 3395 ποῦσσι,
390 3334 418 3382 ὀ
444 3330 512 3382 δι’
549 3326 693 3399 ἡμᾶς
734 3335 950 3406 μορφὴν
973 3336 1158 3391 δούλου
1196 3339 1370 3392 λαϐὼν
1397 3339 1491 3395 καὶ
1516 3344 1574 3395 τὸ
1598 3346 1723 3397 ἐαυ-

148 3427 240 3476 τοῦ
268 3419 417 3491 αἷμα
459 3424 678 3493 ἐκχέας,
726 3416 889 3490 αὐτδς
920 3429 1139 3500 παρίδοι
1179 3432 1249 3486 τὰ
1275 3434 1589 3505 πταίσματά
1624 3454 1723 3506 μου

151 3514 243 3563 καὶ
298 3513 598 3567 ἀποστελεῖ
646 3517 736 3569 τὸν
790 3518 1023 3585 ἄγγελον
1052 3521 1218 3575 αὐτοῦ
1271 3524 1578 3594 ἔμπροσθέν
1608 3545 1722 3593 σου,

152 3607 241 3655 καὶ
267 3605 605 3657 καθευθυνεί
637 3608 702 3662 τὰ
736 3608 1049 3678 διαϐήματά
1073 3628 1166 3663 σου
1189 3628 1201 3641 ·
1236 3615 1370 3683 πρὸς
1390 3616 1600 3679 τούτοις
1633 3620 1727 3671 καὶ

148 3696 333 3759 δεξιὰν
364 3697 517 3765 αὐτῷ
555 3700 654 3769 τὴν
689 3700 945 3754 ἐπάνοδον
968 3703 1239 3773 εὐξαμένη
1291 3706 1588 3775 ἐξέπεμψε.
1626 3709 1726 3761 Τὸν

147 3786 203 3836 δὲ
232 3787 561 3853 Βονιφάτιον
593 3788 809 3859 ὤνησαν
843 3794 940 3860 μὲν
965 3793 1025 3845 οὐ
1059 3795 1293 3863 μετρίως
1322 3813 1382 3848 τε
1422 3800 1517 3851 καὶ
1552 3802 1600 3851 οἱ
1629 3799 1727 3869 τῆς

148 3876 447 3948 δεσποίνης
482 3879 653 3946 λόγοι,
680 3884 774 3935 καὶ
824 3883 961 3953 πρὸς
996 3885 1065 3938 τὰ
1096 3886 1215 3941 θεῖά
1242 3905 1302 3940 τε
1333 3890 1425 3941 καὶ
1460 3889 1729 3960 σεϐάσμια

149 3970 383 4039 περιδεῆ
422 3971 786 4039 κατέστησαν,
819 3973 942 4026 ὅθεν
978 3974 1099 4027 οὔτε
1140 3977 1316 4045 κρεῶν
1354 3978 1556 4046 ἥπτετο
1590 3981 1730 4033 κατά

148 4064 250 4129 τὴν
284 4062 544 4131 πορείαν,
570 4061 693 4114 οὔτε
727 4062 835 4131 μὴν
865 4067 993 4132 οἴνῳ
1020 4067 1217 4136 ἐχρῆτο
1240 4083 1255 4098 ·
1287 4068 1456 4139 εἰσῄει
1488 4071 1543 4122 δὲ
1568 4072 1729 4125 αὑτὸν

152 4158 251 4208 καὶ
286 4156 578 4223 λογισμὸς,
630 4154 815 4225 ὥσπερ
871 4158 1217 4227 παιδαγωγὸς
1263 4160 1486 4229 ἀγαθὸς,
1517 4162 1729 4233 ὅτιπερ,

152 4240 260 4299 Οἴα
290 4247 525 4315 δράσας,
566 4242 654 4299 οἷα
710 4248 891 4316 μέλλω
921 4252 1106 4319 χερσὶν
1148 4253 1400 4319 ἀνάγνοις
1437 4258 1730 4324 μετακομί-

150 4338 305 4402 ζεινς
343 4336 548 4407 Καὶτῷ
582 4338 689 4390 δέει
711 4340 887 4407 τούτῳ
913 4340 1095 4411 ἠρέμα
1116 4360 1167 4394 τι
1191 4345 1288 4410 τῆς
1323 4346 1460 4415 πρὸς
1491 4347 1549 4398 τὸ
1573 4348 1731 4416 σῶμα

1824 3169 1880 3216 et
1927 3150 2133 3227 pudere
2168 3155 2458 3218 affecisset,
2502 3164 2557 3209 et
2589 3170 2686 3222 pro
2731 3154 2861 3211 ludo
2900 3156 3286 3222 intempestivo
3330 3156 3399 3208 ad

1821 3255 2028 3324 justum
2058 3261 2113 3303 et
2156 3247 2352 3301 rationi
2393 3258 2817 3300 consentaneum
2852 3257 3054 3299 metum
3086 3245 3237 3299 illius
3278 3244 3398 3298 ani—

1827 3358 1968 3396 mam
2004 3340 2337 3394 traduxisset
2366 3347 2420 3391 et
2448 3337 2671 3390 dixisset
2702 3354 2713 3389 :
2755 3337 2917 3399 Deus,
2953 3338 3044 3404 qui
3099 3337 3240 3388 servi
3284 3337 3398 3390 for-

1827 3450 1969 3488 mam
2001 3442 2219 3502 propter
2244 3443 2343 3482 nos
2372 3428 2589 3496 accipit,
2634 3439 2689 3482 et
2732 3443 2889 3480 suum
2932 3426 3130 3481 eﬂudit
3171 3429 3396 3496 sangui-

1826 3541 1974 3588 nem,
2008 3523 2120 3590 ipse
2148 3520 2215 3573 ad
2246 3535 2361 3572 mea
2392 3534 2500 3571 non
2551 3519 2781 3586 aspiciat
2837 3518 3057 3580 delicta,
3116 3527 3171 3572 et
3221 3520 3400 3574 mittat

1829 3616 2081 3685 angelum
2138 3628 2296 3667 suum
2327 3623 2453 3665 ante
2504 3619 2578 3669 te.
2630 3619 2686 3663 et
2732 3610 2933 3677 dirigat
2978 3624 3199 3678 gressus
3253 3621 3396 3665 tuos.

1832 3707 2038 3761 Deinde
2085 3704 2321 3757 faustum
2361 3704 2409 3755 ci
2460 3710 2677 3769 precata
2718 3699 2974 3762 reditum,
3000 3715 3125 3754 eum
3169 3701 3392 3755 emittit.

1831 3797 2105 3851 Bonifacio
2158 3809 2288 3847 vero
2336 3808 2444 3845 non
2498 3791 2853 3845 mediocriter
2900 3792 3122 3858 quidem
3179 3791 3400 3859 profue-

1832 3901 1961 3945 runt
1990 3889 2154 3942 verba
2184 3886 2439 3947 dominzn,
2471 3892 2526 3937 et
2554 3891 2613 3935 ut
2648 3898 2735 3935 res
2763 3882 2978 3934 divinas
3018 3892 3074 3935 et
3111 3884 3398 3952 religiosas

1831 3986 2194 4038 revereretur,
2246 3975 2570 4028 effecerunt.
2627 3973 2764 4027 Hinc
2833 3974 3033 4027 factum
3096 3983 3291 4027 est'ut
3343 3976 3399 4029 in

1834 4071 2030 4125 itinere
2078 4081 2181 4121 nec
2234 4078 2428 4119 carnes
2474 4073 2743 4129 tangeret,
2805 4077 2905 4114 nec
2952 4064 3077 4114 vino
3128 4074 3395 4116 uteretur.

1834 4160 2063 4215 Subibat
2114 4167 2294 4212 autem
2341 4156 2460 4225 ejus
2525 4168 2746 4222 quoque
2803 4162 3042 4207 mentem
3117 4154 3398 4223 cogitatio,

1835 4250 2000 4303 veluti
2052 4248 2274 4317 quidam
2331 4246 2511 4300 bonus
2560 4244 2885 4314 paedagogus
2952 4261 2966 4298 :
3015 4246 3205 4310 Qualia
3274 4258 3401 4301 sunt

1836 4356 1956 4410 quae
1988 4339 2112 4402 feci,
2173 4347 2225 4390 et
2257 4336 2435 4404 qualia
2473 4351 2592 4388 sum
2640 4335 2870 4402 impuris
2916 4336 3169 4389 manibus
3213 4349 3402 4405 porta-

152 4428 549 4498 προσπαθείας
601 4428 997 4503 κατωλιγώρει,
1059 4432 1151 4485 καὶ
1213 4433 1388 4502 ἑαυτῷ
1443 4438 1729 4507 προσέχειν
1764 4447 1806 4501 D
1838 4431 2023 4485 turus?
2074 4431 2300 4497 Propter
2342 4426 2489 4480 hunc
2524 4438 2652 4478 vero
2700 4436 2927 4490 metum,
2977 4427 3179 4481 sensim
3227 4429 3403 4498 negli—

152 4522 413 4574 ἐπείθετο
432 4540 444 4552 ·
474 4520 636 4590 φόϐος
665 4521 764 4591 μὲν
792 4522 900 4593 γὰρ
927 4524 1110 4595 πατὴρ
1134 4525 1407 4596 προσοχῆς
1429 4543 1443 4557 ·
1481 4528 1512 4597 ἡ
1546 4528 1600 4580 δὲ
1632 4545 1733 4595 γα·-

153 4612 328 4682 λήνης
362 4615 553 4684 μήτηρ
603 4614 697 4666 καὶ
725 4617 1133 4681 καταστάσεως,
1170 4618 1313 4690 αὕτη
1343 4619 1520 4689 δὲτὴν
1553 4620 1733 4673 συναίο

154 4704 379 4771 σθησιν,
429 4704 621 4775 ὥσπερ
648 4707 705 4761 ἐν
730 4706 988 4778 ἀταράχῳ
1018 4709 1127 4761 τινὶ
1151 4711 1246 4763 καὶ
1298 4711 1523 4780 καθαρῷ
1554 4711 1730 4774 ὕδατι,

150 4796 223 4847 τὰ
253 4796 430 4863 αὐτῆς
460 4794 623 4865 αἴσχη
666 4797 977 4851 διαϐλέπειν
1019 4802 1165 4852 ποιεῖ
1242 4801 1333 4853 καὶ
1369 4801 1541 4863 οὕτως
1568 4803 1732 4870 ἀρχαὶ

153 4887 255 4937 καὶ
292 4885 443 4955 ῥίζαι
465 4885 561 4953 τῆς
597 4890 887 4954 μετανοίας
918 4890 1166 4956 φύονται,
1197 4890 1235 4962 ἢ
1268 4892 1330 4962 δὴ
1361 4893 1481 4945 τότε
1514 4894 1609 4948 καὶ
1633 4894 1731 4945 Βο-

154 4977 411 5041 νιφάτιογ
444 4976 621 5038 καλῶς
655 4980 989 5049 συνειλήφει,
1016 4982 1111 5033 καὶ
1140 4982 1240 5053 ἠδη
1274 4984 1408 5054 πρὸς
1440 4984 1557 5053 βίου
1581 4986 1736 5057 ἀκρί-
1789 5052 1793 5055 ¹

152 5064 317 5120 ϐειαν
369 5069 653 5121 ἀπονεύων
709 5072 942 5139 φανερὸς
979 5069 1068 5142 ἦν,
1105 5077 1202 5141 τῆς
1262 5076 1359 5143 μὲν
1423 5080 1735 5147 παχυτέρας

151 5158 369 5225 ταύτης
398 5163 492 5212 καὶ
516 5161 774 5231 περιττῆς
800 5168 1024 5235 τροφῆς,
1043 5167 1231 5237 ὥσπερ
1270 5168 1498 5237 ἔφημεν,
1538 5171 1735 5237 ἀπεχόο

154 5267 346 5318 μενος,
380 5252 547 5321 εὐχῆς
569 5254 627 5306 δὲ
667 5253 1009 5308 ἀδιαλείπτου
1051 5257 1146 5311 καὶ
1166 5261 1419 5329 νηστείας
1466 5262 1604 5315 κατά
1638 5262 1735 5331 τὴν

152 5344 394 5414 πορείαν
422 5344 513 5413 ὲχό
519 5362 704 5412 μενος.

225 5606 304 5659 E’.
353 5607 503 5660 Ἐπεὶ
557 5605 613 5660 δὲ
673 5604 769 5657 καὶ
805 5606 998 5669 ἐπιϐὰς
1060 5609 1155 5676 τῆς
1212 5610 1394 5674 Ἀσίας
1446 5612 1585 5667 κατὰ
1638 5614 1735 5685 τὴν

152 5698 507 5772 ὑμνουμένην
562 5699 664 5770 τῆς
707 5696 958 5763 Κιλικίας
990 5696 1200 5771 Ταρσὸν
1246 5702 1477 5771 ἐγένετο,
1510 5703 1636 5759 ἔνθα
1669 5705 1731 5776 δὴ

1834 4521 1992 4591 gebat
2022 4520 2307 4588 pristinam
2337 4532 2490 4572 suam
2520 4516 2575 4569 in
2608 4532 2808 4584 corpus
2839 4517 3209 4580 affectionem,
3240 4529 3295 4572 et
3339 4529 3400 4572 nt

1834 4614 1936 4668 sibi
1990 4611 2334 4673 attenderet,
2399 4607 2504 4660 sibi
2565 4607 2950 4676 persnadebat.
3013 4609 3146 4662 Nam
3223 4620 3402 4664 metus

1834 4706 2053 4775 quidem
2081 4713 2165 4758 est
2191 4710 2363 4755 mater
2387 4699 2793 4768 tranquillitatis
2829 4708 2884 4752 et
2915 4700 3153 4767 quietis;
3183 4718 3243 4754 ea
3274 4718 3404 4756 vero

1835 4797 1975 4867 parit
2002 4796 2414 4857 conscientiam,
2444 4808 2564 4861 quae
2614 4791 2763 4851 facit,
2809 4801 2868 4843 ut
2918 4790 3099 4843 anima
3146 4802 3404 4861 tanquam

1837 4890 1888 4942 in
1923 4904 2056 4956 pura
2085 4888 2261 4954 aliqua
2294 4894 2349 4938 et
2387 4899 2493 4937 non
2543 4883 2758 4945 turbata
2790 4898 2953 4951 aqua,
2990 4898 3086 4936 sua
3120 4884 3403 4939 intueatur

1837 4980 2100 5034 dedecora
2140 4994 2154 5031 :
2204 4987 2260 5031 et
2318 4976 2397 5030 sic
2448 4982 2754 5031 nascuntur
2798 4974 3064 5042 principia
3109 4984 3164 5027 et
3197 4977 3407 5031 radices

1836 5071 2187 5140 pcenitentiaa.
2241 5070 2360 5123 Jam
2414 5078 2545 5120 tunc
2595 5076 2777 5119 autem
2816 5067 3041 5133 pulchre
3080 5080 3404 5134 conceperat

1838 5163 2168 5222 Bonifacius,
2200 5170 2254 5214 et
2282 5162 2390 5231 jam
2428 5168 2616 5226 aperte
2647 5158 2993 5219 ostendebat,
3027 5174 3083 5211 se
3138 5160 3404 5212 inclinare

1837 5253 1903 5306 ad
1935 5255 2096 5307 vitam
2126 5250 2422 5319 perfectam
2450 5260 2505 5301 et
2540 5256 2873 5309 accuratam,
2912 5258 2971 5301 ut
3003 5250 3095 5316 qui
3137 5266 3166 5301 a
3199 5251 3401 5303 crassis

1837 5344 2056 5411 quidem
2111 5353 2165 5395 et
2210 5339 2651 5410 supervacaneis,
2704 5349 2762 5393 ut
2807 5338 3066 5396 diximus.
3099 5341 3396 5394 abstineret

1839 5433 2133 5496 alimentis,
2187 5432 2421 5488 assiduis
2452 5447 2583 5486 vero
2611 5433 2870 5501 precibus
2900 5442 2953 5485 et
2981 5432 3205 5500 jejuniis
3238 5446 3406 5485 vaca-

1838 5535 1920 5579 ret
1950 5524 2001 5577 in
2030 5523 2249 5577 itinere.

1910 5619 1971 5672 V.
2017 5618 2305 5685 Postquam
2340 5624 2523 5671 autem
2566 5614 2899 5672 ascendisset
2927 5615 2977 5669 in
3010 5616 3216 5687 Asiam,
3246 5628 3298 5672 et
3342 5620 3409 5677 ad

1840 5707 2168 5765 celebratam
2202 5707 2257 5761 in
2305 5706 2492 5763 Cilicia
2546 5704 2888 5776 pervenisset
2920 5706 3179 5774 Tarsum,
3209 5723 3319 5777 quo
3348 5707 3409 5765 in
