4196 6306
787 366 896 429 235

2096 369 2378 429 MENSIS
2426 370 2689 431 MMUS.

3924 363 4028 426 236

787 496 963 534 meum
1000 486 1197 550 prmsto
1224 485 1308 532 est
1337 491 1350 531 :
1387 486 1704 549 potestatem
1739 480 1942 535 habes:
1978 495 2158 549 quzeso
2192 478 2359 533 facias

2475 473 2666 547 οοῦμεν
2697 477 2804 548 γὰρ
2834 475 3147 543 πλειστάκις
3182 478 3707 551 λαμπροῳορουντάς
3732 493 3907 541 τινας,
3935 474 4039 528 ῶσ-

789 570 1049 640 quidquid
1116 571 1217 623 vis.
1283 567 1613 625 Videbamus
1655 573 1795 625 enim
1850 575 2043 639 saepius
2097 573 2354 641 quosdam

790 676 938 718 veste
987 662 1265 731 Splendida
1326 673 1546 719 ornatos
1603 667 1827 729 milites,
1857 666 2099 734 aliosque
2136 666 2357 718 urbanis

787 757 937 817 viris,
990 757 1125 809 alios
1171 755 1337 809 Medis
1378 756 1699 823 quibusdam
1743 758 1949 810 similes
2008 772 2125 809 esse
2170 771 2355 809 cense-

788 850 999 912 bamus,
1036 848 1124 916 qui
1168 864 1269 901 una
1304 865 1424 903 eum
1458 850 1575 917 ipso
1601 848 1981 911 versabantur,
2015 849 2210 918 quique
2241 849 2358 917 ejus

788 940 1009 991 vulnera
1039 940 1326 1003 curabant,
1363 951 1417 993 et
1452 940 1740 1008 diligenter
1775 941 2180 1009 abstergebant,
2224 939 2361 992 mul-

796 1032 969 1097 tisque
1002 1031 1217 1084 cibariis
1253 1031 1569 1099 propositis,
1600 1046 1701 1083 una
1729 1046 1851 1084 cum
1885 1046 1948 1084 eo
1980 1029 2356 1084 vescebantur.

795 1122 918 1175 Haec
953 1122 1133 1175 omnia
1196 1123 1466 1186 homines,
1530 1124 1619 1191 qui
1673 1138 1736 1176 ex
1798 1123 1933 1176 urbe
1966 1121 2227 1175 Perintho
2258 1137 2359 1175 una

792 1232 913 1268 cum
943 1232 1007 1269 eo
1045 1216 1209 1269 vincti
1246 1216 1391 1269 ducti
1429 1226 1575 1279 sntit,
1609 1225 1717 1269 tum
1758 1216 1809 1269 in
1843 1217 1947 1278 via,
1980 1225 2089 1269 tmn
2128 1216 2212 1270 hic
2236 1231 2359 1269 cum

792 1308 987 1374 sa'pius
1032 1307 1317 1372 vidissent,
1349 1308 1479 1361 tttihi
1512 1308 1810 1361 retulerunt
1850 1323 1865 1362 :
1899 1306 1972 1360 ita
2008 1317 2065 1359 ut
2088 1321 2208 1377 ego,
2241 1320 2359 1359 cum

794 1400 924 1465 ipsis
963 1414 1067 1451 non
1102 1400 1405 1464 crederem,
1440 1408 1492 1453 et
1524 1414 1710 1452 verum
1738 1399 1879 1451 scire
1910 1412 2188 1465 cuperem,
2229 1396 2365 1450 meis

793 1490 960 1543 oculis
997 1489 1192 1543 videns
1224 1492 1272 1543 id
1309 1492 1674 1559 cognoverim.
1703 1490 1769 1543 At
1795 1490 1837 1544 si
1863 1490 2079 1557 quando
2120 1496 2362 1557 repente,

806 1594 927 1633 eum
974 1582 1085 1631 haec
1112 1589 1435 1648 spectarem,
1475 1579 1676 1649 ingredi
1705 1581 1768 1631 ad
1801 1594 1924 1633 eum
1962 1578 2270 1642 voluissem,
2312 1586 2367 1631 et

794 1670 857 1720 ah
887 1671 993 1721 illis
1026 1685 1268 1738 quaerere
1314 1669 1581 1723 undenam
1618 1670 1744 1722 illuc
1772 1669 2001 1736 ingressi
2032 1678 2237 1733 essent,
2274 1679 2366 1721 aut

794 1762 1013 1825 quinam
1053 1759 1230 1812 forent
1283 1760 1379 1825 illi,
1420 1776 1553 1827 quos
1586 1774 1691 1811 una
1744 1775 1865 1814 cum
1920 1760 2034 1829 ipso
2088 1763 2360 1829 vidissent,

789 1853 987 1919 stepius
1012 1853 1072 1906 ad
1098 1867 1217 1905 eum
1252 1852 1544 1917 ingressus,
1579 1865 1750 1918 neque
1780 1866 2102 1920 quemquam
2129 1852 2362 1915 illorum,

797 1958 968 2012 neque
993 1944 1287 2011 quidquam
1317 1958 1344 1995 e
1378 1943 1597 1996 cibariis
1639 1942 1744 1996 illis
1781 1942 2049 2007 videbam,
2083 1945 2176 1996 sed
2220 1946 2364 1998 hunc

2464 584 2567 637 περ
2600 567 2964 637 στρατιώτας,
3001 571 3095 622 καὶ
3132 569 3321 633 ἄλλους
3350 571 3425 632 ώς
3467 571 3885 640 σχολαστικοίις,
3943 571 4037 622 καὶ

2462 659 2679 727 ἐτέρους
2704 659 2776 722 ὠς
2810 663 3025 730 ἰατροὺς
3054 657 3189 713 εἶναι
3210 662 3554 730 ἐνομίζομεν,
3580 662 3844 725 συνόντας
3870 660 4039 728 αὐτῷ,

2461 751 2555 803 καὶ
2602 751 3092 821 ἐπιμελουμένους,
3129 756 3223 805 καὶ
3278 753 3353 821 τῷ
3414 752 3565 804 ὕδατι
3603 752 4039 812 καταντλοῦντας

2460 842 2531 894 τὰ
2563 842 2854 911 τραύματα
2896 843 3083 905 αὑτοῦ,
3108 844 3221 913 ἅμα
3248 844 3302 895 δὲ
3336 845 3429 895 καὶ
3455 844 3836 904 συνεσθίοντας
3873 844 4037 909 αὐτῷ,

2461 932 2675 986 πολλῶν
2749 935 2970 1001 ἀγαθῶν
3042 937 3423 1005 προκειμένων
3480 938 3684 1000 αὐτοῖς.
3751 935 3943 989 Ταῦτα
3988 936 4041 987 δὲ

2462 1030 2643 1083 πάντα
2704 1031 2799 1081 καὶ
2850 1031 2901 1082 οἱ
2942 1030 3154 1097 δέσμιοι
3183 1031 3289 1083 ἀπὸ
3322 1032 3419 1101 τῆς
3457 1031 3719 1101 Περίνθου
3755 1031 4043 1098 ἐρχόμενοι

2465 1121 2583 1187 μετ’
2615 1117 2777 1170 αὑτοῦ
2834 1119 3035 1182 ίδόντες
3093 1120 3187 1172 καὶ
3216 1114 3315 1173 ὧδε
3377 1121 3694 1183 πλειστάκις
3727 1120 4042 1189 ἁνήνεγκάν

2467 1227 2579 1279 μοι,
2612 1210 2750 1263 ὥστε
2783 1210 2875 1263 καὶ
2908 1211 3005 1279 ἐμὲ
3040 1213 3238 1281 αύτοψὶ
3279 1214 3566 1283 πεισθῆναι
3615 1213 3687 1283 μὴ
3713 1213 4044 1264 πιστεύοντα

2464 1305 2669 1366 αὐτοῖς.
2714 1306 2776 1356 EE
2816 1322 2944 1357 ποτε
2970 1305 3024 1357 δὲ
3057 1306 3276 1369 ἀνοίξας
3336 1306 3434 1375 τὴν
3486 1308 3727 1373 κατῆναν
3778 1304 4047 1357 εἰσελθεῖν

2464 1395 2799 1463 ἠϐουλήθην,
2850 1397 3133 1463 αἰφνιδίως
3192 1399 3411 1468 θεωρῶν
3440 1398 3631 1461 ταῦτα,
3690 1396 4045 1465 ἐπερωτῆσαι

2466 1488 2662 1547 αὐτοὺς
2707 1487 3015 1556 βουληθεὶς,
3046 1489 3210 1547 πόθεν
3239 1492 3347 1559 ἄρα
3378 1490 3625 1561 εἰσῆλθον
3658 1491 3687 1559 ἢ
3729 1491 3885 1551 τίνες
3913 1488 4046 1541 εἰσὶν

2468 1582 2668 1632 ἐκεῖνοι
2696 1580 2796 1642 οὓς
2829 1579 3057 1631 ἔϐλεπον
3096 1580 3214 1649 μετ’
3246 1582 3432 1642 αὑτοῦ.
3466 1581 3722 1633 εξσελθὼν
3750 1581 3807 1633 δὲ
3848 1580 4046 1633 πολλά⁶

2466 1689 2551 1733 κις
2590 1670 2725 1739 πρὸς
2756 1671 2939 1733 αὑτὸν,
2969 1671 3158 1723 οὐδένα
3188 1671 3245 1734 ἐξ
3279 1673 3458 1724 αὐτῶν
3484 1672 3740 1741 εὕρισκον
3783 1674 3909 1724 οὐδὲ
3946 1674 4049 1725 τῶν

2469 1764 2845 1832 προκειμένων
2890 1765 3075 1826 αὐτοῖς
3117 1763 3358 1831 ἀγαθῶν,
3400 1764 3535 1815 ἀλλὰ
3569 1764 3757 1815 τοῦτον
3796 1764 3962 1833 μόνον
3998 1766 4049 1815 ἐν

2394 1826 2440 1883 Β
2468 1826 2535 1883 -.ἒ

2468 1855 2545 1922 τῷ
2580 1855 2718 1924 ξύλῳ
2752 1858 3051 1926 τεταμένον
3087 1858 3385 1926 εὐχόμενόν
3419 1874 3470 1909 τε
3506 1858 3599 1910 καὶ
3640 1857 3938 1922 δοξάζοντα
3968 1857 4051 1908 τὸ)

2468 1948 2601 2000 Θιδν
2636 1948 2820 2011 αὐτοῦ,
2856 1951 2941 2001 ὅτε
2964 1949 3019 2002 δὲ
3046 1952 3139 2002 καὶ
3170 1949 3323 2020 ὖπνῳ
3353 1951 3774 2018 κατακείμενον.

798 2038 968 2088 solum
1004 2036 1148 2105 ligno
1180 2035 1478 2105 alligatum,
1510 2049 1696 2103 preces
1720 2036 1785 2088 ad
1819 2036 1985 2088 Deum
2025 2033 2363 2099 fundentem,
2407 2047 2461 2091 et
2504 2040 2742 2095 divinam
2781 2041 3010 2112 gloriam
3043 2043 3374 2108 laudantem,
3405 2042 3672 2097 interdum
3743 2057 3877 2096 vero
3932 2044 4054 2097 dor-

802 2131 1077 2183 mientem.

869 2218 1051 2276 .\'\'lll.
1084 2219 1218 2273 'l‘um
1247 2220 1413 2289 judex
1455 2239 1469 2275 :
1518 2219 1804 2287 Pecunias,
1849 2221 2040 2289 inquit,
2076 2222 2142 2275 ab
2181 2224 2362 2277 Acacii

799 2314 1201 2367 contribulibus
1243 2315 1523 2382 accepisti,
1560 2317 1628 2368 ob
1672 2317 1827 2382 idque
1854 2315 2111 2381 judicium
2144 2316 2221 2369 vis
2255 2317 2367 2369 elu-

798 2411 946 2461 dere.
985 2406 1059 2459 Ac
1092 2406 1273 2459 statim
1332 2407 1511 2462 furore
1568 2410 1828 2475 percitus,
1883 2410 2149 2477 plumbeis
2206 2412 2371 2479 virgis

798 2500 913 2567 ejus
946 2510 1090 2566 terga
1120 2500 1323 2567 pulsari
1352 2498 1529 2566 ju5sit.
1570 2500 1708 2565 Quin
1742 2517 1862 2555 eum
1895 2504 2249 2567 cruciaretur,
2284 2520 2372 2557 vo-

801 2593 1036 2643 cil’erans
1060 2590 1269 2642 dicebat
1304 2606 1316 2641 :
1351 2588 1567 2653 Quaeso,
1617 2590 1804 2656 judex,
1846 2600 1902 2643 ut
1936 2592 1978 2644 si
2005 2607 2090 2645 res
2122 2594 2282 2645 aliter
2312 2607 2369 2645 se

804 2683 983 2744 habet,
1011 2695 1169 2747 quant
1214 2679 1344 2741 dixi,
1386 2694 1471 2734 me
1520 2680 1831 2735 interlicias.
1864 2681 1995 2735 Tum
2026 2682 2113 2737 ille
2142 2702 2155 2736 :
2192 2681 2368 2737 Vene-

804 2774 959 2826 ticum
1001 2775 1161 2843 igitur
1192 2774 1460 2827 hominem
1503 2774 1645 2827 huue
1675 2790 1791 2829 esse
1820 2774 2053 2829 aliirmes
2080 2792 2214 2843 opus
2265 2790 2366 2831 est.

801 2866 896 2917 Cui
940 2868 1179 2917 carceris
1212 2877 1394 2918 custos
1430 2882 1441 2915 :
1479 2862 1608 2932 Ego,
1640 2866 1837 2933 inquit,
1875 2868 2015 2932 quod
2053 2869 2183 2929 vidi,
2226 2869 2367 2931 dico,

804 2972 977 3026 neque
1005 2958 1141 3021 seio,
1172 2959 1513 3011 veneticusne
1554 2955 1648 3017 sit,
1682 2972 1747 3008 an
1784 2973 1909 3010 non.
1947 2955 2071 3011 Haec
2098 2972 2223 3010 eum
2250 2959 2371 3011 bea-

804 3063 887 3104 tus
934 3050 1165 3103 Aeacius
1218 3050 1446 3115 audiret,
1488 3049 1698 3101 illorum
1750 3049 2033 3103 stultitiam
2090 3038 2370 3113 irridebat,

802 3146 1047 3211 quamvis
1083 3142 1269 3195 fractis
1327 3152 1471 3193 esset
1531 3141 1789 3193 maxillis.
1828 3142 2009 3207 Itaque
2055 3142 2218 3206 jttdex
2259 3142 2371 3208 ipse

804 3251 989 3287 rursus
1023 3233 1203 3286 furore
1251 3249 1532 3297 accensus,
1573 3232 1771 3285 Aeaeio
1793 3230 1925 3285 dixit
1957 3247 1971 3284 :
2006 3230 2159 3284 Tune
2188 3230 2378 3285 venisti

818 3335 875 3376 ut
910 3339 1004 3377 nos
1034 3324 1331 3388 derideres,
1366 3324 1647 3392 prresugiis
1681 3338 1743 3376 ae
1775 3323 2044 3377 veneficiis
2076 3322 2179 3377 tuis
2215 3323 2383 3377 conli-

803 3416 941 3468 sus?
976 3414 1106 3481 Ego,
1150 3416 1317 3483 inquit
1351 3415 1605 3477 Aeacius,
1642 3430 1744 3466 non
1781 3413 1951 3479 rideo,
2002 3415 2146 3482 quod
2192 3416 2371 3468 veslra

805 3510 1046 3575 pernicie
1070 3512 1326 3576 gaudeam
1374 3527 1385 3561 :
1423 3507 1532 3561 imo
1566 3510 1950 3577 sempiternam
1986 3518 2215 3561 vestram
2243 3525 2375 3561 eon-

809 3601 1210 3653 dcmnationetu
1278 3601 1503 3653 multum
1548 3599 1725 3653 doleo.
1771 3599 1875 3651 Vos
1920 3611 2097 3651 autem
2147 3600 2243 3667 ipsi
2284 3614 2377 3651 ve-

807 3703 977 3744 stram
1008 3697 1172 3743 vitam
1210 3692 1469 3753 irridetis,
1500 3692 1588 3759 qui
1627 3706 1810 3743 verum
1870 3689 2017 3743 illum
2055 3691 2215 3743 Deum
2250 3692 2374 3747 caeli

811 3794 866 3839 et
895 3795 1077 3847 terra,
1137 3785 1301 3837 maris
1339 3793 1389 3835 et
1421 3783 1657 3837 Omnium
1691 3798 1810 3851 qua:
1842 3782 1893 3835 in
1930 3784 2009 3836 eis
2038 3794 2183 3844 sunt,
2247 3782 2380 3836 elle-

806 3886 1008 3932 ctorem
1033 3875 1416 3942 dereliquistis,
1446 3885 1499 3927 et
1522 3875 1726 3941 lapides
1785 3875 1928 3941 ipsos
1958 3873 2213 3925 adoratis.
2245 3873 2379 3924 Tum

804 3966 977 4021 Judex
1026 3967 1072 4017 ei
1112 3966 1243 4018 dixit
1288 3983 1300 4019 :
1347 3965 1424 4019 Ne
1470 3972 1624 4034 putes
1666 3966 1766 4018 ista
1807 3976 1895 4018 tua
1937 3967 2246 4019 constantia
2295 3978 2380 4017 me

809 4058 1008 4110 victum
1043 4056 1141 4118 iri;
1175 4072 1278 4109 non
1307 4057 1481 4109 sinam
1514 4066 1564 4109 te
1596 4056 1796 4118 vivere,
1822 4057 1921 4106 nisi
1954 4056 2056 4108 diis
2085 4056 2378 4116 saeritices,

806 4158 862 4201 et
921 4150 1247 4202 invictorum
1308 4149 1692 4215 imperatorum
1745 4147 1937 4201 edictis
1989 4146 2229 4201 obedias.
2284 4146 2379 4199 Cui

808 4241 1042 4294 Aeacius
1106 4256 1120 4292 :
1184 4237 1238 4293 Si
1292 4239 1535 4292 timerem
1608 4240 1779 4292 minas
1849 4248 1991 4300 tuas,
2046 4240 2223 4291 statim
2287 4239 2379 4291 tibi

810 4332 1211 4400 obtemperans,
1262 4331 1508 4383 fecissem
1560 4332 1700 4397 quod
1737 4329 1924 4397 jubes;
1962 4329 2215 4399 quoniam
2252 4343 2381 4382 vero

809 4424 1073 4478 sententia
1105 4438 1222 4475 mea
1248 4421 1436 4474 melior
1458 4431 1560 4485 est,
1579 4436 1739 4490 quam
1768 4432 1876 4486 tua,
1904 4422 2078 4474 minas
2096 4422 2229 4474 istas
2248 4421 2378 4472 nihil

812 4511 975 4563 timeo
1010 4526 1023 4563 :
1060 4511 1165 4573 fac,
1198 4510 1339 4578 quod
1376 4512 1522 4565 libet.

880 4600 1022 4656 XIX.
1060 4602 1208 4655 Tunc
1240 4603 1405 4655 Iudex
1443 4601 1621 4656 furore
1670 4604 1907 4669 percitus
1940 4621 1952 4657 :
1993 4602 2378 4669 Sacriﬁeasne,

808 4696 1004 4760 inquit,
1040 4710 1105 4744 an
1149 4696 1323 4746 adhuc
1356 4695 1532 4762 pergis
1581 4695 1857 4747 insanire?
1901 4695 2197 4763 Respondit
2240 4696 2379 4749 Aea-

810 4784 923 4837 cius
961 4802 973 4837 :
1014 4782 1090 4837 Tu
1147 4791 1324 4854 pergis
1366 4785 1414 4837 id
1451 4786 1652 4849 facere,
1685 4787 1773 4855 qui
1826 4787 2088 4849 homines,
2126 4803 2152 4837 ιι
2186 4788 2382 4855 quibus

812 4877 948 4929 nihil
984 4878 1105 4928 mali
1141 4880 1485 4931 commissum
1522 4889 1602 4933 est
1636 4894 1808 4947 neque
1851 4881 2050 4949 aliquid
2087 4880 2137 4934 in
2171 4891 2220 4933 te
2254 4896 2379 4948 pec-

807 4976 984 5019 catum
1017 4965 1134 5030 fuit,
1171 4968 1247 5020 sic
1276 4967 1471 5034 injuste
1503 4967 1817 5021 consumis?
1849 4968 1971 5021 Hinc
1995 4985 2112 5020 eum
2144 4970 2382 5022 audisset

793 5060 986 5130 judex,
1010 5061 1171 5124 jussit
1200 5061 1371 5129 virgas
1401 5076 1637 5129 quernas
1668 5058 1873 5121 aﬂ‘erri,
1898 5069 1948 5111 et
1973 5059 2088 5127 ejus
2124 5070 2271 5129 terga
2315 5075 2378 5113 ac

810 5164 1049 5206 ventrem
1085 5154 1381 5205 verberari.
1424 5154 1668 5221 Cumque
1703 5153 1889 5205 decem
1927 5153 2173 5205 homines
2220 5153 2381 5205 vicis-

807 5244 908 5296 sim
956 5245 1138 5297 Acacii
1204 5258 1399 5311 corpus
1459 5249 1827 5299 verberarem.
1866 5257 2071 5313 martyr
2107 5247 2220 5312 ipse
2267 5254 2377 5296 tor-

810 5338 1001 5390 mentis
1061 5336 1314 5397 alllictus,
1370 5338 1446 5389 sic
1508 5336 1773 5389 clamabat
1830 5352 1846 5390 :
1896 5334 2130 5400 Christe,
2188 5335 2376 5401 adjttva

811 5424 1063 5480 humilem
1096 5444 1308 5482 servum
1350 5439 1527 5483 tuttm.
1580 5430 1751 5481 Iratus
1784 5441 1959 5481 autem
1995 5429 2195 5499 judex,
2220 5428 2381 5497 jussit

808 5527 1047 5569 ventrem
1110 5518 1339 5585 amplius
1396 5519 1692 5572 verberari.
1753 5518 1992 5587 Cumque
2055 5496 2240 5572 deeein
2302 5518 2375 5571 ilii

806 5609 1048 5660 homines
1097 5610 1197 5658 hoc
1247 5608 1518 5667 fecissent,
1552 5617 1607 5660 et
1657 5609 1845 5661 beatus
1892 5618 2097 5676 martyr
2148 5608 2377 5670 doleret,

806 5709 934 5749 voce
975 5714 1163 5767 magna
1204 5698 1391 5753 dixit:
1441 5697 1665 5753 Domine
1721 5698 1845 5753 Jesu
1902 5699 2133 5761 Christe,
2183 5700 2375 5768 adjuva

810 5802 1023 5844 servum
1058 5801 1201 5844 tuum
1228 5792 1501 5846 Acacium.
1529 5789 1639 5847 Hoc
1671 5806 1790 5847 cum
1827 5793 1891 5847 ab
1925 5807 1988 5847 eo
2022 5793 2217 5846 dictum
2248 5791 2379 5848 [υἱε-

2535 2224 2644 2277 ιιικ-
2676 2224 2733 2277 ’0
2764 2223 3029 2293 δικαστὴς
3087 2217 3242 2277 εἶπεν
3268 2240 3280 2253 ·
3314 2225 3385 2277 Συ
3440 2225 3701 2294 χρήματα
3745 2224 3905 2293 παρά
3946 2224 4051 2276 τῶν

2466 2317 2738 2368 συνέθνων
2775 2315 2940 2368 αὐτοῦ
2976 2314 3177 2379 λαϐὼν,
3230 2315 3446 2378 παίζειν
3479 2317 3652 2376 Θέλεις
3696 2317 3757 2368 τὸ
3792 2317 4054 2385 δικαστή-

2469 2427 2602 2481 ριον.
2636 2410 2749 2460 Καὶ
2787 2408 3066 2475 θυμωθείς
3117 2408 3429 2471 ἐκέλευσεν,
3493 2410 3875 2477 καταυχενίοις
3910 2410 4055 2477 αύτῷ

2474 2502 2749 2569 μολίϐδεσι
2807 2500 3142 2571 χρήτασθαι.
3183 2501 3271 2563 Ὠς
3303 2499 3359 2551 δὲ
3402 2499 3759 2562 ἐϐασανίζετο
3801 2502 3829 2553 ὁ
3863 2502 4054 2571 δεσμο-

2470 2592 2663 2661 φύλαξ,
2699 2593 2825 2644 ἐϐόα
2859 2593 2951 2644 καὶ
2978 2592 3163 2658 ἔλεγεν
3187 2607 3199 2620 ο
3229 2591 3432 2659 Δέομαί
3455 2607 3569 2655 σου,
3595 2593 3643 2644 εἰ
3674 2591 3855 2654 ἄλλως
3882 2590 4053 2654 εἷπον,

2470 2685 2794 2739 ἀπόκτεινόν
2828 2702 2917 2753 με.
2959 2685 3014 2737 Ὀ
3065 2685 3326 2753 δικαστὴς
3355 2680 3546 2737 εἶπεν·
3599 2685 3711 2737 Οὔκ
3751 2681 3847 2737 οὖν
3882 2688 4056 2754 γόητα

2472 2778 2633 2829 αὑτὸν
2671 2778 3004 2844 ἀποφέρεις;
3072 2776 3129 2826 't)
3181 2776 3528 2844 δεσμοφύλαξ
3573 2773 3767 2828 εἶπεν·
3842 2778 3986 2843 Ἐγὼ
4032 2780 4057 2827 ὀ

2474 2863 2634 2929 εἶδον,
2669 2863 2821 2919 εἷπον
2845 2882 2855 2893 ·
2891 2867 2939 2917 εί
2964 2865 3018 2917 δὲ
3046 2866 3192 2917 ἔστιν
3223 2868 3379 2934 γόης,
3402 2867 3501 2917 οὐκ
3530 2862 3670 2920 οἶδα.
3712 2868 3769 2918 Ὀ
3796 2868 3854 2917 δὲ
3884 2868 4056 2935 μακάο

2480 2976 2589 3029 ριος
2628 2958 2881 3020 ’Λκάκιος
2919 2958 3090 3019 ἑστώς
3116 2959 3208 3009 καὶ
3235 2957 3451 3009 ἀκούων
3482 2957 3659 3010 ταῦτα
3704 2960 3937 3025 ἐγέλασε
3971 2959 4059 3009 ἐπὶ

2476 3054 2539 3120 τῇ
2574 3053 2854 3120 ἀφροσύνῃ
2886 3051 3086 3114 αὐτῶν,
3119 3051 3209 3103 καὶ
3235 3050 3393 3103 τοῦτο
3417 3052 3671 3113 κλασθεὶς
3702 3052 3829 3114 τους
3873 3051 4058 3117 σιαγὸ·

2479 3160 2596 3203 νας,
2620 3145 2692 3204 ὡς
2716 3144 2804 3194 τὸν
2830 3144 3089 3211 δικαστὴν
3118 3144 3279 3196 πάλιν
3301 3143 3627 3212 ὀργισθέντα
3650 3161 3660 3171 ·
3702 3144 4060 3207 Καταπαίξαι

2482 3233 2638 3301 ἡμῶν
2697 3230 2880 3301 ἦλθες,
2932 3236 3129 3303 λέγων,
3167 3234 3386 3303 θαρρῶν
3444 3239 3564 3295 ταῖς
3612 3235 3894 3301 γοητείαις
3932 3250 4058 3298 ceu;

2494 3324 2794 3393 Ἀπεκρίθη
2858 3326 3146 3385 ’Ᾱκάκιος·
3209 3324 3352 3389 Ἐγὼ
3386 3326 3482 3393 μὲν
3530 3325 3589 3375 ού
3624 3326 3959 3387 καταπαίζω
3989 3325 4059 3384 ἀς

2483 3417 2783 3485 ἐπικαίρων
2816 3418 2881 3484 τῇ
2907 3416 3155 3485 ἀπωλείᾳ
3186 3414 3341 3484 ὑμῶν
3367 3432 3380 3466 τ
3429 3416 3566 3468 ἁλλά
3598 3414 3690 3475 καὶ
3724 3416 3941 3485 σφόδρα
3972 3417 4059 3467 λυ-

2483 3506 2696 3573 ποῦμαι
2741 3506 2869 3575 περὶ
2898 3506 2997 3574 τῆς
3032 3507 3202 3559 ἀϊδίου
3239 3506 3393 3575 ὑμῶν
3425 3506 3676 3578 κρίσεως.
3735 3507 3975 3569 Παίζετε
4011 3507 4059 3559 δὲ

2483 3599 2639 3666 ὑμεῖς
2674 3598 2774 3667 τὴν
2803 3598 3014 3650 ἑαυτῶν
3050 3596 3214 3667 ζωὴν,
3250 3600 3645 3661 καταλιπόντες
3684 3600 3776 3650 τον
3803 3600 4059 3668 ἀληθιών

2481 3688 2635 3752 Θεὸν,
2667 3690 2757 3741 τὸν
2792 3690 3094 3758 ποιήσαντα.
3135 3688 3227 3739 τὸν
3261 3691 3511 3758 οὐρανὸν,
3546 3690 3639 3740 καὶ
3672 3690 3771 3757 τὴν
3803 3691 3935 3757 γῆν,
3972 3692 4060 3740 καὶ

2481 3783 2579 3849 τὴν
2642 3781 2941 3841 θάλασσαν,
2983 3782 3077 3831 καὶ
3112 3782 3288 3832 πάντα
3339 3781 3406 3831 τὰ
3437 3781 3492 3829 ὲν
3525 3781 3728 3841 αὐτοῖς,
3762 3783 3862 3829 καὶ
3898 3782 4060 3842 λίθοις

2485 3870 2939 3940 προσκυνοῦντες.
2984 3869 3043 3920 Ὀ
3067 3869 3327 3938 δικαστὴς
3368 3863 3557 3919 εἶπεν·
3607 3867 3700 3938 Μὴ
3721 3868 3963 3942 νομίσῃς
4000 3889 4060 3939 με

2483 3962 2701 4029 νικῆσαι
2732 3962 2795 4029 τῇ
2828 3958 3044 4029 εὐτονίᾳ
3095 3976 3188 4011 σου
3216 3977 3227 3990 ο
3263 3960 3364 4011 οὐκ
3415 3958 3489 4012 ὲῶ
3524 3976 3578 4011 σε
3612 3958 3801 4029 ζῆσαι,
3838 3963 3940 4014 ἐὰν
3992 3967 4057 4031 μὴ

2484 4046 2655 4115 θύσῃς
2696 4049 2788 4097 καὶ
2846 4047 3145 4116 πληρώσῃς
3199 4048 3259 4100 τὸ
3315 4051 3658 4119 προσταχθέν
3698 4068 3784 4102 σοι
3814 4052 3929 4105 ὑπὸ
3961 4055 4061 4105 τῶν

2483 4136 2764 4204 ἀηττήτων
2790 4138 3211 4211 αὐτοκρατόρων
3249 4140 3537 4211 βασιλέων.
3585 4140 3846 4203 ’Δκάκιος
3879 4143 4025 4212 λέγει
4049 4161 4061 4173 ·

2468 4229 2544 4283 Ei
2578 4228 2889 4299 ἐφοϐούμην
2914 4246 3008 4281 σου
3032 4231 3129 4293 τὰς
3152 4231 3407 4296 ἀπειλὰς,
3439 4232 3549 4284 ἀπὸ
3594 4231 3823 4300 πρώτης
3854 4235 3926 4290 ἂν
3953 4253 4065 4287 πει-

2485 4321 2629 4383 σθείς
2654 4338 2735 4373 σοι
2766 4323 2983 4375 ἐποίουν
3007 4321 3036 4372 ὃ
3069 4322 3245 4388 λέγεις
3266 4339 3282 4351 ο
3317 4322 3506 4391 ἐπειδὴ
3529 4321 3584 4373 δὲ
3612 4325 3638 4374 ὀ
3668 4324 3942 4392 λογισμός
3969 4346 4060 4393 μον

2484 4414 2720 4466 καλλίων
2744 4431 2837 4465 σου
2876 4415 2994 4465 ἐστὶ
3031 4415 3124 4465 καὶ
3148 4415 3207 4464 οὐ
3235 4414 3512 4483 φοϐοῦμαί
3546 4432 3638 4467 σου
3673 4418 3776 4479 τὰς
3809 4420 4061 4481 ἀπειλὰς,

2414 4519 2457 4573 ι)
2489 4503 2627 4555 ποίει
2654 4502 2680 4554 ὃ
2704 4502 2897 4565 θέλεις.

2538 4596 2655 4673 '10’.
2690 4596 2822 4649 Τότε
2865 4597 3138 4667 Θυμωθεὶς
3171 4600 3199 4651 ό
3236 4599 3499 4670 δικαστὴς
3532 4599 3716 4668 λέγει·
3765 4602 3938 4665 Θύεις
3963 4602 4063 4655 λοιο

2486 4689 2638 4757 πδνῆ
2672 4688 2751 4740 ἔτι
2783 4690 3065 4757 ἐπιμένεις
3100 4694 3163 4760 τῇ
3201 4694 3384 4762 μωρία
3424 4710 3553 4758 σου;
3598 4695 3863 4756 Ἀκάκιος
3898 4694 4062 4747 εἶπεν·

2497 4776 2805 4843 Ἐπιμένεις
2838 4778 2901 4826 σὺ
2934 4779 3253 4847 ἀνθρώπους
3285 4782 3452 4849 μηδὲν
3485 4783 3806 4849 πράξαντας
3836 4788 4011 4838 κακὸν
4039 4787 4063 4849 ἦ

2482 4869 2869 4937 ἀδικήσαντας,
2900 4871 3100 4934 ἀδίκως
3123 4872 3294 4937 οὕτως
3323 4875 3667 4941 ἀναλίσκων;
3713 4878 4001 4942 Ἀκούσας
4020 4882 4064 4931 ἑὲ

2483 4961 2652 5013 ταῦτα
2674 4961 2700 5012 ό
2724 4963 3004 5033 δικαστὴς,
3037 4966 3252 5018 κελεύει
3283 4968 3545 5036 μηλεῖνας
3582 4969 3820 5036 ῥάϐδους
3847 4974 4065 5042 ἐνεχῆο

2484 5070 2570 5105 ναι
2604 5057 2697 5106 καὶ
2727 5057 2868 5106 κατὰ
2904 5055 2997 5106 τοῦ
3039 5057 3209 5110 νώτου
3242 5060 3336 5110 καὶ
3367 5060 3464 5127 τῆς
3495 5061 3705 5122 κοιλίας
3761 5064 4064 5116 τύπτεσθαι

2483 5146 2669 5199 αὐτόν.
2736 5146 3103 5215 Ἀλλαγέντων
3129 5150 3184 5203 δὲ
3239 5151 3370 5203 δέκα
3409 5152 3717 5221 ἀνθρώπων
3748 5158 4065 5209 τυπτόντων

2482 5240 2663 5303 αὐτὸν,
2691 5240 2717 5290 ὁ
2750 5240 2962 5311 μάρτυς
2988 5243 3046 5292 ἐν
3079 5244 3197 5303 ταῖς
3225 5243 3480 5311 βασάνοις
3510 5245 3637 5297 ἐϐόα
3672 5244 3861 5313 λέγων
3882 5264 3897 5276 ⁸
3940 5252 4063 5319 Χριὴ

2484 5331 2593 5394 στὲ,
2624 5330 2807 5400 βοήθει
2840 5349 2929 5400 μοι
2960 5333 3036 5402 τῷ
3066 5336 3307 5406 ταπεινῷ
3347 5337 3522 5405 δούλῳ
3572 5353 3691 5389 σου.
3727 5338 3848 5391 Καὶ
3887 5342 4063 5410 θυμω-

2482 5423 2594 5486 θείς
2616 5427 2643 5475 ὁ
2682 5426 2941 5495 δικαστὴς
2965 5427 3176 5480 κελεύει
3209 5430 3351 5481 κατὰ
3372 5432 3469 5498 τῆς
3506 5430 3720 5495 κοιλίας
3756 5434 4062 5487 τύπτεσθαι

2482 5517 2661 5570 αὐτόν.
2709 5519 2979 5587 Ἀλγήσας
3011 5518 3112 5571 δὲὸ
3157 5521 3428 5591 μακάριος
3461 5524 3729 5593 ἀνεϐόησε
3770 5532 3935 5598 φωνῇ
3976 5513 4062 5595 μὲ-

2482 5608 2645 5677 γαλῃ,
2677 5611 2769 5661 καί
2818 5605 3005 5662 εἶπεν·
3061 5611 3233 5680 Κύριε
3278 5614 3451 5682 Ἰησοῦ
3486 5615 3714 5683 Χριστὲ,
3772 5618 3972 5689 βοήθει
4002 5618 4063 5685 τῷ

2481 5698 2652 5770 δούλῳ
2692 5716 2784 5753 σου
2851 5702 3110 5773 Ἀκακίῳ.
3167 5705 3367 5757 Τούτου
3427 5708 3693 5778 ῥηθέντος
3745 5712 3844 5763 ὑπ’
3886 5712 4063 5773 αὐτοὶ,

2481 5792 2684 5859 εὐθέως
2715 5794 2871 5868 φωνὴ
2891 5797 2956 5849 ὲκ
2985 5796 3078 5851 τοῦ
3101 5798 3335 5869 ούρανοῦ
3361 5800 3579 5867 ἐγένετο
3612 5801 3862 5870 λέγουσα
3900 5804 4063 5873 αὐτῷ·
