4196 6306
169 388 281 454 237

158 596 271 645 τῶν
308 594 559 659 πατέρων
611 610 703 644 σου
763 593 983 645 ἀπιέναι
1045 592 1138 644 καὶ
1192 592 1569 660 εὐφρανθῆναι
1604 585 1728 651 ὧδε,

159 684 294 733 ὅπου
326 681 419 733 νῦν
439 682 719 748 ὁμολογεῖς
742 682 800 732 τὸ
830 680 998 748 ὄνομά
1033 697 1157 748 μου.
1182 681 1293 731 Καὶ
1314 682 1612 749 γενομένης
1634 680 1731 747 τῆς

160 774 345 839 φωνῆς
411 773 638 837 ταύτης,
696 773 745 822 οἱ
795 771 1091 833 τύπτοντες
1139 772 1300 823 αὐτὸν
1355 773 1731 840 ναρκήσαντες

157 865 395 928 ἔστησαν
418 864 609 924 ἐννεοὶ,
651 862 725 931 μὴ
759 863 1051 929 δυνάμενοι
1107 864 1205 922 τὰς
1241 864 1430 929 χεῖρας
1484 861 1724 923 κινῆσαι,

156 954 301 1007 ὥστε
342 954 614 1006 ἐπὶτοῦτο
657 953 1037 1022 ἀπορρηθῆναι
1072 952 1164 1004 τὸν
1219 954 1478 1020 ἄρχοντα,
1511 952 1605 1003 καὶ
1637 951 1731 1002 θυ-

159 1046 409 1113 μωθῆναι
466 1047 687 1113 σφόδρα,
720 1044 815 1095 καὶ
859 1044 1076 1111 πέμψαι
1136 1043 1225 1093 τὶν
1272 1041 1429 1108 ἅγιον
1477 1042 1729 1094 Ἀκάκιον

151 1136 443 1203 manus)
468 1134 542 1201 τῷ
568 1134 869 1201 ἀνθυπάτῳ
891 1135 989 1202 τῆς
1016 1134 1290 1203 Εὐρώπης
1318 1134 1457 1201 μετά
1483 1135 1727 1190 καὶάνα-

157 1227 332 1295 φορᾶς
367 1226 656 1291 γράψαντα
685 1223 882 1287 οὕτως⁹

226 1502 312 1555 κ’.
340 1503 428 1570 Τῷ
459 1503 601 1555 κατὰ
644 1502 820 1555 πάντα
866 1502 1308 1571 θαυμασιωτάτῳ
1358 1502 1451 1553 καὶ
1488 1500 1732 1569 μεγίστῳ

146 1595 381 1663 δικαστῇ
413 1592 694 1661 Φλακκίνῳ
727 1592 1023 1661 ἀνθυπάτῳ
1079 1594 1329 1655 Βιϐιανδς
1380 1595 1407 1644 ό
1435 1592 1731 1659 αἰδεσιμώ-

148 1702 316 1747 τατος
357 1684 678 1746 καθολικός”
740 1684 997 1735 Ἀκάκιοδ
1050 1683 1140 1733 τὸν
1198 1683 1299 1749 τῆς
1346 1681 1577 1741 ἀσεϐοῦς
1605 1680 1731 1749 θρη-

150 1779 344 1837 σκείας
377 1776 484 1828 τῶν
525 1776 868 1845 Χριστιανῶν
920 1774 1222 1843 συνήγορον
1272 1772 1599 1839 πεμφθέντα
1638 1787 1727 1840 μοι

149 1870 305 1937 παρὰ
330 1870 554 1936 Φήρμου
606 1866 698 1918 τοῦ
735 1866 1030 1933 ταξιάρχου
1082 1866 1189 1915 τῶν
1219 1863 1456 1933 ἀριθμοῦ
1491 1864 1717 1931 Μαρτη-

149 1960 286 2011 σίων
312 1959 406 2010 καὶ
444 1961 516 2025 μὴ
543 1958 869 2027 βουλόμενον
920 1958 1091 2009 εἴκειν
1136 1959 1248 2018 τοῖς
1296 1955 1728 2023 ηπροσταχθείσιν

145 2052 217 2100 τά
260 2051 408 2117 παρᾶ
459 2049 567 2100 τῶν
624 2050 910 2115 ἀηττήτων
964 2046 1229 2114 βασιλέων
1270 2047 1449 2112 ἡμῶν·
1486 2048 1593 2111 πρὸ
1619 2046 1727 2111 γὰρ

144 2148 356 2193 τούτων
384 2139 490 2191 τῶν
538 2140 711 2190 εἴκοσι
754 2138 980 2205 ἡμερῶν
1017 2136 1397 2187 ἀποσταλέντα
1427 2136 1726 2202 δεξάμενος

145 2232 314 2285 αὐτὸν
344 2234 433 2282 καὶ
464 2231 737 2297 στιϐαρῶς
773 2228 870 2296 τὴν
900 2228 1019 2278 κατ’
1048 2225 1213 2278 αὐτοῦ
1243 2226 1532 2295 ἀνάκρισιν
1568 2237 1724 2293 ποιη-

146 2327 409 2389 σάμενος,
462 2321 612 2374 οὐδὲν
664 2320 827 2372 πλέον
861 2320 1060 2388 ἴσχυσα
1098 2317 1392 2386 ἐνεργῆσαι
1446 2320 1523 2379 εἰς
1563 2318 1727 2369 αὐτὸν

143 2414 292 2480 πλὴν
325 2414 522 2474 κόπους
551 2413 642 2463 καὶ
673 2411 845 2479 θυμόν
865 2427 877 2437 ·
912 2408 1007 2461 τοῦ
1041 2409 1406 2475 προκειμένου
1432 2408 1540 2475 γὰρ
1558 2405 1725 2459 αὑτοῦ

148 2503 361 2555 σκοποῦ
406 2503 589 2571 ἔχεται
650 2501 948 2569 ἐπιμελῶς.
1008 2500 1160 2551 Ἐπεὶ
1199 2498 1293 2550 οὖν
1320 2499 1479 2549 πλέον
1504 2501 1530 2549 ό
1564 2498 1726 2564 φόϐος

144 2597 443 2664 πρόσεστιν
473 2598 535 2663 τῇ
570 2593 798 2662 μεγίστῃ
824 2609 919 2642 σου
944 2592 1186 2659 ἐξουσίᾳ,
1214 2589 1401 2640 τοῦτον
1441 2590 1579 2657 μετά
1612 2590 1722 2641 τῶν

143 2686 502 2754 πραχθέντων
558 2686 636 2744 εἰς
698 2682 859 2733 αὐτὸν
930 2682 1080 2750 παρὰ
1138 2682 1203 2749 τῇ
1254 2681 1360 2748 ἐμῇ
1419 2679 1719 2749 βραχύτητι

142 2776 445 2828 ἀπέστειλα
476 2777 567 2826 ἐπὶ
601 2775 700 2841 τὴν
741 2772 1006 2843 μεγίστην
1050 2789 1143 2824 σου
1187 2771 1458 2835 ἐξουσίαν,
1503 2772 1721 2836 αἱκίσας

140 2869 313 2920 αὑτὸν
347 2868 568 2919 πλεῖστα
593 2865 780 2919 tauro?)
804 2863 1160 2933 δικαστηρίου
1194 2864 1290 2913 καὶ
1331 2863 1503 2924 οὕτως
1541 2876 1719 2930 παρα-

144 2959 375 3029 πέμψας
413 2961 511 3029 τὴν
540 2958 900 3028 λαμπρότητά
935 2972 1025 3007 σου
1051 2972 1063 2983 ·
1093 2954 1265 3015 οὕτως
1306 2955 1443 3004 κατά
1470 2955 1567 3022 τὴν
1607 2955 1716 3004 τῶν

144 3050 444 3116 βασιλικῶν
467 3048 903 3114 προσταγμάτων
923 3046 1164 3109 διάταξιν
1184 3045 1410 3113 πράξεις
1432 3045 1507 3105 εὶς
1530 3044 1711 3097 αὐτόν.

1225 392 1397 451 VITA
1441 392 1499 449 S.
1550 389 1796 449 ACACll
1833 391 2314 453 CAPPADOCIS.

166 503 259 571 Μὴ
297 500 487 569 φοϐοῦ,
537 500 781 562 ’Ᾱκά“κιε,
814 500 949 553 ἀλλὰ
980 500 1168 565 θάρσει
1192 516 1204 529 ⁸
1241 501 1299 551 σὲ
1341 500 1450 568 γὰρ
1478 501 1559 551 δεῖ
1596 497 1723 567 μετὰ

1836 508 1935 560 set,
1970 503 2153 553 statim
2185 517 2283 557 vox
2314 505 2378 556 de
2413 512 2549 558 cocto
2578 511 2741 569 venir,
2767 521 2828 563 ac
2860 508 2993 563 dixit

3034 529 3047 564 :
3085 510 3158 566 Ne
3186 512 3394 575 timeas.

1837 592 2019 652 Aeaci.
2074 595 2165 646 sed
2206 606 2324 653 esto
2366 596 2503 650 bono
2549 598 2761 663 animo;
2812 601 2967 655 decet
3016 604 3157 657 enim
3194 614 3246 661 te
3278 621 3397 660 cum

1837 684 2079 749 patribus
2120 686 2223 739 luis
2255 700 2393 748 esse,
2428 698 2480 740 ct
2508 690 2645 742 caelo
2684 701 2986 746 versantem
3017 696 3299 764 obiectari,
3337 717 3399 753 co

1836 775 1978 840 quod
2028 792 2169 829 nunc
2213 778 2448 831 nominis
2495 781 2595 833 mei
2643 783 3033 838 confessionem
3076 792 3395 854 proﬁtearis.

1836 866 1965 919 Cum
1998 867 2110 921 haec
2141 884 2239 922 vox
2269 870 2452 923 audita
2483 881 2646 937 esset,
2676 874 2922 930 homines
2967 872 3037 929 illi
3066 880 3156 946 qui
3193 895 3397 954 marty-

1838 970 1947 1008 rem
1978 959 2353 1024 verberabant,
2383 969 2752 1027 torpescentes
2780 973 3031 1033 tanquam
3066 972 3193 1022 muti
3226 972 3395 1027 effecti

1837 1056 1984 1110 sunt,
2018 1065 2190 1116 neque
2222 1066 2410 1105 manus
2443 1053 2585 1119 ipsas
2614 1055 2843 1121 amplius
2879 1072 3095 1112 movere
3133 1071 3397 1129 poteranr,

1836 1138 1905 1190 ita
1964 1138 2208 1207 tttjudex
2261 1142 2370 1209 ipse
2408 1145 2725 1210 ambigeret,
2780 1156 2833 1199 et
2886 1147 3068 1202 furore
3121 1167 3397 1215 accensus,

1834 1239 2075 1281 sanctum
2115 1227 2260 1282 illum
2297 1242 2582 1300 martyrem
2615 1234 2869 1288 Acacium
2907 1240 2969 1291 ad
3004 1240 3206 1307 majora
3252 1227 3402 1313 judi-

1834 1319 1938 1382 cia,
1987 1321 2087 1373 hoc
2116 1331 2218 1382 est,
2257 1323 2320 1373 atl
2366 1322 2674 1377 Flaccinum
2723 1331 3097 1393 proconsulem
3154 1330 3401 1389 Thraciae

1838 1410 2095 1474 mitteret,
2127 1412 2215 1479 qui
2258 1420 2311 1465 et
2345 1413 2656 1466 relationem
2696 1416 2853 1469 talem
2888 1419 2953 1471 ad
2988 1434 3109 1473 eum
3147 1425 3396 1489 scripsit:

1906 1498 2022 1556 XX.
2054 1504 2375 1558 Admirabili
2404 1516 2458 1558 et
2492 1507 2725 1562 maximo
2765 1508 2933 1576 jutlici
2979 1509 3232 1569 Flaccino
3281 1534 3401 1586 pro-

1834 1592 2064 1655 consuli,
2103 1592 2359 1648 Bibianus
2396 1594 2781 1663 imperatorum
2831 1602 3206 1660 devotissimus
3257 1617 3403 1662 satu-

1835 1688 1939 1733 tem
2001 1698 2014 1733 :
2071 1680 2353 1745 Acacium,
2394 1683 2570 1750 impiae
2631 1687 3060 1744 Christianorum
3130 1696 3402 1766 religionis

1834 1778 2141 1836 patronum,
2178 1788 2204 1823 a
2236 1771 2421 1825 Firmo
2457 1772 2662 1828 Martia!
2702 1777 2926 1847 legionis
2971 1783 3189 1839 tribuno
3216 1792 3280 1842 ad
3320 1804 3403 1844 me

1834 1864 2081 1923 missum,
2110 1879 2281 1931 neque
2308 1866 2575 1920 volentem
2612 1870 2673 1922 iis
2700 1869 2909 1937 parere,
2940 1890 3054 1941 qure
3090 1880 3155 1932 ab
3188 1879 3403 1935 invictis

1832 1952 2246 2037 imperatoribus
2295 1957 2498 2007 nostris
2552 1970 2812 2025 pratcepta
2869 1974 3011 2025 sunt,
3045 1981 3163 2016 cum
3218 1970 3398 2035 viginti

1835 2043 2024 2093 diebus
2055 2053 2179 2094 ante
2214 2043 2277 2095 ad
2312 2060 2394 2097 me
2428 2048 2645 2099 missum
2681 2052 3000 2116 acceperim,
3029 2064 3081 2105 et
3116 2058 3404 2112 vehemen-

1833 2141 1911 2184 ter
1961 2137 2025 2184 de
2075 2134 2185 2196 ipso
2230 2135 2619 2201 inquisiverim,
2675 2140 2805 2191 nihil
2858 2144 3084 2211 amplius
3135 2149 3337 2214 profeci
3386 2170 3399 2205 :

1833 2222 2089 2288 propositi
2115 2222 2256 2275 enim
2286 2224 2364 2276 sui
2400 2233 2555 2277 tenax
2585 2238 2687 2279 est.
2712 2230 2979 2293 Quoniam
3009 2249 3133 2285 vero
3162 2245 3401 2302 potesuts

1835 2325 1919 2366 tua
1955 2315 2071 2383 plus
2106 2315 2317 2368 timoris
2354 2314 2546 2370 all‘crre
2578 2326 2775 2385 putest,
2810 2332 3089 2390 propterea
3130 2325 3399 2383 hominem

1834 2410 1971 2459 hunc
1996 2423 2120 2459 cum
2153 2408 2307 2471 actis,
2352 2424 2469 2474 quae
2500 2409 2567 2462 tle
2612 2410 2705 2464 illo
2738 2428 2766 2464 a
2798 2428 2882 2466 nte
2913 2418 3203 2483 composita
3250 2432 3398 2482 sunt,

1835 2512 1956 2548 cum
2002 2508 2051 2549 te
2108 2498 2609 2565 prmstantissimnnt
2647 2500 2817 2552 virum
2852 2517 2972 2556 esse
3004 2505 3193 2570 sciam,
3242 2511 3307 2561 ad
3354 2520 3403 2563 te

1833 2588 1972 2639 misi.
2007 2588 2137 2639 Cum
2173 2589 2332 2656 igitur
2364 2587 2645 2644 Flaccinus
2682 2591 2779 2645 has
2829 2592 3039 2648 litteras
3080 2601 3399 2665 accepisset,

1822 2675 1981 2743 jussit
2001 2688 2289 2748 martyrem
2316 2681 2367 2731 in
2393 2696 2610 2734 carcere
2634 2686 2851 2750 quidem
2875 2689 3140 2752 concludi,
3165 2692 3257 2743 sed
3285 2709 3401 2746 sct-

1827 2769 1939 2821 vari
1972 2779 2146 2821 tamen
2173 2770 2289 2822 sine
2328 2770 2574 2834 vinculis,
2605 2781 2659 2824 et
2689 2785 2889 2826 remota
2917 2778 3155 2831 custodia
3184 2781 3399 2835 illatam

1826 2862 2015 2913 atroci.
2060 2862 2291 2914 Uxorem
2343 2863 2482 2914 enim
2517 2862 2879 2917 Christianam
2920 2865 3197 2924 Flaccinus
3227 2871 3398 2925 habe-

1826 2953 1936 3013 bat,
1973 2970 1998 3003 a
2035 2968 2139 3018 qua
2192 2963 2431 3020 rogatus,
2464 2962 2517 3007 et
2556 2952 2912 3024 jurejurando
2957 2958 3098 3011 clam
3145 2961 3402 3017 astrictus

1819 3052 2018 3111 fuerat,
2058 3053 2114 3093 ut
2145 3044 2231 3108 qui
2257 3052 2472 3109 propter
2502 3044 2700 3096 Christi
2729 3047 2883 3098 fidem
2914 3048 2981 3099 ab
3012 3049 3126 3115 ipso
3160 3051 3403 3116 inquire-

140 3139 425 3209 νΕρρωσο.
486 3138 790 3206 Δεξάμενος
839 3138 893 3187 δὲ
933 3137 1281 3197 όΦλακκῖνος
1310 3136 1378 3186 τά
1412 3137 1717 3203 γράμματα

1826 3138 2044 3200 bantur,
2101 3148 2205 3188 non
2267 3133 2377 3201 diu,
2438 3149 2613 3204 neque
2664 3136 2889 3190 multum
2934 3140 3004 3193 ab
3071 3153 3139 3193 eo
3183 3143 3400 3198 crucia-

138 3229 239 3282 τοῦ
286 3228 558 3291 Βιϐιανοῦ,
613 3228 890 3278 ἐκέλευσεν
958 3224 1340 3294 ὲγκλεισθῆναι
1395 3226 1487 3275 τὸν
1542 3225 1697 3289 ἅγιον

1826 3239 2031 3282 rentur.

142 3322 404 3391 μάρτυρα
436 3321 696 3372 Ἀκάκιον
729 3318 857 3370 ἄνευ
883 3316 1100 3386 δεσμῶν
1158 3319 1215 3369 ἐν
1275 3319 1339 3386 τῇ
1387 3307 1628 3385 ’φυλακῇ
1672 3318 1913 3371 Γυναῖκα
1956 3319 2062 3385 γὰρ
2118 3313 2264 3385 εἶχεν
2316 3317 2341 3366 ό
2395 3315 2696 3378 Φλακκίνος
2756 3320 3114 3391 Χριστιανὴν,
3173 3324 3268 3377 καὶ
3299 3306 3399 3395 ’ἦν

138 3414 400 3479 ἀξιωθεὶς
438 3416 531 3467 καὶ
562 3412 834 3479 όρκισθεὶς
868 3410 1045 3479 λάθρα
1080 3410 1208 3479 παρ’
1273 3409 1467 3478 αὐτῆς,
1494 3408 1633 3460 ὥστε
1685 3410 1774 3463 διὰ
1806 3408 1899 3463 τὸν
1931 3408 2088 3476 λόγον
2120 3406 2213 3460 τοῦ
2268 3407 2506 3479 Χριστοῦ
2576 3410 2705 3471 παρ’
2752 3410 2917 3462 αὐτοῦ
2972 3412 3400 3483 ἐξεταζομένους

144 3512 227 3584 μὴ
260 3513 351 3562 ἐπὶ
382 3510 516 3561 πολὺ
554 3506 913 3575 τιμωρεῖσθαι
942 3506 1074 3572 παρ’
1107 3503 1294 3555 αὑτοῦ.

220 3598 352 3656 KA'.
381 3597 535 3649 Μετά
560 3592 651 3663 οὖν
683 3594 849 3655 ἄλλας
879 3594 1043 3645 πέντε
1069 3592 1283 3663 ἡμέρας
1318 3593 1662 3663 προκαθίσας
1697 3597 1722 3646 ὁ

140 3691 460 3749 ἁνθυπατθς
511 3685 805 3743 Φλακκίνος
862 3684 954 3735 ἐπὶ
986 3682 1081 3735 τοῦ
1122 3682 1388 3751 βήματος,
1442 3684 1723 3737 ἐκέλευσεν

138 3780 548 3850 ἐνεχῡῆναιτὸν
592 3777 864 3846 μάρτυρα.
908 3774 1015 3825 Τοῦ
1058 3775 1115 3825 δὲ
1148 3773 1417 3835 ἐλθόντος,
1457 3777 1714 3843 προσέταο

140 3878 236 3939 ξεν
276 3870 693 3937 ἀναγνωσθῆναι
752 3866 820 3917 τὰ
852 3865 937 3916 ἐπ’
974 3865 1123 3932 αὐτῷ
1166 3867 1535 3933 πεπραγμένα
1571 3866 1723 3935 παρὰ

138 3960 421 4017 Ιίιϐιανού,
452 3960 541 4007 καὶ
570 3954 1028 4020 ἀναγνωσθέντων
1057 3955 1261 4017 αὐτῶν,
1304 3954 1379 4014 ὡς
1408 3956 1722 4019 κατέμαθεν

133 4056 164 4103 ὁ
190 4049 450 4117 δικαστὴς
487 4041 582 4117 τὴν
618 4047 921 4113 αὐστηρίαν
954 4046 1051 4113 τῆς
1080 4048 1167 4095 ἐπ’
1207 4045 1355 4112 αὐτῷ
1397 4044 1723 4106 ἐξετάσεως,

134 4143 245 4211 τήν
277 4156 336 4189 τε
372 4139 623 4190 ἔνστασιν
651 4139 747 4189 καὶ¹
771 4137 963 4204 ἀκλινῆ
1000 4135 1294 4204 ὁμολογίαν
1324 4134 1417 4186 τοῦ
1445 4138 1725 4206 μάρτυρος

138 4217 241 4285 καὶ
270 4233 379 4284 τῶν
409 4232 493 4283 ἐπ’
527 4230 676 4296 αὐτῷ
703 4229 1008 4296 γεγονότων
1057 4226 1377 4295 παραδόξων
1403 4226 1723 4305 θαυμάτων,

135 4325 535 4391 αἰτιασάμενος
575 4321 665 4371 τὸν
717 4318 969 4369 Βιϐιανὸν
1032 4317 1105 4376 to;
1160 4317 1234 4383 μὴ
1297 4317 1511 4383 τάχειον
1563 4316 1723 4366 αὑτὸν

136 4418 427 4477 ἀνελόντα,
459 4413 575 4465 ἀλλ’
630 4413 709 4473 είς
740 4410 1007 4478 τοσαύτην
1044 4407 1332 4477 ἀκρίϐειαν
1387 4410 1479 4459 καὶ
1513 4406 1722 4478 ἐπερώ-

1894 3592 2037 3647 ΧΧΙ.
2084 3591 2254 3646 Jussit
2300 3592 2457 3661 igitur
2504 3590 2789 3645 Flaccinus
2828 3601 2949 3659 post
2992 3594 3230 3663 quinque
3283 3595 3401 3650 dies

1823 3684 2079 3739 Acacium
2107 3693 2396 3751 martyrem
2424 3683 2490 3733 ad
2521 3695 2579 3733 se
2606 3682 2749 3743 duci,
2776 3692 2830 3735 et
2858 3684 2975 3751 ejus
3007 3697 3125 3738 acta
3160 3690 3398 3751 recitari.

1825 3789 1948 3843 qum
1999 3773 2250 3826 Bibianus
2287 3768 2615 3826 confecerat.
2658 3773 2863 3838 Quibus
2924 3778 3183 3841 recitatis,
3217 3779 3401 3847 inqui-

1824 3865 2055 3925 sitiOnis,
2093 3877 2210 3929 qua:
2254 3876 2281 3913 a
2319 3860 2543 3915 Bibiano
2594 3861 2732 3915 facta
2771 3864 2969 3930 fuerat,
3023 3870 3397 3923 austeritatem

1824 3966 1877 4009 et
1905 3957 2157 4023 martyris
2184 3955 2570 4016 constantiam,
2596 3956 2954 4022 stabilemque
2976 3960 3396 4025 confessionem,

1822 4060 1876 4100 et
1908 4048 2164 4100 miracula
2201 4061 2293 4115 per
2324 4049 2495 4114 ipsum
2526 4046 2661 4099 facta
2693 4049 2969 4117 cognovit,
3010 4049 3399 4125 Bibianumque

1823 4137 2120 4198 accusavit,
2172 4136 2307 4201 quod
2371 4149 2475 4185 non
2538 4135 2791 4187 celeriter
2846 4150 2966 4187 eum
3024 4137 3393 4202 interfecerat.

1821 4228 1914 4278 sed
1955 4221 2058 4276 iam
2095 4226 2357 4290 exquisite
2393 4226 2652 4276 adversus
2688 4225 2972 4278 militarem
3018 4226 3289 4282 hominem
3330 4245 3391 4283 se

1820 4324 2099 4383 gesserat;
2143 4315 2410 4382 jussitque
2461 4316 2713 4383 martyris
2774 4327 2935 4381 caput
2984 4318 3223 4371 abscindi
3272 4331 3399 4373 ante

1830 4410 2012 4465 urbem
2063 4408 2401 4477 Byzantium,
2440 4409 2509 4461 ita
2560 4407 2913 4475 pronuntians
2956 4422 2969 4459 :
3006 4410 3261 4463 Acacium
3294 4411 3400 4465 Ca-

134 4525 304 4576 τησιν
336 4506 469 4574 πρὸς
493 4502 776 4571 ἄνθρωπον
806 4501 1142 4569 στρατιώτην
1162 4500 1521 4567 πεποιηκότα,
1550 4517 1716 4568 προσ-

1831 4502 2086 4553 lilzcurum
2150 4501 2471 4567 adjutorem,
2527 4511 2580 4551 et
2639 4508 2943 4551 nostrorum
3017 4503 3396 4571 imperatorum

137 4600 304 4663 ἔταξε
330 4596 471 4663 ξίφει
501 4593 887 4660 ἀποτμηθῆναι
917 4592 1012 4659 τὴν
1042 4592 1282 4660 κεφαλὴν
1312 4588 1404 4641 τοῦ
1441 4591 1717 4657 μάρτυρος

136 4691 254 4760 πρὸ
280 4685 619 4755 τῆς,πὸλεως
652 4682 975 4746 Βυζαντίου,
1023 4683 1193 4733 εἰπών
1220 4699 1233 4712 ·
1300 4682 1578 4744 Ἀκακιον,
1627 4681 1718 4733 τὸν

137 4782 255 4834 τῶν
305 4778 606 4830 Γαλιλαίων
661 4777 952 4845 σύμμαχον
988 4775 1078 4825 xui
1140 4774 1617 4840 λιποτακτήσαντα
1645 4776 1709 4840 τῇ

140 4870 440 4942 συμμαχίᾳ
494 4870 602 4937 τῶν
654 4865 1031 4939 τροπαιούχων
1074 4864 1493 4934 αὐτοκρατόρων
1538 4862 1716 4932 ἡμῶν,

137 4966 242 5033 βίᾳ
275 4961 448 5031 ταύτῃ
476 4962 676 5029 μᾶλλον
708 4958 1081 5026 αἱρησαμενον
1122 4958 1181 5009 τὸ
1219 4958 1369 5018 τέλος
1401 4954 1566 5007 αὑτοῦ
1600 4956 1719 5007 θάτ-

1831 4591 2044 4658 ΐιονεείε
2097 4591 2387 4657 insignium
2428 4591 2778 4652 desertorem,
2813 4594 2901 4659 qui
2957 4606 3178 4660 operam
3228 4596 3396 4655 dedit,

1827 4694 1882 4735 ut
1905 4685 2301 4750 quamprimum
2337 4683 2454 4734 vita:
2482 4698 2590 4734 sua:
2619 4686 2777 4735 finem
2814 4685 2972 4741 talem
3004 4686 3227 4750 videret,
3256 4686 3400 4741 sicut

1807 4773 2144 4841 lqutcstiones
2179 4772 2242 4824 de
2280 4788 2343 4825 eo
2380 4773 2533 4825 facta:
2562 4773 2863 4827 docuerunt
2898 4790 2911 4825 :
2952 4775 3115 4833 hunc.
3149 4778 3394 4844 inquam,

1829 4867 2096 4917 hominem
2135 4865 2335 4931 legibus
2370 4880 2470 4915 non
2507 4865 2844 4917 obedientem
2880 4866 3114 4919 tribunal
3149 4878 3391 4920 nostrum

1822 4956 1973 5021 jubet
2007 4956 2181 5021 gladio
2214 4954 2442 5020 percuti,
2478 4964 2530 5005 et
2562 4954 2737 5020 capite
2774 4955 2992 5027 privari.

137 5076 239 5112 τον
277 5054 426 5121 ίδεῖν,
479 5055 553 5115 ὡς
586 5056 619 5122 ἡ
643 5052 761 5105 κατ’
794 5053 955 5103 αὑτὸν
1001 5050 1246 5113 ἐξέτασις
1300 5050 1407 5101 τῶν
1438 5049 1713 5117 στρέϐλων
1755 5047 2026 5110 ἐδίδαξεν,
2100 5044 2286 5098 τοῦτον
2318 5047 2529 5099 κελεύει
2559 5048 2620 5098 τὸ
2665 5048 3017 5117 δικαστήριον
3072 5050 3181 5112 τοῖς
3211 5051 3396 5122 νόμοις

142 5152 226 5221 μὴ
263 5148 583 5215 πειθόμενον
624 5146 766 5212 ξίφει
796 5147 893 5212 τὴν
930 5145 1169 5212 κεφαλὴν
1202 5142 1574 5208 ἀποκοπῆναι.

219 5239 347 5292 KB’.
400 5240 486 5299 Ὧς
512 5237 567 5289 δὲ
597 5236 736 5303 ἔγνω
770 5237 797 5287 ό
847 5237 1114 5305 μακάριος
1147 5236 1245 5301 τῆς
1283 5236 1527 5303 κλήσεως
1551 5234 1714 5286 αὐτοι

137 5333 521 5400 τελειούμενον
574 5328 634 5379 τὸ
700 5327 900 5396 ἔργον,
962 5325 1367 5395 βραϐεύσαντος
1418 5323 1570 5391 αὐτῷ
1621 5323 1713 5374 τοῦ

145 5423 466 5490 ιΙνεύματος
495 5419 587 5471 τοῦ
622 5418 799 5484 ἁγίου,
829 5417 1127 5484 ἀνεϐόησεν
1159 5415 1252 5466 καὶ
1285 5410 1437 5466 εἶπεν
1464 5428 1477 5442 ⁶
1526 5414 1590 5463 Ὢ
1618 5412 1716 5463 πό-

141 5531 264 5575 σοις
287 5514 541 5581 στόμασι,
575 5510 803 5579 Χριστὲ,
851 5508 1133 5577 εὐλογήσω
1185 5522 1265 5570 σε,
1303 5505 1450 5574 ζωῆς
1481 5504 1711 5575 ἀρχηγὲ,

143 5603 367 5663 Υίέτοῦ
402 5602 536 5655 Θεοῦ
578 5600 673 5654 τοῦ
725 5600 949 5663 ζῶντος,
982 5599 1066 5650 ὅτι
1121 5596 1292 5659 οὕτως
1352 5596 1598 5665 ἐλεήμων
1629 5597 1723 5647 καὶ

145 5698 509 5775 μακρόθυμος
533 5690 583 5746 εί
618 5694 702 5747 ἐπ’
727 5692 851 5762 ἐμὲ,
880 5692 969 5743 τὸν
998 5690 1343 5759 ἁμαρτωλὸν,
1379 5689 1457 5749 είς
1486 5688 1726 5772 τοιοῦτον

142 5769 356 5865 ᾖλῆρον
390 5786 736 5853 καταξιώσας
781 5800 867 5853 με.
926 5785 1035 5836 Καὶ
1070 5782 1334 5849 ἀπαχθεὶς
1366 5781 1471 5847 ἔξω
1500 5769 1596 5850 τῆς
1631 5780 1724 5831 πό-

1898 5227 2060 5282 XXII.
2096 5230 2283 5282 Postea
2322 5243 2469 5291 vero,
2507 5245 2663 5296 quam
2715 5229 2902 5284 beatus
2950 5230 3183 5284 Aeacius
3236 5246 3395 5285 voca-

1828 5322 1989 5373 tionis
2052 5335 2162 5373 suae
2215 5334 2350 5388 opus
2403 5321 2625 5389 jatnjam
2685 5322 3067 5389 perliciendum
3124 5325 3393 5389 cognovit,

1827 5412 2031 5479 Spiritu
2090 5420 2279 5463 sancto
2333 5411 2404 5463 ita
2455 5414 2801 5473 decernente,
2854 5411 3096 5466 clamans
3146 5414 3223 5466 sic
3267 5415 3392 5467 ait:

1822 5503 1991 5569 Quam
2043 5502 2225 5554 multis
2279 5502 2471 5570 linguis
2527 5514 2575 5555 te
2628 5504 2844 5557 laudare
2893 5503 3107 5571 vellem,
3157 5504 3392 5570 Christe,

1823 5596 1935 5649 Dux
1974 5595 2114 5656 vitat,
2148 5602 2202 5647 et
2252 5590 2351 5645 Fili
2395 5595 2508 5660 Dei,
2550 5596 2801 5662 quoniam
2856 5596 2927 5648 ita
2985 5597 3293 5649 misericors
3341 5608 3394 5647 et

1823 5687 2087 5753 benignus
2123 5699 2182 5738 es
2217 5685 2267 5736 in
2303 5698 2387 5736 me
2440 5686 2671 5753 peccatis
2722 5686 3034 5751 obnoxium,
3067 5688 3155 5755 qui
3208 5699 3261 5741 et
3302 5688 3391 5742 tali

1826 5791 1970 5835 sorte
2005 5792 2089 5833 me
2142 5776 2389 5846 dignatus
2448 5776 2615 5832 fuisti.
2668 5778 2904 5847 Cumque
2956 5780 3149 5834 ductus
3204 5779 3391 5836 fuisset
