4196 6306
815 347 920 411 243
2123 340 2400 400 MENSIS
2442 338 2703 399 MAIUS.
3934 318 4035 381 2H

818 458 922 511 bus
954 457 1021 525 (is
1050 464 1167 511 erat
1201 454 1430 526 pulcher
1455 455 1795 519 Bonifacius,
1822 471 1929 509 non
1959 453 2162 521 ingenii
2196 452 2372 505 solum
2402 454 2448 512 Α

2402 454 2448 512 Α
2480 450 2573 503 καὶ
2597 453 2659 518 τῇ
2698 450 2831 515 πρὸς
2882 446 3049 515 αὐτὴν
3102 444 3304 513 ευνοίᾳ,
3340 438 3519 508 πολλῷ
3544 438 3599 493 δὲ
3627 437 3718 491 καὶ
3747 433 4034 505 ὡραιότητι

817 548 1040 603 solertia
1072 556 1129 602 et
1176 549 1227 601 in
1278 562 1399 601 eam
1438 547 1839 608 benevolentia.
1905 545 2002 601 sed
2070 547 2231 598 etiam
2268 543 2371 596 alia

2479 542 2585 593 τῶν
2608 541 2779 595 ἄλλων
2806 537 3057 609 κρατῶν)
3095 537 3300 606 μίξισιν
3346 533 3405 586 οὐ
3460 532 3652 593 καλαῖς
3685 527 3921 597 ἑχρῆτοο
3978 526 4033 577 οὐ

816 644 1001 708 specie
1032 641 1191 709 longe
1222 640 1512 708 superans)
1539 655 1648 693 non
1682 639 1930 695 honestis
1958 638 2215 691 utebatur
2242 651 2375 689 con-

2478 634 2587 700 γάρ
2608 632 2932 699 αἰσχύνομαι
2961 628 3133 681 ταῦτα
3166 627 3360 692 λέγων,
3401 625 3539 692 ἔχων
3570 621 3666 674 xui.
3719 616 4036 688 μετ”δλέγον

814 730 1219 796 gressionibus;
1262 746 1369 783 non
1401 729 1669 784 erubesco
1702 731 1845 784 enim
1877 731 1994 783 haec
2018 729 2221 790 dicere,
2249 741 2372 781 cum

2475 723 2645 787 δεῖξαι
2679 722 2828 774 Θείαν
2845 721 3009 793 ὅντως
3028 720 3118 772 καὶ
3146 717 3453 787 θαυμασίαν
3481 712 3805 783 μεταϐολήν.
3835 708 4039 796 ’ᾼλλως

814 820 974 885 paulo
1008 829 1131 889 post
1165 823 1365 890 possim
1408 821 1697 874 ostendere
1760 836 1887 875 vere
1920 820 2163 873 divinam
2202 814 2375 869 etad-

2475 834 2534 868 τε
2566 816 2619 867 δὲ
2659 816 2751 867 καὶ
2786 812 2929 865 οἴνου
2991 811 3086 881 μὲν
3144 811 3359 877 ἐρώτων
3410 806 3470 859 τὸ
3524 802 3803 871 καταρχὰς
3862 795 4035 870 ἥττων

814 909 1116 962 mirabilem
1167 911 1546 962 mutationem.
1613 909 1830 977 Alioqui
1890 913 2070 962 adtem
2156 921 2183 980 a
2246 906 2374 957 vino

2475 904 2542 978 ἦν
2562 922 2575 937 ·
2596 908 2653 958 οὐ
2677 906 2783 975 μὴν
2800 901 2967 958 τᾶλλα
2985 905 3223 965 τοιοῦτος
3280 903 3414 955 ἀλλὰ
3446 903 3539 954 καὶ
3556 898 3850 967 χρημάτων
3876 895 4038 960 ὑπερ-

810 1000 1030 1070 quidem
1076 1009 1133 1055 et
1156 1002 1433 1055 amoribus
1472 1002 1793 1055 vincebatur
1831 1002 1900 1053 ab
1941 998 2097 1051 initio
2134 1013 2148 1050 :
2184 997 2278 1049 sed
2317 1006 2371 1049 et

2473 1002 2641 1068 όπτης
2665 998 2857 1067 κομιδὴ
2885 994 3421 1065 μεγαλοψυχώτατος,
3446 996 3538 1044 καὶ
3567 988 3841 1072 δεομένοις
3870 984 4038 1039 ταῦτα

812 1094 1058 1161 pecunias
1103 1102 1221 1145 erat
1282 1102 1626 1162 contemptor
1690 1090 2281 1160 niagniticentissimus,
2321 1096 2373 1140 et

2475 1094 2747 1160 διανεῖμαι
2800 1089 3248 1159 φιλοτιμώτατος,
3304 1086 3397 1139 καὶ
3428 1083 3731 1153 φιλοξενίαν
3770 1082 3932 1148 εἴπερ
3960 1093 4040 1137 τις

809 1183 878 1238 ad
904 1200 996 1238 cas
1018 1185 1307 1260 egentibus
1324 1185 1730 1238 distribuendas
1755 1185 1913 1250 longe
1933 1180 2372 1239 liberalissimus,

2477 1185 2633 1245 ἄλλος
2663 1185 3169 1253 φιλοφρονέστατος.
3220 1180 3415 1234 Ὁπότε
3445 1178 3576 1245 γοῦν
3609 1178 3705 1229 ίδοι
3749 1174 3904 1236 τινὰς
3934 1170 4038 1224 τῶν

812 1283 871 1329 et
904 1275 1263 1345 hospitalitati
1314 1276 1551 1339 deditus,
1582 1277 1626 1330 si
1655 1275 1796 1328 ullus
1835 1274 1994 1326 alius.
2039 1271 2093 1324 Si
2156 1267 2374 1336 quando

2475 1274 2917 1342 ὁδοιπορούντων,
2945 1275 2977 1344 ἦ
3010 1273 3248 1326 καύσωνι
3274 1272 3367 1323 καὶ
3410 1268 3551 1337 δίψει
3593 1266 3955 1334 τηκομένους,
4005 1264 4035 1332 ἣ

808 1381 939 1435 ergo
984 1367 1211 1422 vidisset
1269 1368 1483 1436 aliquos
1536 1383 1601 1421 ex
1637 1356 1962 1427 viatoribus,
1998 1371 2091 1415 aut
2138 1368 2273 1413 astu
2319 1366 2375 1415 et

2476 1368 2613 1435 χιόνι
2642 1368 2733 1418 καὶ
2755 1366 2915 1436 ψύχει
2958 1360 3593 1436 προσπηγνυομένους,ἢ
3627 1360 3798 1419 ἄλλως
3839 1358 3904 1407 ἐκ
3944 1354 4038 1422 τῆς

812 1456 903 1510 siti
945 1458 1238 1526 eliquatos.
1293 1468 1388 1511 aut
1420 1457 1545 1513 nive
1580 1468 1636 1510 et
1682 1456 1885 1525 frigore
1947 1460 2255 1513 concretos,
2281 1461 2375 1503 aut

2474 1459 2780 1528 ὁδοιπορίας
2821 1458 3240 1527 βαρυνομένους,
3288 1455 3448 1517 αὐτὸς
3474 1451 3815 1509 ἐπισπεύδων
3842 1449 4038 1518 ίλαρῶς

807 1548 912 1602 alia
943 1549 1151 1605 ratione
1199 1551 1397 1605 itinere
1429 1559 1701 1619 gravatos,
1741 1548 1857 1615 ipse
1889 1545 2149 1597 festinans
2185 1543 2374 1596 hilari-

2475 1552 2703 1619 ὑπήντα,
2728 1553 2817 1602 καὶ
2850 1550 2940 1602 τοῦ
2973 1550 3173 1620 μόχθου
3195 1545 3671 1601 διαναπαύσασθαι
3716 1543 4040 1611 παρεκάλει,

810 1649 893 1691 ter
914 1639 994 1691 eis
1024 1640 1137 1692 ibat
1164 1641 1403 1705 obviam,
1440 1648 1494 1691 et
1518 1640 1743 1708 rogabat
1772 1647 1831 1691 ut
1857 1653 1884 1689 a
1914 1636 2097 1689 labore
2152 1632 2373 1712 regilie-

2475 1642 2570 1695 καὶ
2601 1643 2850 1708 εἴξαντας
2888 1644 2964 1705 είς
2998 1641 3093 1711 τὴν
3120 1641 3298 1692 οὶκίαν
3327 1636 3636 1705 εἰσαγαγὼν
3666 1634 3870 1702 ἐξένιζε
3895 1633 4044 1701 φιλο-

809 1741 1029 1786 scereut
1058 1749 1071 1785 :
1107 1742 1161 1787 et
1194 1748 1316 1786 cum
1348 1734 1663 1792 cessissent.
1695 1732 1746 1784 in
1774 1730 1995 1783 domum
2022 1744 2174 1783 suam
2201 1729 2372 1781 intro—
2402 1790 2445 1803 ἢ

2402 1790 2445 1803 ἢ
2476 1735 2708 1803 φρόιως,
2746 1734 2837 1787 καὶ
2883 1734 3063 1801 λόγοις
3094 1732 3210 1800 ἅμα
3248 1732 3341 1783 καὶ
3371 1730 3550 1801 ἔργοις
3585 1729 3703 1781 πᾶν
3721 1728 3861 1795 ὅπερ
3899 1721 4044 1793 εἶχον

810 1825 1005 1878 ductos
1042 1824 1280 1895 hospitio
1328 1826 1560 1895 benigne
1624 1824 1954 1894 accipiebat,
2008 1822 2271 1876 etverbis
2318 1790 2447 1873 etB

2402 1790 2447 1847 B
2476 1790 2636 1896 ατιδὲς
2666 1790 2866 1879 διέλυε.
2889 1790 3076 1877 Ταῦτα
3104 1790 3197 1883 καὶ
3234 1823 3338 1892 πρὸ
3367 1790 3461 1874 τού
3488 1790 3789 1890 μαρτυρίου
3814 1790 4042 1883 ἐκόσμει

806 1914 968 1969 factis
992 1931 1184 1970 eorum
1223 1934 1439 1972 omnem
1482 1916 1835 1986 propulsabat
1866 1912 2197 1966 molestiam.
2250 1910 2374 1965 Haec

2471 1919 2561 1977 τὸν
2606 1919 2956 1985 Βονιφὰτιον·
3017 1918 3113 1970 καὶ
3162 1917 3259 1985 οὐχ
3292 1914 3477 1976 ἁπλῶς
3534 1913 3739 1964 ἐκεῖνον
3772 1908 3883 1961 ἀπὸ
3937 1906 4042 1957 τῶν

806 2006 972 2059 etiam
997 2014 1125 2061 ante
1152 2008 1473 2077 martyrium
1503 2006 1775 2061 ornabant
1803 2000 2163 2057 Bonifacium.
2188 2002 2373 2071 Neque

2470 2009 2645 2061 ἄλλων
2683 2010 3062 2075 δοκιμαστέον,
3088 2006 3225 2058 ἀλλὰ
3258 2004 3556 2057 συναπτέον
3590 2003 3809 2063 πάντως
3858 1999 3959 2050 καὶ
3982 1997 4046 2049 τὰ

804 2103 889 2149 est
918 2096 1009 2150 ille
1041 2097 1385 2152 solummodo
1418 2095 1813 2151 examinandas
1845 2104 1902 2148 et
1954 2091 2286 2162 Spectandus
2308 2105 2376 2149 ex

2475 2097 2741 2167 βελτίονα.
2782 2099 3098 2165 Βονιφάτιος
3132 2098 3240 2165 γὰρ
3260 2098 3319 2148 τὸ
3353 2095 3450 2163 μὲν
3480 2094 3660 2163 ἡδονῇ,
3692 2090 3753 2145 τὸ
3778 2091 3969 2142 πλεῖον
3992 2086 4046 2145 δὲ

805 2187 965 2244 aliis:
991 2187 1085 2241 sed
1113 2197 1241 2241 sunt
1266 2190 1430 2242 etiam
1446 2187 1821 2257 coniungenda
1839 2202 1923 2249 ea,
1949 2199 2071 2253 quae
2100 2192 2228 2236 sunt
2262 2195 2370 2234 me-

2473 2189 2568 2242 καὶ
2606 2191 2675 2258 τῇ
2734 2189 2901 2259 ἀρετῇ
2932 2188 3133 2257 νέμων,
3170 2187 3263 2239 καὶ
3314 2184 3383 2237 τὰ
3420 2184 3683 2237 κάλλιστα
3708 2181 3808 2248 τῆς
3842 2177 4046 2247 ἀρετῆς

804 2276 964 2330 liora.
986 2277 1298 2333 Bonifacius
1310 2278 1457 2334 enim
1475 2278 1681 2346 aliquid
1702 2277 1921 2347 quidem
1948 2274 2235 2342 voluptati,
2253 2272 2372 2342 plu—

2476 2280 2593 2349 είδη
2643 2280 2781 2349 πρὸς
2830 2280 3116 2349 ἀκρίϐειαν
3147 2277 3428 2350 ἠσκηκὼς,
3474 2275 3535 2327 τὸ
3565 2275 3638 2342 μὴ
3666 2272 3873 2333 τέλειος
3904 2264 4043 2320 εἶναι

810 2370 1004 2423 rimam
1026 2387 1154 2425 vero
1175 2383 1384 2438 partem
1407 2374 1657 2427 tribuens
1685 2374 1897 2437 virtuti,
1921 2382 1977 2427 et
1999 2369 2365 2440 pulcherrima

2043 2369 2365 2423 ulcherrima
2478 2372 2629 2441 παρὰ
2670 2373 2831 2443 μόνου
2858 2372 2951 2425 τοῦ
2993 2372 3066 2441 μὴ
3102 2371 3394 2442 σωφρονεῖν
3415 2365 3700 2420 ἐκωλύετο.

804 2477 1005 2529 genera
1027 2463 1242 2517 virtutis
1264 2475 1513 2518 accurate
1533 2479 1819 2528 exercens,
1840 2480 1905 2518 ne
1922 2474 2069 2519 esset
2090 2460 2366 2531 perfectus
2402 2474 2467 2512 ex
2495 2461 2599 2516 hoc
2660 2464 2775 2517 solo
2816 2464 3235 2533 prohibebatur,
3266 2460 3415 2530 quod
3447 2477 3556 2515 non
3609 2467 3757 2515 esset
3825 2465 4044 2527 tempe-

810 2571 957 2610 rans.

874 2647 963 2702 Ill.
990 2647 1259 2704 Caeterum
1302 2667 1409 2708 non
1436 2653 1609 2707 multo
1636 2653 1929 2723 iuterjccto
1954 2662 2221 2721 tempore,
2248 2645 2366 2701 haec

2540 2644 2615 2702 Γ.
2647 2646 2792 2719 Πλὴν
2822 2645 2882 2700 ού
2920 2646 3053 2701 πολὺ
3083 2645 3143 2699 τὸ
3166 2644 3223 2697 ὲν
3262 2641 3413 2714 μέσῳ
3482 2641 3575 2693 καὶ
3607 2642 3635 2693 ὀ
3672 2638 3861 2699 σπῖλος
3885 2629 4043 2695 οὗτος

806 2752 1025 2808 quoque
1052 2738 1223 2806 labes,
1267 2749 1523 2813 tanquam
1556 2743 1612 2797 in
1649 2752 1765 2799 toto
1807 2743 2013 2797 mundo
2052 2751 2107 2796 et
2134 2739 2366 2811 pulchro

2465 2740 2719 2807 καθάπερ
2740 2740 2845 2810 ὅλῳ
2878 2738 3106 2809 καθαρῷ
3157 2737 3251 2791 καὶ
3293 2732 3611 2804 περικαλλεῖ
3638 2729 3852 2800 σώματι
3886 2729 4048 2791 ἐκκαι-

805 2844 1059 2897 corpore,
1095 2831 1321 2895 eluitur,
1362 2842 1419 2887 et
1469 2834 1618 2903 quod
1667 2851 1734 2887 ex
1773 2834 1909 2886 vitio
1965 2830 2367 2901 susi;ipie‘batur

2463 2834 2736 2899 θαίρεταιο
2800 2834 2892 2885 καὶ
2941 2834 2974 2902 ἡ
3026 2834 3091 2884 ὲκ
3143 2830 3236 2883 τοῦ
3295 2828 3499 2889 πάθους
3538 2823 3770 2894 αἰσχύνη
3832 2821 4044 2892 μείζονι

803 2918 1068 2980 dedecus,
1123 2921 1323 2987 tegitur
1358 2922 1517 2988 longe
1564 2921 1756 2990 majori
1809 2919 2001 2989 gloria.
2034 2919 2151 2971 Non
2202 2919 2366 2971 susti-

2466 2926 2644 2994 πολλῴ
2663 2924 2789 2995 δόξῃ
2813 2924 3293 2993 περικαλύπτεται.
3320 2923 3394 2976 Οὐ
3414 2922 3520 2990 γὰρ
3547 2919 3808 2988 ἠνέσχετο
3836 2916 4044 2986 Κύριος

806 3009 929 3063 nuit
960 3010 1107 3063 enim
1142 3009 1407 3065 Dominus
1433 3010 1713 3081 despicere
1742 3011 2002 3072 animam,
2028 3008 2167 3061 adeo
2214 3004 2366 3059 omni

2464 3015 2640 3084 ψυχὴν
2666 3015 2806 3067 οὕτω
2848 3015 3093 3084 παριδεῖν
3123 3014 3190 3066 τὰ
3225 3014 3399 3065 πάντα
3446 3010 3638 3079 καλὴν,
3673 3008 3793 3069 ἑνὸς
3827 3007 4043 3067 πάθους

804 3115 871 3153 ex
903 3111 1060 3170 parte
1087 3101 1397 3170 pulchram.
1428 3112 1698 3172 perpetuo
1747 3101 2024 3171 inquinari
2060 3102 2224 3155 unius
2246 3099 2363 3153 vitii
2395 3130 2436 3187 α

2395 3130 2436 3187 c
2472 3108 2652 3178 αἴσχει
2679 3106 2766 3161 διὰ
2798 3106 2981 3168 τέλους
3010 3104 3330 3175 μολύνεσθαι
3349 3121 3363 3135 ο
3389 3102 3502 3157 ἀλλ’
3530 3101 3789 3168 εὐδόκησε
3824 3098 4047 3157 πάντως

804 3192 1143 3258 turpitudine
1177 3208 1190 3243 :
1227 3191 1322 3245 sed
1346 3194 1551 3260 placuit
1583 3194 1811 3245 omnino
1848 3192 2163 3244 divinarum
2199 3193 2367 3244 ratio-

2470 3202 2757 3271 θειοτέρων
2786 3201 2961 3266 λόγων
3013 3198 3315 3265 οἰκονομία,
3358 3196 3452 3250 καὶ
3494 3190 3818 3263 μαρτυρικῷ
3849 3190 4047 3257 αἵματι

804 3294 936 3333 num
971 3280 1393 3349 dispensationi,
1427 3282 1723 3352 martyrico
1753 3282 1919 3335 etiam
1950 3282 2214 3352 sanguine
2240 3296 2369 3351 pur-

2468 3294 2729 3363 ἀλουργὲς
2787 3292 2922 3361 αὐτῇ
2966 3292 3058 3343 καὶ
3112 3288 3388 3360 βασιλικὸν
3444 3288 3642 3357 χρῶμα
3695 3281 4044 3354 περιϐαλεῖν.

807 3388 1037 3443 pureum
1057 3382 1118 3427 et
1133 3373 1340 3442 regium
1364 3374 1414 3427 ei
1436 3376 1673 3427 colorem
1696 3374 1903 3428 indere.
1928 3373 2178 3438 Quonam
2206 3375 2368 3426 modo

2469 3389 2657 3449 Ὅπως
2686 3388 2740 3439 δὲ
2764 3386 2923 3439 τοῦτο
2951 3384 3370 3454 διῳκονόμηται,
3404 3383 3493 3435 καὶ
3522 3375 3609 3432 οἶα
3644 3378 3722 3447 τῷ
3753 3376 4050 3446 μαρτυρίῳ

804 3473 990 3522 autem
1023 3465 1129 3516 hoc
1159 3465 1230 3516 sit
1251 3464 1529 3529 eﬂ‘ectum,
1594 3474 1650 3516 et
1700 3464 1975 3531 quodnam
2030 3464 2101 3515 sit
2157 3464 2366 3532 jactutn

2468 3479 2874 3543 καταϐέϐληται
2912 3478 2944 3544 ἡ
2973 3476 3198 3544 κρηπὶς,
3233 3474 3455 3544 ’ἕτοιμος
3480 3470 3750 3522 διδάσκειν
3800 3470 3831 3519 δ
3860 3468 4045 3531 λόγος.

802 3553 1219 3609 fundamentum
1259 3556 1528 3623 martyrii,
1560 3562 1747 3622 parata
1771 3562 1856 3607 est
1914 3554 2117 3607 docere
2160 3555 2365 3607 oratio.

2472 3566 2723 3634 Ἤκμαζε
2769 3540 2865 3633 μὲν
2900 3540 3103 3615 καὶ-ἐτι
3146 3566 3173 3614 ο
3207 3540 3346 3613 κατὰ
3392 3559 3731 3626 Χριστιανῶν
3775 3557 4045 3623 διωγμὸς,

803 3646 997 3703 Adhuc
1020 3648 1243 3717 quidem
1280 3645 1495 3715 vigebat
1541 3646 1854 3714 persecutio
1898 3645 1950 3697 in
2002 3644 2364 3708 Christianos,

2468 3660 2561 3713 καὶ
2593 3660 2619 3711 ὁ
2650 3658 2922 3717 είδωλικὸς
2954 3657 3159 3716 ἐκεῖνος
3190 3653 3281 3709 καὶ
3314 3651 3479 3720 βαθὺς
3503 3649 3643 3702 κατὰ
3687 3647 3872 3717 πάσης
3904 3645 4046 3713 ὁμοῦ

801 3746 861 3790 et
882 3724 1149 3803 profunda
1184 3738 1273 3791 illa
1298 3737 1471 3806 caligo
1504 3738 1926 3793 simulacrorum
1973 3747 2149 3791 totum
2202 3737 2365 3791 simul

2466 3752 2749 3820 τῆςἙῴας
2779 3748 3070 3817 ἐπεκράτει
3089 3745 3246 3812 ζόφος
3268 3761 3280 3774 ·
3306 3741 3671 3811 ύπέρχεταιδὲ
3693 3740 3795 3809 τὴν
3828 3740 4045 3791 ἐκείνου

805 3828 1102 3897 occupabat
1159 3826 1464 3883 Orientem.
1492 3829 1655 3882 Subit
1676 3839 1858 3881 autem
1911 3829 2059 3882 illius
2089 3831 2366 3882 dominam

2467 3844 2752 3894 δέσποιναν
2777 3841 3041 3906 σωτήριος
3071 3837 3350 3905 λογισμός,
3369 3836 3463 3887 καὶ
3484 3835 3580 3901 τὴν
3603 3833 3837 3901 καρδίαν
3868 3832 4047 3897 αὐτῆς

806 3919 1065 3974 salutaris
1094 3919 1371 3991 cogitatio,
1405 3929 1460 3974 et
1486 3935 1583 3974 cor
1613 3920 1733 3990 ejus
1768 3930 2018 3990 penetrat
2064 3920 2365 3976 vehemens

2467 3932 2737 4001 διατρέχει
2779 3929 2975 3999 δριμύς
3020 3945 3100 3990 τις
3156 3926 3294 3997 ἔρως
3361 3927 3453 3978 καὶ
3502 3925 3713 3992 ἄμαχος
3763 3921 4046 3987 λειψάνων

804 4010 1077 4079 quoddam
1116 4021 1169 4066 et
1194 4013 1459 4066 invictum
1485 4013 1821 4067 desiderium
1845 4015 2201 4085 reliquiarum
2222 4030 2367 4067 mar-

2470 4022 2839 4095 μαρτυρικῶν.
2906 4020 3057 4073 Ἐπεὶ
3128 4018 3185 4070 δὲ
3232 4017 3420 4071 ούδένα
3470 4011 3797 4079 Βονιφατίου
3839 4010 4046 4078 μᾶλλον

806 4114 1005 4173 tyrum.
1040 4103 1306 4169 Quoniam
1330 4120 1462 4159 vero
1486 4105 1830 4160 existimabat
1849 4106 2124 4161 Bonifacio
2157 4106 2364 4159 nullum

2465 4119 2649 4187 ἡγεῖτο
2710 4113 3047 4179 πιστότερον,
3087 4110 3121 4176 ἢ
3152 4108 3417 4167 τοιούτοις
3472 4103 3769 4172 ὑπουργεῖν
3800 4100 4047 4171 ἐμμελές

807 4208 930 4246 esse
968 4192 1298 4254 fideliorem,
1332 4202 1427 4246 aut
1458 4194 1523 4248 ad
1549 4196 1604 4248 in
1640 4193 1727 4249 liis
1750 4196 2102 4249 serviendum
2132 4196 2366 4264 diligen-

2468 4225 2557 4260 στε
2569 4225 2680 4276 ρον,
2706 4203 2896 4256 τοῦτον
2918 4202 2980 4270 δὴ
3011 4200 3105 4252 καὶ
3133 4197 3404 4260 κοινωνὸν,
3431 4195 3620 4264 ὥσπερ
3640 4194 3738 4254 τοῦ
3768 4192 4043 4264 σαρκικοῦ

807 4284 1024 4340 tiorem.
1060 4285 1110 4339 ei
1133 4286 1278 4340 sicut
1332 4288 1607 4342 carnalem
1671 4296 1726 4342 et
1778 4296 2013 4359 turpem,
2078 4289 2149 4343 ita
2200 4290 2364 4342 etiam

2468 4298 2561 4368 ξιαὶ
2604 4296 2823 4362 ἀτίμου,
2856 4290 3025 4354 οὕτως
3054 4289 3160 4360 ἄρα
3187 4290 3281 4342 καὶ
3318 4286 3412 4340 τοῦ
3451 4286 3736 4339 ἐπαινετοῦ
3768 4304 3830 4340 τε
3866 4302 4047 4355 μακα-

804 4375 1130 4431 Iaudabilem
1159 4387 1213 4429 et
1238 4378 1454 4433 beatum
1474 4394 1717 4434 amorem
1742 4381 2133 4443 communicat,
2161 4389 2217 4433 et
2238 4396 2362 4433 eum

2404 4457 2412 4458 ί
2473 4390 2587 4458 ρίου
2626 4388 2857 4437 ποιεῖται
2903 4383 3123 4453 ἔρωτος.
3162 4382 3267 4435 Καὶ
3300 4379 3608 4444 ἰδιαζόντως
3645 4379 4040 4431 ἀπολαϐοῦσα·

806 4481 1053 4523 seorsum
1102 4468 1398 4536 accipiens,
1442 4468 1580 4533 Scis,
1640 4472 1839 4539 inquit.
1887 4472 2077 4534 frater,
2108 4471 2364 4540 qualibus
2398 4457 2439 4511 θ

2398 4457 2439 4511 D
2473 4457 2657 4543 Οἶδας.
2693 4480 2878 4547 φησὶν,
2938 4476 3150 4542 ὰδελφὲ,
3203 4476 3341 4537 οἵαις
3377 4471 3827 4540 συνεχράνθημεν
3855 4473 4040 4539 ἁμαρ-

809 4559 982 4611 simus
1027 4558 1363 4626 coinquinati
1417 4562 1675 4628 peccatis,
1724 4578 1829 4619 nec
1866 4562 2026 4616 nobis
2055 4567 2200 4616 cura:
2242 4577 2363 4617 esse

2465 4572 2628 4633 τίαις,
2664 4569 2827 4639 μηδὲν
2852 4586 2905 4620 τι
2939 4566 3129 4635 μέλλον
3151 4566 3304 4635 ἡμῖν,
3334 4566 3415 4617 ὄτι
3437 4562 3559 4629 Θεῷ
3581 4563 4045 4630 παραστήσεσθαι

807 4648 1036 4717 aliquid,
1077 4648 1221 4717 quod
1245 4658 1625 4720 exspectamus
1676 4652 1916 4705 futurum
1974 4662 2033 4705 ut
2107 4654 2365 4706 sistamur

2467 4660 2855 4733 προσδοκῶμεν
2896 4659 2988 4711 καὶ
3018 4656 3257 4727 χαλεπὰς
3282 4655 3487 4709 τούτων
3516 4655 3775 4721 ὑποσχεῖν
3814 4655 3922 4719 τὰς
3961 4672 4042 4708 κο-

808 4749 933 4793 ante
958 4741 1148 4804 Deum,
1170 4750 1224 4794 et
1256 4757 1351 4809 pro
1401 4743 1483 4796 ltlS
1511 4744 1691 4811 gravia
1738 4743 2033 4799 subeamus
2074 4744 2362 4812 supplicia.

2466 4756 2651 4817 λάσεις
2671 4770 2683 4782 ·
2729 4751 2868 4821 πλὴν
2888 4750 2998 4804 ἀλλ’
3017 4748 3295 4819 ἐπυθόμην
3318 4748 3459 4809 τινὸς
3478 4746 3583 4797 τῶν
3605 4744 4041 4817 εύσεϐεστὲρων,

806 4838 1075 4891 Caeterum
1105 4838 1287 4893 audivi
1318 4839 1602 4907 aqundam
1645 4841 1762 4893 viro
1791 4843 1904 4908 pio,
1941 4841 2085 4910 quod
2139 4841 2184 4897 si
2241 4840 2366 4910 quis

2465 4849 2541 4910 ὡς
2568 4850 2617 4900 εί
2653 4863 2736 4909 τις
2761 4847 2888 4907 τοὺς
2917 4844 3004 4896 διὰ
3037 4841 3271 4913 Χριστὺν
3307 4838 3581 4901 παθόντας
3611 4840 3701 4890 καὶ
3746 4840 4036 4908 μαρτυρὴ-

805 4944 922 4992 eos,
978 4929 1070 4998 qui
1127 4940 1356 4999 propter
1403 4930 1681 4986 Christum
1730 4932 1868 5000 passi
1902 4942 1957 4985 et
1992 4933 2168 4986 affecti
2238 4942 2367 4985 sunt

2468 4957 2666 4999 σαντας
2698 4936 2785 4989 διὰ
2813 4938 2975 5005 τιμῆς
3010 4933 3256 5002 μετέλθοι
3280 4930 3374 4984 καὶ
3400 4930 3716 5000 θεραπείας.
3756 4930 3935 4998 πολλή
3965 4949 4043 4991 τις

810 5020 1093 5089 martyrio,
1121 5020 1172 5072 in
1230 5021 1435 5073 honore
1482 5022 1817 5076 habueritet
1866 5021 2121 5082 coluerit,
2174 5037 2365 5090 magna

2466 5030 2630 5083 αὐτοῦ
2664 5026 2870 5079 ἐκεῖθεν
2901 5025 2995 5078 καὶ
3024 5023 3248 5094 λαμπρὰ
3282 5023 3564 5092 περιμένει
3608 5020 3911 5086 ἀντίδοσις,
3952 5023 4044 5074 καὶ

809 5112 1055 5179 (ιυαιόοῐη
1130 5121 1185 5165 et
1212 5113 1464 5179 praeclara
1493 5128 1617 5169 eum
1675 5114 1822 5169 illinc
1852 5128 1920 5166 ex
1962 5130 2027 5167 eo
2078 5122 2258 5167 manet
2286 5129 2367 5166 re-
2464 5144 2466 5150 ι

2464 5121 2561 5187 τῆς
2585 5116 2751 5186 αὐτῆς
2780 5117 3007 5175 ἐκείνοις
3041 5114 3338 5171 ἀπολαύσει
3374 5111 3798 5181 μακαριότητος.
3849 5112 4044 5164 Πολλοὶ

808 5204 1136 5263 muneran,
1167 5214 1222 5258 et
1252 5204 1464 5266 eadem,
1494 5221 1601 5278 qua
1632 5205 1731 5268 illi,
1760 5204 1974 5258 fruetur
1997 5204 2355 5259 beatitudine.

2466 5211 2521 5263 δὲ
2549 5211 2643 5262 καὶ
2668 5207 2781 5267 νῦν,
2810 5206 2884 5268 ὦς
2918 5199 3100 5273 φασιν.
3136 5207 3191 5259 ὲν
3222 5206 3286 5271 τῇ
3326 5202 3481 5271 Ἀσίᾳ
3516 5200 3619 5253 ὑπὸ
3668 5201 3924 5271 Χριστοῦ
3955 5202 4042 5253 τὸν

812 5296 962 5349 Multi
1007 5304 1188 5352 autem
1226 5312 1369 5350 nunc
1422 5311 1663 5364 quoque.
1699 5307 1757 5350 ut
1809 5297 1981 5358 aiunt,
2019 5312 2117 5365 pro
2146 5294 2366 5357 Christo

2469 5299 2631 5358 καλὸν
2684 5297 2871 5364 ἀγῶνα
2915 5294 3364 5361 διαγωνίζονταιο
3409 5294 3472 5344 σὺ
3503 5291 3556 5343 δὲ
3587 5289 3715 5361 (καὶ
3769 5292 3889 5361 γὰρ
3922 5292 4046 5362 ἧκες

812 5388 1035 5457 pulchra
1068 5388 1274 5442 adeunt
1324 5388 1641 5441 certamina.
1674 5387 1753 5441 Tu
1816 5404 1945 5441 vero
1978 5388 2201 5455 (etenim
2252 5388 2363 5455 jam

2470 5392 2678 5459 καιρός,
2713 5391 2859 5450 ὅπως
2906 5388 3035 5459 περὶ
3086 5388 3232 5454 ἡμᾶς
3274 5384 3492 5452 ἔχειτὸν
3531 5383 3658 5450 ὲμὸν
3694 5384 4042 5451 φανήσεσθαι

808 5480 958 5537 venit
991 5489 1221 5546 tempus,
1250 5488 1306 5531 ut
1338 5496 1491 5531 meus
1525 5478 1779 5533 ostendat
1809 5478 2142 5541 Bonifacius,
2169 5494 2275 5547 qua
2296 5480 2366 5529 sit

2470 5483 2816 5549 Βονιφάτιον)
2876 5480 3009 5547 πρὸς
3060 5478 3233 5531 ταῦτά
3292 5494 3379 5545 μοι
3434 5472 4046 5543 καθυπούργησον,καὶ

805 5572 861 5625 in
920 5587 1019 5625 nos
1052 5571 1380 5641 .aﬂ‘ectione)
1412 5572 1474 5625 ad
1530 5572 1643 5629 haec
1679 5572 1809 5625 mihi
1864 5571 2086 5628 inscrvi.
2118 5580 2172 5624 et
2218 5570 2365 5623 omni

2471 5574 2674 5647 σπουδῇ
2704 5576 2767 5644 τῇ
2802 5572 2954 5644 πάσῃ
2988 5571 3449 5639 παραγενόμενος,
3484 5568 3587 5619 τῶν
3627 5568 3803 5636 ἁγίων
3834 5570 4042 5620 τούτων

808 5663 991 5727 studio
1020 5679 1085 5717 eo
1119 5663 1338 5723 vadens,
1377 5677 1607 5731 propera
1643 5664 1705 5717 ad
1743 5680 1824 5716 me
1856 5664 2050 5717 afferre
2075 5664 2279 5733 aliquid
2336 5680 2365 5718 c

2467 5666 2734 5735 λειψάνων
2785 5667 3011 5733 ἀγαγεῖν
3053 5662 3354 5732 ἐπείχοητι,
3406 5662 3480 5723 ὡς
3528 5662 3609 5732 ,ἂν
3629 5662 3872 5731 ἐντίμως
3908 5662 4052 5737 αὐτὰ.

804 5754 976 5810 sacris
998 5757 1080 5809 his
1111 5756 1353 5825 reliquiis
1382 5774 1393 5809 :
1426 5767 1480 5809 ut
1512 5772 1631 5811 cum
1657 5773 1748 5811 eas
1773 5757 2067 5814 honoriﬁce
2098 5757 2367 5825 deposue-

2470 5758 2855 5828 καταθέμενοι,
2927 5756 3019 5809 καὶ
3077 5758 3250 5827 ἱεροὺς
3305 5754 3783 5825 ἐπιδημησάμενοι
3832 5752 4038 5812 οἴκουςν
