4196 6306
183 319 284 384 245

1393 329 1574 387 VlTA
1616 328 1678 386 S.
1724 324 2136 388 BONIFACII.

3291 327 3396 390 246

181 437 415 502 φύλακάς
446 453 504 488 τε
536 436 759 501 αὐτοὺς.
780 439 873 492 καὶ
905 440 1154 510 σωτῆρας
1177 441 1468 502 διαπαντὸς
1492 441 1729 510 ἔχοιμεν.

1837 437 2029 500 rimus.
2059 449 2113 494 et
2137 454 2320 494 sacras
2347 438 2495 494 mdes
2519 439 2600 494 eis
2629 439 3098 504 aediﬁcaverimus,
3136 456 3230 496 eos
3256 458 3400 496 sem-

181 526 356 579 Ί⁸αῦτα
381 529 517 596 πρὸς
550 528 715 583 αὐτὸν
742 531 1016 600 είρηκυῖα,
1047 532 1168 585 ἐπεὶ
1197 533 1334 603 πρὸς
1360 533 1551 586 ἑκόντα
1584 531 1734 598 ἔλεγε

182 617 270 673 καὶ
317 617 593 688 πρόθυμον
632 619 731 690 τὴν
789 621 1113 690 ὑπηρεσίαν,
1177 625 1403 694 χρυσίον
1439 623 1734 692 ἐγχειρίζει

183 704 361 774 συχνόν
381 722 392 735 ⁸
419 706 538 759 οὐδὲ
575 708 682 778 γαρ
708 709 833 778 ἐξῆν
860 710 1114 779 λείψανον
1135 729 1187 764 τι
1228 713 1503 783 μάρτυρος
1537 716 1735 783 προῖκα

179 798 372 862 λαϐεῖν,
408 800 538 852 ἀλλὰ
584 802 642 856 τὸ
701 803 832 854 πολὺ
881 805 989 856 τῶν
1020 806 1360 873 Χριστιανῶν
1415 808 1542 876 περὶ
1596 807 1734 858 αὐτὰ

182 891 392 961 φίλτρον
447 894 716 962 πορισμοῦ
771 899 881 958 τοῖς
932 897 1154 950 ἀσεϐέσι
1215 899 1486 969 πρόφασις
1516 895 1604 967 ἦν,
1641 900 1735 951 καὶ

181 983 364 1035 πολλοῦ
399 985 532 1052 πρὸς
560 985 802 1049 ἐκείνους
830 989 967 1041 αὑτὰ
997 990 1261 1060 παρέχειν
1298 991 1495 1043 ὲποίει.
1527 992 1731 1043 Τούτου

177 1072 264 1125 οὐν
288 1075 470 1138 ἕνεκα,
528 1078 801 1145 συχνὸν-το
830 1082 1067 1148 χρυσίον,
1117 1085 1211 1132 καὶ
1240 1082 1327 1134 ἵνα
1360 1085 1456 1136 καὶ
1507 1085 1735 1154 πένησιν

177 1168 253 1227 εἰς
293 1167 552 1236 διανομὴν
619 1170 848 1240 ἀρκέσῃ.
888 1173 1276 1242 Συνεκπέμπει
1323 1175 1380 1226 δὲ
1424 1177 1521 1229 καὶ
1554 1179 1737 1242 ἱππεῖς

177 1255 392 1316 δώδεκα,
430 1258 577 1326 μύρα
601 1277 657 1310 τε
689 1263 783 1312 καὶ
816 1262 1059 1324 σινδόνας
1089 1266 1182 1316 καὶ
1233 1261 1403 1318 τᾶλλα
1436 1269 1536 1320 ὅσα
1567 1287 1735 1338 προσ·-

175 1347 300 1413 ῆκον
353 1348 433 1409 είς
487 1351 652 1419 τιμὴν
682 1352 794 1412 τοῖς
828 1353 1025 1418 ἁγίοις.
1065 1353 1228 1406 Ἀλλὰ
1258 1359 1585 1426 προσεκτέον
1609 1375 1623 1389 °
1653 1362 1738 1412 ὲν·-

173 1437 342 1490 ταῦθα
377 1440 480 1510 γὰρ
519 1443 725 1512 ἥκομεν
748 1443 876 1497 ἔνθα
911 1445 1007 1499 καὶ
1034 1447 1094 1498 τὸ
1142 1447 1235 1500 τοῦ
1269 1448 1608 1520 διηγήματος
1641 1469 1736 1522 χα-

175 1546 470 1596 ριεστατον.

239 1710 309 1764 Δ’.
355 1711 442 1772 Ὠς
472 1713 575 1783 ἤδη
619 1717 846 1785 πορείας
905 1718 1128 1787 ἔμελλεν
1155 1723 1182 1773 ὁ
1212 1723 1528 1789 Βονιφάτιος
1558 1725 1728 1778 ἄπτε-

173 1805 314 1868 σθαι,
354 1802 534 1866 εὐθὺς,
566 1803 756 1875 ὥσπερ
787 1806 890 1858 ὑπὸ
913 1808 1178 1878 γραμμῆς
1225 1812 1325 1878 τὴν
1354 1812 1548 1864 ἑαυτοῦ
1574 1811 1730 1881 νίκην

170 1895 262 1944 καὶ
308 1893 397 1946 τὸν
429 1895 693 1962 στέφανον
740 1901 1166 1968 προσημαίνων,·
1195 1902 1254 1954 Εἰ
1282 1901 1336 1955 δέ
1359 1919 1496 1967 πως,
1528 1904 1654 1974 ἔφη,
1686 1902 1730 1957 ὦ

165 1985 439 2048 δέσποινα,
468 1989 674 2056 ταύτης
715 1991 812 2058 μὲν
865 1993 1187 2062 διαμαρτεῖν
1217 1997 1316 2065 τῆς
1344 1996 1728 2066 ἐγχειρήσεως,

167 2075 418 2145 δεύτερος
447 2078 523 2141 δὲ,
561 2080 588 2132 ὃ
615 2099 770 2149 φασι,
809 2083 978 2147 πλοῦς
1012 2086 1070 2138 τὸ
1095 2088 1227 2156 ὲμὸν
1263 2105 1345 2142 σοι
1379 2089 1538 2158 σῶμα
1571 2107 1735 2160 προσ-

167 2168 442 2238 ανεχθείη,
473 2172 580 2240 ἄρα
609 2189 690 2225 σοι
728 2175 792 2227 ἂν
820 2175 976 2229 τοῦτο
1027 2179 1245 2248 μέτριον
1286 2179 1370 2250 εἴη
1405 2182 1499 2233 τοῦ
1530 2183 1732 2235 σκοποῦ

172 2257 535 2327 παραμύθιον,
589 2262 682 2314 καὶ
718 2267 880 2333 τιμῆς
921 2267 1067 2330 ἄξιον
1096 2270 1244 2335 παρά
1274 2268 1366 2327 σοῦ
1409 2273 1730 2339 νομισθείης

169 2346 280 2397 Καὶ
314 2347 481 2400 ταῦτα
517 2351 613 2415 μὲν
638 2351 767 2412 ἴσως
811 2349 1017 2415 ἐκεῖνος
1059 2357 1268 2420 παίζων
1321 2360 1457 2427 πρὸς
1499 2362 1595 2428 τὴν
1644 2364 1733 2416 δὲ-

170 2450 393 2485 σποιναν
433 2436 462 2502 ἢ
498 2438 848 2502 σπουδάζων·
893 2442 920 2492 ὀ
961 2441 1016 2494 δὲ
1048 2443 1179 2505 Θεὸς
1225 2445 1287 2498 τὸ
1323 2446 1514 2515 μέλλον
1548 2449 1733 2522 ὥσπερ

163 2525 254 2574 διὰ
284 2525 380 2591 τῆς
440 2526 647 2578 ἐκείνου
702 2531 1078 2603 προηγόρευσε
1130 2536 1396 2607 γλώττης.
1441 2542 1505 2592 Ἥ
1552 2543 1735 2610 μέντοι

180 2615 398 2681 Ἀγλαΐς
421 2634 434 2646 υ
468 2620 545 2675 Οὐ
572 2622 783 2691 καιρος,
839 2624 963 2695 ἔφη,
1015 2627 1320 2695 Βονιςοάτιε,
1378 2633 1592 2695 παιδιᾶς
1617 2636 1737 2688 οὐδὲ

165 2707 348 2775 λύγων
407 2711 685 2779 τοιούτων,
729 2710 804 2767 ὧν
856 2718 1233 2788 ἀποσχόμενον
1293 2723 1535 2788 εὐλαϐῶς
1594 2725 1736 2796 ἔχειν

167 2799 550 2869 προτρέπομαι
623 2805 717 2854 καὶ
778 2807 1053 2871 κοσμίως,
1124 2810 1245 2861 ἐπεὶ
1313 2816 1405 2866 καὶ
1478 2817 1736 2882 τοιούτοις

166 2892 464 2958 ὑπηρετεῖν
497 2892 732 2960 μέλλεις,
766 2887 840 2947 ὧν
864 2897 1030 2966 ἡμᾶς,
1065 2899 1140 2969 μὴ
1169 2901 1248 2952 ὅτι
1280 2919 1341 2968 γε
1369 2905 1582 2972 ψαύειν,
1605 2909 1739 2964 ἀλλὰ

164 2982 266 3034 καὶ
298 2982 518 3051 βλέπειν
574 2986 698 3048 τοὺς
753 2989 1007 3053 ἀναξίους
1065 2992 1364 3064 πάντολμον
1415 2998 1508 3049 καὶ
1542 2998 1736 3068 θρασύ.

1841 545 1938 597 per
1973 530 2270 584 habeamus
2303 531 2563 585 custodes
2589 539 2646 585 et
2673 544 3003 587 servatores.
3041 534 3165 587 H.ec
3194 550 3318 590 cum
3349 534 3401 589 ei

1840 620 2088 683 dixisset,
2119 631 2175 676 et
2205 637 2262 676 se
2285 622 2521 676 libenter
2549 623 2600 676 id
2636 622 3003 677 ministerium
3037 633 3401 694 promptoque

1838 721 1893 765 et
1917 713 2082 765 alacri
2104 713 2290 766 animo
2317 713 2596 768 obiturum
2619 715 2970 777 ostendisset,
3000 718 3163 770 tradit
3195 718 3243 770 ei
3264 718 3404 770 mul-

1840 797 1950 856 tum
1983 805 2123 859 auri.
2159 802 2346 872 Neque
2379 807 2525 858 enim
2550 806 2749 860 licebat
2779 807 2946 876 gratis
2973 809 3227 875 accipere
3264 809 3402 862 ullas

1837 904 2137 964 martyrum
2175 896 2458 964 reliquias,
2487 897 2582 950 sed
2619 897 3064 951 Christianorum
3095 917 3322 968 magnus
3351 901 3404 953 in

1837 999 1926 1038 eas
1953 1001 2124 1047 amor,
2158 997 2276 1040 erat
2302 987 2484 1055 impiis
2511 1002 2675 1041 causa
2707 989 2868 1052 lucri,
2912 1000 2966 1042 et
3018 989 3288 1043 elliciebat
3347 1002 3407 1043 ut

1837 1078 2055 1130 nonnisi
2089 1079 2272 1145 magni
2325 1094 2420 1132 eas
2453 1088 2664 1147 emptas
2694 1079 3021 1148 praeberent.
3052 1080 3126 1134 Ea
3154 1081 3220 1134 de
3243 1098 3406 1136 causa

1839 1167 2007 1221 mittit
2035 1168 2261 1222 multum
2287 1169 2430 1230 auri,
2459 1179 2513 1222 et
2547 1180 2606 1223 ut
2638 1172 2800 1224 etiam
2837 1171 3084 1234 haberet,
3115 1175 3259 1240 quod
3291 1175 3404 1226 dis-

1839 1259 2107 1314 tribueret
2132 1263 2485 1330 pauperibus.
2516 1261 2685 1315 Mittit
2738 1273 2918 1315 autem
2949 1278 3072 1315 cum
3106 1280 3172 1318 eo
3232 1280 3406 1332 equos

1836 1367 2054 1420 quoque
2084 1352 2396 1416 duodecim,
2433 1362 2486 1407 et
2529 1363 2902 1422 unguentum,
2931 1363 2988 1408 et
3047 1355 3329 1420 simlonas,
3352 1367 3408 1410 et

1837 1460 2177 1514 quaecunque
2205 1445 2306 1499 alia
2333 1446 2455 1499 usui
2483 1455 2642 1498 erant
2674 1445 2740 1498 ad
2773 1446 3123 1500 honorandos
3161 1457 3402 1501 sanctos.

1840 1536 1948 1591 Sed
1981 1545 2066 1591 est
2090 1536 2481 1591 attendendum
2509 1553 2524 1602 ;
2557 1537 2665 1591 huc
2696 1537 2842 1590 enim
2884 1539 3153 1602 venimus,
3195 1538 3286 1591 ubi
3322 1549 3406 1593 est

1837 1631 2083 1688 narratio
2107 1631 2522 1701 iucundissima.

1906 1723 1992 1777 Ν.
2022 1723 2156 1777 Cum
2181 1725 2290 1792 jam
2331 1722 2643 1776 Bonifacius
2703 1732 2850 1777 esset
2895 1723 2997 1777 iter
3038 1723 3402 1792 ingressurus,

1831 1815 2012 1869 statim
2045 1817 2200 1883 quasi
2250 1815 2509 1883 graphice
2548 1815 2834 1868 victoriam
2865 1830 3018 1868 suam
3049 1823 3106 1867 et
3138 1830 3400 1868 coronam

1831 1901 2295 1972 praesignificans:
2332 1897 2386 1956 Si
2413 1901 2571 1965 forte,
2606 1903 2805 1970 inquit,
2827 1901 3112 1960 odouiina,
3143 1902 3404 1970 quemad-

1833 1994 2054 2049 modum
2086 1993 2374 2062 contingit,
2409 2002 2468 2045 ut
2494 1993 2595 2045 hoc
2620 1993 2840 2060 quidem
2867 2001 3049 2059 empto
3085 1991 3401 2046 frustraris:

1833 2083 2072 2140 secunda
2124 2098 2278 2145 vero,
2336 2089 2394 2136 ut
2423 2082 2602 2153 aiunt,
2655 2081 2950 2150 navigatio,
3001 2096 3182 2133 meum
3235 2080 3301 2134 ad
3351 2090 3403 2135 te

1834 2189 2033 2243 corpus
2085 2173 2318 2228 atIerat:
2380 2172 2619 2231 fueritne
2688 2172 2793 2226 hoc
2848 2171 2945 2224 tibi
2993 2171 3269 2225 mediocre
3329 2173 3405 2226 tui

1836 2265 2069 2320 instituti
2099 2281 2161 2319 ac
2201 2265 2351 2334 scopi
2401 2264 2682 2324 Solatium,
2728 2273 2783 2317 et
2829 2263 2972 2331 apud
3007 2270 3057 2316 te
3097 2261 3406 2319 habendum

1836 2355 1889 2406 in
1947 2355 2195 2408 honore?
2242 2354 2311 2407 Et
2360 2355 2474 2407 haec
2525 2355 2747 2421 quidem
2805 2354 2895 2407 ille
2948 2355 3179 2406 fortasse
3239 2355 3408 2422 magis

1833 2447 2030 2501 ludens
2069 2445 2212 2512 apud
2260 2444 2556 2508 dominam,
2604 2459 2766 2512 quam
2807 2459 2974 2512 agens
3008 2446 3160 2513 serio
3195 2462 3206 2496 :
3261 2447 3405 2499 Deus

1834 2534 2116 2593 autemid,
2164 2532 2308 2601 quod
2355 2541 2474 2585 erat
2519 2543 2786 2590 .uturum.
2836 2532 3085 2600 przcdixit
3133 2548 3230 2600 per
3261 2534 3406 2589 illius

1837 2630 2096 2697 linguam.
2128 2627 2309 2694 Aglais
2343 2639 2473 2680 vero
2502 2641 2516 2678 :
2546 2624 2665 2679 Non
2709 2633 2814 2689 est,
2842 2640 2873 2678 ο
2906 2623 3168 2687 Bonifaci,
3205 2625 3404 2694 inquit,

1839 2730 2052 2787 tempus
2100 2717 2343 2782 ludendi,
2392 2732 2568 2786 neque
2600 2718 2796 2770 horum
2847 2717 3163 2780 verborum,
3223 2718 3404 2786 aqui-

1837 2812 1938 2866 bus
1965 2811 2329 2865 abstineutcm
2356 2809 2546 2879 jubeo,
2580 2820 2638 2862 ut
2672 2809 2759 2876 pie
2786 2817 2840 2861 et
2884 2809 3112 2861 honeste
3143 2818 3195 2861 te
3225 2823 3402 2877 geras.

1839 2908 1970 2961 Nam
2015 2906 2082 2960 iis
2126 2921 2187 2960 es
2221 2905 2609 2967 inserviturus,
2652 2918 2774 2972 quae
2814 2917 2917 2956 nos
2944 2917 3051 2957 non
3080 2902 3255 2957 solum
3287 2911 3404 2957 tan-

1838 3014 1985 3067 gere,
2047 2997 2140 3051 sed
2201 2998 2364 3050 etiam
2418 2996 2666 3064 aspicere
2725 2995 3015 3065 indignos,
3077 2995 3258 3050 nimia!
3320 3005 3406 3050 est

161 3075 393 3139 Τούτοις
420 3077 733 3149 ἀρκούντως
770 3083 1142 3154 ὲπιτιμήσασσ
1177 3088 1270 3139 καὶ
1307 3090 1737 3158 ἐντρέψασα,κα“ι

1845 3087 2085 3143 audacia:
2118 3095 2172 3140 et
2203 3086 2544 3140 temeritatis.
2579 3085 2714 3138 Cum
2754 3087 2840 3139 his
2877 3087 3007 3139 satis
3041 3087 3403 3154 increpasset,

159 3167 360 3238 ὥσπερ
390 3171 508 3223 ἀντὶ
540 3172 758 3234 παιδιᾶς
792 3175 1023 3243 ἀκαίρου
1060 3179 1140 3240 είς
1194 3181 1358 3247 φόϐον
1385 3182 1603 3251 εὔλογον
1630 3185 1728 3256 τὴν

160 3261 380 3310 ἐκείνου
401 3260 577 3331 ψυχὴν
596 3265 1011 3333 καταστήσασα,
1045 3261 1164 3320 εἶτα
1193 3272 1308 3333 καὶ,
1327 3271 1386 3322 Ὀ
1404 3272 1557 3336 Θεὸς,
1576 3272 1727 3330 ὲπει-

159 3348 367 3440 ποῦσα,
400 3353 426 3401 ὀ
451 3349 518 3402 δι’
554 3347 698 3419 ἡμᾶς
739 3354 956 3440 μορφὴν
979 3356 1163 3410 δούλου
1201 3359 1376 3413 λαϐὼν
1403 3361 1497 3415 καὶ
1522 3364 1580 3416 τὸ
1603 3366 1730 3418 ἑαυ-

157 3444 260 3494 τοῦ
288 3436 425 3509 αἷμα
467 3443 683 3512 ἐκχέας,
732 3436 895 3510 αὐτδς
926 3449 1145 3520 παρίδοι
1184 3452 1254 3506 τὰ
1281 3455 1596 3525 πταίσματά
1629 3474 1730 3526 μου
1780 3480 1783 3481 ν

159 3531 263 3580 καὶ
315 3531 602 3587 ἀποστελεῖ
650 3537 742 3588 τὸν
795 3537 1028 3605 ἄγγελον
1057 3541 1223 3595 αὐτοῦ
1277 3543 1584 3614 ἔμπροσθέν
1613 3565 1728 3614 σου,

159 3623 262 3674 καὶ
287 3622 609 3677 καθευθυνεί
642 3627 708 3681 τά
741 3628 1054 3698 διαδήματά
1079 3648 1171 3683 σου
1193 3649 1206 3662 ⁸
1240 3635 1376 3702 πρὸς
1395 3636 1605 3699 τούτοις
1638 3640 1733 3691 καὶ

155 3713 348 3777 δεξιὰν
377 3715 522 3784 αὐτῷ
560 3719 659 3788 τὴν
693 3719 951 3775 ἐπάνοδον
974 3723 1244 3792 εὐξαμένη
1295 3725 1593 3794 ἐξέπεμψε.
1631 3729 1732 3782 Τὸν

155 3803 221 3854 δὲ
251 3803 566 3872 Βονιφάτιον
598 3807 814 3878 ὤνησαν
848 3813 945 3880 μὲν
969 3813 1030 3864 οὐ
1064 3815 1298 3883 μετρίως
1327 3833 1386 3868 τε
1427 3819 1523 3871 καὶ
1557 3821 1605 3871 oi
1633 3819 1733 3889 τῆς

154 3894 454 3967 δεσποίνης
488 3898 659 3965 λόγοι,
685 3903 779 3954 καὶ
830 3903 967 3972 πρὸς
1001 3905 1070 3958 sit
1101 3905 1220 3960 θεῖά
1246 3925 1306 3960 τε
1336 3910 1430 3961 καὶ
1464 3909 1734 3981 σεϐάσμια

155 3987 394 4056 περιδεῆ
429 3990 791 4059 κατέστησαν,
824 3993 947 4045 ὅθεν
982 3994 1105 4047 οὔτε
1144 3997 1320 4064 κρεῶν
1358 3998 1561 4066 ἥπτετο
1594 4001 1734 4054 κατὰ

155 4081 268 4147 τὴν
302 4081 549 4150 πορείαν,
575 4081 698 4134 οὕτε
733 4081 840 4151 μὴν
870 4086 998 4153 οϊνῳ
1025 4087 1221 4155 ἐχρῆτο
1244 4103 1259 4118 ο
1291 4087 1461 4159 εἰσῄει
1493 4090 1548 4142 δὲ
1571 4093 1734 4145 αὐτὸν

160 4175 269 4225 καὶ
304 4172 583 4242 λογισμὸς,
635 4173 820 4244 ὥσπερ
875 4177 1222 4246 παιδαγωγὸς
1267 4179 1491 4249 ἀγαθὸς,
1521 4182 1733 4253 ὅτιπερ,

158 4257 277 4318 Οἷα
307 4265 530 4332 δράσας,
571 4263 660 4318 οἷα
715 4268 896 4336 μέλλω
925 4272 1110 4339 χερσὶν
1152 4273 1405 4340 ἀνάγνοις
1441 4278 1735 4344 μετακομί-

157 4355 320 4420 (etv;
355 4358 460 4408 Καὶ
476 4356 553 4426 τῷ
587 4358 693 4410 δέει
715 4360 891 4427 τούτῳ
917 4360 1100 4431 ἡρέμα
1120 4379 1171 4414 τι
1195 4365 1292 4431 τῆς
1326 4366 1464 4436 πρὸς
1494 4367 1553 4418 τὸ
1577 4367 1735 4436 σῶμα

1830 3190 1886 3238 et
1933 3171 2138 3249 pudore
2173 3177 2464 3239 affecisset,
2506 3185 2562 3231 et
2594 3192 2690 3244 pro
2736 3176 2867 3234 ludo
2905 3177 3292 3244 intempestivo
3335 3179 3404 3230 ad

1826 3277 2034 3345 justum
2064 3283 2119 3325 ct
2161 3269 2357 3323 rationi
2397 3279 2823 3322 consentaneum
2857 3279 3059 3321 metum
3091 3267 3242 3320 illius
3283 3266 3404 3321 auio

1833 3380 1974 3418 mam
2009 3361 2342 3415 traduxisset
2371 3369 2425 3412 et
2453 3359 2676 3412 dixisset
2707 3376 2718 3411 :
2759 3360 2922 3421 Deus,
2958 3359 3049 3426 qui
3104 3359 3246 3411 servi
3290 3358 3404 3412 for-

1832 3471 1975 3508 mam
2006 3463 2225 3523 propter
2250 3465 2348 3504 nos
2377 3450 2595 3518 accipit,
2639 3460 2694 3504 et
2736 3464 2894 3502 suum
2937 3448 3136 3504 eﬂudit
3175 3450 3402 3518 sanguio

1832 3561 1980 3608 nem,
2012 3544 2126 3610 ipse
2153 3541 2220 3594 ad
2251 3556 2366 3593 mea
2398 3555 2505 3593 non
2555 3540 2786 3607 aspiciat
2841 3540 3062 3602 delicta,
3121 3548 3176 3594 et
3226 3542 3405 3596 mittat

1834 3636 2086 3704 angelum
2143 3649 2301 3688 suum
2332 3643 2458 3686 ante
2509 3639 2583 3691 te.
2635 3640 2691 3684 et
2737 3631 2938 3699 dirigat.
2983 3646 3204 3700 gressus
3257 3642 3401 3688 tuos.

1837 3726 2044 3781 Deinde
2089 3725 2326 3777 faustum
2366 3725 2414 3776 ei
2465 3731 2681 3790 precata
2723 3721 2978 3784 reditum,
3005 3737 3129 3776 eum
3174 3723 3398 3777 emittit.

1836 3817 2110 3871 Bonifacio
2163 3829 2294 3868 vero
2341 3828 2450 3866 non
2503 3813 2857 3865 mediocriter
2905 3813 3127 3879 quidem
3183 3813 3405 3881 profue-

1836 3921 1967 3964 runt
1995 3909 2159 3962 verba
2189 3906 2444 3966 dominae,
2475 3913 2531 3958 et
2558 3911 2618 3956 ut
2653 3918 2739 3956 res
2768 3902 2982 3956 divinas
3022 3914 3078 3958 et
3114 3905 3404 3974 religiosas

1835 4005 2198 4058 revereretur,
2251 3994 2575 4048 effecerunt.
2631 3993 2768 4047 Hinc
2837 3995 3038 4048 factum
3101 4005 3295 4050 cst‘ut
3347 3998 3404 4050 in

1838 4090 2035 4145 itinere
2082 4101 2186 4141 nec
2239 4098 2432 4139 carnes
2478 4093 2748 4150 tangeret,
2808 4098 2910 4136 nec
2957 4085 3082 4136 vino
3132 4095 3400 4138 uteretur.

1838 4160 2068 4235 Subibat
2118 4187 2299 4231 autem
2346 4176 2464 4246 ejus
2530 4188 2750 4244 quoque
2807 4183 3047 4229 mentem
3121 4176 3402 4246 cogitatio,

1838 4270 2005 4323 veluti
2057 4268 2279 4338 quidam
2335 4266 2516 4320 bonus
2565 4265 2890 4334 paedagogus
2957 4283 2970 4320 :
3018 4267 3208 4332 Qualia
3277 4279 3406 4322 sunt

1839 4376 1960 4430 qua:
1992 4346 2117 4422 feci,
2176 4367 2230 4411 et
2261 4356 2440 4425 qualia
2477 4371 2596 4408 sum
2645 4355 2875 4424 impuris
2920 4358 3173 4410 manibus
3217 4370 3405 4426 porta-

158 4447 554 4516 προσπαοείας
605 4447 1001 4523 κατωλιγώρει,
1061 4453 1154 4505 καὶ
1217 4453 1392 4522 ἑαυτῴ
1447 4457 1733 4526 προσέχειν

1842 4451 2027 4505 turus?
2078 4451 2305 4517 Propter
2345 4447 2493 4501 hunc
2528 4458 2657 4500 vero
2704 4457 2932 4511 metum,
2981 4448 3183 4502 sensim
3230 4450 3406 4519 negli—

157 4539 451 4592 ἐπείθετο⁸
479 4539 640 4609 φάεος
670 4541 769 4610 μὲν
795 4541 904 4612 γὰρ
930 4543 1114 4614 πατὴρ
1137 4545 1411 4616 προσοχῆς
1433 4563 1447 4577 ·
1484 4547 1516 4617 ἡ
1549 4547 1604 4600 δὲ
1635 4564 1736 4615 γα-

157 4631 340 4700 λήνης
373 4633 557 4702 μήτηρ
607 4634 701 4686 καὶ
729 4636 1136 4701 καταστάσεως,
1174 4637 1317 4710 αὕτη
1347 4639 1403 4691 δὲ
1426 4639 1524 4709 τὴν
1557 4639 1737 4693 συναίο

158 4722 388 4788 σθησιν,
436 4722 624 4794 ὥσπερ
652 4727 710 4779 ἐν
734 4725 992 4798 ἀταράχῳ
1022 4728 1131 4781 τινὶ
1154 4730 1250 4783 καὶ
1301 4731 1526 4801 καθαρῷ
1557 4731 1733 4794 ὕδατι,

153 4813 236 4865 τὰ
266 4813 436 4881 αὐτῆς
466 4812 627 4884 αἴσχη
671 4815 980 4871 διαϐλέπειν
1022 4822 1168 4872 ποιεῖ
1245 4821 1336 4873 καὶ
1371 4821 1544 4884 οὕτως
1571 4822 1736 4891 ἀρχαὶ

155 4903 266 4956 καὶ
305 4903 449 4974 ῥίζαι
471 4903 566 4972 τῆς
601 4908 891 4974 μετανοίας
922 4909 1169 4976 φύονται,
1200 4910 1240 4982 ἢ
1271 4911 1334 4982 δὴ
1363 4913 1484 4966 τότε
1517 4914 1612 4968 καὶ
1636 4915 1735 4966 Βο-

157 4994 418 5059 νιφάτιον
450 4995 624 5058 καλῶς
659 5000 992 5070 συνειλήφει,
1019 5002 1114 5053 καὶ
1143 5002 1244 5074 ήδη
1277 5003 1412 5074 πρὸς
1443 5004 1560 5074 βίου
1583 5007 1739 5077 ἀκρί-

154 5083 329 5137 6ειαν
379 5087 656 5141 ἀπονεύων
713 5092 944 5159 φανερὸς
982 5088 1072 5162 ἦν,
1108 5096 1206 5161 τῆς
1265 5096 1362 5164 μὲν
1426 5100 1738 5167 παχυτέρας

152 5175 378 5243 ταύτης
407 5180 500 5230 καὶ
523 5181 778 5250 περιττῆς
802 5187 1027 5254 τροφῆς,
1046 5186 1234 5256 ὥσπερ
1273 5188 1502 5257 ἔφημεν,
1541 5191 1738 5258 ἀπεχό-

156 5284 358 5337 μενος,
391 5269 554 5338 εὐχῆς
576 5272 632 5324 δὲ
672 5273 1012 5328 ἀδιαλείπτου
1054 5277 1148 5330 καὶ
1169 5281 1422 5348 νηστείας
1469 5283 1607 5335 κατά
1641 5283 1738 5352 τὴν

152 5360 406 5431 πορείαν
432 5360 708 5430 ἐχόμενος.

237 5621 318 5676 Ε’.
367 5621 520 5674 Ἐπεὶ
572 5621 625 5676 δὲ
679 5623 772 5678 καὶ
806 5625 1000 5688 ἐπιϐὰς
1062 5628 1157 5696 τῆς
1214 5629 1397 5692 Ἀσίας
1449 5631 1588 5686 κατᾶ
1641 5633 1738 5705 τὴν

152 5715 526 5786 ὑμνουμένην
579 5715 673 5786 τῆς
712 5716 959 5782 Κιλικίας
992 5715 1203 5790 Ταρσὸν
1248 5721 1479 5790 ἐγένετο,
1513 5722 1639 5778 ἔνθα
1672 5725 1734 5796 δὴ

1791 5073 1795 5076 Α
1840 5000 2104 5055 dedecora
2143 5015 2158 5052 :

1837 4541 1997 4612 gebat
2026 4540 2312 4609 pristinam
2341 4552 2495 4592 suam
2524 4537 2580 4590 in
2613 4553 2813 4606 corpus
2842 4537 3213 4602 affectionem,
3243 4550 3299 4593 et
3342 4550 3404 4594 ut

1837 4634 1940 4688 sibi
1994 4632 2338 4693 attenderet,
2403 4629 2509 4681 sibi
2570 4628 2955 4697 persuadebat.
3016 4630 3150 4684 Nam
3226 4641 3406 4686 metus

1837 4726 2057 4795 quidem
2085 4733 2169 4778 est
2195 4731 2367 4776 mater
2391 4720 2798 4789 tranquillitatis
2833 4729 2888 4774 et
2919 4721 3157 4788 quietis;
3186 4739 3246 4776 ea
3276 4739 3407 4778 vero

1838 4817 1978 4888 parit
2007 4816 2418 4878 conscientiam,
2449 4828 2568 4882 quae
2618 4812 2768 4873 facit,
2813 4822 2873 4865 ut
2921 4812 3103 4865 anima
3149 4822 3407 4883 tanquam

1840 4910 1892 4963 in
1927 4925 2060 4977 pura
2089 4909 2266 4975 aliqua
2297 4915 2353 4959 et
2391 4920 2498 4958 non
2547 4904 2764 4966 turbata
2794 4919 2957 4973 aqua,
2993 4920 3090 4958 sua
3123 4905 3406 4960 intueatur

2208 5007 2264 5051 et
2321 4996 2401 5051 sic
2452 5004 2759 5051 nascuntur
2802 4995 3068 5064 principia
3113 5005 3168 5048 et
3200 4998 3409 5053 radices

1839 5091 2191 5162 pcenitentire.
2245 5091 2362 5144 Jam
2418 5098 2548 5142 tunc
2599 5097 2781 5140 autem
2820 5088 3044 5154 pulchre
3083 5101 3407 5156 conceperat

1840 5184 2172 5243 Bonifacius,
2203 5191 2258 5235 ct
2286 5183 2394 5252 jam
2431 5189 2620 5248 aperte
2650 5179 2997 5240 ostendebat,
3029 5195 3086 5232 se
3140 5180 3407 5234 inclinare

1840 5274 1906 5327 ad
1937 5276 2100 5328 vitam
2129 5271 2426 5340 perfectam
2452 5281 2508 5322 ct
2543 5277 2876 5329 accuratam,
2914 5278 2974 5322 ttt
3005 5271 3097 5337 qui
3139 5286 3168 5322 a
3201 5272 3404 5324 crassis

1839 5365 2059 5432 quidem
2114 5373 2169 5416 et
2213 5360 2654 5431 supervacaneis,
2707 5368 2765 5413 ut
2809 5359 3069 5416 diximus.
3102 5361 3399 5416 abstineret

1841 5453 2136 5517 alimentis,
2191 5453 2423 5508 assiduis
2454 5467 2586 5506 vero
2614 5453 2872 5521 precibus
2901 5463 2956 5505 et
2983 5452 3208 5521 jejuniis
3241 5468 3408 5506 vaca-

1841 5556 1922 5599 ret
1952 5544 2003 5598 in
2032 5543 2252 5598 itinere.

1913 5638 1974 5695 γ.
2019 5637 2308 5706 Postquam
2342 5644 2526 5690 autem
2568 5634 2901 5693 ascendisset
2929 5635 2980 5690 in
3013 5637 3218 5709 Asiam,
3248 5649 3301 5693 et
3344 5641 3411 5698 ad

1842 5727 2171 5785 celebratam
2204 5727 2259 5782 in
2307 5725 2495 5783 Cilicia
2548 5725 2891 5796 pervenisset
2923 5726 3181 5795 Tarsum,
3211 5744 3322 5798 quo
3351 5728 3412 5786 in
