4196 6306
167 335 264 401 249

1375 339 1549 397 νιτΛ
1591 337 1652 397 S.
1699 331 2116 399 BONIFACH.

3287 337 3394 399 250

166 451 247 503 καὶ
272 450 530 517 παρέστη,
594 446 922 516 ἐρωτηθείς·
968 448 1093 511 Εἰμὶ
1138 446 1255 515 μὲν,
1295 446 1421 514 ἔιρη,
1454 446 1715 514 Χριστια-

1830 455 2044 514 rogatus
2071 464 2083 498 :
2120 446 2250 500 Sum
2277 446 2522 515 quidem,
2552 446 2747 515 inquit,
2776 445 3154 502 Christianus:
3181 447 3391 503 Domini

167 544 265 603 νὸς,
288 541 348 607 τῇ
376 538 430 590 δὲ
456 537 546 589 τοῦ
600 537 733 606 ἐμοῦ
795 539 1065 590 Δεσπὸτου
1097 537 1322 605 δυνάμει
1356 534 1574 605 θαρρῶν
1608 532 1714 585 τῶν

165 631 448 696 ὁμοδούλων
503 630 647 696 τοὺς.
683 630 779 698 μὲν
816 629 1037 690 πιστοὺς
1083 626 1242 693 φιλῶ,
1277 627 1369 680 σοῦ
1398 627 1453 679 δὲ
1486 628 1577 679 καὶ
1610 624 1716 676 τῶν

167 726 262 777 σῶν
308 724 378 787 ὡς
442 724 773 791 ἀγνωμόνων
832 724 1180 791 ὑπερφρονῶ.
1252 724 1360 775 Καὶ
1414 724 1443 774 ὀ
1484 721 1709 791 ἄρχων·

168 818 330 869 Ταῦτα
354 817 451 885 μὲν
470 816 668 883 λέγειν,
698 816 824 882 τόγε
854 816 970 879 νῦν,
998 816 1062 868 ἔα
1090 831 1103 844 ’
1136 816 1263 882 λέγε
1294 816 1350 867 δὲ
1378 816 1475 884 τήν
1500 832 1557 866 τε
1588 812 1717 878 κλῆ-

167 925 243 959 σιν
287 908 378 979 τὴν
413 911 509 977 σὴν
540 908 631 958 καὶ
686 907 744 957 τὸ
776 908 1130 975 ἐπιτήδευμα.
1190 908 1247 959 '0
1275 906 1329 958 δὲ
1360 904 1679 971 Βονιφάτιος
1700 919 1711 929 '

170 1002 359 1067 Ὀνομα
418 1002 514 1067 μὲν
577 998 700 1063 ἐμοὶ
743 999 804 1051 τὸ
859 1000 1073 1065 πρῶτον
1108 1002 1201 1050 καὶ
1232 998 1258 1051 6
1313 999 1511 1068 μᾶλλον
1544 998 1717 1065 χαίρω

167 1093 499 1157 καλούμενος,
561 1093 885 1159 Χριστιανός
914 1108 927 1121 ·
990 1096 1038 1143 εί
1088 1093 1142 1144 δὲ
1178 1094 1267 1144 καὶ
1321 1092 1379 1143 τὸ
1408 1095 1467 1142 ἐκ
1513 1090 1716 1155 γονέων

166 1184 306 1233 τοῖτο
339 1182 512 1249 βούλει
552 1183 764 1250 μαθεῖν,
802 1185 1138 1248 Βονισάτιος.
1202 1185 1309 1236 Καὶ
1347 1185 1373 1234 6
1403 1183 1603 1248 ἄρχων.
1637 1181 1716 1230 ἔτι

164 1274 251 1325 τού
299 1276 474 1341 Ἀγίου
509 1276 760 1342 λέγοντος
808 1278 1067 1344 ἐκκόψας,
1110 1277 1243 1342 ’Λγε
1303 1275 1366 1341 δὴ
1418 1275 1532 1336 οὖν,
1586 1273 1714 1339 ἔφη,

168 1368 460 1435 Dor/rgias,
518 1366 644 1435 πρὶν
694 1369 725 1436 ἦ
758 1367 865 1417 τῶν
895 1368 1112 1435 σαρκῶν
1146 1385 1237 1418 σου
1270 1367 1360 1417 καὶ
1410 1365 1515 1416 τῶν
1546 1362 1716 1415 ὀστῶν

166 1460 397 1525 ἅψωμαι,
433 1459 621 1517 πείθου
654 1462 824 1509 ποιεῖν
852 1459 917 1509 τά
961 1458 1387 1525 κεκελευσμένα,
1419 1457 1511 1507 καὶ
1551 1471 1719 1522 προσ-

166 1551 321 1603 ελθὼν
361 1551 454 1603 θύε
478 1555 588 1613 τοῖς
618 1552 870 1619 εὐμενέσι
902 1552 1061 1614 Θεοῖς·
1093 1551 1250 1603 τοῦτο
1294 1550 1401 1617 γάρ
1436 1566 1517 1601 σοι
1548 1546 1717 1599 πολλὰ

166 1645 479 1712 προξενήσει
509 1643 574 1695 τά
603 1643 803 1709 ἀγαθὰ,
841 1643 1025 1711 φιλίαν
1075 1642 1236 1708 θεῶν,
1274 1641 1589 1709 ἀπαλλαγὴν
1622 1656 1719 1709 χα-

167 1736 355 1797 λεπῶν,
395 1738 483 1788 καὶ
519 1736 765 1806 παροχὴν
800 1736 1028 1788 πλούτου
1076 1737 1168 1788 καὶ
1221 1736 1489 1804 μεγίστων
1519 1735 1714 1802 τιμῶν.

168 1827 303 1891 Πρὸς
327 1826 497 1878 ταίτα
530 1828 556 1877 6
582 1829 809 1895 μάρτυς.
839 1827 973 1879 Οὐδὲ
1002 1826 1397 1893 ἀποκρίνασθαί
1434 1842 1532 1882 σοι.
1563 1824 1716 1893 φησὶ,

166 1913 363 1963 δίκαιον
383 1930 398 1945 ο
460 1914 597 1981 πλὴν
627 1913 762 1965 ἀλλὰ
802 1915 956 1966 τοῦτο
985 1931 1044 1980 γε
1074 1915 1100 1965 ὃ
1126 1916 1218 1966 καὶ
1271 1914 1527 1974 πολλάκις
1559 1914 1718 1979 ἔφην,

166 2003 290 2066 ἐρῶ,
358 2004 678 2071 Χριστιανὸς
730 2005 865 2071 ἐγὼ·
933 2005 1087 2057 τοῦτο
1147 2004 1305 2073 μόνον
1358 2005 1498 2073 παρ’
1565 2003 1720 2071 ἡμῶν

164 2097 318 2149 ἄκουε
343 2113 355 2126 ·
394 2096 552 2154 αὐτὸς
576 2095 651 2159 δε,
683 2097 729 2147 εἰ
763 2098 837 2165 μὴ
870 2097 1059 2168 ἀνέχῃ,
1097 2097 1123 2149 δ
1165 2114 1216 2149 τι
1265 2095 1467 2166 βούλει,
1509 2094 1583 2163 τῷ
1620 2093 1723 2145 σῶς

166 2205 290 2258 ματι
324 2187 458 2255 χρῶ.

231 2277 303 2332 Ζ’.
344 2280 461 2331 Ἑπῖ
495 2278 705 2341 τούτοις
735 2279 1052 2349 χαλεπήνας
1082 2281 1107 2331 ὀ
1137 2280 1339 2347 ἅρχων,
1366 2280 1458 2330 ἐπὶ
1487 2280 1726 2349 κεφαλὴν

163 2370 322 2424 αὐτὸν
356 2371 729 2440 κρεμασθῆναι
767 2370 1001 2431 κελεύει,
1057 2370 1149 2419 καὶ
1211 2371 1444 2437 ἰσχυρῶς
1487 2372 1585 2437 μὲν
1613 2371 1727 2432 ξέε-

164 2461 285 2512 σθαι
306 2477 318 2489 ·
349 2461 443 2527 τὴν
467 2461 697 2528 βάσανον
732 2460 787 2509 δὲ
820 2456 1265 2524 παρατεένε’σοαι,
1304 2459 1428 2527 ἄχρι
1464 2459 1726 2524 διαφανὴς

161 2552 229 2603 τὰ
258 2552 384 2602 ὁστά
445 2554 689 2616 γένηται.
750 2550 856 2603 Καὶ
910 2549 1078 2601 ταῦτα
1119 2552 1214 2619 μὲν
1267 2552 1462 2620 ὥσπερ
1521 2552 1727 2612 ἐκεῖνος

162 2641 375 2694 ἐκέλευε
402 2639 545 2691 οὕτω
573 2639 635 2709 δὴ
667 2640 760 2691 καὶ
793 2641 927 2710 πρὶς
952 2641 1113 2711 τάχος
1144 2645 1255 2703 τοῖς
1278 2643 1491 2712 δημίοις
1526 2642 1731 2708 ἐπράτ-

158 2749 285 2785 τετο
309 2748 322 2761 ·
364 2732 391 2785 6
417 2729 474 2784 δὲ
506 2730 742 2801 Χριστοῦ
775 2732 985 2801 μάρτυς
1026 2733 1276 2800 καθάπερ
1298 2734 1358 2784 οὐ
1382 2733 1460 2801 τῷ
1491 2733 1730 2785 διασπά-

162 2824 289 2877 σθαι
320 2824 416 2885 τὰς
449 2824 678 2893 σάρκας,
717 2823 852 2875 ἀλλὰ
892 2824 967 2891 τῷ
1013 2823 1338 2894 διαιρεῖσθαι
1395 2825 1504 2876 τῶν
1560 2825 1733 2891 ἁγίων

163 2919 365 2986 μᾶλλον
391 2919 594 2983 ἀλγῶν,
619 2918 744 2975 τοὺς
772 2917 1079 2986 ὀφθαλμοὺς
1110 2920 1207 2988 μὲν
1229 2920 1440 2988 ἤρειδεν
1480 2921 1565 2972 ἐπ’
1589 2919 1735 2972 ὲκεί-

160 3026 313 3070 νους,
371 3008 541 3075 αύτήν
598 3023 654 3061 τε
686 3007 784 3075 τὴν
815 3007 936 3074 ὄψιν
971 3008 1172 3071 ποθῶν,
1220 3010 1310 3061 καὶ
1354 3010 1469 3077 ἅμα
1495 3012 1564 3072 ὼς
1599 3013 1734 3081 πρὸς

1818 551 1949 591 vero
1974 538 2076 591 mei
2132 538 2304 593 fretus
2351 540 2577 601 virtute,
2617 555 2685 594 ex
2731 538 3015 593 conservis
3057 539 3246 594 ﬁdeles
3272 542 3398 609 qni-

1817 629 1940 684 dem
1979 629 2167 699 diligo,
2225 640 2276 684 te
2319 639 2505 683 autem
2557 636 2613 683 et
2668 637 2794 683 tuos
2841 636 3098 697 tanquam
3152 630 3399 697 ingratos

1817 721 2084 790 despicio.
2114 720 2319 775 Praeses
2345 734 2476 773 vero
2512 736 2526 772 :
2563 719 2686 773 Haec
2733 718 2961 788 quidem
3005 720 3160 772 mitte
3203 719 3393 774 dicere

1819 817 1870 869 in
1911 814 2219 882 praesentia.
2250 813 2345 867 Dic
2377 823 2561 866 autem
2594 826 2789 864 nomen
2826 820 2979 863 tuum
3024 820 3078 863 et
3127 809 3391 863 studium.

1819 905 2124 959 Bonifacius
2172 914 2394 957 autem:
2441 901 2686 957 Primum
2729 900 2950 968 quidem
3004 899 3137 954 milii
3170 914 3391 962 nomen,

1816 1008 1871 1050 et
1903 1012 2012 1063 quo
2046 997 2275 1048 maxime
2307 994 2494 1049 vocari
2531 994 2765 1064 gaudeo,
2815 991 3185 1047 Christianus.
3233 990 3393 1057 Quod

1820 1090 1863 1144 si
1896 1088 1975 1141 vis
2004 1088 2167 1142 etiam
2193 1088 2337 1141 scire
2369 1101 2569 1141 nomen
2607 1085 2741 1138 mihi
2773 1084 3088 1152 impositum
3121 1098 3151 1135 a
3195 1097 3397 1151 paren-

1822 1182 2003 1246 tibus,
2065 1179 2398 1236 Bonifacitis.
2473 1180 2682 1233 Praeses
2752 1192 2883 1231 vero
2954 1185 3145 1231 sancto
3216 1176 3397 1229 adimo

1819 1274 2095 1341 loquente,
2142 1287 2267 1325 eum
2316 1271 2718 1339 interpellans:
2768 1273 2879 1339 Age
2923 1284 3074 1337 ergo,
3136 1268 3332 1337 inquit,
3363 1282 3397 1321 ο

1819 1364 2083 1429 Bonifaei,
2125 1344 2440 1433 priusquam
2489 1374 2704 1433 tangam
2752 1378 2946 1417 carnes
2977 1372 3119 1423 tuas,
3161 1372 3219 1416 et
3248 1376 3394 1423 ossa.

1819 1473 1951 1527 pare
2004 1467 2059 1511 et
2099 1458 2182 1511 {ac
2239 1458 2525 1524 imperata.
2573 1467 2629 1510 et
2678 1458 2943 1511 accedens
2988 1455 3233 1511 sacriﬁca
3290 1453 3398 1508 diis

1821 1551 2095 1620 propitiis.
2141 1550 2254 1604 Hoc
2295 1550 2446 1603 enim
2479 1548 2575 1601 tibi
2620 1551 2789 1605 niuita
2838 1551 2976 1605 bona
3030 1546 3397 1602 conciliabit:

1822 1643 2049 1696 deorum
2111 1636 2430 1697 amicitiam.
2487 1656 2515 1692 a
2572 1641 2735 1693 rebus
2777 1642 3036 1710 gravibus
3088 1651 3143 1693 et
3193 1639 3400 1706 asperis

1821 1735 2223 1793 liberationem,
2256 1733 2678 1801 divitiarumquc
2711 1743 2767 1787 et
2798 1733 3161 1785 maximorum
3218 1729 3397 1782 ltono-

1824 1843 1943 1881 rum
1992 1825 2512 1896 suppeditationem.
2571 1824 2650 1878 Ad
2708 1824 2825 1878 lirec
2880 1833 3090 1892 martyr
3130 1842 3142 1874 :
3176 1820 3258 1876 Ne
3300 1819 3399 1874 tibi

1823 1918 2066 1985 quidem,
2106 1918 2302 1984 inquit,
2336 1918 2540 1984 justum
2569 1923 2648 1968 est
2674 1914 3041 1981 respondere;
3070 1914 3170 1965 hoc
3195 1916 3399 1970 tamen.

1825 2009 2023 2076 inquit.
2056 2008 2253 2068 dicam,
2289 2006 2432 2073 quod
2469 2020 2610 2073 saepe
2640 2005 2751 2057 dixi
2793 2023 2806 2058 :
2842 2003 2972 2059 Sum
3015 2003 3403 2066 Christianus;

1824 2100 1929 2155 hoc
1964 2100 2136 2153 solum
2182 2099 2306 2167 audi
2341 2114 2369 2152 a
2399 2098 2578 2157 nobis.
2618 2095 2675 2151 Si
2719 2098 2833 2151 ltmc
2885 2106 3067 2151 autem
3096 2110 3205 2149 non
3238 2095 3405 2163 feras,

1830 2194 1910 2249 iac
1942 2194 2084 2273 quod
2117 2193 2216 2247 tibi
2251 2192 2498 2246 libuerit.

1895 2289 2007 2341 VII.
2055 2286 2178 2340 Hmc
2231 2302 2352 2339 cum
2390 2286 2636 2344 dixisset.
2689 2300 2890 2354 prmses
2932 2283 3090 2352 jubet
3123 2297 3248 2335 eum
3283 2296 3408 2336 sus-

1829 2379 1988 2447 pendi
2023 2379 2381 2447 prrecipitem,
2430 2387 2485 2431 et
2528 2375 2746 2429 fortiter
2793 2376 3012 2444 quidem
3061 2373 3242 2430 caedi:
3294 2382 3409 2426 tor-

1829 2476 2074 2521 mentum
2129 2477 2311 2522 autem
2372 2467 2613 2527 extendi,
2665 2466 2839 2519 donec
2879 2480 3000 2519 ossa
3050 2462 3183 2517 ﬁant
3235 2461 3410 2516 mani~

1829 2560 1984 2614 festa.
2028 2560 2093 2612 Et
2144 2559 2259 2612 inec
2306 2559 2549 2625 quidem.
2594 2558 2737 2610 sicut
2768 2557 2857 2608 ille
2895 2556 3080 2622 jussit,
3126 2553 3410 2621 quampri-

1831 2668 1981 2706 mum
2030 2650 2169 2705 facta
2218 2659 2345 2703 sunt
2393 2665 2422 2703 a
2466 2648 2797 2702 lictoribus:
2834 2645 2928 2700 Dei
2974 2653 3155 2699 autem
3201 2652 3409 2713 martyr

1834 2753 2089 2811 tanquam
2128 2756 2234 2794 non
2271 2740 2464 2795 dolens
2514 2738 2661 2808 quod
2699 2752 2893 2793 carnes
2940 2735 3406 2801 distraherentur,

1832 2835 1925 2888 sed
1983 2834 2183 2901 potius.
2245 2832 2390 2899 quod
2438 2836 2789 2899 separaretur
2841 2846 2870 2883 a
2926 2830 3155 2893 sanctis,
3188 2829 3243 2882 in
3284 2828 3411 2884 illos

1834 2926 2055 2998 quidem
2085 2924 2356 2993 deligeliat
2381 2923 2590 2984 oculos,
2619 2923 2780 2975 simul
2801 2929 2857 2974 et
2884 2926 3056 2988 Ipsam
3090 2919 3410 2972 desiderans

1835 3021 2127 3075 visionem.
2156 3028 2211 3072 et
2248 3028 2505 3086 tauquam
2539 3014 2606 3069 ad
2644 3013 2937 3085 pulchrum
2985 3010 3287 3079 exemplar,
3325 3009 3413 3063 in-

158 3096 326 3149 καλδν
387 3095 740 3165 παράδειγμα
780 3096 996 3163 βλέπων
1052 3100 1174 3160 τοὺς
1216 3100 1439 3152 ἐκείνων
1491 3101 1575 3152 διὰ
1606 3103 1736 3171 Χρι-

1842 3125 2001 3166 tuens
2044 3113 2110 3166 ad
2158 3113 2376 3165 illorum
2447 3118 2674 3177 propter
2732 3107 3016 3162 Christum
3081 3102 3407 3158 certamina.

159 3189 293 3239 στόν
316 3186 533 3250 ἄθλους.
576 3186 665 3250 Ὠς
698 3188 790 3240 οὖν
817 3185 1148 3243 εἶδενιαύτὸν
1181 3192 1208 3243 6
1243 3192 1424 3262 ἄρχων
1446 3192 1597 3245 οὐδὲν
1630 3194 1735 3245 ἀπὸ

155 3281 260 3350 τῆς
295 3280 526 3350 βασάνου
574 3280 783 3348 ταύτης
821 3284 1024 3348 ὑφέντα
1076 3284 1170 3337 τοῦ
1208 3287 1471 3355 παρόντος
1506 3287 1733 3352 σκοποῦ,

160 3373 366 3442 μικρὸν
404 3372 659 3439 ἀνεθῆναι
719 3374 952 3433 κελεύει,
988 3377 1077 3425 καὶ
1108 3376 1271 3427 πάλιν
1312 3378 1501 3448 ὥσπερ
1534 3382 1596 3430 ὲκ
1622 3380 1738 3433 δια-

156 3464 464 3531 λείμματος
502 3460 856 3530 προσόάλλων
883 3461 959 3533 τῷ
985 3465 1246 3535 μάρτυρι,
1270 3467 1362 3518 καὶ
1386 3468 1585 3520 τοιόνδε
1615 3469 1735 3536 τρόο

156 3571 265 3607 πον
296 3554 698 3622 ἀποπειρᾶσθαι
740 3556 904 3609 αὑτοῦ
956 3558 1303 3627 βουλόμενος,
1347 3559 1591 3612 Γενέσθω
1629 3576 1731 3621 σοι,

155 3645 355 3713 φησὶν,
388 3638 431 3697 ὦ
456 3646 763 3715 Βονιφάτιε,
794 3649 864 3701 τὰ
895 3650 1194 3719 παθήματα
1221 3651 1414 3715 ταῦτα,
1442 3653 1736 3722 μαθήματα

155 3740 304 3805 πρὸς
337 3737 397 3790 τὸ
428 3739 657 3804 βέλτιον,
691 3742 783 3793 καὶ
823 3745 1018 3812 πεῖραν
1045 3743 1153 3796 τῶν
1188 3746 1506 3814 ἀνηκέστων
1534 3747 1737 3799 τούτων

152 3829 345 3883 λαόὼι
376 3832 594 3892 ὀδυνῶν,
651 3832 746 3899 ὀψὲ
779 3833 929 3899 γοῦν,
961 3835 1135 3895 ἄθλιε.
1187 3836 1413 3888 σεαυτὸν
1457 3837 1736 3904 οἰκτείρας

152 3922 273 3974 τῶν
309 3922 586 3987 μενουσῶν
612 3939 668 3974 σε
702 3925 995 3987 κολάσεων,
1046 3927 1311 3995 πρόσελθε
1340 3927 1537 3984 θύσων.
1599 3928 1656 3982 Ὀ
1682 3929 1735 3982 δὲ

158 4016 393 4079 Ἀγιοςο
443 4014 572 4085 Ἐμὲ
603 4015 751 4071 θύειν
784 4020 1113 4084 ἐπιτάττων,
1145 4021 1395 4086 ἀσύνετε,
1444 4022 1544 4075 οἴει
1578 4021 1738 4075 δυνα-

151 4109 279 4167 τοῖς
316 4108 452 4169 ὅλως
503 4111 837 4175 ὲπιχειρεῖνς
889 4111 1031 4176 Ἐγὼ
1092 4112 1233 4174 θεοῖς
1276 4114 1735 4182 προσελεύσομαι,

152 4192 239 4248 ὧν
267 4198 404 4265 μόνη
440 4198 630 4250 τοῦτον
661 4201 1001 4269 προσηγορία
1036 4202 1161 4272 μηδ’
1203 4204 1391 4266 ἀκοαῖς
1427 4206 1679 4273 φορητῆς

241 4289 327 4343 H'.
362 4288 543 4357 Θυμδς
576 4289 738 4341 πάλιν
768 4291 859 4344 τὸν
916 4293 1153 4362 ἄρχοντα
1193 4294 1457 4364 κατέσχεν
1488 4296 1587 4348 οὐκ
1616 4298 1740 4348 ἁνε-

154 4382 323 4444 χτὸς,
357 4380 450 4431 καὶ
481 4380 718 4448 κάλαμοι
748 4382 1059 4447 ὀξυνθέντες
1088 4385 1252 4448 εὐθὺς
1299 4387 1441 4438 κατὰ
1472 4388 1580 4439 τῶν
1615 4386 1735 4439 ὀνύ-

1835 3204 2126 3271 Postquam
2173 3214 2303 3269 ergo
2346 3200 2484 3252 vidit
2525 3214 2651 3252 eum
2726 3211 2925 3266 prmses
2982 3195 3085 3247 hoc
3136 3201 3413 3247 tormento

1836 3297 1973 3351 nihil
2000 3294 2275 3353 remisisse
2308 3296 2370 3349 de
2397 3306 2498 3347 suo
2539 3306 2725 3361 scopo.
2758 3288 2914 3359 jubet
2947 3302 3074 3342 eum
3121 3285 3408 3356 paululum

1838 3388 2118 3443 relaxari:
2170 3371 2226 3440 et
2280 3400 2475 3439 rursus
2528 3384 2821 3453 interiecto
2869 3380 3059 3449 aliquo
3121 3374 3415 3432 intervallo

1836 3480 2159 3552 aggrediens
2208 3487 2522 3544 martyrem,
2582 3482 2639 3528 et
2693 3473 2796 3526 hoc
2842 3472 3006 3525 modo
3060 3471 3251 3525 volens
3284 3478 3412 3525 eum

1837 3579 2048 3624 tentare
2080 3585 2093 3620 :
2130 3568 2249 3619 Sint
2275 3564 2396 3628 tibi,
2430 3562 2631 3632 inquit,
2661 3577 2695 3615 o
2741 3559 3005 3622 Bonifaci,
3058 3558 3144 3613 hc
3193 3572 3417 3628 perpes-

1837 3663 2039 3723 siones,
2071 3659 2400 3713 documenta
2429 3656 2549 3726 ejus
2569 3655 2713 3724 quod
2746 3665 2833 3708 est
2858 3653 3076 3715 melius,
3117 3660 3172 3705 et
3220 3650 3416 3705 intole-

1838 3752 2039 3807 rabiles
2059 3751 2158 3804 hos
2172 3752 2282 3820 jam
2305 3756 2565 3816 expertus
2586 3745 2829 3801 dolores.
2860 3743 3100 3806 tandem,
3134 3755 3168 3795 ο
3200 3740 3410 3800 infelix.

1838 3844 1914 3898 tui
1946 3844 2217 3904 misertus,
2253 3848 2477 3908 propter
2504 3852 2567 3891 ea
2596 3851 2718 3905 qua
2764 3844 2815 3889 te
2862 3841 3090 3888 manent
3120 3833 3410 3902 supplicia,

1841 3932 2039 3988 accede
2063 3929 2489 3984 sacriﬁcaturus.
2535 3927 2769 3983 Sanctus
2797 3934 2981 3978 autem
3008 3942 3022 3975 :
3057 3920 3186 3977 Mihi
3214 3922 3417 3993 iubens

1842 4026 2173 4082 sacriﬁcare.
2205 4038 2238 4075 ο
2265 4020 2486 4083 stolide,
2511 4018 2795 4073 existimas
2826 4026 2879 4071 te
2906 4031 2972 4070 ea
3018 4013 3263 4085 aggredi,
3292 4028 3417 4082 quae

1844 4115 2052 4182 possint
2089 4111 2245 4163 fieri?
2276 4111 2388 4179 Ego
2423 4111 2490 4162 ad
2523 4109 2658 4164 deos
2691 4106 2972 4168 accedam,
3015 4120 3141 4159 cum
3183 4102 3267 4157 vel
3301 4102 3415 4159 sola

1838 4219 2027 4258 eorum
2064 4201 2354 4270 appellatio
2385 4201 2455 4254 sit
2476 4215 2542 4254 au
2556 4199 2708 4252 ribus
2735 4193 3137 4249 intolerabilis?

1909 4296 2046 4351 Vill.
2084 4295 2168 4349 ira
2213 4308 2404 4349 rursus
2453 4288 2812 4346 intoleranda-
2850 4288 3051 4342 invasit
3099 4283 3416 4356 praesidem,

1842 4397 1899 4445 et
1943 4398 2118 4444 acutae
2164 4403 2289 4441 mox
2344 4385 2646 4439 arundines
2686 4383 2737 4437 ei
2797 4380 3072 4435 transfixa:
3137 4387 3267 4433 sunt
3317 4392 3418 4445 per

152 4490 280 4542 χων
302 4470 449 4539 αὐτῷ
472 4473 833 4543 ὶνεπείροντο.
860 4469 966 4526 οἴδ*
1004 4476 1031 4526 ὅ
1060 4492 1112 4526 τι
1147 4477 1451 4530 πεπόνθατε
1483 4480 1575 4532 καὶ
1602 4480 1737 4547 πρὸς

1851 4497 2080 4552 ungues.
2124 4480 2249 4534 Scio
2296 4494 2393 4531 vos
2439 4478 2520 4530 vel
2570 4477 2636 4529 ad
2700 4476 2876 4530 solum
2926 4472 3174 4525 auditum
3218 4470 3420 4523 exhor-

162 4566 349 4633 μόνην
390 4565 489 4630 τὴν
522 4566 693 4630 ἀκοήν
719 4580 733 4594 ·
765 4569 1007 4635 ἐσχάτως
1042 4568 1203 4636 γάρὴ
1235 4568 1468 4636 βάσανος
1503 4570 1739 4638 χαλεπή.

173 4659 330 4710 Ἀλλ’
360 4659 388 4709 6
415 4655 646 4725 μάρτυς,
678 4657 756 4716 είς
796 4659 1023 4727 οὐρανὸν
1051 4659 1254 4722 ἀτενῶς
1280 4660 1605 4729 άναὸλέψας,
1650 4663 1746 4714 καὶ

155 4753 366 4819 ὥσπερ
432 4749 558 4819 ὃλην
599 4750 716 4802 ἐκεῖ
747 4751 880 4817 μετὰ
935 4753 1032 4819 τῆς
1062 4754 1298 4816 διανοίας
1353 4754 1461 4817 θεὶς
1523 4755 1618 4806 καὶ
1646 4755 1746 4822 τὴν

152 4840 449 4905 αἴσθησιν,
486 4841 606 4892 οὐδὲ
636 4840 808 4909 βραχὺ
851 4841 978 4905 γοῦν
1023 4842 1306 4909 ἐφρόντιζε
1363 4844 1456 4909 τῆς
1509 4844 1700 4913 ὀδύνης
1727 4858 1743 4875 ο

154 4934 289 4987 ἀλλ’
331 4930 567 4991 εὐκόλως
597 4933 754 4993 αὐτὸς
785 4931 944 5000 ἔφερε
981 4932 1198 5000 μᾶλλον,
1230 4935 1259 5002 ἢ
1289 4937 1315 4985 6
1350 4932 1529 5003 ἄρχων
1568 4953 1744 5006 προσ-

154 5024 401 5074 έταττεν
428 5036 440 5049 °
479 5021 552 5082 ὼς
583 5019 674 5072 οὖν
710 5024 801 5073 καὶ
835 5021 972 5091 αὕτη
1005 5022 1081 5090 τῷ
1112 5024 1359 5076 δυσσεϐεῖ
1410 5027 1661 5097 διακενῆς
1716 5029 1746 5092 ἡ

156 5114 413 5183 βάσανος
444 5114 782 5184 ἐξηλέγχετο,
809 5117 1001 5184 ἑτέραν
1035 5112 1187 5179 αὖθις
1230 5120 1432 5186 πικράν
1478 5122 1747 5188 τιμωρίαν

154 5208 225 5268 ἐξ
260 5204 548 5286 ὠμρτητός
576 5222 635 5257 τε
660 5207 753 5257 καὶ
782 5209 1045 5276 πονηρίας
1076 5209 1300 5273 ἐπινοεῖ,
1334 5211 1425 5262 καὶ
1448 5211 1659 5263 κελεύει
1687 5212 1748 5265 τὸ

156 5297 356 5364 στόμα
381 5297 705 5366 διανοιγέντι
734 5298 810 5364 τῷ
848 5302 1084 5369 μάρτυρι
1128 5302 1385 5369 μόλυϐδον
1412 5303 1559 5370 λιτῷ
1590 5308 1746 5373 ἐγχε-

152 5390 333 5456 θῆναι
376 5388 578 5456 σφόδρα
612 5391 923 5443 διακαέντα.
977 5393 1131 5443 Ἐπεὶ
1180 5393 1273 5444 οὖν
1320 5396 1462 5459 ἔγνω
1514 5395 1673 5449 τοῦτο
1721 5396 1749 5447 ὁ

150 5480 440 5548 ἀθλητὴς.
476 5482 567 5531 καὶ
590 5485 775 5549 χεῖρας
827 5481 942 5548 ἅμα
987 5486 1078 5535 καὶ
1121 5484 1218 5552 τὴν
1272 5485 1451 5553 ’ψυχὴν
1494 5487 1629 5554 πρὸς
1659 5487 1747 5538 τὸν

150 5573 311 5629 Θεὸν
336 5569 579 5637 ὑψώσας,
618 5572 860 5625 Δέσποτά
899 5589 1020 5641 μου,
1051 5575 1274 5641 ἔφησεν,
1309 5575 1486 5643 Ἰησοῦ
1523 5578 1743 5645 Χριστὲ,

149 5666 177 5713 e
224 5662 520 5730 κρείττονά
560 5680 626 5729 με
659 5663 763 5714 τῶν
793 5665 891 5733 ήδη
924 5665 1313 5733 προλαδουσῶν
1361 5668 1540 5733 δείξας
1578 5688 1747 5740 τιμω-

152 5755 333 5830 ριῶν,
357 5755 451 5807 καὶ
476 5753 566 5806 νῦν
598 5754 903 5833 παράστηθὶ
933 5773 1042 5824 μοι,
1068 5755 1342 5837 μὸνηέμοὶ
1379 5760 1743 5836 παράκλησις,

1847 4572 2061 4638 ruisse;
2108 4578 2194 4625 est
2227 4568 2372 4622 enim
2419 4575 2751 4620 tormentum
2800 4564 2961 4633 longe
3005 4559 3417 4632 gravissimum.

1848 4663 1950 4720 Sed
1980 4672 2203 4733 martyr,
2229 4661 2349 4713 lixis
2382 4657 2556 4717 oculis
2587 4656 2785 4709 ccelum
2816 4654 3062 4713 intuens,
3100 4650 3330 4720 perinde
3356 4664 3422 4703 ac

1846 4758 1889 4810 si
1946 4766 2116 4809 totum
2167 4767 2387 4807 sensum
2442 4749 2552 4801 illic
2599 4760 2724 4804 cum
2773 4752 2955 4801 mente
3006 4749 3301 4814 posuisset,
3352 4755 3422 4795 ne

1848 4847 2132 4901 minimum
2168 4841 2387 4912 quidem
2424 4838 2651 4896 curabat
2682 4837 2989 4888 cruciatum
3022 4851 3034 4886 :
3080 4833 3173 4887 sed
3212 4831 3424 4886 ferebat

1849 4942 1965 5009 ipse
2013 4936 2244 5009 facilius,
2298 4946 2460 5000 quant
2512 4941 2717 4997 praeses
2763 4924 3089 4995 imperabat.
3124 4922 3422 4992 Postquam

1848 5044 1977 5098 ergo
2005 5024 2169 5094 impio
2200 5026 2304 5077 huc
2344 5032 2674 5078 tormentum
2723 5020 2827 5073 fuit
2875 5019 3038 5073 inane
3083 5027 3140 5071 et
3184 5017 3422 5080 irritum,

1848 5121 2015 5174 alium
2070 5132 2286 5171 rursum
2330 5114 2603 5185 excogitat
2659 5112 2919 5166 acerbum
2976 5107 3289 5163 cruciatum
3350 5121 3419 5161 ex

1849 5211 2186 5264 immanitate
2214 5216 2269 5262 et
2300 5223 2368 5261 ex
2413 5204 2765 5273 improbitate
2800 5220 2813 5255 ι
2856 5210 2914 5256 et
2952 5201 3112 5270 jubet
3168 5199 3427 5270 martyris

1850 5318 1943 5357 ore
1993 5312 2185 5371 aperto
2240 5297 2526 5367 plumbum
2573 5295 2730 5349 valde
2790 5292 3035 5351 candens
3086 5291 3135 5344 ei
3185 5288 3423 5343 infundi.

1852 5396 2141 5463 Postquam
2176 5406 2305 5460 ergo
2335 5390 2439 5444 hoc
2472 5387 2730 5458 cognovit
2758 5384 2986 5449 athleta,
3035 5397 3230 5436 manus
3259 5380 3425 5436 simttl

1848 5488 2169 5541 etanimum
2216 5482 2484 5537 extollens
2540 5478 2606 5533 ad
2658 5478 2988 5533 Dominum:
3046 5471 3272 5543 Domine
3324 5473 3420 5537 mi,

1849 5575 2045 5646 inquit,
2075 5572 2203 5629 Jesu
2235 5570 2477 5631 Christe,
2522 5567 2615 5639 qui
2668 5582 2753 5620 me
2798 5565 2977 5619 fecisti
3014 5561 3300 5616 fortiorem
3331 5561 3421 5625 iis,

1847 5669 1939 5739 qui
1986 5668 2097 5736 jam
2152 5676 2504 5733 praecessere,
2576 5657 2947 5720 cruciatibus,
3000 5670 3149 5709 nunc
3201 5668 3423 5726 quoque

1848 5760 1991 5819 adsis
2041 5757 2193 5824 mihi,
2230 5753 2321 5827 qui
2350 5769 2409 5809 es
2443 5752 2556 5808 sola
2590 5764 2706 5805 mea
2738 5747 3060 5818 consolatio,
3103 5762 3189 5803 me
3230 5747 3421 5802 levans
