4196 6306
760 322 869 385 235

2069 324 2351 385 MENSIS
2399 326 2661 387 MMUS.

3897 319 3995 382 235

759 452 936 490 meum
972 442 1169 505 praesto
1197 441 1281 488 est
1310 447 1323 487 :
1359 441 1677 504 potestatem
1712 437 1915 491 babes:
1951 452 2130 506 qumso
2165 434 2331 489 facias

2449 429 2639 504 οοῦμεν
2670 433 2777 504 γὰρ
2807 432 3120 499 πλειστάκις
3154 434 3683 507 λαμπροφορουντάς
3708 449 3882 497 τινας,
3908 430 4006 484 ῶσ-

762 526 1021 596 quidquid
1088 527 1191 579 vis.
1256 523 1586 581 Videbamus
1628 528 1768 581 enim
1823 531 2016 595 saepius
2070 529 2327 597 quosdam

762 632 910 674 veste
959 619 1238 687 Splendida
1299 628 1519 675 ornatos
1576 622 1799 685 milites,
1830 623 2072 691 aliosque
2108 623 2330 675 urbanis

759 713 909 774 viris,
963 713 1097 765 alios
1142 711 1309 765 Medis
1350 712 1672 780 quibusdam
1716 713 1921 766 similes
1981 728 2098 765 esse
2143 727 2328 766 cense-

761 806 972 868 bamus,
1009 804 1097 873 qui
1141 820 1242 857 una
1278 821 1397 859 cum
1431 806 1548 873 ipso
1574 804 1953 866 versabantur,
1987 805 2182 873 quique
2213 804 2331 874 ejus

761 896 981 947 vulnera
1012 897 1299 961 curabant,
1336 908 1389 949 et.
1425 896 1713 964 diligenter
1748 897 2153 965 ahstergebant,
2197 895 2334 949 mul-

768 989 941 1054 tisque
974 987 1190 1041 cibariis
1226 987 1542 1055 propositis,
1573 1002 1673 1039 una
1701 1002 1824 1040 cum
1858 1002 1921 1040 eo
1954 985 2329 1041 vescebantur.

768 1078 891 1131 Haec
926 1079 1106 1131 omnia
1168 1079 1439 1142 homines,
1502 1080 1591 1148 qui
1646 1095 1710 1133 ex
1771 1079 1905 1132 urbe
1939 1077 2200 1131 Perintho
2231 1093 2332 1132 una

765 1188 887 1224 eum
916 1188 979 1225 eo
1018 1172 1182 1225 vincti
1219 1172 1364 1225 ducti
1401 1182 1547 1235 sunt,
1582 1181 1690 1225 tum
1730 1172 1781 1225 in
1816 1173 1920 1235 via,
1953 1181 2061 1225 tum
2101 1172 2185 1226 hic
2210 1187 2332 1225 cum

764 1264 960 1330 sacpius
1005 1264 1289 1328 vidissent,
1322 1264 1451 1317 milii
1485 1263 1783 1317 retulerunt
1822 1279 1838 1318 ;
1872 1262 1945 1316 ita
1980 1274 2038 1315 ut
2061 1278 2180 1333 ego,
2214 1277 2332 1315 eum

766 1356 897 1421 ipsis
935 1370 1039 1406 non
1074 1356 1379 1420 crederem,
1412 1364 1465 1409 et
1496 1370 1682 1407 verum
1710 1355 1852 1408 scire
1883 1368 2161 1422 cuperem,
2202 1353 2338 1406 meis

766 1446 933 1499 oculis
971 1445 1164 1499 videns
1196 1448 1245 1499 id
1282 1448 1647 1516 cognoverim.
1676 1447 1742 1499 At
1768 1446 1809 1500 si
1836 1446 2052 1514 quando
2094 1453 2335 1513 repente,

778 1549 899 1589 Cum
946 1537 1058 1587 haec
1084 1545 1408 1604 spectarem,
1447 1535 1649 1605 ingredi
1678 1538 1741 1588 ad
1774 1551 1897 1588 eum
1935 1534 2244 1599 voluissem,
2286 1543 2340 1587 et

766 1626 830 1676 ah
859 1627 965 1677 illis
999 1640 1241 1694 quaerere
1286 1624 1553 1679 undenam
1591 1626 1717 1678 illuc
1746 1625 1974 1692 ingressi
2006 1634 2210 1689 essent,
2248 1634 2339 1677 aut

767 1717 986 1781 quinam
1026 1715 1202 1768 forent
1255 1716 1352 1780 illi,
1393 1732 1526 1783 quos
1559 1731 1664 1767 una
1717 1731 1838 1770 cum
1893 1716 2007 1785 ipso
2061 1719 2333 1785 vidissem,

762 1809 960 1875 saepius
984 1808 1045 1862 ad
1070 1823 1189 1861 eum
1224 1808 1517 1873 ingressus,
1551 1822 1723 1874 neque
1754 1822 2075 1876 quemquam
2103 1808 2335 1871 illorum,

770 1914 941 1968 neque
966 1900 1260 1967 quidquam
1289 1914 1317 1951 e
1350 1899 1570 1952 cibariis
1612 1899 1717 1952 illis
1754 1898 2023 1963 videbam,
2056 1901 2149 1953 sed
2194 1903 2338 1954 hunc

2436 541 2540 593 περ
2574 523 2937 593 στρατιώτας,
2974 527 3067 578 καὶ
3104 525 3294 589 ἄλλους
3323 527 3399 588 ώς
3440 528 3860 597 σχολαστικοῦς,
3916 526 4005 577 καὶ

2434 615 2652 683 ἑτέρους
2676 616 2749 678 ώς
2783 619 2998 686 ἰατροὺς
3026 613 3163 669 εἶναι
3183 618 3527 686 ἐνομίζομεν,
3552 619 3820 681 συνόντας
3845 616 4007 684 αὐτῷ,

2434 708 2528 759 καὶ
2575 707 3065 777 ἐπιμελουμένους,
3102 712 3196 761 καὶ
3252 709 3326 777 τῷ
3387 708 3539 761 ὕδατι
3577 708 4009 768 καταντλοῖντας

2433 798 2503 850 τὰ
2536 798 2826 868 τραύματα
2870 799 3056 862 αὑτοῦ,
3081 800 3194 870 ἅμα
3221 800 3275 851 δὲ
3309 802 3403 851 καὶ
3428 800 3813 860 συνεσθίοντας
3849 800 4008 865 αύτῷ,

2434 889 2647 942 πολλῶν
2722 891 2943 957 ἀγαθῶν
3016 893 3397 962 προκειμένων
3453 894 3659 956 αὐτοῖς.
3726 891 3919 944 Ταῦτα
3962 892 4011 942 δὲ

2435 986 2616 1039 πάντα
2676 987 2772 1038 καὶ
2823 987 2874 1039 oi
2915 987 3127 1053 δέσμιοι
3156 987 3262 1039 ἀπὸ
3295 989 3392 1057 τῆς
3430 987 3695 1057 Περίνθου
3730 987 4014 1054 ἐρχόμενοι

2439 1078 2556 1144 μετ’
2588 1074 2751 1127 αὑτοῦ
2807 1076 3008 1138 ἰδόντες
3066 1076 3160 1128 καὶ
3188 1070 3289 1129 ὦδε
3350 1077 3668 1139 πλειστάκις
3702 1076 4013 1144 ἀνήνεγκαν

2440 1184 2551 1235 μοι,
2585 1166 2723 1219 ῶστε
2756 1166 2848 1219 καὶ
2881 1168 2978 1236 ἐμὲ
3014 1170 3211 1237 amet
3252 1170 3539 1239 πεισθῆναι
3589 1169 3660 1239 μὴ
3687 1168 4017 1220 πιστεύοντα

2438 1261 2641 1322 αὐτοῖς.
2687 1262 2749 1313 Εἰ
2790 1278 2917 1313 ποτε
2943 1261 2997 1313 δὲ
3030 1262 3250 1326 ἀνοίξας
3309 1262 3407 1332 τὴν
3458 1264 3701 1329 κατῆναν
3752 1260 4021 1312 εἰσελθεῖν

2438 1352 2772 1420 ἠϐουλήθην,
2823 1353 3106 1419 αἰφνιδίως
3165 1355 3385 1424 θεωρῶν
3413 1354 3605 1416 ταῦτα,
3664 1351 4020 1421 ἐπερωτῆσαι

2440 1444 2635 1504 αὐτοὺς
2680 1444 2988 1513 βουληθεὶς,
3019 1446 3184 1503 πόθεν
3212 1448 3320 1515 ἄρα
3351 1446 3598 1516 εἰσῆλθον
3632 1446 3661 1514 ἢ
3704 1447 3860 1507 τίνες
3888 1444 4021 1495 εἰσὶν

2441 1538 2641 1588 ἐκεῖνοι
2669 1535 2769 1598 οὓς
2802 1536 3030 1587 ἔϐλεπον
3070 1536 3187 1605 μετ’
3219 1538 3404 1599 αὑτοῦ,
3439 1536 3697 1589 εἰσελθὼν
3725 1537 3782 1588 δὲ
3823 1536 4022 1588 πολλά-

2439 1645 2525 1689 κις
2563 1627 2698 1695 προς
2728 1627 2913 1689 αὑτὸν,
2942 1627 3131 1679 οὐδένα
3162 1627 3219 1690 ἐξ
3252 1628 3430 1680 αὐτῶν
3456 1628 3714 1697 εὕρισκον
3757 1630 3883 1680 οὐδὲ
3921 1630 4025 1680 τῶν

2442 1719 2819 1789 προκειμένων
2864 1722 3048 1782 αὐτοῖς
3091 1719 3331 1787 ἀγαθῶν,
3373 1719 3507 1771 ἀλλὰ
3541 1720 3731 1771 τοῦτον
3770 1720 3937 1789 μόνον
3976 1722 4027 1771 ἐν

2368 1782 2413 1839 Β
2441 1782 2509 1839 -.ἓ

2441 1812 2519 1879 τῷ
2553 1812 2691 1880 ξύλῳ
2725 1814 3024 1882 τεταμένον
3060 1814 3358 1883 εὐχόμενόν
3392 1830 3443 1865 τε
3479 1814 3572 1866 καὶ
3613 1814 3913 1879 δοξάζοντα
3944 1812 4029 1863 τὸ»

2441 1904 2574 1957 Θιδν
2610 1904 2793 1968 αὐτοῦ,
2829 1907 2915 1957 ὅτε
2937 1905 2993 1958 δὲ
3020 1907 3112 1958 καὶ
3144 1906 3296 1976 ὕπνῳ
3327 1907 3747 1975 κατακείμενον.

770 1993 941 2044 solum
977 1992 1120 2061 ligno
1152 1991 1450 2061 alligatum,
1483 2006 1669 2059 preces
1692 1992 1758 2044 ad
1792 1992 1959 2044 Deum
1998 1989 2336 2055 fundentem,
2380 2003 2434 2047 et
2476 1996 2715 2051 divinam
2754 1997 2983 2067 gloriam
3016 1999 3347 2064 laudantem,
3379 1998 3645 2053 interdum
3716 2013 3852 2053 vero
3906 2000 4033 2054 dor-

775 2087 1050 2139 mientem.

842 2174 1024 2232 .\'\'lll.
1056 2176 1191 2230 Tum
1221 2176 1387 2245 judex
1428 2194 1441 2230 :
1492 2175 1777 2243 Pecunias,
1822 2178 2013 2245 inquit,
2049 2177 2115 2231 ab
2154 2180 2335 2233 Acacii

772 2271 1174 2324 contribulibus
1216 2271 1496 2338 accepisti,
1533 2273 1601 2324 ob
1645 2273 1801 2338 idque
1827 2272 2085 2336 judicium
2117 2272 2194 2325 vis
2228 2273 2339 2325 elu-

771 2366 919 2417 dere.
958 2362 1033 2415 Ac
1065 2362 1246 2415 statim
1305 2363 1485 2418 furore
1541 2367 1801 2431 percitus,
1856 2366 2122 2433 plumbeis
2179 2368 2344 2435 virgis

771 2456 885 2523 ejus
919 2466 1063 2522 terga
1093 2455 1296 2523 pulsari
1325 2454 1502 2523 jussit.
1542 2456 1681 2521 Quin
1716 2473 1835 2511 cum
1868 2460 2223 2523 cruciaretur,
2257 2476 2345 2513 vo-

773 2549 1008 2599 ciferans
1033 2546 1243 2598 dicebat
1278 2562 1290 2597 :
1324 2544 1540 2609 Quaeso,
1590 2546 1777 2612 judex,
1819 2556 1875 2599 ut
1909 2548 1951 2600 si
1978 2563 2063 2601 res
2095 2550 2255 2601 aliter
2285 2563 2343 2601 se

776 2639 955 2700 habet,
984 2651 1142 2704 quam
1186 2634 1316 2697 dixi,
1360 2650 1445 2690 me
1492 2636 1805 2691 interlicias.
1836 2637 1968 2691 Tum
1999 2639 2085 2693 ille
2115 2658 2129 2692 :
2165 2637 2341 2693 Vene-

777 2730 932 2782 ticum
974 2730 1133 2799 igitur
1164 2730 1434 2784 hominem
1476 2730 1617 2783 hunc
1648 2746 1765 2785 esse
1794 2730 2026 2785 atlirmes
2053 2748 2187 2799 opus
2239 2747 2339 2787 (εει.

774 2823 869 2873 Cui
914 2824 1152 2874 carceris
1185 2834 1367 2874 enatos
1403 2839 1414 2871 ε
1452 2819 1580 2888 Ego,
1614 2822 1810 2889 inquit,
1848 2823 1988 2888 quod
2026 2824 2157 2885 vidi,
2199 2825 2340 2888 dico,

777 2929 949 2982 neque
978 2913 1113 2977 sciu,
1145 2916 1485 2968 veneticusne
1527 2911 1621 2973 sit,
1655 2928 1721 2964 au
1757 2929 1883 2966 non.
1920 2910 2043 2966 ﬂare
2072 2928 2197 2967 cum
2224 2914 2344 2967 ιω.

777 3020 860 3060 tus
907 3007 1137 3059 Aeacius
1192 3005 1419 3071 audiret,
1461 3005 1671 3057 illorum
1723 3006 2007 3059 stultitiam
2063 2993 2342 3068 irridebat,

774 3102 1019 3168 quamvis
1055 3098 1242 3151 fractis
1300 3108 1444 3149 esset
1505 3097 1762 3149 maxillis.
1800 3098 1982 3163 Itaque
2028 3098 2191 3161 judex
2232 3098 2344 3164 ipse

777 3207 962 3244 rursus
996 3189 1177 3242 furore
1224 3205 1505 3253 accensus,
1545 3188 1744 3242 Acacio
1767 3186 1899 3240 dixit
1931 3203 1945 3240 :
1980 3185 2132 3240 Tunc
2161 3186 2351 3240 venisti

791 3291 848 3332 ut
884 3296 977 3333 nos
1007 3280 1304 3345 derideres,
1339 3280 1621 3348 przcstigiis
1654 3294 1715 3332 ac
1748 3278 2018 3332 veneﬁciis
2049 3278 2151 3333 tuis
2188 3278 2355 3333 conti-

775 3372 914 3424 sus?
949 3370 1079 3437 Egn,
1122 3372 1291 3439 inquit
1324 3371 1578 3433 Aeacius,
1614 3385 1718 3422 non
1755 3370 1923 3434 rideo,
1976 3370 2119 3437 quod
2164 3372 2343 3424 vestra

778 3465 1018 3532 pernicie
1042 3468 1300 3532 gaudeam
1348 3483 1358 3517 :
1396 3464 1505 3518 imo
1539 3466 1923 3532 sempiternam
1960 3474 2189 3517 vestram
2216 3481 2348 3518 con-

782 3558 1183 3609 demnationem
1252 3557 1476 3609 multum
1521 3555 1698 3608 doleo.
1745 3555 1848 3607 Vos
1893 3567 2070 3607 autem
2120 3557 2215 3622 ipsi
2257 3570 2350 3607 ve-

780 3659 950 3700 stram
981 3652 1145 3700 vitam
1183 3648 1442 3708 irridetis,
1473 3648 1561 3715 qui
1600 3662 1783 3700 verum
1844 3645 1990 3699 illum
2028 3646 2189 3699 Deum
2222 3648 2347 3702 είλεΙὶ

784 3750 839 3795 et
868 3751 1049 3803 terra},
1110 3741 1274 3793 maris
1312 3749 1363 3791 et
1395 3739 1630 3793 omnium
1665 3754 1783 3808 qua:
1815 3738 1867 3791 in
1904 3739 1982 3791 eis
2012 3749 2156 3800 sunt,
2220 3738 2353 3791 eﬂ‘e-

779 3842 981 3888 ctorem
1006 3831 1389 3898 dereliquistis,
1419 3840 1472 3883 et
1495 3830 1699 3896 lapides
1758 3830 1902 3897 ipsos
1931 3828 2185 3881 adoratis.
2218 3829 2353 3880 Tum

777 3923 951 3977 Iudex
1000 3924 1045 3973 ei
1085 3923 1217 3974 dixit
1260 3939 1273 3974 :
1320 3922 1397 3975 Ne
1444 3928 1597 3990 putes
1640 3922 1739 3974 ista
1780 3931 1869 3974 tua
1911 3923 2219 3975 constantia
2268 3934 2353 3973 me

781 4014 981 4067 victum
1016 4012 1076 4064 iri
1102 4029 1115 4074 ;
1149 4028 1252 4065 non
1280 4012 1454 4066 sinam
1487 4022 1538 4065 te
1569 4012 1769 4073 vivere,
1795 4012 1894 4062 nisi
1927 4011 2030 4063 diis
2058 4011 2351 4073 sacritices,

780 4114 835 4157 et
894 4106 1221 4158 invictoruin
1281 4106 1665 4170 imperatorum
1719 4102 1910 4156 edictis
1962 4101 2202 4157 obedias.
2258 4101 2353 4155 Cui

780 4197 1015 4250 Aeacius
1079 4213 1093 4249 :
1157 4193 1211 4249 Si
1265 4195 1509 4249 timerem
1580 4196 1753 4248 minas
1822 4204 1965 4257 tuas,
2019 4195 2197 4247 statim
2260 4194 2353 4247 tibi

784 4288 1185 4356 obtemperans,
1236 4286 1481 4339 fecissem
1533 4288 1673 4353 quod
1710 4285 1897 4353 jubes;
1936 4285 2188 4354 quoniam
2226 4299 2354 4338 vero

782 4380 1047 4433 sententia
1078 4394 1195 4431 mea
1221 4377 1410 4430 melior
1431 4388 1533 4441 est,
1552 4392 1713 4446 quam
1742 4387 1850 4442 tua,
1878 4378 2051 4429 minas
2070 4377 2202 4429 istas
2221 4376 2352 4427 nihil

785 4467 948 4519 timeo
983 4482 996 4519 :
1034 4467 1138 4529 fac,
1172 4466 1312 4534 quod
1349 4468 1495 4521 libet.

852 4556 995 4611 XIX.
1033 4558 1182 4611 Tunc
1214 4559 1379 4611 Iudex
1416 4556 1595 4611 furore
1644 4560 1880 4625 percitus
1913 4576 1925 4613 :
1966 4558 2352 4625 Sacriﬁcasne,

782 4652 978 4717 inquit,
1014 4665 1078 4699 an
1123 4651 1297 4702 adhuc
1330 4651 1506 4718 pergis
1555 4651 1830 4703 insanire?
1873 4650 2171 4718 Respondit
2214 4652 2353 4705 Aea-

783 4740 896 4793 cius
934 4758 945 4793 :
987 4739 1064 4792 Tu
1120 4747 1297 4810 pergis
1340 4741 1388 4793 id
1425 4742 1625 4804 facere,
1658 4743 1747 4810 qui
1800 4743 2061 4805 homines,
2099 4759 2125 4793 ιι
2159 4744 2355 4811 quibus

786 4832 920 4885 nihil
957 4834 1079 4885 mali
1114 4836 1459 4887 commissum
1496 4845 1576 4888 est
1610 4850 1781 4903 neque
1825 4836 2023 4905 aliquid
2060 4836 2110 4889 in
2145 4847 2194 4889 te
2227 4852 2353 4904 pec-

780 4932 957 4976 catum
991 4921 1107 4986 fuit,
1145 4924 1221 4976 sic
1249 4924 1445 4990 injuste
1477 4923 1790 4977 consumis?
1823 4924 1944 4977 Hinc
1969 4941 2085 4975 cum
2117 4926 2355 4978 audisset

766 5016 959 5087 judex,
984 5017 1145 5080 jussit
1174 5016 1345 5085 virgas
1375 5032 1610 5085 quernas
1641 5014 1847 5077 atTerri,
1872 5025 1922 5068 et
1947 5015 2061 5084 ejus
2097 5026 2244 5085 terga
2289 5031 2352 5070 ac

783 5120 1023 5162 ventrem
1058 5110 1355 5162 verberari.
1398 5110 1641 5176 Cumque
1676 5110 1862 5161 decem
1901 5108 2147 5162 homines
2194 5108 2354 5161 vicis-

780 5200 881 5252 sim
930 5202 1111 5253 Acacii
1177 5214 1373 5267 corpus
1433 5205 1801 5255 verberarem.
1840 5213 2045 5269 martyr
2080 5202 2194 5268 ipse
2240 5211 2350 5252 tor-

783 5294 974 5346 mentis
1034 5292 1288 5355 alllictus,
1344 5293 1420 5345 sic
1482 5293 1747 5345 clamabat
1804 5309 1819 5346 :
1870 5290 2103 5356 Christe,
2161 5291 2349 5356 adjuva

785 5380 1036 5436 humilem
1070 5400 1281 5439 servum
1323 5395 1501 5439 tuttm.
1554 5386 1725 5437 Iratus
1758 5397 1933 5437 autem
1969 5385 2169 5455 judex,_
2195 5383 2354 5453 jussit

782 5484 1021 5526 ventrem
1084 5475 1311 5541 amplius
1370 5474 1666 5527 verberari.
1726 5474 1965 5543 Cumque
2029 5452 2213 5528 decem
2276 5474 2349 5527 illi

780 5565 1022 5617 homines
1070 5566 1171 5615 hoc
1220 5564 1493 5623 fecissent,
1526 5572 1581 5616 et
1631 5564 1819 5616 beatus
1866 5574 2070 5632 martyr
2121 5563 2351 5625 doleret,

779 5666 907 5706 voce
949 5670 1136 5723 magna
1178 5655 1364 5709 dixit:
1415 5652 1640 5708 Domine
1695 5654 1819 5709 Jesu
1876 5654 2107 5717 Christe,
2157 5655 2349 5723 adjuva

783 5759 996 5800 servum
1032 5758 1174 5800 tuum
1202 5748 1475 5802 Acacium.
1503 5745 1613 5802 Hoc
1645 5762 1764 5803 cum
1801 5750 1866 5803 ab
1899 5763 1962 5803 eo
1996 5749 2191 5803 dictum
2222 5746 2353 5803 fuis-

2508 2180 2617 2233 lll'.’
2650 2180 2707 2233 '0
2737 2179 3002 2249 δικαστὴς
3060 2173 3215 2233 εἶπεν
3242 2196 3253 2209 ·
3288 2181 3358 2232 Συ
3414 2180 3674 2250 χρήματα
3719 2180 3878 2249 παρᾶ
3921 2180 4030 2232 τῶν

2439 2273 2712 2324 συνέθνων
2748 2271 2913 2324 αὑτοῦ
2949 2270 3150 2334 λαϐὼν,
3203 2271 3419 2333 παίζειν
3452 2273 3626 2332 θέλεις
3669 2273 3730 2324 τὸ
3764 2273 4034 2341 δικαστή-

2442 2384 2575 2437 ριον.
2609 2366 2722 2416 Καὶ
2760 2363 3038 2431 θυμωθεὶς
3090 2363 3402 2426 ἐκέλευσεν,
3466 2365 3848 2433 καταυχενίοις
3885 2365 4035 2434 αύτῷ

2446 2458 2722 2525 μολίϐδεσι
2780 2456 3115 2527 χρήσασθαι.
3156 2456 3244 2518 Ὠς
3276 2455 3332 2507 δὲ
3376 2455 3732 2517 ἐϐασανίζετο
3775 2458 3803 2508 6
3836 2458 4035 2526 δεσμο-

2442 2548 2636 2617 φύλαξ,
2672 2548 2798 2600 ἐϐόα
2832 2549 2924 2600 καὶ
2951 2548 3137 2614 ἔλεγεν
3160 2563 3172 2576 ·
3202 2546 3405 2615 Δέομαί
3428 2563 3543 2611 σου,
3568 2548 3616 2599 εἰ
3646 2546 3828 2609 ἄλλως
3856 2545 4034 2609 εἷπον,

2443 2641 2767 2695 ἀπόκτεινόν
2801 2657 2890 2710 με.
2933 2642 2987 2693 Ὀ
3038 2641 3299 2709 δικαστὴς
3328 2636 3519 2693 εἶπεν
3572 2641 3684 2693 Ούκ
3724 2637 3821 2693 οὖν
3856 2643 4037 2710 γόητα

2446 2734 2606 2786 αὑτὸν
2644 2734 2977 2800 ἀποφέρεις;
3045 2732 3101 2781 ’0
3154 2732 3501 2800 δεσμοφύλαξ
3546 2729 3741 2783 εἶπεν·
3815 2734 3963 2799 Ἐγὼ
4011 2734 4036 2783 ὃ

2446 2819 2607 2885 εἶδον,
2642 2820 2793 2874 εἷπον
2818 2838 2828 2849 ·
2864 2824 2912 2873 εἰ
2936 2821 2990 2873 δὲ
3018 2822 3165 2873 ἔστιν
3196 2824 3352 2890 γόης,
3376 2823 3475 2873 οὐκ
3504 2818 3642 2876 οἶδα.
3685 2824 3742 2874 ’0
3770 2823 3825 2873 δὲ
3857 2824 4036 2891 μακά-

2452 2932 2562 2985 ριος
2588 2914 2854 2975 Ἃκάκιος
2892 2914 3063 2975 ἑστὼς
3089 2915 3181 2964 καὶ
3208 2913 3425 2965 ἀκούων
3456 2912 3632 2966 ταῦτα
3677 2916 3911 2981 ἐγέλασε
3944 2915 4040 2965 ἐπὶ

2449 3010 2513 3076 τῇ
2547 3009 2826 3076 ἀφροσύνῃ
2860 3006 3059 3069 αὐτῶν,
3091 3007 3183 3058 καὶ
3208 3006 3366 3058 τοῦτο
3390 3006 3644 3069 κλασθεὶς
3676 3008 3802 3070 τοὺς
3846 3007 4039 3073 σιαγὸ-

2452 3115 2568 3158 νας,
2593 3100 2665 3159 ὡς
2689 3099 2777 3149 τὸν
2802 3099 3061 3168 δικαστὴν
3091 3099 3253 3151 πάλιν
3274 3098 3601 3167 ὀργισθέντα
3623 3116 3633 3127 ’
3675 3100 4042 3163 Καταπαῖξαι

2455 3188 2611 3257 ἡμῶν
2670 3185 2853 3258 ἦλθες,
2905 3191 3103 3259 λέγων,
3140 3190 3359 3259 θαρρῶν
3417 3194 3537 3251 ταῖς
3587 3192 3867 3257 γοητείαις
3907 3206 4040 3253 σους

2467 3280 2767 3349 Ἀπεκρίθη
2831 3282 3085 3341 Ἀκάκιος
3107 3297 3119 3309 ·
3182 3280 3325 3344 Ἐγὼ
3359 3281 3455 3349 μὲν
3505 3280 3563 3330 ού
3598 3281 3933 3343 καταπαίζω
3965 3281 4042 3340 εἰς

2456 3372 2756 3440 ἐπικαίρων
2789 3374 2854 3439 τῇ
2880 3371 3127 3441 ἀπωλείᾳ
3160 3370 3314 3440 ὑμῶν
3340 3387 3353 3419 ε
3402 3371 3540 3423 ἀλλὰ
3571 3370 3663 3431 καὶ
3698 3372 3916 3440 σφόδρα
3946 3372 4042 3423 λυ-

2455 3463 2669 3529 ποῦμαι
2713 3462 2842 3531 περὶ
2872 3463 2970 3529 τῆς
3005 3462 3175 3514 ἀϊδίου
3212 3461 3366 3531 ὑμῶν
3397 3462 3649 3533 κρίσεως.
3708 3463 3949 3525 Παίζετε
3988 3462 4043 3515 δὲ

2457 3554 2612 3622 ὑμεῖς
2647 3554 2747 3623 τὴν
2776 3554 2987 3606 ἑαυτῶν
3023 3552 3187 3623 ζωὴν,
3223 3556 3619 3617 καταλιπόντες
3657 3555 3748 3605 τὸν
3777 3556 4042 3623 ἀληθινὸν

2454 3644 2607 3709 Θεὸν,
2640 3646 2730 3697 τὸν
2765 3646 3067 3714 ποιήσαντα
3108 3644 3200 3696 τὸν
3234 3647 3485 3714 οὐρανὸν,
3520 3646 3613 3696 καὶ
3644 3646 3742 3712 τὴν
3776 3646 3909 3713 γῆν,
3947 3647 4044 3697 καὶ

2454 3739 2552 3805 τὴν
2615 3736 2914 3798 Θάλασσαν,
2956 3737 3050 3787 καὶ
3085 3738 3261 3787 πάντα
3312 3736 3379 3786 τὰ
3410 3737 3465 3785 ὲν
3498 3736 3701 3796 αύτοίς,
3734 3738 3833 3785 καὶ
3869 3737 4045 3798 λίθοις

2458 3826 2913 3896 προσκυνοῦντες.
2958 3825 3017 3875 Ὀ
3040 3824 3300 3894 δικαστὴς
3341 3819 3531 3875 εἶπεν·
3581 3822 3673 3893 Μὴ
3695 3824 3938 3897 νομίσῃς
3976 3845 4045 3895 με

2456 3918 2675 3985 νικῆσαι
2705 3916 2768 3985 τῇ
2801 3914 3016 3985 εὐτονία
3068 3932 3161 3967 σου
3188 3932 3200 3945 ο
3236 3916 3337 3966 ούκ
3388 3914 3463 3967 ὲῶ
3497 3932 3551 3967 σε
3586 3914 3773 3985 ζῆσαι,
3809 3918 3913 3970 ἐὰν
3967 3921 4042 3987 μὴ

2457 4002 2628 4071 Θύσῃς
2669 4005 2761 4053 καὶ
2820 4002 3117 4071 πληρώσῃς
3172 4004 3232 4056 τὸ
3288 4006 3632 4074 προσταχθέν
3671 4023 3753 4058 σοι
3785 4007 3900 4061 ὑπὸ
3935 4010 4046 4061 τῶν

2456 4093 2737 4160 ἀηττήτων
2762 4094 3185 4167 αὐτοκρατόρων
3221 4096 3511 4167 βασιλέων.
3558 4096 3816 4159 Ἀκάκιος
3846 4098 4005 4167 λέγει
4032 4116 4045 4129 ν

2458 4185 2517 4235 Εἰ
2552 4184 2862 4255 ἐφοϐούμην
2887 4203 2981 4237 σου
3005 4187 3102 4249 τὰς
3126 4187 3380 4252 ἀπειλὰς,
3412 4188 3521 4240 ἀπὸ
3567 4187 3792 4255 πρώτης
3822 4190 3895 4246 ἂν
3925 4209 4050 4243 πει-

2458 4277 2602 4339 σθείς
2628 4294 2708 4329 σοι
2740 4279 2957 4331 ἐποίουν
2980 4277 3009 4328 ὃ
3042 4278 3217 4345 λέγεις
3240 4295 3255 4307 ο
3290 4278 3479 4347 ἐπειδὴ
3502 4277 3557 4329 δὲ
3586 4280 3612 4330 6
3641 4279 3912 4347 λογισμός
3941 4301 4044 4349 μου

2458 4370 2693 4421 καλλίων
2717 4387 2810 4421 σου
2850 4371 2967 4421 ἐστὶ
3005 4372 3097 4421 καὶ
3121 4372 3181 4421 ού
3208 4370 3486 4440 φοϐοῦμαί
3518 4388 3613 4423 σου
3646 4373 3745 4434 τὰς
3777 4374 4043 4437 ἀπειλὰς,

2388 4474 2431 4529 ι)
2463 4458 2654 4511 ποίειό
2677 4459 2870 4521 Θέλεις.

2512 4552 2629 4629 716'.
2664 4553 2795 4605 Τότε
2838 4553 3111 4624 Θυμωθεὶς
3144 4555 3172 4608 6
3209 4555 3472 4626 δικαστὴς
3505 4554 3689 4624 λέγει’
3734 4556 3903 4620 Θύεις
3931 4557 4044 4611 λοιο

2460 4645 2611 4713 πδνῆ
2646 4644 2725 4696 ἔτι
2756 4646 3038 4713 ἑπιμένεις
3072 4650 3136 4716 τῇ
3174 4650 3357 4718 μωρίᾳ
3398 4666 3526 4714 σου;
3571 4650 3827 4711 ’Δκάκιος
3859 4648 4042 4703 εἶπεν·

2471 4731 2779 4799 Ἑπιμένεις
2811 4734 2875 4783 σὺ
2908 4735 3225 4803 ἀνθρώπους
3258 4738 3425 4806 μηδὲν
3457 4739 3771 4805 πράξαντας
3801 4742 3981 4792 κακὸν
4013 4742 4043 4807 ἦ

2456 4824 2842 4893 ἀδικήσαντας,
2873 4828 3073 4890 ἀδίκως
3096 4827 3268 4892 οὕτως
3296 4831 3603 4884 ἀναλίσκων
3627 4850 3640 4897 ;
3686 4833 3967 4909 ’Λκούσας
3990 4837 4045 4887 δὲ

2457 4917 2625 4969 ταῦτα
2647 4918 2674 4968 ὁ
2697 4918 2977 4989 δικαστὴς,
3010 4921 3226 4974 κελεύει
3256 4924 3518 4993 μηλεῖνας
3555 4924 3785 4991 ῥάϐδους
3811 4928 4045 4997 ἐνεχθῆ-

2458 5026 2544 5061 ναι
2578 5013 2670 5061 κα“ι
2700 5013 2841 5062 κατὰ
2877 5011 2970 5062 τοῦ
3012 5013 3182 5066 νώτου
3215 5015 3309 5065 καὶ
3341 5016 3437 5083 τῆς
3468 5017 3677 5078 κοιλίας
3730 5018 4043 5072 τύπτεσθαι

2457 5102 2643 5154 αὐτόν.
2709 5102 3076 5172 Ἀλλαγέντων
3103 5106 3157 5158 δὲ
3212 5106 3343 5158 δέκα
3382 5108 3689 5177 ἀνθρώπων
3719 5112 4043 5164 τυπτόντων

2456 5195 2637 5259 αὑτὸν,
2664 5196 2690 5246 6
2724 5196 2935 5267 μάρτυς
2962 5199 3019 5249 ἐν
3052 5201 3170 5259 ταῖς
3198 5199 3453 5267 βασάνοις
3483 5201 3611 5253 ἐϐόα
3645 5200 3823 5268 λέγων
3843 5218 3856 5230 ’
3897 5206 4040 5275 Χρι-

2457 5287 2566 5350 στὲ,
2598 5286 2780 5357 βοήθει
2814 5306 2903 5355 μοι
2934 5289 3010 5358 τῷ
3040 5291 3280 5361 ταπεινῷ
3320 5292 3495 5361 δούλῳ
3546 5310 3662 5345 σου.
3699 5294 3811 5346 Καὶ
3848 5296 4039 5365 θυμωο

2456 5379 2568 5443 θεὶς
2590 5382 2616 5431 ὁ
2656 5382 2914 5452 δικαστὴς
2938 5383 3149 5436 κελεύει
3183 5386 3325 5436 κατὰ
3345 5388 3443 5453 τῆς
3480 5386 3692 5450 κοιλίας
3725 5388 4036 5441 τύπτεσθαι

2456 5473 2634 5526 αὐτόν.
2682 5475 2953 5542 Ἀλγήσας
2984 5474 3037 5527 δὲ
3060 5476 3086 5525 6
3130 5476 3401 5545 μακάριος
3434 5481 3699 5549 ἀνεϐόησε
3737 5485 3894 5551 φωνῇ
3939 5470 4034 5551 με·

2456 5564 2619 5633 γαλη,
2650 5567 2743 5617 καὶ
2792 5561 2978 5618 εἶπεν·
3034 5567 3206 5636 Κύριε
3251 5569 3425 5637 Ἰησοῦ
3460 5571 3684 5640 Χριστὲ,
3738 5572 3934 5643 βοήθει
3965 5574 4034 5641 τῷ

2454 5654 2625 5725 δούλῳ
2666 5672 2757 5708 σου
2825 5657 3083 5728 Ἀκακίῳ.
3140 5661 3340 5713 Τούτου
3401 5664 3662 5734 ῥηθέντος
3712 5667 3807 5719 ὑπ’
3846 5668 4033 5732 αὑτοῦ,

2456 5748 2657 5815 εὐθέως
2689 5750 2843 5824 φωνὴ
2864 5752 2929 5804 ὲκ
2959 5752 3051 5807 τοῦ
3074 5754 3309 5825 ούρανοῦ
3334 5756 3553 5823 ἐγένετο
3584 5756 3823 5825 λέγουσα
3859 5760 4032 5829 aint]:-
