4196 6306
192 390 303 456 237

180 597 293 647 τῶν
331 595 582 661 πατέρων
632 611 725 645 σου
785 594 1005 646 ἀπιέναι
1067 593 1161 645 καὶ
1214 591 1592 661 εὐφρανθῆναι
1626 585 1751 652 ὧδε,

180 687 316 735 ὅπου
348 682 441 735 νῦν
461 683 742 749 ὁμολογεῖς
764 684 822 732 τὸ
851 682 1021 749 ὄνομα
1055 698 1179 748 μου.
1204 681 1315 732 Καὶ
1336 682 1635 749 γενομένης
1657 679 1754 747 τῆς

182 776 367 841 φωνῆς
434 774 660 839 ταύτης,
718 774 767 824 οἱ
816 772 1114 834 τύπτοντες
1162 773 1322 823 αὐτὸν
1377 773 1753 841 ναρκήσαντες

180 867 417 930 ἔστησαν
441 866 632 926 ἐννεοὶ,
674 864 747 933 μὴ
781 863 1073 930 δυνάμενοι
1130 864 1227 923 τὰς
1262 866 1452 930 χεῖρας
1508 861 1747 923 κινῆσαι,

179 955 323 1007 ὥστε
366 956 636 1007 ἐπὶτοῦτο
680 954 1060 1023 ἀπορρηθῆναι
1095 953 1186 1006 τὸν
1242 954 1501 1021 ἄρχοντα,
1533 952 1627 1003 καὶ
1659 951 1753 1002 θυ-

182 1047 431 1114 μωθῆναι
488 1047 709 1114 σφόδρα,
743 1044 838 1095 καὶ
882 1045 1099 1112 πέμψαι
1159 1044 1248 1095 τὸν
1294 1043 1451 1109 ἅγιον
1500 1042 1753 1094 Ἀκάκιον

174 1137 285 1187 Φλα
298 1137 465 1204 κκὶνῳ
491 1136 564 1203 τῷ
591 1135 891 1203 ἀνθυπάτῳ
913 1136 1011 1203 τῆς
1038 1134 1313 1204 Εὐρώπης
1340 1134 1480 1201 μετά
1506 1136 1607 1191 καὶ,
1620 1135 1750 1186 ἀνα-

179 1228 354 1296 φορᾶς
389 1227 679 1293 γράψαντα
708 1225 904 1287 οὕτως·

248 1503 334 1557 κ’.
363 1504 451 1571 Τῷ
481 1504 623 1556 κατὰ
667 1503 843 1556 πάντα
888 1503 1331 1571 θαυμασιωτάτῳ
1380 1502 1473 1554 καὶ
1511 1499 1755 1569 μεγίστῳ

170 1596 405 1665 δικαστῇ
435 1593 717 1662 Φλακκίνῳ
749 1593 1047 1662 ἀνθυπάτῳ
1102 1594 1353 1656 Βιϐιανὺς
1403 1595 1430 1644 ὁ
1458 1593 1753 1659 αίδεσιμώ-

173 1704 338 1747 τατος
380 1685 701 1748 καθολικός’
762 1684 1021 1736 Ἀκάκιω
1073 1683 1163 1734 τὸν
1221 1683 1321 1750 τῆς
1368 1681 1599 1742 ἀσεϐοῦς
1628 1680 1755 1749 θρη-

174 1780 367 1839 σκείας
400 1778 507 1830 τῶν
548 1777 891 1846 Χριστιανῶν
943 1774 1245 1844 συνήγορον
1295 1772 1623 1840 πεμφθέντα
1662 1788 1750 1840 μοι

174 1870 329 1937 παρά
354 1872 577 1937 Φήρμου
629 1868 722 1919 τοῦ
758 1867 1053 1933 ταξιάρχου
1105 1866 1212 1917 τῶν
1242 1864 1479 1933 ἀριθμοῦ
1514 1864 1740 1931 Μαρτη-

174 1962 308 2013 σίων
336 1960 428 2011 καὶ
467 1962 539 2026 μὴ
566 1960 892 2027 βουλόμενον
943 1958 1114 2009 εἴκειν
1159 1960 1271 2018 τοῖς
1329 1955 1752 2023 προσταχθεῐσιν

170 2054 241 2103 τὰ
283 2052 431 2119 παρὰ
483 2051 589 2101 τῶν
647 2051 933 2117 ἀηττήτων
987 2046 1252 2115 βασιλέων
1293 2046 1472 2113 ἡμῶν·
1509 2048 1617 2111 πρὸ
1642 2046 1750 2111 γὰρ

170 2149 379 2195 τούτοιν
408 2140 513 2192 τῶν
562 2142 735 2192 εἴκοσι
776 2139 1003 2207 ἡμερῶν
1040 2137 1420 2187 ἀποσταλέντα
1451 2135 1749 2202 δεξάμενος

171 2232 337 2287 αὐτὸν
367 2234 457 2284 καὶ
488 2231 761 2298 στιϐαρῶς
796 2230 893 2297 τὴν
923 2229 1042 2279 κατ’
1071 2226 1236 2279 αὐτοῦ
1266 2226 1556 2295 ἀνάκρισιν
1591 2237 1748 2293 ποιη-

172 2329 432 2391 σάμενος,
486 2322 635 2375 οὐδὲν
688 2321 850 2373 πλέον
885 2320 1083 2389 ἵσχυσα
1121 2318 1415 2386 ἐνεργῆσαι
1469 2320 1546 2379 εἰς
1586 2317 1750 2369 αὐτὸν

168 2415 316 2482 πλὴν
348 2415 546 2475 κόπους
575 2414 666 2464 καὶ
696 2411 868 2480 θυμόν
888 2427 900 2438 ·
935 2409 1031 2462 τοῦ
1064 2409 1430 2476 προκειμένου
1455 2408 1563 2476 γαρ
1582 2404 1748 2459 αὐτοῦ

173 2504 385 2556 σκοποῦ
430 2504 612 2573 ἔχεται
674 2501 972 2570 ἐπιμελῶς.
1031 2501 1183 2552 Ἐπεὶ
1223 2498 1316 2550 οῦν
1343 2500 1503 2549 πλέον
1528 2501 1554 2549 ό
1588 2498 1751 2563 φόϐος

170 2599 466 2666 πρόσεστιν
496 2599 558 2665 τῇ
593 2594 822 2662 μεγίστῃ
847 2610 942 2642 σου
968 2592 1210 2660 ἐξουσία,
1237 2589 1425 2641 τοῦτον
1465 2591 1603 2657 μετά
1636 2590 1746 2641 τῶν

169 2688 527 2756 πραχθέντων
582 2688 659 2745 είς
722 2683 883 2733 αὐτὸν
955 2683 1104 2751 παρά
1162 2683 1226 2749 τῇ
1278 2682 1384 2748 ἐμῇ
1442 2679 1744 2750 βραχύτητι

168 2778 469 2829 ἀπέστειλα
500 2778 590 2827 ἐπὶ
625 2776 724 2841 τὴν
764 2773 1030 2843 μεγίστην
1075 2790 1167 2825 σου
1211 2771 1482 2835 ἐξουσίαν,
1527 2772 1745 2836 αἰκίσας

168 2869 338 2921 αὐτὸν
370 2869 593 2920 πλεῖστα
618 2866 804 2919 saturo?»
828 2863 1184 2933 δικαστηρίου
1218 2864 1313 2913 καὶ
1354 2864 1527 2924 οὕτως
1565 2877 1742 2931 παρα-

170 2960 399 3030 πέμψας
437 2963 535 3030 τὴν
564 2959 925 3029 λαμπρότητά
959 2973 1050 3008 σου
1075 2972 1087 2984 ·
1117 2954 1289 3016 οὕτως
1330 2955 1467 3005 κατα
1494 2955 1591 3022 τὴν
1632 2956 1740 3005 τῶν

170 3051 469 3118 βασιλικῶν
490 3049 926 3115 προσταγμάτων
947 3046 1188 3110 διάταξιν
1210 3045 1435 3113 πράξεις
1456 3045 1531 3105 είς
1554 3044 1735 3097 αὐτόν.

1112 461 1113 464 η
1246 392 1418 451 VITA
1462 392 1521 449 S.
1572 389 1818 448 ACACII
1855 391 2336 453 CAPPADOCIS.

189 504 281 573 Μὴ
318 502 509 571 φοϐοῦ,
559 501 803 562 Ἀκά’κιε,
835 501 971 553 ἀλλά
1002 501 1226 566 θάρσει·
1263 502 1322 551 σέ
1364 501 1472 567 γὰρ
1500 501 1580 551 δεῖ
1618 498 1748 567 μετὰ

1858 508 1958 560 set,
1992 503 2176 553 statim
2207 517 2305 556 vox
2336 504 2400 556 de
2435 511 2570 558 cmlo
2599 510 2763 569 venir,
2788 520 2850 562 ac
2882 507 3015 562 dixit

3056 528 3069 562 :
3107 508 3180 564 Ne
3208 511 3415 573 timeas.

1859 592 2041 652 Aeaci,
2096 594 2188 646 sed
2228 605 2347 653 esto
2388 596 2524 649 bono
2571 598 2783 663 animo;
2834 600 2989 654 decet
3037 603 3179 657 enim
3217 612 3268 660 te
3300 620 3419 659 Clllll

1860 684 2101 748 patribus
2142 686 2246 739 tuis
2277 701 2415 748 esse,
2450 697 2503 739 ct
2530 689 2667 741 coelo
2706 701 3008 745 versantem
3039 694 3320 763 oblectari,
3359 716 3422 752 co

1858 776 2001 840 quod
2051 792 2191 829 nunc
2235 778 2470 831 norninis
2516 780 2618 832 mei
2665 781 3056 837 confessionem
3098 790 3417 853 profitearis.

1859 867 1988 918 Cum
2020 867 2133 921 haac
2164 884 2262 921 vox
2291 870 2473 922 audita
2505 880 2668 935 esset,
2698 873 2944 929 homines
2989 874 3060 929 illi
3089 879 3179 946 qui
3215 894 3419 953 marty-

1860 970 1970 1008 rem
2001 959 2376 1024 verberabant,
2406 968 2774 1027 torpescentes
2803 972 3053 1033 tanquam
3088 970 3216 1021 muti
3249 970 3418 1026 effecti

1860 1056 2007 1110 sunt,
2041 1064 2212 1116 neque
2245 1065 2433 1105 manus
2464 1052 2607 1119 ipsas
2636 1054 2865 1120 amplius
2902 1071 3117 1111 movere
3156 1070 3420 1128 poteram,

1859 1138 1929 1189 ita
1987 1139 2230 1207 ntjudcx
2284 1141 2393 1208 ipse
2430 1144 2747 1209 ambigeret,
2803 1155 2855 1198 et
2909 1146 3090 1201 furore
3143 1165 3420 1213 accensus.

1857 1239 2097 1281 sanctum
2138 1228 2283 1281 illum
2320 1242 2604 1300 martyrem
2637 1233 2892 1287 Acacium
2928 1239 2992 1290 ad
3027 1240 3229 1305 majora
3274 1226 3425 1312 judi-

1857 1319 1961 1381 cia,
2010 1321 2110 1373 hoc
2139 1330 2241 1381 est,
2280 1323 2343 1374 ad
2387 1322 2697 1377 Flaccinum
2745 1330 3120 1393 proconsulem
3177 1329 3423 1387 Thraciae

1861 1410 2118 1474 mitteret,
2151 1411 2239 1478 qui
2281 1420 2334 1465 et
2368 1413 2678 1465 relationem
2719 1416 2876 1469 talem
2911 1417 2976 1470 ad
3011 1433 3131 1473 eum
3170 1423 3419 1488 scripsit:

1928 1499 2045 1555 XX.
2078 1503 2398 1557 Admirabili
2427 1516 2480 1558 et
2514 1507 2747 1561 maximo
2788 1508 2955 1576 jutlici
3003 1509 3255 1568 Flaccino
3304 1533 3424 1585 pro-

1858 1592 2087 1653 consuli,
2126 1592 2382 1647 Bibianus
2418 1593 2804 1662 imperatorum
2855 1601 3229 1659 devotissimus
3280 1616 3426 1660 salu-

1858 1688 1962 1733 lem
2024 1698 2038 1733 :
2095 1680 2376 1744 Acacium,
2416 1683 2593 1749 impia:
2654 1687 3084 1743 Christianorum
3152 1696 3425 1765 religionis

1857 1778 2164 1836 patronum,
2201 1787 2227 1823 a
2260 1770 2444 1825 Firmo
2479 1771 2685 1827 Martiae
2725 1776 2950 1846 legionis
2994 1782 3211 1839 tribuno
3239 1790 3303 1841 ad
3343 1804 3426 1843 me

1858 1863 2105 1922 missum.
2133 1878 2303 1931 neque
2332 1865 2598 1920 volentem
2635 1868 2696 1920 iis
2724 1867 2933 1937 parere,
2963 1889 3077 1940 qua:
3113 1878 3178 1931 ab
3208 1878 3426 1933 invictis

1856 1951 2269 2036 imperatoribus
2320 1956 2522 2007 nostris
2575 1968 2837 2024 praecepta
2892 1973 3035 2023 sunt,
3068 1980 3186 2015 Clllll
3242 1969 3422 2034 viginti

1858 2042 2047 2093 diebus
2079 2053 2202 2093 ante
2238 2043 2301 2094 ad
2335 2059 2418 2097 me
2451 2046 2668 2097 missum
2704 2050 3024 2115 aecepct'im,
3053 2063 3105 2104 et
3140 2056 3427 2110 vehemen-

1856 2141 1933 2183 ter
1984 2136 2048 2184 de
2098 2134 2209 2196 ipso
2254 2135 2644 2200 iuqnisiverim,
2698 2139 2829 2191 nihil
2881 2143 3109 2210 amplius
3159 2147 3360 2213 profeci
3409 2168 3422 2203 :

1856 2222 2113 2288 propositi
2139 2222 2280 2274 enim
2310 2222 2387 2276 sui
2423 2233 2579 2276 tenax
2609 2237 2712 2277 cst.
2736 2230 3002 2291 Quoniam
3032 2248 3157 2284 vero
3185 2243 3425 2301 potestas

1859 2324 1943 2366 tua
1979 2314 2095 2383 plus
2129 2314 2341 2367 timoris
2377 2314 2569 2369 allen-re
2603 2326 2799 2385 petesl,
2834 2331 3113 2389 propterea
3154 2324 3423 2381 hominem

1857 2410 1995 2459 hunc
2018 2422 2143 2458 eum
2177 2408 2331 2471 actis,
2375 2423 2493 2473 qua:
2525 2408 2591 2461 de
2640 2410 2730 2463 illo
2762 2426 2790 2463 a
2822 2427 2906 2465 me
2937 2417 3227 2482 composita
3275 2431 3422 2480 sunt,

1859 2512 1979 2548 cum
2026 2508 2074 2549 te
2131 2497 2632 2565 prmstantissimum
2670 2499 2841 2551 virum
2876 2516 2995 2555 esse
3028 2504 3218 2569 sciam,
3266 2509 3331 2559 ad
3379 2518 3427 2561 te

1856 2588 1997 2639 misi.
2030 2589 2161 2639 Cum
2197 2588 2356 2655 igitur
2387 2586 2669 2643 Flaccinus
2706 2590 2803 2644 has
2852 2592 3063 2647 litteras
3103 2600 3423 2664 accepisset,

1846 2676 2006 2743 jussit
2024 2688 2313 2747 martyrem
2340 2680 2390 2730 in
2417 2696 2633 2733 carcere
2658 2685 2875 2750 quidem
2900 2688 3164 2751 concludi,
3189 2691 3281 2742 sed
3310 2708 3425 2744 scr—

1852 2769 1963 2821 vari
1996 2779 2170 2821 tamen
2197 2770 2312 2822 sine
2352 2769 2598 2833 vinculis,
2629 2780 2683 2823 et
2714 2784 2913 2825 remota
2942 2776 3179 2830 custodia
3209 2780 3291 2831 illa
3315 2790 3423 2833 tam

1850 2862 2039 2913 atroci.
2084 2861 2315 2914 Uxorem
2367 2862 2506 2913 enim
2541 2861 2903 2917 Christianam
2944 2864 3221 2923 Flacciuus
3250 2870 3422 2923 habe-

1850 2952 1960 3013 bat,
1996 2969 2022 3003 ει
2059 2968 2163 3018 qua
2216 2962 2455 3019 rogatus,
2488 2962 2541 3006 et
2581 2951 2936 3022 jurejurando
2981 2957 3122 3011 clam
3170 2960 3426 3015 astrictus

1842 3052 2041 3111 fuerat,
2082 3053 2138 3093 ut
2169 3043 2256 3107 qui
2280 3052 2497 3109 propter
2526 3043 2724 3095 Christi
2753 3046 2907 3097 fidem
2939 3047 3006 3098 ab
3037 3048 3151 3114 ipso
3185 3050 3428 3115 inquire-

167 3140 449 3211 νΕρρωσο.
510 3140 814 3207 Δεξάμενος
863 3138 918 3188 δὲ
958 3139 984 3188 ὁ
1007 3137 1305 3197 Φλακκϊνος
1335 3136 1403 3187 τὰ
1437 3138 1741 3204 γράμματα

1851 3138 2068 3200 bantur,
2126 3148 2230 3188 non
2292 3133 2402 3199 diu,
2462 3149 2637 3203 neque
2688 3135 2913 3189 multum
2958 3139 3028 3192 ab
3096 3151 3164 3192 eo
3207 3142 3424 3196 crucia-

164 3230 264 3283 τοῦ
310 3229 582 3291 Βιϐιανοῦ,
637 3228 915 3279 ἐκέλευσεν
982 3224 1364 3294 ὲγκλεισθῆναι
1420 3226 1511 3275 τὸν
1567 3225 1721 3290 ἅγιον

1850 3240 2055 3282 rentur.

168 3322 429 3392 μάρτυρα
460 3322 720 3374 Ἀκάκιον
753 3319 882 3371 ἄνευ
908 3316 1124 3388 δεσμῶν
1182 3320 1239 3369 ἐν
1300 3319 1364 3386 τῇ
1412 3307 1653 3385 φυλακῇ.
1697 3318 1937 3371 Γυναῖκα
1980 3319 2087 3385 γὰρ
2143 3313 2289 3385 εἶχεν
2340 3316 2366 3366 ὁ
2420 3315 2721 3377 Φλακκῖνος
2781 3319 3139 3389 Χριστιανὴν,
3197 3304 3424 3395 καὶθῆν

164 3415 425 3480 ἀξιωθεὶς
462 3417 556 3468 καὶ
586 3413 858 3479 όρκισθεὶς
893 3411 1069 3480 λάθρα
1105 3410 1233 3480 παρ’
1298 3410 1491 3478 αὐτῆς,
1519 3409 1658 3460 ὥστε
1710 3410 1799 3463 διὰ
1831 3408 1924 3462 τὸν
1956 3407 2112 3476 λόγον
2145 3406 2238 3460 τοῦ
2294 3406 2531 3478 Χριστοῦ
2600 3409 2730 3470 παρ’
2778 3409 2941 3461 αὐτοῦ
2997 3410 3425 3482 ἐξεταζομένους

170 3513 252 3585 μὴ
285 3514 376 3564 ἐπὶ
407 3512 541 3562 πολὺ
578 3507 939 3575 τιμωρεῖσθαι
966 3506 1098 3572 παρ’
1131 3503 1319 3555 αὐτοῦ.

244 3598 377 3658 KA'.
406 3598 560 3651 Μετὰ
584 3592 676 3663 οὖν
708 3595 874 3657 ἄλλας
904 3595 1068 3645 πέντε
1094 3593 1309 3663 ἡμέρας
1343 3592 1686 3663 προκαθίσας
1721 3597 1748 3645 ὁ

168 3693 485 3751 ἀνθύπατος
536 3686 830 3744 Φλακιιῖνος
886 3685 979 3735 ἐπὶ
1011 3683 1106 3736 τοῦ
1147 3683 1413 3751 βήματος,
1466 3684 1748 3737 ἐκέλευσεν

166 3782 459 3852 ἐνεχθῆναι
482 3781 572 3832 τὸν
617 3779 889 3847 μάρτυρα.
934 3775 1040 3826 Ὶόῦ
1083 3776 1140 3825 δὲ
1174 3774 1442 3835 ἐλθόντος,
1483 3776 1739 3843 π-ροσέτα·

166 3880 262 3940 ξεν
302 3872 718 3939 ἀναγνωσθῆναι
777 3868 845 3919 τά
878 3866 961 3918 ἐπ’
999 3865 1148 3933 αὐτῷ
1191 3867 1560 3933 πεπραγμένα
1597 3866 1748 3935 παρά

165 3962 446 4019 Βιδιανοῦ,
477 3962 567 4009 καί
595 3955 1053 4022 ἀναγνωσθέντων
1082 3956 1286 4018 αὐτῶν,
1330 3955 1405 4015 ὡς
1433 3956 1747 4020 κατέμαθεν

162 4057 191 4104 ὁ
216 4051 475 4118 δικαστὴς
512 4043 607 4119 τήν
642 4049 945 4114 αὐστηρίαν
980 4047 1075 4115 τῆς
1105 4049 1193 4097 ἐπ’
1232 4046 1380 4112 αὐτῷ
1423 4042 1749 4106 ἐξετάσεως,

164 4145 271 4212 τήν
302 4158 360 4192 τε
397 4140 649 4192 ἔνστασιν
676 4140 771 4191 καὶ
796 4138 988 4205 ἀκλινῆ
1026 4136 1319 4205 ὁμολογίαν
1350 4134 1442 4187 τοῦ
1471 4139 1750 4205 μάρτυρος

165 4218 267 4287 κᾶι
295 4234 405 4286 τῶν
434 4234 518 4285 ἐπ’
552 4232 701 4297 αὐτῷ
728 4231 1034 4297 γεγονότων
1082 4227 1402 4297 παραδόξων
1428 4226 1748 4306 θαυμάτων,

164 4326 560 4393 αἰτιασάμενος
600 4323 690 4373 τὸν
742 4320 995 4371 Βιϐιανὺν
1058 4318 1131 4377 ὡς
1185 4318 1259 4385 μὴ
1323 4318 1536 4384 τάχειον
1588 4317 1748 4366 αὐτὸν

164 4419 451 4479 ἀνελόντα,
485 4415 600 4466 ἀλλ’
654 4414 734 4474 εἰς
765 4411 1032 4479 τοσαύτην
1069 4408 1358 4477 ἀκρίϐειαν
1414 4410 1504 4461 καὶ
1539 4406 1748 4478 ἐπερώ-

1918 3592 2062 3646 XXI.
2109 3591 2279 3646 Jussit
2325 3591 2482 3660 igitur
2528 3590 2814 3645 F‘laccinus
2852 3601 2973 3658 post
3017 3592 3255 3663 quinque
3309 3594 3426 3649 dies

1848 3684 2104 3738 Acacium
2132 3693 2421 3751 martyrem
2449 3683 2514 3732 ad
2546 3695 2604 3733 se
2631 3682 2774 3743 duci,
2801 3691 2854 3735 et
2884 3683 3000 3750 ejus
3032 3696 3150 3737 acta
3184 3689 3423 3750 recitari,

1850 3789 1973 3843 qua:
2024 3773 2275 3825 Bibianus
2312 3768 2640 3825 confecerat.
2683 3772 2887 3837 Quibus
2949 3777 3208 3841 recitatis,
3242 3778 3425 3845 inqui-

1850 3864 2081 3926 sitionis,
2118 3877 2235 3929 qua:
2280 3876 2307 3913 ε
2345 3860 2568 3914 Bibiano
2619 3861 2757 3915 facta
2796 3864 2994 3929 fuerat,
3048 3870 3423 3921 austeritatem

1849 3966 1903 4009 et
1930 3956 2182 4023 martyris
2210 3955 2595 4015 constantiam,
2621 3955 2979 4021 stabilemque
3002 3958 3421 4023 confessionem,

1847 4059 1902 4101 et
1934 4048 2190 4100 miracula
2227 4061 2319 4114 per
2349 4048 2520 4114 ipsum
2551 4045 2687 4098 facta
2718 4048 2994 4116 cognovit,
3035 4048 3425 4124 Bibianumque

1849 4137 2145 4198 accusavit,
2197 4136 2333 4201 quod
2396 4148 2500 4185 non
2564 4134 2817 4186 celeriter
2871 4149 2992 4187 eum
3049 4136 3419 4201 interfecerat,

1846 4228 1939 4278 sed
1980 4220 2084 4275 lam
2120 4225 2383 4289 exquisite
2419 4225 2677 4275 adversus
2713 4224 2997 4277 militarem
3044 4225 3314 4281 hominem
3356 4244 3417 4282 se

1845 4324 2125 4382 gesserat;
2169 4314 2435 4381 jnssitque
2487 4314 2739 4382 martyris
2800 4326 2960 4380 caput
3009 4317 3249 4369 abscindi
3298 4330 3425 4373 ante

1856 4410 2038 4465 urbem
2089 4408 2426 4476 Byzantium,
2465 4408 2535 4460 ita
2586 4406 2938 4474 pronuntians
2982 4421 2995 4458 :
3033 4409 3287 4462 Acacium
3320 4410 3425 4463 Ga—

162 4527 330 4578 τησιν
362 4507 495 4575 πρὸς
519 4503 801 4572 ἄνθρωπον
832 4501 1168 4570 στρατιώτην
1188 4501 1546 4569 πεποιηκότα,
1576 4516 1741 4568 προσ-

1857 4503 2112 4553 lilreot-um
2176 4500 2497 4566 adjutorem,
2553 4510 2607 4550 et
2664 4508 2969 4551 nostrorum
3043 4502 3421 4569 imperatorum

165 4601 330 4665 ἐταξε
356 4598 497 4664 ξίφει
526 4588 913 4661 ἀποτμηθῆναι
942 4594 1037 4660 τὴν
1067 4592 1307 4660 κεφαλὴν
1338 4590 1430 4641 τοῦ
1466 4592 1744 4657 μάρτυρος

164 4693 280 4761 πρὸ
304 4687 644 4756 τῆς.πὸλεως
678 4684 1000 4747 Βυζαντίου.
1049 4684 1219 4735 εἰπών
1246 4700 1259 4713 ·
1326 4683 1603 4745 Ἀκάκιον,
1653 4680 1743 4734 τὸν

166 4784 282 4835 τῶν
331 4779 632 4832 Γαλιλαίων
687 4779 978 4846 σύμμαχον
1013 4776 1104 4826 καὶ
1166 4774 1642 4841 λιποτακτήσαντα
1670 4776 1735 4841 τῇ

169 4871 466 4943 συμμαχία
520 4872 628 4939 τῶν
680 4867 1057 4940 τροπαιούχων
1099 4864 1519 4935 αὐτοκρατόρων
1564 4863 1742 4932 ἡμῶν,

166 4967 268 5035 βία
301 4963 474 5032 ταύτῃ
502 4963 702 5030 μᾶλλον
734 4959 1107 5027 αἱρησάμενον
1147 4959 1207 5009 τὸ
1244 4958 1395 5019 τέλος
1427 4955 1592 5008 αὐτοῦ
1626 4957 1745 5007 θᾶτ-

1857 4591 2070 4658 l’ropaeis
2122 4590 2413 4657 insignium
2454 4590 2804 4650 desertorem,
2839 4593 2927 4657 qui
2983 4606 3204 4659 operam
3254 4595 3422 4652 dedit,

1853 4694 1908 4735 ut
1931 4684 2326 4750 quamprimum
2364 4682 2481 4732 vita:
2508 4697 2617 4733 suae
2645 4684 2803 4735 finem
2841 4683 2998 4739 talem
3030 4684 3253 4749 videret,
3282 4685 3427 4739 sicut

1850 4773 2169 4840 quaestiones
2205 4771 2269 4824 de
2306 4786 2370 4824 eo
2406 4772 2560 4824 facta:
2589 4773 2889 4826 docuerunt
2925 4789 2938 4824 :
2978 4774 3141 4831 hunc.
3176 4776 3421 4842 inQuam,

1855 4867 2123 4917 hominem
2161 4864 2360 4931 legibus
2396 4879 2497 4914 non
2533 4863 2870 4916 obedientem
2906 4864 3140 4918 tribunal
3175 4876 3418 4919 nostrum

1848 4956 1999 5022 jubet
2034 4955 2207 5021 gladio
2240 4953 2469 5019 percuti,
2504 4963 2557 5004 et
2588 4953 2764 5019 capite
2800 4953 3019 5026 privari.

167 5078 264 5113 τον
303 5056 453 5122 ἰδεῖν,
505 5056 579 5117 ὡς
611 5058 645 5124 ἡ
669 5052 787 5106 κατ’
820 5053 981 5104 αὐτὸν
1027 5050 1272 5113 ἐξέτασις
1326 5050 1434 5101 τῶν
1464 5050 1739 5118 στρέὅλων
1781 5048 2053 5110 ἐδίδαξεν,
2127 5044 2313 5097 τοῦτον
2346 5046 2555 5098 κελεύει
2586 5047 2647 5097 τὸ
2691 5047 3043 5116 δικαστήριον
3099 5049 3208 5111 τοῖς
3238 5050 3422 5121 νόμοις

174 5154 252 5222 μὴ
290 5149 609 5216 πειθόμενον
650 5147 792 5213 ξίφει
822 5148 919 5213 τὴν
956 5145 1196 5213 κεφαλὴν
1228 5143 1600 5208 ἀποκοπῆναι.

245 5241 374 5294 ΚΒ’.
426 5241 511 5300 Ὠς
538 5239 593 5291 δὲ
623 5237 763 5305 ἔγνω
796 5238 823 5288 ὁ
873 5238 1140 5306 μακάριος
1173 5236 1271 5302 τῆς
1310 5236 1554 5303 κλήσεως
1578 5234 1739 5286 αὐτοι

171 5334 547 5401 τελειούμενον
600 5329 660 5379 τὸ
726 5328 926 5397 ἔργον,
989 5326 1393 5396 βραὸεύσαντος
1445 5323 1596 5391 αὐτῷ
1647 5324 1739 5374 τοῦ

177 5424 493 5491 ιΙνεύματος
521 5420 614 5473 τοῦ
648 5419 825 5485 ἁγίου,
855 5418 1154 5485 ἀνεϐόησεν
1186 5415 1279 5466 καὶ
1312 5410 1463 5466 εἶπεν
1490 5429 1503 5443 ο
1553 5414 1617 5464 Ὢ
1644 5413 1742 5463 πό-

174 5533 289 5577 σοις
313 5515 567 5582 στόμασι,
600 5510 830 5581 Χριστέ,
878 5508 1158 5577 εὐλογήσω
1212 5522 1291 5570 σε,
1330 5505 1476 5574 ζωῆς
1507 5503 1738 5575 ἀρχηγέ,

174 5610 272 5664 Υἱέ
298 5605 394 5658 τοῦ
428 5604 563 5657 Θεοῦ
604 5601 699 5655 τοῦ
752 5602 975 5663 ζῶντος,
1009 5599 1093 5650 ὅτι
1147 5596 1320 5659 οὕτως
1379 5596 1624 5666 ἐλεήμων
1656 5598 1750 5647 καὶ

176 5700 536 5777 μακρόθυμος
560 5692 610 5748 εἴ
644 5696 729 5749 ἐπ’
754 5693 877 5763 ἐμὲ,
906 5693 996 5744 τὸν
1024 5691 1369 5760 ἁμαρτωλὸν,
1406 5689 1483 5749 είς
1512 5688 1752 5772 τοιοῦτον

174 5799 382 5868 κλῆρον
416 5787 763 5854 καταξιώσας
808 5801 894 5854 με.
953 5786 1062 5837 Καὶ
1096 5782 1361 5850 ἀπαχθεὶς
1393 5781 1497 5847 ἔξω
1526 5780 1622 5850 τῆς
1658 5780 1751 5831 πό-

1922 5227 2085 5282 XXII.
2123 5229 2310 5281 Postea
2350 5242 2495 5290 vero,
2533 5244 2690 5295 quam
2742 5228 2929 5283 beatus
2976 5228 3210 5283 Aeacius
3263 5245 3422 5283 voca—

1853 5322 2015 5374 tionis
2078 5334 2189 5373 suae
2242 5334 2377 5387 opus
2430 5320 2651 5388 jainjam
2712 5321 3094 5388 perliciendum
3152 5324 3419 5387 cognovit.

1853 5412 2056 5478 Spiritu
2116 5419 2306 5463 sancto
2360 5410 2430 5462 ita
2482 5412 2828 5471 decernente,
2881 5410 3123 5465 clamans
3172 5414 3250 5465 sic
3294 5414 3419 5465 ait:

1848 5502 2018 5569 Quam
2069 5501 2250 5553 multis
2306 5502 2499 5569 linguis
2555 5513 2602 5554 te
2655 5503 2871 5556 laudare
2920 5502 3134 5570 vellem,
3184 5503 3419 5568 Christe,

1850 5596 1961 5649 Dux
2000 5595 2140 5656 vitae,
2174 5602 2229 5647 et
2279 5591 2378 5645 Fili
2421 5594 2536 5659 Dei,
2578 5596 2828 5661 quoniam
2882 5595 2953 5647 ita
3012 5595 3320 5648 misericors
3368 5606 3421 5646 et

1849 5686 2114 5753 benignus
2149 5698 2208 5739 es
2244 5684 2294 5737 in
2330 5698 2414 5737 me
2467 5686 2699 5753 peccatis
2749 5686 3062 5750 obnoxium,
3095 5687 3183 5754 qui
3235 5698 3288 5739 et
3328 5687 3418 5741 tali

1852 5790 1996 5835 sorte
2031 5792 2115 5832 me
2168 5776 2415 5846 dignatus
2475 5776 2642 5831 fuisti.
2695 5777 2932 5846 Cumque
2983 5780 3176 5834 ductus
3232 5778 3418 5834 fuisset
