4196 6306
824 348 930 412 243

2133 341 2409 400 MENSIS
2453 339 2713 399 MAIUS.

3945 318 4042 381 2ίᾶ

828 459 932 512 bus
963 458 1032 525 (is
1060 464 1177 512 erat
1210 455 1440 527 pulcher
1465 456 1805 519 Bonifacius,
1831 471 1939 509 non
1968 453 2171 521 ingenii
2205 453 2381 505 solum
2410 454 2458 512 Α

2410 454 2458 512 Α
2489 451 2582 501 καὶ
2607 453 2669 518 τῇ
2708 449 2841 515 πρὸς
2891 446 3059 515 αὐτὴν
3111 444 3314 513 ευνοία,
3350 439 3529 507 πολλῷ
3554 438 3609 493 δὲ
3637 437 3729 491 καὶ
3757 433 4040 527 ὡραιότητι

826 548 1050 604 solertia
1082 556 1139 603 et
1186 549 1238 602 iu
1288 563 1409 602 eam
1447 548 1849 609 benevolentia,
1915 545 2011 601 sed
2080 546 2240 598 etiam
2277 542 2381 595 alia

826 645 1011 709 specie
1042 642 1201 710 longe
1231 640 1522 708 superans)
1549 655 1658 693 non
1692 640 1940 694 honestis
1967 638 2224 691 utebatur
2251 651 2384 689 con—

824 730 1229 797 gressionibus;
1272 746 1379 784 nou
1411 730 1679 785 erubesco
1712 732 1855 785 enim
1887 731 2004 783 haec
2028 729 2230 790 dicere,
2259 741 2381 781 cum

825 822 984 886 paulo
1018 830 1140 889 post
1174 823 1375 891 possim
1417 821 1707 874 ostendere
1770 837 1898 875 vere
1930 819 2172 873 divinam
2211 815 2384 869 etad-

824 910 1126 963 mirabilem
1177 911 1556 963 mutationem.
1622 909 1840 977 Alioqui
1899 912 2080 962 adtem
2165 921 2193 980 a
2255 906 2383 957 vino

819 1002 1040 1071 quidem
1085 1009 1143 1056 et
1166 1003 1442 1056 amoribus
1482 1003 1804 1055 vincebatur
1841 1003 1910 1053 ab
1951 1000 2106 1052 initio
2145 1014 2158 1050 :
2194 997 2288 1049 sed
2327 1006 2381 1050 et

822 1094 1068 1162 pecuniae
1113 1103 1231 1146 erat
1291 1103 1635 1162 contemptor
1699 1090 2290 1160 niagulliccntissintus,
2330 1097 2383 1141 et

820 1185 889 1239 ad
914 1200 1007 1238 cas
1028 1186 1316 1260 egentibus
1334 1185 1739 1239 distribuendas
1765 1185 1922 1251 longe
1943 1180 2381 1239 liberalissimus,

822 1284 880 1329 et
915 1276 1273 1345 hospitalitati
1323 1277 1560 1341 deditus,
1592 1278 1636 1330 si
1664 1275 1806 1328 ullus
1844 1274 2003 1327 alius.
2048 1272 2103 1324 Si
2166 1268 2383 1336 quando

818 1382 949 1435 ergo
994 1368 1221 1423 vidisset
1280 1368 1493 1436 aliquos
1545 1383 1611 1422 ex
1647 1357 1972 1427 viatoribus,
2007 1372 2101 1415 aut
2148 1369 2283 1414 aestu
2329 1367 2384 1416 et

821 1457 914 1511 siti
955 1459 1247 1526 eliquatos,
1303 1468 1398 1511 aut
1430 1457 1555 1513 nive
1590 1469 1646 1511 et
1691 1457 1895 1525 frigore
1957 1461 2265 1513 concretos,
2290 1462 2384 1504 aut

818 1550 922 1602 alia
953 1550 1161 1606 ratione
1209 1552 1407 1605 itinere
1440 1559 1711 1619 gravatos,
1752 1548 1867 1616 ipse
1899 1546 2160 1598 festinans
2195 1543 2383 1596 hilari-

820 1650 904 1691 ter
924 1640 1004 1691 eis
1035 1640 1147 1692 ibat
1174 1641 1413 1705 obviam,
1450 1649 1505 1692 et
1528 1640 1753 1708 rogabat
1782 1648 1893 1691 uta
1924 1636 2107 1690 labore
2162 1634 2383 1713 requie-

819 1741 1039 1786 scerent
1068 1749 1080 1786 :
1117 1742 1171 1787 et
1203 1748 1325 1787 cum
1358 1734 1673 1793 cessissent.
1704 1733 1756 1785 in
1784 1730 2004 1784 domum
2032 1745 2184 1784 suam
2210 1730 2382 1781 intro-

2489 542 2594 593 τῶν
2618 541 2788 594 ἄλλων
2816 537 3067 609 κρατῶν)
3105 537 3310 606 μίξισιν
3355 534 3415 586 οὐ
3470 532 3661 592 καλαῖς
3695 526 3933 597 ἐχρῆτο·
3990 526 4041 577 οὐ

2487 634 2597 699 γὰρ
2617 632 2942 699 αἰσχύνομαι
2970 628 3142 681 ταῦτα
3176 627 3369 693 λέγων,
3411 625 3549 692 ἔχων
3580 621 3675 673 καὶ
3729 616 4043 688 μετ”ὀλὶγον

2485 723 2656 787 δεῖξαι
2688 722 2837 774 Θείαν
2854 722 3019 795 ὅντως
3038 720 3128 771 καὶ
3156 716 3462 787 θαυμασίαν
3490 712 3818 783 μεταϐολήν.
3848 708 4046 795 Ἄλλως

2485 834 2543 868 τε
2575 815 2629 867 δὲ
2668 816 2761 867 καὶ
2795 812 2939 865 οἴνου
3000 811 3096 881 μὲν
3153 810 3370 876 ἐρώτων
3420 806 3480 858 τὸ
3534 801 3815 870 καταρχὰς
3873 794 4043 869 ἥττω-ι

2485 904 2551 979 ἦν
2571 922 2585 937 ο
2606 907 2662 958 οὐ
2686 907 2793 975 μὴν
2809 902 2977 958 τᾶλλα
2995 904 3233 965 τοιοῦτος
3290 903 3424 955 ἀλλὰ
3456 903 3548 953 καὶ
3565 898 3862 968 χρημάτων
3888 896 4045 960 ὑπερο

2482 1002 2650 1069 ὀπτης
2675 998 2866 1067 κομιδὴ
2895 995 3430 1065 μεγαλοψυχώτατος,
3456 995 3547 1044 καὶ
3577 988 3853 1071 δεομένοις
3882 984 4047 1037 ταῦτα

2485 1095 2756 1160 διανεῖμαι
2810 1089 3258 1159 φιλοτιμώτατος,
3314 1086 3407 1139 καὶ
3438 1083 3742 1153 φιλοξενίαν
3780 1081 3944 1147 εἴπερ
3973 1092 4049 1137 τις

2486 1185 2642 1246 ἄλλος
2673 1185 3179 1253 φιλοφρονέστατος.
3229 1180 3425 1234 Ὁπότε
3455 1178 3585 1245 γοῦν
3618 1178 3715 1229 ἴδοι
3760 1174 3916 1235 τινὰς
3948 1171 4047 1224 τῶν

2485 1275 2927 1342 ὁδοιπορούντων,
2955 1275 2987 1344 ἦ
3019 1273 3258 1326 καύσωνι
3285 1271 3377 1324 καὶ
3420 1268 3561 1337 δίψει
3602 1266 3967 1334 τηκομένους,
4017 1263 4045 1332 ἢ

2485 1369 2622 1435 χιόνι
2652 1368 2743 1418 καὶ
2765 1366 2925 1436 ψύχει
2968 1364 3547 1436 προσπηγνυομένους,
3571 1361 3603 1427 ἢ
3637 1359 3810 1419 ἄλλως
3852 1358 3918 1407 ἐκ
3956 1353 4049 1422 τῆς

2484 1459 2789 1528 ὁδοιπορίας
2831 1458 3249 1528 βαρυνομένους,
3299 1455 3457 1517 αὐτὸς
3483 1451 3827 1509 ἐπισπεύδων
3854 1449 4049 1519 ἱλαρῶς

2485 1552 2713 1620 ὑπήντα,
2737 1553 2826 1603 καὶ
2860 1551 2950 1603 τοῦ
2983 1550 3183 1620 μόχθου
3205 1545 3681 1601 διαναπαύσασθαι
3726 1543 4052 1611 παρεκάλει,

2485 1643 2579 1696 καὶ
2611 1644 2860 1709 εἴξαντας
2898 1644 2974 1705 είς
3008 1642 3103 1711 τὴν
3129 1642 3308 1693 οἰκίαν
3337 1636 3645 1705 εἰσαγαγὼν
3675 1634 3881 1702 ἐξένιζε
3908 1633 4055 1702 φιλο-

2486 1735 2718 1804 φρόνως,
2755 1735 2846 1788 καὶ
2893 1734 3072 1802 λόγοις
3105 1732 3220 1800 ἄμα
3258 1732 3351 1784 καὶ
3381 1730 3560 1801 ἔργοις
3596 1730 3711 1781 πᾶν
3731 1728 3873 1795 ὅπερ
3912 1721 4056 1793 εῐχον

820 1825 1015 1879 ductos
1052 1825 1290 1895 hospitio
1337 1826 1570 1896 benigne
1634 1825 1964 1895 accipiebat.
2018 1822 2280 1877 etverbis
2328 1828 2384 1873 et
2413 1791 2457 1847 Β

2413 1791 2457 1847 Β
2486 1791 2646 1896 άτιδες
2676 1791 2877 1880 διέλυε.
2898 1791 3086 1878 Ταῦτα
3114 1791 3206 1883 καὶ
3244 1824 3348 1892 πρὸ
3377 1791 3471 1874 τού
3498 1817 3800 1890 μαρτυρίου
3826 1791 4053 1883 έκόσμει

816 1915 977 1969 factis
1001 1932 1195 1971 eorum
1233 1934 1449 1972 omnem
1492 1917 1845 1986 propulsabat
1876 1913 2206 1966 molestiam.
2260 1910 2383 1965 Hth

816 2007 982 2060 etiam
1007 2016 1134 2062 ante
1162 2008 1484 2078 martyrium
1513 2006 1785 2061 ornabant
1813 2001 2173 2058 Bonifacium.
2198 2003 2383 2071 Neque

2481 1920 2571 1978 τὸν
2616 1920 2965 1985 Βονκ,;ἀτιον⁹
3027 1918 3123 1970 καὶ
3172 1917 3270 1985 οὐχ
3302 1914 3486 1976 ἁπλῶς
3544 1913 3749 1964 ἐκεῖνον
3782 1908 3896 1961 ἀπὸ
3950 1906 4055 1957 τῶν

2480 2009 2655 2062 ἄλλων
2693 2010 3072 2075 δοκιμαστέον,
3097 2007 3235 2058 ἀλλὰ
3268 2004 3566 2057 συναπτέον
3599 2003 3821 2063 πάντως
3870 1998 3970 2051 καὶ
3995 1997 4059 2049 τὰ

814 2104 899 2149 est
929 2096 1019 2151 ille
1051 2097 1394 2152 solummodo
1428 2095 1823 2151 examinandus
1855 2104 1912 2148 et
1964 2091 2295 2163 spectandus
2318 2106 2387 2150 ex

2485 2098 2750 2167 βελτίονα.
2792 2100 3108 2166 Βονιφάτιος
3141 2098 3249 2166 γὰρ
3270 2098 3329 2148 τὸ
3363 2095 3460 2164 μὲν
3490 2095 3670 2162 ἡδονῇ,
3702 2090 3763 2145 τὸ
3788 2091 3982 2141 πλεῖον
4004 2087 4058 2145 δὲ

815 2187 975 2245 aliis:
1000 2188 1095 2242 sed
1124 2198 1251 2242 sunt
1275 2190 1440 2243 etiam
1456 2187 1831 2257 coniungenda
1849 2202 1932 2249 ea,
1959 2199 2082 2252 quae
2110 2193 2238 2236 sunt
2273 2196 2380 2234 me-

814 2276 974 2331 liora.
997 2278 1467 2334 Bonifaciuseuim
1485 2278 1691 2347 aliquid
1713 2277 1931 2347 quidem
1957 2274 2245 2342 voluptati,
2263 2273 2382 2342 plu-

820 2370 1014 2423 rimam
1036 2388 1164 2426 vero
1186 2383 1394 2439 partem
1417 2374 1668 2427 tribuens
1696 2374 1908 2438 virtuti,
1931 2382 1987 2427 et
2008 2370 2375 2440 pulcherrima

2484 2190 2578 2242 καὶ
2617 2191 2685 2258 τῇ
2744 2190 2911 2259 ἀρετῇ
2942 2189 3142 2257 νέμων,
3180 2188 3273 2239 καὶ
3324 2185 3393 2237 τὰ
3430 2184 3694 2237 κάλλιστα
3718 2181 3818 2248 τῆς
3853 2177 4058 2247 ἀρετῆς

2486 2280 2603 2349 εῐδη
2653 2280 2791 2349 πρὸς
2840 2280 3126 2349 ἀκρίϐειαν
3157 2277 3439 2350 ἠσκηκὼς,
3484 2276 3546 2327 τὸ
3575 2276 3648 2342 μὴ
3676 2272 3885 2333 τέλειος
3914 2264 4057 2320 εἶναι

2488 2372 2639 2441 παρὰ
2680 2373 2841 2443 μόνου
2868 2372 2960 2425 τοῦ
3003 2373 3076 2441 μὴ
3112 2371 3404 2442 σωφρονεῖν
3425 2364 3711 2420 ἐκωλύετο.

814 2478 1015 2529 genera
1038 2463 1252 2517 virtutis
1274 2476 1523 2519 accurate
1543 2479 1829 2528 exercens,
1850 2480 1914 2519 ne
1932 2474 2079 2519 esset
2101 2460 2376 2531 perfectus
2412 2474 2477 2512 ex
2504 2461 2609 2516 hoc
2670 2465 2785 2517 solo
2827 2464 3244 2533 prohibebatur,
3276 2460 3425 2529 quod
3456 2477 3566 2515 non
3619 2467 3767 2515 esset
3837 2465 4057 2526 tempe-

820 2571 967 2610 rans.

886 2648 974 2702 ιιι.
1000 2648 1270 2704 Caeterum
1312 2668 1420 2709 non
1446 2654 1619 2707 multo
1647 2653 1939 2724 interiecto
1965 2662 2231 2721 tempore,
2258 2646 2377 2702 bzec

817 2752 1036 2809 quoque
1062 2739 1233 2807 labes,
1277 2749 1533 2813 tanquam
1567 2743 1622 2797 in
1659 2752 1775 2799 toto
1817 2743 2024 2798 mundo
2063 2750 2117 2797 et
2145 2739 2376 2811 pulchro

815 2845 1069 2897 corpore,
1105 2831 1331 2896 eluitur,
1372 2842 1429 2887 et
1479 2835 1629 2903 quod
1678 2851 1744 2887 ex
1783 2834 1920 2886 vitio
1975 2830 2378 2898 suSeipiebatur

814 2918 1079 2980 dedecus,
1132 2921 1333 2987 tegitur
1369 2921 1527 2988 longe
1574 2922 1767 2991 majori
1820 2920 2011 2990 gloria.
2045 2919 2161 2971 Non
2212 2919 2377 2971 susti-

817 3009 940 3063 nuit
971 3009 1118 3063 enim
1152 3010 1417 3066 Dominus
1443 3010 1723 3081 despicere
1752 3011 2012 3072 animam,
2038 3009 2178 3062 adeo
2224 3005 2376 3059 omni

2549 2644 2625 2703 Γ¹.
2657 2647 2802 2719 Πλὴν
2832 2644 2893 2699 οὐ
2930 2646 3063 2700 πολὺ
3094 2645 3153 2699 τὸ
3176 2644 3233 2697 ὲν
3272 2640 3422 2714 μέσῳ
3491 2641 3584 2693 καὶ
3618 2641 3645 2692 ὁ
3682 2637 3873 2699 σπῖλος
3897 2629 4054 2695 οὗτος

2475 2740 2729 2808 καθάπερ
2750 2739 2855 2811 ὅλῳ
2889 2738 3116 2808 καθαρῷ
3167 2736 3261 2790 καὶ
3303 2732 3622 2804 περικαλλεῖ
3648 2729 3863 2800 σώματι
3898 2729 4060 2789 ἑκκα-

2473 2833 2746 2900 θαὲρεται·
2810 2834 2902 2885 καὶ
2951 2833 2984 2903 ἡ
3036 2833 3101 2883 ὲκ
3153 2830 3246 2883 τοῦ
3305 2828 3510 2889 πάθους
3549 2823 3779 2894 αἰσχύνη
3842 2822 4057 2892 μείζονι

2476 2926 2654 2994 πολλῷ
2674 2925 2799 2996 δόξῃ
2823 2924 3304 2992 περικαλύπτεται.
3330 2924 3404 2975 Οὐ
3424 2922 3530 2989 γὰρ
3557 2919 3818 2989 ἠνέσχετο
3846 2918 4056 2986 Κύριος

2474 3015 2650 3085 ψυχὴν
2676 3014 2817 3067 οὕτω
2858 3015 3103 3084 παριδεῖν
3133 3015 3200 3065 τὰ
3235 3014 3409 3065 πάντα
3456 3010 3648 3079 καλὴν,
3684 3009 3803 3068 ἑνδς
3838 3007 4055 3066 πάθους

815 3116 883 3153 ex
914 3111 1070 3171 parte
1097 3101 1406 3170 pulchram.
1438 3112 1708 3172 perpetuo
1757 3102 2034 3172 inquinari
2070 3102 2235 3155 unius
2256 3100 2373 3154 vitii
2406 3130 2447 3186 α

2406 3130 2447 3186 c
2483 3109 2662 3177 αἴσχει
2689 3107 2776 3162 διὰ
2808 3106 2992 3168 τέλους
3021 3104 3340 3175 μολύνεσθαι
3360 3121 3373 3135 ·
3399 3103 3512 3157 ἀλλ’
3540 3101 3800 3169 εὖδόκησε
3834 3100 4057 3157 πάντως

815 3192 1154 3259 turpitudine
1187 3208 1200 3244 :
1238 3192 1332 3245 sed
1356 3194 1561 3261 placuit
1593 3194 1820 3246 omnino
1858 3193 2173 3245 divinarum
2209 3194 2377 3245 ratio-

815 3295 947 3334 num
982 3280 1403 3350 dispensationi,
1437 3282 1733 3353 martyrico
1763 3283 1929 3337 etiam
1960 3282 2224 3353 sanguine
2251 3296 2380 3351 pur-

817 3388 1048 3444 pureum
1068 3382 1128 3427 et
1143 3373 1351 3441 regium
1375 3374 1425 3427 ei
1446 3376 1683 3427 colorem
1706 3374 1913 3429 indere.
1938 3374 2188 3439 Quonam
2216 3375 2378 3427 modo

815 3473 1001 3523 autem
1034 3465 1140 3516 hoc
1170 3464 1539 3529 sitetl‘eetum,
1605 3474 1661 3517 et
1711 3464 1985 3531 quodnam
2040 3465 2111 3516 sit
2168 3466 2376 3533 jactum

812 3554 1229 3609 fundamentum
1270 3556 1538 3623 martyrii,
1570 3562 1758 3622 parata
1782 3563 1867 3607 est
1924 3554 2127 3608 docere
2170 3556 2375 3608 oratio.

814 3647 1007 3702 Adhuc
1032 3647 1253 3717 quidem
1290 3646 1506 3716 vigebat
1552 3646 1864 3715 persecutio
1908 3645 1961 3698 in
2012 3645 2374 3709 Christianos,

813 3746 871 3790 et
892 3737 1160 3804 profunda
1195 3738 1284 3791 illa
1308 3738 1481 3807 caligo
1514 3738 1937 3797 simulacrorum
1984 3748 2159 3791 totum
2213 3738 2376 3792 simul

816 3828 1113 3896 occupabat
1170 3827 1474 3884 Orientem.
1502 3830 1665 3883 Subit
1687 3840 1868 3882 autem
1921 3829 2071 3882 illius
2100 3831 2376 3882 dominam

817 3920 1076 3975 salutaris
1104 3919 1381 3991 cogitatio,
1415 3930 1471 3975 et
1496 3936 1594 3975 cor
1623 3921 1744 3990 ejus
1778 3930 2029 3990 penetrat
2076 3921 2376 3977 vehemens

815 4011 1088 4079 quoddam
1127 4022 1179 4066 et
1205 4014 1469 4067 invictum
1496 4013 1831 4069 desiderium
1856 4015 2212 4085 reliquiarum
2233 4030 2377 4069 mar-

818 4114 1015 4173 tyrum.
1051 4103 1316 4170 Quoniam
1341 4121 1473 4159 vero
1496 4105 1840 4161 existimabat
1859 4106 2135 4162 Bonifacio
2168 4107 2374 4159 nullum

818 4208 941 4246 esse
979 4192 1309 4254 fideliorem,
1342 4202 1437 4246 aut
1468 4194 1535 4249 ad
1559 4195 1615 4249 in
1652 4194 1739 4249 bis
1760 4196 2113 4251 serviendum
2144 4197 2377 4265 diligen—

818 4284 1035 4341 tiorem.
1071 4285 1120 4339 ei
1144 4286 1289 4340 sicut
1344 4288 1618 4341 carnalem
1682 4298 1736 4343 et
1789 4297 2025 4360 turpem,
2088 4290 2161 4343 ita
2211 4290 2374 4343 etiam

814 4375 1141 4431 laudabilem
1170 4386 1223 4430 et
1248 4378 1465 4432 beatum
1486 4395 1729 4435 amorem
1753 4382 2144 4443 communicat,
2173 4390 2229 4434 et
2249 4397 2373 4434 eum

816 4482 1063 4522 seorsum
1113 4469 1409 4537 accipiens,
1453 4469 1591 4533 Seis,
1651 4472 1850 4540 inquit.
1898 4473 2089 4535 frater,
2120 4472 2375 4541 qualibus

820 4559 993 4611 simus
1038 4559 1374 4627 coinquinati
1428 4562 1687 4629 peccatis,
1735 4578 1839 4619 nec
1877 4563 2037 4617 nobis
2066 4568 2212 4617 cura:
2253 4577 2374 4617 esse

818 4648 1047 4717 aliquid,
1088 4649 1232 4718 quod
1256 4659 1636 4721 exspectamus
1686 4652 1927 4706 futurum
1986 4662 2044 4706 ut
2118 4655 2376 4706 sistamur

819 4750 945 4794 ante
969 4742 1159 4806 Deum,
1182 4751 1235 4794 et
1267 4758 1362 4810 pro
1412 4744 1494 4796 bis
1522 4745 1702 4813 gravia
1750 4744 2044 4799 subeamus
2084 4745 2373 4812 supplicia.

818 4838 1086 4891 therum
1116 4838 1298 4894 audivi
1330 4840 1613 4909 aquodam
1656 4841 1773 4894 viro
1802 4844 1915 4909 pio,
1952 4841 2096 4910 quod
2150 4842 2195 4898 si
2252 4841 2377 4910 quis

816 4944 934 4992 eos,
989 4930 1081 4998 qui
1138 4940 1367 4999 propter
1415 4931 1692 4987 Christum
1741 4932 1879 5001 passi
1913 4942 1969 4985 et
2003 4934 2180 4987 affecti
2249 4941 2377 4985 sunt

821 5021 1105 5089 martyrio,
1132 5021 1184 5072 in
1242 5022 1446 5074 honore
1493 5023 1827 5079 habueritet
1876 5022 2133 5083 coluerit,
2185 5037 2376 5091 magna

820 5112 1066 5179 quaedam
1141 5122 1197 5166 et
1224 5114 1475 5180 praeclara
1504 5128 1628 5169 eum
1686 5115 1833 5170 illinc
1863 5128 1930 5167 ex
1972 5130 2037 5167 eo
2088 5122 2269 5169 manet
2296 5129 2378 5166 re-

819 5205 1148 5263 muneratio.
1179 5216 1234 5259 et
1264 5204 1476 5267 eadem,
1506 5222 1613 5279 qua
1643 5206 1743 5269 illi,
1772 5204 1985 5259 fruetur
2008 5204 2366 5259 beatitudine.

823 5296 973 5349 Multi
1018 5304 1200 5353 autem
1237 5313 1381 5351 nunc
1433 5312 1674 5364 quoque,
1710 5307 1768 5350 ut
1820 5298 1993 5358 aiunt,
2030 5313 2128 5365 pro
2158 5294 2377 5357 Christo

822 5389 1047 5459 pulchra
1080 5389 1286 5443 adeunt
1336 5389 1653 5442 certamina.
1686 5387 1764 5441 Tu
1827 5405 1955 5441 vero
1989 5388 2213 5457 (etenim
2263 5389 2373 5455 jam

819 5481 969 5537 venit
1003 5490 1233 5548 tempus,
1261 5489 1317 5532 ut
1349 5496 1502 5533 meus
1537 5479 1790 5533 ostendat
1820 5480 2153 5541 Bonifacius,
2180 5495 2285 5548 qua
2307 5480 2377 5530 sit

817 5573 873 5626 in
931 5588 1030 5627 nos
1064 5572 1392 5641 .all'ectione)
1423 5573 1485 5625 ad
1541 5573 1655 5629 hate
1690 5573 1820 5625 mihi
1875 5571 2097 5629 inservi,
2128 5580 2183 5624 et
2230 5570 2375 5623 omni

820 5664 1003 5728 studio
1032 5680 1097 5717 eo
1130 5664 1350 5723 vadens,
1389 5677 1619 5731 propera
1654 5665 1717 5717 ad
1754 5680 1835 5717 me
1868 5664 2060 5718 afferre
2086 5664 2290 5734 aliquid
2347 5680 2375 5718 e

817 5755 988 5811 sacris
1010 5757 1092 5809 his
1123 5756 1365 5825 reliquiis
1394 5775 1405 5807 :
1437 5767 1492 5810 ut
1524 5772 1643 5811 cum
1668 5773 1759 5811 eas
1784 5757 2077 5814 tumoritice
2109 5757 2377 5825 deposue-

2480 3203 2768 3271 θειοτέρων
2796 3201 2972 3267 λόγων
3024 3197 3325 3265 οἰκονομία,
3368 3196 3462 3250 καὶ
3504 3190 3829 3264 μαρτυρικῷ
3861 3190 4061 3256 αἵματι

2479 3294 2739 3363 ἁλουργὲς
2798 3292 2932 3361 αὐτῇ
2977 3291 3068 3343 καὶ
3123 3288 3397 3360 βασιλικὸν
3453 3288 3652 3356 χρῶμα
3706 3282 4055 3355 περιϐαλεῖν.

2480 3390 2668 3449 "Ome;
2697 3388 2751 3439 δὲ
2774 3387 2934 3439 τοῦτο
2961 3384 3380 3455 διῳκονόμηται,
3414 3384 3504 3435 καὶ
3532 3374 3620 3432 οἷα
3654 3378 3733 3448 τῷ
3764 3377 4061 3447 μαρτυρίαι

2479 3478 2884 3544 καταῦἑόληται
2922 3478 2955 3544 ἡ
2984 3477 3208 3544 κρηπῖς,
3243 3475 3465 3544 ’ἕτοιμος
3491 3470 3761 3521 διδάσκειν
3812 3471 3843 3520 ὁ
3872 3468 4055 3532 λόγος.

2483 3567 2733 3635 Ἤκμαζε
2779 3539 2876 3633 μὲν
2910 3539 3114 3616 καὶ-ἐτι
3158 3566 3183 3614 ό
3217 3539 3355 3613 κατὰ
3402 3559 3741 3626 Χριστιανῶν
3787 3556 4055 3623 διωγμὸς,

2478 3662 2571 3713 καὶ
2603 3661 2630 3712 ό
2660 3658 2932 3718 είδωλικὸς
2964 3657 3169 3716 ἐκεῖνος
3200 3653 3291 3710 καὶ
3324 3650 3490 3720 βαθὺς
3514 3650 3654 3702 κατὰ
3698 3648 3886 3718 πάσης
3918 3645 4055 3714 ὁμοῦ

2476 3752 2759 3821 τῆςἙῲας
2790 3748 3080 3818 ἐπεκράτει
3100 3746 3256 3812 ζόφος
3278 3761 3290 3775 ⁸
3316 3742 3681 3811 ύπέρχεταιδὲ
3704 3740 3807 3809 τὴν
3840 3740 4055 3792 ἐκείνου

2478 3845 2762 3895 δέσποιναν
2787 3842 3051 3908 σωτήριος
3081 3837 3361 3906 λογισμὸς,
3379 3836 3474 3888 καὶ
3494 3836 3591 3902 τὴν
3613 3834 3849 3901 καρδίαν
3881 3831 4057 3897 αὐτῆς

2477 3932 2747 4003 διατρέχει
2790 3930 2986 4000 δριμύς
3030 3946 3110 3990 τις
3167 3927 3304 3997 ἔρως
3372 3927 3463 3979 καὶ
3513 3925 3724 3992 ἄμαχος
3775 3921 4059 3988 λειψάνων

2481 4022 2849 4096 μαρτυρικῶν.
2916 4020 3068 4074 Ἐπεὶ
3138 4018 3194 4071 δὲ
3242 4017 3430 4071 οὐδένα
3481 4011 3809 4079 Βονιφατίου
3851 4011 4059 4078 μᾶλλον

2475 4119 2660 4187 ἡγεῖτο
2721 4114 3057 4180 πιστότερον,
3097 4111 3131 4177 ἢ
3163 4108 3427 4167 τοιούτοις
3483 4103 3782 4172 ὑκουργεῐν
3812 4101 4060 4171 ἐμμελές

2479 4226 2567 4261 στε
2580 4225 2690 4276 ρον,
2717 4204 2905 4256 τοῦτον
2928 4202 2990 4271 δὴ
3021 4200 3115 4253 xui.
3143 4198 3415 4260 κοινωνὸν,
3441 4196 3630 4264 ὥσπερ
3650 4194 3749 4254 τού
3781 4193 4056 4265 σαρκικοῦ

2478 4299 2571 4369 καὶ
2615 4296 2833 4362 ἀτίμου,
2866 4292 3036 4354 οὕτως
3064 4290 3170 4361 ἄρα
3198 4291 3291 4342 καὶ
3328 4286 3421 4340 τοῦ
3460 4287 3746 4339 ἐπαινετοῦ
3781 4304 3843 4341 τε
3879 4302 4060 4355 μακα·

2483 4390 2598 4458 ρίου
2636 4388 2868 4438 ποιεῖται
2913 4383 3133 4453 ἔρωτος.
3172 4382 3277 4435 Καὶ
3310 4380 3617 4444 ἰδιαζόντως
3654 4379 4054 4432 ἁπολαδοῧσα·

2409 4458 2449 4512 D
2484 4474 2667 4542 Οἶδας,
2704 4480 2888 4547 φησιν,
2948 4476 3159 4542 ἀδελφὲ.
3213 4476 3352 4537 οἵαις
3387 4472 3838 4541 συνεχράνθημεν
3867 4474 4053 4539 ἀμαρ-

2476 4572 2640 4633 τίαις,
2674 4569 2838 4639 μηδὲν
2862 4586 2915 4621 τι
2949 4567 3139 4635 μέλλον
3161 4566 3314 4635 ἡμῖν,
3344 4566 3426 4617 ὅτι
3447 4563 3564 4628 Θεῷ
3592 4562 4056 4630 παραστήσεσθαι

2478 4661 2866 4733 προσδοκῶμεν
2906 4659 2998 4711 καὶ
3028 4657 3267 4727 χαλεπὰς
3293 4655 3498 4709 τούτων
3526 4655 3785 4721 ὑποσχεῖν
3825 4654 3935 4719 τὰς
3974 4672 4054 4707 κο-

2476 4756 2661 4817 λάσεις
2681 4770 2693 4782 ·
2739 4751 2879 4821 πλὴν
2899 4750 3008 4804 ἀλλ’
3027 4748 3306 4820 ἐπυθόμην
3328 4748 3469 4809 τινὸς
3488 4746 3593 4797 τῶν
3616 4745 4053 4817 εὖσεόεστέρων,

2476 4848 2551 4910 ὡς
2578 4850 2628 4900 εἰ
2663 4864 2746 4909 τις
2771 4847 2898 4907 τοὺς
2927 4844 3014 4896 διὰ
3048 4842 3281 4913 Χριστὸν
3318 4838 3591 4901 παθόντας
3620 4839 3711 4891 καὶ
3755 4840 4049 4908 μαρτυρή-

2479 4957 2677 4999 σαντας
2709 4937 2795 4989 διὰ
2824 4938 2985 5005 τιμῆς
3020 4933 3266 5002 μετέλθοι
3291 4930 3384 4985 καὶ
3410 4931 3727 5001 θεραπείας.
3765 4930 3945 4999 πολλή
3976 4949 4053 4991 τις

2477 5030 2641 5083 αὑτοῦ
2675 5026 2881 5080 ἐκεῖθεν
2912 5026 3005 5078 καὶ
3034 5023 3259 5094 λαμπρὰ
3292 5023 3573 5092 περιμένει
3618 5020 3920 5085 ἀντίδοσις,
3961 5022 4052 5074 καὶ

2474 5121 2571 5187 τῆς
2596 5117 2761 5185 αὐτῆς
2790 5118 3017 5176 ἐκείνοις
3052 5114 3348 5171 ἀπολαύσει
3385 5111 3806 5182 μακαριότητος.
3854 5112 4050 5163 Πολλοὶ

2476 5211 2532 5264 δὲ
2560 5211 2654 5263 καὶ
2678 5208 2792 5268 νῦν,
2822 5207 2895 5269 ὥς
2928 5200 3111 5273 φασιν.
3147 5206 3202 5260 ὲν
3233 5207 3296 5271 τῇ
3336 5202 3491 5272 Ἀσίᾳ
3526 5200 3630 5254 ὑπὸ
3680 5201 3932 5271 Χριστοῦ
3966 5201 4048 5253 τὸν

2479 5300 2641 5359 καλὸν
2695 5297 2882 5364 ἀγῶνα
2926 5294 3375 5362 διαγωνίζονταιο
3419 5295 3483 5344 σὺ
3513 5291 3567 5343 δὲ
3598 5288 3726 5362 (καὶ
3778 5292 3897 5361 γὰρ
3931 5292 4049 5361 ἥκει

2480 5392 2689 5459 καιρξῐ,
2724 5391 2871 5450 ὅπως
2917 5388 3045 5459 περὶ
3097 5387 3243 5454 ἡμᾶς
3284 5384 3394 5452 ἔχει
3418 5384 3503 5436 τὸν
3541 5383 3669 5449 έέλδν
3706 5384 4044 5451 φυήσεσθαι

2480 5484 2827 5549 Βονιφάτιον)
2887 5480 3020 5547 πρὸς
3072 5478 3243 5531 ταῦτά
3303 5494 3390 5546 μοι
3444 5472 3931 5543 καθυπούργησον,
3963 5475 4045 5523 καὶ

2481 5574 2685 5647 σπουδῇ
2715 5576 2778 5643 τῇ
2814 5572 2965 5644 πάσῃ
2999 5570 3460 5639 παραγενόμενος,
3494 5567 3598 5619 τῶν
3638 5568 3813 5635 ἁγίων
3844 5569 4043 5619 τούτων

2477 5666 2745 5734 λειψάνων
2796 5666 3021 5733 ἀγαγεῖν
3064 5662 3365 5731 ἐπείχθητι,
3417 5662 3490 5723 ὡς
3538 5662 3620 5732 ,ἂν
3641 5661 3880 5731 ἐντίμως
3918 5661 4047 5735 αὐτὰ¹

2481 5758 2866 5828 καταθέμενοι,
2937 5757 3031 5809 καὶ
3088 5758 3261 5827 ἱεροὺς
3316 5754 3795 5825 ἐπιδημησὰμενοι
3844 5752 4036 5812 οἴκους
