4196 6306
179 322 284 386 245

1396 330 1577 388 VITA
1620 330 1680 387 S.
1727 326 2138 390 BONIFACII.

3294 329 3399 391 246

178 439 417 503 φύλακάς
449 455 506 490 τε
540 439 761 503 αὐτοὺς.
784 442 877 494 καὶ
908 442 1157 512 σωτῆρας
1180 442 1470 504 διαπαντὸς
1495 442 1733 511 ἔχοιμεν.

1840 439 2032 501 rimus.
2062 450 2115 495 et
2141 456 2323 496 sacras
2350 440 2497 495 {edes
2522 440 2603 495 eis
2632 441 3101 505 mdiﬁcaverimus,
3139 458 3233 497 eos
3259 460 3403 497 scm-

179 528 359 581 Ἰἀῦτα
383 530 520 597 πρὸς
553 530 717 585 αὐτὸν
744 534 1019 602 εἰρηκυῖα,
1049 534 1171 587 ἐπεὶ
1200 534 1336 604 πρὸς
1363 535 1554 587 ἑκόντα
1587 533 1737 600 ἔλεγε

178 618 270 671 καὶ
320 619 596 689 πρόθυμον
636 622 734 691 τὴν
792 623 1116 691 ὑπηρεσίαν,
1181 626 1406 695 χρυσίον
1442 625 1737 694 ἐγχειρίζει

180 706 363 775 συχνόν
384 724 395 737 ·
421 709 541 761 οὐδὲ
578 710 684 780 γὰρ
712 711 836 779 ἐξῆν
864 712 1117 780 λείψανόν
1138 731 1190 766 τι
1231 715 1506 784 μάρτυρος
1540 718 1738 784 προῖκα

176 800 374 863 λαϐεῖν,
410 802 541 854 ἀλλὰ
587 804 645 857 τὸ
704 805 835 856 πολὺ
885 807 991 858 τῶν
1023 809 1363 875 Χριστιανῶν
1418 810 1545 877 περί⁵
1599 809 1737 859 αὐτὰ

179 894 394 963 φίλτρον
450 896 718 964 πορισμοῦ
775 901 884 960 τοῖς
935 899 1157 951 ἀσεϐέσι
1218 901 1490 971 πρόφασις
1519 897 1607 968 ἦν,
1644 903 1737 952 καὶ

180 986 366 1037 πολλοῦ
402 987 535 1054 πρὸς
564 987 805 1051 ἐκείνους
833 991 970 1043 αὐτὰ
1000 993 1264 1061 παρέχειν
1301 994 1498 1045 ἐποίει.
1530 993 1734 1045 Τούτου

175 1076 264 1128 οὐν
289 1076 473 1140 ἕνεκα,
530 1081 721 1147 συχνὸν
743 1082 804 1133 τὸ
833 1084 1069 1151 χρυσίον,
1121 1087 1214 1134 καὶ
1244 1084 1329 1136 ἴνα
1364 1088 1459 1139 καὶ
1511 1087 1739 1156 πένησιν

176 1170 253 1229 εἰς
295 1170 555 1239 διανομὴν
622 1172 851 1242 ἀρκέσῃ.
890 1176 1279 1244 Συνεκπέμπει
1327 1177 1383 1229 δὲ
1428 1179 1524 1231 καὶ
1558 1181 1741 1244 ἱππεῖς

175 1257 394 1318 δώδεκα.
434 1261 580 1329 μύρα
604 1279 660 1313 τε
692 1265 785 1314 καὶ
819 1265 1062 1326 σινδόνας
1092 1269 1186 1318 καὶ
1236 1262 1406 1320 τᾶλλα
1440 1271 1539 1322 ὅσα
1570 1290 1738 1341 προσ-

173 1350 301 1414 ῆκον
356 1351 437 1411 είς
491 1352 655 1421 τιμὴν
686 1354 798 1415 τοῖς
831 1355 1028 1420 ἁγίοις.
1068 1355 1230 1407 Ἀλλὰ
1262 1362 1588 1427 προσεκτέον
1613 1378 1626 1391 ο
1656 1365 1739 1413 ἐν·-

172 1440 345 1492 ταῦθα
382 1442 483 1512 γὰρ
522 1445 728 1513 ἥκομεν
752 1446 878 1499 ἔνθα
914 1448 1010 1501 καὶ
1037 1450 1097 1500 τὸ
1146 1450 1238 1502 τοῦ
1273 1451 1610 1521 διηγήματος
1644 1472 1738 1524 χα-

175 1548 473 1598 ριεστατον.

241 1712 291 1765 Δ,
359 1713 445 1764 Ὠ,
479 1715 500 1730 ..
734 1719 780 1746 _.
829 1738 849 1749 ρ
1396 1727 1408 1741 ,
1569 1726 1590 1743 .

297 1753 311 1766 .
421 1753 443 1773 .,
475 1717 578 1784 ηδη
622 1735 848 1787 πορεια,
907 1720 1130 1789 ἔμελλεν
1158 1724 1184 1775 ὁ
1216 1726 1530 1791 Βονιφατιος
1561 1744 1731 1779 απτε-

175 1806 316 1869 σθαι,
358 1804 537 1867 εὐθὺς,
569 1805 759 1876 ὥσπερ
790 1808 892 1860 ὑπὸ
915 1810 1181 1880 γραμμῆς
1228 1814 1328 1881 τὴν
1358 1815 1551 1865 ἑαυτοῦ
1577 1814 1733 1882 νίκην

172 1896 265 1946 καὶ
311 1896 400 1947 τὸν
433 1897 695 1963 στέφανον
744 1903 1169 1969 προσημαίνων,·
1198 1904 1256 1955 Εἰ
1285 1903 1339 1956 δέ
1362 1922 1499 1968 πως,
1531 1906 1656 1976 ἔφη,
1689 1904 1733 1958 ὦ

167 1987 442 2049 δέσποινα,
472 1992 677 2058 ταύτης
719 1993 816 2060 μὲν
868 1994 1189 2063 διαμαρτεῖν
1221 1999 1319 2066 τῆς
1347 1998 1731 2068 ἐγχειρήσεως,

169 2077 421 2147 δεύτερος
450 2080 527 2143 δὲ,
565 2082 591 2134 ὅ
618 2101 774 2151 φασι,
812 2085 981 2148 πλοῦς
1016 2089 1073 2140 τὸ
1099 2090 1230 2158 ἐμόν
1266 2107 1347 2143 σοι
1382 2091 1539 2160 σῶμα
1574 2109 1736 2162 προσ-

170 2170 446 2239 ανεχθείη.
477 2174 583 2241 ἄρα
613 2191 694 2227 σοι
731 2177 796 2228 ἂν
824 2177 980 2231 τοῦτο
1030 2181 1247 2250 μέτριον
1289 2182 1372 2251 εἴη
1408 2184 1501 2235 τοῦ
1532 2184 1734 2237 σκοποῦ

175 2260 538 2329 παραμύθιον,
594 2264 686 2315 καὶ
722 2269 885 2334 τιμῆς
924 2268 1070 2331 ἄξιον
1100 2272 1247 2336 παρὰ
1277 2270 1368 2329 σοῦ
1412 2275 1732 2341 νομισθείη;

172 2348 283 2398 Καὶ
317 2349 484 2401 ταῦτα
520 2353 617 2417 μὲν
642 2352 770 2413 ῐσως
815 2357 1020 2417 ἐκεῖνος
1062 2358 1271 2420 παίζων
1324 2362 1460 2428 πρὸς
1501 2364 1597 2430 τὴν
1647 2365 1735 2417 δέ-

172 2452 397 2488 σποιναν
435 2438 465 2505 ἢ
502 2440 851 2503 σπουδάζων
896 2444 923 2493 ὁ
965 2444 1019 2495 δὲ
1051 2445 1183 2507 Θεὸς
1229 2447 1290 2499 τὸ
1326 2448 1517 2516 μέλλον
1550 2450 1735 2523 ὥσπερ

164 2527 256 2577 δὴ
287 2527 383 2593 τῆς
443 2528 651 2580 ἐκείνου
706 2533 1081 2604 προηγόρευσε
1133 2538 1398 2608 γλώττης,
1443 2543 1507 2593 Ἦ
1555 2545 1737 2611 μέντοι

183 2617 401 2684 Ἀγλαΐς
424 2637 436 2648 ·
472 2623 548 2678 Ub
576 2624 786 2693 καιρὸς,
842 2626 966 2697 ἔφη,
1018 2629 1322 2696 Βονιφάτιε,
1381 2634 1595 2696 παιδιᾶς
1620 2638 1739 2689 οὐδὲ

169 2711 351 2777 λύγων
410 2713 688 2781 τοιούτων,
733 2712 807 2769 ὧν
860 2720 1237 2789 ἀποσχόμενον
1296 2724 1538 2788 εὐλαϐῶς
1597 2727 1739 2797 ἔχειν

171 2802 553 2871 προτρέπομαι
626 2806 721 2856 καὶ
781 2808 1056 2873 κοσμίως,
1127 2812 1248 2863 ἐπεὶ
1316 2816 1407 2867 καὶ
1480 2818 1739 2883 τοιούτοις

169 2894 467 2960 ὑπηρετεῖν
500 2895 734 2963 μέλλεις,
769 2890 842 2949 ὦν
866 2900 1032 2967 ἡμᾶς,
1068 2900 1142 2970 μὴ
1172 2903 1250 2954 ὅτι
1283 2920 1343 2970 γε
1372 2906 1585 2972 ψαύειν,
1608 2911 1742 2965 ἀλλὰ

168 2984 269 3043 καὶ
302 2984 521 3052 βλέπειν
578 2989 702 3051 τοὺς
756 2990 1009 3054 ἀναξίους
1068 2994 1368 3064 πάντολμον
1418 3000 1510 3051 καὶ
1544 3000 1739 3068 θρασύ.

1844 546 1940 599 per
1975 532 2272 586 habeamus
2305 534 2566 587 custodes
2592 542 2649 587 et
2676 545 3005 589 servatores.
3044 536 3168 588 H.ec
3196 553 3320 591 cum
3351 536 3403 590 ei

1842 622 2091 685 dixisset,
2122 633 2178 677 et
2208 639 2264 677 se
2288 624 2523 677 libenter
2552 625 2603 677 id
2639 624 3006 679 ministerium
3040 635 3402 695 promptoque

1840 724 1895 767 et
1920 715 2085 767 alacri
2107 715 2293 769 animo
2320 716 2599 769 obiturum
2622 716 2972 779 ostendisset,
3003 719 3165 771 tradit
3199 719 3245 771 ei
3268 720 3405 771 mul-

1843 802 1953 857 tum
1986 806 2126 860 auri.
2162 804 2349 874 Neque
2382 808 2528 860 enim
2554 808 2751 861 licebat
2782 809 2948 877 gratis
2976 810 3229 876 accipere
3267 811 3405 863 ullas

1840 906 2140 966 martyrum
2177 899 2460 966 reliquias,
2490 899 2584 951 sed
2622 899 3066 953 Christianorqu
3098 918 3324 969 magnus
3353 903 3406 954 in

1839 1001 1929 1040 cas
1956 1003 2127 1049 amor,
2161 998 2279 1041 erat
2304 988 2486 1056 impiis
2514 1004 2676 1042 causa
2709 991 2870 1053 lucri,
2915 1002 2968 1043 et
3020 992 3291 1044 alliciebat
3350 1004 3409 1044 ut

1840 1079 2058 1132 nonnisi
2092 1080 2273 1146 magni
2328 1095 2422 1133 eas
2456 1090 2667 1148 emptas
2696 1081 3023 1149 praeberent.
3054 1082 3128 1135 Ea
3157 1083 3222 1135 de
3245 1100 3408 1137 causa

1843 1169 2009 1223 mittil
2038 1170 2264 1223 multum
2289 1170 2433 1232 auri,
2461 1181 2516 1223 et
2550 1181 2609 1224 ut
2641 1173 2802 1225 etiam
2840 1173 3086 1235 haberet,
3118 1176 3261 1241 quod
3294 1177 3406 1228 dis—

1843 1261 2110 1315 tribueret
2136 1264 2487 1332 pauperibus.
2519 1262 2687 1316 Mittit
2740 1275 2921 1316 autem
2951 1279 3073 1316 cum
3109 1281 3174 1318 eo
3234 1281 3408 1334 equos

1840 1368 2057 1422 quoque
2087 1354 2399 1417 duodecim,
2435 1364 2489 1408 et
2532 1364 2905 1423 unguentum,
2934 1365 2990 1408 et
3049 1356 3331 1421 sindonas,
3355 1369 3411 1411 et

1840 1462 2180 1516 quzecunque
2208 1447 2309 1500 alia
2335 1448 2457 1500 usui
2486 1456 2645 1500 erant
2676 1446 2742 1499 ad
2776 1447 3125 1501 honorandos
3164 1458 3404 1502 sanctos.

1843 1537 1950 1593 Sed
1983 1547 2068 1592 cst
2092 1538 2483 1592 attendendum
2512 1555 2526 1603 ;
2560 1538 2667 1592 huc
2698 1538 2844 1592 enim
2887 1539 3155 1603 venimus,
3198 1539 3289 1593 ubi
3324 1550 3408 1594 est

1840 1632 2086 1689 narratio
2108 1632 2525 1703 jucundissima.

1909 1725 1995 1779 Ν.
2025 1724 2158 1779 Cum
2183 1727 2292 1794 jam
2333 1723 2645 1777 Bonifacius
2706 1734 2852 1778 esset
2898 1724 3000 1778 iter
3041 1724 3403 1793 ingressurus,

1835 1817 2015 1870 statim
2048 1818 2202 1883 quasi
2252 1817 2511 1884 graphice
2551 1817 2836 1870 victoriam
2868 1831 3019 1869 suam
3052 1825 3108 1869 et
3141 1831 3402 1869 coronam

1834 1902 2297 1973 praesignificans:
2334 1899 2389 1958 Si
2416 1902 2573 1967 forte,
2609 1905 2807 1971 inquit,
2830 1903 3115 1961 odoniina,
3145 1903 3407 1971 quemad-

1836 1996 2057 2050 modum
2088 1994 2376 2063 eontingit,
2412 2003 2469 2046 ut
2497 1995 2597 2047 hoc
2623 1995 2842 2062 quidem
2870 2002 3051 2061 empto
3087 1993 3403 2047 frustreris:

1836 2085 2075 2141 secunda
2127 2100 2282 2146 vero,
2339 2090 2397 2136 ut
2426 2084 2604 2155 aiunt,
2658 2082 2952 2152 navigatio,
3003 2097 3184 2134 meum
3238 2081 3303 2135 ad
3354 2091 3405 2136 te

1836 2190 2035 2245 corpus
2088 2174 2321 2230 alIerat:
2383 2173 2621 2232 fueritne
2691 2174 2795 2227 hoc
2850 2173 2947 2226 tibi
2996 2173 3272 2226 mediocre
3332 2175 3407 2227 tui

1838 2267 2071 2321 instituti
2102 2282 2165 2320 ac
2204 2266 2352 2335 scopi
2404 2266 2684 2325 solatium,
2731 2274 2785 2318 et
2832 2264 2974 2332 apud
3010 2272 3059 2317 te
3099 2263 3409 2319 habendum

1838 2358 1892 2409 in
1949 2357 2198 2409 honore?
2245 2356 2313 2409 Et
2362 2356 2476 2409 haec
2528 2356 2750 2423 quidem
2808 2355 2897 2408 ille
2951 2356 3181 2407 fortasse
3242 2356 3411 2423 magis

1836 2449 2033 2502 ludens
2072 2446 2214 2513 apud
2263 2446 2559 2508 dominam,
2607 2461 2768 2513 quam
2810 2461 2977 2513 agens
3011 2448 3162 2516 serio
3197 2464 3208 2497 :
3264 2448 3408 2500 Deus

1837 2546 2016 2590 autem
2045 2536 2119 2594 id,
2167 2533 2311 2601 quod
2358 2543 2477 2586 erat
2522 2544 2789 2592 iuturum,
2839 2534 3087 2602 praidixit
3136 2550 3232 2602 per
3265 2536 3409 2591 illius

1839 2631 2098 2699 linguam.
2130 2629 2311 2696 Aglais
2346 2641 2475 2681 vero
2505 2643 2519 2679 :
2548 2626 2667 2679 Non
2712 2635 2817 2691 est,
2845 2641 2875 2679 ο
2909 2625 3170 2688 Bonifaci,
3209 2628 3407 2695 inquit,

1842 2732 2054 2789 tempus
2103 2719 2345 2782 ludendi,
2395 2732 2571 2786 neque
2603 2718 2799 2771 borum
2850 2718 3165 2781 verborum,
3226 2720 3407 2787 aqui-

1840 2814 1941 2867 bus
1967 2813 2331 2867 abstineutcm
2359 2811 2549 2880 jubeo,
2583 2821 2641 2863 ut
2674 2810 2761 2877 pic
2789 2817 2843 2862 et
2887 2810 3114 2863 honeste
3146 2819 3198 2862 te
3228 2825 3404 2878 geras.

1841 2909 1972 2962 Nam
2018 2907 2085 2961 iis
2129 2922 2190 2961 es
2224 2907 2611 2968 inserviturus,
2656 2920 2777 2973 quae
2817 2918 2920 2957 nos
2947 2919 3053 2958 non
3083 2904 3257 2958 solum
3290 2913 3407 2958 tan-

1840 3015 1988 3068 gere,
2050 2999 2143 3051 sed
2203 3000 2366 3050 etiam
2421 2997 2669 3065 aspicere
2728 2997 3017 3066 indignos,
3081 2997 3261 3050 nimia:
3323 3007 3408 3051 est

166 3076 396 3140 Τούτοις
424 3080 736 3150 ἀρκούντως
773 3085 1145 3155 ἐπιτιμήσασα
1180 3090 1272 3140 καὶ
1310 3091 1738 3160 ἐντρέψασαμαῖ

1848 3088 2087 3144 audacia:
2121 3097 2174 3140 et
2206 3088 2547 3141 temeritatis.
2582 3086 2717 3139 Cum
2757 3088 2843 3141 his
2880 3088 3010 3140 satis
3045 3088 3405 3156 increpasset,

163 3169 363 3238 ὥσπερ
394 3173 512 3223 ἀντὶ
543 3174 760 3235 παιδιᾶς
794 3176 1025 3244 ἀκαίρου
1063 3181 1143 3241 είς
1197 3182 1360 3248 φόϐον
1387 3183 1606 3252 εὐλογον
1634 3186 1731 3256 τὴν

165 3262 383 3311 ἐκείνου
405 3262 580 3332 ψυχὴν
600 3266 1013 3333 καταστήσασα,
1048 3262 1167 3322 εἶτα
1196 3273 1311 3335 καὶ,
1330 3272 1389 3323 '0
1407 3273 1559 3337 Θεὸς,
1579 3274 1730 3331 ἐπει-

164 3350 371 3413 ποῦσα,
404 3354 430 3402 ὁ
455 3350 521 3402 δι’
558 3348 701 3420 ἡμᾶς
743 3355 959 3427 μορφὴν
981 3358 1166 3412 δούλου
1204 3361 1379 3414 λαὸὼν
1405 3361 1499 3416 καὶ
1525 3365 1582 3417 τὸ
1606 3367 1732 3418 ἑαυ-

162 3446 264 3496 τοῦ
292 3438 429 3511 αἷμα
471 3445 686 3513 ἐκχέας,
735 3449 898 3511 αὐτὸς
928 3450 1148 3521 παρίδοι
1187 3453 1257 3507 τὰ
1283 3456 1597 3526 πταίσματά
1632 3476 1732 3527 μου

164 3533 266 3583 καὶ
319 3533 606 3588 ἀποστελεῖ
654 3539 745 3590 τὸν
799 3539 1030 3607 ἄγγελον
1060 3542 1225 3597 αὐτοῦ
1280 3544 1587 3615 ἔμπροσθέν
1615 3566 1730 3615 σου,

165 3624 265 3675 καὶ
291 3625 612 3678 καθευθυνεῖ
645 3629 710 3683 τὰ
745 3630 1057 3699 διαδήματα
1082 3649 1175 3684 σου
1197 3650 1209 3663 ·
1243 3636 1378 3704 πρὸς
1398 3637 1607 3700 τούτοις
1641 3641 1735 3693 καὶ⁸

162 3715 352 3778 δεξιὰν
380 3718 526 3785 αὐτῷ
564 3721 662 3790 τὴν
696 3721 953 3776 ἐπάνοδον
976 3724 1246 3794 εὐξαμένη
1299 3728 1596 3795 ἐξέπεμψε.
1633 3731 1734 3783 Τὸν

161 3806 225 3856 δὲ
256 3806 570 3873 Βονιφάτιον
601 3808 817 3880 ὤνησαν
852 3815 948 3881 μὲν
973 3814 1033 3866 οὐ
1067 3817 1300 3884 μετρίως
1330 3835 1389 3870 τε
1430 3821 1526 3873 καλ⁸
1560 3823 1607 3873 oi
1636 3821 1735 3891 τῆς

161 3896 458 3969 δεσποίνης
491 3900 662 3967 λόγοι,
689 3905 782 3956 καὶ
832 3904 969 3974 πρὸς
1004 3906 1073 3959 τὰ
1105 3907 1222 3962 θεῖά
1250 3926 1309 3962 τε
1340 3912 1432 3963 καὶ
1467 3911 1736 3982 σεδάσμια

163 3990 396 4058 περιδεῆ
433 3992 794 4060 κατέστησαν,
827 3995 949 4047 ὅθεν
986 3996 1107 4049 οὔτε
1147 3998 1323 4066 κρεῶν
1361 4000 1564 4068 ἥπτετο
1597 4002 1738 4056 κατὰ

162 4082 272 4149 τὴν
306 4082 552 4151 πορείαν,
579 4082 701 4135 οὗτε
736 4083 843 4151 μὴν
873 4088 1001 4154 οἴνῳ
1028 4088 1224 4157 ἐχρῆτο
1247 4105 1262 4119 ο
1294 4090 1465 4160 εἰσῄει
1496 4093 1551 4144 δὲ
1575 4094 1737 4146 αὐτὸν

166 4176 273 4227 καὶ
308 4174 586 4243 λογισμὸς,
638 4175 823 4246 ὥσπερ
879 4179 1225 4249 παιδαγωγὸς
1270 4182 1494 4251 ἀγαθὸς,
1525 4184 1736 4255 ὅτιπερ,

166 4260 281 4319 Οἷα
310 4266 533 4334 δράσας,
575 4264 662 4319 οἷα
718 4270 899 4337 μέλλω
928 4274 1113 4340 χερσὶν
1156 4275 1408 4341 ἀνάγνοις
1444 4280 1738 4345 μετακομί-

164 4358 323 4421 (sui;
358 4357 556 4427 Καὶτῷ
590 4360 697 4412 δέει
718 4361 894 4428 τούτῳ
921 4361 1103 4432 ἡρέμα
1124 4381 1175 4415 τι
1198 4366 1295 4432 τῆς
1330 4368 1468 4437 πρὸς
1499 4369 1557 4419 τὸ
1580 4369 1738 4437 σῶμα

1833 3192 1889 3238 et
1936 3168 2141 3249 pudore
2176 3178 2466 3240 all‘ecisset,
2510 3186 2565 3231 et
2598 3193 2694 3245 pro
2740 3177 2869 3235 ludo
2908 3178 3295 3245 intempestivo
3338 3180 3406 3231 ad

1829 3277 2036 3346 justum
2067 3283 2122 3326 et
2164 3270 2360 3323 rationi
2401 3280 2826 3322 consentaneum
2860 3280 3062 3322 metum
3094 3268 3245 3322 illius
3286 3268 3407 3322 auio

1835 3380 1976 3418 mam
2012 3362 2345 3416 traduxisset
2374 3370 2428 3413 et
2456 3360 2680 3413 dixisset
2710 3377 2722 3411 :
2763 3360 2925 3422 Deus,
2961 3361 3052 3427 qui
3107 3361 3248 3412 servi
3293 3360 3406 3413 for-

1834 3472 1977 3510 mam
2008 3465 2227 3524 propter
2252 3466 2351 3505 nos
2380 3450 2598 3519 accipit,
2642 3461 2697 3505 et
2740 3465 2898 3503 suum
2940 3449 3139 3506 eﬂudit
3179 3452 3405 3520 sangui-

1835 3562 1983 3610 nem,
2015 3545 2128 3612 ipse
2156 3542 2222 3595 ad
2253 3557 2370 3594 mea
2400 3556 2509 3594 non
2559 3542 2789 3608 aspiciat
2845 3541 3065 3603 delicta,
3124 3550 3179 3596 et
3230 3544 3409 3598 mittat

1837 3637 2088 3706 angelum
2145 3650 2303 3689 suum
2336 3645 2462 3687 ante
2512 3641 2586 3692 te.
2638 3641 2694 3685 et
2740 3632 2941 3700 dirigat
2987 3648 3207 3701 gressus
3261 3644 3404 3690 tuos.

1840 3729 2046 3783 Deinde
2092 3727 2328 3779 faustum
2369 3728 2417 3778 ei
2468 3732 2684 3792 precata
2726 3722 2982 3786 reditum,
3009 3739 3133 3777 eum
3177 3725 3401 3778 emittit.

1839 3819 2113 3873 Bonifacio
2166 3831 2297 3869 vero
2345 3831 2453 3869 non
2506 3814 2860 3867 mediocriter
2908 3815 3131 3880 quidem
3187 3814 3408 3883 profue-

1839 3923 1969 3966 runt
1998 3911 2162 3964 verba
2193 3909 2447 3969 domiuaz,
2478 3915 2534 3960 et
2561 3913 2621 3959 ut
2656 3920 2742 3958 res
2771 3904 2986 3957 divinas
3027 3915 3082 3959 et
3118 3907 3407 3975 religiosas

1839 4008 2202 4061 revereretur,
2254 3997 2577 4050 effecerunt.
2634 3995 2771 4049 Hinc
2840 3996 3042 4049 factum
3104 4006 3299 4051 est'ut
3351 3999 3407 4052 in

1841 4092 2038 4147 itinere
2085 4103 2189 4143 nec
2242 4100 2436 4141 carnes
2482 4095 2751 4152 tangeret,
2811 4100 2913 4137 nec
2960 4087 3085 4137 vino
3136 4097 3404 4140 uteretur.

1842 4162 2070 4237 Subibat
2122 4189 2301 4233 autem
2349 4178 2467 4248 ejus
2533 4190 2753 4245 quoque
2811 4186 3050 4231 mentem
3125 4177 3406 4247 cogitatio,

1842 4272 2008 4325 veluti
2060 4270 2281 4340 quidam
2338 4268 2519 4322 bonus
2568 4268 2893 4337 ptedagogus
2960 4284 2973 4321 :
3022 4269 3212 4334 Qualia
3282 4282 3409 4324 sunt

1843 4378 1963 4431 quae
1995 4361 2120 4424 feci,
2180 4370 2233 4413 et
2264 4359 2443 4427 qualia
2480 4373 2600 4410 sum
2647 4358 2877 4425 impuris
2924 4359 3177 4413 manibus
3221 4372 3409 4428 porta-

164 4449 557 4517 προσπαθείας
609 4449 1004 4524 κατωλιγώρει,
1066 4454 1158 4506 καὶ
1220 4454 1395 4524 ἐαυτῷ
1450 4459 1736 4529 προσέχειν

1845 4453 2030 4507 turus?
2081 4453 2307 4518 Propter
2348 4449 2496 4502 hunc
2531 4460 2659 4501 vero
2707 4459 2935 4513 metum,
2984 4450 3187 4504 sensim
3234 4452 3411 4521 negli-

162 4541 454 4594 ἐπείθετο·
484 4542 643 4611 φόϐος
673 4542 773 4612 μὲν
799 4544 907 4613 γὰρ
934 4545 1117 4616 πατὴρ
1140 4547 1414 4617 προσοχῆς
1437 4564 1450 4579 ο
1488 4550 1520 4619 ἡ
1553 4550 1607 4601 δὲ
1639 4566 1740 4616 γα-

162 4633 344 4702 λήνης
376 4635 561 4704 μήτηρ
610 4636 703 4687 καὶ
732 4638 1140 4703 καταστάσεως,
1177 4639 1321 4711 αὕτη
1350 4640 1406 4693 δὲ
1430 4642 1527 4710 τὴν
1560 4642 1740 4694 συναί-

163 4724 391 4790 σθησιν,
440 4725 627 4795 ὥσπερ
656 4728 713 4783 ἐν
738 4727 995 4799 ἀταράχῳ
1026 4730 1134 4782 τινὶ
1158 4732 1253 4784 καὶ⁵
1305 4732 1530 4802 καθαρῷ
1561 4733 1737 4795 ὕδατι,

160 4815 241 4867 τὰ
271 4815 439 4883 αὐτῆς
469 4814 630 4885 αἴσχη
674 4818 983 4872 διαὸλέπειν
1025 4823 1171 4873 ποιεῖ
1248 4823 1340 4874 καὶ
1375 4823 1548 4885 οὕτως
1575 4824 1739 4891 ἀρχαὶ

162 4906 271 4958 καὶ
309 4905 452 4975 ῥίζαι
474 4906 569 4974 τῆς
605 4911 894 4975 μετανοίας
925 4912 1172 4977 φύονται,
1204 4912 1243 4983 ἢ
1275 4914 1337 4983 δὴ
1368 4915 1487 4967 τότε
1521 4915 1616 4970 καὶ
1640 4916 1739 4967 Βο-

162 4996 422 5062 νιφάτιογ
453 4997 627 5059 καλῶς
662 5001 995 5070 συνειλήφει,
1022 5003 1118 5055 καὶ
1146 5004 1247 5075 ήδη
1280 5005 1415 5075 πρὸς
1447 5006 1564 5074 βίου
1587 5008 1743 5078 ἀκρί-

159 5086 332 5139 δειαν
383 5089 660 5143 ἀπονεύων
716 5094 948 5161 φανερὸς
986 5090 1074 5164 ἦν,
1112 5098 1210 5163 τῆς
1269 5097 1366 5165 μὲν
1430 5101 1741 5168 παχυτέρας

159 5178 382 5245 ταύτης
412 5183 504 5232 καὶ
526 5183 781 5252 περιττῆς
806 5190 1030 5256 τροφῆς,
1050 5188 1237 5258 ὥσπερ
1277 5190 1505 5259 ἔφημεν,
1545 5193 1741 5259 ἀπεχός

162 5287 361 5341 μενος,
394 5272 557 5341 εὐχῆς
580 5274 636 5326 δὲ
676 5275 1015 5329 ἀδιαλείπτου
1058 5278 1152 5333 καὶ
1173 5282 1426 5350 νηστείας
1473 5285 1611 5337 κατὰ
1645 5284 1742 5353 τὴν

158 5362 409 5434 πορείαν
436 5363 711 5432 ἐχόμενος.

243 5624 321 5677 Ε¹.
371 5624 523 5676 Ἐπεὶ
575 5624 627 5678 δὲ
683 5626 774 5679 καὶ
808 5628 1003 5690 ἐπιϐὰς
1065 5630 1160 5698 τῆς
1218 5631 1400 5695 Ἀσίας
1452 5633 1591 5688 κατᾶ
1644 5635 1741 5706 τὴν

160 5717 529 5789 ὑμνουμένην
582 5718 676 5789 τῆς
714 5719 962 5785 Κιλικίας
995 5718 1206 5792 Ταρσὸν
1251 5724 1483 5793 ἐγένετο,
1516 5724 1643 5779 ἔνθα
1675 5727 1737 5798 δὴ

1841 4543 2000 4614 gebat
2029 4542 2315 4611 pristinam
2344 4554 2497 4593 suam
2527 4539 2582 4591 in
2615 4554 2816 4607 corpus
2846 4539 3217 4603 aﬂ‘ectionem,
3247 4552 3303 4595 et
3347 4552 3408 4595 ut

1840 4637 1943 4690 sibi
1997 4633 2340 4695 attenderet,
2406 4630 2511 4683 sibi
2573 4631 2958 4698 persuadebat.
3020 4632 3153 4685 Nam
3230 4644 3410 4687 metus

1841 4728 2060 4796 quidem
2088 4735 2171 4780 est
2197 4733 2369 4778 mater
2394 4722 2801 4791 tranquillitatis
2837 4732 2892 4776 et
2923 4723 3161 4789 quietis;
3190 4741 3250 4777 ea
3281 4741 3411 4779 vero

1842 4819 1982 4889 parit
2009 4818 2421 4879 conscientiam,
2451 4830 2572 4883 quae
2621 4814 2771 4875 facit,
2817 4824 2875 4866 ut
2925 4814 3107 4867 anima
3153 4825 3411 4884 tanquam

1844 4912 1895 4965 in
1930 4926 2063 4978 pura
2092 4910 2268 4976 aliqua
2301 4917 2356 4960 et.
2394 4922 2501 4959 non
2550 4906 2765 4969 turbata
2798 4921 2961 4974 aqua,
2997 4922 3094 4959 sua
3128 4908 3411 4962 intueatur

1843 5002 2107 5056 dedecora
2146 5015 2161 5053 :
2211 5009 2267 5053 et
2325 4998 2404 5052 sic
2454 5006 2761 5055 nascuntur
2806 4998 3072 5065 principia
3117 5007 3171 5050 et
3204 5000 3412 5054 radices

1843 5093 2193 5162 paruitentiae.
2248 5092 2366 5145 Jam
2421 5100 2552 5143 tunc
2602 5099 2784 5142 autem
2823 5090 3048 5155 pulchre
3087 5102 3411 5157 conceperat

1844 5185 2174 5244 Benil'acius,
2207 5192 2261 5236 et
2290 5184 2397 5253 jam
2435 5190 2623 5249 aperte
2654 5181 3000 5241 ostendebat,
3034 5196 3090 5234 se
3144 5183 3411 5235 inclinare

1844 5275 1909 5328 ad
1941 5277 2103 5329 vitam
2133 5273 2427 5341 perfectam
2456 5283 2511 5324 et
2546 5279 2879 5331 accuratam,
2918 5281 2977 5324 ut
3009 5272 3101 5338 qui
3144 5288 3172 5323 a
3205 5274 3407 5326 crassis

1844 5366 2062 5433 quidem
2117 5375 2171 5417 et
2217 5362 2657 5433 supervacaneis,
2710 5371 2768 5415 ut
2813 5360 3072 5418 diximus.
3106 5363 3403 5417 abstineret

1845 5455 2140 5517 alimentis,
2194 5454 2426 5510 assiduis
2458 5469 2589 5508 vero
2617 5455 2875 5523 precibus
2905 5464 2960 5507 et
2987 5454 3211 5523 jejuniis
3245 5470 3412 5507 vaca-

1845 5557 1926 5600 ret
1956 5546 2006 5599 in
2036 5545 2255 5599 itinere.

1916 5640 1977 5696 ν.
2023 5639 2311 5707 Postquam
2345 5646 2529 5692 autem
2571 5636 2905 5694 ascendisset
2932 5637 2983 5692 in
3016 5638 3222 5709 Asiam,
3252 5650 3305 5695 et
3348 5643 3414 5699 ad

1845 5729 2174 5787 celebratam
2208 5729 2262 5783 in
2311 5728 2497 5785 Cilicia
2552 5727 2893 5798 pervenisset
2926 5728 3184 5797 Tarsum,
3215 5746 3325 5800 quo
3355 5729 3414 5787 in
