4196 6306
772 357 881 419 235

2082 360 2363 420 MENSIS
2411 361 2675 422 MAlUS.

3908 356 4011 419 236

772 486 948 524 meum
984 477 1181 540 pnesto
1209 475 1293 523 est
1322 481 1335 521 :
1371 475 1689 538 potestatem
1724 472 1927 526 habes:
1963 486 2143 540 qumso
2177 469 2343 524 facias

2456 464 2652 541 ροῦμεν
2682 469 2789 540 γὰρ
2818 466 3132 535 πλειστάκις
3166 470 3693 544 λαμπροφορουντάς
3717 486 3891 534 τινας,
3919 468 4023 521 ῶσ-

773 560 1034 630 quidquid
1101 561 1203 613 vis.
1268 557 1598 616 Videbamus
1640 563 1780 616 enim
1835 566 2028 630 saepius
2082 564 2339 633 quosdam

772 666 923 709 veste
971 653 1250 721 splendida
1310 663 1530 709 ornatos
1588 657 1811 720 milites,
1842 658 2084 725 aliosque
2121 658 2342 709 urbanis

770 747 922 807 viris,
975 747 1109 799 alios
1154 745 1321 799 Medis
1362 746 1684 814 quibusdam
1728 749 1933 801 similes
1993 763 2111 801 esse
2155 762 2341 801 cense-

772 840 984 902 batnus,
1020 838 1109 907 qui
1154 855 1254 892 una
1290 855 1409 893 eum
1444 841 1559 907 ipso
1586 839 1966 902 versabantur,
2000 839 2194 909 quique
2225 839 2342 909 ejus

772 930 993 982 vulnera
1024 931 1311 995 curabant,
1348 942 1401 984 et
1437 931 1725 998 diligenter
1760 932 2164 1000 abstergebant,
2208 930 2345 983 mul-

780 1024 953 1089 lisque
986 1022 1202 1075 cibariis
1237 1021 1554 1091 propositis,
1585 1037 1685 1073 una
1713 1036 1836 1075 eum
1870 1036 1933 1075 eo
1964 1020 2341 1076 vescebantur.

780 1113 903 1166 Haec
938 1113 1118 1165 omnia
1180 1114 1451 1176 homines,
1514 1114 1603 1182 qui
1658 1129 1721 1167 ex
1783 1115 1917 1167 urbe
1952 1112 2212 1167 Perintho
2242 1128 2343 1167 una

776 1222 898 1258 eum
928 1222 991 1260 eo
1029 1206 1193 1259 vincti
1230 1207 1376 1259 ducti
1413 1216 1559 1270 sunt,
1593 1216 1702 1260 tum
1742 1207 1793 1260 in
1827 1208 1932 1270 via,
1965 1216 2073 1260 tum
2113 1207 2196 1261 hic
2221 1222 2343 1261 eum

776 1298 971 1365 sa‘pius
1017 1298 1301 1363 vidissent,
1333 1299 1463 1352 mihi
1496 1298 1794 1352 retulerunt
1835 1314 1850 1353 :
1883 1298 1956 1351 ita
1992 1308 2050 1351 ιιι
2073 1312 2192 1368 ego,
2225 1312 2344 1350 cum

778 1390 908 1456 ipsis
947 1404 1051 1441 non
1086 1390 1390 1454 crederem,
1424 1399 1476 1444 et
1508 1405 1694 1443 verum
1722 1390 1864 1443 scire
1895 1404 2173 1457 cuperem,
2214 1388 2349 1441 meis

777 1481 944 1533 oculis
982 1480 1177 1534 videns
1208 1482 1256 1534 id
1293 1483 1658 1551 cognoverim.
1687 1482 1754 1534 At
1779 1481 1821 1535 si
1848 1481 2064 1549 quando
2105 1488 2346 1548 repente,

790 1584 911 1623 eum
958 1572 1069 1622 haec
1096 1580 1419 1639 spectarem,
1459 1570 1661 1640 ingredi
1689 1572 1753 1623 ad
1786 1586 1909 1624 eum
1947 1569 2255 1635 voluissem,
2296 1578 2351 1623 ct

777 1660 841 1711 ah
870 1661 977 1712 illis
1011 1675 1252 1728 qttznrere
1298 1660 1565 1714 undenam
1602 1660 1728 1713 illuc
1757 1660 1985 1728 ingressi
2017 1670 2221 1724 essent,
2258 1670 2351 1713 aut

778 1752 997 1815 quinam
1037 1750 1214 1803 forent
1267 1752 1363 1816 illi,
1404 1767 1537 1818 quos
1570 1766 1674 1803 una
1728 1766 1849 1806 enm
1904 1751 2018 1820 ipso
2072 1754 2343 1819 vidissem,

773 1843 972 1909 sacpius
996 1844 1057 1897 ad
1081 1858 1201 1896 eum
1236 1843 1528 1908 ingressus,
1562 1856 1734 1910 neque
1764 1858 2086 1911 quemquam
2113 1844 2347 1907 illorum,

780 1949 952 2003 neque
976 1935 1271 2002 quidquam
1301 1948 1328 1986 e
1362 1934 1581 1988 cibariis
1623 1934 1727 1987 illis
1765 1934 2033 1999 videbam,
2067 1936 2160 1988 sed
2204 1938 2348 1989 hunc

2448 576 2552 628 περ
2585 558 2949 629 στρατιώτας,
2986 562 3079 614 καὶ
3117 560 3305 625 ἄλλους
3335 563 3411 625 ὡς
3452 564 3868 633 σχο).αστικοίις,
3926 563 4021 615 καὶ

2446 651 2664 718 ἑτέρους
2689 651 2761 713 ὡς
2795 655 3011 721 ἰατροὺς
3038 649 3175 705 εἶναι
3195 655 3538 722 ἐνομίζομεν,
3565 656 3828 717 συνόντας
3854 653 4023 722 αὐτῷ,

2446 742 2540 795 καὶ
2586 742 3077 813 ἐπιμελουμένους,
3114 748 3208 796 καὶ
3263 746 3338 813 τις)
3398 745 3551 797 ὕδατι
3588 745 4023 806 καταντλοῦντας

2444 833 2515 886 τὰ
2547 834 2839 903 τραύματα
2881 836 3068 898 αὐτοῦ,
3093 836 3206 905 ἅμα
3233 836 3287 887 δὲ
3320 838 3414 887 καὶ
3440 836 3819 897 συνεσθίοντας
3856 837 4021 903 αὐτῷ,

2446 925 2659 977 πολλῶν
2734 926 2955 992 ἀγαθῶν
3027 929 3409 998 προκειμένων
3465 930 3669 993 αὐτοῖς.
3736 928 3926 981 Ταῦτα
3972 929 4024 980 δὲ

2446 1021 2627 1075 πάντα
2688 1022 2784 1074 καὶ
2834 1023 2886 1074 οἱ
2927 1022 3138 1089 δέσμιοι
3168 1023 3274 1075 ἀπὸ
3307 1024 3404 1093 τῆς
3442 1024 3704 1094 Περίνθου
3739 1025 4027 1091 ἐρχόμενοι

2450 1113 2567 1179 μετ’
2599 1110 2762 1163 αὑτοῦ
2818 1111 3019 1173 ἰδόντες
3077 1112 3172 1164 καὶ
3200 1107 3300 1165 ὦδε
3362 1113 3679 1175 πλειστάκις
3712 1112 4025 1181 ἀνήνεγκάν

2452 1219 2563 1271 μοι,
2596 1201 2735 1255 ὥστε
2767 1202 2859 1255 καὶ
2892 1204 2990 1271 ἐμὲ
3025 1205 3223 1273 αὐτοψὶ
3264 1206 3551 1275 ’πεισθῆναι
3601 1206 3673 1275 μὴ
3698 1205 4027 1257 πιστεύοντα

2449 1297 2653 1358 αὐτοῖς.
2698 1297 2760 1348 EE
2801 1313 2929 1348 ποτε
2955 1297 3009 1348 δὲ
3042 1298 3261 1362 ἀνοίξας
3320 1298 3418 1368 τὴν
3471 1300 3711 1365 κατῆναν
3762 1296 4030 1349 εἰσελθεῖν

2449 1386 2783 1455 ἠϐουλήθην,
2834 1388 3117 1454 αἰφνιδίως
3176 1391 3396 1460 θεωρῶν
3425 1390 3617 1453 ταῦτα,
3676 1388 4029 1457 ἐπερωτῆσαι

2450 1479 2645 1539 αὐτοὺς
2691 1479 3000 1548 βουληθεὶς,
3030 1481 3195 1539 πόθεν
3223 1483 3332 1551 ἄρα
3363 1483 3610 1553 εἰσῆλθον
3643 1482 3673 1551 ἢ
3714 1483 3865 1544 τίνες
3892 1480 4030 1533 εἰσὶν

2452 1574 2652 1624 ἐκεῖνοι
2680 1571 2781 1633 οὓς
2813 1571 3042 1623 ἔϐλεπον
3082 1572 3199 1641 μετ’
3230 1574 3416 1635 αὑτοῦ,
3450 1573 3708 1625 εἰσελθὼν
3733 1573 3790 1625 δὲ
3828 1572 4029 1625 πολλά“

2450 1680 2535 1724 κις
2573 1662 2709 1731 πρὸς
2740 1663 2923 1726 αὑτὸν,
2954 1663 3143 1715 οὐδένα
3173 1663 3230 1726 ἐξ
3263 1665 3442 1716 αὐτῶν
3468 1664 3724 1734 εὕρισκον
3766 1666 3889 1717 οὐδὲ
3925 1666 4032 1717 τῶν

2453 1755 2830 1823 προκειμένων
2875 1758 3060 1818 αὐτοῖς
3102 1755 3342 1824 ἀγαθῶν,
3384 1756 3519 1808 ἀλλὰ
3554 1756 3739 1808 τοῦτον
3778 1757 3941 1826 μόνον
3979 1758 4033 1808 ἐν

2378 1817 2424 1874 Β
2452 1817 2519 1874 -.ἓ

2452 1847 2529 1914 τῷ
2564 1847 2702 1915 ξύλῳ
2736 1850 3035 1918 τεταμένον
3072 1850 3369 1918 εὐχόμενόν
3403 1866 3454 1901 τε
3490 1850 3583 1903 καὶ
3625 1849 3918 1915 δοξάζοντα
3948 1849 4034 1900 τὸν

2452 1938 2585 1991 Θεὸν
2620 1940 2805 2003 αὐτοῦ,
2840 1942 2926 1993 ὅτε
2949 1942 3004 1994 δὲ
3031 1944 3123 1995 καὶ
3155 1942 3307 2012 ὕπνῳ
3338 1943 3756 2011 κατακείμενον.

781 2029 951 2079 solum
988 2027 1131 2096 ligno
1164 2026 1461 2096 alligatum,
1494 2040 1679 2094 preces
1703 2028 1768 2079 ad
1802 2028 1969 2079 Deum
2008 2025 2346 2090 fundentem,
2391 2038 2445 2083 et
2488 2030 2727 2087 divinam
2765 2033 2995 2103 gloriam
3027 2035 3358 2101 laudantem,
3390 2035 3656 2089 interdum
3726 2049 3856 2089 vero
3912 2036 4036 2090 dor-

785 2121 1061 2174 micntem.

853 2208 1035 2266 XVIII.
1067 2210 1202 2264 Tum
1231 2211 1398 2279 judex
1439 2230 1453 2265 :
1502 2209 1787 2278 Pecunias,
1833 2213 2024 2280 inquit,
2060 2212 2125 2266 ab
2164 2215 2345 2269 Acacii

782 2305 1185 2358 contribulibus
1226 2305 1507 2373 accepisti,
1544 2308 1611 2359 ob
1654 2308 1811 2373 idque
1837 2307 2095 2372 judicium
2127 2308 2205 2360 vis
2238 2309 2350 2361 elu-

782 2401 929 2452 dere.
968 2396 1043 2449 Ac
1076 2396 1257 2449 statim
1316 2397 1495 2453 furore
1552 2401 1811 2467 percitus,
1867 2400 2132 2469 plumbeis
2188 2404 2354 2471 virgis

782 2491 896 2557 ejus
930 2500 1073 2556 terga
1104 2490 1307 2558 pulsari
1335 2489 1513 2558 jussit.
1553 2491 1692 2556 Quin
1726 2508 1846 2546 cum
1879 2495 2233 2559 cruciaretur,
2267 2512 2356 2549 vo-

784 2583 1019 2633 ciferans
1044 2580 1253 2632 dicebat
1288 2597 1301 2632 :
1335 2579 1551 2644 Qua-so,
1600 2581 1787 2647 judex,
1829 2591 1885 2634 ut
1920 2583 1962 2636 si
1988 2598 2074 2637 res
2106 2585 2266 2636 aliter
2295 2599 2352 2637 se

787 2673 965 2734 habet,
994 2685 1152 2737 quant
1197 2669 1327 2731 dixi,
1370 2685 1455 2725 me
1503 2671 1815 2726 interlicias.
1847 2672 1979 2725 Tum
2009 2674 2095 2728 ille
2126 2694 2139 2728 :
2175 2672 2351 2729 Vene-

787 2764 943 2816 ticum
984 2765 1144 2833 igitur
1174 2765 1444 2818 hominem
1487 2765 1628 2818 hunc
1658 2780 1775 2820 esse
1804 2765 2036 2820 alliruies
2064 2783 2197 2835 opus
2249 2782 2349 2822 est.

784 2857 880 2907 Cui
924 2858 1163 2908 carceris
1196 2868 1378 2909 eusms
1414 2873 1425 2906 :
1462 2853 1591 2923 Ego,
1624 2858 1820 2924 inquit,
1858 2858 1999 2924 quod
2037 2860 2166 2921 vidi,
2209 2860 2350 2923 dico,

788 2962 961 3016 neque
988 2948 1123 3011 scio,
1155 2949 1496 3003 veneticusne
1538 2946 1631 3008 sit,
1666 2963 1731 2999 an
1767 2963 1893 3001 nou.
1930 2946 2053 3002 Haec
2082 2964 2206 3002 cum
2234 2951 2354 3001 bea-

787 3052 871 3095 tus
917 3041 1149 3094 Aeacius
1202 3040 1429 3106 audiret,
1472 3039 1681 3092 illorum
1733 3040 2016 3094 stultitiam
2073 3029 2352 3103 irridebat,

785 3136 1030 3201 quamvis
1066 3132 1252 3185 fractis
1310 3142 1455 3183 esset
1514 3132 1772 3183 maxillis.
1810 3134 1992 3198 Itaque
2038 3133 2201 3196 judex
2242 3133 2354 3198 ipse

787 3240 973 3278 rursus
1006 3224 1187 3277 furore
1234 3240 1515 3288 accensus,
1556 3224 1753 3277 Acacio
1776 3221 1909 3276 dixit
1941 3238 1954 3275 :
1990 3220 2141 3275 Tune
2170 3221 2361 3276 venisti

801 3325 858 3367 ut
894 3329 987 3367 nos
1016 3315 1314 3379 derideres,
1349 3315 1631 3383 prmsngiis
1664 3329 1726 3367 ac
1758 3314 2027 3367 veneﬁciis
2059 3312 2161 3367 tuis
2198 3313 2365 3368 conii-

785 3406 924 3458 sus?
959 3405 1089 3472 Ego,
1132 3407 1301 3474 inquit
1334 3405 1588 3467 Aeacius,
1624 3420 1727 3457 non
1764 3405 1933 3469 rideo,
1985 3406 2128 3473 quod
2174 3407 2353 3459 vestra

788 3500 1029 3566 pernicie
1053 3503 1309 3567 gaudeam
1358 3518 1368 3552 :
1406 3498 1515 3552 imo
1549 3500 1933 3567 sempiternam
1969 3509 2198 3552 vestram
2226 3516 2358 3553 con-

792 3591 1193 3644 demnationcm
1261 3591 1486 3644 multum
1530 3590 1707 3643 doleo.
1754 3590 1857 3641 Vos
1902 3602 2079 3642 autem
2129 3592 2225 3658 ipsi
2266 3605 2359 3643 vc-

790 3694 960 3735 stram
991 3687 1155 3734 vitam
1192 3683 1452 3743 irridetis,
1482 3683 1570 3749 qui
1610 3696 1793 3734 verum
1853 3680 1999 3734 illum
2037 3681 2198 3734 Deum
2232 3683 2356 3738 caeli

793 3784 849 3830 et
878 3786 1059 3837 terrm,
1119 3775 1284 3827 maris
1321 3784 1373 3826 et
1404 3774 1640 3827 omnium
1674 3788 1792 3843 qua:
1824 3773 1875 3826 in
1913 3774 1991 3826 eis
2020 3784 2165 3836 sunt,
2230 3773 2363 3827 effe-

788 3876 991 3923 ctorem
1016 3866 1398 3932 dereliquistis,
1428 3876 1481 3918 et
1504 3865 1708 3931 lapides
1767 3865 1911 3931 ipsos
1940 3863 2195 3917 adoratis.
2227 3864 2362 3916 Tum

786 3957 960 4012 Judex
1009 3958 1054 4008 ei
1094 3958 1227 4009 dixit
1270 3974 1282 4009 :
1330 3956 1407 4009 Ne
1453 3963 1606 4025 putes
1648 3956 1749 4009 ista
1789 3966 1878 4009 tua
1919 3958 2228 4010 constantia
2277 3969 2363 4009 me

790 4048 990 4101 victum
1025 4046 1124 4109 iri;
1157 4063 1261 4099 non
1290 4047 1462 4101 sinam
1496 4057 1547 4099 te
1577 4047 1778 4109 vivere,
1804 4048 1903 4097 nisi
1936 4047 2038 4099 diis
2067 4047 2359 4108 sacriﬁcos,

788 4148 845 4192 et
904 4141 1230 4193 invictorutn
1290 4140 1674 4205 imperatorum
1727 4137 1919 4192 edictis
1971 4137 2211 4192 obedias.
2266 4137 2361 4191 Cui

790 4232 1025 4285 Aeacius
1088 4246 1102 4283 :
1166 4228 1221 4283 Si
1274 4230 1517 4283 timerem
1589 4231 1761 4283 minas
1832 4240 1973 4291 tuas,
2028 4231 2205 4282 statim
2269 4230 2361 4283 tibi

793 4323 1193 4390 obtemperans,
1244 4322 1490 4375 fecissem
1542 4323 1683 4388 quod
1719 4319 1906 4388 jubes;
1944 4321 2197 4390 quoniam
2234 4334 2363 4374 vero

791 4415 1055 4468 sententia
1087 4428 1204 4466 mea
1230 4412 1419 4464 melior
1439 4422 1542 4476 est,
1561 4427 1721 4481 quam
1750 4423 1859 4477 tua,
1887 4414 2060 4465 minas
2079 4412 2211 4465 istas
2229 4412 2360 4463 nihil

794 4502 957 4553 timeo
992 4516 1005 4553 :
1043 4501 1147 4564 fac,
1180 4502 1320 4568 quod
1357 4503 1504 4555 libet.

862 4591 1003 4647 XIX.
1041 4592 1191 4646 Tunc
1222 4594 1387 4646 Judex
1425 4592 1603 4647 furore
1652 4595 1889 4660 percitus
1922 4612 1934 4648 :
1975 4593 2359 4661 Sacrificasne,

790 4686 986 4751 inquit,
1022 4700 1086 4735 an
1131 4686 1306 4737 adhuc
1338 4686 1514 4753 pergis
1563 4686 1839 4737 insanire?
1882 4686 2179 4753 Respondit
2222 4686 2361 4740 Aca-

792 4775 905 4828 cius
943 4793 954 4828 :
996 4774 1072 4828 Tu
1128 4782 1305 4845 pergis
1348 4776 1396 4828 id
1433 4778 1634 4841 facere,
1666 4779 1755 4846 qui
1807 4778 2070 4839 homines,
2107 4795 2134 4829 a
2167 4780 2363 4846 quibus

794 4868 929 4920 nihil
965 4869 1087 4920 mali
1122 4871 1466 4922 commissum
1504 4880 1584 4925 est
1617 4886 1790 4939 neque
1833 4872 2032 4940 aliquid
2068 4872 2119 4925 in
2153 4883 2201 4925 te
2235 4888 2361 4940 pec-

788 4968 965 5011 catum
999 4957 1115 5022 fuit,
1152 4961 1229 5011 sie
1257 4959 1453 5025 injuste
1485 4959 1797 5013 consumis?
1830 4959 1953 5012 Huic
1977 4976 2094 5011 cum
2126 4962 2363 5014 audisset

774 5052 967 5122 judex,
992 5052 1153 5116 jussit
1182 5052 1353 5120 virgas
1383 5068 1619 5120 quernas
1649 5050 1854 5112 aﬂ'erri,
1880 5060 1930 5103 et
1954 5051 2069 5119 ejus
2105 5061 2252 5121 terga
2296 5067 2359 5106 ac

791 5155 1030 5197 ventrem
1067 5145 1363 5197 verberari.
1405 5145 1649 5211 Cumque
1684 5145 1870 5196 decem
1908 5144 2155 5197 homines
2200 5144 2361 5197 vicis-

788 5235 889 5287 sim
937 5236 1119 5289 Aeaeii
1185 5250 1381 5303 corpus
1441 5240 1808 5291 verberarent.
1848 5248 2052 5305 martyr
2088 5238 2201 5303 ipse
2248 5246 2358 5288 tor-

791 5328 982 5380 mentis
1042 5327 1295 5389 alllictus,
1352 5328 1427 5380 sie
1489 5327 1755 5380 clamabat
1811 5344 1827 5381 :
1877 5325 2111 5391 Christe,
2168 5326 2357 5392 adjuva

793 5414 1044 5471 humilem
1078 5434 1289 5472 servum
1331 5430 1508 5473 tuttm.
1561 5421 1732 5472 Iratus
1765 5432 1940 5473 autem
1976 5420 2175 5489 judex,
2202 5419 2361 5489 jussit

790 5518 1028 5560 ventrem
1092 5509 1320 5575 amplius
1378 5510 1673 5563 verberari.
1734 5509 1973 5579 Cumque
2036 5488 2220 5563 decem
2283 5509 2356 5563 iiii

787 5599 1029 5651 homines
1078 5600 1179 5649 hoc
1228 5598 1500 5659 fecissent,
1533 5608 1588 5651 et
1638 5600 1825 5652 beatus
1874 5609 2077 5667 martyr
2128 5599 2357 5661 doleret,

787 5699 915 5739 voce
956 5704 1144 5757 magna
1186 5688 1372 5744 dixit:
1422 5688 1646 5744 Domine
1702 5689 1826 5745 Jesu
1883 5690 2114 5753 Christe,
2163 5690 2356 5759 adjuva

791 5791 1003 5834 servum
1040 5791 1181 5834 tuutn
1209 5782 1482 5836 Acacium.
1510 5780 1620 5838 Hoc
1652 5798 1770 5839 cum
1808 5785 1873 5840 ab
1906 5798 1968 5839 eo
2003 5785 2198 5838 dictum
2228 5782 2360 5839 fuis-

2518 2215 2628 2269 lll'.’
2660 2216 2717 2269 '0
2748 2214 3013 2285 δικαστὴς
3072 2209 3226 2269 εἶπεν
3252 2232 3264 2245 '
3298 2217 3369 2268 Συ
3424 2217 3684 2286 χρήματα
3728 2217 3884 2285 παρὰ
3925 2216 4032 2269 τῶν

2450 2309 2723 2360 συνέθνων
2760 2307 2923 2360 αὑτοῦ
2960 2306 3161 2370 λαϐὼν,
3214 2308 3429 2370 παίζειν
3463 2309 3637 2369 θέλεις
3679 2309 3739 2360 τὸ
3772 2309 4035 2378 δικαστή-

2452 2419 2587 2472 ριον.
2619 2402 2733 2452 Καὶ
2771 2400 3050 2467 θυμωθεὶς
3100 2399 3412 2463 ἐκέλευσεν,
3476 2402 3853 2469 καταυχενίοις
3890 2402 4035 2470 αὐτῷ

2457 2494 2732 2561 μολίίῖδεσι
2791 2492 3126 2563 χρήσασθαι.
3166 2492 3255 2554 Ὠς
3287 2491 3342 2544 δὲ
3386 2492 3741 2554 ἐϐασανίζετο
3784 2495 3811 2544 ὁ
3842 2494 4035 2564 δεσμο-

2453 2584 2647 2653 φύλαξ,
2682 2585 2809 2636 ἐϐόα
2842 2586 2935 2637 καὶ
2962 2584 3147 2650 ἔλεγεν
3170 2599 3183 2613 ·
3213 2583 3415 2652 Δέομαί
3438 2599 3553 2647 σου,
3579 2585 3627 2636 εἰ
3657 2583 3833 2646 ἄλλως
3861 2582 4033 2645 εἷπον,

2454 2677 2777 2731 ἀπόκτεινόν
2812 2694 2901 2746 με.
2943 2678 2998 2729 Ὀ
3048 2677 3309 2745 δικαστὴς
3338 2672 3493 2730 εἶπεν
3516 2694 3529 2709 ⁸
3582 2677 3695 2729 Οὐκ
3734 2674 3828 2730 οὖν
3861 2678 4036 2747 γόητα

2456 2770 2616 2822 αὑτὸν
2654 2771 2988 2837 ἀποφέρειςς
3055 2769 3112 2817 '0
3164 2768 3511 2836 δεσμοφύλαξ
3557 2765 3748 2821 εἶπεν·
3822 2770 3965 2836 Ἐγὼ
4012 2771 4037 2819 ὃ

2457 2855 2618 2921 εἶδον,
2652 2856 2804 2911 εἷπον
2828 2874 2838 2885 ·
2875 2859 2922 2909 εἰ
2947 2858 3001 2909 δὲ
3029 2857 3175 2909 ἔστιν
3206 2860 3361 2926 γόης,
3386 2859 3485 2909 οὐκ
3513 2854 3653 2912 οἶδα.
3695 2859 3750 2910 Ὀ
3777 2859 3833 2909 δὲ
3862 2860 4035 2927 μυικά-

2463 2967 2572 3021 ριος
2611 2950 2865 3011 ’Λκάκιος
2902 2950 3074 3011 ἑστώς
3099 2951 3191 3000 καὶ
3218 2949 3435 3001 ἀκούων
3466 2949 3643 3002 ταῦτα
3687 2952 3916 3017 ἐγέλασε
3948 2952 4039 3001 ἐπὶ

2459 3046 2522 3112 τῇ
2557 3045 2836 3112 ἀφροσύνῃ
2870 3042 3069 3106 αὐτῶν,
3101 3042 3376 3095 καὶτοῦτο
3400 3043 3655 3105 κλασθεὶς
3685 3044 3811 3107 τοὺς
3851 3043 4037 3109 σιαγό-

2462 3151 2578 3194 νας,
2603 3136 2674 3195 ὡς
2699 3136 2787 3185 τὸν
2812 3135 3071 3203 δικαστὴν
3101 3135 3263 3187 πάλιν
3284 3134 3610 3203 ὀργισθέντα
3633 3152 3643 3163 '
3685 3136 4040 3199 Καταπαῖξαι

2465 3224 2621 3292 ἡμῶν
2680 3220 2862 3293 ἦλθες,
2914 3227 3112 3295 λέγων,
3150 3226 3369 3295 θαρρῶν
3426 3231 3547 3287 ταῖς
3596 3227 3871 3293 γοητείαις
3910 3242 4038 3291 σου;

2477 3316 2778 3385 Ἀπεκρίθη
2841 3318 3094 3377 Ἀκάκιος
3116 3333 3129 3345 ·
3192 3316 3335 3381 Ἐγὼ
3369 3318 3465 3385 μὲν
3514 3317 3573 3367 ού
3608 3317 3937 3380 καταπαίζω
3965 3316 4038 3376 ἀς

2466 3408 2766 3476 ἐπικαίρων
2799 3410 2863 3476 τῇ
2890 3408 3137 3477 ἀπωλείᾳ
3169 3406 3323 3476 ὑμῶν
3350 3423 3363 3437 ·
3412 3408 3549 3460 ἀλλὰ
3581 3407 3673 3467 καὶ
3707 3408 3919 3477 σφόδρα
3948 3408 4039 3459 λυ-

2466 3498 2679 3564 ποῦμαι
2723 3498 2851 3567 περὶ
2881 3498 2979 3565 τῆς
3014 3499 3185 3550 ἀϊδίου
3222 3498 3376 3567 ὑμῶν
3407 3498 3659 3570 κρίσεως.
3717 3499 3951 3561 Παίζετε
3985 3498 4039 3551 δὲ

2467 3590 2622 3658 ὑμεῖς
2657 3589 2757 3658 τὴν
2786 3589 2997 3642 ἑαυτῶν
3032 3588 3197 3659 ζωὴν,
3233 3592 3628 3653 καταλιπόντες
3667 3593 3757 3642 τὸν
3783 3592 4039 3660 dium-ﬁs

2464 3680 2617 3744 Θεὸν,
2650 3682 2739 3732 τὸν
2774 3681 3076 3749 ποιήσαντα
3117 3680 3209 3732 τὸν
3243 3683 3493 3749 οὐρανὸν,
3529 3682 3621 3732 καὶ
3655 3682 3751 3749 τὴν
3782 3682 3911 3750 γῆν,
3948 3683 4040 3733 καὶ

2463 3774 2561 3840 τὴν
2624 3772 2923 3833 θάλασσαν,
2966 3773 3059 3823 καὶ
3094 3774 3270 3824 πάντα
3321 3772 3388 3822 τὰ
3419 3773 3474 3822 ὲν
3508 3772 3710 3833 αὐτοῖς,
3744 3774 3839 3822 καὶ
3873 3773 4040 3834 λίθοις

2467 3861 2921 3931 προσκυνοῦντες.
2967 3861 3026 3911 '0
3050 3860 3309 3931 δικαστὴς
3350 3856 3540 3912 εἶπεν·
3590 3859 3682 3929 Μὴ
3704 3860 3937 3933 νομίσῃς
3974 3880 4039 3930 με

2465 3953 2683 4020 νικῆσαι
2714 3953 2777 4021 τῇ
2810 3949 3026 4021 εὐτονίᾳ
3077 3968 3170 4003 σου
3198 3969 3209 3981 ·
3245 3952 3346 4002 οὐκ
3398 3950 3472 4003 ὲῶ
3506 3968 3560 4003 σε
3594 3950 3781 4021 ζῆσαι,
3816 3953 3915 4006 ἐὰν
3965 3957 4037 4023 μὴ

2466 4037 2637 4107 Θύσῃς
2678 4041 2770 4089 καὶ
2829 4038 3127 4107 πληρώσῃς
3181 4040 3241 4093 τὸ
3296 4043 3640 4111 προσταχθέν
3681 4060 3763 4094 σοι
3792 4043 3901 4096 ὑπὸ
3935 4046 4041 4097 τῶν

2465 4128 2746 4196 ἀηττήτων
2771 4131 3193 4203 αὐτοκρατόρων
3230 4133 3519 4202 βασιλέων.
3566 4133 3822 4195 Ἀκάκιος
3854 4134 3999 4203 λέγει
4026 4151 4039 4165 ·

2560 4220 2871 4291 ἐφοὸούμην
2896 4238 2990 4273 σου
3014 4223 3111 4285 τὰς
3134 4223 3389 4288 ἀπειλὰς,
3421 4225 3531 4276 ἀπὸ
3576 4223 3799 4292 πρώτης
3828 4225 3896 4282 ἂν
3926 4245 4045 4279 πει-

2466 4312 2611 4374 σθείς
2636 4330 2717 4365 σοι
2748 4315 2965 4367 ἐποίουν
2988 4313 3018 4364 ὃ
3051 4314 3227 4381 λέγεις
3249 4331 3264 4344 ο
3299 4314 3488 4383 ἐπειδὴ
3511 4313 3565 4365 δὲ
3594 4317 3620 4366 ὁ
3650 4315 3912 4384 λογισμός
3940 4336 4039 4386 μου

2466 4405 2702 4457 καλλίων
2726 4423 2819 4457 σου
2858 4407 2976 4457 ἐστὶ
3013 4408 3105 4456 καὶ
3130 4407 3189 4457 οὐ
3217 4405 3494 4476 φοϐοῦμαί
3527 4425 3621 4459 σου
3654 4410 3754 4471 τὰς
3785 4410 4039 4473 ἀπειλὰς,

2396 4510 2439 4565 ι)
2471 4495 2609 4547 ποίει
2635 4494 2662 4546 ὃ
2686 4494 2878 4557 θέλεις.

2520 4588 2636 4665 ιϐ’.
2672 4588 2804 4641 Τότε
2846 4589 3119 4659 θυμωθεὶς
3153 4592 3180 4644 ὁ
3217 4591 3481 4662 δικαστὴς
3514 4591 3662 4661 λέγει
3685 4609 3697 4621 ·
3742 4593 3905 4657 Θύεις
3933 4592 4041 4647 λοι·

2468 4681 2620 4749 πὸνῆ
2654 4680 2733 4732 ἔτι
2765 4682 3046 4749 ἐπιμένεις
3081 4686 3144 4752 τῇ
3183 4686 3365 4755 μωρία
3406 4702 3534 4750 σου;
3580 4687 3833 4748 ’Λκάκιος
3866 4684 4039 4739 εἶπεν·

2478 4767 2787 4835 Ἐπιμένεις
2819 4770 2883 4819 σὺ
2916 4771 3234 4839 ἀνθρώπους
3266 4775 3433 4842 μηδὲν
3466 4775 3779 4841 πράξαντας
3807 4778 3981 4828 κακὸν
4011 4778 4041 4843 ἧ

2464 4860 2851 4928 ἀδικήσαντας,
2881 4863 3082 4926 ἀδίκως
3104 4864 3276 4929 οὕτως
3304 4867 3648 4935 ἀναλίσκων;
3693 4869 3966 4946 Ἀκούσας
3989 4872 4041 4922 δὲ

2464 4952 2633 5004 ταῦτα
2656 4954 2681 5004 ὁ
2705 4954 2986 5025 δικαστὴς,
3018 4958 3234 5011 κελεύει
3264 4960 3526 5028 μηλεΐνας
3563 4961 3791 5029 ῥάϐδους
3815 4964 4042 5032 ἐνεχθῆ-

2465 5062 2551 5097 ναι
2586 5049 2678 5098 κα“ι
2708 5049 2849 5098 κατὰ
2885 5047 2978 5097 τοῦ
3021 5049 3190 5103 νώτου
3223 5052 3317 5102 καὶ
3348 5052 3445 5119 τῆς
3476 5053 3685 5115 κοιλίας
3736 5054 4041 5108 τύπτεσθαι

2464 5138 2650 5191 αὐτόν.
2718 5138 3084 5208 Ἀλλαγέντων
3110 5142 3165 5195 δὲ
3220 5142 3350 5195 δέκα
3390 5144 3697 5213 ἀνθρώπων
3726 5148 4041 5200 τυπτόντων

2464 5231 2645 5294 αὑτὸν,
2672 5233 2698 5282 ὁ
2732 5232 2943 5303 μάρτυς
2970 5236 3027 5285 ἐν
3060 5236 3178 5295 ταῖς
3206 5236 3461 5303 βασάνοις
3491 5237 3618 5290 ὲὸόα
3653 5236 3827 5303 λέγων
3847 5253 3859 5265 ·
3900 5241 4039 5309 Χρικ

2464 5323 2573 5386 στὲ,
2605 5322 2788 5392 βοήθει
2821 5342 2911 5391 μοι
2942 5325 3018 5394 τῷ
3047 5327 3288 5398 ταπεινῷ
3328 5329 3503 5398 δούλῳ
3553 5346 3669 5381 σου.
3706 5330 3815 5383 Καὶ
3851 5331 4038 5399 θυμω-

2463 5415 2575 5478 Θεὶς
2597 5418 2623 5466 ὁ
2663 5417 2922 5488 δικαστὴς
2946 5419 3157 5472 κελεύει
3191 5421 3332 5473 κατὰ
3354 5425 3451 5490 τῆς
3487 5423 3699 5487 κοιλίας
3732 5424 4038 5478 τύπτεσθαι

2463 5508 2641 5561 αὐτόν.
2690 5510 2961 5578 Ἀλγήσας
2992 5511 3093 5563 δὲὸ
3138 5514 3408 5582 μακάριος
3442 5517 3706 5585 ἀνεϐόησε
3742 5520 3894 5586 φωνῇ
3936 5504 4038 5585 με-

2462 5599 2626 5669 γάλῃ,
2658 5602 2750 5652 καὶ
2798 5597 2986 5654 εἶπεν·
3042 5603 3213 5672 Κύριε
3258 5606 3432 5674 Ἰησοῦ
3467 5608 3691 5676 Χριστὲ,
3744 5608 3931 5678 βοήθει
3964 5609 4040 5677 τῷ

2462 5690 2632 5761 δούλῳ
2673 5708 2765 5744 σου
2832 5693 3091 5765 Ἀκακίῳ.
3148 5697 3347 5750 Τούτου
3409 5700 3669 5770 ῥηθέντος
3719 5703 3810 5753 ὑπ’
3846 5702 4039 5767 αὑτοῦ,

2463 5784 2665 5850 εὐθέως
2696 5786 2851 5859 φωνὴ
2871 5788 2936 5841 ὲκ
2967 5787 3059 5843 τοῦ
3081 5789 3316 5861 ούρανοῦ
3342 5793 3559 5861 ἐγένετο
3591 5792 3824 5862 λέγουσα
3858 5794 3928 5849 αὑ
3944 5794 4014 5863 τῷ
