4196 6306
157 388 271 455 237

1214 392 1389 451 VITA
1430 392 1489 450 S.
1540 389 1785 449 ACACH
1822 392 2303 455 CAPPADOCIS.

3281 407 3385 473 238

154 504 249 572 Μὴ
287 501 477 570 φοϐοῦ,
527 501 770 562 ’Ᾱκά’κιε,
804 501 939 554 ἀλλά
970 501 1159 567 θάρσει
1182 518 1194 529 ·
1231 502 1290 552 σὲ
1331 501 1440 568 γὰρ
1468 502 1548 552 δεῖ
1585 498 1712 569 μετᾶ

1825 509 1925 561 set,
1959 504 2143 555 statim
2174 519 2273 559 vox
2304 506 2367 558 de
2402 512 2538 559 cocto
2567 514 2730 571 venit,
2756 522 2818 565 ac
2850 509 2983 564 dixit
3023 531 3037 565 :
3074 510 3148 567 Ne
3175 513 3382 576 timeas.

146 596 260 647 τῶν
298 595 549 660 πατέρων
601 610 693 644 σου
753 594 972 645 ἀπιέναι
1034 594 1128 645 καὶ
1182 592 1559 661 εὐφρανθῆναι
1593 586 1718 653 ὧδε,

146 686 284 734 ὅπου
316 682 407 734 νῦν
428 682 711 749 ὁμολογεῖς
732 684 789 732 τὸ
819 682 988 749 ὅνομά
1023 699 1146 749 μου.
1172 682 1283 733 Καὶ
1304 683 1602 749 γενομένης
1624 681 1721 748 τῆς

147 775 334 840 φωνῆς
400 773 628 839 ταύτης,
686 774 734 824 οἱ
784 772 1081 834 τύπτοντες
1130 774 1290 824 αὐτὸν
1345 774 1719 841 ναρκήσαντες

144 865 385 928 ὲστησαν
408 865 599 925 ἐννεοὶ,
641 863 715 932 μὴ
748 863 1041 930 δυνάμενοι
1097 865 1194 923 τὰς
1230 866 1419 931 χεῖρας
1475 862 1715 924 κινῆσαι,

142 954 290 1006 ὥστε
332 959 422 1007 ἐπὶ
448 956 603 1007 τοῦτο
648 954 1028 1023 ἀπορρηθῆναι
1063 954 1154 1005 τὸν
1209 955 1468 1021 ἄρχοντα,
1500 953 1595 1004 καὶ
1626 952 1720 1003 θυ-

146 1046 398 1115 μωθῆναι
455 1046 676 1113 σφόδρα,
710 1044 805 1095 καὶ
849 1045 1066 1112 πέμψαι
1125 1044 1215 1095 τδν
1262 1043 1419 1109 ἇγιυν
1467 1043 1718 1095 Ἀκάκιον

138 1137 251 1186 Φλα
264 1136 431 1204 xxi-up
457 1135 531 1202 τῷ
558 1135 859 1203 ἀνθυπάτῳ
881 1136 979 1203 τῆς
1006 1135 1280 1203 Εὐρώπης
1308 1135 1447 1203 μετά
1473 1136 1717 1192 καὶάνα-

143 1227 320 1295 φορᾶς
356 1226 646 1293 γράψαντα
675 1225 871 1287 οὕτως’

212 1502 300 1555 κ’.
330 1503 417 1571 Τῴ
449 1503 590 1555 κατά
633 1504 810 1556 πάντα
855 1502 1298 1571 θαυμασιωτάτῳ
1348 1502 1440 1554 καὶ
1477 1499 1721 1570 μεγίστῳ

134 1594 371 1664 δικαστῇ
402 1592 684 1662 Φλακκίνῳ
716 1593 1013 1662 ἀνθυπάτῳ
1068 1594 1319 1656 Βιϐιανὺς
1370 1595 1397 1644 6
1426 1593 1719 1660 αίδεσιμώ-

136 1703 305 1747 τατος
346 1685 667 1748 καθολικός*
729 1684 987 1736 Ἀκάκιοι
1039 1683 1129 1734 τὸν
1188 1684 1288 1750 τῆς
1335 1682 1566 1742 ἀσεῦοῦς
1594 1680 1721 1749 θρη-

139 1779 333 1837 σκείας
367 1777 473 1829 τῶν
514 1777 858 1845 Χριστιανῶν
909 1774 1211 1844 συνήγορον
1262 1772 1589 1840 πεμφθέντα
1628 1788 1716 1840 μοι

138 1869 294 1937 παρά
319 1870 544 1936 Φήρμου
595 1867 688 1919 τοῦ
724 1867 1019 1934 ταξιάρχου
1071 1867 1179 1916 τῶν
1208 1863 1445 1933 ἀριθμοῦ
1480 1864 1706 1931 Μαρτη-

138 1961 273 2011 σίων
301 1960 395 2010 καὶ
433 1962 505 2025 μὴ
533 1959 858 2027 βουλόμενον
910 1958 1080 2009 εἴκειν
1126 1960 1237 2018 τοῖς
1294 1955 1718 2024 προσταχθεῖσιν

134 2052 205 2101 τά
246 2051 398 2118 παρὰ
449 2050 556 2101 τῶν
614 2050 900 2116 ἀηττήτων
953 2046 1218 2115 βασιλέων
1259 2047 1438 2113 ήμῶν·
1475 2048 1582 2111 πρὸ
1609 2046 1717 2112 γαρ

133 2148 345 2194 τούτων
373 2140 479 2192 τῶν
528 2141 701 2191 εἴκοσι
743 2138 969 2206 ἡμερῶν
1007 2136 1386 2187 ἀποσταλέντα
1416 2136 1715 2202 δεξάμενος

134 2232 302 2285 αὐτὸν
333 2234 423 2284 καὶ
454 2230 727 2298 στιϐαρῶς
762 2228 859 2296 τὴν
890 2228 1009 2278 κατ’
1038 2226 1202 2279 αὑτοῦ
1232 2226 1522 2295 ἀνάκρισιν
1557 2238 1715 2293 ποιη-

135 2328 398 2391 σάμενος,
452 2321 601 2374 οὐδὲν
653 2321 816 2372 πλέον
851 2320 1049 2388 ίσχυσα
1087 2318 1381 2386 ἐνεργῆσαι
1435 2320 1513 2380 εἰς
1552 2319 1716 2369 αὑτὸν

131 2414 279 2481 πλὴν
312 2413 512 2475 κόπους
541 2414 631 2464 καί
662 2411 834 2480 θυμόν
854 2427 866 2438 ⁸
901 2408 996 2461 τοῦ
1030 2409 1396 2476 προκειμένου
1421 2408 1529 2476 γὰρ
1548 2406 1713 2460 αὐτοῦ

135 2503 349 2555 σκοποῦ
395 2503 579 2571 ἔχεται
640 2501 938 2570 ἐπιμελῶς.
997 2501 1150 2551 Ἐπεὶ
1188 2498 1282 2550 οὖν
1308 2500 1469 2550 πλέον
1493 2502 1519 2549 6
1553 2498 1716 2565 φόϐος

132 2598 432 2665 πρόσεστιν
462 2599 525 2663 τῇ
560 2593 788 2662 μεγίστῃ
812 2609 909 2642 σου
934 2592 1176 2660 ἐξουσὲᾳ,
1203 2589 1390 2641 τοῦτον
1431 2592 1569 2658 μετά
1601 2591 1711 2643 τῶν

131 2687 492 2754 πραχθέντων
548 2686 625 2745 είς
687 2682 849 2733 αὑτὸν
921 2682 1069 2751 παρὰ
1128 2683 1192 2749 τῇ
1244 2682 1349 2749 ἐμῇ
1408 2679 1709 2750 βραχύτητι

130 2776 435 2829 ἀπέστειλα
465 2777 556 2827 ἐπὶ
590 2775 689 2841 τὴν
730 2773 995 2843 μεγίστην
1040 2790 1133 2825 σου
1177 2772 1448 2835 ἐξουσίαν,
1493 2773 1710 2837 αίκίσας

128 2868 300 2921 αὐτὸν
334 2868 559 2920 πλείστα
583 2865 769 2919 ἐκ.τοῦ
793 2863 1149 2933 δικαστηρίου
1184 2864 1278 2914 καὶ
1320 2864 1492 2924 οὕτως
1530 2877 1708 2931 παρα-

131 2960 363 3029 πέμψας
402 2961 500 3029 τὴν
530 2959 890 3029 λαμπρότητα
924 2973 1015 3008 σου
1040 2972 1052 2983 ο
1082 2954 1255 3016 οὕτως
1295 2955 1433 3005 κατὰ
1460 2955 1556 3022 τὴν
1597 2956 1706 3005 τῶν

130 3051 433 3117 βασιλικῶν
456 3049 891 3115 προσταγμάτων
913 3046 1154 3110 διάταξιν
1174 3045 1399 3113 πράξεις
1421 3046 1497 3106 είς
1519 3044 1701 3097 αὐτόν.

1826 592 2009 653 Aeaci.
2063 596 2155 647 sed
2195 606 2314 654 esto
2355 597 2492 651 bono
2538 600 2751 664 animo;
2802 602 2957 656 decet
3005 605 3147 658 enim
3184 614 3235 662 te
3268 622 3386 661 cum

1827 685 2069 750 patribus
2110 688 2213 740 luis
2245 702 2383 749 esse,
2418 699 2470 741 et
2498 691 2635 743 cmlo
2674 702 2975 747 versantem
3006 697 3288 765 obiectari,
3326 718 3389 755 co

1825 777 1968 841 quod
2018 794 2158 831 nunc
2202 779 2437 832 nominis
2484 782 2585 834 mei
2632 783 3023 839 confessionem
3065 792 3385 856 protitearis.

1825 868 1955 920 Cum
1987 868 2099 922 haac
2131 885 2229 923 vox
2258 872 2441 924 audita
2472 882 2635 937 esset,
2666 875 2911 930 homines
2956 878 3027 930 illi
3056 881 3145 948 qui
3182 896 3386 955 marty—

1828 972 1937 1010 rem
1967 960 2343 1026 verberabant,
2372 970 2741 1029 torpescentes
2770 974 3020 1034 tanquam
3055 972 3182 1023 muti
3215 973 3385 1029 eﬂ‘ecti

1826 1056 1973 1111 sunt,
2008 1066 2179 1118 neque
2211 1068 2399 1106 manus
2432 1054 2575 1120 ipsas
2604 1056 2833 1122 amplius
2868 1073 3084 1113 movere
3123 1072 3387 1131 poteranr,

1825 1139 1895 1190 ita
1952 1140 2197 1208 utjurlcx
2250 1144 2360 1210 ipse
2396 1146 2714 1211 ambigeret,
2770 1157 2822 1200 et
2876 1148 3057 1203 furere
3110 1168 3386 1216 accensus,

1824 1240 2065 1282 sanctum
2104 1228 2249 1282 illum
2286 1244 2571 1301 martyrem
2604 1235 2859 1289 Acacium
2896 1241 2959 1292 ad
2993 1242 3195 1307 majora
3241 1228 3391 1314 judi-

1823 1320 1927 1383 cia,
1976 1322 2077 1374 hoc
2106 1332 2207 1382 est,
2246 1324 2309 1375 ad
2355 1322 2663 1378 Flaceinum
2712 1332 3087 1395 proconsulem
3143 1331 3391 1390 Thracia:

1827 1411 2083 1475 mitteret,
2117 1412 2205 1479 qui
2248 1421 2300 1465 et
2335 1414 2645 1467 relationem
2685 1417 2843 1471 talem
2877 1419 2943 1472 ad
2978 1435 3097 1475 eum
3136 1426 3386 1490 scripsit:

1894 1500 2011 1557 XX.
2044 1504 2364 1558 Admirabili
2394 1517 2447 1559 et
2481 1508 2714 1563 maximo
2754 1509 2922 1578 jutlici
2968 1510 3222 1571 Flaccino
3270 1535 3390 1587 pro-

1823 1593 2052 1654 consuli,
2092 1592 2348 1648 Bibiattus
2384 1595 2770 1663 imperatorum
2821 1602 3196 1661 devotissimus
3246 1618 3392 1663 salu—

1824 1688 1928 1734 tem
1990 1698 2004 1734 :
2060 1681 2342 1745 Acacium,
2383 1684 2559 1750 impiae
2620 1688 3050 1745 Christianorum
3120 1697 3392 1767 religionis

1822 1778 2130 1837 patronum,
2166 1788 2193 1824 a
2227 1771 2410 1826 Firmo
2446 1772 2651 1829 Martiae.
2692 1778 2916 1848 legionis
2960 1784 3178 1841 tribuno
3205 1792 3270 1843 ad
3309 1806 3392 1845 me

1823 1864 2070 1923 missum,
2099 1880 2269 1932 neque
2298 1866 2564 1921 volentem
2601 1870 2662 1922 iis
2689 1869 2899 1939 parere.
2930 1891 3044 1942 quze
3079 1881 3145 1933 ab
3176 1881 3393 1936 invictis

1822 1952 2235 2037 imperatoribus
2285 1957 2488 2008 nostris
2541 1971 2803 2026 praacepta
2858 1976 3000 2026 sunt,
3034 1982 3152 2017 cum
3208 1972 3388 2036 viginti

1824 2043 2013 2093 diebus
2045 2054 2168 2094 ante
2203 2044 2267 2095 ad
2301 2060 2383 2097 me
2417 2048 2634 2099 missmu
2670 2052 2990 2117 aecepctim,
3018 2065 3071 2106 et
3106 2058 3393 2113 vehemen-

1822 2142 1900 2184 ter
1950 2137 2014 2185 dc
2064 2134 2174 2197 ipso
2219 2136 2609 2202 inquisiverim,
2664 2141 2795 2192 nihil
2847 2144 3074 2212 amplius
3124 2149 3327 2215 profeci
3376 2171 3389 2206 :

1822 2223 2079 2289 propositi
2104 2223 2245 2275 enim
2276 2224 2353 2277 sui
2389 2234 2543 2277 tenax
2575 2238 2677 2279 est.
2701 2232 2969 2293 Quoniam
2998 2249 3123 2287 vero
3151 2246 3391 2303 potestas

1824 2325 1908 2367 tua
1944 2316 2061 2384 plus
2095 2316 2307 2369 timoris
2343 2315 2535 2371 aﬂ‘erre
2568 2327 2764 2386 petest,
2800 2333 3079 2391 propterea
3119 2326 3388 2384 hominem

1823 2411 1960 2460 hunc
1983 2423 2109 2459 .cmn
2142 2409 2296 2472 actis,
2341 2424 2459 2475 qua:
2490 2410 2557 2462 de
2606 2411 2695 2464 illo
2728 2428 2756 2465 a
2788 2429 2872 2467 me
2902 2418 3193 2484 composita
3241 2433 3387 2483 sunt,

1824 2513 1945 2549 cum
1991 2509 2040 2551 te
2097 2499 2597 2567 prmstantissimum
2636 2501 2807 2553 virum
2842 2517 2961 2557 esse
2994 2506 3183 2571 sciam,
3231 2512 3297 2561 ad
3344 2520 3393 2563 te

1822 2590 1961 2640 misi.
1996 2590 2127 2640 Cum
2162 2590 2321 2657 igitur
2354 2588 2634 2645 Flaccinus
2672 2592 2769 2646 bas
2818 2593 3029 2648 litteras
3069 2602 3388 2666 accepisset,

1812 2677 1971 2744 jussit
1990 2690 2279 2749 martyrem
2305 2682 2356 2732 in
2382 2697 2599 2735 carcere
2624 2687 2840 2751 quidem
2865 2690 3129 2752 concludi,
3155 2693 3247 2744 sed
3275 2710 3390 2746 scr-

1816 2770 1927 2821 vari
1962 2780 2135 2823 tamen
2162 2771 2277 2823 sine
2318 2770 2564 2835 vinculis,
2594 2782 2648 2825 et
2678 2787 2878 2827 remota
2907 2778 3145 2832 custodia
3174 2781 3256 2833 illa
3280 2792 3388 2835 tam

1815 2864 2005 2915 atroci.
2049 2862 2280 2915 Uxorem
2332 2864 2471 2915 enim
2506 2863 2869 2919 Christianam
2909 2866 3187 2925 Flaccinus
3216 2872 3387 2925 habe-

1815 2953 1925 3014 bat,
1962 2970 1987 3005 a
2024 2970 2128 3019 qua
2181 2964 2420 3021 rogatus,
2453 2963 2507 3008 et
2546 2953 2901 3024 jurejurando
2946 2959 3087 3013 clam
3135 2962 3391 3017 astrictus

1808 3053 2007 3112 fuerat,
2047 3053 2103 3093 ut
2134 3044 2221 3109 qui
2246 3053 2462 3110 propter
2492 3045 2689 3097 Christi
2718 3048 2872 3099 {idem
2904 3049 2970 3101 ab
3002 3050 3116 3116 ipso
3151 3052 3392 3118 inquire-

128 3140 415 3210 νΕρῤωσο.
476 3139 779 3207 Δεξάμενος
829 3139 883 3188 δὲ
923 3138 1270 3198 ὁΦλακκῐνος
1300 3137 1367 3188 τά
1402 3138 1707 3204 γράμματα

1816 3139 2033 3201 bantur,
2090 3149 2195 3189 non
2256 3135 2367 3201 diu,
2427 3150 2602 3205 neque
2653 3137 2879 3191 multum
2923 3141 2993 3193 ab
3060 3154 3129 3194 eo
3172 3144 3389 3198 crucia-

126 3230 224 3282 τοῦ
272 3228 548 3291 Βιϐιανοῦ,
602 3228 879 3279 ἐκέλευσεν
948 3225 1329 3294 ἐγκλεισθῆναι
1384 3228 1476 3275 τὸν
1532 3226 1686 3291 ἆγιον

1814 3240 2019 3283 l'ClllUl'.

131 3322 393 3392 μάρτυρα
425 3322 686 3373 Ἀκάκιον
718 3319 847 3371 ἄνευ
873 3317 1089 3387 δεσμῶν
1147 3320 1204 3369 ἐν
1264 3319 1328 3387 τῇ
1376 3307 1618 3386 ὶρυλακῇ.
1662 3318 1902 3372 Γυναῖκα
1945 3320 2051 3385 γὰρ
2107 3313 2253 3385 εἶχεν
2305 3318 2331 3367 6
2385 3316 2686 3379 Φλακκῖνος
2746 3321 3103 3391 Χριστιανὴν,
3162 3306 3389 3397 καὶηῆν

127 3415 389 3480 ἀξιωθεὶς
426 3416 520 3468 καὶ
551 3412 824 3480 ὁρκισθεὶς
858 3411 1034 3480 λάθρα
1070 3410 1197 3480 παρ’
1263 3410 1456 3479 αὐτῆς,
1483 3409 1622 3460 ὥστε
1675 3410 1763 3463 διὰ
1796 3408 1888 3463 τὸν
1921 3408 2077 3477 λόγον
2110 3407 2202 3461 τοῦ
2257 3407 2496 3479 Χριστοῦ
2565 3411 2695 3472 παρ’
2741 3411 2906 3463 αὐτοῦ
2962 3412 3389 3484 ἐξεταζομένους

133 3512 210 3584 μὴ
243 3514 340 3563 ἐπὶ
370 3511 505 3561 πολὺ
543 3507 903 3575 τιμωρεῖσθαι
931 3506 1063 3571 παρ’
1096 3504 1283 3555 αὑτοῦ.

202 3598 341 3657 KA'.
370 3597 524 3650 Μετὰ
549 3592 640 3664 οὖν
673 3594 839 3656 ἄλλας
868 3594 1033 3644 πέντε
1058 3593 1273 3662 ἡμέρας
1308 3593 1651 3663 προκαθίσας
1686 3598 1711 3646 6

130 3691 450 3749 ἀνθυπατος
500 3686 795 3744 Φλακκῖνος
851 3684 943 3735 ἐπὶ
976 3683 1071 3735 τοῦ
1112 3683 1377 3752 βήματος,
1431 3684 1712 3737 ἐκέλευσεν

129 3779 537 3851 ἐνεχθῆναιτὸν
582 3778 854 3846 μάρτυρα.
898 3775 1004 3825 Τοῦ
1048 3775 1104 3825 δὲ
1138 3774 1407 3835 ἐλθόντος,
1446 3777 1704 3844 προσέτα-

129 3878 219 3938 ξεν
259 3870 683 3937 ἀναγνωσθῆναι
742 3866 810 3917 τὰ
842 3865 927 3917 ἐπ’
963 3865 1113 3933 αὐτῷ
1154 3867 1524 3933 πεπραγμένα
1561 3867 1712 3935 παρά

130 3961 410 4017 Ιὶιὸιανού,
440 3960 531 4007 καὶ
560 3954 1018 4021 ἀναγνωσθέντων
1046 3956 1251 4018 αὐτῶν,
1294 3956 1369 4015 ὼς
1397 3956 1711 4020 κατέμαθεν

126 4050 439 4117 eamut],-
476 4041 571 4117 τὴν
607 4047 911 4113 αὐστηρίαν
943 4046 1040 4113 τῆς
1069 4048 1157 4096 ἐπ’
1196 4045 1344 4111 αὑτῴ
1386 4042 1712 4107 ἐξετάσεως,

127 4144 228 4212 τήν
260 4157 322 4190 τε
360 4138 613 4190 ἔνστασιν
640 4139 736 4190 καὶ
760 4138 953 4204 ἀκλινῆ
990 4135 1283 4204 ὁμολογίαν
1313 4134 1406 4187 τοῦ
1435 4139 1713 4206 μάρτυρος

129 4217 224 4286 καὶ
252 4233 367 4285 τῶν
397 4232 483 4284 ἐπ’
517 4230 665 4296 αὐτῷ
692 4230 998 4296 γεγονότων
1046 4227 1365 4296 παραδόξων
1392 4226 1712 4306 θαυμάτων,

128 4326 524 4392 αίτιασάμενος
564 4322 654 4372 τὸν
707 4319 958 4370 Βιϐιανὸν
1022 4317 1095 4377 ὡς
1149 4318 1224 4383 μὴ
1287 4318 1500 4383 τάχειον
1552 4318 1711 4367 αὑτὸν

127 4419 415 4478 ἀνελόντα,
449 4414 564 4466 ἀλλ’
618 4413 699 4473 είς
729 4410 996 4478 τοσαύτην
1033 4407 1322 4477 ἀκρίϐειαν
1378 4410 1468 4461 καὶ
1502 4407 1711 4479 ἐπερώ-

1884 3592 2026 3647 XXI.
2074 3592 2243 3646 Jussit
2289 3592 2446 3661 igitur
2494 3591 2779 3647 P‘laccinus
2817 3602 2937 3660 post
2982 3594 3219 3665 quinque
3273 3596 3391 3651 dies

1812 3685 2069 3739 Acacium
2096 3694 2385 3751 martyrem
2414 3684 2479 3733 ad
2511 3696 2569 3733 se
2595 3683 2739 3744 duci,
2766 3692 2818 3736 et
2848 3684 2964 3751 ejus
2996 3698 3115 3739 acta
3148 3691 3388 3752 recitari.

1814 3790 1937 3843 quae
1988 3774 2240 3826 Bibianus
2276 3769 2604 3826 confecerat.
2647 3773 2852 3838 Quibus
2914 3779 3172 3843 recitatis,
3206 3780 3390 3848 inqui-

1814 3865 2045 3927 sitionis,
2083 3878 2199 3929 quae
2244 3877 2271 3913 a
2309 3860 2532 3915 Bibiano
2583 3862 2722 3916 facta
2760 3865 2959 3930 fuerat,
3012 3872 3387 3923 austeritatem

1813 3967 1865 4010 et
1894 3957 2146 4024 martyris
2174 3956 2559 4017 constantiam,
2585 3956 2943 4023 stabilemque
2965 3961 3385 4025 confessionem.

1811 4060 1866 4100 et
1898 4048 2154 4101 miracula
2191 4062 2282 4115 per
2313 4048 2484 4115 ipsum
2515 4046 2651 4099 facta
2682 4049 2958 4117 cognovit,
2999 4049 3389 4126 Bibianumque

1813 4138 2109 4199 accusavit,
2161 4137 2297 4201 quod
2361 4149 2464 4185 non
2528 4135 2780 4187 celeriter
2835 4150 2955 4188 eum
3013 4138 3383 4203 interiecerat.

1810 4228 1903 4279 sed
1944 4222 2048 4276 latri
2084 4227 2347 4291 exquisite
2383 4226 2641 4277 adversus
2677 4225 2961 4279 militarem
3008 4226 3278 4282 hominem
3319 4246 3381 4283 se

1809 4325 2088 4383 gesserat;
2133 4315 2399 4383 iussitque
2451 4317 2702 4384 martyris
2764 4328 2924 4382 caput
2973 4318 3213 4371 abscindi
3262 4332 3389 4375 ante

1819 4411 2002 4465 urbem
2052 4409 2390 4478 Byzantium,
2429 4409 2499 4462 ita
2550 4408 2902 4476 pronuntians
2945 4423 2958 4460 :
2996 4410 3250 4464 Acacium
3284 4412 3389 4465 Ga—

126 4526 287 4577 τησιν
321 4506 458 4575 πρὸς
483 4502 765 4572 ἄνθρωπον
795 4501 1131 4569 στρατιώτην
1152 4502 1510 4569 πεποιηκότα,
1539 4517 1705 4569 προσ-

1821 4503 2075 4554 lilzcorum
2140 4501 2460 4567 adjutorem,
2516 4512 2570 4551 et
2628 4509 2932 4552 nostrorum
3006 4504 3386 4571 imperatorum

128 4601 287 4665 έταξε
314 4598 461 4664 ξίφει
490 4586 877 4661 ἀποτμηθῆναι
905 4593 1001 4659 τὴν
1031 4592 1272 4660 κεφαλὴν
1302 4589 1394 4641 τοῦ
1430 4592 1706 4657 μάρτυρος

127 4693 235 4761 πρὸ
261 4686 608 4757 τῆς,πόλεως
641 4683 963 4747 Βυζαντίου,
1013 4683 1183 4734 εἰπών
1210 4700 1223 4713 ’
1289 4682 1567 4745 Ἀκάκιον,
1616 4682 1707 4734 τὸν

128 4784 237 4835 τῶν
287 4778 595 4831 Γαλιλαίων
650 4778 941 4845 σύμμαχον
976 4776 1067 4826 καὶ
1130 4774 1606 4841 λιποτακτήσαντα
1634 4777 1698 4841 τῇ

131 4871 429 4943 συμμαχίᾳ
483 4871 591 4939 τῶν
643 4866 1020 4939 τροπαιούχων
1063 4864 1483 4935 αὐτοκρατόρων
1527 4864 1705 4933 ἡμῶν,

127 4966 223 5035 βία
256 4962 437 5031 ταύτῃ
464 4962 664 5030 μᾶλλον
697 4958 1071 5026 αἱρησαμενον
1110 4959 1171 5009 τὸ
1208 4958 1359 5019 τέλος
1390 4955 1555 5008 αὑτοῦ
1589 4957 1708 5009 θᾶτ-

1820 4592 2034 4658 tropzeis
2086 4591 2376 4659 insignium
2418 4592 2768 4652 desertorem,
2802 4594 2889 4659 qui
2946 4607 3168 4661 operam
3217 4597 3385 4655 dedit,

1816 4694 1871 4736 ut
1894 4686 2290 4750 quamprimum
2327 4684 2444 4734 vitae
2471 4699 2579 4735 suae
2609 4686 2766 4736 tinem
2804 4684 2962 4741 talem
2992 4685 3216 4751 videret,
3245 4687 3391 4742 sicut

1796 4773 2133 4843 'quwstioues
2168 4772 2232 4825 de
2269 4788 2333 4826 eo
2369 4774 2523 4826 factae
2552 4774 2852 4827 docuerunt
2887 4790 2900 4826 :
2941 4776 3104 4833 hunc.
3138 4778 3384 4844 inQuam,

1818 4867 2086 4918 hominem
2125 4865 2323 4932 legibus
2360 4880 2460 4917 non
2496 4865 2833 4918 obedientem
2869 4866 3103 4920 tribunal
3138 4878 3381 4921 nostrqu

1812 4956 1962 5022 jubet
1997 4956 2170 5022 gladio
2204 4954 2432 5021 percuti,
2467 4964 2519 5005 et
2551 4955 2727 5021 capite
2763 4955 2981 5027 privari.

128 5076 220 5113 τον
258 5057 415 5121 ίδεῖν,
467 5055 542 5116 ὡς
575 5052 750 5123 ἡκατ⁸
784 5052 944 5103 αὑτὸν
990 5050 1236 5114 ἐξέτασις
1289 5050 1397 5102 τῶν
1427 5050 1703 5118 στρέὕλων
1744 5048 2016 5111 ἐδίδαξεν,
2090 5045 2275 5099 τοῦτον
2309 5048 2518 5100 κελεύει
2549 5048 2609 5099 τὸ
2655 5049 3006 5119 δικαστήριον
3062 5051 3170 5113 τοῖς
3201 5052 3385 5122 νόμοις

134 5153 209 5221 μὴ
244 5148 573 5216 πειθόμενον
613 5147 755 5213 ξίφει
785 5148 882 5213 τὴν
919 5145 1159 5213 κεφαλὴν
1192 5143 1562 5209 ἀποκοπῆναι.

201 5241 331 5293 ΚΒ’,
386 5240 474 5300 Ὧς
501 5237 556 5290 δὲ
586 5236 726 5304 ἔγνω
759 5238 786 5287 6
836 5238 1103 5306 μακάριος
1137 5236 1234 5301 τῆς
1273 5236 1517 5304 κλήσεως
1541 5234 1702 5287 αὐτοι

131 5334 510 5401 τελειούμενον
563 5328 623 5379 τὸ
689 5328 889 5397 ἔργον,
951 5326 1356 5395 βραϐεύσαντος
1408 5323 1559 5392 αὑτῷ
1610 5324 1702 5375 τοῦ

137 5425 455 5492 ιινεύματος
484 5419 577 5472 τοῦ
611 5419 787 5485 ἁγίου,
818 5418 1117 5485 ἀνεϐόησεν
1148 5415 1242 5466 καὶ
1274 5410 1426 5466 εἶπεν
1453 5429 1465 5443 ·
1515 5415 1579 5465 ’Ὠ
1607 5414 1705 5465 πό-

134 5532 247 5577 σοις
269 5515 529 5582 στόμασι,
564 5510 793 5580 Χριστέ,
840 5508 1121 5578 εὐλογήσω
1174 5522 1253 5570 σε,
1292 5505 1439 5574 ζωῆς
1469 5504 1701 5575 ἀρχηγὲ,

136 5609 230 5662 Υίέ
254 5605 353 5657 τοῦ
388 5603 525 5656 Θεοῦ
567 5601 661 5654 τοῦ
714 5601 937 5663 ζῶντος,
972 5599 1055 5651 ὅτι
1110 5596 1282 5660 οὕτως
1341 5596 1587 5666 ἐλεήμων
1618 5598 1712 5648 καὶ

138 5700 498 5774 μακρὸθιίμος
521 5690 573 5747 si
605 5695 691 5748 ἐπ’
716 5692 839 5762 ἐμὲ,
868 5693 958 5743 τὸν
986 5690 1331 5760 ἁμαρτωλὸν,
1368 5690 1446 5750 είς
1475 5688 1715 5771 τοιοῦτον

136 5770 343 5867 λιλῆρον
377 5787 725 5854 καταξιώσας
770 5801 856 5853 με.
915 5785 1024 5836 Καὶ
1059 5782 1323 5850 ἀπαχθεὶς
1356 5782 1459 5847 ἔξω
1489 5781 1585 5851 τῆς
1620 5780 1713 5831 πό-

1884 5227 2049 5282 XXII.
2086 5230 2272 5283 Postea
2312 5244 2458 5292 vero,
2497 5245 2652 5296 quam
2704 5230 2891 5284 beatus
2939 5230 3173 5285 Aeacius
3225 5247 3385 5285 voca-

1816 5322 1978 5374 tionis
2041 5336 2152 5373 sua:
2205 5335 2340 5388 opus
2393 5321 2614 5390 jamjam
2675 5322 3056 5390 perliciendum
3114 5326 3383 5390 cognovit,

1816 5413 2020 5479 Spiritu
2079 5420 2269 5464 sancto
2323 5411 2393 5464 ita
2445 5414 2791 5473 decernente,
2844 5412 3086 5467 clamans
3135 5416 3213 5468 sic
3257 5416 3382 5468 ait:

1811 5503 1981 5569 Quam
2032 5503 2214 5555 multis
2268 5504 2462 5571 linguis
2517 5515 2565 5557 te
2617 5505 2834 5558 laudare
2882 5504 3096 5572 vellem,
3147 5505 3381 5571 Christe,

1812 5597 1924 5650 Dux
1963 5596 2104 5657 vita},
2137 5602 2191 5648 et
2242 5592 2341 5646 Fili
2385 5596 2498 5661 Dei,
2540 5598 2791 5663 quoniam
2845 5596 2916 5649 ita
2975 5598 3282 5650 misericors
3331 5609 3383 5649 et

1812 5687 2077 5754 benignus
2113 5700 2171 5739 es
2207 5686 2256 5737 in
2293 5699 2376 5738 me
2430 5687 2661 5754 peccatis
2711 5688 3024 5752 obnoxium,
3058 5689 3145 5756 qui
3197 5700 3250 5741 et
3291 5690 3381 5743 tali

1815 5792 1959 5836 sorte
1994 5793 2079 5834 me
2132 5777 2378 5847 dignatus
2438 5778 2604 5834 fuisti.
2657 5779 2894 5849 Cumque
2946 5781 3138 5836 ductus
3194 5781 3380 5837 luisset
