4196 6306
815 346 921 410 2Δ3

2123 338 2400 398 MENSIS
2443 336 2703 396 MAIUS.

3930 315 4033 378 244

818 457 922 511 bus
954 456 1022 525 (is
1051 462 1168 510 erat
1201 452 1431 525 pulcher
1456 454 1795 517 Bonifacius,
1822 469 1929 508 non
1960 451 2162 520 ingenii
2196 451 2372 504 solum
2402 452 2448 509 Α

2402 452 2448 509 Α
2480 449 2573 499 καὶ
2597 451 2660 516 τῇ
2698 447 2831 512 πρὸς
2882 444 3049 512 αὐτὴν
3103 441 3304 510 ευνοίᾳ,
3341 436 3519 505 πολλῷ
3544 435 3599 489 δὲ
3628 434 3717 488 καὶ
3746 429 4030 502 ὡραιότητι

817 547 1041 603 solertia
1073 554 1129 601 et
1176 548 1228 600 in
1279 562 1399 600 eam
1438 545 1840 607 benevolentia,
1906 544 2002 599 sed
2070 544 2231 596 etiam
2268 541 2371 594 alia

816 644 1002 707 specie
1032 640 1191 708 longe
1222 639 1513 707 superans)
1540 654 1649 691 non
1683 638 1931 693 honestis
1958 636 2215 690 utebatur
2241 649 2375 687 con-

814 728 1219 796 gressionibus;
1262 744 1370 782 non
1402 720 1670 782 erubesco
1703 729 1846 783 enim
1877 729 1995 781 haec
2019 727 2221 787 dicere,
2249 739 2372 779 eum

815 820 975 884 paulo
1009 829 1132 888 post
1165 822 1366 889 possim
1408 820 1697 872 ostendere
1761 835 1888 873 vere
1921 817 2163 871 divinam
2202 812 2375 867 etad-

815 908 1117 962 Inirabilem
1168 909 1547 961 mutationem.
1614 907 1831 975 Alioqui
1890 911 2071 960 adtem
2156 919 2184 978 a
2246 904 2374 955 vino

811 1000 1032 1069 quidem
1076 1007 1133 1054 et
1156 1000 1434 1054 amoribus
1472 1001 1795 1053 vincebatur
1833 1001 1901 1051 ab
1942 997 2097 1050 initio
2136 1012 2149 1048 :
2185 994 2279 1047 sed
2317 1004 2372 1047 et

813 1093 1059 1160 pecuniae
1105 1101 1221 1144 erat
1283 1102 1626 1160 contemptor
1691 1087 2374 1159 magnilicentissimus,et

811 1183 879 1238 ad
905 1199 998 1237 eas
1019 1185 1307 1260 egentibus
1325 1182 1731 1237 distribuendas
1756 1183 1913 1249 longe
1934 1178 2372 1236 liberalissimus,

814 1282 871 1327 et
905 1274 1264 1343 hospitalitati
1314 1275 1551 1339 deditus,
1583 1276 1626 1328 si
1656 1273 1797 1327 ullus
1835 1272 1995 1324 alius.
2039 1269 2093 1322 Si
2157 1266 2375 1334 quando

809 1380 940 1434 ergo
985 1366 1212 1422 vidisset
1270 1367 1484 1435 aliquos
1536 1382 1602 1420 ex
1638 1356 1962 1426 viatoribus,
1999 1370 2091 1413 aut
2139 1366 2274 1411 azstu
2320 1364 2375 1413 et

813 1456 905 1509 siti
946 1457 1239 1524 eliquatos,
1294 1467 1389 1510 aut
1421 1456 1546 1512 nive
1581 1466 1637 1509 et
1682 1455 1886 1523 frigore
1948 1458 2256 1510 concretos,
2281 1459 2376 1501 aut

809 1548 913 1601 alia
945 1548 1152 1605 ratione
1200 1550 1399 1603 itinere
1431 1557 1703 1617 gravatos,
1743 1547 1857 1614 ipse
1889 1544 2150 1595 festinans
2186 1540 2375 1593 hilari-

811 1649 895 1690 ter
915 1638 995 1691 eis
1026 1639 1138 1691 ibat
1165 1640 1405 1703 obviam,
1440 1648 1496 1690 et
1520 1638 1744 1707 rogabat
1773 1645 1832 1689 ut
1858 1650 1885 1688 a
1914 1634 2098 1687 labore
2153 1632 2374 1710 requie-

811 1741 1031 1785 scerent
1060 1748 1072 1785 :
1109 1741 1162 1786 et
1194 1747 1317 1785 cum
1349 1732 1664 1791 cessissent,
1696 1731 1747 1783 in
1775 1729 1996 1782 domum
2023 1742 2175 1782 suam
2201 1727 2372 1779 intro-

812 1823 1006 1877 ductos
1043 1823 1281 1894 liospitio
1329 1825 1562 1894 benigne
1625 1822 1955 1892 accipiebat,
2009 1820 2271 1874 etverbis
2319 1826 2375 1871 et

808 1913 969 1968 factis
993 1930 1185 1969 eorum
1224 1933 1440 1971 omnem
1484 1915 1837 1984 propulsabat
1866 1911 2197 1965 molestiam.
2250 1908 2375 1963 Haec

808 2006 973 2059 etiam
999 2015 1126 2060 ante
1153 2007 1475 2077 martyrium
1504 2005 1777 2060 ornabant
1804 1999 2164 2056 Bonifacium.
2190 2000 2373 2069 Neque

806 2102 891 2148 est
920 2095 1011 2150 ille
1044 2096 1386 2151 solummodo
1419 2093 1815 2149 examinandus
1846 2102 1903 2146 et
1956 2089 2286 2160 spectandus
2309 2103 2377 2147 ex

807 2186 968 2243 aliis:
993 2186 1087 2240 sed
1115 2196 1243 2240 sunt
1267 2188 1431 2241 etiam
1448 2185 1822 2256 coniungenda
1840 2200 1924 2247 ea,
1950 2197 2073 2251 qua:
2102 2190 2229 2234 sunt
2263 2193 2370 2231 me-

806 2275 966 2329 liora.
988 2276 1300 2332 Bonifacius
1312 2277 1458 2332 enim
1476 2276 1682 2345 aliquid
1704 2275 1922 2345 quidem
1948 2270 2237 2340 voluptati,
2254 2270 2373 2339 plu-

812 2368 1006 2422 rimam
1028 2386 1156 2424 vero
1178 2381 1387 2437 partem
1408 2372 1659 2426 tribuens
1688 2372 1899 2436 virtuti,
1923 2380 1978 2425 et
2000 2367 2366 2438 pulcherrima

807 2476 1007 2527 genera
1030 2462 1245 2515 virtutis
1266 2473 1514 2517 accurate
1535 2478 1820 2526 exercens,
1841 2478 1906 2517 ne
1923 2471 2070 2516 esset
2091 2458 2367 2529 perfectus

813 2569 960 2608 rans.

878 2645 966 2700 ιιι.
992 2646 1263 2702 Caeterum
1304 2666 1411 2706 non
1437 2652 1610 2705 multo
1638 2651 1930 2721 interiecto
1956 2660 2222 2719 tempore,
2250 2643 2368 2700 ιπεε

809 2751 1028 2806 quoque
1054 2737 1225 2804 labes,
1270 2746 1525 2811 tanquam
1559 2741 1613 2795 in
1651 2750 1767 2797 toto
1808 2741 2015 2795 mundo
2054 2747 2109 2794 et
2136 2736 2367 2809 pulchro

808 2843 1061 2896 corpore,
1098 2829 1323 2893 eluitur,
1364 2840 1421 2885 et
1472 2832 1620 2901 quod
1670 2849 1735 2884 ex
1775 2832 1911 2884 vitio
1966 2827 2369 2896 suscipiebatur

806 2917 1071 2977 dedecus,
1125 2919 1325 2985 tegitur
1361 2920 1520 2986 longe
1566 2919 1758 2988 majori
1811 2918 2003 2987 gloria.
2036 2917 2153 2969 Non
2203 2917 2368 2968 susti-

809 3008 932 3061 nuit
963 3008 1110 3062 enim
1144 3007 1410 3063 Dominus
1435 3008 1715 3079 despicere
1743 3009 2003 3069 animam,
2030 3006 2169 3059 adeo
2216 3002 2369 3056 omni

2479 540 2585 591 τῶν
2609 539 2779 592 ἄλλων
2807 534 3057 606 κρατῶν)
3095 534 3301 603 μίξισιν
3345 531 3405 583 οὐ
3460 529 3651 589 καλαῖς
3684 523 3919 595 ἐχρῆτοθ
3977 522 4031 574 οὐ

2478 631 2587 697 γὰρ
2608 629 2932 696 αἰσχύνομαι
2961 626 3133 678 ταῦτα
3166 624 3359 690 λέγων,
3402 623 3540 688 ἔχων
3571 617 3665 670 καὶ
3719 613 4033 684 μετ”όλίγον

2475 721 2646 784 δεῖξαι
2678 719 2828 771 θείαν
2845 719 3010 791 ὅντως
3029 717 3118 769 καὶ
3146 714 3453 783 θαυμασίαν
3481 708 3804 780 μεταϐολήν.
3833 705 4037 765 Ἄλλως

2474 832 2534 865 τε
2565 813 2619 864 δὲ
2659 814 2751 865 καὶ
2785 810 2929 863 οἴνου
2991 808 3087 878 μὲν
3143 807 3360 873 ἐρώτων
3410 802 3471 855 τὸ
3525 798 3802 867 καταρχὰς
3859 791 4033 866 ἥττων

2476 902 2542 976 ἦν
2562 921 2576 934 ·
2596 905 2653 956 οὐ
2677 903 2784 972 μὴν
2800 899 2967 955 τᾶλλα
2986 902 3223 962 τοιοῦτος
3280 900 3414 952 ἀλλὰ
3446 900 3539 950 καὶ
3556 895 3848 964 χρημάτων
3875 892 4036 957 ὑπερο

2473 1000 2641 1066 ὀπτης
2666 995 2857 1065 κομιδὴ
2885 991 3421 1062 μεγαλοψυχὼτατος,
3446 992 3538 1041 καὶ
3568 985 3839 1068 δεομένοις
3868 981 4037 1034 ταῦτα

2475 1092 2747 1158 διανεῖμαι
2800 1086 3248 1157 φιλοτιμώτατος,
3304 1084 3397 1135 καὶ
3428 1080 3731 1150 φιλοξενίαν
3770 1078 3929 1144 εἴπερ
3957 1089 4039 1134 τις

2478 1183 2633 1243 ἄλλος
2663 1182 3169 1250 φιλοφρονέστατος.
3220 1177 3415 1231 Ὁπότε
3445 1174 3575 1242 γοῦν
3610 1174 3705 1226 ἴδοι
3750 1171 3902 1232 τινὰς
3931 1167 4037 1221 τῶν

2476 1272 2918 1339 ὁδοιπορούντων,
2947 1272 2978 1342 ἢ
3011 1270 3249 1323 καύσωνι
3275 1269 3367 1321 καὶ
3410 1265 3552 1334 δίψει
3593 1262 3951 1331 τηκομὲνους,
4002 1260 4033 1328 ἢ

2476 1366 2613 1433 χιόνι
2642 1365 2734 1415 καὶ
2756 1363 2916 1434 ψύχει
2959 1361 3537 1434 προσπηγνυομένους,
3562 1358 3594 1424 ἢ
3628 1356 3798 1416 ἄλλως
3836 1355 3902 1403 ὲκ
3940 1349 4037 1419 τῆς

2474 1456 2781 1525 ὁδοιπορίας
2822 1455 3241 1525 βαρυνομένους,
3289 1452 3449 1514 αὐτὸς
3474 1448 3813 1506 ἐπισπεύδων
3838 1446 4036 1515 ἱλαρῶς

2476 1550 2704 1617 ὑπήντα,
2728 1551 2818 1600 καὶ
2851 1548 2941 1600 τοῦ
2974 1547 3174 1617 μόχθου
3196 1542 3671 1598 διαναπαύσασθαι
3716 1539 4037 1608 παρεκάλει,

2476 1640 2570 1693 καὶ
2602 1641 2851 1706 εἴξαντας
2889 1641 2965 1702 εἰς
2998 1639 3094 1708 τὴν
3120 1638 3298 1689 οἰκίαν
3328 1632 3636 1702 εἰσαγαγὼν
3666 1631 3867 1699 ἐξένιζε
3893 1630 4041 1698 φιλο·

2477 1733 2710 1801 φρὸιως,
2746 1732 2837 1785 καὶ
2884 1731 3063 1798 λόγοις
3095 1730 3211 1797 ἆμα
3249 1728 3341 1780 καὶ
3371 1727 3550 1798 ἔργοις
3586 1727 3702 1778 πᾶν
3722 1725 3856 1792 ὅπερ
3897 1718 4039 1790 εἶχον

2477 1826 2637 1894 ἀηδὲς
2670 1824 2867 1876 διέλυε.
2890 1821 3076 1874 Ταῦτα
3105 1822 3197 1879 καὶ
3234 1821 3339 1889 πρὸ
3368 1819 3461 1871 τοῦ
3488 1814 3789 1888 μαρτυρίου
3813 1812 4037 1880 ἐκόσμει

2472 1917 2562 1975 τόν
2607 1916 2956 1983 Βονιφάτιον·
3018 1916 3113 1966 καὶ
3162 1914 3261 1982 οὐχ
3292 1910 3477 1973 ἁπλῶς
3534 1910 3738 1961 ἐκεῖνον
3771 1905 3881 1958 ἀπὸ
3932 1902 4036 1955 τῶν

2471 2006 2646 2059 ἄλλων
2684 2008 3063 2073 δοκιμαστέον,
3088 2003 3226 2055 ἀλλὰ
3259 2001 3556 2054 συναπτέον
3590 2000 3808 2060 πάντως
3854 1995 3951 2048 καὶ
3974 1994 4040 2047 τὰ

2475 2095 2742 2164 βελτίονα.
2783 2096 3099 2162 Βονιφάτιος
3133 2095 3240 2162 γὰρ
3261 2094 3320 2145 ea
3353 2092 3451 2160 μὲν
3481 2091 3660 2159 ἡδονῇ,
3693 2087 3752 2142 τὸ
3778 2088 3962 2139 πλεῖον
3984 2083 4039 2142 δὲ

2475 2187 2569 2240 καὶ
2608 2188 2675 2255 τῇ
2734 2187 2902 2257 ἀρετῇ
2933 2186 3133 2254 νέμων,
3170 2184 3264 2235 καὶ
3315 2182 3384 2235 τὰ
3421 2180 3685 2234 κάλλιστα
3709 2178 3806 2245 τῆς
3838 2174 4040 2243 ἀρετῆς

2477 2278 2593 2347 εῐδη
2644 2277 2781 2347 πρὸς
2832 2277 3117 2346 ἀκρίϐειαν
3148 2274 3430 2346 ἠσκηκὼς,
3475 2272 3537 2323 τὸ
3566 2272 3639 2338 μὴ
3667 2269 3870 2329 τέλειος
3900 2261 4038 2317 εἶναι

2479 2370 2630 2439 παρὰ
2671 2371 2832 2441 μόνου
2859 2369 2952 2423 τοῦ
2994 2369 3067 2438 μὴ
3104 2368 3394 2438 σωφρονεῖν
3417 2361 3702 2416 ἐκωλύετο.

2403 2472 2468 2509 ex
2496 2458 2600 2513 hoc
2661 2462 2776 2515 solo
2818 2461 3236 2529 prohibebatur,
3267 2457 3416 2526 quod
3447 2474 3558 2512 non
3610 2463 3756 2512 esset
3824 2462 4038 2523 tempe-

2541 2642 2616 2700 Γ.
2648 2644 2793 2716 Πλὴν
2823 2642 2883 2697 οὐ
2921 2643 3055 2697 πολὺ
3084 2641 3144 2697 τὸ
3168 2641 3224 2694 ἐν
3263 2637 3414 2711 μέσῳ
3482 2638 3576 2689 καὶ
3608 2638 3635 2689 ὁ
3673 2634 3858 2695 anno;
3882 2625 4036 2691 οὗτος

2467 2738 2720 2805 καθάπερ
2742 2736 2846 2807 ὅλῳ
2880 2735 3107 2806 καθαρῷ
3158 2733 3252 2788 καὶ
3294 2728 3613 2802 περικαλλεῖ
3640 2726 3849 2797 σώματι
3883 2726 4041 2787 ἑκκα-

2464 2830 2737 2898 θαίρεται·
2801 2832 2894 2882 καὶ
2943 2830 2976 2899 ἡ
3028 2831 3093 2881 ὲκ
3145 2827 3237 2880 τοῦ
3296 2825 3501 2886 πάθους
3540 2820 3769 2891 αἰσχύνη
3829 2818 4038 2889 μείζονι

2467 2923 2645 2992 πολλῷ
2664 2922 2790 2993 δόξῃ
2814 2921 3294 2989 περικαλύπτεται.
3321 2920 3396 2972 Οὐ
3416 2920 3522 2987 γὰρ
3548 2915 3808 2986 ἠνέσχετο
3834 2914 4037 2983 Κύριος

2465 3013 2641 3082 ψυχὴν
2668 3011 2807 3065 οὕτω
2849 3012 3095 3082 παριδεῖν
3124 3012 3191 3063 τὰ
3226 3011 3401 3062 πάντα
3447 3007 3640 3076 καλὴν,
3675 3005 3794 3066 ὲνὶς
3827 3003 4036 3063 πάθους

806 3114 874 3152 ex
906 3110 1063 3169 parte
1089 3100 1399 3169 pulchram,
1430 3110 1701 3170 perpetuo
1749 3099 2025 3169 inquinari
2062 3099 2226 3153 unius
2247 3097 2364 3151 vitii
2397 3127 2439 3183 ο

2397 3127 2439 3183 ο
2474 3106 2653 3175 αἴσχει
2680 3104 2767 3159 διὰ
2800 3104 2983 3165 τέλους
3012 3101 3331 3172 μολύνεσθαι
3351 3118 3365 3133 ο
3390 3099 3504 3154 ἀλλ’
3532 3098 3790 3166 εὑδόκησε
3823 3094 4037 3154 πάντως

807 3190 1146 3257 turpitudine
1179 3207 1192 3242 :
1230 3190 1325 3243 sed
1348 3192 1553 3258 placuit
1585 3191 1812 3243 omnino
1850 3190 2165 3242 divinarum
2200 3191 2368 3242 ratio-

807 3294 939 3332 num
974 3278 1395 3347 dispensationi,
1430 3280 1725 3350 martyrico
1754 3280 1921 3333 etiam
1952 3279 2215 3349 sanguine
2242 3294 2371 3348 pur-

809 3386 1040 3442 pureum
1060 3380 1120 3425 et
1135 3371 1343 3439 regium
1367 3372 1417 3425 ei
1438 3373 1675 3425 colorem
1698 3371 1905 3425 indere.
1930 3371 2180 3436 Quonam
2207 3372 2369 3423 modo

807 3471 993 3520 autem
1027 3462 1133 3514 hoc
1162 3462 1532 3526 sitelfeetum,
1596 3472 1652 3515 et
1702 3462 1977 3528 quodnam
2033 3462 2103 3513 sit
2160 3463 2368 3529 jactum

804 3551 1222 3607 fundamentum
1262 3553 1531 3621 martyrii,
1563 3559 1750 3619 parata
1774 3560 1858 3604 est
1916 3551 2120 3605 docere
2162 3552 2367 3605 oratio.

806 3644 999 3702 Adhuc
1024 3645 1245 3715 quidem
1282 3643 1498 3714 vigebat
1544 3643 1857 3712 persecutio
1900 3643 1952 3695 in
2004 3642 2366 3705 Christianos,

805 3744 863 3788 et
885 3723 1152 3802 profunda
1188 3736 1275 3789 illa
1301 3735 1473 3805 caligo
1507 3736 1929 3795 simulacrorum
1976 3745 2151 3788 totum
2204 3734 2368 3789 simul

808 3826 1106 3894 occupabat
1162 3824 1466 3882 Orientem.
1495 3826 1658 3880 Subit
1679 3836 1861 3879 autem
1914 3826 2062 3879 illius
2092 3828 2368 3879 dominam

809 3917 1069 3972 salutaris
1097 3917 1373 3988 cogitatio,
1408 3927 1462 3973 et
1488 3932 1586 3972 cor
1615 3918 1736 3987 ejus
1771 3926 2021 3987 penetrat
2068 3918 2367 3973 vehemens

807 4009 1080 4077 quoddam
1120 4019 1172 4064 et
1198 4011 1461 4064 invictum
1488 4011 1824 4067 desiderium
1848 4012 2203 4083 reliquiarum
2224 4028 2370 4065 mar-

810 4112 1008 4171 tyrum.
1043 4101 1309 4167 Quoniam
1334 4118 1465 4156 vero
1489 4102 1832 4159 existimabat
1851 4104 2126 4158 Bonifaeio
2160 4104 2367 4157 nullum

810 4206 933 4244 esse
972 4190 1301 4251 fideliorem,
1335 4200 1430 4244 aut
1461 4192 1527 4246 ad
1552 4193 1607 4246 in
1644 4191 1731 4247 bis
1752 4194 2105 4247 serviendum
2136 4194 2369 4262 diligen-

810 4282 1027 4338 tiorem.
1063 4283 1113 4337 ei
1136 4283 1281 4337 sicut
1336 4285 1610 4339 carnalem
1674 4294 1729 4339 et
1781 4294 2017 4356 turpem,
2081 4286 2153 4340 ita
2203 4287 2367 4339 etiam

807 4373 1133 4429 laudabilem
1162 4384 1216 4427 et
1240 4376 1457 4429 beatum
1478 4392 1721 4431 amorem
1746 4379 2136 4440 communicat,
2164 4386 2221 4431 et
2241 4394 2365 4431 eum

2471 3200 2759 3267 θειοτέρων
2788 3198 2963 3264 λόγων
3015 3194 3316 3262 οἰκονομία,
3359 3193 3454 3247 καὶ
3496 3187 3818 3261 μαρτυρικῷ
3846 3186 4040 3253 αἵματι

2470 3290 2731 3360 ἁλουργὲς
2789 3289 2923 3358 αὐτῇ
2968 3288 3060 3341 καὶ
3114 3285 3389 3357 βασιλικὸν
3445 3284 3644 3354 χρῶμα
3697 3279 4035 3351 περιϐαλεῖν.

2472 3387 2659 3446 Ὅπως
2688 3385 2742 3436 δὲ
2766 3384 2925 3436 τοῦτο
2952 3382 3373 3451 διῳκονόμηται,
3406 3380 3495 3432 καὶ
3524 3371 3611 3429 οἷα
3645 3375 3725 3444 τῷ
3754 3372 4044 3443 μαρτυρίιμ

2470 3475 2875 3540 καταϐέϐληται
2914 3475 2946 3541 ἡ
2975 3474 3200 3541 κρηπῖς,
3234 3472 3457 3541 Δἕτοιμος
3482 3467 3751 3518 διδάσκειν
3803 3468 3831 3515 ὁ
3858 3464 4036 3527 λόγος.

2474 3564 2725 3631 Ἤκμαζε
2771 3537 2868 3630 μὲν
2901 3537 3105 3613 καινέτι
3149 3563 3175 3611 ό
3209 3537 3347 3609 κατὰ
3394 3556 3733 3623 Χριστιανῶν
3777 3553 4037 3619 διωγμὸς,

2469 3658 2563 3710 καὶ
2595 3657 2622 3709 δ
2652 3655 2925 3715 είδωλικὸς
2956 3654 3161 3713 ἐκεῖνος
3192 3650 3282 3706 καὶ
3316 3648 3482 3717 βαθὺς
3506 3646 3646 3699 κατὰ
3689 3644 3870 3714 πάσης
3902 3641 4038 3709 ὁμοῦ

2468 3750 2751 3817 τῆςἜῴας
2782 3745 3073 3814 ἐπεκράτει
3092 3742 3248 3809 ζόφος
3269 3758 3282 3771 ·
3308 3738 3673 3807 ὑπέρχεταιδὲ
3695 3738 3797 3806 τὴν
3828 3735 4037 3788 ἐκείνου

2469 3841 2754 3892 δέσποιναν
2779 3838 3042 3904 σωτήριος
3073 3834 3352 3902 λογισμὸς,
3371 3833 3465 3885 καὶ
3486 3832 3582 3898 τὴν
3605 3830 3837 3897 καρδίαν
3866 3827 4039 3893 αὐτῆς

2469 3930 2739 4000 διατρέχει
2782 3926 2978 3997 δριμύς
3022 3942 3102 3986 τις
3159 3924 3296 3994 ἔρως
3364 3924 3455 3975 καὶ
3504 3922 3716 3989 ἄμαχος
3764 3918 4039 3985 λειψάνων

2473 4020 2842 4093 μαρτυρικῶν.
2909 4017 3059 4071 Ἐπεὶ
3131 4015 3187 4068 δὲ
3234 4014 3422 4069 οὐδένα
3473 4007 3799 4076 Βονιφατίου
3838 4007 4039 4075 μᾶλλον

2467 4116 2652 4184 ἡγεῖτο
2713 4110 3049 4177 πιστότερον,
3090 4108 3124 4174 ἢ
3155 4104 3419 4165 τοιούτοις
3474 4100 3771 4169 ὑπουργεῖν
3802 4096 4040 4167 ἐμμελὲ-

2471 4222 2559 4258 στε
2572 4222 2682 4273 ρον,
2709 4201 2898 4254 τοῦτον
2920 4199 2982 4267 δὴ
3013 4198 3107 4250 καὶ
3136 4195 3406 4257 κοινωνὸν,
3433 4192 3622 4262 ὥσπερ
3642 4191 3739 4251 τοῦ
3769 4188 4037 4261 σαρκικοῦ

2470 4296 2563 4366 καὶ
2607 4293 2826 4360 ἀτίμου,
2858 4289 3028 4351 οὕτως
3056 4287 3162 4357 ἄρα
3190 4288 3283 4339 καὶ
3321 4284 3414 4337 τοῦ
3452 4283 3737 4336 ἐπαινετοῦ
3769 4300 3829 4337 τε
3863 4297 4041 4351 μακα-

2475 4387 2598 4455 ρίου,
2630 4385 2860 4435 ποιεῖται
2906 4380 3125 4451 ἔρωτος.
3165 4379 3270 4432 Καὶ
3303 4376 3609 4441 ἰδιαζόντως
3647 4375 4035 4429 ἀπολαϐοῦσα·

809 4479 1056 4520 seorsum
1105 4466 1401 4535 accipiens,
1445 4466 1583 4531 Seis,
1643 4469 1843 4537 inquit,
1891 4470 2081 4532 frater,
2112 4468 2367 4537 qualibus
2401 4455 2442 4509 υ

2401 4455 2442 4509 D
2476 4471 2661 4540 Οἶδας,
2696 4477 2881 4544 φησιν,
2941 4472 3152 4539 ἀδελφὲ.
3205 4473 3344 4533 οἵαις
3379 4469 3827 4537 συνεχράνθημεν
3851 4468 4035 4535 ἁμαρ-

813 4556 986 4609 simus
1031 4556 1367 4624 coinquinati
1420 4559 1679 4625 peccatis,
1727 4575 1832 4615 nee
1869 4560 2030 4614 nobis
2059 4565 2204 4614 curae
2245 4574 2367 4615 esse

810 4646 1040 4715 aliquid,
1081 4646 1224 4715 quod
1249 4656 1629 4718 exspectamus
1679 4650 1920 4705 futurum
1978 4660 2037 4703 ut
2111 4652 2369 4703 sistamur

812 4747 937 4792 ante
962 4739 1151 4802 Deum,
1174 4748 1228 4792 et
1260 4755 1354 4807 pro
1404 4741 1487 4793 his
1515 4742 1695 4810 gravia
1742 4741 2037 4797 subeamus
2077 4741 2365 4810 supplicia.

810 4836 1079 4889 Caeterum
1109 4836 1291 4891 audivi
1322 4837 1606 4906 aquodam
1649 4838 1766 4891 viro
1794 4841 1907 4906 pio,
1945 4839 2089 4907 quod
2142 4839 2188 4895 si
2244 4838 2369 4907 quis

808 4942 926 4990 eos,
982 4927 1073 4996 qui
1131 4938 1359 4997 propter
1407 4929 1685 4983 Christum
1734 4929 1872 4998 passi
1906 4939 1962 4982 et
1996 4930 2173 4983 affecti
2242 4939 2370 4982 sunt

813 5019 1097 5088 martyrio,
1125 5019 1176 5069 in
1233 5019 1439 5071 honore
1486 5019 1740 5073 habuerit
1763 5028 1818 5074 et
1870 5018 2125 5079 coluerit,
2178 5034 2369 5088 magna

812 5111 1059 5178 quredam
1134 5119 1189 5164 ct
1216 5111 1468 5178 praeclara
1497 5125 1621 5167 eum
1679 5112 1825 5167 illinc
1857 5126 1924 5164 ex
1966 5127 2031 5165 eo
2081 5120 2261 5165 niatiet
2289 5127 2371 5163 re-

812 5203 1140 5261 muneratio.
1171 5213 1227 5256 et
1256 5202 1469 5264 eadem,
1499 5219 1605 5271 qua
1636 5203 1736 5267 illi,
1765 5202 1977 5257 fruetur
2001 5201 2359 5257 beatitudine.

815 5295 966 5348 Multi
1010 5302 1193 5351 autem
1229 5310 1374 5349 nunc
1426 5310 1667 5362 quoque.
1703 5305 1761 5347 ut
1814 5295 1985 5355 aiunt,
2022 5310 2121 5363 pro
2151 5292 2370 5355 Christo

814 5388 1039 5457 pulchra
1072 5387 1278 5441 adeunt
1328 5387 1646 5440 certamina.
1679 5385 1757 5439 Tu
1821 5402 1948 5439 vero
1982 5386 2205 5455 (etenim
2256 5386 2367 5452 jam

812 5480 962 5536 venit
995 5489 1227 5545 tempus,
1254 5488 1310 5530 ut
1342 5494 1495 5530 meus
1530 5477 1783 5532 ostendat
1813 5477 2146 5539 Bonifacius,
2173 5492 2279 5545 qua
2300 5477 2370 5527 sit

809 5571 866 5624 in
923 5586 1023 5625 nos
1056 5570 1384 5640 .aﬂ'ectione)
1416 5571 1478 5623 ad
1534 5571 1648 5626 haec
1683 5570 1814 5623 mihi
1868 5570 2090 5627 inscrvi.
2122 5578 2176 5622 et
2222 5568 2369 5621 omni

812 5662 995 5727 studio
1024 5678 1089 5716 eo
1123 5662 1343 5721 vadens,
1381 5675 1612 5729 prapera
1648 5663 1710 5715 ad
1748 5679 1828 5715 me
1861 5662 2054 5716 afferre
2079 5662 2283 5731 aliquid
2340 5678 2369 5716 c

809 5754 979 5810 Sacris
1002 5756 1084 5809 his
1115 5755 1397 5825 reliquiis:
1431 5766 1485 5808 ut
1517 5771 1636 5810 cum
1662 5771 1753 5809 cas
1778 5756 2071 5812 honoriﬁce
2103 5754 2370 5823 deposue-

2468 4570 2632 4630 τίαις,
2667 4567 2831 4637 μηδέν
2855 4583 2908 4618 τι
2942 4564 3131 4632 μέλλον
3154 4564 3307 4632 ἡμῖν,
3336 4562 3419 4614 ὅτι
3440 4560 3557 4626 Θεῷ
3584 4559 4039 4626 παραστήσεσθαι

2470 4658 2858 4731 προσδοκῶμεν
2898 4656 2990 4708 καὶ
3020 4653 3259 4723 χαλεπὰς
3285 4652 3490 4706 τούτων
3519 4652 3773 4718 ὑποσχεῖν
3814 4651 3916 4715 τὰς
3952 4667 4037 4703 κο-

2469 4754 2654 4814 λάσεις
2674 4767 2686 4780 ·
2732 4749 2871 4819 πλὴν
2891 4748 3001 4802 ἀλλ’
3020 4745 3298 4817 ἐπυθόμην
3320 4745 3462 4807 τινὸς
3481 4743 3585 4795 τῶν
3608 4742 4037 4813 εὐσεϐεστέρων,

2468 4846 2544 4907 ὡς
2571 4847 2620 4897 εῖ
2656 4861 2739 4906 τις
2764 4845 2890 4904 τοὺς
2920 4842 3007 4893 διὰ
3040 4839 3274 4911 Χριστὸν
3310 4836 3584 4898 παθόντας
3613 4837 3703 4887 καὶ
3746 4835 4032 4904 μαρτυρή·

2472 4954 2669 4996 σαντας
2701 4934 2788 4987 διὰ
2817 4935 2977 5002 τιμῆς
3013 4930 3259 4999 μετέλθοι
3284 4927 3377 4982 καὶ
3403 4928 3719 4998 θεραπείας.
3755 4926 3927 4995 πολλή
3957 4944 4038 4986 τις

2470 5027 2634 5081 αὑτοῦ
2668 5022 2873 5077 ἐκεῖθεν
2904 5023 2998 5075 καὶ
3027 5020 3252 5091 λαμπρὰ
3285 5020 3567 5089 περιμένει
3610 5017 3903 5081 ἀντίδοσις,
3943 5018 4039 5069 καὶ

2468 5119 2564 5184 τῆς
2589 5114 2755 5183 αὐτῆς
2784 5115 3010 5173 ἐκείνοις
3044 5110 3340 5168 ἀπολαύσει
3377 5108 3796 5178 μακαριότητος.
3843 5107 4039 5160 Πολλοὶ

2470 5208 2525 5261 δὲ
2552 5208 2647 5260 καὶ
2671 5204 2784 5265 νῦν,
2815 5203 2887 5265 ὥς
2921 5196 3104 5270 φασιν.
3140 5204 3195 5257 ὲν
3226 5204 3289 5269 τῇ
3330 5200 3484 5269 Ἀσίᾳ
3519 5197 3623 5251 ὑπὸ
3670 5196 3916 5268 Χριστοῦ
3948 5196 4037 5248 τὸν

2472 5297 2634 5356 καλὸν
2688 5294 2875 5362 ἀγῶνα
2919 5291 3367 5359 διαγωνίζονται’
3412 5290 3475 5341 σὺ
3506 5287 3561 5340 δὲ
3591 5285 3717 5359 (καὶ
3768 5288 3882 5357 γὰρ
3914 5288 4041 5357 ἣκει

2473 5390 2682 5457 καιρξιῖ,
2717 5389 2863 5447 ὅπως
2910 5385 3038 5456 περὶ
3090 5385 3235 5452 ἡμᾶς
3277 5381 3387 5449 ἔχει
3411 5381 3496 5433 τὸν
3534 5380 3660 5447 ὲμδν
3698 5380 4037 5448 φανήσεσθαι

2474 5480 2819 5547 Βονιφάτιον)
2880 5477 3012 5544 πρὸς
3064 5474 3236 5528 ταῦτα
3296 5492 3383 5542 μοι
3437 5469 3915 5539 καθυπούργησον,
3947 5470 4041 5519 καὶ

2474 5572 2677 5644 σπουδῂ
2708 5573 2771 5641 τῇ
2806 5569 2957 5641 πάσῃ
2992 5568 3453 5637 παραγενόμενος,
3487 5565 3590 5617 τῶν
3630 5565 3800 5632 ἁγίων
3832 5565 4039 5616 τούτων

2471 5663 2738 5732 λειψάνων
2789 5664 3015 5730 ἀγαγεῖν
3057 5660 3358 5729 ἐπείχθητι,
3410 5659 3484 5720 ὡς
3532 5659 3613 5729 ῥν
3632 5658 3865 5727 ἐντίμως
3902 5657 4043 5731 αὐτα

2473 5755 2859 5825 καταθέμενοι,
2931 5754 3023 5807 καὶ
3081 5756 3254 5824 ἱεροὺς
3309 5751 3780 5822 ἐπιδημησάμενοι
3830 5748 4033 5807 οἴκουςε
