4196 6306
183 318 293 383 245

1406 337 1587 395 VITA
1630 338 1691 395 S.
1737 335 2148 402 BONIFACII.

3304 351 3407 413 246

182 436 427 499 φύλακάς
458 453 516 488 τε
549 437 771 503 αὐτοὺς.
793 443 886 495 καὶ
918 445 1166 515 σωτῆρας
1190 447 1480 510 διαπαντὸς
1504 449 1715 518 ἔχοιμεν

1816 449 2041 512 ,rimus,
2071 462 2125 507 et
2149 468 2332 509 sacras
2359 454 2506 509 ardes
2530 456 2611 511 eis
2640 456 3109 525 aediﬁcaverimus,
3148 478 3242 516 eos
3268 480 3412 519 sem-

181 524 367 578 Ἰἀῦτα
392 528 529 594 προς
562 530 726 584 αὐτὸν
754 535 1028 603 εἰρηκυῖα,
1058 538 1180 591 ἐπεὶ
1209 539 1345 610 πρὸς
1372 541 1563 594 ἑκόντα
1596 541 1746 608 ἔλεγε

180 614 276 671 καὶ
327 617 604 688 πρόθυμον
644 621 742 691 τὴν
800 623 1124 693 ὑπηρεσίαν,
1188 632 1414 699 χρυσίον
1451 632 1745 701 ἐγχειρίζει

181 703 370 772 συχνόν
391 722 402 734 °
428 707 547 760 οὐδὲ
585 710 691 780 γὰρ
719 712 843 781 ἐξῆν
871 714 1124 782 λείψανόν
1145 735 1198 771 τι
1238 720 1514 790 μάρτυρος
1548 726 1745 791 προῖκα

177 795 380 861 λαὸεἶν,
417 800 547 853 ἀλλὰ
594 804 651 857 τὸ
711 806 841 858 πολὺ
891 809 998 861 τῶν
1029 811 1370 878 Χριστιανῶν
1425 816 1552 884 περὶ
1606 817 1743 868 αὐτὰ

178 890 399 961 φίλτρον
456 896 724 963 πορισμοῦ
781 903 890 961 τοῖς
940 902 1162 955 ἀσεϐέσι
1223 906 1495 976 πρόφασις
1526 904 1613 975 ἦν,
1650 911 1743 960 καὶ

178 982 371 1034 πολλοῦ
407 985 540 1053 πρὸς
568 987 810 1052 ἐκείνους
839 993 975 1045 αὐτὰ
1006 996 1268 1065 παρέχειν
1306 1000 1503 1051 ἐποίει.
1535 1001 1739 1053 Τούτου

173 1072 267 1124 οῦν
293 1074 478 1139 ἓνεκα,
535 1081 726 1147 συχνὸν
746 1084 809 1133 τὸ
838 1087 1073 1152 χρυσίον,
1125 1091 1218 1138 καὶ
1248 1089 1333 1140 ἵνα
1368 1093 1463 1144 καὶ
1515 1093 1742 1163 πένησιν

173 1167 255 1226 εἰς
298 1168 558 1237 διανομὴν
625 1173 854 1243 ἀρκέσῃ.
894 1177 1281 1247 Συνεκπέμπει
1330 1182 1387 1234 δὲ
1431 1185 1527 1236 καὶ
1560 1187 1744 1251 ἱππεῖς

172 1254 397 1315 δώδεκα.
436 1259 583 1327 μύρα
606 1279 663 1312 τε
695 1265 788 1315 καὶ
822 1266 1065 1328 σινδόνας
1095 1272 1188 1323 καὶ
1239 1267 1408 1325 τᾶλλα
1442 1276 1541 1329 ὅσα
1573 1297 1740 1348 προσ-

169 1346 303 1411 ῆκον
358 1349 439 1409 εἰς
492 1352 657 1421 τιμὴν
688 1355 800 1415 τοῖς
833 1356 1030 1422 ἁγίοις.
1070 1358 1232 1412 Ἀλλὰ
1264 1368 1590 1432 προσεκτέον
1615 1384 1627 1398 ο
1658 1372 1742 1420 ὲν-

168 1437 346 1489 ταῦϐα
383 1441 484 1511 γὰρ
524 1444 729 1513 ἥκομεν
752 1446 879 1500 ἔνοα
915 1450 1011 1503 καὶ
1039 1453 1099 1503 τὸ
1146 1453 1239 1505 τοῦ
1274 1455 1612 1527 διηγήματος
1645 1479 1739 1531 χασ-

169 1545 474 1594 ριεστατον.

237 1709 309 1763 Δ’.
358 1711 445 1772 Ὠς
475 1714 577 1783 ἤδη
621 1719 848 1787 πορείας
906 1722 1128 1791 ἔμελλεν
1156 1729 1183 1779 ό
1214 1730 1529 1796 Βονιφάτιος
1560 1733 1731 1787 ἄπτε-

166 1803 314 1866 σβαι,
355 1802 536 1867 εὐθὺς,
568 1804 757 1877 ὥσπερ
788 1810 891 1862 ὑπὸ
913 1814 1179 1883 γραμμῆς
1226 1819 1326 1886 τὴν
1355 1820 1549 1873 ἑαυτοῦ
1575 1821 1731 1890 νίκην

163 1893 259 1942 καὶ
307 1893 397 1944 τὸν
430 1896 693 1963 στέφανον
742 1905 1166 1971 προσημαίνων,ο
1195 1908 1253 1960 Εἰ
1282 1907 1335 1962 δέ
1360 1928 1496 1976 πως,
1528 1912 1653 1984 ἔφη.
1686 1912 1731 1966 ὦ

159 1983 439 2048 δέσποινα,
470 1991 674 2058 ταύτης
715 1993 812 2060 μὲν
865 1996 1186 2067 διαμαρτεῖν
1217 2004 1315 2071 τῆς
1344 2004 1728 2075 ἐγχειρήσεως,

160 2073 418 2143 δεύτερος
447 2078 523 2141 δὲ,
561 2081 588 2133 ὃ
615 2101 769 2150 φασι,
809 2087 977 2151 πλοῦς
1011 2091 1069 2143 τὸ
1095 2093 1225 2161 ἐμόν
1262 2112 1343 2148 σοι
1378 2073 1733 2169 σῶμαπροσ-

161 2166 442 2237 ανεχθείη,
473 2172 579 2239 ἄρα
608 2190 689 2226 σοι
727 2178 791 2229 ἂν
818 2179 975 2232 τοῦτο
1025 2185 1243 2254 μέτριον
1284 2188 1367 2257 εἴη
1403 2191 1497 2241 τοῦ
1527 2193 1729 2244 σκοποῦ

164 2256 534 2325 παραμύθιον,
588 2264 680 2315 καὶ
716 2270 879 2335 τιμῆς
919 2271 1065 2334 ἄξιον
1094 2276 1241 2340 παρὰ
1270 2256 1363 2333 σοῦ
1406 2282 1726 2349 νομισθείης

161 2343 275 2395 Καὶ
311 2346 478 2399 ταῦτα
515 2352 611 2415 μὲν
636 2352 765 2414 ἴσως
808 2352 1013 2419 ἐκεῖνος
1056 2362 1264 2424 παίζων
1318 2368 1453 2434 πρὸς
1496 2371 1591 2437 τὴν
1640 2374 1729 2425 δές

162 2448 390 2484 σποιναν
429 2436 458 2502 ἢ
496 2439 845 2503 σπουδάζων·
889 2445 916 2494 ό
958 2445 1012 2498 δὲ
1044 2448 1176 2510 Θεὸς
1222 2452 1283 2504 τὸ
1318 2454 1510 2522 μέλλον
1543 2436 1728 2531 ὥσπερ

156 2522 245 2573 διὰ
277 2523 376 2591 τῆς
436 2526 643 2579 ἐκείνου
699 2535 1073 2606 προηγόρευσε
1126 2542 1390 2614 γλώττης.
1436 2550 1499 2601 Ἦ
1547 2553 1730 2619 μέντοι

171 2614 393 2681 Ἀγλαΐς
417 2634 428 2646 ·
464 2621 541 2676 Οὐ
568 2624 778 2693 καιρὸς,
834 2627 958 2699 ἔφη,
1010 2632 1314 2700 Βονιφάτιε,
1373 2641 1586 2704 παιδιᾶς
1612 2646 1731 2697 οὐδὲ

159 2706 342 2773 λόγων
401 2712 679 2781 τοιούτων,
723 2712 798 2769 ὧν
851 2721 1228 2792 ἀποσχόμενον
1287 2730 1529 2795 εὐλαϐῶς
1587 2735 1729 2805 ἔχειν

160 2799 544 2869 πρθτρέπθμαι
617 2806 711 2856 κλὶ
771 2811 1046 2875 κοσμίως,
1118 2816 1238 2867 ἐπεὶ
1306 2823 1397 2872 καὶ
1471 2826 1728 2892 τοιούτοις

157 2889 457 2957 ὑπηρετεῖν
490 2894 724 2961 μέλλεις,
759 2890 833 2950 ὧν
857 2901 1022 2968 ἡμᾶς,
1058 2903 1132 2974 μὴ
1163 2907 1241 2957 ὅτι
1272 2925 1332 2975 γε
1361 2912 1573 2978 ψαύειν,
1597 2889 1730 2973 ἀλλα

155 2980 254 3039 καὶ
289 2981 510 3049 βλέπειν
567 2988 691 3050 τοὺς
745 2991 999 3056 ἀναξίους
1056 2997 1357 3069 πάντολμον
1407 3006 1499 3057 καὶ
1533 3006 1727 3075 Θρασύ.

1853 556 1949 608 per
1984 542 2280 598 habeamus
2313 548 2574 601 custodes
2600 557 2657 602 et
2684 562 3013 607 servatores.
3052 555 3175 607 Haec
3204 572 3328 612 cum
3359 557 3411 612 ei

1851 631 2098 695 dixisset,
2129 645 2185 689 et
2215 651 2272 689 se
2296 637 2530 692 libenter
2560 640 2610 692 id
2647 640 3013 696 ministerium
3046 656 3410 716 promptoque

1848 733 1902 776 et
1927 726 2091 778 alacri
2114 728 2299 781 animo
2327 729 2604 784 obiturum
2629 733 2978 797 ostendisset,
3009 739 3171 791 tradit
3204 740 3252 792 ei
3273 741 3412 792 mul-

1850 810 1959 867 tum
1992 817 2132 871 auri.
2169 816 2355 886 Neque
2388 822 2533 874 enim
2560 823 2757 877 licebat
2788 827 2953 893 gratis
2982 829 3235 895 accipere
3273 832 3410 885 ullas

1846 917 2145 976 martyrum
2183 911 2466 979 reliquias,
2495 914 2590 966 sed
2627 915 3071 971 Christianorum
3102 938 3329 990 magnus
3359 924 3411 975 in

1845 1011 1933 1050 eas
1961 1013 2132 1060 amor,
2166 1010 2283 1054 erat
2310 1002 2491 1070 impiis
2518 1019 2681 1058 causa
2714 1007 2874 1070 lucri,
2919 1020 2973 1061 et
3024 1010 3295 1064 alliciebat
3354 1025 3413 1065 ut

1844 1090 2063 1143 nonnisi
2096 1093 2277 1159 magni
2332 1109 2426 1147 eas
2459 1105 2671 1163 emptas
2699 1098 3026 1165 prwberent.
3058 1100 3131 1155 Ea
3160 1102 3225 1155 de
3248 1120 3411 1159 causa

1846 1178 2013 1233 mittit
2041 1182 2266 1234 multum
2292 1184 2435 1246 auri,
2464 1196 2519 1239 et
2553 1197 2612 1240 ut
2644 1189 2805 1242 etiam
2843 1190 3089 1254 haberet,
3120 1197 3263 1261 quod
3296 1198 3409 1249 dis—

1846 1271 2112 1326 tribueret
2138 1278 2489 1344 pauperibus.
2521 1278 2689 1332 Mittit
2742 1292 2922 1334 autem
2954 1298 3075 1335 cum
3111 1300 3176 1337 eo
3236 1302 3410 1355 equos

1842 1378 2058 1432 quoque
2089 1366 2401 1431 duodecim,
2437 1378 2491 1423 et
2534 1381 2905 1439 unguentum,
2935 1384 2991 1427 et
3051 1376 3332 1442 sindonas,
3356 1391 3412 1432 et

1840 1471 2181 1527 quaecunque
2209 1460 2309 1513 alia
2336 1462 2458 1514 usui
2487 1471 2645 1515 erant
2676 1463 2743 1515 ad
2777 1465 3126 1521 honorandos
3164 1480 3405 1524 sanctos.

1844 1546 1951 1602 Sed
1984 1559 2069 1603 est
2092 1550 2484 1606 attendendum
2512 1569 2526 1618 ;
2560 1553 2667 1608 huc
2699 1555 2844 1608 enim
2887 1558 3155 1623 venimus,
3198 1560 3288 1613 ubi
3324 1572 3408 1616 est

1839 1644 2084 1699 narratio
2108 1645 2524 1714 jucundissima.

1908 1735 1994 1789 IV.
2024 1735 2157 1789 Cum
2181 1739 2291 1806 jam
2333 1738 2644 1793 Bonifacius
2704 1752 2850 1795 esset
2896 1742 2998 1797 iter
3039 1744 3402 1813 ingressurus,

1833 1827 2014 1880 statim
2046 1831 2200 1895 quasi
2251 1830 2509 1897 graphice
2549 1833 2834 1886 victoriam
2865 1849 3016 1887 suam
3049 1845 3105 1888 et
3138 1852 3399 1890 coronam

1831 1914 2295 1983 praesignificans:
2332 1913 2386 1971 Si
2414 1916 2570 1983 forte,
2607 1920 2803 1987 inquit,
2827 1921 3112 1980 odomina.
3142 1925 3404 1991 quemad-

1832 2005 2053 2059 modum
2086 2008 2373 2077 contingit,
2409 2017 2466 2060 ut
2494 2010 2594 2062 hoc
2620 2011 2838 2078 quidem
2866 2021 3048 2079 empto
3083 2013 3399 2069 frustreris:

1832 2096 2071 2150 secunda
2124 2112 2277 2159 vero,
2335 2104 2393 2150 ut
2422 2098 2599 2170 aiunt,
2654 2099 2947 2169 navigatio,
2998 2116 3179 2154 meum
3233 2102 3299 2156 ad
3349 2113 3400 2158 te

1832 2202 2031 2255 corpus
2083 2186 2316 2242 aﬂerat:
2378 2187 2616 2246 fueritne
2686 2190 2790 2244 hoc
2845 2190 2941 2243 tibi
2990 2192 3267 2246 mediocre
3327 2197 3402 2248 tui

1833 2276 2066 2331 instituti
2097 2294 2159 2332 ac
2199 2279 2347 2348 scopi
2398 2281 2678 2340 solatium.
2724 2291 2780 2335 et
2826 2282 2969 2350 apud
3004 2290 3053 2336 te
3094 2283 3403 2338 habendum

1832 2367 1886 2418 in
1943 2367 2192 2420 honore?
2238 2368 2307 2421 Et
2356 2370 2470 2423 haec
2521 2371 2743 2438 quidem
2801 2372 2891 2425 ille
2944 2375 3175 2427 fortasse
3236 2378 3405 2444 magis

1829 2458 2026 2512 ludens
2066 2458 2207 2525 apud
2256 2458 2552 2523 dominam,
2600 2477 2761 2528 quam
2802 2478 2969 2530 agens
3010 2466 3155 2517 serio
3190 2484 3201 2516 :
3255 2468 3400 2522 Deus

1829 2556 2008 2600 autem
2038 2546 2111 2606 id,
2159 2546 2303 2614 quod
2350 2558 2469 2600 erat
2513 2559 2780 2609 iuturum.
2830 2552 3079 2618 praedixit
3127 2569 3224 2622 per
3257 2556 3401 2613 illius

1830 2641 2090 2708 linguam.
2122 2640 2303 2708 Aglais
2337 2655 2467 2694 vero
2496 2657 2510 2693 :
2541 2641 2659 2695 Non
2703 2651 2808 2708 est,
2836 2658 2866 2697 o
2899 2643 3161 2708 Bonifaci,
3200 2647 3398 2716 inquit,

1833 2741 2045 2799 tempus
2094 2732 2337 2795 ludendi,
2386 2748 2562 2800 neque
2594 2734 2789 2787 horum
2841 2736 3156 2801 verborum,
3216 2741 3396 2808 aqui-

1831 2823 1930 2877 bus
1957 2823 2321 2877 abstinentem
2348 2824 2539 2893 jubeo,
2573 2836 2631 2878 ut
2664 2826 2751 2893 pie
2779 2835 2833 2879 et
2877 2828 3103 2881 honeste
3136 2838 3187 2882 te
3217 2846 3394 2899 geras.

1830 2918 1961 2972 Nam
2007 2918 2074 2972 iis
2118 2933 2179 2973 es
2213 2919 2601 2983 inserviturus,
2645 2935 2766 2988 quae
2806 2936 2909 2975 nos
2936 2937 3042 2977 non
3072 2924 3246 2977 solum
3278 2934 3395 2979 tan-

1829 3025 1976 3077 gere,
2038 3010 2131 3062 sed
2192 3011 2354 3063 etiam
2410 3012 2657 3079 aspicere
2716 3013 3005 3083 indignos,
3069 3017 3249 3071 nimia:
3311 3029 3397 3072 est

153 3073 385 3138 Τούτοις
412 3078 724 3147 ἀρκούντως
761 3086 1133 3157 ὲπιτιμήσασα
1168 3094 1260 3145 καὶ
1298 3096 1715 3166 ἐντρέᾠασα,κα“

1835 3099 2075 3154 audacia:
2108 3108 2161 3151 et
2194 3102 2535 3153 temeritatis.
2570 3102 2705 3154 Cum
2745 3104 2831 3157 his
2868 3106 2997 3158 satis
3032 3106 3393 3175 inerepasset,

149 3164 350 3236 ὥσπερ
382 3170 498 3221 ἀντὶ
531 3173 749 3235 παιδιᾶς
782 3178 1013 3247 ἀκαίρου
1050 3184 1131 3245 είς
1185 3187 1348 3253 φόϐον
1374 3164 1593 3259 εὔλογον
1621 3194 1717 3264 τὴν

150 3258 370 3309 ἐκείνου
391 3259 567 3331 ψυχὴν
587 3267 1000 3335 καταστήσασα,
1034 3266 1153 3325 εἶτα
1182 3277 1297 3339 καὶ,
1316 3277 1375 3329 Ὀ
1394 3279 1545 3343 Θεὸς,
1565 3258 1716 3339 ἐπεί-

148 3346 356 3410 ποῦσα,
391 3352 415 3400 ὁ
441 3348 507 3400 δι’
544 3347 688 3419 ἡμᾶς
728 3358 945 3429 μορφὴν
967 3360 1152 3415 δούλου
1190 3365 1364 3419 λαϐὼν
1391 3366 1485 3422 καὶ
1511 3372 1568 3423 τὸ
1591 3375 1717 3426 ἑαυ-

145 3442 242 3491 τοῦ
271 3435 414 3508 αἷμα
456 3444 671 3512 ἐκχέας,
721 3438 884 3512 αύτδς
914 3453 1133 3523 παρίδοι
1173 3457 1242 3511 τὰ
1269 3461 1583 3532 πταίσματά
1617 3483 1717 3535 μου

147 3529 243 3579 καὶ⁸
301 3530 590 3587 ἀποστελεῖ
639 3538 729 3590 τον
783 3540 1015 3608 ἄγγελον
1044 3546 1210 3599 αὐτοῦ
1264 3549 1571 3621 ἔμπροσθέν
1600 3574 1714 3623 σου,

145 3621 239 3671 καὶ
266 3621 597 3677 καοευθυνεί
629 3628 694 3682 τὰ
729 3630 1040 3701 διαδήματά
1066 3652 1158 3688 σου
1181 3654 1193 3667 ο
1227 3641 1362 3709 πρὸς
1382 3644 1591 3708 τούτοις
1624 3621 1719 3701 καί.

140 3712 335 3775 δεξιὰν
363 3715 509 3783 αύτῷ
548 3720 645 3789 τὴν
680 3721 936 3778 ἐπάνοδον
960 3727 1229 3799 εὐξαμένη
1282 3732 1578 3802 ἐξέπεμψε.
1616 3739 1717 3791 Τὸν

141 3801 198 3852 δὲ
228 3802 552 3870 Βονιφάτιον
584 3808 799 3880 ὤνησαν
833 3816 930 3882 μὲν
955 3817 1015 3868 ού
1049 3820 1282 3888 μετρίως
1312 3840 1371 3875 τε
1412 3801 1507 3879 καὶ
1542 3830 1589 3880 οἱ
1618 3829 1717 3899 τῆς

140 3891 439 3966 δεσποίνης
473 3898 644 3965 λόγοι,
670 3904 763 3957 καὶ
815 3906 951 3975 πρὸς
985 3910 1054 3963 τὰ
1086 3910 1204 3966 θεῖά
1231 3931 1290 3966 τε
1321 3918 1414 3967 καὶ
1448 3891 1717 3990 σεϐάσμία

141 3987 375 4055 περιδεῆ
413 3990 775 4059 κατέστησαν,
808 3996 931 4048 ὅθεν
967 3998 1088 4052 οὕτε
1128 4003 1304 4069 κρεῶν
1342 4005 1544 4072 ἥπτετο
1578 4011 1718 4064 κατὰ

140 4079 242 4145 τὴν
276 4080 532 4149 πορείαν,
560 4082 681 4134 οὔτε
716 4084 823 4152 μὴν
853 4090 981 4156 οἴνῳ
1008 4092 1204 4160 ἐχρῆτο
1228 4108 1242 4124 ο
1274 4095 1444 4166 εἰσῄει
1476 4099 1531 4150 δὲ
1555 4102 1716 4155 αὑτὸν

142 4174 241 4224 καὶ
276 4172 565 4242 λογισμὸς,
617 4174 802 4246 ὥσπερ
859 4182 1204 4252 παιδαγωγὸς
1250 4185 1472 4256 ἀγαθὸς,
1504 4190 1715 4263 ὅτιπερ,

140 4256 247 4315 Οἷα
277 4264 511 4332 δράσας,
554 4262 641 4318 οἷα
696 4269 877 4337 μέλλω
906 4277 1092 4342 χερσὶν
1134 4279 1386 4345 ἁνάγνοις
1422 4256 1716 4353 μετακομί-

138 4353 289 4420 ζειν;
328 4357 440 4408 Καὶ
457 4356 535 4426 τῷ
568 4358 674 4411 δέει
696 4361 872 4429 τούτῳ
899 4364 1080 4434 ἡρέμα
1102 4384 1153 4419 τι
1176 4370 1273 4436 τῆς
1307 4374 1445 4442 πρὸς
1476 4375 1534 4426 τὸ
1557 4377 1715 4445 σῶμα

1820 3201 1875 3247 et
1923 3181 2128 3260 pudere
2162 3190 2453 3254 all‘eeisset,
2497 3201 2552 3246 et
2584 3209 2681 3260 pro
2727 3194 2856 3251 ludo
2895 3196 3281 3264 intempestivo
3324 3201 3393 3253 ad

1815 3287 2022 3355 justum
2053 3294 2107 3338 et
2151 3283 2345 3337 rationi
2387 3296 2812 3338 consentaneum
2846 3298 3048 3340 metum
3080 3287 3231 3342 illius
3272 3289 3392 3343 ani-

1820 3391 1961 3428 mam
1997 3374 2330 3427 traduxisset
2359 3384 2413 3428 et
2441 3374 2665 3428 dixisset
2696 3393 2706 3427 :
2748 3377 2910 3439 Deus,
2946 3379 3037 3445 qui
3093 3381 3233 3431 servi
3278 3380 3391 3434 fur-

1820 3482 1962 3520 matn
1994 3476 2212 3534 propter
2237 3479 2335 3518 nos
2364 3466 2582 3534 accipit,
2627 3478 2683 3521 et
2724 3482 2882 3520 suum
2924 3468 3123 3524 effudit
3163 3473 3389 3540 sangui-

1818 3572 1966 3620 nem,
2000 3557 2112 3623 ipse
2140 3555 2206 3607 ad
2237 3570 2353 3608 mea
2384 3570 2492 3609 non
2543 3557 2772 3624 aspiciat
2829 3559 3048 3622 delicta,
3108 3569 3163 3614 et
3213 3564 3392 3619 mittat

1820 3647 2071 3716 angelum
2128 3663 2286 3700 suum
2318 3659 2445 3701 ante
2496 3657 2569 3707 te.
2621 3658 2677 3701 et
2723 3649 2924 3717 dirigat
2969 3666 3190 3720 gressus
3244 3664 3387 3711 tuos.

1823 3739 2028 3792 Deinde
2074 3738 2311 3791 faustum
2351 3741 2399 3791 ei
2450 3748 2666 3806 precata
2708 3739 2964 3803 reditum,
2991 3758 3115 3795 eum
3159 3745 3383 3799 emittit.

1820 3829 2095 3882 Bonifacio
2148 3843 2278 3882 vero
2326 3845 2434 3883 non
2488 3830 2842 3883 mediocriter
2890 3834 3112 3898 quidem
3168 3835 3389 3903 profue-

1820 3933 1950 3976 runt
1979 3922 2143 3975 verba
2173 3921 2428 3983 dominre,
2460 3930 2515 3974 et
2542 3929 2601 3973 ut
2637 3936 2723 3975 res
2752 3921 2967 3975 divinas
3007 3934 3063 3977 et
3100 3927 3387 3995 religiosas

1819 4019 2181 4073 revereretur,
2234 4010 2557 4064 eﬂ-‘ecerunt.
2614 4011 2751 4066 Hinc
2820 4014 3021 4067 factum
3084 4027 3278 4071 est'ut
3331 4021 3387 4073 in

1820 4102 2018 4155 itinere
2064 4115 2168 4154 nec
2221 4114 2415 4153 carnes
2461 4111 2730 4167 tangeret,
2791 4117 2893 4155 nec
2939 4106 3064 4157 vino
3114 4117 3382 4161 uteretur.

1820 4192 2049 4246 Subibat
2100 4200 2280 4245 autent
2328 4192 2447 4261 ejus
2512 4206 2732 4260 quoque
2789 4204 3028 4248 mentem
3103 4197 3384 4267 cogitatio,

1820 4282 1986 4335 veluti
2038 4282 2259 4351 quidam
2317 4281 2497 4335 bonus
2546 4283 2870 4353 paedagogus
2938 4303 2951 4339 :
3000 4288 3189 4352 Qualia
3259 4302 3387 4345 sunt

1820 4387 1940 4441 qua
1972 4372 2097 4437 feci,
2157 4381 2211 4425 et
2241 4372 2419 4440 qualia
2457 4388 2576 4425 sum
2624 4373 2854 4441 impuris
2901 4378 3154 4431 manibus
3198 4393 3386 4448 porta-

138 4447 534 4513 προσπαοείας
586 4449 981 4526 κατωλιγώρει,
1043 4457 1135 4510 καὶ
1197 4459 1372 4529 ἑαυτῷ
1428 4466 1713 4535 προσέχειν

1822 4464 2006 4516 turus?
2057 4464 2284 4530 Propter
2324 4462 2472 4517 hunc
2508 4474 2636 4517 vero
2684 4475 2911 4531 metum,
2960 4469 3163 4522 sensim
3210 4473 3387 4542 negli—

137 4537 398 4592 ἐπείθετο
418 4557 430 4570 ο
460 4540 620 4609 φόϐος
649 4542 748 4611 μὲν
776 4544 884 4615 γὰρ
910 4548 1094 4618 πατὴρ
1117 4552 1390 4622 προσοχῆς
1412 4570 1426 4584 ο
1464 4556 1495 4625 ἡ
1529 4556 1583 4608 δὲ
1614 4574 1715 4624 γα-

136 4628 307 4699 λήνης
343 4633 536 4702 μήτηρ
586 4635 679 4686 καὶ
707 4640 1115 4706 καταστάσεως,
1153 4643 1295 4717 αὕτη
1326 4646 1381 4698 δὲ
1406 4648 1502 4717 τὴν
1536 4650 1715 4702 συναίο

135 4720 358 4787 σθησιν,
413 4722 603 4793 ὥσπερ
630 4728 687 4780 ἐν
712 4727 971 4801 ἀταράχῳ
1001 4734 1109 4785 τινὶ
1132 4736 1227 4789 καὶ
1280 4738 1504 4809 καθαρῷ
1536 4740 1711 4803 ὕδατι,

132 4812 201 4864 τὰ
230 4813 413 4882 αὐτῆς
443 4813 604 4885 αἴσχη
647 4818 957 4874 διαϐλέπειν
1000 4827 1145 4876 ποιεῖ
1222 4828 1313 4879 καὶ
1349 4828 1521 4892 οὕτως
1548 4832 1713 4899 ἀρχαὶ

134 4903 229 4955 καὶ
266 4903 424 4974 ρίξαι
448 4904 542 4973 τῆς
579 4911 868 4974 μετανοίας
898 4913 1145 4978 φύονται,
1178 4917 1216 4986 ἢ
1248 4918 1311 4987 δὴ
1340 4920 1460 4973 τότε
1494 4922 1589 4977 καὶ
1612 4923 1711 4974 Βο-

133 4994 389 5060 νιφάτιογ
425 4995 600 5058 καλῶς
634 5002 967 5072 συνειλήφει,
995 5006 1090 5057 καὶ
1120 5007 1219 5078 ήδη
1253 5010 1387 5079 προς
1418 5011 1536 5080 βίου
1560 5015 1714 5086 ἀκρί-

131 5082 287 5138 δειαν
344 5088 633 5141 ἀπονεύων
688 5095 919 5162 φανερὸς
957 5092 1046 5165 ἦν,
1084 5101 1181 5165 τῆς
1240 5102 1337 5169 μὲν
1402 5108 1713 5174 παχυτέρας

131 5175 342 5245 ταύτης
374 5181 472 5232 καὶ
497 5184 752 5253 περιττῆς
777 5190 1001 5257 τροφῆς,
1020 5190 1208 5261 ὥσπερ
1248 5194 1475 5263 ἔφημεν,
1516 5200 1712 5267 ἀπεχό-

133 5285 318 5335 μενος,
354 5271 527 5339 εὐχῆς
549 5273 605 5325 δὲ
646 5275 985 5331 ἀδιαλείπτου
1027 5281 1121 5335 καὶ
1143 5286 1396 5353 νηστείας
1443 5291 1581 5343 κατὰ
1615 5291 1712 5360 τὴν

131 5362 369 5433 πορείαν
399 5362 680 5431 ἐχόμενος.

199 5623 275 5677 E'.
326 5624 487 5676 Ἐπεὶ
540 5623 594 5677 δὲ
650 5626 740 5680 καὶ
775 5629 970 5692 ἐπιϐὰς
1032 5634 1128 5700 τῆς
1185 5635 1367 5700 Ἀσίας
1419 5640 1558 5693 κατᾶ
1612 5643 1709 5715 τὴν

132 5714 491 5787 ὑμνουμένην
545 5717 642 5788 τῆς
680 5719 929 5787 Κιλικίας
961 5720 1172 5795 Ταρσὸν
1218 5727 1448 5798 ἐγένετο,
1483 5731 1609 5787 ἔνθα
1642 5734 1703 5806 δὴ

1817 4552 1975 4623 gebat
2005 4554 2290 4621 pristinam
2319 4569 2473 4607 suam
2503 4554 2558 4606 in
2591 4570 2791 4623 corpus
2821 4556 3192 4622 affectionem,
3222 4573 3277 4615 et
3322 4573 3383 4615 ut

1816 4646 1918 4699 sibi
1972 4645 2315 4707 attenderet,
2381 4644 2486 4696 sibi
2548 4647 2933 4713 persuadebat.
2994 4650 3128 4704 Nam
3205 4664 3385 4708 metus

1815 4737 2035 4806 quidem
2063 4747 2145 4791 est
2172 4745 2343 4790 mater
2368 4738 2774 4805 tranquillitatis
2811 4749 2865 4793 et
2896 4741 3134 4807 quietis;
3164 4761 3224 4797 ea
3255 4761 3385 4800 vero

1816 4829 1955 4898 parit
1983 4829 2395 4893 conscientiam,
2424 4845 2545 4897 quae
2594 4829 2744 4891 facit.
2790 4841 2849 4883 ut
2898 4832 3079 4886 anima
3126 4843 3385 4904 tanquam

1816 4921 1868 4973 in
1904 4937 2035 4987 pura
2065 4922 2241 4988 aliqua
2273 4929 2329 4973 et
2366 4936 2473 4973 non
2522 4922 2738 4982 turbata
2770 4938 2933 4991 aqua,
2969 4940 3066 4978 sua
3100 4926 3383 4983 intueatur

1816 5012 2080 5065 dedecora
2118 5026 2133 5065 :
2183 5021 2239 5064 et
2297 5010 2375 5065 sic
2428 5021 2733 5071 nascuntur
2778 5015 3043 5083 principia
3088 5026 3143 5070 et
3176 5020 3385 5076 radices

1815 5104 2165 5171 pcenitentiae.
2219 5104 2337 5157 Jam
2393 5114 2523 5156 tunc
2573 5115 2755 5157 autem
2795 5107 3019 5172 pulchre
3058 5124 3382 5177 conceperat

1814 5194 2145 5256 Bonifacius,
2177 5204 2231 5248 et
2260 5197 2367 5265 jam
2406 5206 2593 5263 aperte
2624 5198 2970 5259 ostendebat,
3004 5216 3061 5253 se
3114 5202 3381 5257 inclinare

1814 5284 1879 5337 ad
1911 5287 2073 5339 vitam
2102 5285 2398 5353 perfectam
2426 5297 2481 5338 et
2516 5297 2849 5349 accuratam,
2888 5298 2947 5343 ut
2979 5291 3071 5357 qni
3113 5308 3141 5344 a
3175 5296 3377 5348 crassis

1813 5376 2032 5442 quidem
2087 5387 2141 5428 et
2186 5377 2627 5445 supervacaneis,
2680 5388 2737 5432 ut
2782 5379 3042 5437 diximus.
3075 5383 3372 5439 abstineret

1814 5466 2108 5529 alimentis,
2162 5468 2395 5522 assiduis
2427 5484 2558 5523 vero
2586 5472 2844 5539 precibus
2873 5482 2928 5525 et
2955 5473 3180 5541 jejuniis
3213 5491 3381 5529 vaca-

1813 5566 1894 5610 ret
1924 5556 1975 5609 in
2004 5556 2223 5611 itinere.

1883 5650 1944 5705 V.
1991 5650 2279 5719 Postquam
2313 5660 2497 5706 autem
2539 5653 2872 5712 ascendisset
2900 5655 2950 5710 in
2983 5658 3189 5731 Asiam,
3218 5671 3271 5715 et
3314 5665 3381 5721 ad

1812 5739 2141 5796 celebratam
2174 5741 2229 5795 in
2278 5741 2465 5798 Cilicia
2519 5744 2860 5812 pervenisset
2892 5746 3151 5816 Tarsum,
3181 5766 3292 5820 quo
3321 5751 3381 5809 in
