4196 6306
773 352 879 415 251

2068 348 2351 408 MENSIS
2384 348 2646 411 MAIUS.

3923 355 4025 417 952

772 470 1003 525 dolore:
1052 476 1107 521 et
1154 476 1343 536 aperte
1387 466 1619 519 ostende
1649 473 1699 518 te
1749 462 1880 518 mihi
1917 479 2074 533 opem
2108 462 2249 517 ferre
2291 460 2350 515 ad

2465 460 2736 528 κουφίζων
2768 478 2834 531 με
2874 462 2972 530 τῆς
3011 462 3225 530 ὀδύνης,
3259 461 3350 515 καὶ
3393 464 3472 525 εἰς
3497 462 3591 532 τὴν
3629 463 3769 516 κατὰ
3796 464 3891 516 τοῦ
3936 467 4033 517 21.1.-

770 558 1065 629 parandam
1112 558 1399 611 victoriam
1452 555 1712 609 adversus
1770 553 2024 609 Satanam
2082 565 2137 608 ct
2202 554 2348 607 hunc

769 651 1081 721 przesidem.
1133 650 1240 704 Pro
1292 657 1345 703 te
1389 649 1535 703 enim
1590 656 1644 701 et
1693 655 1782 701 tua
1836 647 2030 716 gloria,
2091 656 2153 701 ut
2216 646 2345 708 scis,

770 746 1011 798 decerto.
1043 742 1168 796 llrec
1197 741 1355 805 dixit,
1384 748 1436 794 et
1459 747 1679 794 sanctos
1728 739 1891 793 simul
1925 739 2157 807 rogavit,
2206 747 2266 792 ut
2294 739 2346 793 ei

767 851 928 905 Opem
966 836 1171 887 ferrent
1204 834 1318 887 suis
1362 832 1618 901 precibus
1650 830 1717 883 ad
1745 831 2201 885 deccrtationem.
2250 831 2347 884 At-

768 942 877 996 que
918 925 992 978 illi
1024 924 1243 993 quidem
1264 923 1313 976 ei
1342 922 1711 991 precabantur
1754 921 2039 974 victoriam
2089 928 2144 974 et
2183 921 2345 975 linem

769 1016 1012 1087 martyrii
1050 1033 1064 1069 :
1098 1014 1310 1068 exstitit
1352 1022 1533 1065 autem
1567 1022 1695 1065 tunc
1728 1028 1951 1082 quoque
1994 1011 2198 1066 Christi
2236 1013 2347 1066 vir-

770 1109 904 1167 tutis
942 1123 1082 1176 opus
1122 1107 1280 1175 plane
1309 1104 1649 1159 admirabile.
1684 1104 1817 1157 Nam
1859 1120 1981 1157 cum
2010 1107 2342 1159 tormentum

765 1200 874 1266 jam
906 1205 1047 1250 eSset
1082 1206 1354 1264 paratum,
1379 1204 1433 1249 et
1469 1193 1782 1247 Bonifacius
1819 1203 2075 1262 tanquam
2121 1194 2343 1263 quidam

770 1298 1030 1343 strenuus
1074 1287 1278 1340 athleta
1328 1294 1519 1350 staret,
1564 1296 1886 1353 exspectans
1925 1285 2340 1340 adversarium:

767 1381 862 1438 alii
894 1393 1025 1434 vero
1057 1387 1354 1447 martyres,
1384 1385 1572 1445 utpote
1609 1392 1717 1431 non
1741 1378 1915 1431 solum
1951 1377 2340 1443 decertatores,

769 1472 865 1526 sed
903 1485 1095 1524 eorum
1127 1469 1312 1533 etiam,
1361 1484 1481 1537 quae
1527 1470 1579 1521 in
1624 1468 1725 1521 hoc
1767 1468 1985 1534 ﬁebant,
2026 1484 2181 1523 acres
2218 1485 2343 1540 spe-

770 1571 1025 1623 ctatores,
1053 1569 1107 1613 et
1131 1560 1304 1627 magis
1325 1575 1484 1628 quam
1514 1559 1599 1612 ille
1626 1560 1806 1614 animo
1832 1560 1999 1621 anxii;
2025 1562 2074 1615 ei
2097 1562 2339 1629 quidem,

773 1658 832 1703 ut
885 1649 1144 1713 diximus,
1200 1648 1361 1703 simul
1407 1658 1765 1717 precarentur
1826 1651 2146 1703 victoriam:
2213 1661 2343 1706 tunc

770 1754 894 1810 qua:
923 1748 1042 1793 erat
1072 1748 1400 1807 congregata
1443 1739 1627 1806 populi
1676 1726 1990 1805 multitudo,
2039 1750 2094 1794 et
2135 1743 2341 1811 alioqui

2458 556 2594 605 τανᾶ
2647 556 2741 605 καὶ
2775 553 2866 605 τοῦ
2892 556 3151 624 ἄρχοντος
3175 552 3329 606 τοῦδε
3359 555 3514 621 νίκην
3547 572 3638 622 μοι
3672 556 3872 623 φάνηθι
3911 574 4028 607 συν-

2457 646 2744 715 αιρόμενος
2768 665 2779 679 ’
2843 646 2935 699 σοῦ
2999 650 3105 717 γὰρ
3136 649 3325 699 ἕνεκεν
3353 650 3446 698 καὶ
3491 649 3588 715 τῆς
3620 648 3716 716 σῆς
3741 648 3920 715 δόξης,
3959 650 4029 709 ὡς

2456 733 2623 800 οἶδας,
2660 738 2973 808 ὑπεραθλῶ.
3010 739 3195 790 Ταῦτα
3240 737 3393 806 ἔλεγε
3418 756 3430 768 ο
3467 739 3557 790 καὶ
3584 738 3690 791 τῶν
3713 739 3887 805 ἁγίων
3916 740 4031 807 ἅμα

2456 827 2662 893 ἐδεῖτο,
2727 831 2915 897 εὐχαῖς
2996 828 3143 898 αὐτῷ
3210 830 3671 897 συνεπιλήψεσθαι
3733 832 3870 899 πρὸς
3929 833 4028 899 τὴν

2454 916 2699 985 ἄθλησιν,
2755 920 2815 970 0i
2851 918 2951 986 μὲν
3002 918 3093 971 οῦν
3120 918 3267 986 αὐτῷ
3310 921 3409 986 τήν
3444 937 3500 971 τε
3535 921 3690 988 νίκην
3717 920 3811 972 καὶ
3843 921 3903 973 τὸ
3935 922 4028 972 τοῦ

2457 1010 2757 1079 μαρτυρίου
2789 1011 2941 1071 τέλος
2965 1010 3280 1078 ἐπεύχοντο.
3308 1012 3522 1063 Γίνεται
3556 1012 3609 1063 δὲ
3638 1014 3729 1064 καὶ
3757 1013 3882 1065 τότε
3931 1013 4028 1079 τῆς

2451 1102 2545 1155 τοῦ
2593 1103 2831 1171 Χριστοῦ
2859 1104 3138 1171 δυνάμεως
3172 1102 3332 1169 ἔργον
3364 1103 3829 1172 ἀξιοθαύμαστον.
3874 1107 4025 1157 Ἐπεὶ

2452 1193 2557 1262 γὰρ
2601 1194 2699 1266 ἤδη
2730 1195 2823 1246 καὶ
2851 1196 2883 1262 ἡ
2912 1193 3142 1261 βάσανος
3173 1194 3455 1264 εὐπρεπὴς
3485 1190 3573 1263 ἦν,
3625 1196 3717 1246 καὶ
3751 1196 3777 1246 ὁ
3803 1197 4031 1263 Βονιιρά-

2450 1302 2560 1345 τιος
2586 1286 2779 1353 ὥσπερ
2807 1303 2888 1347 τις
2915 1285 3220 1354 παλαιστὴς
3243 1289 3491 1354 γενναῖος
3522 1288 3764 1355 εἱστήκει
3800 1291 4029 1355 περιμέ-

2450 1394 2555 1428 νων
2592 1376 2684 1427 τὸν
2709 1377 3144 1446 ἀνταγωνιστὴν,
3176 1379 3224 1428 al
3256 1377 3404 1430 ἄλλοι
3429 1378 3484 1428 δὲ
3515 1378 3813 1447 μάρτυρες,
3842 1379 3918 1440 ὡς
3964 1381 4027 1431 ἂν

2449 1466 2547 1518 οὐκ
2572 1468 2872 1533 ἀγωνιστα1⁸
2904 1467 3084 1536 μόνον,
3122 1467 3260 1519 ἀλλὰ
3289 1467 3382 1518 καὶ
3412 1466 3520 1517 τῶν
3558 1469 3649 1518 ἐπὶ
3688 1468 3863 1535 τούτῳ
3894 1467 4027 1535 δρω-

2454 1555 2628 1623 μένων
2685 1554 2877 1623 θερμο1¹
2937 1554 3146 1615 θεαταὶ,
3204 1557 3299 1607 καὶ
3347 1555 3546 1624 μᾶλλον
3576 1555 3608 1623 ἦ
3643 1556 3849 1615 ἐκεῖνος
3886 1556 4025 1618 ἀῖω’

2450 1646 2690 1709 νιῶντες,
2721 1646 2818 1714 τὴν
2854 1646 3032 1712 νίκην,
3070 1646 3257 1715 ὥσπερ
3314 1650 3544 1718 ἔφημεν,
3595 1649 4021 1716 συνεπηύχοντο·

2451 1736 2569 1788 τότε
2600 1738 2663 1804 δὴ
2691 1739 2748 1789 τὸ
2790 1739 3205 1807 συνειλεγμένον
3229 1740 3451 1807 πλῆθος,
3473 1740 3566 1792 καὶ
3596 1740 3769 1802 ἄλλως
3799 1742 3893 1791 καὶ
3923 1740 4025 1789 τῶν

770 1831 931 1885 exiis
970 1846 1091 1901 quae
1148 1839 1572 1899 praecesserant,
1624 1840 1771 1885 mota
1812 1840 1933 1885 erat
1974 1832 2348 1888 misericordia

2455 1828 2834 1899 προλαϐόντων
2875 1830 3016 1882 κατὰ
3059 1830 3280 1899 μικρὸν,
3352 1831 3511 1881 τοῦτο
3578 1832 3675 1898 μὲν
3716 1831 3851 1900 πρὸς
3911 1830 4027 1890 τοὺς

770 1932 1114 1994 martyrum:
1172 1922 1373 1991 partim
1419 1932 1603 1976 autem
1652 1937 1795 1991 aegre
1854 1922 2064 1977 ferebat
2122 1925 2343 1979 nimiam

770 2014 1025 2084 praesidis
1074 2013 1485 2075 crudelitatem,
1535 2022 1589 2066 et
1642 2025 1869 2083 propter
1935 2026 2166 2086 utraque
2230 2019 2347 2072 haec

771 2115 1088 2162 sanctorum
1122 2104 1177 2159 in
1207 2104 1374 2159 rebus
1416 2105 1625 2173 asperis
1657 2114 1712 2157 et
1732 2106 1992 2174 gravibus
2022 2124 2130 2161 non
2168 2110 2345 2162 solum

770 2197 1137 2260 tolerantiam,
1182 2194 1274 2249 sed
1335 2195 1499 2249 etiam
1556 2196 1801 2249 laetitiam
1849 2198 2126 2265 stupebat,
2168 2208 2223 2253 et
2270 2200 2349 2255 sic

768 2289 1145 2345 deducebatur
1183 2288 1250 2341 ad
1291 2288 1450 2341 [idem
1507 2289 1561 2339 in
1605 2287 1909 2351 Christum,
1976 2291 2227 2346 universa
2262 2309 2348 2348 re-

770 2391 932 2451 pente
964 2379 1126 2432 simul
1175 2379 1312 2431 tollit
1372 2377 1660 2431 eoal'usum
1711 2378 2023 2444 clamorem,
2065 2390 2120 2435 et
2165 2392 2347 2439 mente

768 2480 825 2525 et
858 2485 991 2523 voce
1020 2469 1457 2525 consentientem
1487 2484 1499 2520 :
1530 2468 1755 2539 Magnus
1787 2480 1871 2525 est
1911 2472 2055 2526 Deus
2081 2473 2347 2530 Christia-

768 2579 993 2629 norum;
1030 2578 1258 2632 magnus
1292 2578 1351 2616 es
1384 2562 1521 2626 Rex,
1552 2563 1769 2617 Christe
1796 2580 1809 2627 ;
1846 2580 2035 2619 omnes
2064 2567 2115 2617 in
2147 2578 2197 2618 te
2226 2583 2346 2622 cre-
2380 2549 2382 2553 ’

769 2655 973 2709 dimus.
1008 2654 1132 2708 Haec
1171 2664 1229 2708 et
1276 2669 1469 2707 omnes
1524 2654 1855 2716 clamabant,
1905 2664 1961 2707 et
1995 2657 2158 2709 simul
2197 2672 2345 2711 aram

770 2746 1038 2815 quidem,
1097 2761 1220 2813 quae
1275 2745 1387 2799 illic
1448 2752 1571 2807 est,
1637 2745 2000 2811 evertebant,
2059 2748 2346 2816 praesidem

769 2846 951 2889 autem
1008 2836 1286 2906 lapidibus
1354 2836 1704 2905 appetebant.
1775 2836 1867 2891 llle
1926 2854 2083 2905 vero,
2152 2841 2347 2895 timore

768 2928 998 2984 allectus
1020 2936 1075 2982 et
1097 2944 1209 2982 suae
1232 2930 1354 2984 vitae
1386 2936 1659 2991 metuens,
1690 2937 1751 2981 ut
1776 2928 1872 2996 qui
1916 2935 2133 2983 veniret
2170 2932 2223 2983 in
2256 2946 2350 2999 pe-

772 3018 1029 3080 riculum,
1073 3036 1139 3073 ne
1168 3035 1290 3072 mox
1326 3021 1554 3087 periret,
1582 3018 1707 3089 fuga
1733 3035 1845 3075 sua:
1895 3022 2058 3076 saluti
2082 3024 2343 3091 consulit,

770 3111 1009 3178 turpiter
1035 3111 1264 3165 dimisso
1302 3111 1536 3165 theatro.

840 3201 933 3255 1X.
990 3201 1116 3257 llzcc
1161 3204 1324 3257 alium
1382 3204 1604 3273 quidem
1653 3204 1902 3274 quamvis
1948 3205 2235 3260 cﬂ‘eratum
2287 3219 2343 3262 et

772 3294 1104 3359 immanem,
1153 3295 1233 3347 ira
1287 3304 1466 3347 tamen
1521 3296 1883 3363 placabilem,
1945 3300 2345 3364 persuasissent

770 3384 960 3439 eadem
992 3387 1217 3448 sentire,
1260 3401 1382 3455 qure
1413 3386 1528 3451 alii,
1565 3395 1621 3440 et
1659 3386 1973 3440 effecissent
1998 3396 2056 3441 ut
2085 3390 2151 3441 ad
2183 3390 2344 3442 Chri-

773 3485 917 3530 stum
948 3478 1235 3532 accederet
1268 3493 1282 3532 :
1320 3487 1373 3532 at
1399 3494 1508 3531 non
1540 3478 1692 3531 illum
1725 3478 2054 3534 sceleratum
2089 3490 2143 3535 et
2185 3496 2343 3535 exsc-

773 3567 1065 3620 crandum.
1103 3567 1209 3620 Sed
1238 3576 1450 3620 tantum
1481 3568 1676 3631 abluit,
1715 3578 1774 3621 ut
1815 3570 1929 3637 ipse
1959 3586 2023 3623 ex
2062 3572 2258 3627 timore
2292 3582 2346 3627 et

773 3674 839 3712 ex
890 3658 992 3712 hac
1046 3657 1355 3712 admirabili
1403 3658 1591 3728 populi
1661 3662 2065 3725 consensione,
2108 3664 2345 3730 aliquam

773 3751 1047 3818 acceperit
1075 3752 1391 3813 utilitatem,
1438 3762 1497 3805 ut
1535 3754 1790 3805 statuerit
1830 3753 1996 3805 etiam
2041 3767 2154 3806 rem
2188 3770 2346 3822 agere

776 3843 969 3908 majori
1004 3843 1380 3905 contentione,
1426 3851 1482 3895 et
1519 3842 1598 3893 ira
1647 3857 1774 3894 eum
1826 3842 2112 3904 incitante,
2174 3855 2349 3898 certa-

777 3948 901 3987 men
934 3933 1269 3987 instaurare.
1305 3933 1460 3988 Mane
1492 3950 1623 4002 ergo
1652 3934 1949 4003 prresidens
1976 3934 2030 3987 in
2063 3936 2347 3999 tribunali,

775 4039 901 4077 cum
932 4034 1176 4077 curasset
1208 4024 1260 4077 in
1295 4040 1454 4077 suum
1487 4035 1844 4092 conspectum
1886 4023 2115 4093 produci
2151 4036 2373 4097 martya

779 4128 917 4177 rem,
953 4124 1006 4167 et
1042 4115 1188 4169 illius
1216 4116 1581 4184 erprobrabat
1624 4118 1904 4184 pietatem,
1960 4127 2015 4171 et
2062 4119 2210 4185 quod
2248 4120 2352 4172 Do-

778 4205 960 4257 minus
987 4214 1173 4258 noster
1193 4206 1384 4259 fuisset
1421 4208 1737 4272 crucitixus,
1769 4208 2004 4263 ridebat.
2057 4211 2193 4263 Cum
2238 4210 2351 4264 haec

779 4304 965 4349 autem
1027 4312 1138 4348 non
1194 4297 1375 4351 ferens
1429 4308 1653 4369 martyr,
1707 4311 1961 4368 pergeret
2014 4302 2353 4368 gravioribus

781 4388 997 4456 probris
1051 4387 1292 4442 vicissim
1341 4390 1600 4444 insectari
1649 4390 1912 4460 judicem,
1960 4406 2057 4460 pro
2104 4391 2249 4445 veris
2298 4401 2355 4446 et

2452 1920 2738 1987 μάρτυρας
2778 1920 3164 1987 πταινόμενον,
3221 1919 3381 1971 τοῦτο
3415 1919 3471 1971 δὲ
3502 1924 3593 1970 καὶ
3630 1920 3764 1987 πρὸς
3814 1920 3875 1971 τὸ
3910 1918 4025 1969 λίαν

2448 2008 2595 2077 ὠμὸν
2638 2010 2731 2062 τοῦ
2762 2012 3023 2082 ἄρχοντος
3058 2014 3418 2081 δισχεραῖνον,
3452 2013 3545 2064 καὶ
3575 2011 3639 2062 δι’
3671 2014 3835 2079 ἄμφω
3856 2012 4026 2063 ταῦτα

2448 2102 2547 2170 τὴν
2580 2102 2672 2154 ἰπὶ
2706 2104 2817 2163 τοῖς
2866 2102 3060 2164 δεινοῖς
3110 2102 3218 2154 τῶν
3257 2102 3430 2168 ἁγίων
3462 2104 3560 2171 οὐχ
3592 2104 3716 2153 ὅσον
3747 2101 4025 2170 ὑπομονὴν

2450 2202 2587 2255 ἀλλὰ
2610 2202 2701 2253 καὶ
2726 2201 2919 2271 ἡδονὴν
2951 2200 3412 2269 ἐκπληττόμενον,
3454 2201 3547 2252 καὶ
3575 2199 3715 2252 οὕτω
3755 2200 3894 2268 1:95,-
3929 2198 4025 2267 τὴν

2450 2294 2529 2355 είς
2562 2292 2795 2361 Χριστὸν
2839 2292 2938 2362 ἤδη
2964 2290 3468 2362 χειραγωγούμενοι
3527 2291 3732 2351 πίστιν,
3771 2291 4024 2359 αἴρουσιν

2454 2387 2549 2457 μὲν
2578 2387 2727 2453 ἄφνω
2755 2386 2953 2446 πάντες
2980 2384 3107 2452 βοὴν
3130 2382 3408 2451 συμμιγῆ,
3446 2382 3547 2450 μιᾷ
3567 2382 3620 2432 δὲ
3655 2377 4023 2447 ὰνακρὶζουτι

2449 2478 2643 2547 γνώμῃ
2676 2494 2729 2529 τε
2759 2478 2852 2529 καὶ
2891 2464 3065 2545 φωνῇ,
3094 2474 3283 2541 Μέγας
3314 2477 3340 2526 ὁ
3372 2473 3502 2535 Θεὸς
3528 2472 3633 2525 τῶν
3659 2473 4023 2543 Χριστιανῶν⁸

2453 2570 2625 2638 μέγας
2651 2563 2719 2633 εἴ,
2750 2569 2949 2637 Χριστὲ
2983 2566 3226 2635 βασιλεῦ,
3250 2568 3448 2627 πάντες
3472 2568 3551 2627 εἰς
3580 2584 3634 2616 σε
3668 2565 4021 2632 πιστεύομεν.

2450 2661 2634 2714 Ταῦτα
2665 2661 2863 2722 πάντες
2890 2660 2945 2710 τε
2972 2655 3296 2725 ἀνέκραζον,
3321 2658 3414 2709 καὶ
3446 2656 3560 2723 ἅμα
3593 2658 3681 2707 τδν
3724 2656 3823 2725 μὲν
3848 2659 4023 2708 ἐκεῖσε

2453 2752 2639 2821 βωμὸν
2668 2753 3060 2821 κατέστρεφον,
3093 2750 3181 2801 τὸν
3210 2749 3266 2800 δὲ
3302 2749 3539 2816 ἄρχοντα
3570 2747 3739 2807 λίθοις
3778 2746 4021 2798 ἔϐαλλονο

2450 2846 2506 2908 ὃς
2537 2846 2630 2897 καὶ
2687 2844 2997 2911 κατάφοϐος
3058 2844 3152 2895 καὶ
3211 2841 3464 2909 περιδεὴς
3520 2841 3648 2909 περὶ
3697 2840 3793 2908 τῆς
3830 2837 4023 2890 ἑαντεῦ

2449 2936 2626 3005 ψυχῆς
2649 2934 2907 3003 γεγονὼς,
2944 2935 3037 2986 καὶ
3069 2932 3257 3001 ὥσπερ
3312 2934 3432 2983 ὅσον
3488 2930 3639 2983 οῦπω
3697 2932 4027 2982 κινδυνεύων

2452 3025 2816 3088 ἀπολωλέναι,
2853 3027 3000 3092 φυγῇ
3045 3024 3183 3092 μόνῃ
3216 3023 3459 3076 πιστεύει
3488 3024 3584 3091 τὴν
3621 3024 4023 3093 σωτηρίαν,ὲπ’

2371 3142 2414 3197 C
2456 3118 2686 3187 αἰσχύνῃ
2710 3118 2877 3179 λύσας
2906 3117 2965 3169 τὸ
2999 3117 3246 3186 θέατρον.

2514 3209 2590 3263 Θ’.
2624 3208 2807 3261 Ταῦτα
2854 3208 2908 3258 δὲ
2962 3208 3120 3260 ἄλλον
3184 3207 3284 3274 μὲν
3343 3208 3581 3275 θηριώδη
3634 3205 3757 3257 τινὰ
3789 3204 3881 3256 καὶ
3912 3205 4025 3255 ἀτί-

2448 3304 2669 3366 θασσον,
2698 3301 2836 3365 πλὴν
2876 3300 3095 3367 ἰάσιμον
3116 3299 3213 3369 τὴν
3244 3299 3431 3366 ὀργὴν,
3463 3299 3691 3368 ἐπέσχον
3722 3297 3809 3357 ἂν,
3841 3297 3937 3348 καὶ
3956 3296 4024 3348 τὰ

2448 3398 2587 3452 αὐτὰ
2616 3398 2729 3458 τοῖς
2762 3395 2941 3457 ἄλλοις
2976 3394 3268 3463 φρονῆσαι,
3304 3383 3395 3445 mi
3446 3393 3521 3460 τῷ
3549 3391 3766 3462 Χριστῷ
3796 3390 4025 3459 προσελ-

2448 3489 2557 3539 θεῖν
2595 3484 3009 3551 παρεσκεύασεν
3033 3499 3046 3513 ·
3082 3482 3195 3535 ἀλλ’
3231 3484 3350 3551 οὐχὶ
3383 3487 3478 3535 καὶ
3508 3489 3597 3535 τδν
3642 3481 3842 3553 μιαρὸν
3880 3483 4024 3535 ἐκεῖ·

2447 3596 2535 3631 νον
2560 3595 2574 3609 ·
2609 3577 2742 3628 ἀλλὰ
2776 3576 3026 3625 τοσοῦτον
3060 3575 3294 3641 ἀπέσχεν
3322 3574 3483 3636 αὐτὸς
3522 3574 3899 3625 ἁπόνασθαίτι
3932 3575 4023 3625 τοῦ

2450 3668 2613 3736 φόϐου
2647 3668 2738 3717 καὶ
2770 3665 2867 3731 τῆς
2902 3664 3211 3733 παραδόξου
3247 3664 3451 3733 ταύτης
3482 3664 3573 3716 τοῦ
3609 3664 3847 3733 πλήθους
3894 3683 4028 3733 συμ-

2450 3756 2659 3818 πνοίας,
2722 3756 2844 3807 ὅσον
2877 3754 3019 3822 ἔγνω
3073 3755 3165 3806 καὶ
3200 3754 3639 3823 φιλονεικότερος
3665 3757 4023 3823 καταστῆναι,

2450 3849 2539 3901 καὶ
2572 3845 2919 3910 σπουδάζειν,
2962 3845 3057 3897 ἅτε
3108 3847 3200 3897 καὶ
3236 3847 3334 3913 τῆς
3373 3845 3541 3913 ὀργῆς
3579 3846 3738 3897 αὑτὸν
3766 3847 3845 3906 είς
3870 3844 4028 3897 τοῦτο

2451 3938 2889 4006 παροξυνούσης,
2951 3937 3050 4003 τὴν
3080 3931 3249 4004 ἧτταν
3310 3934 3781 4003 ἀναμαχέσασθαι.
3819 3936 4027 3987 ’Ἐωθεν

2450 4030 2541 4082 οὖν
2570 4027 2662 4080 τοῦ
2694 4028 2937 4097 βήματος
2966 4026 3331 4095 προκαθίσας,
3356 4028 3449 4079 καὶ
3478 4026 3567 4078 ὑπ’
3593 4026 3715 4094 ὄψιν
3746 4026 3895 4093 αὐτῷ
3933 4043 4027 4078 πα-

2454 4124 2729 4193 ραστήσας
2762 4122 2852 4173 τὸν
2889 4119 3167 4190 μάρτυρα,
3204 4122 3302 4188 τήν
3354 4137 3413 4171 τε
3468 4119 3753 4172 εὐσέϐειαν
3787 4119 4028 4180 ὠνείδιζε

2452 4215 2549 4281 τὴν
2577 4213 2809 4272 ἐκείνου,
2834 4212 2927 4262 καὶ
2960 4212 3019 4260 τδ
3052 4210 3427 4276 ἐσταυρῶσθαι
3452 4209 3540 4259 τὸν
3571 4210 3850 4277 Δεσπότην
3876 4207 4027 4276 ἡμῶν

2455 4303 2765 4371 ἐχλεύαζεν.
2796 4302 2951 4354 Ἐπεὶ
2978 4302 3032 4354 δε
3065 4300 3237 4352 ταῦτα
3272 4302 3345 4370 μὴ
3397 4302 3578 4370 φέρων
3625 4303 3652 4353 ὁ
3687 4300 3903 4368 μάρτυς
3939 4319 4028 4352 m-

2456 4388 2741 4463 κροτέραις
2778 4394 2967 4462 ὕϐρεσι
2989 4393 3216 4466 διετέλει
3250 4394 3341 4445 τὸν
3365 4393 3627 4462 δικαστὴν
3663 4391 4027 4460 ἀμειϐόμενος

777 4480 938 4549 justis
992 4480 1178 4532 verbis
1222 4496 1416 4534 rursus
1459 4482 1562 4535 luit
1614 4484 1994 4551 supplicium:
2049 4494 2105 4537 et
2155 4486 2341 4537 statim

2453 4488 2630 4556 δίκην,
2666 4487 2854 4554 ὑπεῖχε
2882 4484 3046 4537 πάλιν
3100 4486 3361 4553 ῥημάτων
3397 4484 3611 4548 ἀληθῶν
3664 4485 3757 4535 καὶ
3779 4483 4027 4536 δικαίων.

782 4570 934 4624 lebes
961 4571 1081 4639 pice
1110 4572 1349 4639 repletus
1378 4583 1434 4626 et
1464 4572 1620 4625 valde
1650 4588 1912 4626 accensus
1942 4575 2181 4642 suscepit
2212 4591 2355 4626 mar-

786 4669 976 4728 tyrem.
1014 4660 1123 4713 Sed
1163 4676 1286 4714 cum
1324 4663 1426 4715 hoc
1465 4677 1686 4731 quoque
1730 4660 1904 4723 ﬁeret,
1959 4678 2066 4715 non
2120 4664 2358 4732 neglexit

785 4753 929 4807 Deus
972 4767 1038 4807 ex
1068 4753 1177 4807 alto
1206 4752 1385 4806 facere
1415 4764 1675 4807 consueta
1717 4755 2001 4811 miracula.
2042 4755 2178 4810 Nam
2230 4772 2354 4809 cum

784 4846 1011 4913 angelus
1044 4860 1074 4898 e
1106 4847 1245 4900 cmlo
1279 4844 1675 4906 descendisset.
1707 4846 1851 4900 illius
1884 4849 2103 4915 quidem
2135 4863 2354 4915 corpus,

787 4935 931 4988 sicut
965 4936 1129 4987 etiam
1156 4939 1387 5005 corpora
1416 4937 1582 4988 trium
1633 4953 1959 5006 puerorum,
2013 4942 2360 4995 conservavit

791 5024 1020 5080 illesum
1050 5045 1061 5078 :
1093 5025 1309 5079 ﬂamina
1341 5038 1525 5080 autem
1556 5037 1781 5093 repente
1816 5029 1867 5079 in
1906 5031 2097 5083 orbem
2122 5032 2362 5084 circum-

790 5118 928 5180 fusa,
982 5131 1105 5169 cum
1161 5117 1613 5183 apprehendisset
1676 5117 1942 5186 quosdam
2011 5136 2077 5172 ex
2145 5122 2209 5174 iis
2265 5122 2359 5191 qui

793 5208 1070 5271 astabant,
1124 5206 1439 5262 inﬁdelibus
1464 5208 1654 5263 eadem
1694 5210 1821 5262 fecit
1849 5227 1972 5280 qua
2014 5213 2145 5265 olim
2190 5214 2363 5287 Baby-

792 5298 937 5351 Ione.

788 5442 791 5443 ν
863 5384 931 5439 Χ.
977 5384 1131 5440 Tunc
1179 5386 1401 5455 impius,
1436 5389 1637 5443 timens
1682 5390 1904 5459 quidem
1942 5389 2144 5445 Christi
2190 5390 2365 5444 virtu-

794 5485 926 5539 tem,
969 5476 1065 5529 sed
1113 5492 1181 5529 ne
1230 5479 1309 5531 sic
1353 5478 1575 5547 quidem
1633 5483 1931 5551 quidquam
1975 5483 2041 5535 de
2084 5484 2365 5552 impietate

796 5567 1105 5625 remittens.
1142 5570 1236 5622 sed
1272 5578 1531 5638 tanquam
1570 5572 1683 5641 ipse
1721 5590 1939 5642 quoque
1988 5575 2185 5627 mutari
2236 5591 2363 5627 eru-

803 5660 1050 5724 bescens,
1084 5671 1178 5715 aut
1209 5664 1442 5730 amplius
1477 5662 1726 5719 sanetum
1768 5666 1953 5721 videre
2008 5668 2216 5731 vivum,
2270 5684 2365 5720 ar-

807 5760 1061 5820 guentem
1098 5751 1323 5807 deorum
1351 5754 1496 5809 illius
1522 5756 1969 5826 imbecillitatem,
2025 5776 2147 5816 eum
2194 5771 2364 5815 morte

2458 4578 2567 4628 Καὶ
2596 4576 2760 4645 λέϐης
2789 4576 3017 4637 εὐθέως,
3078 4574 3279 4639 πίσσης
3311 4589 3366 4623 τε
3413 4571 3781 4637 ἀναπλησθεὶς
3810 4572 3906 4622 καὶ
3934 4573 4029 4622 λά.

2460 4666 2605 4733 ϐρως
2646 4666 2930 4725 ύποκαεὶς,
2988 4649 3082 4714 τιὸ
3106 4662 3346 4731 ἀθλητὴν
3396 4661 3704 4727 ὑπεδέχετο.
3745 4659 3911 4712 Ἀλλὰ
3943 4661 4032 4713 καὶ

2456 4757 2645 4809 τούτου
2679 4758 2742 4827 δὴ
2798 4756 3113 4825 γενομένου,
3172 4754 3304 4817 Θεὸς
3356 4752 3562 4806 ἄνωθεν
3596 4754 3697 4804 οὐκ
3738 4755 3937 4822 ἡμέλει
3970 4754 4033 4805 τὰ

2460 4844 2663 4914 συνήθη
2728 4844 3178 4914 θαυματουργῶν.
3239 4844 3501 4911 Ἀγγελος
3538 4843 3645 4913 γὰρ
3708 4842 3765 4908 ἐξ
3800 4843 4030 4913 οὐρανοῦ

2461 4937 2723 4997 καταϐὰς,
2778 4937 2835 4986 τὸ
2873 4936 2969 5003 μὲν
3023 4934 3230 4984 ἐκείνου
3279 4936 3458 5001 σῶμα,
3489 4934 3676 5003 ῶσπερ
3704 4935 3799 4984 καὶ
3826 4937 3895 4989 τὰ
3932 4937 4035 4987 τῶν

2460 5024 2623 5093 τριῶν
2656 5022 2879 5085 παίδων,
2911 5020 3210 5087 ἐφύλαττεν
3245 5021 3454 5084 ἀπαθές
3477 5038 3493 5054 ο
3527 5022 3711 5092 κύκλῳ
3746 5023 3800 5075 δὲ
3844 5025 3876 5092 ἡ
3908 5026 4036 5092 φλὸξ

2462 5114 2719 5182 ἐξαπίνης
2760 5114 3143 5183 περιχυθεῖσα,
3201 5114 3292 5165 καί
3326 5131 3478 5175 τινας
3512 5115 3620 5167 τῶν
3671 5118 4035 5181 παρεστώτων

2464 5210 2708 5261 ἀπίστων
2762 5207 3115 5271 διαλαϐοῦσα,
3168 5207 3235 5259 τα
3283 5207 3421 5260 αὐτὰ
3474 5209 3585 5270 τοῖς
3638 5210 3696 5259 ὲν
3758 5208 4036 5260 Βαϐυλῶνι

2466 5299 2631 5359 πάλαι
2659 5298 2901 5365 διέθηκε.

2537 5389 2590 5439 l’.
2628 5388 2761 5438 Τότε
2797 5390 2824 5438 ὁ
2854 5386 3120 5455 δυσσεϐὴς
3148 5386 3247 5455 τὴν
3281 5386 3377 5453 μὲν
3404 5384 3498 5439 τοῦ
3537 5388 3776 5455 Χριστοῦ
3807 5390 4037 5459 δύναμιν

2468 5479 2745 5548 φοϐηθεὶς,
2810 5478 2973 5547 μηδὲν
3002 5478 3056 5530 δὲ
3091 5479 3225 5545 μηδὲ
3256 5478 3396 5531 οὕτω
3454 5481 3552 5547 τῆς
3582 5480 3838 5544 ἀσεϐείας
3871 5485 4038 5545 ἀνεὶς,

2443 5574 2583 5636 ,ἀλλ’
2625 5572 2812 5640 ὥσπερ
2853 5574 3315 5641 ἐπαισχυνόμενος
3373 5573 3431 5640 τὸ
3466 5575 3560 5625 καὶ
3613 5575 3773 5637 αὐτὸς
3833 5578 4036 5639 ἐκεῖνος

2476 5665 2897 5735 μεταϐαλέσθαι,
2958 5666 2987 5732 ἦ
3025 5667 3109 5717 τὸν
3146 5668 3333 5732 ’Ἃγιον
3379 5669 3435 5716 ἐν
3472 5666 3636 5729 ζῶσιν
3660 5668 3793 5737 ops»
3830 5671 3907 5720 Ξτι
3945 5673 4039 5736 τὴν

2472 5758 2579 5813 τῶν
2614 5755 2824 5813 ἐκείνου
2874 5756 3011 5811 θεῶν
3074 5756 3357 5810 ἀσθένειαν
3398 5756 3764 5825 διελέγχοντα,
3816 5760 4041 5815 Θάνατον
