4196 6306
778 390 887 456 259

2105 377 2388 440 MENSIS
2418 375 2681 436 MAIUS.

3898 350 4011 418 160

778 501 945 561 citur,
986 506 1207 552 aeterna
1256 493 1381 549 vitae
1446 500 1649 548 sortem
1710 488 2001 561 percipiet.
2066 486 2221 541 Tune
2262 486 2383 546 ait}

2441 482 2863 551 προστάγματος
2893 476 3055 530 αὑτοῦ
3080 474 3172 527 καὶ
3212 472 3489 526 ὲπίθυσον.
3520 469 3580 523 Ὀ
3616 470 3767 538 ἅγιος
3800 469 4011 535 Βίκτωρ

781 593 892 646 dux
927 607 940 643 :
974 590 1110 646 Cum
1155 585 1505 657 imperatoris
1545 583 1719 638 nostri
1769 582 1926 635 miles
1972 579 2068 639 sis.
2126 577 2339 630 obtent-

780 699 907 753 pera
940 680 1291 750 imperatoris
1321 679 1525 739 edicto,
1572 685 1627 727 et
1656 674 1762 727 diis
1783 672 2069 740 sacriﬁca.
2115 669 2194 723 Ad
2230 669 2342 720 haec

778 775 1064 842 respondit
1112 782 1331 826 sanctus
1375 771 1561 822 Victor
1615 767 1712 820 :Si
1771 780 1868 833 ego
1921 779 2031 832 quo
2094 771 2338 829 tempore

780 865 882 924 sub
924 865 1252 933 imperatore
1293 860 1616 916 militabam,
1669 866 1797 909 tunc
1839 854 2002 907 etiam
2035 852 2264 904 Domino
2291 857 2344 900 et

782 956 891 1007 Deo
925 970 1045 1011 meo
1074 953 1290 1006 occulte
1333 948 1663 1010 serviebam,
1701 944 1977 1014 quomodo
2022 956 2168 995 nunc
2197 954 2344 992 emn-

783 1049 1003 1100 mittere
1036 1060 1282 1115 possum,
1343 1055 1404 1097 ut
1433 1044 1527 1096 illo
1579 1040 1871 1102 derelicto,
1934 1036 2096 1089 idolis
2150 1032 2346 1086 vestris

782 1138 1121 1194 sacriﬁcent?
1173 1136 1362 1203 Itaque
1414 1132 1497 1186 fac
1545 1130 1811 1200 quidquid
1842 1128 1996 1181 libet.
2036 1126 2115 1178 En
2146 1136 2345 1189 corpus

785 1233 926 1289 Deus
957 1230 1137 1293 habet,
1198 1230 1290 1297 qui
1322 1227 1553 1280 salutem
1581 1233 1636 1277 ct
1668 1223 1879 1275 ruinam
1914 1219 2113 1273 afferre
2137 1224 2336 1284 potest.

851 1332 916 1386 ll.
946 1330 1083 1383 Tum
1123 1326 1230 1380 dux
1272 1324 1361 1376 ille
1392 1339 1403 1373 :
1439 1320 1613 1373 Video
1649 1327 1699 1370 te
1732 1317 1902 1368 multa
1935 1310 2206 1381 sapientia
2251 1324 2342 1361 or-

785 1431 992 1483 natum,
1018 1432 1194 1485 eaque
1224 1414 1279 1467 in
1309 1408 1689 1478 respondendo
1718 1404 1876 1457 valde
1904 1410 2169 1455 utentem.
2205 1398 2340 1459 Mea,

787 1513 967 1582 inquit
1000 1510 1209 1563 Victor.
1240 1501 1505 1571 sapientia
1541 1514 1650 1552 non
1679 1506 1761 1551 est
1789 1511 1854 1549 ex
1887 1511 1993 1556 me,
2052 1490 2146 1545 sed
2202 1490 2346 1542 Deus

787 1619 942 1658 meus
975 1602 1119 1653 illam
1164 1597 1295 1649 mihi
1335 1592 1589 1648 contulit.
1616 1589 1693 1643 Ad
1730 1589 1843 1642 haec
1875 1600 2113 1655 praeses:
2152 1582 2349 1635 Libera

786 1697 1021 1763 teipsum
1087 1709 1114 1743 a
1174 1686 1363 1740 multis
1407 1681 1765 1738 cruciatibus,
1800 1688 1856 1731 et
1913 1676 2019 1729 diis
2079 1671 2346 1726 sacriﬁca.

786 1785 1045 1851 Quinimo
1103 1781 1383 1836 libenter,
1459 1771 1638 1839 inquit
1740 1769 1955 1829 Victor,
2040 1764 2343 1818 cruciatum

788 1874 1035 1945 quemvis
1060 1870 1255 1941 patiar,
1293 1882 1359 1920 ne
1388 1862 1661 1919 sacriﬁcia
1690 1861 1815 1914 talia
1852 1858 2078 1911 offeram
2118 1873 2130 1908 :
2164 1854 2255 1909 sed
2292 1866 2347 1907 et

790 1971 924 2030 illud
955 1970 1182 2030 afﬁrmo,
1209 1964 1568 2019 vehementer
1620 1974 1703 2012 me
1748 1957 2006 2027 gaudere,
2061 1952 2205 2022 quod
2260 1951 2346 2003 di-

789 2080 930 2138 gnus
965 2064 1141 2116 factus
1164 2060 1286 2120 siin,
1320 2056 1409 2123 qui
1448 2068 1547 2122 pro
1579 2050 1781 2104 Christi
1819 2048 2040 2100 nomine
2077 2053 2346 2096 tormenta

791 2133 987 2228 patiar,
1023 2162 1078 2207 et
1101 2149 1310 2205 caelesti
1347 2149 1437 2200 illo
1468 2146 1613 2212 Rege
1662 2141 1769 2193 frui
1815 2151 2053 2205 sperem.
2096 2134 2173 2186 Ad
2239 2133 2351 2184 haec

789 2226 901 2301 dux
940 2246 1026 2297 ille
1062 2260 1076 2296 :
1111 2238 1369 2307 Nunquid
1408 2233 1847 2289 Christianorum
1892 2226 2146 2281 sacerdos
2175 2240 2234 2279 es
2270 2233 2350 2285 tu,

792 2338 888 2407 qni
924 2347 1030 2389 tam
1068 2316 1368 2403 prudenter
1398 2328 1561 2382 nobis
1598 2322 1939 2393 respondes?
1987 2318 2121 2383 lloc,
2177 2316 2356 2383 inquit

794 2430 1001 2491 Victor,
1033 2439 1260 2478 munere
1286 2421 1541 2489 indignus
1566 2432 1686 2469 sum
1719 2429 1841 2481 ego,
1892 2410 1986 2464 sed
2017 2407 2218 2462 Christi
2248 2406 2355 2459 mei

795 2519 968 2590 gratia
998 2530 1084 2569 me
1114 2516 1275 2567 talem
1307 2509 1493 2565 effecit
1527 2524 1541 2559 :
1574 2508 1688 2559 haec
1724 2503 1873 2557 enim
1907 2501 2011 2561 his,
2065 2498 2158 2566 qui
2203 2505 2357 2550 recto

798 2610 965 2666 corde
995 2614 1141 2669 sunt,
1170 2612 1225 2659 et
1258 2600 1463 2656 Christi
1497 2598 1752 2653 mandata
1787 2595 2108 2655 observant,
2142 2591 2359 2659 sapicn.

800 2702 928 2754 riam
953 2708 1011 2753 et
1055 2693 1299 2750 omnium
1339 2695 1604 2747 bonarum
1646 2704 1828 2742 rerum
1871 2686 2081 2755 copiam
2131 2699 2197 2736 ex
2245 2680 2359 2733 suis

802 2794 910 2846 illis
970 2788 1281 2843 immensis.
1316 2785 1525 2839 divitiis
1580 2782 1828 2851 largitur.
1887 2773 2361 2842 Quemadmodum

799 2886 944 2942 enim
976 2882 1209 2951 agricola
1240 2882 1355 2947 ipse
1383 2891 1508 2929 cum
1545 2883 1749 2926 terram
1781 2871 1936 2931 colit,
1967 2872 2212 2936 paratam
2237 2878 2356 2917 eam

804 2976 982 3030 reddit
1012 2974 1078 3026 ad
1105 2972 1319 3024 fructus
1348 2965 1603 3021 ferendos
1638 2964 1763 3016 :-ita
1795 2970 1845 3014 et
1876 2961 1970 3014 Dei
1999 2957 2265 3027 sapientia
2297 2970 2361 3009 ac

802 3068 974 3138 gratia
1005 3080 1099 3118 eos
1138 3079 1165 3115 a
1195 3060 1396 3130 quibus
1446 3058 1793 3117 observatur,
1833 3053 2025 3115 fortes,
2064 3051 2360 3118 sapientes,

2434 569 2618 625 εἶπεν·
2659 573 2766 623 Καὶ
2800 572 2886 622 ὅτε
2941 567 3088 635 αὐτῷ
3144 565 3550 634 ἐστρατευόμην
3616 564 3708 614 καὶ
3751 560 3818 613 τὰ
3842 560 4009 612 αὐτοῦ

2436 666 2720 734 ἐφρόνουν,
2782 662 2974 730 Κυρίῳ
3005 658 3079 727 τῷ
3119 656 3241 726 Θεῷ
3275 674 3375 725 μου
3406 659 3461 707 ἐν
3491 655 3566 722 τῷ
3610 653 3837 721 κρυπτῷ
3890 655 4010 703 ἐλα-

2434 774 2650 825 τρευον,
2683 756 2774 806 καὶ
2804 753 2900 804 νῦν
2941 753 2997 803 οὺ
3026 752 3261 817 δύναμαι
3328 747 3651 813 καταλεῖψαι
3706 745 3868 796 αὑτὸν
3917 743 4011 794 καὶ

2437 848 2678 908 εἰδώλοις
2726 848 2981 897 ἐπιθύσαι
3006 860 3021 877 ο
3070 837 3329 894 ποίειοῦν
3357 840 3384 891 ὃ
3414 839 3587 898 θέλεις
3623 837 3701 897 εἰς
3742 836 3876 902 ὲμέ·
3918 834 4011 884 τοῦ

2445 939 2541 1008 μὲν
2572 940 2677 1007 γὰρ
2719 936 2965 1004 σώματος
3004 953 3104 1003 μου
3140 934 3387 999 ἐξουσίαν
3437 931 3600 999 ἔχεις,
3631 931 3727 996 τῆς
3758 928 3812 978 δὲ
3835 924 4011 993 ψυχῆς

2441 1035 2467 1082 ὁ
2495 1030 2626 1091 Θεὸς
2666 1030 2846 1093 μόνος,
2872 1029 2899 1078 6
2929 1027 3225 1093 δυνάμενος
3256 1024 3424 1074 σῶσαι
3465 1024 3557 1074 καὶ
3585 1014 3871 1072 ἀπολέσαι.

2388 1135 2571 1175 meum
2640 1120 2694 1173 in
2732 1133 2897 1171 manu
2942 1126 3033 1169 tua
3080 1124 3163 1170 est
3196 1132 3209 1169 :
3247 1114 3442 1167 anima:
3485 1124 3616 1163 vero
3686 1114 4009 1176 potestatem

2512 1306 2588 1358 B'.
2624 1304 2789 1371 Λέγει
2816 1302 2965 1372 αὐτῷ
2999 1304 3027 1354 ὁ
3068 1302 3225 1366 δούξ·
3272 1300 3411 1369 Ὀρῶ
3461 1316 3517 1352 σε
3554 1301 3610 1350 ἐν
3644 1301 3706 1367 τῇ
3747 1297 4014 1367 ἀπολογίᾳ

2444 1416 2535 1450 σου
2563 1396 2764 1465 πολλὴν
2797 1397 2988 1463 σοφίαν
3012 1396 3392 1463 περικείμενον
3414 1408 3426 1422 ’
3461 1392 3659 1457 σκέψαι
3690 1387 3782 1442 οὖν
3802 1391 3864 1441 τὸ
3885 1408 4017 1454 συμ-

2445 1490 2627 1559 φέρον.
2657 1489 2716 1540 '0
2748 1487 2901 1553 ἅγιος
2931 1486 3143 1553 Βίκτωρ
3173 1485 3356 1551 λέγει·
3432 1485 3478 1535 Η
3508 1484 3612 1552 ἐμὴ
3650 1484 3834 1549 σοφία,
3867 1473 3912 1531 ὦ
3944 1481 4017 1532 διο

2446 1582 2641 1643 καστὰ,
2664 1581 2764 1632 οὐκ
2796 1580 2942 1629 ἔστιν
2969 1576 3027 1638 ἐξ
3052 1576 3203 1641 ἐμοῦ,
3240 1574 3352 1625 ἀλλ’
3373 1577 3399 1625 6
3421 1575 3551 1637 Θεὸς
3578 1593 3676 1644 μου
3703 1572 4016 1643 ἐδωρήσατό

2451 1691 2539 1743 μοι
2576 1673 2768 1740 αὑτήν.
2843 1669 2899 1719 '0
2939 1668 3065 1729 δοὺξ
3126 1667 3308 1733 λέγει’
3387 1666 3575 1718 Ῥύσαι
3637 1668 3868 1717 σεαυτὸν
3910 1667 4017 1716 ἀπὸ

2450 1765 2662 1816 πολλῶν
2708 1762 2978 1831 βασάνων,
3039 1760 3133 1810 καὶ
3167 1756 3479 1827 προσελθὼν
3515 1756 3676 1810 θῦσον
3708 1759 3820 1819 τοῖς
3854 1756 4013 1817 θεοῖς.

2462 1857 2520 1909 Ὀ
2555 1858 2705 1923 ἅγιος
2756 1855 2968 1923 Βίκτωρ
3001 1850 3181 1904 εἶπεν·
3253 1851 3395 1916 Ἐγὼ
3441 1850 3577 1918 ὑπὲρ
3617 1848 3709 1902 τοῦ
3754 1848 3829 1917 μὴ
3861 1847 4018 1899 θῦσαι

2454 1948 2622 2018 ἡδέως
2667 1947 3024 2015 βασανίζομαι
3058 1944 3152 1994 καὶ
3182 1942 3342 1993 πλέον
3380 1940 3786 2009 διισχυρίζομαι
3817 1941 4019 2005 διαγω-

2454 2038 2755 2107 νιζόμενος,
2798 2038 2879 2089 ὅτι
2941 2033 3289 2102 κατηξιώθτιν
3345 2032 3486 2099 ὑπὲρ
3518 2031 3609 2082 τοῦ
3640 2033 3900 2097 ὀνόματος
3932 2029 4019 2081 τοῦ

2454 2131 2689 2199 Χριστοῦ
2743 2128 3133 2199 βασανισθῆναι
3191 2126 3284 2177 καὶ
3339 2126 3419 2185 εἱς
3472 2123 3569 2191 τὴν
3593 2122 4023 2190 ἀγαυὴνὲλπίδα

2454 2223 2629 2274 ἐλθεῖν
2683 2222 2773 2273 τοῦ
2831 2220 3103 2280 Βασιλέως
3159 2218 3265 2269 τῶν
3319 2216 3585 2284 οὐρανῶν.
3644 2216 3802 2281 Λέγει
3833 2214 4024 2280 αὑτῴὀ

2455 2314 2609 2379 δούξ·
2638 2313 2724 2382 Μὴ
2757 2314 2930 2380 ἱερεὺς
2964 2308 3015 2363 εἷ
3044 2312 3150 2361 τῶν
3176 2310 3541 2378 Χριστιανῶν,
3574 2309 3655 2360 ὅτι
3689 2307 3863 2370 οὕτως
3896 2324 4023 2358 συν·

2458 2407 2591 2467 ετῶς
2623 2406 2925 2472 ἀποκρίνῃ
2966 2404 3022 2454 Ὀ
3045 2403 3197 2469 am;
3241 2402 3455 2468 Βίκτωρ
3491 2398 3674 2452 εἶπεν·
3715 2401 3861 2467 Ἐγὼ
3897 2401 4024 2453 ταύ-

2459 2515 2555 2567 της
2585 2498 2683 2566 τῆς
2721 2497 2982 2565 μεγίστης
3010 2496 3230 2565 χάριτος
3259 2494 3348 2545 καὶ
3376 2492 3582 2559 δωρεὰς
3631 2492 3848 2554 ἀνάξιός
3891 2497 4025 2560 εἰμι’

2460 2594 2493 2661 ἠ
2540 2591 2595 2643 δὲ
2635 2590 2729 2643 τοῦ
2769 2590 3004 2659 Χριστοῦ
3051 2607 3151 2658 μου
3198 2588 3354 2658 χάρις
3408 2588 3584 2657 ἧγαγέ
3616 2603 3682 2656 με
3713 2589 3794 2646 εἰς
3822 2585 4029 2639 τοῦτο’

2463 2682 2599 2750 αὕτη
2630 2684 2738 2749 γάρ
2774 2683 2922 2732 ἐστιν
2964 2683 2996 2749 ἡ
3030 2682 3345 2749 παρέχουσα
3379 2684 3489 2741 τοῖς
3522 2680 3704 2745 εὑίθέσι
3735 2682 3799 2749 τῇ
3833 2676 4030 2748 καρδία

2463 2772 2559 2825 καὶ
2592 2776 2699 2834 τοῖς
2732 2771 3061 2840 φυλάσσουσι
3085 2774 3180 2833 τὰς
3215 2771 3430 2832 ἐντολὰς
3464 2772 3554 2822 τοῦ
3580 2772 3813 2839 Χριστοῦ
3841 2773 4030 2839 σοφίαν

2464 2867 2559 2919 καὶ
2604 2865 2819 2917 σύνεσιν
2858 2865 3109 2935 μετέχειν
3151 2865 3351 2925 παντὸς
3386 2863 3629 2927 ἀγαθοῦ·
3679 2863 3869 2931 ὥσπερ
3921 2865 4031 2932 γὰρ

2465 2957 2709 3025 γεωργὸς
2742 2956 3080 3023 καλλιεργῶν
3116 2952 3281 3006 αὐτοῦ
3314 2953 3409 3023 τὴν
3437 2954 3537 3021 γῆν
3563 2953 3837 3021 ὲτοιμὰζει
3866 2954 4031 3019 αὐτὴν

2467 3049 2545 3109 εἰς
2584 3048 2981 3117 καρποφορίαν,
3015 3047 3186 3108 οὕτως
3214 3046 3364 3114 καὶὴ
3397 3046 3488 3097 τοῦ
3525 3045 3657 3097 Θεοῦ
3708 3046 3868 3111 σοφία
3909 3046 4035 3104 τοὺς

800 3130 863 3214 ac
893 3156 1027 3210 tales
1055 3151 1255 3213 reddit,
1279 3150 1373 3218 qui
1402 3150 1512 3201 Deo
1535 3146 1638 3214 ipsi
1668 3145 1903 3197 fructum
1935 3141 2077 3193 ferre
2110 3138 2322 3207 possint
2348 3153 2361 3189 :

2436 3180 2438 3193 ι
2472 3130 2786 3201 ἐλπίζοντας
2838 3141 2917 3199 εἰς
2950 3137 3122 3206 αὐτὴν
3180 3137 3490 3206 ὲνδυναμοί,
3551 3134 3644 3186 καὶ
3681 3136 3907 3201 σοφίζει,
3943 3136 4038 3185 καὶ

803 3262 984 3311 neque
1021 3242 1312 3314 permittit,
1364 3249 1419 3294 ut
1455 3238 1522 3292 ab
1569 3234 1821 3290 hostibus
1866 3230 2111 3301 superari
2142 3236 2363 3300 queant.

876 3424 970 3478 lll.
1013 3423 1150 3475 Tum
1199 3420 1309 3473 dux
1369 3418 1446 3471 ait
1485 3436 1497 3469 :
1536 3416 1674 3469 Num
1726 3422 1779 3466 tu
1834 3410 1972 3465 mori
2038 3407 2371 3463 decrevisti?

807 3514 1111 3584 Respondit
1167 3512 1354 3573 Victor
1403 3527 1416 3563 :
1468 3506 1788 3576 Huiusmodi
1851 3518 1998 3560 mors
2053 3503 2142 3554 his
2200 3502 2369 3553 vitam

809 3607 1093 3669 conciliat,
1118 3605 1210 3674 qui
1242 3602 1434 3657 brevia
1466 3602 1579 3655 lucc
1612 3605 1882 3653 tormenta
1929 3595 2147 3647 fortiter
2185 3591 2252 3645 ad
2282 3607 2375 3645 ex-

814 3708 1051 3750 tremum
1105 3704 1277 3761 usque
1315 3692 1622 3761 perferunt.
1672 3687 1751 3739 Ad
1787 3687 1901 3739 haec
1932 3684 2041 3738 dux
2074 3683 2161 3735 ille
2194 3699 2207 3734 :
2241 3680 2373 3735 Sen-

815 3788 1117 3841 tentiamne
1174 3786 1333 3837 istam
1378 3785 1588 3835 ﬁrmam
1640 3778 1851 3833 habes?
1901 3777 2152 3836 Maxime,
2195 3774 2375 3841 inquit

811 3878 1021 3931 Victor.
1083 3875 1219 3929 Tum
1286 3870 1393 3927 dux
1452 3868 1747 3942 digitorum
1799 3867 2031 3921 Victoris
2087 3878 2376 3932 compages

814 3982 1064 4035 eousque
1098 3963 1371 4031 confringi
1420 3964 1601 4029 jussit,
1644 3957 1829 4028 quoad
1866 3972 1896 4010 e
1926 3956 2067 4028 pelle
2114 3956 2226 4023 ipsa
2258 3953 2375 4007 exi-

813 4067 956 4112 rent.
990 4057 1108 4122 Quo
1138 4055 1303 4118 facto,
1332 4053 1522 4107 Victor
1550 4052 1627 4105 ait
1663 4071 1675 4104 :
1712 4049 1926 4110 Gratias
1951 4062 2051 4116 ago
2092 4046 2200 4099 Deo
2230 4060 2372 4101 meo.

813 4148 961 4219 quod
1025 4148 1256 4218 gratiam
1313 4160 1466 4199 suam
1527 4144 1840 4211 propiorem
1901 4139 2036 4192 mihi
2108 4134 2374 4189 ostendit.

813 4240 969 4293 Tunc
1007 4238 1260 4307 quaesivit
1295 4236 1362 4288 ab
1396 4249 1461 4288 eo
1501 4234 1632 4297 dux,
1682 4245 1851 4299 quare
1897 4229 2080 4281 cibum
2131 4243 2241 4281 non
2284 4241 2377 4280 su-

816 4340 1011 4387 meret.
1039 4330 1139 4385 Cui
1171 4328 1453 4396 respondit
1475 4326 1662 4379 Victor
1695 4341 1707 4376 :
1746 4320 1930 4375 Habeo
1966 4322 2079 4388 ipse
2115 4319 2375 4386 spiritua-

816 4428 921 4481 lem
950 4426 1157 4486 cibum,
1184 4437 1292 4489 quo
1319 4420 1376 4473 fit
1394 4428 1577 4472 utnon
1603 4416 1838 4470 esuriam
1863 4416 1914 4467 in
1939 4423 2223 4467 mternum.
2241 4409 2378 4462 Tum

2472 3234 2614 3284 ποιεῖ
2666 3232 3034 3299 καρποφορεῖν
3089 3229 3166 3296 τῷ
3215 3227 3354 3298 Θεῷ,
3404 3230 3477 3298 μὴ
3538 3228 3898 3295 συγχωροῦσα
3960 3227 4037 3295 τῷ

2471 3321 2649 3391 ἐχθρῷ
2684 3321 3064 3387 περιγενέσθαι
3106 3318 3308 3370 αὐτῶν.

2543 3410 2616 3466 Γ’.
2645 3410 3004 3471 Σεϐαστιανὸς
3062 3410 3090 3461 ὀ
3143 3409 3268 3473 δοὺξ
3306 3404 3493 3461 εἶπενο
3544 3409 3805 3477 Ἕκρινας
3838 3408 4038 3476 μᾶλλον

2473 3504 2561 3555 τὸν
2597 3503 2825 3555 θάνατον
2849 3501 3065 3554 ἑλέσθαι
3100 3502 3132 3571 ἢ
3172 3500 3267 3568 τὴν
3304 3499 3485 3570 ζωήνς
3547 3500 3603 3554 '0
3645 3503 3797 3568 ἅγιος
3828 3501 4039 3570 Βίκτωρ

2474 3591 2629 3648 εἶπεν
2652 3612 2663 3624 ·
2701 3590 2865 3655 Οὗτος
2905 3597 2931 3647 ὁ
2964 3593 3188 3655 θάνατος
3219 3592 3363 3662 ζωὴν
3396 3592 3618 3644 αἰώνιον
3658 3593 4042 3661 προξενεῖ-εςῖς

2480 3691 2643 3758 μέχρι
2698 3689 2888 3748 τέλους
2942 3687 3273 3756 ὑπομένουσι
3310 3688 3407 3748 τὰς
3441 3685 3809 3755 προυκαῐρους
3842 3686 4043 3747 ταύτας

2480 3781 2765 3849 βασάνους.
2824 3781 2985 3843 Λέγει
3041 3776 3189 3844 αὐτῷ
3253 3778 3279 3826 6
3313 3777 3471 3838 δούξ·
3531 3777 3810 3838 Καὶὸλως
3840 3779 4045 3844 ταύτης

2478 3866 2858 3932 ἐπεκράτησας
2888 3863 2987 3931 τῆς
3012 3864 3271 3933 γνώμης;
3317 3864 3376 3917 Ὀ
3409 3865 3563 3932 ἅγιος
3604 3864 3819 3935 Βίκτωρ
3853 3862 4038 3919 εἶπεν⁴

2479 3958 2608 4012 Ναί.
2637 3958 2768 4010 Τότε
2794 3960 2821 4009 6
2853 3957 2977 4020 δοὺξ
3018 3957 3271 4009 ἐκέλευσε
3307 3958 3716 4027 συγκλασθῆναι
3746 3959 3844 4020 τὰς
3875 3960 4045 4027 ἁρμο-

2479 4046 2599 4105 νίας
2654 4047 2763 4096 τῶν
2797 4046 3073 4096 δακτύλων
3129 4046 3316 4105 αὑτοῦ,
3367 4044 3469 4105 ἕως
3528 4044 3590 4094 ἂν
3623 4048 3683 4094 ὲκ
3732 4046 3831 4111 τῆς
3890 4048 4047 4114 δορᾶς

2484 4136 2585 4161 ..Γ
2841 4136 2851 4151 .
2933 4135 2954 4149 ..
3182 4135 3191 4146 .
3403 4129 3422 4147 τ
3663 4135 3671 4150 .
3900 4137 3924 4147 -
4020 4138 4039 4145 ..

2482 4134 2789 4200 εςιλθωσιν.
2858 4138 2897 4186 0
2930 4152 3085 4201 αγιος
3132 4135 3345 4203 Βικτωρ
3377 4151 3559 4186 ειπεν·
3608 4133 3933 4205 Ενχαριστω
3977 4155 4048 4202 τῳ

2482 4226 2600 4296 Θεῷ
2642 4244 2742 4296 μου
2788 4228 3039 4287 πάντοτε,
3088 4227 3167 4279 ὅτι
3210 4227 3438 4296 ἦγγισεν
3483 4228 3513 4295 ἠ
3561 4225 3719 4293 χάρις
3776 4227 3939 4279 αὑτοῦ
3974 4232 4050 4289 si;

2484 4320 2604 4385 ἐμέ.
2643 4320 2804 4385 Λέγει
2832 4319 2977 4387 αὑτῷ
3017 4321 3043 4370 6
3071 4317 3224 4379 δούξ’
3257 4319 3352 4366 Διὰ
3385 4318 3434 4366 τί
3499 4316 3597 4384 τὴν
3650 4318 3835 4367 ἄνοιάν
3875 4336 3967 4369 σου
3995 4316 4049 4368 οὑ

2484 4409 2821 4479 λαμὸἀνεις;
2862 4409 2920 4460 ’0
2953 4410 3108 4473 ἆγιος
3139 4407 3350 4475 Βίκτωρ
3386 4403 3564 4457 εἶπεν·
3592 4405 3713 4459 Ὅτι
3742 4405 3933 4474 βιαίως
3963 4410 4054 4459 καὶ

818 4511 1086 4581 illejussit
1111 4507 1385 4562 fornacem
1402 4504 1651 4563 accendi,
1669 4512 1721 4553 et
1750 4503 2015 4555 Victorem
2039 4502 2091 4551 in
2108 4516 2225 4552 eam
2252 4515 2381 4552 con-

2436 4509 2458 4564 )
2489 4503 2687 4561 ἀδίκως
2719 4502 3053 4560 ἀπαιτεῖται,
3080 4500 3172 4551 καὶ
3203 4497 3323 4550 οὗτε
3361 4498 3660 4568 λαμϐάνειν
3698 4498 3822 4551 οὔτε
3849 4500 4053 4552 ἐσθίειν

815 4606 1019 4673 jectum
1044 4602 1111 4655 ad
1144 4602 1368 4654 tertium
1400 4611 1571 4665 usque
1608 4594 1751 4648 diem
1784 4593 2012 4647 servari.
2046 4591 2378 4657 Factumque

819 4697 925 4752 fuit
982 4694 1078 4747 ita.
1138 4691 1325 4746 Tertio
1390 4699 1575 4742 autem
1638 4687 1725 4740 die
1784 4700 1906 4739 cum
1960 4684 2050 4737 ille
2124 4682 2378 4749 epinare-

748 4784 757 4793 ’
823 4794 913 4842 tur
950 4786 1225 4838 Victorem
1273 4780 1340 4834 ab
1387 4780 1510 4848 igne
1535 4786 1946 4844 {consumptum
1995 4775 2186 4836 fuisse,
2219 4772 2383 4842 jussit

822 4881 1101 4934 fornacem
1138 4873 1364 4945 aperiri,
1416 4881 1473 4927 et
1517 4872 1775 4941 martyris
1823 4870 2038 4923 cineres
2089 4868 2143 4920 in
2178 4865 2381 4918 flumen

822 4968 1087 5037 demergi.
1166 4966 1443 5019 Patel'acta
1504 4963 1671 5030 igitur
1725 4961 1987 5021 fornace,
2052 4956 2383 5009 invenerunt

828 5060 1100 5112 Victorem
1127 5056 1306 5124 ipsum
1336 5053 1545 5113 vivum,
1582 5060 1639 5103 et
1667 5051 1837 5104 Deum
1871 5048 2208 5108 laudantem,
2235 5044 2383 5114 quod

825 5150 966 5221 ignis
994 5148 1116 5219 ejus
1149 5160 1351 5213 corpus
1393 5159 1503 5198 non
1558 5143 1837 5211 tetigerat.
1888 5140 2008 5192 Mox
2060 5138 2225 5207 jussit
2275 5136 2386 5190 dux

828 5255 1038 5295 venena
1070 5235 1330 5307 pestifera
1376 5249 1498 5287 enm
1546 5233 1804 5286 carnibus
1843 5229 2131 5284 commista
2174 5228 2386 5283 edenda

828 5332 907 5386 illi
960 5331 1211 5401 proponi.
1247 5327 1377 5392 Quae
1403 5340 1529 5381 cum
1558 5341 1583 5376 a
1621 5324 1863 5377 veneﬁco
1892 5322 2124 5390 quodam
2168 5321 2389 5374 homine

832 5435 1083 5493 porrecta
1113 5421 1164 5476 ei
1194 5420 1459 5482 fuissent,
1512 5425 1737 5473 sanctus
1786 5426 1993 5485 martyr
2038 5414 2225 5468 Victor
2269 5415 2389 5467 ait:

832 5517 964 5570 Mihi
1021 5516 1243 5583 quidem
1292 5528 1396 5568 non
1453 5511 1650 5566 liceret
1692 5524 1887 5564 carnes
1914 5517 2154 5578 gustare,
2204 5506 2299 5560 sed
2333 5514 2393 5559 ut

834 5624 1133 5679 cognoscas
1158 5606 1424 5664 veneﬁcia
1454 5618 1545 5662 tua
1583 5604 1741 5659 nihili
1770 5618 1915 5665 esse,
1944 5617 2012 5655 en
2038 5601 2171 5655 istas
2198 5613 2392 5653 carnes

835 5701 1145 5755 comedam.
1179 5697 1426 5767 Cumque
1466 5696 1591 5750 illas
1638 5711 1669 5749 e
1718 5693 1973 5748 manibus
2016 5691 2247 5745 veneﬁci
2296 5690 2394 5743 ho-

838 5793 1007 5851 minis
1064 5794 1382 5862 accepisset,
1438 5787 1718 5845 Christum
1777 5795 2066 5857 precatus,
2122 5782 2392 5851 ejusmodi

2487 4591 2744 4660 βούλομαι
2786 4590 2844 4653 ἐξ
2872 4590 3070 4659 αὑτῆςν
3105 4591 3211 4659 ἔχω
3233 4591 3287 4643 δὲ
3318 4592 3414 4659 τὴν
3438 4593 3819 4659 πνευματικὴν
3850 4594 4055 4662 τροφὴν

2487 4680 2579 4737 καὶ
2602 4684 2661 4735 οὐ
2696 4684 2767 4753 μὴ
2799 4685 3036 4736 πεινάσω
3069 4681 3147 4745 είς
3187 4684 3276 4735 τὸν
3326 4682 3517 4735 αίῶνα.
3548 4683 3731 4735 Ταῦτα
3764 4685 4005 4748 ἀκούσας
4030 4685 4056 4735 6

2485 4776 2629 4841 δοὺξ,
2663 4776 2946 4828 ἐκέλευσεν
3006 4775 3269 4841 ὲκκαῆναι
3315 4776 3544 4840 κάμινον
3575 4774 3665 4824 καὶ
3718 4775 4057 4843 ἐμϐληθῆναι

2491 4864 2649 4914 αὑτὸν
2707 4863 2763 4913 ὲν
2810 4862 2966 4931 αὐτῇ,
3028 4862 3184 4931 ἄχρις
3214 4861 3435 4932 ἡμερῶν
3470 4861 3656 4930 τριῶνο
3712 4866 3808 4915 καὶ
3842 4866 4058 4930 ἐγένετο

2489 4949 2681 5012 οὕτως.
2724 4951 2878 5004 Μετὰ
2936 4951 2993 5002 δὲ
3040 4950 3137 5013 τὰς
3182 4952 3329 5019 τρεῖς
3358 4949 3589 5019 ἡμέρας,
3624 4950 3854 5017 νομίσας
3888 4951 3917 5003 ὁ
3942 4950 4059 5013 δοὺξ

2490 5043 2795 5113 ἀνηλῶσθαι
2821 5042 2981 5094 αὐτὸν
3006 5043 3108 5093 ὑπὸ
3138 5042 3228 5092 τοῦ
3256 5042 3445 5109 πυρὸς,
3467 5039 3753 5092 ἐκέλευσεν
3777 5042 4060 5111 ἀνοιγῆναι

2491 5135 2589 5203 τὴν
2615 5132 2841 5199 κάμινον
2864 5131 2957 5184 καὶ
2982 5131 3202 5200 ῥιφῆναι
3230 5129 3295 5181 τὰ
3324 5130 3457 5182 ὀστᾶ
3482 5130 3647 5182 αὑτοῦ
3673 5131 3753 5192 είς
3780 5130 3875 5182 τὸν
3906 5146 4065 5184 ποτα»

2498 5224 2597 5293 μόν
2624 5238 2635 5252 ·
2675 5224 2767 5276 καὶ
2791 5224 3096 5288 ἀνοίξαντες
3148 5222 3340 5292 αὐτὴν,
3369 5216 3528 5290 εὖρον
3564 5222 3727 5273 αὐτὸν
3760 5220 3945 5285 ζῶντα
3977 5225 4064 5275 καὶ

2494 5316 2784 5379 δοξάζοντα
2831 5314 2922 5366 τιν
2967 5314 3120 5379 Θεὸν,
3150 5313 3217 5366 δι’
3266 5316 3345 5364 ὅτι
3378 5312 3488 5364 οὐδ’
3526 5313 3662 5374 ὅλως
3694 5313 3877 5383 ἥψατο
3906 5314 4064 5366 αὑτοῦ

2495 5409 2556 5461 τὸ
2586 5408 2715 5477 πῦρ.
2746 5408 2878 5459 Τότε
2911 5406 3192 5459 ἐκέλευσεν
3215 5408 3241 5458 ὁ
3281 5406 3403 5470 δοὺξ
3438 5406 3702 5476 φίρμακα
3744 5407 4065 5477 ἁναιρετικὰ

2497 5500 2716 5568 δοθῆναι
2740 5497 2888 5565 αὑτῷ
2920 5501 3114 5565 φαγεῖν
3146 5498 3286 5566 μετὰ
3332 5497 3541 5565 κρεῶνο
3594 5498 3688 5549 καὶ
3715 5498 4067 5551 ὲπιδοθέντων

2499 5590 2649 5661 αὐτῷ
2698 5589 2805 5642 τῶν
2836 5590 3141 5670 φαρμάκων
3198 5589 3301 5640 ὑπὸ
3353 5587 3448 5640 τοῦ
3484 5588 3681 5658 μάγου.
3716 5589 3825 5661 ἔφη
3858 5594 3887 5642 ὀ
3926 5590 4068 5655 ἅγιος

2500 5684 2749 5752 Βίκτωρο
2806 5682 2918 5733 Οὐκ
2969 5681 3085 5744 ἐξόν
3123 5686 3211 5750 μοι
3256 5676 3324 5750 ἦν
3351 5679 3529 5748 κρεῶν
3565 5681 3845 5750 ἅψασθαι·
3904 5685 3988 5736 ἵνα
4021 5686 4068 5735 ξι

2502 5779 2665 5849 γνῷς,
2699 5778 2778 5832 ὅτι
2809 5776 2958 5831 οὐδέν
2985 5777 3118 5831 εἰσιν
3147 5778 3199 5830 αἱ
3234 5776 3456 5847 μαγεῖαι
3484 5793 3598 5846 σου,
3625 5777 3719 5830 καὶ
3750 5778 4069 5850 καταφρονῶ
