4196 6306
198 362 302 427 261

1209 362 1386 423 VITA
1418 358 1523 419 SS.
1558 358 1918 421 VICTORIS
1958 361 2050 419 ET
2092 360 2436 427 CORONIE.

3335 358 3442 425 252

199 478 391 541 αὑτάς,
426 475 590 529 ὲσθίω
620 472 1024 544 ἁνυπερθέτως.
1061 473 1170 525 Καὶ
1220 472 1512 541 δεξάμενος
1568 474 1633 525 ὲκ
1665 471 1772 523 τῶν

1876 471 2141 527 carnibus
2175 474 2323 527 vesci
2360 473 2549 537 cmpit,
2579 487 2756 541 neque
2788 474 3091 543 quidquam
3145 475 3271 528 mali
3308 489 3431 543 pas-

199 569 395 639 χειρῶν
443 567 536 619 τοῦ
575 565 775 635 μάγου,
811 563 1253 633 προσευξάμενος
1287 562 1362 631 τῷ
1387 562 1632 630 Χριστῷ,
1671 561 1765 629 ηρ.

196 662 325 724 ξατο
363 660 560 711 ἐσθίειν
587 673 600 686 ·
636 656 726 708 καὶ
758 654 946 724 φαγὼν
975 654 1127 706 οὐδὲν
1154 652 1355 704 ἔπαθεν
1382 654 1571 705 κακόν.
1616 652 1673 704 ’0
1707 651 1763 703 δὲ

198 753 371 819 μάγος
402 751 494 803 ἐπὶ
545 739 623 819 τῇ
660 752 837 819 οἰκεία
894 747 1098 815 μαγεία
1128 745 1570 813 καταισχυνθεὶς,
1599 761 1768 811 προσ-

193 843 402 911 ήγαγεν
430 839 577 909 αὐτῷ
608 840 766 892 πάλιν
801 839 963 908 ἕτερα
1000 837 1270 906 φάρμακα
1320 835 1431 888 τῶν
1485 836 1769 905 προτέρων

192 931 465 999 δεινότερα
497 932 589 982 καὶ
612 931 757 997 λέγει
786 928 935 997 αύτῴ
964 944 977 957 ·
1009 928 1120 1005 Καὶ
1143 927 1237 980 νῦν
1275 926 1423 991 δέξαι
1473 931 1566 980 καὶ
1592 927 1732 994 φάγε
1753 942 1765 955 ·

194 1022 286 1071 καὶ
321 1021 414 1071 ὲὰν
462 1019 651 1087 φαγὼν
702 1019 865 1086 μηδὲν
895 1019 1075 1087 πάθῃς
1123 1018 1315 1083 κακὸν,
1371 1017 1770 1087 καταλιμπάνω

196 1129 298 1180 μου
324 1111 423 1173 τὰς
456 1110 707 1179 μαγείας,
746 1111 841 1163 καὶ
883 1112 1124 1163 πιστεύω
1176 1109 1330 1178 κάγὼ
1361 1109 1435 1178 τῷ
1460 1110 1579 1180 Θεῷ
1607 1103 1649 1176 ᾧ
1680 1110 1770 1161 λα-

191 1201 428 1269 τρεύεις.
481 1199 747 1262 Λαϐόντος
812 1202 868 1252 δὲ
902 1201 996 1253 τοῦ
1032 1200 1301 1270 μακαρίου
1360 1200 1639 1270 Βίκτορος,
1677 1200 1771 1251 καὶ

191 1292 481 1357 φαγόντος,
506 1292 597 1342 καὶ
632 1292 799 1360 μηδὲν
831 1291 1095 1354 παθόντος
1128 1293 1318 1356 κακὸν,
1347 1292 1607 1361 ἀνεϐόησε
1635 1293 1769 1361 μετά

191 1383 375 1450 ςωνῆς
412 1383 439 1434 ὀ
479 1383 651 1450 μάγος
684 1385 775 1434 καὶ
809 1379 962 1436 εἶπεν
990 1398 1002 1411 '
1050 1385 1361 1453 Ἐνίκησας,
1395 1385 1573 1455 ψυχὴν
1598 1385 1768 1437 ἀπολ-

190 1469 435 1540 λυμένην
475 1470 531 1535 ἐξ
563 1471 688 1541 ᾅδου
747 1473 1075 1540 ἀνα-(ἀγῶν’
1133 1476 1324 1542 ὥσπερ
1380 1477 1488 1545 γὰρ
1546 1473 1769 1543 ἀνδριὰς

192 1562 429 1631 χαλκοῦς
454 1563 785 1626 παλαιωθεὶς
820 1564 912 1615 καὶ
945 1565 1049 1617 ὑπὸ
1098 1565 1190 1617 τοῦ
1222 1566 1469 1633 τεχνίτου
1505 1565 1770 1636 σμηχθεὶς

190 1653 599 1718 ἀνακαινοῦται,
622 1653 790 1717 οὕτως
815 1657 908 1708 καὶ
939 1658 965 1708 ὁ
1006 1656 1290 1725 ἄνθρωπος
1321 1659 1347 1708 ό
1385 1657 1440 1707 ἐν
1466 1659 1651 1718 κακοῖς
1671 1672 1775 1707 πα-

189 1746 466 1811 λαιωθεὶς,
499 1747 595 1799 ἐάν
621 1749 947 1819 ἐπιστρέψῃ,
970 1749 1128 1813 σώζει
1148 1750 1306 1802 αὐτὸν
1322 1751 1349 1802 ὁ
1367 1749 1495 1811 Θεὸς
1518 1752 1583 1819 τῇ
1607 1749 1768 1801 αὑτοῦ

185 1839 399 1907 χάριτι.
434 1839 567 1892 Τότε
598 1843 623 1892 ὁ
659 1843 830 1909 μάγος
876 1842 1217 1911 παραχρῆμα
1264 1843 1567 1894 κατέκαυσε
1627 1843 1762 1913 πυρὶ

189 1929 374 1991 πάσας
393 1932 489 1991 τὰς
509 1931 744 1999 μαγικὰς
770 1931 932 1983 αὑτοῦ
962 1932 1177 2000 βίϐλους
1197 1934 1288 1985 καὶ
1310 1936 1439 1985 πᾶσι
1458 1935 1567 1994 τοῖς
1590 1934 1765 2003 ὑπαρ-

184 2040 379 2093 χουσιν
415 2023 580 2076 αὐτοῦ
613 2022 1043 2091 ἀποταξάμενος,
1068 2028 1288 2090 γέγονεν
1334 2022 1681 2091 Χριστιανός.

260 2122 337 2171 A'.
374 2116 592 2169 Τούτων
649 2116 705 2168 δὲ
746 2116 961 2168 πάντων
1011 2114 1182 2176 οὕτως
1229 2115 1560 2182 γενομένων,
1614 2115 1719 2184 ἔφη
1746 2118 1771 2168 ὁ
1807 2122 1848 2175 Β

181 2210 315 2274 δοὺξ
347 2208 425 2278 τῷ
456 2208 707 2277 μακαρίῳ
745 2208 965 2276 Βίκτορι
990 2224 1003 2236 ’
1051 2208 1309 2259 ὲπίθυσον
1340 2210 1448 2269 τοῖς
1486 2206 1766 2279 μεγίστοις

183 2302 358 2363 θεοῖς,
390 2301 481 2352 καὶ
512 2301 670 2366 γενοῦ
706 2299 891 2351 λοιπὸν
936 2299 1157 2360 συνετὸς
1213 2301 1307 2350 καὶ
1333 2299 1632 2367 οφρόνιμος.
1711 2298 1769 2350 '0

183 2393 346 2456 ἆγιος
407 2390 624 2457 Βίκτωρ
663 2386 855 2441 εἶπεν⁶
907 2388 1049 2454 Ἐγὼ
1096 2388 1322 2441 πάντοτε
1383 2389 1604 2449 συνετός
1655 2390 1769 2456 εἰμι

182 2479 280 2529 τὸν
298 2478 430 2531 Θεὸν
455 2477 812 2545 ὲπιγνὼσκων
838 2495 850 2507 '
874 2478 933 2530 Ὀ
956 2477 1080 2541 δοῦξ
1106 2475 1259 2531 εἶπεν
1281 2495 1293 2506 ·
1326 2481 1495 2531 Τοῦτο
1530 2484 1627 2533 οὐκ
1656 2482 1770 2535 ἐστι

183 2570 436 2631 σύνεσις,
499 2570 634 2621 ἀλλά
684 2570 885 2638 μωρία,
922 2570 982 2620 τὸ
1027 2570 1101 2638 μὴ
1141 2569 1426 2637 βούλεσθαι
1480 2572 1628 2624 θύειν
1660 2576 1771 2634 τοῖς

182 2661 360 2721 θεοῖς.
398 2660 456 2711 '0
483 2660 633 2725 ἆγιος
664 2660 875 2729 Βίκτωρ
903 2654 1094 2711 εἶπεν*
1128 2659 1209 2711 Τά
1243 2664 1398 2730 μωρὰ
1436 2662 1530 2713 τοῦ
1564 2664 1768 2731 κόσμου

182 2751 475 2814 ἐξελέξατο
496 2753 522 2802 ὁ
555 2751 709 2814 Θεὸς,
743 2751 830 2805 ἵνα
857 2753 983 2815 τοὺς
1014 2753 1210 2820 σοφοὺς
1242 2754 1595 2825 καταισχύνῃ.
1629 2756 1771 2824 Ἔφη

183 2844 332 2913 πρὸς
366 2844 528 2898 αὑτὸν
562 2846 587 2898 ὁ
615 2844 738 2911 δούξ
764 2862 775 2874 ·
809 2844 917 2898 Ποῦ
945 2843 1255 2916 γέγραπται
1290 2845 1497 2913 rat-371;
1534 2846 1592 2901 '0
1617 2848 1770 2915 ἅγιος

182 2936 411 3005 Βίκτωρ
464 2931 617 2987 εἶπεν
644 2952 655 2964 ·
693 2937 903 2999 Παῦλος
937 2940 964 2989 ὁ
991 2938 1287 3001 ἀπόστολος
1343 2939 1578 3003 ἐδίδαξεν
1603 2942 1767 3008 ἡμᾶς.

195 3026 260 3076 '0
307 3026 432 3088 δοὺξ
479 3024 663 3078 εἶπεν·
700 3029 911 3081 Οὐκοῦν
934 3030 1063 3090 ea»;
1092 3027 1158 3099 ἦν
1183 3034 1209 3082 ὁ
1241 3031 1486 3096 Παῦλο;;
1533 3033 1590 3085 Ὀ
1617 3033 1771 3100 ἆγιος

184 3116 414 3183 Βίκτωρ
447 3114 635 3167 εἶπεν·
690 3118 901 3179 Παῦλος
953 3119 1086 3181 Θεὸς
1118 3122 1221 3172 οὐκ
1258 3122 1423 3185 ἔστιν,
1457 3123 1593 3176 ἀλλὰ
1636 3124 1771 3178 Θεοῦ

178 3204 495 3267 ἀπόστολος
529 3207 623 3257 καὶ
662 3207 821 3274 σοφὸς
848 3208 1183 3277 ἀρχιτέκτων
1210 3225 1222 3238 ·
1255 3211 1347 3263 ἐπὶ
1371 3212 1478 3281 γάρ
1505 3213 1581 3280 τῷ
1610 3214 1772 3284 θεμε-

179 3297 292 3365 λίῳ
330 3296 406 3366 τῷ
432 3296 641 3349 τεθέντι
674 3298 991 3369 ᾠκοδόμησε
1022 3301 1115 3352 καὶ
1143 3301 1429 3371 ἐπλήρωσε
1464 3303 1561 3372 τὴν
1592 3306 1772 3357 οἰκου-

181 3389 370 3457 μένην
395 3389 494 3458 τῆς
531 3389 751 3459 διδαχῆς
791 3392 956 3443 αὐτοῦ
982 3409 997 3424 ο
1028 3394 1121 3444 καὶ
1158 3386 1339 3446 λαϐὼν
1378 3395 1566 3463 σοφίαν
1618 3396 1768 3464 παρὰ

1876 578 1970 617 sus
2014 573 2115 617 est.
2152 565 2445 618 Veneﬁcus
2500 574 2682 617 autem
2733 566 2823 619 ille
2865 581 2969 633 pro
3009 567 3124 619 suis
3163 565 3443 619 veneﬁciis

1875 653 2242 717 erubescens,
2300 654 2404 708 alia
2455 655 2704 722 qtttetlam
2754 656 2955 709 obtulit
2999 656 3281 725 prioribus
3336 657 3445 709 illis

1875 746 2063 813 pejora
2096 763 2108 797 :
2147 745 2291 809 Haec,
2318 747 2601 815 inquiens,
2650 747 2836 815 accipe
2868 763 2881 799 :
2916 764 3038 816 qua:
3086 764 3210 801 cum
3260 764 3444 802 come-

1877 834 2043 899 deris,
2090 836 2135 889 si
2196 836 2335 888 nihil
2384 837 2512 891 mali
2568 847 2759 905 passus
2786 837 2978 901 fueris,
3028 841 3210 892 statim
3268 850 3441 892 artem

1878 928 2142 996 magicam
2167 926 2568 995 derelinquam,
2615 936 2669 981 et
2703 930 2919 983 credam
2965 930 3128 982 etiam
3190 931 3302 997 ipse
3336 931 3445 983 Deo

1877 1034 2045 1086 quem
2080 1028 2135 1070 tu
2170 1018 2326 1070 colis.
2362 1016 2497 1071 Cum
2524 1018 2691 1086 igitur
2738 1019 2933 1072 beatus
2991 1018 3182 1072 Victor
3229 1034 3439 1073 venena

1879 1112 1969 1166 illa
2002 1110 2351 1171 comedisset,
2371 1125 2548 1178 neque
2575 1109 2833 1177 quiddam
2864 1111 2988 1164 mali
3018 1127 3209 1180 passus
3233 1111 3444 1172 fuisset,

1876 1202 2156 1257 veneﬁcus
2213 1202 2303 1255 ille
2332 1216 2525 1270 magna
2569 1216 2702 1255 voce
2747 1202 2989 1255 clamans
3030 1221 3042 1254 :
3084 1203 3187 1263 En,
3244 1203 3445 1273 inquit,

1877 1294 2085 1357 vicisti,
2135 1304 2192 1348 et
2244 1292 2484 1346 animam
2542 1307 2718 1345 meam
2773 1293 2982 1363 jamdiu
3030 1294 3324 1363 perditam,
3377 1292 3446 1350 ab

1884 1387 2081 1442 inferis
2110 1386 2371 1441 eduxisti.
2409 1387 2563 1440 Sicut
2594 1388 2741 1439 enim
2776 1395 2954 1442 statua
2982 1402 3147 1453 terea,
3180 1404 3300 1457 qua:
3324 1389 3435 1459 jam

1882 1479 2188 1533 inveterata
2220 1486 2323 1541 est,
2358 1491 2388 1529 a
2418 1475 2573 1529 fabro
2608 1476 2792 1546 aliquo
2821 1478 3060 1545 expolita
3097 1489 3395 1532 renovatur
3426 1496 3437 1530 :

1880 1572 1953 1625 ita
1985 1581 2040 1624 et
2092 1585 2177 1623 me
2231 1570 2517 1633 miserum,
2576 1568 2629 1621 in
2678 1569 2836 1623 malis
2871 1570 3257 1634 inveteratum,
3305 1573 3446 1627 Deus

1881 1663 1998 1730 ipse
2047 1676 2141 1714 sua
2174 1661 2345 1729 gratia
2380 1675 2651 1714 renovans
2683 1662 2976 1725 convertit,
3014 1671 3068 1715 et
3116 1662 3182 1716 ad
3217 1664 3445 1719 salutem

1882 1752 2145 1806 traduxit.
2200 1751 2390 1819 itaque
2438 1751 2716 1804 veneﬁcus
2760 1751 2851 1804 ille
2892 1766 3085 1806 omnes
3118 1768 3247 1806 suos
3279 1753 3449 1807 libros

1870 1844 2110 1913 magicos
2155 1843 2267 1912 igni
2320 1842 2643 1905 combussit,
2672 1849 2727 1896 et
2759 1842 3015 1897 omnibus
3045 1844 3212 1899 rebus
3246 1860 3449 1898 renunc

1877 1934 2043 1999 tians,
2075 1932 2423 1987 Christianus
2460 1932 2641 1986 factus
2672 1940 2783 1985 est.

1948 2116 2037 2170 ιν.
2069 2114 2204 2169 Cum
2238 2115 2353 2169 haec
2376 2114 2447 2167 ita
2481 2128 2539 2168 se
2567 2112 2853 2176 haberent,
2886 2112 2993 2165 dux
3022 2112 3089 2166 ad
3110 2113 3330 2167 beatum
3357 2110 3450 2166 Vi-

1871 2210 2079 2260 ctorem
2111 2222 2413 2261 conversus
2446 2223 2461 2260 :
2493 2204 2770 2269 Sacriﬁca,
2813 2206 3013 2275 inquit,
3040 2206 3145 2260 diis
3176 2209 3449 2272 maximis,

1870 2308 2057 2353 etesto
2082 2301 2345 2369 prudens.
2371 2299 2559 2353 Victor
2583 2297 2894 2366 respondit:
2923 2297 3034 2366 Ego
3052 2300 3290 2366 prudens
3308 2314 3450 2352 sem-

1869 2408 1968 2461 per
2019 2407 2179 2450 sum,
2221 2405 2346 2443 cum
2375 2390 2543 2443 Deum
2575 2403 2923 2458 cognoscam.
2980 2388 3096 2442 Non
3129 2399 3233 2454 est,
3272 2392 3448 2459 inquit

1870 2483 2348 2551 dux,prudentia‘,
2382 2483 2474 2535 sed
2494 2481 2740 2534 stultitiae
2759 2481 2995 2549 signum,
3024 2482 3165 2534 nolle
3192 2480 3451 2551 diisipsis

1880 2574 2219 2627 sacriﬁcare.
2252 2574 2329 2626 Ad
2358 2574 2473 2627 hzec
2516 2587 2741 2626 sanctus
2779 2573 3003 2627 Victor:
3044 2572 3218 2626 Stulta
3254 2576 3447 2628 mundi

1877 2666 2042 2733 elegit
2092 2666 2256 2726 Deus,
2313 2675 2371 2717 ut
2422 2665 2701 2732 sapientes
2758 2664 3129 2717 confundat‘.
3183 2665 3337 2718 Tunc
3372 2666 3449 2718 ait

1876 2755 2027 2808 dux:
2076 2756 2142 2807 Et
2186 2755 2407 2807 ubinam
2465 2757 2567 2807 hoc
2608 2753 2871 2824 scriptum
2908 2753 3152 2823 legitur?
3211 2754 3312 2810 Cui
3362 2772 3447 2813 re-

1872 2846 2094 2917 spondit
2131 2847 2311 2902 Victor
2345 2864 2355 2900 :
2392 2845 2591 2902 Paulus
2625 2845 2904 2916 apostolus
2936 2860 3035 2899 nos
3080 2846 3194 2901 lucc
3235 2848 3445 2903 docuit.

1871 2940 2037 3001 Num,
2071 2940 2251 3009 inquit
2298 2941 2411 3001 ille,
2472 2940 2615 2993 Deus
2646 2948 2765 2992 crat
2793 2939 3030 2992 Paulus?
3076 2940 3176 2993 Cui
3212 2941 3395 2992 Victor
3426 2958 3438 2991 :

1875 3029 2097 3083 Minime
2127 3031 2331 3083 Paulus
2364 3031 2508 3083 Deus
2531 3039 2635 3089 est,
2673 3030 2768 3082 sed
2806 3031 2898 3082 Dei
2929 3032 3235 3097 apostolus,
3279 3040 3331 3083 et
3357 3045 3445 3083 sa—

1879 3124 2040 3193 piens
2087 3123 2465 3177 arcbitcctus:
2512 3122 2803 3176 aediﬁcavit
2837 3123 2987 3177 enim
3039 3138 3203 3191 super
3251 3124 3447 3175 funda-

1873 3226 2120 3270 mentum
2159 3215 2305 3284 quod
2348 3215 2588 3282 positum
2630 3212 2877 3274 fuerat’,
2931 3222 2987 3265 et
3028 3200 3282 3265 doctrina
3341 3228 3441 3265 sua

1873 3309 2067 3362 orbem
2117 3317 2391 3360 terrarum
2433 3307 2665 3373 replevit
2722 3323 2733 3356 :
2789 3305 2885 3371 qui
2937 3319 3061 3357 cum
3108 3304 3441 3370 sapientiam

1874 3400 1980 3454 sibi
1998 3415 2024 3451 a
2042 3399 2154 3452 Deo
2171 3396 2419 3450 traditam
2439 3396 2761 3464 accepisset,
2780 3394 3088 3448 divinarum
3113 3394 3442 3446 Litterarum

178 3480 356 3539 Θεοῦ,
395 3480 552 3549 ἔσχεν
578 3485 636 3533 ὲν
672 3483 851 3551 ἑαυτῷ
877 3486 935 3534 τὸ
963 3484 1237 3553 πλήρωμα
1271 3486 1377 3537 τῶν
1413 3487 1643 3556 Γραφῶν
1675 3489 1767 3540 καὶ

1877 3492 2091 3561 plenam
2138 3489 2546 3561 perfectamque
2615 3487 2867 3541 notitiam
2926 3486 2979 3538 in
3011 3501 3066 3538 se
3111 3485 3328 3545 habuit,
3388 3493 3443 3536 et

176 3570 396 3633 ἔδειξεν
422 3571 539 3621 ὁδον
563 3574 672 3634 τοῖς
697 3573 937 3641 σωθῆναι
962 3574 1328 3643 βουλομένοις.
1361 3578 1418 3628 Ὀ
1447 3579 1571 3642 δοῦξ
1594 3578 1766 3633 εἶπεν·

178 3662 412 3714 Παῦσαι
445 3663 634 3715 λοιπὸν
684 3665 780 3732 τῆς
836 3666 1048 3735 μωρίας
1112 3684 1202 3718 σου
1231 3670 1456 3738 ταύτης,
1488 3673 1580 3722 καὶ
1611 3670 1771 3723 θῦσον

174 3758 306 3817 τοῖς
327 3753 494 3819 θεοῖς,
523 3742 765 3808 ὲπεὶόὑκ
788 3756 1127 3827 ὼφελήσουσί
1153 3776 1209 3811 σε
1233 3763 1301 3812 τά
1335 3763 1555 3830 ῥήματα
1576 3760 1767 3815 ταῦτα.

188 3847 257 3901 Ὀ
286 3848 445 3914 am;
476 3850 689 3919 Βίκτωρ
715 3846 900 3903 εἶπεν·
938 3851 1052 3906 Οὐκ
1086 3853 1202 3922 εἰμὶ
1230 3854 1433 3923 μωρὸς,
1466 3854 1599 3908 ἀλλά
1632 3857 1771 3909 πάνυ

175 3941 467 4009 φρόνιμος
501 3939 592 3988 τὸν
647 3940 779 3990 Θεὸν
816 3956 917 4006 μου
975 3943 1049 4009 μὴ
1098 3943 1431 4011 ἀρνούμενος
1458 3962 1470 3975 -
1515 3948 1686 4012 μωροὶ
1715 3947 1772 3997 δέ

176 4032 300 4082 εἰσι
336 4029 428 4079 καὶ
460 4029 692 4098 ἄφρονες
724 4030 773 4081 οἱ
797 4030 1087 4094 ἀκούοντές
1121 4050 1213 4084 σου
1239 4035 1333 4086 καὶ
1363 4034 1581 4104 δαίμοσι
1615 4037 1773 4089 θύον-

173 4143 325 4190 τες.
366 4126 463 4179 καὶ
494 4126 601 4196 γὰρ
636 4128 664 4178 ὁ
716 4129 900 4195 πατὴρ
932 4128 1086 4197 ὑμῶν
1135 4132 1163 4181 ὁ
1191 4129 1435 4193 διάϐολος
1467 4131 1563 4182 ἀπ’
1600 4131 1774 4200 ἀρχῆς

173 4221 441 4289 ψεύστης
462 4222 618 4272 ἐστὶν
648 4222 741 4271 καὶ
780 4221 878 4290 τὴν
903 4220 1161 4288 ἀλήθειαν
1210 4221 1310 4273 οὐκ
1352 4221 1509 4285 ἔγνω.
1564 4220 1637 4280 ὼς
1682 4222 1777 4272 καὶ

175 4315 363 4381 ὑμεῖς
400 4312 455 4363 οἱ
484 4311 722 4364 διάκονοι
756 4310 947 4363 αὐτοῦ’
1004 4310 1140 4364 ἀλλά
1171 4311 1264 4363 καὶ
1291 4312 1345 4363 αί
1372 4311 1588 4378 καρδίαι
1623 4312 1789 4381 ὑμῶν,

176 4408 586 4477 πεπήρωνται,
609 4405 707 4474 τὴν
734 4404 938 4473 γνῶσιν
967 4403 1066 4473 τῆς
1099 4402 1357 4471 ἀληθείας
1393 4402 1467 4473 μὴ
1496 4401 1734 4471 ἔχουσαι.

258 4589 349 4640 E'.
386 4586 520 4637 Τότε
551 4583 825 4652 θυμωθεὶς
858 4584 885 4634 ὁ
916 4582 1043 4644 δοὺξ
1072 4582 1325 4634 ἐκέλευσε
1357 4581 1424 4634 τά
1450 4580 1775 4651 νεῦραόλου

168 4681 284 4735 τοῦ
326 4676 580 4746 σώματος
610 4674 773 4729 αὑτοῦ
796 4675 1173 4745 ἀποκοπῆναι·
1211 4674 1308 4728 καὶ
1332 4674 1521 4728 τούτου
1547 4677 1777 4744 γενομὲ-

1876 3582 1986 3643 his,
2026 3579 2118 3647 qui
2153 3578 2289 3632 salvi
2321 3592 2441 3631 esse
2479 3574 2733 3643 cupiunt,
2787 3575 2927 3626 viam
2976 3574 3236 3625 ostendit.
3286 3572 3446 3625 Tunc

1874 3674 1952 3724 ait
2003 3670 2112 3723 dux
2151 3686 2163 3719 :
2214 3667 2412 3721 Desine
2455 3667 2507 3719 in
2550 3674 2830 3735 posterum
2871 3665 2939 3719 ab
2980 3665 3083 3718 ista
3132 3664 3341 3718 insania
3392 3674 3450 3718 et

1873 3761 1981 3816 diis
2003 3758 2295 3823 Sacriﬁca;
2341 3772 2449 3810 non
2485 3757 2631 3809 enim
2684 3756 2787 3809 tibi
2817 3755 3119 3823 proderunt
3151 3755 3316 3807 verba
3347 3754 3449 3806 ista

1876 3861 1990 3906 tua.
2026 3850 2269 3913 Minime,
2302 3847 2482 3915 inquit
2514 3847 2721 3908 Victor,
2750 3846 2977 3898 insanus
3021 3858 3120 3913 ego
3148 3855 3292 3904 sum,
3344 3844 3442 3895 sed

1875 3945 2034 4000 valde
2063 3943 2331 4012 prudens,
2363 3955 2487 3994 cum
2513 3940 2687 3992 Deum
2724 3952 2908 3990 meum
2951 3952 3058 3988 non
3100 3951 3308 4003 negem.
3350 3935 3439 3986 lu-

1879 4035 2000 4091 sani
2030 4044 2086 4091 et
2111 4034 2400 4088 dementes
2426 4038 2575 4094 sunt,
2624 4027 2718 4097 qui
2754 4036 2804 4081 te
2839 4024 3094 4087 audiunt,
3145 4034 3200 4077 et
3242 4024 3445 4077 daemo-

1880 4127 2046 4180 nibus
2071 4124 2325 4179 victimas
2349 4120 2588 4175 offerunt
2620 4136 2633 4171 :
2679 4116 2897 4171 Etenim
2928 4124 3084 4184 pater
3119 4122 3297 4166 vester
3322 4113 3446 4164 dia-

1878 4217 2040 4271 bolus
2068 4215 2300 4268 mendax
2328 4220 2431 4274 est,
2464 4219 2519 4263 et
2543 4211 2597 4261 in
2625 4208 2859 4260 veritate
2901 4220 3007 4258 non
3066 4205 3219 4257 stetit
3253 4219 3272 4255 :-
3302 4203 3447 4256 sicut

1878 4318 1937 4362 et
1992 4322 2131 4369 vos,
2180 4303 2275 4373 qui
2332 4300 2466 4356 estis
2530 4299 2679 4353 illius
2704 4296 2943 4351 ministri
2978 4295 3019 4348 ⁸.
3069 4293 3216 4359 Quin
3280 4293 3445 4347 etiam

1878 4400 2050 4454 corda
2073 4406 2251 4451 vestra
2277 4400 2550 4449 excaecata
2584 4400 2732 4457 sunt,
2765 4388 3015 4444 veritatis
3048 4387 3302 4441 notitiam
3327 4402 3438 4440 non

1880 4490 2166 4546 habentia.

1959 4585 2025 4637 ν.
2069 4583 2223 4636 Tunc
2256 4580 2442 4635 furore
2472 4590 2736 4632 accensus
2760 4576 2869 4628 dux
2923 4573 3036 4637 ille,
3084 4571 3247 4640 jussit
3279 4569 3450 4622 totius

1880 4675 2129 4741 corporis
2161 4672 2417 4739 martyris
2455 4682 2656 4722 nervos
2686 4650 2894 4721 divelli.
2937 4664 3056 4729 Quo
3099 4662 3268 4726 facto,
3309 4659 3450 4713 dixit

169 4791 313 4842 νου..
350 4767 506 4823 εἶπεν
531 4772 558 4822 ὁ
583 4771 737 4836 ἆγιος
782 4768 1001 4838 Βίκτωρ
1026 4783 1038 4796 ·
1105 4768 1290 4821 Ταῦτα
1327 4770 1501 4820 πάντα
1550 4769 1774 4836 πάσχων

1884 4772 2111 4819 sanctus
2142 4762 2329 4816 Victor
2364 4779 2377 4815 :
2412 4759 2549 4815 Cum
2577 4759 2758 4813 omnia
2796 4760 2911 4819 haec
2940 4771 2969 4808 a
3000 4766 3050 4808 te
3082 4755 3282 4824 patior,
3320 4752 3446 4804 nul-

171 4866 301 4918 ὑπὸ
326 4860 450 4921 σοῦ,
478 4859 585 4912 οὐδ’
616 4860 749 4920 ὅλως
780 4857 1026 4929 ᾐσθόμην
1050 4856 1360 4923 ἀλγηδόνος,
1385 4856 1471 4907 διὰ
1501 4857 1597 4926 τὴν
1620 4858 1776 4927 χάριν

167 4955 285 5009 τοῦ
328 4952 471 5005 Θεοῦ
494 4951 591 5019 τὴν
622 4949 1026 5019 ὲνδυνσμοῦσάν
1064 4964 1130 5017 με
1160 4966 1172 4979 ·
1208 4947 1396 5015 ὥσπερ
1425 4948 1533 5016 γὰρ
1554 4950 1777 5015 κέντρον

168 5051 305 5107 ἀπὸ
343 5046 501 5107 ποδὸς
555 5046 922 5114 ἐκφερόμενον
964 5043 1286 5110 συνεκφέρει
1323 5040 1499 5107 ἑαυτῷ
1551 5040 1646 5108 τὴν
1678 5058 1778 5092 κα-

168 5144 433 5213 κουχίαν
472 5139 565 5191 καλ⁸
618 5138 800 5189 πᾶσαν
851 5136 949 5205 τὴν
1000 5134 1270 5202 ἀλγηδόνα
1318 5135 1411 5185 καί
1472 5132 1775 5214 ἀνάπαυσιν

167 5239 439 5308 παρέχει
482 5236 560 5304 τῷ
590 5232 827 5302 σώματι,
878 5231 1050 5292 οὕτως
1102 5227 1277 5295 κάγὼ,
1303 5228 1410 5280 τῶν
1440 5228 1645 5295 νεύρων
1678 5243 1778 5294 μου

168 5324 693 5387 ἀποσπασθέντων,
718 5324 861 5374 πάνυ
902 5319 1298 5387 ἀνεπαυσάμην
1327 5317 1413 5370 διὰ
1444 5316 1541 5385 τὴν
1566 5321 1623 5367 ἐν
1650 5318 1783 5384 Χρι-
1820 5384 1822 5387 ι

169 5423 312 5493 στῷ
348 5417 533 5472 πίστιν
564 5419 655 5468 καὶ
685 5416 784 5485 τὴν
820 5411 1173 5482 ὲνισχύουσὰν
1206 5428 1272 5478 με
1300 5412 1479 5479 χάριν.
1516 5408 1647 5479 Τότε
1678 5408 1781 5460 πά-

166 5518 274 5569 λιν
312 5514 348 5565 ὁ
377 5509 505 5574 δοὺε
549 5510 642 5559 ἐπὶ
700 5509 883 5558 πλεῖον
936 5503 1237 5573 ὀργισθεὶς,
1289 5502 1575 5552 ἐκέλευσεν
1604 5501 1783 5552 ἔλαιον

169 5602 456 5677 σφοδρῶς
489 5599 809 5667 πυρωθῆναι
840 5598 933 5649 καὶ
980 5593 1305 5666 ὲπιχεθῆναι
1337 5591 1484 5662 αὐτῷ
1512 5594 1649 5643 κατὰ
1680 5591 1784 5642 τῶν

265 5770 287 5803 ⁸
332 5765 357 5823 l
394 5762 523 5820 Cor.
555 5777 594 5830 ι,
622 5760 712 5816 27.
790 5761 809 5792 ⁸
842 5758 860 5816 1
899 5757 1021 5813 Cor.
1064 5774 1147 5826 Ill,
1180 5757 1264 5825 il,
1320 5756 1404 5809 19..

1883 4859 1997 4912 lum
2053 4856 2279 4909 omnino
2310 4867 2504 4907 sensus
2537 4852 2783 4904 dolorem
2815 4846 3057 4916 percipio
3097 4853 3324 4913 propter
3351 4842 3449 4896 Dei

1885 4951 2136 5021 gratiam,
2187 4961 2308 5015 qua:
2374 4959 2459 4997 me
2543 4942 2888 4997 corroborat.
2975 4937 3449 5003 Quemadmodum

1883 5044 2032 5098 enim
2073 5039 2300 5093 aculeus
2322 5054 2349 5091 a
2383 5037 2522 5107 pede
2556 5036 2790 5103 alicujus
2823 5032 3069 5091 evulsus,
3106 5042 3293 5082 secum
3340 5040 3451 5080 una

1886 5134 2131 5187 dolorem
2164 5146 2381 5183 onmem
2402 5129 2604 5187 aufert,
2627 5133 2682 5178 et
2715 5123 2933 5193 corpori
2964 5120 3163 5178 deinde
3203 5119 3449 5187 requiem

1888 5223 2093 5293 prmbet
2125 5240 2137 5275 :
2177 5223 2248 5274 ita
2279 5229 2333 5272 et
2365 5234 2487 5287 ego,
2522 5215 2709 5271 nervis
2734 5217 2871 5268 meis
2911 5212 3162 5272 divulsis,
3214 5210 3449 5261 maxime

1886 5325 2166 5370 recreatus
2226 5327 2372 5375 sum,
2429 5311 2614 5365 divina
2673 5307 2844 5376 gratia
2890 5321 2976 5358 me
3033 5300 3447 5355 corroboranle.

1885 5409 2039 5463 Tunc
2067 5408 2174 5460 dux
2205 5404 2375 5470 magis
2405 5404 2686 5471 magisque
2717 5403 2916 5460 iratus,
2960 5395 3122 5467 jussit
3151 5393 3331 5447 oleum
3358 5406 3446 5443 ve-

1886 5501 2169 5553 hementer
2195 5493 2457 5555 caleﬁeri,
2489 5501 2543 5545 et
2590 5492 2641 5543 in
2681 5490 2927 5543 occultas
2969 5495 3153 5555 partes
3198 5480 3449 5549 corporis

1888 5587 2123 5641 infundi.
2181 5584 2300 5649 Quo
2359 5583 2542 5649 facto,
2610 5580 2804 5634 beatus
2853 5584 3056 5645 martyr
3112 5573 3192 5628 ait
3240 5589 3252 5623 :
3310 5568 3448 5621 Tam

1485 5756 1503 5786 ³
1537 5750 1694 5810 Joau.
1739 5766 1854 5814 vm,
1896 5750 1985 5803 ιι.
