4196 6306
186 371 302 439 265

1181 379 1360 438 VITA
1412 380 1517 438 SS.
1559 379 1916 440 VICTORIS
1948 379 2043 439 ΕΤ
2083 381 2425 442 (ΖΟΒΟΝΑΞ.

3313 385 3419 446 266

185 491 305 542 πῶν
340 488 588 556 ἀγαθῶν·
635 492 838 554 τέλειος
871 488 919 545 εὶ
960 492 1052 545 καὶ
1090 492 1299 553 δίκαιος
1329 490 1519 559 ὥσπερ
1542 491 1749 553 ἐκεῖνος
1780 495 1826 555 Α

1780 495 1826 555 Α
1858 492 2033 548 fectus
2060 494 2326 563 acjustns
2372 504 2427 550 tu
2463 509 2543 553 es.
2577 503 2636 550 ut
2672 495 2761 550 ille
2818 494 2919 551 fuit
2974 497 3026 551 in
3072 500 3422 568 generatione

181 584 241 634 ἐν
268 581 362 650 ὅλῃ
393 584 455 651 τῇ
486 585 651 654 γενεᾷ
681 583 847 637 αὐτοῦ
868 600 883 617 θ
906 583 1235 643 ἐπίστευσας
1260 582 1448 653 ὥσπερ
1478 582 1751 653 Ἀδραάμ’

182 679 567 744 προσήνεγκας
599 676 792 729 ἑαυτὸν
815 676 891 745 τῷ
920 674 1039 744 Θεῷ
1079 675 1154 734 ὡς
1188 674 1376 727 Ἰσαάκ
1400 691 1415 707 ο
1455 675 1756 743 ὑπέμεινας

183 769 531 836 πειρασμοὺς
558 768 634 831 ὡς
677 767 896 830 Ἰακὼϐ,
929 767 1091 837 ἡνίκα
1130 768 1383 819 ἐδιώκετο
1416 767 1520 819 ὑπὸ
1564 766 1754 820 Ἡσαῦ·

180 857 476 925 ἐσοφίσθης
497 857 685 925 ὥσπερ
721 851 992 925 Ἰωσὴερ,ᾧ
1011 857 1253 923 ἐγνώσθη
1276 857 1341 908 τὰ
1370 857 1757 925 ἀποϐησόμενα

185 954 315 1017 περὶ
350 950 444 1002 τοῦ
473 949 634 1020 λιμοῦ
702 949 797 1003 καὶ
826 951 1014 1016 ἐγένου
1055 948 1323 1019 φρόνιμος
1380 950 1476 1001 καὶ
1527 948 1718 1009 πιστός

183 1039 427 1109 ἧθλησας
452 1040 525 1102 ὡς
569 1039 710 1105 Ἰὼϐ,
734 1040 789 1103 ὃς
816 1041 1044 1101 πολλοὺς
1066 1039 1409 1110 πειρασμοῦς
1439 1040 1755 1107 ὑπομείνας,

184 1132 405 1200 ἐνίκησε
434 1132 525 1183 τὸν
556 1131 770 1203 ἐχθρόν’
800 1132 1078 1203 amona;
1105 1133 1196 1185 τὸν
1228 1132 1479 1193 Ἡσαΐαν,
1510 1130 1566 1192 ὃς
1596 1129 1757 1197 μέσον

183 1220 418 1286 ἐπρίσθη
458 1220 561 1272 an».
592 1222 890 1292 Μανασσῆ.
933 1223 1044 1292 Οὐχ
1090 1221 1267 1291 ἣψατό
1301 1238 1395 1272 σου
1434 1220 1494 1271 τδ
1523 1218 1655 1288 πῦρ,
1684 1218 1759 1281 ὡς

179 1310 307 1362 οὐδὲ
334 1311 429 1363 τοῦ
464 1312 935 1384 Ναϐουχοδονόσορ
957 1312 1067 1366 τῶν
1100 1312 1267 1380 τριῶν
1303 1311 1513 1363 παίδων
1536 1327 1547 1339 ·
1598 1310 1757 1379 ἠλπι-

184 1418 285 1463 σας
321 1402 412 1453 ἐπὶ
468 1403 673 1473 Κύριον
725 1406 800 1466 ὡς
831 1403 994 1456 Δαυῖδ
1024 1403 1168 1456 ὀτοῦ
1209 1401 1448 1455 Ἰεσσαί·
1486 1401 1758 1463 ἀπέλαϐες

180 1492 283 1559 τὴν
316 1491 511 1559 σοφίαν
550 1494 919 1564 Σολομῶντος.
953 1494 1057 1554 ἕως
1089 1493 1155 1546 ἂν
1198 1494 1442 1567 νικήσῃς
1474 1492 1567 1544 τοῦ
1611 1494 1755 1543 ἀντι-

184 1581 359 1635 πάλου
390 1584 489 1646 τὰς
537 1584 837 1652 μεθοδείας.
882 1582 1248 1653 Προσδεχθείη
1282 1600 1372 1635 σου
1404 1586 1435 1651 ἠ
1468 1583 1650 1646 θυσία,
1686 1583 1759 1644 ὡς

180 1678 218 1739 ὴ
243 1674 335 1725 τοῦ
360 1676 613 1743 Σαμουὴλ
637 1692 648 1702 ⁸
682 1677 868 1742 ἐγένου
896 1678 974 1738 είς
1003 1674 1177 1745 ὀσμὴν
1209 1675 1456 1736 εἰωδίας,
1480 1674 1554 1735 ὡς
1574 1672 1761 1726 Ἐλεά-

185 1763 354 1829 ζαρος
414 1766 472 1815 ἐν
527 1768 591 1831 τῇ
635 1764 882 1832 ίερατείσι
921 1764 1121 1815 αὐτοῦ’
1163 1762 1521 1832 προσδεχθείη
1582 1778 1675 1812 σου
1700 1761 1761 1811 τὸ

1861 597 1982 637 sua.
2020 582 2339 647 Credidisti,
2378 593 2437 637 ut
2470 585 2790 652 Abraham;
2827 587 3075 642 obtulisti
3111 600 3162 642 te
3199 589 3327 650 Deo,
3365 602 3423 643 ut

1860 671 2053 738 Isaac;
2102 675 2433 727 tentationes
2473 675 2806 737 sustinuisti,
2839 683 2897 727 ut
2953 675 3160 740 Jacob;
3208 678 3426 746 sapiens

1858 761 2094 815 etfectus
2115 777 2195 820 es.
2228 771 2288 815 ut
2312 761 2534 836 Jnseph,
2560 763 2646 816 cui
2674 779 2854 817 rerum
2877 764 3175 818 futurarum
3210 782 3423 833 praeno-

1863 852 1938 905 tio
1963 868 2223 907 concessa
2248 853 2372 909 fuit.
2401 854 2717 909 Certamina
2752 857 2888 923 ipsi,
2924 866 2982 910 ut
3014 857 3115 914 Job
3169 858 3275 919 ille,
3314 857 3423 912 ἴοι·-

1863 946 1991 1001 litor
2022 945 2320 1014 pertulisti,
2351 948 2442 1014 qui
2478 947 2679 999 multas
2738 947 3070 1003 tentationes
3111 964 3421 1017 perpessus.

1861 1034 2074 1089 hostem
2112 1036 2391 1089 diabolum
2420 1039 2771 1106 expugnavit.
2808 1038 2999 1092 Isaiam
3027 1041 3315 1093 aemulatus
3343 1056 3423 1101 es,

1856 1126 1953 1192 qui
1989 1142 2017 1178 ιι
2056 1142 2177 1194 rege
2206 1126 2451 1180 Mauasse
2508 1127 2723 1182 medius
2769 1130 2974 1184 scissus
3003 1139 3104 1182 est.
3154 1129 3229 1182 Te
3288 1130 3427 1198 ignis

1862 1214 2076 1269 llaiuma
2106 1232 2213 1269 non
2232 1217 2427 1286 attigit,
2453 1214 2922 1286 quemadmodum
2941 1234 3042 1273 nec
3063 1218 3429 1275 Nabuchodo-

1859 1307 2079 1359 nosuris
2109 1306 2341 1360 lintrium:
2379 1318 2491 1361 tres
2526 1307 2649 1361 illos
2675 1323 2873 1375 pueros
2906 1310 3225 1378 attigerunt.
3263 1310 3425 1379 Spem

1861 1408 2011 1449 tuam
2047 1398 2101 1449 in
2133 1398 2243 1452 Deo
2275 1397 2394 1467 ipso
2428 1398 2733 1457 collocasti.
2775 1411 2831 1452 ιιι
2868 1400 3033 1457 David
3069 1400 3211 1454 lilius
3252 1400 3422 1457 Jesse.

1860 1487 1981 1541 Vidi
2014 1489 2151 1541 duas
2178 1505 2413 1544 coronas
2443 1506 2473 1544 e
2504 1490 2647 1544 caelo
2701 1492 2986 1559 demissas,
3050 1507 3213 1544 unam
3262 1494 3429 1561 majo-

1862 1593 1998 1639 rem,
2027 1579 2252 1633 alteram
2289 1582 2556 1635 minorem
2587 1599 2601 1634 :
2638 1591 2695 1636 et
2730 1583 2987 1651 majorem
3020 1580 3238 1651 quidem
3278 1585 3424 1637 illam

1863 1670 1964 1723 tibi
1994 1670 2209 1724 allatam
2242 1671 2313 1724 ab
2336 1674 2545 1741 angelis
2569 1673 2879 1736 duodecim,
2914 1675 3178 1728 minorem
3211 1688 3337 1726 vero
3359 1676 3426 1726 ad

1868 1776 1953 1814 me
1986 1762 2204 1815 missam
2236 1761 2432 1817 audivi.
2468 1761 2599 1815 Nam
2622 1763 2724 1817 etsi
2758 1779 2851 1817 vas
2872 1764 3142 1817 infirmum
3159 1778 3262 1831 ego
3283 1778 3424 1827 sum,

182 1852 280 1906 τοῦ
308 1853 550 1921 διωγμοῦ
583 1849 742 1921 αἷμα,
785 1854 859 1915 ὡς
895 1853 988 1905 τοῦ
1025 1852 1222 1921 Δανιὴλ.
1275 1853 1361 1905 διὰ
1394 1852 1499 1902 τῶν
1546 1851 1755 1919 ὀνειρά-
1788 1832 1836 1889 Β

1788 1832 1836 1889 Β
1867 1854 2229 1909 nihilominus
2268 1862 2450 1908 tamen
2499 1863 2555 1908 et
2620 1854 2735 1923 ipsa
2783 1869 2969 1924 parata
3002 1870 3121 1909 sum
3152 1866 3426 1912 certamen

197 1963 314 1998 των
335 1963 349 1976 ’
383 1941 525 1998 εἶδον
552 1944 657 2014 γὰρ
685 1945 777 1997 δύο
803 1944 1101 2014 στεφάνους
1132 1943 1239 1996 ἀπὸ
1266 1941 1497 2012 οὐρανοῦ
1526 1941 1758 2009 φερομέ-

1526 1941 1758 2009 φερομὲ-
1870 1942 2081 2004 subire,
2116 1959 2177 1998 ac
2207 1944 2427 1998 caeleste
2459 1959 2685 2014 regnum
2721 1946 2934 2013 assequi
2970 1944 3182 1998 studeo.

185 2058 336 2105 νους,
408 2041 505 2094 ἕνα
568 2039 791 2109 μείζονα
839 2038 933 2090 καὶ
982 2040 1076 2090 ἕνα
1106 2037 1402 2091 ἐλάσσονα·
1460 2036 1554 2088 xui.
1610 2035 1701 2086 τὸν
1746 2033 1843 2102 μὲν
1877 2035 2097 2103 μείζονα
2132 2038 2212 2087 σοι
2250 2036 2552 2102 φερόμενον
2590 2037 2682 2089 ὑπ’
2729 2038 2978 2103 ἀγγέλων
3012 2036 3237 2101 δώδεκα,
3266 2035 3432 2090 τδνδέ

187 2131 457 2184 ἐλάσσονά
488 2146 582 2198 μοι
641 2129 1013 2198 πεμπόμενον.
1051 2128 1116 2181 Ei
1147 2127 1254 2198 γὰρ
1310 2127 1406 2179 καὶ
1477 2125 1668 2188 σκεῦός
1726 2126 1842 2194 εἰμι
1870 2125 2113 2189 ἀσθενὲς,
2154 2125 2269 2178 ἀλλ’
2300 2125 2433 2189 ὅλως
2472 2126 2626 2198 κάγὼ
2661 2128 3000 2197 ἀγωνίζομαι
3027 2130 3119 2181 καὶ
3148 2128 3433 2191 σπουδάζω

185 2228 288 2295 τῆς
319 2224 595 2293 βασιλείας
617 2222 729 2275 τῶν
752 2221 1001 2293 οὐρανῶν
1027 2222 1324 2291 ἐπιτυχεῖν.

258 2317 344 2372 H'.
383 2319 441 2372 Ὀ
475 2318 533 2371 δέ
566 2317 692 2385 δοῦξ
721 2318 963 2382 ἀκούσας
1004 2316 1203 2379 ταῦτα,
1246 2315 1505 2387 ἐθυμώθη
1527 2316 1646 2369 λίαν
1671 2316 1767 2369 καὶ

182 2411 478 2464 ἐκέλευσεν
507 2411 882 2480 προσαχθῆναι
913 2409 1083 2479 αὐτὴν
1118 2406 1268 2476 αὐτῷ
1295 2409 1391 2460 καὶ
1417 2408 1567 2475 λέγει
1592 2408 1764 2478 αὐτῇ·

184 2505 262 2555 Σὺ
289 2503 375 2565 τίς
412 2496 497 2568 εἷς
542 2501 607 2554 Ἦ
624 2501 678 2554 δὲ
709 2496 887 2553 εἶπεν·
913 2497 1233 2567 Χριστιανή.
1266 2496 1324 2550 '0
1353 2496 1409 2549 δέ
1439 2498 1563 2560 δοῦξ
1590 2493 1761 2555 εἶπεν

188 2596 387 2648 Πὸσων
422 2594 559 2646 ἐτῶν
586 2589 667 2656 εἷς
706 2592 768 2644 Ἠ
805 2591 862 2643 δὲ
898 2590 1027 2659 ἁγία
1077 2586 1264 2642 εἶπεν*
1289 2589 1598 2643 Δεκαπέντε
1626 2589 1762 2643 ἐτῶν

185 2692 283 2742 καὶ
316 2689 503 2758 μηνῶν
532 2688 694 2740 ὀκτώ.
730 2688 894 2756 Λέγει
934 2688 1072 2758 αὐτῇ
1104 2688 1132 2739 ὁ
1156 2686 1306 2754 δούξ·
1334 2688 1467 2742 Πότε
1499 2686 1763 2757 ἐζεύχθης

184 2780 384 2850 ἁνδρίς
421 2780 488 2833 Ἥ
514 2777 645 2849 ἁγία
675 2779 938 2849 Στεφανὶς
986 2777 1139 2833 εἶπεν
1163 2797 1175 2810 ·
1220 2781 1335 2850 Πρὸ
1367 2782 1612 2834 ἐνιαυτοῦ
1653 2782 1769 2844 ἐνὸς

192 2871 295 2924 καὶ
332 2871 516 2942 μηνῶν
563 2872 866 2941 τεσσάρων.
940 2871 1000 2923 '0
1030 2870 1153 2939 δοῦξ
1184 2869 1337 2923 εἶπεν
1360 2888 1372 2901 ·
1430 2873 1542 2925 Καὶ
1594 2874 1679 2926 διὰ
1714 2873 1769 2925 τί

187 2964 367 3024 οὕτως
383 2962 591 3032 ταχέως
618 2962 839 3029 ἀφῆκας
864 2961 955 3013 τὸν
979 2961 1217 3028 κόσμονς
1245 2962 1309 3013 'H
1341 2962 1473 3028 ἁγία
1500 2965 1767 3031 Στεφανὶς

188 3053 382 3107 εἶπεν·
443 3051 648 3120 Επειδὴ
702 3052 789 3105 ἵνα
829 3050 968 3120 μετὰ
1020 3041 1333 3121 παρρησίας
1365 3055 1662 3122 ἀπαντήσω
1691 3055 1767 3126 τῷ

183 3142 629 3211 προσδοκωμένη»
654 3139 866 3211 Σωτῆρί
905 3157 1007 3210 μου
1026 3139 1202 3207 Ἰησοῦ
1227 3140 1464 3209 Χριστῷ,
1499 3141 1576 3209 τῷ
1603 3144 1767 3192 ἐπου-

1945 2315 2064 2371 νιιι
2123 2315 2247 2371 Hec
2280 2332 2404 2372 eum
2436 2319 2545 2373 dux
2589 2318 2678 2373 ille
2710 2317 3031 2382 audivisset,
3061 2315 3220 2371 valde
3262 2316 3436 2371 iratus

1869 2418 1974 2472 est,
2008 2420 2066 2464 et
2094 2411 2258 2479 jussit
2288 2396 2545 2466 feminam
2579 2412 2723 2466 illam
2760 2410 2827 2465 ad
2872 2426 2928 2465 se
2972 2410 3121 2476 duci,
3165 2426 3327 2480 quam
3360 2410 3439 2465 sic

1873 2499 2076 2554 affatus
2102 2510 2185 2553 est
2220 2518 2230 2550 :
2265 2502 2525 2565 Quanam
2546 2520 2605 2556 es
2638 2512 2692 2556 tu
2719 2502 3093 2562 '.'Christiana.
3124 2502 3301 2571 inquit
3323 2502 3435 2564 illa,

1867 2604 2136 2658 egosum.
2199 2590 2335 2644 Tum
2393 2592 2503 2644 dux
2566 2591 2638 2645 ab
2684 2607 2745 2645 ea
2776 2593 3050 2661 quasivit,
3100 2601 3234 2661 quot
3264 2608 3437 2645 annos

1868 2690 1996 2735 nata
2047 2689 2213 2736 esset.
2271 2681 2371 2741 Cui
2416 2683 2720 2753 Stephana,
2774 2682 3089 2754 quindecim
3148 2699 3324 2739 annos
3380 2694 3437 2738 et

1873 2789 2091 2828 menses
2141 2784 2267 2829 octo
2321 2792 2379 2829 se
2426 2787 2605 2829 natam
2658 2791 2779 2831 esse
2830 2777 3134 2844 respondit.
3169 2775 3432 2843 Quaesivit

1872 2866 2296 2934 praetereadux,
2322 2869 2563 2935 quandiu
2600 2867 2823 2922 vixisset
2850 2884 2975 2922 cum
3008 2868 3143 2932 viro,
3175 2869 3262 2923 cui
3310 2883 3439 2922 eon-

1866 2959 2056 3027 juncta
2084 2957 2279 3010 fuerat.
2312 2958 2409 3011 Cui
2448 2960 2731 3028 respondit
2764 2960 2878 3023 illa,
2923 2976 2981 3014 se
3010 2977 3213 3015 annum
3264 2977 3431 3014 unum

1869 3059 2165 3105 etmenses
2211 3060 2446 3118 quatuor
2484 3065 2611 3103 cum
2645 3065 2710 3104 eo
2758 3051 2977 3106 vixisse.
3018 3053 3083 3107 Et
3114 3069 3307 3121 quare,
3359 3056 3437 3108 in-

1871 3142 1992 3208 quit
2042 3143 2172 3203 dux,
2221 3152 2326 3195 tam
2376 3143 2485 3196 cito
2538 3142 2805 3197 mundum
2857 3143 3170 3213 reliquisti?
3206 3146 3285 3199 Ad
3318 3146 3432 3201 [nec

186 3239 361 3305 ρανίῳ
394 3234 487 3286 καὶ
517 3232 771 3304 ἀθανάτῳ
792 3233 1051 3303 Νυμφίψ
1083 3234 1111 3284 ὁ
1134 3230 1243 3302 γὰρ
1268 3231 1509 3299 ἐπίγειος
1534 3231 1765 3301 νυμφίος
1795 3237 1835 3290 C

1795 3237 1835 3290 C
1873 3231 1945 3284 ita
1983 3241 2167 3284 saneta
2200 3234 2479 3299 Stephana
2510 3253 2522 3287 :
2576 3235 2790 3304 Reliqui
2830 3237 3050 3293 brevem
3084 3249 3142 3293 et
3184 3239 3431 3310 fragilem

187 3325 531 3396 πρόσκαιρός
560 3325 678 3377 ἐστι
705 3326 800 3376 καὶ
826 3323 1043 3392 θνητος,
1082 3324 1109 3375 6
1136 3323 1191 3375 δὲ
1224 3324 1567 3389 ἐπουράνιος,
1594 3326 1687 3375 καί
1708 3325 1763 3374 αἱ

181 3417 430 3486 Χριστοῦ
455 3414 655 3485 δωρεαὶ
676 3412 957 3477 ἀθάνατοι,
982 3413 1076 3465 καὶ
1108 3412 1380 3482 ἀκίνητοι,
1416 3415 1507 3465 καὶ
1540 3414 1764 3467 ἀδιάλυ-

186 3525 296 3571 τοι,
341 3506 436 3559 καὶ
468 3502 675 3558 αίὼνιοί
716 3504 877 3556 εἰσιν.
918 3503 975 3557 '0
1017 3502 1141 3566 60-3.";
1184 3498 1375 3555 εἶπεν·
1428 3503 1760 3571 Παυσαμὲνη

186 3600 291 3664 τῆς
321 3592 629 3662 ἀνωφελοῦς
657 3592 865 3660 ταύτης
893 3592 1181 3661 φλυαρίας,
1206 3590 1573 3659 προσελθοῦσα
1600 3591 1761 3643 θῦσον

180 3690 304 3748 τοῖς
321 3686 484 3749 θεοῖς,
516 3687 590 3756 μὴ
615 3685 890 3746 ποικίλαις
910 3682 1205 3753 τιμωρίαις
1243 3683 1339 3733 καὶ
1363 3680 1563 3746 δειναῖς
1594 3682 1765 3753 βασα-

188 3780 353 3843 νίσας
381 3796 444 3832 σε
465 3777 737 3832 ἀπολέσω.
781 3773 842 3828 Ἦ
879 3776 1013 3843 ἁγία
1060 3768 1252 3828 εἶπενο
1311 3775 1454 3843 Ἐγὼ
1505 3778 1770 3845 Στεφανὶς

181 3869 488 3938 καλοῦμαι,
600 3866 868 3936 στέφανος
921 3867 1211 3920 ἀπόκειται
1250 3866 1307 3919 ἐν
1337 3869 1449 3930 τοῖς
1492 3869 1766 3938 οὐρανοῖς,

186 3962 285 4015 καὶ
340 3958 430 4011 διὰ
478 3958 635 4012 τοῦτο
672 3959 772 4011 οῦκ
823 3956 1053 4022 ἐπιθύω,
1110 3957 1196 4009 ἵνα
1230 3958 1547 4027 κομίσωμαι
1603 3958 1769 4010 αὐτὸν

184 4049 345 4121 παρὰ
385 4049 479 4102 τοῦ
509 4049 718 4103 δικαίου
750 4048 847 4101 καὶ
885 4046 1142 4110 ἀληθινοῦ
1173 4048 1465 4101 ἁθλοθέτου
1503 4048 1763 4118 Χριστοῦ.

1874 3322 2063 3376 mundi
2097 3323 2256 3391 hujus
2286 3324 2562 3383 decorem.
2596 3334 2650 3378 et
2681 3334 2922 3379 terrenas
2948 3344 3012 3380 ac
3042 3328 3261 3384 fallaces
3307 3346 3432 3384 cor-

1867 3414 2018 3483 poris
2052 3412 2381 3482 voluptates,
2443 3423 2503 3467 ut
2531 3413 2719 3468 ﬁdenti
2754 3417 2946 3469 animo
2985 3415 3252 3473 Salvatori
3309 3436 3432 3475 meo

1864 3506 1993 3561 Jesu
2021 3504 2263 3568 Christo,
2314 3521 2477 3574 quem
2531 3515 2938 3576 exspectamus,
2984 3525 3276 3566 occurrere
3338 3529 3433 3567 va-

1865 3596 2028 3659 leam,
2079 3608 2137 3649 ut
2168 3598 2246 3651 illi
2283 3597 2541 3651 videlicet
2574 3599 2761 3652 divino
2809 3597 3123 3655 et'cmlesti
3173 3603 3430 3671 Sponso;

1871 3687 2148 3741 terrestris
2178 3688 2323 3742 enim
2356 3703 2591 3756 sponsus
2625 3690 2690 3741 ad
2722 3697 2937 3758 tempus
2966 3700 3049 3745 est
3075 3700 3130 3745 et
3164 3696 3431 3749 mortalis.

1877 3776 2013 3830 Tum
2070 3778 2182 3831 dux
2224 3794 2235 3829 :
2283 3778 2546 3844 Desistas,
2598 3780 2800 3847 inquit.
2853 3780 2922 3834 ab
2970 3781 3071 3836 ista
3125 3787 3436 3854 nugacirate

1867 3867 2083 3930 inutili,
2124 3876 2181 3920 et
2219 3868 2287 3921 ad
2332 3868 2464 3922 deos
2509 3868 2796 3931 accedens,
2852 3870 2959 3945 illis
3016 3874 3315 3935 sacrilices.
3368 3893 3435 3929 ne

1865 3957 2021 4012 novis
2038 3967 2091 4012 et
2122 3957 2464 4027 gravioribus
2488 3959 2776 4013 tormentis
2810 3968 2861 4014 te
2889 3963 3191 4017 cruciatam
3226 3982 3427 4019 consu-

1869 4063 2038 4101 mam.
2063 4049 2129 4101 At
2157 4049 2246 4101 illa
2265 4048 2402 4102 dixit
2430 4066 2440 4100 :
2470 4049 2582 4118 Ego
2603 4066 2769 4103 vocor
2791 4051 3086 4121 Stephana,
3115 4056 3201 4109 cui
3231 4073 3432 4140 corona

184 4146 245 4196 in
275 4143 435 4197 caelis
464 4140 701 4211 reposita
725 4148 831 4193 est.
860 4136 1229 4204 Quamobrem
1261 4138 1526 4193 sacriﬁcia
1554 4140 1656 4193 ista
1686 4147 1868 4192 vestra
1895 4153 2001 4191 non
2029 4139 2279 4201 oﬂeram,
2318 4150 2376 4193 ut
2406 4157 2435 4193 ιι
2477 4155 2604 4194 vero
2646 4142 2739 4195 illo
2796 4145 3154 4198 certaminum
3202 4136 3430 4215 prmsidc

172 4234 409 4289 Christo
436 4247 691 4287 coronam
733 4230 975 4300 recipere
1006 4229 1228 4299 possim.

258 4325 340 4377 9'.
380 4323 565 4378 Ταῦτα
595 4322 831 4385 ἀκούσας
866 4326 893 4374 ὁ
936 4320 1062 4385 δοὺξ
1106 4321 1200 4374 καὶ
1232 4319 1437 4389 σφόδρα
1467 4317 1762 4389 θυμωθεὶς,

182 4419 447 4472 ἐκέλευσε
484 4416 579 4467 δύο
622 4414 817 4487 δένδρα
850 4414 1112 4484 φοινίκων
1152 4415 1478 4484 καμφθέντα
1504 4414 1763 4484 ἀλλήλαις

184 4508 524 4577 κολληθῆναι
569 4509 689 4568 ταῖς
719 4507 985 4576 κορυφαῖς
1036 4507 1259 4558 κάκεῖσε
1291 4505 1510 4574 δεθῆναι
1535 4506 1632 4574 τὴν
1663 4521 1766 4573 μα·
1796 4534 1841 4589 D

184 4602 391 4673 καρίαν
442 4601 507 4651 ἐκ
560 4597 668 4650 τῶν
723 4598 817 4652 δύο
866 4595 1081 4648 ποδῶν·
1115 4597 1211 4650 καὶ
1257 4595 1594 4664 ἀπολυθῆναι
1626 4596 1764 4650 αὐτὰ

181 4693 402 4761 ἁθρόως
434 4690 528 4741 ἀπ’
549 4689 813 4759 ἀλλήλων.
849 4686 1053 4741 Τούτου
1077 4687 1133 4743 δέ
1159 4686 1296 4758 μετὰ
1325 4685 1521 4740 πολλοῦ
1541 4686 1634 4740 τοῦ
1666 4688 1762 4742 τά·

181 4801 316 4855 κους
357 4782 675 4851 γενομένου,
704 4779 985 4851 διεσχίσθη
1023 4781 1189 4850 μέσον
1236 4782 1269 4850 ἡ
1299 4780 1431 4847 ἁγία
1461 4779 1761 4850 ἁθλοφόρος

177 4876 281 4928 τοῦ
305 4873 543 4940 Χριστοῦ
576 4873 859 4941 Στεφανὶς,
910 4873 1005 4923 καὶ
1034 4872 1253 4939 ἐγένετο
1304 4873 1383 4933 είς
1412 4872 1555 4941 μέρη
1584 4870 1677 4922 δύο
1706 4872 1764 4922 ἐν

177 4969 294 5026 τοῖς
348 4965 467 5016 δυσί
507 4963 724 5029 φοίνιξι,
784 4964 879 5015 xxi
933 4960 1108 5025 οὓτως
1141 4962 1431 5031 ἐτελειώθη
1486 4963 1544 5014 ἐν
1574 4963 1762 5032 εἰρήνη

179 5060 282 5111 καὶ
310 5062 409 5126 τὴν
442 5056 747 5127 μαρτυρίαν
781 5057 953 5126 αὐτῆς
1003 5054 1323 5124 ἐπλήρωσεν
1360 5054 1587 5117 πιστῶς,
1628 5055 1762 5105 ἀπο-

178 5148 432 5201 λαϐοῦσα
460 5148 551 5199 τδν
585 5148 847 5213 στέφανον
894 5147 991 5216 τῆς
1029 5144 1185 5213 νίκης
1217 5146 1367 5215 παρὰ
1406 5144 1498 5197 τοῦ
1555 5145 1762 5215 Κυρίου

182 5232 350 5304 ἡμῶν
404 5233 575 5301 Ἰησοῦ
634 5232 895 5303 Χριστοῦ.
940 5235 1046 5286 Τὸν
1080 5234 1137 5286 δέ
1172 5235 1327 5300 ἂγιον
1378 5234 1612 5302 Βίκτορα
1640 5237 1762 5288 ἐκέ-

180 5328 381 5379 λευσεν
409 5325 437 5374 ὁ
468 5324 593 5389 δοῦίς
640 5324 1215 5396 τραχηλοκοπηθῆναι.
1257 5326 1314 5376 'U
1359 5325 1417 5378 δὲ
1449 5326 1762 5387 καλλίνικος

183 5420 403 5489 μάρτυς
429 5415 520 5467 τοῦ
551 5417 785 5484 Χριστοῦ
816 5415 1055 5478 ἀκούσας
1076 5419 1172 5484 τῆς
1205 5418 1532 5482 ἀποςρὰσεως
1562 5432 1762 5485 ταυτης

181 5509 344 5563 εἶπεν
367 5526 380 5539 ·
423 5507 746 5578 Εὑχαριστῶ
778 5509 854 5577 τῷ
893 5509 1010 5579 Θεῷ
1059 5525 1160 5575 μου
1214 5510 1465 5571 πάντοτε,
1502 5506 1577 5575 τῷ
1612 5525 1766 5578 χαρι-

182 5601 410 5668 σαμένῳ
438 5615 527 5668 μοι
554 5598 651 5668 τὴν
676 5597 831 5666 νίκην
870 5600 1076 5668 ταύτην
1110 5598 1202 5650 καὶ
1244 5596 1452 5667 δωρεὰν
1487 5596 1649 5667 μέχρι
1680 5598 1763 5650 τέ-

180 5690 337 5752 λους.
373 5688 602 5742 Μέλλων
650 5689 707 5740 δὲ
742 5688 1083 5742 τελειοῦσθαι
1135 5691 1162 5741 ὁ
1228 5689 1497 5758 μακάριος
1548 5686 1762 5755 Βίκτωρ

181 5783 335 5848 λέγει
367 5784 479 5843 τοῖς
496 5781 958 5851 ,κυαιστωναρίοις
984 5797 997 5809 ·
1034 5781 1279 5835 Γνωστὸν
1319 5781 1459 5832 ἔστω
1497 5780 1643 5847 ὑμῖν,
1682 5780 1760 5829 ὅτι

516 5898 784 5956 ΡΑτιιοι..
820 5898 935 5959 Cu.
972 5899 1154 5958 CXV.

1942 4315 2036 4372 ιχ.
2066 4315 2160 4370 His
2187 4316 2411 4378 auditis,
2442 4317 2551 4369 dux
2583 4316 2671 4372 ille
2703 4317 2889 4373 furore
2926 4317 3098 4375 nimio
3147 4336 3432 4386 accensus.

1867 4410 2033 4478 jussit
2097 4410 2426 4477 Stephanum
2487 4410 2702 4465 duabus
2771 4411 3074 4479 palmarum
3139 4414 3435 4472 arboribus

1870 4499 2171 4555 incurvatis
2198 4499 2430 4569 alligari,
2462 4510 2517 4554 et
2545 4509 2770 4569 repente
2799 4500 3028 4555 arbores
3060 4502 3182 4556 illas
3204 4503 3430 4559 dimitti.

1867 4591 1986 4657 Quo
2019 4591 2183 4655 facto,
2235 4590 2491 4644 bellatrix
2528 4598 2583 4642 et
2634 4600 2841 4660 martyr
2888 4590 3166 4660 Stephana
3216 4594 3433 4651 duabus

1863 4682 1977 4737 illis
2009 4683 2205 4753 palmis
2227 4682 2280 4734 in
2318 4683 2455 4734 duas
2483 4690 2665 4750 partes
2698 4681 2975 4754 discerpta
3003 4697 3087 4740 est
3114 4702 3127 4738 :
3165 4686 3349 4757 itaque
3378 4691 3431 4743 in

1864 4789 1998 4843 pace
2046 4771 2370 4844 martyrium
2431 4773 2674 4840 perfecte
2722 4774 2775 4827 in
2835 4776 3059 4829 Christo
3109 4774 3427 4846 cdmplevit.

1867 4865 2130 4920 Sanctum
2169 4880 2301 4919 vero
2332 4863 2605 4917 Victorem
2632 4865 2798 4933 jussit
2830 4866 3007 4919 securi
3040 4868 3275 4936 percuti.
3325 4868 3429 4935 Qui

1865 4972 1989 5010 cum
2025 4954 2294 5026 ejusmodi
2333 4956 2660 5009 sententiam
2708 4956 2775 5009 de
2826 4970 2883 5009 se
2916 4957 3078 5011 latam
3108 4958 3428 5021 audivisset,

1867 5047 1947 5102 sic
1978 5045 2342 5100 aitzcratias
2392 5059 2495 5113 ago
2545 5045 2657 5099 Deo
2706 5060 2851 5103 meo,
2901 5046 3123 5113 quitin
3173 5055 3229 5100 et
3280 5058 3432 5103 tanto

1865 5136 2011 5191 dono
2040 5151 2125 5189 me
2153 5135 2530 5204 prosequitur.
2560 5133 2696 5187 Cum
2736 5133 2902 5204 igitur
2934 5138 3252 5204 martyrium
3305 5138 3431 5192 bea-

1868 5236 1957 5279 tus
1991 5225 2177 5279 Victor
2208 5226 2463 5281 obiturus
2488 5234 2654 5290 esset,
2702 5224 2815 5279 haec
2847 5226 2987 5279 dixit
3015 5227 3386 5295 quaestoribus
3414 5247 3428 5283 :

1867 5318 1997 5373 Post
2028 5328 2234 5385 septem
2265 5315 2383 5369 dies
2413 5318 2581 5370 vestri
2605 5326 2853 5371 oratores
2886 5320 3212 5381 morientur,
3240 5329 3297 5373 et
3325 5336 3423 5374 vos

1868 5408 1969 5476 ipsi
2004 5417 2124 5477 post
2152 5406 2444 5459 duodecim
2475 5406 2785 5461 moriemini
2813 5424 2828 5471 ;
2859 5408 2967 5461 dux
3005 5424 3132 5463 vero
3182 5423 3301 5478 post
3350 5413 3431 5465 vi-

1866 5502 1999 5569 ginti
2047 5507 2285 5569 quatuor
2344 5499 2413 5553 ab
2463 5498 2795 5552 adversariis
2855 5500 3103 5570 captivus
3154 5502 3428 5565 ducetur;

1866 5593 2040 5644 nostri
2099 5598 2281 5644 autem
2311 5591 2562 5646 homines
2591 5601 2714 5658 post
2766 5601 2876 5644 tres
2918 5606 3090 5644 annos
3116 5592 3338 5647 venient
3363 5597 3427 5646 ad

1868 5685 2167 5738 tollendum
2204 5699 2405 5754 corpus
2432 5698 2613 5736 meum
2646 5698 2659 5736 :
2695 5682 2874 5736 habeo
2917 5684 3061 5736 enim
3109 5692 3159 5739 el
3215 5684 3430 5739 loculos

1862 5776 2187 5845 jampridem
2230 5775 2361 5830 mihi
2423 5784 2659 5844 paratos.
2710 5773 2818 5829 Vos
2869 5774 3035 5843 igitur
3086 5791 3239 5843 rugo,
3276 5792 3342 5829 ne
3376 5776 3431 5829 in

3106 5885 3139 5946 9
