  <div class='ocr_page' id='page_1' title='image "/cluster/home/n/w/nwhite01/storage/ocr_20150623/115/pst.000005714285/194.png"; bbox 0 0 4196 6306; ppageno 0'>
   <div class='ocr_carea' id='block_1_1' title="bbox 187 372 292 435">
    <p class='ocr_par' dir='ltr' id='par_1_1' title="bbox 187 372 292 435">
     <span class='ocr_line' id='line_1_1' title="bbox 187 372 292 435; baseline 0 -1"><span class='ocrx_word' id='word_1_1' title='bbox 187 372 292 435; x_wconf 81' lang='lat'><strong>269</strong></span> 
     </span>
    </p>
   </div>
   <div class='ocr_carea' id='block_1_2' title="bbox 1408 359 2181 428">
    <p class='ocr_par' dir='ltr' id='par_1_2' title="bbox 1408 359 2181 428">
     <span class='ocr_line' id='line_1_2' title="bbox 1408 359 2181 428; baseline -0.014 0"><span class='ocrx_word' id='word_1_2' title='bbox 1408 369 1584 428; x_wconf 83' lang='lat' dir='ltr'><strong>Vl&#39;I‘A</strong></span> <span class='ocrx_word' id='word_1_3' title='bbox 1630 367 1692 425; x_wconf 86' lang='lat' dir='ltr'><strong>S.</strong></span> <span class='ocrx_word' id='word_1_4' title='bbox 1734 359 2181 424; x_wconf 79' lang='lat' dir='ltr'><strong>SAMPSONIS.</strong></span> 
     </span>
    </p>
   </div>
   <div class='ocr_carea' id='block_1_3' title="bbox 3314 356 3423 414">
    <p class='ocr_par' dir='ltr' id='par_1_3' title="bbox 3314 356 3423 414">
     <span class='ocr_line' id='line_1_3' title="bbox 3314 356 3423 414; baseline -0.009 -1"><span class='ocrx_word' id='word_1_5' title='bbox 3314 356 3423 414; x_wconf 68' lang='lat'><strong>210</strong></span> 
     </span>
    </p>
   </div>
   <div class='ocr_carea' id='block_1_4' title="bbox 187 463 1779 554">
    <p class='ocr_par' dir='ltr' id='par_1_4' title="bbox 187 476 1760 554">
     <span class='ocr_line' id='line_1_4' title="bbox 187 476 1760 554; baseline -0.008 -16"><span class='ocrx_word' id='word_1_6' title='bbox 187 486 397 538; x_wconf 76' lang='grc' dir='ltr'>πίπτων</span> <span class='ocrx_word' id='word_1_7' title='bbox 426 482 786 554; x_wconf 79' lang='grc' dir='ltr'>διηγημάτων</span> <span class='ocrx_word' id='word_1_8' title='bbox 820 484 847 535; x_wconf 85' lang='grc' dir='ltr'>ὁ</span> <span class='ocrx_word' id='word_1_9' title='bbox 875 482 1033 550; x_wconf 82' lang='grc' dir='ltr'>λόγος</span> <span class='ocrx_word' id='word_1_10' title='bbox 1062 479 1232 549; x_wconf 81' lang='grc' dir='ltr'>αὐτῷ,</span> <span class='ocrx_word' id='word_1_11' title='bbox 1261 481 1356 533; x_wconf 72' lang='grc' dir='ltr'><strong>καὶ</strong></span> <span class='ocrx_word' id='word_1_12' title='bbox 1396 476 1760 549; x_wconf 78' lang='grc' dir='ltr'>μεταλλαγαῖς</span> 
     </span>
    </p>
   </div>
   <div class='ocr_carea' id='block_1_5' title="bbox 1870 463 3428 554">
    <p class='ocr_par' dir='ltr' id='par_1_5' title="bbox 1870 463 3428 536">
     <span class='ocr_line' id='line_1_5' title="bbox 1870 463 3428 536; baseline -0.006 -11"><span class='ocrx_word' id='word_1_13' title='bbox 1870 471 2063 531; x_wconf 82' lang='lat' dir='ltr'><strong>fuisse,</strong></span> <span class='ocrx_word' id='word_1_14' title='bbox 2122 478 2176 523; x_wconf 88' lang='lat' dir='ltr'><strong>et</strong></span> <span class='ocrx_word' id='word_1_15' title='bbox 2236 481 2495 536; x_wconf 85' lang='lat' dir='ltr'><strong>perquam</strong></span> <span class='ocrx_word' id='word_1_16' title='bbox 2556 464 2875 518; x_wconf 88' lang='lat' dir='ltr'><strong>familiarem</strong></span> <span class='ocrx_word' id='word_1_17' title='bbox 2936 464 3052 521; x_wconf 88' lang='lat' dir='ltr'><strong>viro</strong></span> <span class='ocrx_word' id='word_1_18' title='bbox 3111 463 3161 516; x_wconf 89' lang='lat' dir='ltr'><strong>in</strong></span> <span class='ocrx_word' id='word_1_19' title='bbox 3220 479 3428 518; x_wconf 83' lang='lat' dir='ltr'><strong>summa</strong></span> 
     </span>
    </p>
   </div>
   <div class='ocr_carea' id='block_1_6' title="bbox 188 566 1753 639">
    <p class='ocr_par' dir='ltr' id='par_1_6' title="bbox 188 566 1753 639">
     <span class='ocr_line' id='line_1_6' title="bbox 188 566 1753 639; baseline -0.004 -14"><span class='ocrx_word' id='word_1_20' title='bbox 188 573 488 625; x_wconf 79' lang='grc' dir='ltr'><strong>ὑποθέσεων</strong></span> <span class='ocrx_word' id='word_1_21' title='bbox 518 572 578 623; x_wconf 84' lang='grc' dir='ltr'>οὺ</span> <span class='ocrx_word' id='word_1_22' title='bbox 613 572 915 639; x_wconf 80' lang='grc' dir='ltr'>συγχεῖται,</span> <span class='ocrx_word' id='word_1_23' title='bbox 944 569 1065 622; x_wconf 80' lang='grc' dir='ltr'><strong>οὐδὲ</strong></span> <span class='ocrx_word' id='word_1_24' title='bbox 1090 568 1433 639; x_wconf 78' lang='grc' dir='ltr'>ταράττεται.</span> <span class='ocrx_word' id='word_1_25' title='bbox 1473 586 1489 618; x_wconf 72' lang='grc' dir='ltr'><strong><em>ι</em></strong></span> <span class='ocrx_word' id='word_1_26' title='bbox 1527 567 1658 632; x_wconf 61' lang='lat' dir='ltr'><strong>Quae</strong></span> <span class='ocrx_word' id='word_1_27' title='bbox 1681 566 1753 619; x_wconf 89' lang='lat' dir='ltr'><strong>ita</strong></span> 
     </span>
    </p>
   </div>
   <div class='ocr_carea' id='block_1_7' title="bbox 186 665 656 720">
    <p class='ocr_par' dir='ltr' id='par_1_7' title="bbox 186 665 656 720">
     <span class='ocr_line' id='line_1_7' title="bbox 186 665 656 720; baseline 0 -3"><span class='ocrx_word' id='word_1_28' title='bbox 186 665 349 720; x_wconf 89' lang='lat' dir='ltr'><strong>vertit</strong></span> <span class='ocrx_word' id='word_1_29' title='bbox 377 665 607 719; x_wconf 81' lang='lat' dir='ltr'><strong>Allatius</strong></span> <span class='ocrx_word' id='word_1_30' title='bbox 642 681 656 717; x_wconf 91' lang='lat'><strong>:</strong></span> 
     </span>
    </p>
   </div>
   <div class='ocr_carea' id='block_1_8' title="bbox 260 752 1755 827">
    <p class='ocr_par' dir='ltr' id='par_1_8' title="bbox 260 752 1755 827">
     <span class='ocr_line' id='line_1_8' title="bbox 260 752 1755 827; baseline -0.003 -17"><span class='ocrx_word' id='word_1_31' title='bbox 260 758 309 810; x_wconf 81' lang='grc'>5.</span> <span class='ocrx_word' id='word_1_32' title='bbox 350 775 366 807; x_wconf 73' lang='grc' dir='ltr'>ι</span> <span class='ocrx_word' id='word_1_33' title='bbox 408 758 743 827; x_wconf 87' lang='lat' dir='ltr'><strong>Principium</strong></span> <span class='ocrx_word' id='word_1_34' title='bbox 781 757 901 826; x_wconf 88' lang='lat' dir='ltr'><strong>ejus</strong></span> <span class='ocrx_word' id='word_1_35' title='bbox 943 754 1254 809; x_wconf 79' lang='lat' dir='ltr'><strong>orationum</strong></span> <span class='ocrx_word' id='word_1_36' title='bbox 1300 753 1485 807; x_wconf 91' lang='lat' dir='ltr'><strong>statim</strong></span> <span class='ocrx_word' id='word_1_37' title='bbox 1537 752 1755 822; x_wconf 88' lang='lat' dir='ltr'><strong>attingit</strong></span> 
     </span>
    </p>
   </div>
   <div class='ocr_carea' id='block_1_9' title="bbox 190 845 1755 918">
    <p class='ocr_par' dir='ltr' id='par_1_9' title="bbox 190 845 1755 918">
     <span class='ocr_line' id='line_1_9' title="bbox 190 845 1755 918; baseline -0.003 -17"><span class='ocrx_word' id='word_1_38' title='bbox 190 848 513 918; x_wconf 84' lang='lat' dir='ltr'><strong>subjectum,</strong></span> <span class='ocrx_word' id='word_1_39' title='bbox 539 857 594 901; x_wconf 91' lang='lat' dir='ltr'><strong>et</strong></span> <span class='ocrx_word' id='word_1_40' title='bbox 619 864 807 917; x_wconf 88' lang='lat' dir='ltr'><strong>parum</strong></span> <span class='ocrx_word' id='word_1_41' title='bbox 842 846 1170 916; x_wconf 88' lang='lat' dir='ltr'><strong>procedens,</strong></span> <span class='ocrx_word' id='word_1_42' title='bbox 1205 846 1447 899; x_wconf 83' lang='lat' dir='ltr'><strong>ostendit</strong></span> <span class='ocrx_word' id='word_1_43' title='bbox 1493 845 1576 899; x_wconf 92' lang='lat' dir='ltr'><strong>sui</strong></span> <span class='ocrx_word' id='word_1_44' title='bbox 1619 847 1755 898; x_wconf 53' lang='lat' dir='ltr'><strong>seri-</strong></span> 
     </span>
    </p>
   </div>
   <div class='ocr_carea' id='block_1_10' title="bbox 188 939 1756 1008">
    <p class='ocr_par' dir='ltr' id='par_1_10' title="bbox 188 939 1756 1008">
     <span class='ocr_line' id='line_1_10' title="bbox 188 939 1756 1008; baseline -0.001 -15"><span class='ocrx_word' id='word_1_45' title='bbox 188 941 263 1008; x_wconf 91' lang='lat' dir='ltr'><strong>pti</strong></span> <span class='ocrx_word' id='word_1_46' title='bbox 307 956 566 1007; x_wconf 87' lang='lat' dir='ltr'><strong>scopum;</strong></span> <span class='ocrx_word' id='word_1_47' title='bbox 606 951 662 992; x_wconf 89' lang='lat' dir='ltr'><strong>et</strong></span> <span class='ocrx_word' id='word_1_48' title='bbox 702 940 756 993; x_wconf 93' lang='lat' dir='ltr'><strong>in</strong></span> <span class='ocrx_word' id='word_1_49' title='bbox 800 940 1083 992; x_wconf 88' lang='lat' dir='ltr'><strong>nonnullis</strong></span> <span class='ocrx_word' id='word_1_50' title='bbox 1120 939 1482 999; x_wconf 90' lang='lat' dir='ltr'><strong>orationibus,</strong></span> <span class='ocrx_word' id='word_1_51' title='bbox 1510 953 1630 990; x_wconf 90' lang='lat' dir='ltr'><strong>cum</strong></span> <span class='ocrx_word' id='word_1_52' title='bbox 1674 947 1756 992; x_wconf 90' lang='lat' dir='ltr'><strong>to-</strong></span> 
     </span>
    </p>
   </div>
   <div class='ocr_carea' id='block_1_11' title="bbox 190 1028 1753 1102">
    <p class='ocr_par' dir='ltr' id='par_1_11' title="bbox 190 1028 1753 1102">
     <span class='ocr_line' id='line_1_11' title="bbox 190 1028 1753 1102; baseline -0.004 -16"><span class='ocrx_word' id='word_1_53' title='bbox 190 1043 305 1087; x_wconf 91' lang='lat' dir='ltr'><strong>tum</strong></span> <span class='ocrx_word' id='word_1_54' title='bbox 336 1043 720 1102; x_wconf 84' lang='lat' dir='ltr'><strong>argumentum</strong></span> <span class='ocrx_word' id='word_1_55' title='bbox 755 1030 1085 1099; x_wconf 90' lang='lat' dir='ltr'><strong>recapitulct</strong></span> <span class='ocrx_word' id='word_1_56' title='bbox 1128 1031 1181 1084; x_wconf 90' lang='lat' dir='ltr'><strong>in</strong></span> <span class='ocrx_word' id='word_1_57' title='bbox 1224 1043 1513 1090; x_wconf 82' lang='lat' dir='ltr'><strong>summam,</strong></span> <span class='ocrx_word' id='word_1_58' title='bbox 1548 1028 1600 1080; x_wconf 87' lang='lat' dir='ltr'><strong>id</strong></span> <span class='ocrx_word' id='word_1_59' title='bbox 1639 1036 1753 1081; x_wconf 85' lang='lat' dir='ltr'><strong>sta-</strong></span> 
     </span>
    </p>
   </div>
   <div class='ocr_carea' id='block_1_12' title="bbox 188 1123 1753 1194">
    <p class='ocr_par' dir='ltr' id='par_1_12' title="bbox 188 1123 1753 1194">
     <span class='ocr_line' id='line_1_12' title="bbox 188 1123 1753 1194; baseline -0.003 -16"><span class='ocrx_word' id='word_1_60' title='bbox 188 1126 284 1178; x_wconf 87' lang='lat' dir='ltr'><strong>tim</strong></span> <span class='ocrx_word' id='word_1_61' title='bbox 316 1127 365 1178; x_wconf 94' lang='lat' dir='ltr'><strong>in</strong></span> <span class='ocrx_word' id='word_1_62' title='bbox 402 1135 585 1194; x_wconf 89' lang='lat' dir='ltr'><strong>partes</strong></span> <span class='ocrx_word' id='word_1_63' title='bbox 605 1123 821 1178; x_wconf 88' lang='lat' dir='ltr'><strong>dividit.</strong></span> <span class='ocrx_word' id='word_1_64' title='bbox 854 1124 922 1179; x_wconf 87' lang='lat' dir='ltr'><strong>Sc</strong></span> <span class='ocrx_word' id='word_1_65' title='bbox 950 1135 1129 1178; x_wconf 89' lang='lat' dir='ltr'><strong>autem</strong></span> <span class='ocrx_word' id='word_1_66' title='bbox 1166 1123 1541 1176; x_wconf 81' lang='lat' dir='ltr'><strong>accommodat</strong></span> <span class='ocrx_word' id='word_1_67' title='bbox 1565 1135 1753 1187; x_wconf 86' lang='lat' dir='ltr'><strong>perso-</strong></span> 
     </span>
    </p>
   </div>
   <div class='ocr_carea' id='block_1_13' title="bbox 190 1214 1755 1285">
    <p class='ocr_par' dir='ltr' id='par_1_13' title="bbox 190 1214 1755 1285">
     <span class='ocr_line' id='line_1_13' title="bbox 190 1214 1755 1285; baseline -0.003 -15"><span class='ocrx_word' id='word_1_68' title='bbox 190 1217 274 1270; x_wconf 91' lang='lat' dir='ltr'><strong>nis</strong></span> <span class='ocrx_word' id='word_1_69' title='bbox 328 1226 380 1269; x_wconf 93' lang='lat' dir='ltr'><strong>ct</strong></span> <span class='ocrx_word' id='word_1_70' title='bbox 433 1216 799 1285; x_wconf 84' lang='lat' dir='ltr'><strong>temporibus,</strong></span> <span class='ocrx_word' id='word_1_71' title='bbox 844 1226 1005 1271; x_wconf 90' lang='lat' dir='ltr'><strong>etest</strong></span> <span class='ocrx_word' id='word_1_72' title='bbox 1049 1216 1268 1284; x_wconf 86' lang='lat' dir='ltr'><strong>quidem</strong></span> <span class='ocrx_word' id='word_1_73' title='bbox 1310 1214 1565 1269; x_wconf 89' lang='lat' dir='ltr'><strong>omnibus</strong></span> <span class='ocrx_word' id='word_1_74' title='bbox 1612 1214 1755 1267; x_wconf 89' lang='lat' dir='ltr'><strong>idem</strong></span> 
     </span>
    </p>
   </div>
   <div class='ocr_carea' id='block_1_14' title="bbox 186 1308 1755 1379">
    <p class='ocr_par' dir='ltr' id='par_1_14' title="bbox 186 1308 1755 1379">
     <span class='ocr_line' id='line_1_14' title="bbox 186 1308 1755 1379; baseline -0.001 -16"><span class='ocrx_word' id='word_1_75' title='bbox 186 1310 336 1363; x_wconf 88' lang='lat' dir='ltr'><strong>color</strong></span> <span class='ocrx_word' id='word_1_76' title='bbox 375 1310 643 1365; x_wconf 92' lang='lat' dir='ltr'><strong>orationis</strong></span> <span class='ocrx_word' id='word_1_77' title='bbox 692 1320 747 1364; x_wconf 90' lang='lat' dir='ltr'><strong>et</strong></span> <span class='ocrx_word' id='word_1_78' title='bbox 799 1326 905 1363; x_wconf 89' lang='lat' dir='ltr'><strong>una</strong></span> <span class='ocrx_word' id='word_1_79' title='bbox 938 1310 1174 1379; x_wconf 83' lang='lat' dir='ltr'><strong>qualitas</strong></span> <span class='ocrx_word' id='word_1_80' title='bbox 1209 1308 1502 1373; x_wconf 86' lang='lat' dir='ltr'><strong>dictionis;</strong></span> <span class='ocrx_word' id='word_1_81' title='bbox 1542 1324 1755 1361; x_wconf 90' lang='lat' dir='ltr'><strong>morum</strong></span> 
     </span>
    </p>
   </div>
   <div class='ocr_carea' id='block_1_15' title="bbox 185 1400 1755 1471">
    <p class='ocr_par' dir='ltr' id='par_1_15' title="bbox 185 1400 1755 1471">
     <span class='ocr_line' id='line_1_15' title="bbox 185 1400 1755 1471; baseline -0.002 -15"><span class='ocrx_word' id='word_1_82' title='bbox 185 1411 365 1457; x_wconf 88' lang='lat' dir='ltr'><strong>autem</strong></span> <span class='ocrx_word' id='word_1_83' title='bbox 402 1403 553 1457; x_wconf 88' lang='lat' dir='ltr'><strong>varia</strong></span> <span class='ocrx_word' id='word_1_84' title='bbox 584 1411 667 1457; x_wconf 93' lang='lat' dir='ltr'><strong>est</strong></span> <span class='ocrx_word' id='word_1_85' title='bbox 708 1403 958 1466; x_wconf 88' lang='lat' dir='ltr'><strong>mutatio,</strong></span> <span class='ocrx_word' id='word_1_86' title='bbox 1004 1412 1079 1467; x_wconf 89' lang='lat' dir='ltr'><strong>et,</strong></span> <span class='ocrx_word' id='word_1_87' title='bbox 1111 1410 1172 1456; x_wconf 89' lang='lat' dir='ltr'><strong>ut</strong></span> <span class='ocrx_word' id='word_1_88' title='bbox 1222 1402 1418 1456; x_wconf 82' lang='lat' dir='ltr'><strong>dixerit</strong></span> <span class='ocrx_word' id='word_1_89' title='bbox 1460 1400 1755 1471; x_wconf 83' lang='lat' dir='ltr'><strong>quispiam,</strong></span> 
     </span>
    </p>
   </div>
   <div class='ocr_carea' id='block_1_16' title="bbox 183 1492 1757 1564">
    <p class='ocr_par' dir='ltr' id='par_1_16' title="bbox 183 1492 1757 1564">
     <span class='ocr_line' id='line_1_16' title="bbox 183 1492 1757 1564; baseline -0.001 -16"><span class='ocrx_word' id='word_1_90' title='bbox 183 1495 500 1558; x_wconf 88' lang='lat' dir='ltr'><strong>artiﬁciosa,</strong></span> <span class='ocrx_word' id='word_1_91' title='bbox 546 1511 653 1550; x_wconf 91' lang='lat' dir='ltr'><strong>non</strong></span> <span class='ocrx_word' id='word_1_92' title='bbox 716 1510 815 1564; x_wconf 91' lang='lat' dir='ltr'><strong>per</strong></span> <span class='ocrx_word' id='word_1_93' title='bbox 856 1504 1027 1548; x_wconf 87' lang='lat' dir='ltr'><strong>artem</strong></span> <span class='ocrx_word' id='word_1_94' title='bbox 1066 1509 1154 1548; x_wconf 88' lang='lat' dir='ltr'><strong>res</strong></span> <span class='ocrx_word' id='word_1_95' title='bbox 1186 1504 1422 1557; x_wconf 87' lang='lat' dir='ltr'><strong>mutans,</strong></span> <span class='ocrx_word' id='word_1_96' title='bbox 1461 1493 1576 1556; x_wconf 91' lang='lat' dir='ltr'><strong>sed,</strong></span> <span class='ocrx_word' id='word_1_97' title='bbox 1611 1492 1757 1561; x_wconf 89' lang='lat' dir='ltr'><strong>quod</strong></span> 
     </span>
    </p>
   </div>
   <div class='ocr_carea' id='block_1_17' title="bbox 184 1584 1753 1656">
    <p class='ocr_par' dir='ltr' id='par_1_17' title="bbox 184 1584 1753 1656">
     <span class='ocr_line' id='line_1_17' title="bbox 184 1584 1753 1656; baseline -0.003 -14"><span class='ocrx_word' id='word_1_98' title='bbox 184 1589 483 1656; x_wconf 87' lang='lat' dir='ltr'><strong>unicuique</strong></span> <span class='ocrx_word' id='word_1_99' title='bbox 534 1588 613 1641; x_wconf 91' lang='lat' dir='ltr'><strong>rei</strong></span> <span class='ocrx_word' id='word_1_100' title='bbox 664 1595 717 1640; x_wconf 91' lang='lat' dir='ltr'><strong>et</strong></span> <span class='ocrx_word' id='word_1_101' title='bbox 770 1601 1015 1655; x_wconf 83' lang='lat' dir='ltr'><strong>personae</strong></span> <span class='ocrx_word' id='word_1_102' title='bbox 1064 1586 1324 1639; x_wconf 90' lang='lat' dir='ltr'><strong>incidenti</strong></span> <span class='ocrx_word' id='word_1_103' title='bbox 1373 1584 1753 1648; x_wconf 75' lang='lat' dir='ltr'><strong>conveniebat,</strong></span> 
     </span>
    </p>
   </div>
   <div class='ocr_carea' id='block_1_18' title="bbox 190 1676 1755 1749">
    <p class='ocr_par' dir='ltr' id='par_1_18' title="bbox 190 1676 1755 1749">
     <span class='ocr_line' id='line_1_18' title="bbox 190 1676 1755 1749; baseline -0.006 -14"><span class='ocrx_word' id='word_1_104' title='bbox 190 1683 576 1749; x_wconf 90' lang='lat' dir='ltr'><strong>interpretans.</strong></span> <span class='ocrx_word' id='word_1_105' title='bbox 612 1679 894 1745; x_wconf 86' lang='lat' dir='ltr'><strong>Tanquam</strong></span> <span class='ocrx_word' id='word_1_106' title='bbox 927 1686 1105 1729; x_wconf 89' lang='lat' dir='ltr'><strong>autem</strong></span> <span class='ocrx_word' id='word_1_107' title='bbox 1143 1676 1210 1729; x_wconf 86' lang='lat' dir='ltr'><strong>ad</strong></span> <span class='ocrx_word' id='word_1_108' title='bbox 1242 1676 1535 1745; x_wconf 73' lang='lat' dir='ltr'><strong>archetypa</strong></span> <span class='ocrx_word' id='word_1_109' title='bbox 1569 1689 1755 1729; x_wconf 73' lang='lat' dir='ltr'><strong>exem-</strong></span> 
     </span>
    </p>
   </div>
   <div class='ocr_carea' id='block_1_19' title="bbox 185 1766 1757 1837">
    <p class='ocr_par' dir='ltr' id='par_1_19' title="bbox 185 1766 1757 1837">
     <span class='ocr_line' id='line_1_19' title="bbox 185 1766 1757 1837; baseline -0.001 -16"><span class='ocrx_word' id='word_1_110' title='bbox 185 1770 355 1837; x_wconf 80' lang='lat' dir='ltr'><strong>plaria</strong></span> <span class='ocrx_word' id='word_1_111' title='bbox 396 1784 457 1820; x_wconf 90' lang='lat' dir='ltr'><strong>ac</strong></span> <span class='ocrx_word' id='word_1_112' title='bbox 491 1783 576 1820; x_wconf 84' lang='lat' dir='ltr'><strong>res</strong></span> <span class='ocrx_word' id='word_1_113' title='bbox 602 1766 939 1835; x_wconf 86' lang='lat' dir='ltr'><strong>antiquiores</strong></span> <span class='ocrx_word' id='word_1_114' title='bbox 968 1766 1209 1831; x_wconf 89' lang='lat' dir='ltr'><strong>intuens,</strong></span> <span class='ocrx_word' id='word_1_115' title='bbox 1243 1781 1345 1820; x_wconf 89' lang='lat' dir='ltr'><strong>nec</strong></span> <span class='ocrx_word' id='word_1_116' title='bbox 1371 1766 1438 1819; x_wconf 92' lang='lat' dir='ltr'><strong>ab</strong></span> <span class='ocrx_word' id='word_1_117' title='bbox 1467 1766 1573 1819; x_wconf 91' lang='lat' dir='ltr'><strong>illis</strong></span> <span class='ocrx_word' id='word_1_118' title='bbox 1604 1780 1757 1820; x_wconf 35' lang='lat' dir='ltr'><strong>reces</strong></span> 
     </span>
    </p>
   </div>
   <div class='ocr_carea' id='block_1_20' title="bbox 185 1838 1831 1929">
    <p class='ocr_par' dir='ltr' id='par_1_20' title="bbox 185 1838 1831 1929">
     <span class='ocr_line' id='line_1_20' title="bbox 185 1838 1831 1929; baseline -0.002 -15"><span class='ocrx_word' id='word_1_119' title='bbox 185 1862 287 1922; x_wconf 91' lang='lat' dir='ltr'><strong>dit,</strong></span> <span class='ocrx_word' id='word_1_120' title='bbox 318 1877 385 1914; x_wconf 90' lang='lat' dir='ltr'><strong>ne</strong></span> <span class='ocrx_word' id='word_1_121' title='bbox 429 1860 681 1916; x_wconf 90' lang='lat' dir='ltr'><strong>videatur</strong></span> <span class='ocrx_word' id='word_1_122' title='bbox 724 1859 931 1929; x_wconf 86' lang='lat' dir='ltr'><strong>aliquid</strong></span> <span class='ocrx_word' id='word_1_123' title='bbox 969 1859 1116 1912; x_wconf 86' lang='lat' dir='ltr'><strong>aliud</strong></span> <span class='ocrx_word' id='word_1_124' title='bbox 1157 1859 1358 1924; x_wconf 87' lang='lat' dir='ltr'><strong>facere,</strong></span> <span class='ocrx_word' id='word_1_125' title='bbox 1389 1868 1445 1912; x_wconf 92' lang='lat' dir='ltr'><strong>ct</strong></span> <span class='ocrx_word' id='word_1_126' title='bbox 1476 1858 1541 1911; x_wconf 83' lang='lat' dir='ltr'><strong>ad</strong></span> <span class='ocrx_word' id='word_1_127' title='bbox 1573 1874 1755 1912; x_wconf 84' lang='lat' dir='ltr'><strong>exem-</strong></span> <span class='ocrx_word' id='word_1_128' title='bbox 1793 1838 1831 1891; x_wconf 78' lang='grc' dir='ltr'>Β</span> 
     </span>
    </p>
   </div>
   <div class='ocr_carea' id='block_1_21' title="bbox 186 1949 1754 2022">
    <p class='ocr_par' dir='ltr' id='par_1_21' title="bbox 186 1949 1754 2022">
     <span class='ocr_line' id='line_1_21' title="bbox 186 1949 1754 2022; baseline -0.003 -15"><span class='ocrx_word' id='word_1_129' title='bbox 186 1955 304 2022; x_wconf 91' lang='lat' dir='ltr'><strong>plar</strong></span> <span class='ocrx_word' id='word_1_130' title='bbox 351 1968 570 2022; x_wconf 84' lang='lat' dir='ltr'><strong>quoque</strong></span> <span class='ocrx_word' id='word_1_131' title='bbox 612 1961 780 2011; x_wconf 88' lang='lat' dir='ltr'><strong>totam</strong></span> <span class='ocrx_word' id='word_1_132' title='bbox 850 1961 1179 2008; x_wconf 80' lang='lat' dir='ltr'><strong>transmutat</strong></span> <span class='ocrx_word' id='word_1_133' title='bbox 1224 1951 1443 2005; x_wconf 87' lang='lat' dir='ltr'><strong>dicendi</strong></span> <span class='ocrx_word' id='word_1_134' title='bbox 1499 1949 1754 2013; x_wconf 88' lang='lat' dir='ltr'><strong>formam,</strong></span> 
     </span>
    </p>
   </div>
   <div class='ocr_carea' id='block_1_22' title="bbox 182 2041 1759 2110">
    <p class='ocr_par' dir='ltr' id='par_1_22' title="bbox 182 2041 1759 2110">
     <span class='ocr_line' id='line_1_22' title="bbox 182 2041 1759 2110; baseline -0.004 -11"><span class='ocrx_word' id='word_1_135' title='bbox 182 2062 293 2099; x_wconf 84' lang='lat' dir='ltr'><strong>non</strong></span> <span class='ocrx_word' id='word_1_136' title='bbox 340 2046 608 2101; x_wconf 88' lang='lat' dir='ltr'><strong>diversam</strong></span> <span class='ocrx_word' id='word_1_137' title='bbox 653 2044 861 2098; x_wconf 81' lang='lat' dir='ltr'><strong>faciens</strong></span> <span class='ocrx_word' id='word_1_138' title='bbox 906 2042 1227 2106; x_wconf 85' lang='lat' dir='ltr'><strong>materiam,</strong></span> <span class='ocrx_word' id='word_1_139' title='bbox 1260 2043 1355 2096; x_wconf 92' lang='lat' dir='ltr'><strong>sed</strong></span> <span class='ocrx_word' id='word_1_140' title='bbox 1402 2044 1543 2110; x_wconf 90' lang='lat' dir='ltr'><strong>quod</strong></span> <span class='ocrx_word' id='word_1_141' title='bbox 1584 2043 1634 2094; x_wconf 90' lang='lat' dir='ltr'><strong>in</strong></span> <span class='ocrx_word' id='word_1_142' title='bbox 1672 2041 1759 2095; x_wconf 86' lang='lat' dir='ltr'><strong>di-</strong></span> 
     </span>
    </p>
   </div>
   <div class='ocr_carea' id='block_1_23' title="bbox 181 2133 1759 2206">
    <p class='ocr_par' dir='ltr' id='par_1_23' title="bbox 181 2133 1759 2206">
     <span class='ocr_line' id='line_1_23' title="bbox 181 2133 1759 2206; baseline -0.004 -16"><span class='ocrx_word' id='word_1_143' title='bbox 181 2136 344 2190; x_wconf 88' lang='lat' dir='ltr'><strong>cendi</strong></span> <span class='ocrx_word' id='word_1_144' title='bbox 372 2152 570 2206; x_wconf 82' lang='lat' dir='ltr'><strong>genere</strong></span> <span class='ocrx_word' id='word_1_145' title='bbox 596 2142 879 2203; x_wconf 89' lang='lat' dir='ltr'><strong>peccatum</strong></span> <span class='ocrx_word' id='word_1_146' title='bbox 908 2143 1043 2197; x_wconf 90' lang='lat' dir='ltr'><strong>erat,</strong></span> <span class='ocrx_word' id='word_1_147' title='bbox 1078 2133 1393 2202; x_wconf 82' lang='lat' dir='ltr'><strong>corrigens;</strong></span> <span class='ocrx_word' id='word_1_148' title='bbox 1431 2147 1608 2200; x_wconf 89' lang='lat' dir='ltr'><strong>neque</strong></span> <span class='ocrx_word' id='word_1_149' title='bbox 1639 2147 1759 2185; x_wconf 91' lang='lat' dir='ltr'><strong>sen-</strong></span> 
     </span>
    </p>
   </div>
   <div class='ocr_carea' id='block_1_24' title="bbox 186 2224 1755 2296">
    <p class='ocr_par' dir='ltr' id='par_1_24' title="bbox 186 2224 1755 2296">
     <span class='ocr_line' id='line_1_24' title="bbox 186 2224 1755 2296; baseline -0.003 -14"><span class='ocrx_word' id='word_1_150' title='bbox 186 2232 388 2284; x_wconf 88' lang='lat' dir='ltr'><strong>tentias</strong></span> <span class='ocrx_word' id='word_1_151' title='bbox 422 2230 707 2291; x_wconf 88' lang='lat' dir='ltr'><strong>innovans,</strong></span> <span class='ocrx_word' id='word_1_152' title='bbox 744 2229 838 2282; x_wconf 91' lang='lat' dir='ltr'><strong>sed</strong></span> <span class='ocrx_word' id='word_1_153' title='bbox 866 2237 1198 2283; x_wconf 89' lang='lat' dir='ltr'><strong>convertens</strong></span> <span class='ocrx_word' id='word_1_154' title='bbox 1221 2226 1447 2296; x_wconf 87' lang='lat' dir='ltr'><strong>ﬁguram</strong></span> <span class='ocrx_word' id='word_1_155' title='bbox 1479 2224 1755 2288; x_wconf 86' lang='lat' dir='ltr'><strong>dictionis,</strong></span> 
     </span>
    </p>
   </div>
   <div class='ocr_carea' id='block_1_25' title="bbox 181 2318 1760 2376">
    <p class='ocr_par' dir='ltr' id='par_1_25' title="bbox 181 2318 1760 2376">
     <span class='ocr_line' id='line_1_25' title="bbox 181 2318 1760 2376; baseline -0.004 0"><span class='ocrx_word' id='word_1_156' title='bbox 181 2333 243 2376; x_wconf 86' lang='lat' dir='ltr'><strong>et</strong></span> <span class='ocrx_word' id='word_1_157' title='bbox 280 2322 327 2375; x_wconf 91' lang='lat' dir='ltr'><strong>ei</strong></span> <span class='ocrx_word' id='word_1_158' title='bbox 362 2319 609 2374; x_wconf 88' lang='lat' dir='ltr'><strong>incidens</strong></span> <span class='ocrx_word' id='word_1_159' title='bbox 642 2321 819 2373; x_wconf 90' lang='lat' dir='ltr'><strong>oratio</strong></span> <span class='ocrx_word' id='word_1_160' title='bbox 871 2320 925 2373; x_wconf 92' lang='lat' dir='ltr'><strong>in</strong></span> <span class='ocrx_word' id='word_1_161' title='bbox 961 2318 1338 2373; x_wconf 86' lang='lat' dir='ltr'><strong>diversitatem</strong></span> <span class='ocrx_word' id='word_1_162' title='bbox 1386 2318 1760 2371; x_wconf 82' lang='lat' dir='ltr'><strong>narrationum</strong></span> 
     </span>
    </p>
   </div>
   <div class='ocr_carea' id='block_1_26' title="bbox 181 2409 1763 2479">
    <p class='ocr_par' dir='ltr' id='par_1_26' title="bbox 181 2409 1763 2479">
     <span class='ocr_line' id='line_1_26' title="bbox 181 2409 1763 2479; baseline -0.004 -10"><span class='ocrx_word' id='word_1_163' title='bbox 181 2426 242 2469; x_wconf 86' lang='lat' dir='ltr'><strong>et</strong></span> <span class='ocrx_word' id='word_1_164' title='bbox 280 2414 597 2469; x_wconf 76' lang='lat' dir='ltr'><strong>varietatem</strong></span> <span class='ocrx_word' id='word_1_165' title='bbox 637 2420 1087 2479; x_wconf 85' lang='lat' dir='ltr'><strong>argumentorum</strong></span> <span class='ocrx_word' id='word_1_166' title='bbox 1133 2426 1242 2466; x_wconf 90' lang='lat' dir='ltr'><strong>non</strong></span> <span class='ocrx_word' id='word_1_167' title='bbox 1268 2409 1626 2464; x_wconf 90' lang='lat' dir='ltr'><strong>confunditur</strong></span> <span class='ocrx_word' id='word_1_168' title='bbox 1661 2423 1763 2463; x_wconf 83' lang='lat' dir='ltr'><strong>ne-</strong></span> 
     </span>
    </p>
   </div>
   <div class='ocr_carea' id='block_1_27' title="bbox 181 2505 901 2576">
    <p class='ocr_par' dir='ltr' id='par_1_27' title="bbox 181 2505 901 2576">
     <span class='ocr_line' id='line_1_27' title="bbox 181 2505 901 2576; baseline -0.003 -18"><span class='ocrx_word' id='word_1_169' title='bbox 181 2522 295 2576; x_wconf 85' lang='lat' dir='ltr'><strong>que</strong></span> <span class='ocrx_word' id='word_1_170' title='bbox 328 2505 698 2575; x_wconf 86' lang='lat' dir='ltr'><strong>perturbatur,</strong></span> <span class='ocrx_word' id='word_1_171' title='bbox 735 2525 754 2554; x_wconf 74' lang='grc' dir='ltr'><strong>ι»</strong></span> <span class='ocrx_word' id='word_1_172' title='bbox 796 2512 901 2557; x_wconf 84' lang='lat' dir='ltr'><strong>etc.</strong></span> 
     </span>
    </p>
   </div>
   <div class='ocr_carea' id='block_1_28' title="bbox 260 2588 1763 2666">
    <p class='ocr_par' dir='ltr' id='par_1_28' title="bbox 260 2588 1763 2666">
     <span class='ocr_line' id='line_1_28' title="bbox 260 2588 1763 2666; baseline -0.006 -15"><span class='ocrx_word' id='word_1_173' title='bbox 260 2599 314 2651; x_wconf 77' lang='grc'><strong>4.</strong></span> <span class='ocrx_word' id='word_1_174' title='bbox 351 2597 475 2651; x_wconf 61' lang='lat' dir='ltr'><strong>Haec</strong></span> <span class='ocrx_word' id='word_1_175' title='bbox 500 2596 594 2666; x_wconf 85' lang='lat' dir='ltr'><strong>qui</strong></span> <span class='ocrx_word' id='word_1_176' title='bbox 622 2610 745 2650; x_wconf 92' lang='lat' dir='ltr'><strong>cum</strong></span> <span class='ocrx_word' id='word_1_177' title='bbox 777 2592 1047 2649; x_wconf 76' lang='lat' dir='ltr'><strong>Procemio</strong></span> <span class='ocrx_word' id='word_1_178' title='bbox 1076 2590 1317 2646; x_wconf 86' lang='lat' dir='ltr'><strong>auctoris</strong></span> <span class='ocrx_word' id='word_1_179' title='bbox 1346 2589 1669 2654; x_wconf 85' lang='lat' dir='ltr'><strong>contulerit,</strong></span> <span class='ocrx_word' id='word_1_180' title='bbox 1705 2588 1763 2642; x_wconf 91' lang='lat' dir='ltr'><strong>in</strong></span> 
     </span>
    </p>
   </div>
   <div class='ocr_carea' id='block_1_29' title="bbox 182 2685 1766 2758">
    <p class='ocr_par' dir='ltr' id='par_1_29' title="bbox 182 2685 1766 2758">
     <span class='ocr_line' id='line_1_29' title="bbox 182 2685 1766 2758; baseline -0.004 -12"><span class='ocrx_word' id='word_1_181' title='bbox 182 2708 255 2746; x_wconf 88' lang='lat' dir='ltr'><strong>eo</strong></span> <span class='ocrx_word' id='word_1_182' title='bbox 300 2689 721 2758; x_wconf 82' lang='lat' dir='ltr'><strong>Metaplirastem</strong></span> <span class='ocrx_word' id='word_1_183' title='bbox 774 2698 1032 2757; x_wconf 84' lang='lat' dir='ltr'><strong>agnoscet</strong></span> <span class='ocrx_word' id='word_1_184' title='bbox 1079 2706 1092 2742; x_wconf 89' lang='lat'><strong>:</strong></span> <span class='ocrx_word' id='word_1_185' title='bbox 1134 2687 1188 2741; x_wconf 93' lang='lat' dir='ltr'><strong>in</strong></span> <span class='ocrx_word' id='word_1_186' title='bbox 1240 2687 1360 2756; x_wconf 90' lang='lat' dir='ltr'><strong>ipso</strong></span> <span class='ocrx_word' id='word_1_187' title='bbox 1407 2687 1553 2741; x_wconf 89' lang='lat' dir='ltr'><strong>cnim</strong></span> <span class='ocrx_word' id='word_1_188' title='bbox 1605 2685 1766 2739; x_wconf 90' lang='lat' dir='ltr'><strong>initio</strong></span> 
     </span>
    </p>
   </div>
   <div class='ocr_carea' id='block_1_30' title="bbox 186 2777 1764 2851">
    <p class='ocr_par' dir='ltr' id='par_1_30' title="bbox 186 2777 1764 2851">
     <span class='ocr_line' id='line_1_30' title="bbox 186 2777 1764 2851; baseline -0.004 -15"><span class='ocrx_word' id='word_1_189' title='bbox 186 2781 509 2851; x_wconf 82' lang='lat' dir='ltr'><strong>scriptionis</strong></span> <span class='ocrx_word' id='word_1_190' title='bbox 559 2796 671 2836; x_wconf 70' lang='lat' dir='ltr'><strong>sua:</strong></span> <span class='ocrx_word' id='word_1_191' title='bbox 737 2796 962 2851; x_wconf 87' lang='lat' dir='ltr'><strong>scopum</strong></span> <span class='ocrx_word' id='word_1_192' title='bbox 1013 2780 1399 2846; x_wconf 89' lang='lat' dir='ltr'><strong>intentumque</strong></span> <span class='ocrx_word' id='word_1_193' title='bbox 1459 2777 1764 2846; x_wconf 86' lang='lat' dir='ltr'><strong>signiﬁcat;</strong></span> 
     </span>
    </p>
   </div>
   <div class='ocr_carea' id='block_1_31' title="bbox 185 2869 1766 2945">
    <p class='ocr_par' dir='ltr' id='par_1_31' title="bbox 185 2869 1766 2945">
     <span class='ocr_line' id='line_1_31' title="bbox 185 2869 1766 2945; baseline -0.004 -17"><span class='ocrx_word' id='word_1_194' title='bbox 185 2876 415 2939; x_wconf 85' lang='lat' dir='ltr'><strong>deinde,</strong></span> <span class='ocrx_word' id='word_1_195' title='bbox 460 2891 580 2945; x_wconf 75' lang='lat' dir='ltr'><strong>quae</strong></span> <span class='ocrx_word' id='word_1_196' title='bbox 628 2875 954 2929; x_wconf 90' lang='lat' dir='ltr'><strong>documenta</strong></span> <span class='ocrx_word' id='word_1_197' title='bbox 999 2873 1065 2927; x_wconf 91' lang='lat' dir='ltr'><strong>ad</strong></span> <span class='ocrx_word' id='word_1_198' title='bbox 1118 2869 1438 2941; x_wconf 87' lang='lat' dir='ltr'><strong>Sampsonis</strong></span> <span class='ocrx_word' id='word_1_199' title='bbox 1481 2869 1766 2922; x_wconf 88' lang='lat' dir='ltr'><strong>historiam</strong></span> 
     </span>
    </p>
   </div>
   <div class='ocr_carea' id='block_1_32' title="bbox 189 2960 1767 3031">
    <p class='ocr_par' dir='ltr' id='par_1_32' title="bbox 189 2960 1767 3031">
     <span class='ocr_line' id='line_1_32' title="bbox 189 2960 1767 3031; baseline -0.005 -13"><span class='ocrx_word' id='word_1_200' title='bbox 189 2965 484 3019; x_wconf 74' lang='lat' dir='ltr'><strong>texendam</strong></span> <span class='ocrx_word' id='word_1_201' title='bbox 535 2964 811 3025; x_wconf 88' lang='lat' dir='ltr'><strong>habuerit,</strong></span> <span class='ocrx_word' id='word_1_202' title='bbox 860 2963 1122 3031; x_wconf 80' lang='lat' dir='ltr'><strong>exponit;</strong></span> <span class='ocrx_word' id='word_1_203' title='bbox 1156 2976 1276 3030; x_wconf 62' lang='lat' dir='ltr'><strong>quae</strong></span> <span class='ocrx_word' id='word_1_204' title='bbox 1306 2961 1555 3030; x_wconf 79' lang='lat' dir='ltr'><strong>quamvis</strong></span> <span class='ocrx_word' id='word_1_205' title='bbox 1586 2960 1767 3013; x_wconf 87' lang='lat' dir='ltr'><strong>ineru-</strong></span> 
     </span>
    </p>
   </div>
   <div class='ocr_carea' id='block_1_33' title="bbox 188 3038 1767 3120">
    <p class='ocr_par' dir='ltr' id='par_1_33' title="bbox 188 3038 1767 3120">
     <span class='ocr_line' id='line_1_33' title="bbox 188 3038 1767 3120; baseline -0.005 -9"><span class='ocrx_word' id='word_1_206' title='bbox 188 3058 309 3111; x_wconf 82' lang='lat' dir='ltr'><strong>dite</strong></span> <span class='ocrx_word' id='word_1_207' title='bbox 340 3065 396 3110; x_wconf 90' lang='lat' dir='ltr'><strong>et</strong></span> <span class='ocrx_word' id='word_1_208' title='bbox 420 3054 648 3108; x_wconf 89' lang='lat' dir='ltr'><strong>barbare</strong></span> <span class='ocrx_word' id='word_1_209' title='bbox 673 3062 857 3106; x_wconf 84' lang='lat' dir='ltr'><strong>essent</strong></span> <span class='ocrx_word' id='word_1_210' title='bbox 888 3053 1211 3120; x_wconf 88' lang='lat' dir='ltr'><strong>composita,</strong></span> <span class='ocrx_word' id='word_1_211' title='bbox 1233 3038 1554 3106; x_wconf 87' lang='lat' dir='ltr'><strong>secuturum</strong></span> <span class='ocrx_word' id='word_1_212' title='bbox 1587 3061 1767 3104; x_wconf 87' lang='lat' dir='ltr'><strong>tamen</strong></span> 
     </span>
    </p>
   </div>
   <div class='ocr_carea' id='block_1_34' title="bbox 188 3140 1789 3214">
    <p class='ocr_par' dir='ltr' id='par_1_34' title="bbox 188 3140 1789 3214">
     <span class='ocr_line' id='line_1_34' title="bbox 188 3140 1789 3214; baseline -0.003 -16"><span class='ocrx_word' id='word_1_213' title='bbox 188 3161 315 3199; x_wconf 83' lang='lat' dir='ltr'><strong>sese</strong></span> <span class='ocrx_word' id='word_1_214' title='bbox 339 3142 651 3214; x_wconf 88' lang='lat' dir='ltr'><strong>proﬁtetur,</strong></span> <span class='ocrx_word' id='word_1_215' title='bbox 686 3158 997 3212; x_wconf 89' lang='lat' dir='ltr'><strong>quanquam</strong></span> <span class='ocrx_word' id='word_1_216' title='bbox 1046 3158 1109 3196; x_wconf 89' lang='lat' dir='ltr'><strong>ea</strong></span> <span class='ocrx_word' id='word_1_217' title='bbox 1161 3140 1374 3195; x_wconf 89' lang='lat' dir='ltr'><strong>meliori</strong></span> <span class='ocrx_word' id='word_1_218' title='bbox 1401 3143 1539 3210; x_wconf 79' lang='lat' dir='ltr'><strong>stylo</strong></span> <span class='ocrx_word' id='word_1_219' title='bbox 1585 3150 1789 3195; x_wconf 87' lang='lat' dir='ltr'><strong>meta-.</strong></span> 
     </span>
    </p>
   </div>
   <div class='ocr_carea' id='block_1_35' title="bbox 192 3234 1764 3308">
    <p class='ocr_par' dir='ltr' id='par_1_35' title="bbox 192 3234 1764 3308">
     <span class='ocr_line' id='line_1_35' title="bbox 192 3234 1764 3308; baseline -0.003 -16"><span class='ocrx_word' id='word_1_220' title='bbox 192 3238 479 3308; x_wconf 81' lang='lat' dir='ltr'><strong>plirastice</strong></span> <span class='ocrx_word' id='word_1_221' title='bbox 510 3245 761 3291; x_wconf 81' lang='lat' dir='ltr'><strong>exornet.</strong></span> <span class='ocrx_word' id='word_1_222' title='bbox 799 3235 1003 3290; x_wconf 91' lang='lat' dir='ltr'><strong>Deinde</strong></span> <span class='ocrx_word' id='word_1_223' title='bbox 1034 3236 1078 3290; x_wconf 93' lang='lat' dir='ltr'><strong>si</strong></span> <span class='ocrx_word' id='word_1_224' title='bbox 1113 3243 1279 3289; x_wconf 88' lang='lat' dir='ltr'><strong>totam</strong></span> <span class='ocrx_word' id='word_1_225' title='bbox 1312 3234 1474 3305; x_wconf 86' lang='lat' dir='ltr'><strong>liujus</strong></span> <span class='ocrx_word' id='word_1_226' title='bbox 1510 3234 1764 3303; x_wconf 91' lang='lat' dir='ltr'><strong>scriptio-</strong></span> 
     </span>
    </p>
   </div>
   <div class='ocr_carea' id='block_1_36' title="bbox 190 3326 1762 3399">
    <p class='ocr_par' dir='ltr' id='par_1_36' title="bbox 190 3326 1762 3399">
     <span class='ocr_line' id='line_1_36' title="bbox 190 3326 1762 3399; baseline -0.003 -15"><span class='ocrx_word' id='word_1_227' title='bbox 190 3332 285 3384; x_wconf 90' lang='lat' dir='ltr'><strong>nis</strong></span> <span class='ocrx_word' id='word_1_228' title='bbox 337 3329 590 3394; x_wconf 88' lang='lat' dir='ltr'><strong>formam,</strong></span> <span class='ocrx_word' id='word_1_229' title='bbox 646 3329 869 3399; x_wconf 84' lang='lat' dir='ltr'><strong>slylum,</strong></span> <span class='ocrx_word' id='word_1_230' title='bbox 923 3327 1377 3397; x_wconf 86' lang='lat' dir='ltr'><strong>frequentemque</strong></span> <span class='ocrx_word' id='word_1_231' title='bbox 1424 3326 1762 3397; x_wconf 87' lang='lat' dir='ltr'><strong>adagiorutn,</strong></span> 
     </span>
    </p>
   </div>
   <div class='ocr_carea' id='block_1_37' title="bbox 189 3419 1768 3485">
    <p class='ocr_par' dir='ltr' id='par_1_37' title="bbox 189 3419 1768 3485">
     <span class='ocr_line' id='line_1_37' title="bbox 189 3419 1768 3485; baseline -0.003 -8"><span class='ocrx_word' id='word_1_232' title='bbox 189 3424 331 3477; x_wconf 87' lang='lat' dir='ltr'><strong>hinc</strong></span> <span class='ocrx_word' id='word_1_233' title='bbox 358 3421 483 3476; x_wconf 88' lang='lat' dir='ltr'><strong>inde</strong></span> <span class='ocrx_word' id='word_1_234' title='bbox 521 3422 737 3476; x_wconf 86' lang='lat' dir='ltr'><strong>erudite</strong></span> <span class='ocrx_word' id='word_1_235' title='bbox 773 3422 1287 3485; x_wconf 89' lang='lat' dir='ltr'><strong>intercurrentium,</strong></span> <span class='ocrx_word' id='word_1_236' title='bbox 1318 3436 1479 3476; x_wconf 87' lang='lat' dir='ltr'><strong>usum</strong></span> <span class='ocrx_word' id='word_1_237' title='bbox 1515 3419 1768 3474; x_wconf 85' lang='lat' dir='ltr'><strong>conside-</strong></span> 
     </span>
    </p>
   </div>
   <div class='ocr_carea' id='block_1_38' title="bbox 189 3511 1769 3580">
    <p class='ocr_par' dir='ltr' id='par_1_38' title="bbox 189 3511 1769 3580">
     <span class='ocr_line' id='line_1_38' title="bbox 189 3511 1769 3580; baseline -0.004 -12"><span class='ocrx_word' id='word_1_238' title='bbox 189 3529 309 3575; x_wconf 86' lang='lat' dir='ltr'><strong>res,</strong></span> <span class='ocrx_word' id='word_1_239' title='bbox 344 3520 505 3579; x_wconf 89' lang='lat' dir='ltr'><strong>atque</strong></span> <span class='ocrx_word' id='word_1_240' title='bbox 535 3526 597 3564; x_wconf 88' lang='lat' dir='ltr'><strong>ea</strong></span> <span class='ocrx_word' id='word_1_241' title='bbox 625 3512 805 3564; x_wconf 87' lang='lat' dir='ltr'><strong>omnia</strong></span> <span class='ocrx_word' id='word_1_242' title='bbox 844 3527 967 3565; x_wconf 90' lang='lat' dir='ltr'><strong>cum</strong></span> <span class='ocrx_word' id='word_1_243' title='bbox 993 3511 1248 3580; x_wconf 77' lang='lat' dir='ltr'><strong>genuinis</strong></span> <span class='ocrx_word' id='word_1_244' title='bbox 1292 3511 1439 3563; x_wconf 86' lang='lat' dir='ltr'><strong>illius</strong></span> <span class='ocrx_word' id='word_1_245' title='bbox 1475 3526 1537 3563; x_wconf 90' lang='lat' dir='ltr'><strong>ac</strong></span> <span class='ocrx_word' id='word_1_246' title='bbox 1558 3524 1769 3579; x_wconf 86' lang='lat' dir='ltr'><strong>germa-</strong></span> 
     </span>
    </p>
   </div>
   <div class='ocr_carea' id='block_1_39' title="bbox 191 3599 1769 3669">
    <p class='ocr_par' dir='ltr' id='par_1_39' title="bbox 191 3599 1769 3669">
     <span class='ocr_line' id='line_1_39' title="bbox 191 3599 1769 3669; baseline -0.005 -10"><span class='ocrx_word' id='word_1_247' title='bbox 191 3605 285 3660; x_wconf 87' lang='lat' dir='ltr'><strong>nis</strong></span> <span class='ocrx_word' id='word_1_248' title='bbox 342 3602 568 3663; x_wconf 82' lang='lat' dir='ltr'><strong>fetibus,</strong></span> <span class='ocrx_word' id='word_1_249' title='bbox 600 3600 669 3654; x_wconf 88' lang='lat' dir='ltr'><strong>de</strong></span> <span class='ocrx_word' id='word_1_250' title='bbox 715 3601 919 3669; x_wconf 87' lang='lat' dir='ltr'><strong>quibus</strong></span> <span class='ocrx_word' id='word_1_251' title='bbox 969 3607 1185 3654; x_wconf 87' lang='lat' dir='ltr'><strong>constat</strong></span> <span class='ocrx_word' id='word_1_252' title='bbox 1221 3599 1364 3669; x_wconf 87' lang='lat' dir='ltr'><strong>apud</strong></span> <span class='ocrx_word' id='word_1_253' title='bbox 1411 3600 1670 3653; x_wconf 79' lang='lat' dir='ltr'><strong>Allatium</strong></span> <span class='ocrx_word' id='word_1_254' title='bbox 1712 3600 1769 3652; x_wconf 84' lang='lat' dir='ltr'><strong>in</strong></span> 
     </span>
    </p>
   </div>
   <div class='ocr_carea' id='block_1_40' title="bbox 192 3691 1768 3767">
    <p class='ocr_par' dir='ltr' id='par_1_40' title="bbox 192 3691 1768 3767">
     <span class='ocr_line' id='line_1_40' title="bbox 192 3691 1768 3767; baseline -0.004 -18"><span class='ocrx_word' id='word_1_255' title='bbox 192 3695 426 3767; x_wconf 75' lang='lat' dir='ltr'><strong>przefata</strong></span> <span class='ocrx_word' id='word_1_256' title='bbox 466 3693 726 3758; x_wconf 87' lang='lat' dir='ltr'><strong>Diatriba,</strong></span> <span class='ocrx_word' id='word_1_257' title='bbox 769 3693 972 3763; x_wconf 84' lang='lat' dir='ltr'><strong>ubique</strong></span> <span class='ocrx_word' id='word_1_258' title='bbox 1021 3692 1445 3762; x_wconf 82' lang='lat' dir='ltr'><strong>Metaphrastem</strong></span> <span class='ocrx_word' id='word_1_259' title='bbox 1500 3691 1768 3746; x_wconf 75' lang='lat' dir='ltr'><strong>invenies.</strong></span> 
     </span>
    </p>
   </div>
   <div class='ocr_carea' id='block_1_41' title="bbox 192 3782 1772 3853">
    <p class='ocr_par' dir='ltr' id='par_1_41' title="bbox 192 3782 1772 3853">
     <span class='ocr_line' id='line_1_41' title="bbox 192 3782 1772 3853; baseline -0.003 -13"><span class='ocrx_word' id='word_1_260' title='bbox 192 3791 469 3840; x_wconf 65' lang='lat' dir='ltr'><strong>Praeterea</strong></span> <span class='ocrx_word' id='word_1_261' title='bbox 518 3795 697 3840; x_wconf 88' lang='lat' dir='ltr'><strong>certos</strong></span> <span class='ocrx_word' id='word_1_262' title='bbox 725 3800 826 3838; x_wconf 91' lang='lat' dir='ltr'><strong>nos</strong></span> <span class='ocrx_word' id='word_1_263' title='bbox 869 3784 1052 3837; x_wconf 87' lang='lat' dir='ltr'><strong>reddit</strong></span> <span class='ocrx_word' id='word_1_264' title='bbox 1099 3794 1291 3840; x_wconf 89' lang='lat' dir='ltr'><strong>auctor</strong></span> <span class='ocrx_word' id='word_1_265' title='bbox 1327 3784 1459 3839; x_wconf 74' lang='lat' dir='ltr'><strong>Vita:</strong></span> <span class='ocrx_word' id='word_1_266' title='bbox 1504 3784 1671 3853; x_wconf 90' lang='lat' dir='ltr'><strong>bujus</strong></span> <span class='ocrx_word' id='word_1_267' title='bbox 1718 3782 1772 3837; x_wconf 91' lang='lat' dir='ltr'><strong>in</strong></span> 
     </span>
    </p>
   </div>
   <div class='ocr_carea' id='block_1_42' title="bbox 195 3876 1775 3938">
    <p class='ocr_par' dir='ltr' id='par_1_42' title="bbox 195 3876 1775 3938">
     <span class='ocr_line' id='line_1_42' title="bbox 195 3876 1775 3938; baseline -0.003 -7"><span class='ocrx_word' id='word_1_268' title='bbox 195 3879 496 3938; x_wconf 76' lang='lat' dir='ltr'><strong>Prommio,</strong></span> <span class='ocrx_word' id='word_1_269' title='bbox 540 3892 596 3930; x_wconf 86' lang='lat' dir='ltr'><strong>se</strong></span> <span class='ocrx_word' id='word_1_270' title='bbox 633 3876 931 3930; x_wconf 88' lang='lat' dir='ltr'><strong>multorum</strong></span> <span class='ocrx_word' id='word_1_271' title='bbox 981 3876 1210 3929; x_wconf 88' lang='lat' dir='ltr'><strong>aliorum</strong></span> <span class='ocrx_word' id='word_1_272' title='bbox 1244 3884 1580 3936; x_wconf 88' lang='lat' dir='ltr'><strong>sanctorum,</strong></span> <span class='ocrx_word' id='word_1_273' title='bbox 1630 3889 1775 3927; x_wconf 79' lang='lat' dir='ltr'><strong>mar~</strong></span> 
     </span>
    </p>
   </div>
   <div class='ocr_carea' id='block_1_43' title="bbox 192 3965 1775 4040">
    <p class='ocr_par' dir='ltr' id='par_1_43' title="bbox 192 3965 1775 4040">
     <span class='ocr_line' id='line_1_43' title="bbox 192 3965 1775 4040; baseline -0.003 -16"><span class='ocrx_word' id='word_1_274' title='bbox 192 3983 385 4040; x_wconf 79' lang='lat' dir='ltr'><strong>tyrum</strong></span> <span class='ocrx_word' id='word_1_275' title='bbox 414 3967 634 4036; x_wconf 87' lang='lat' dir='ltr'><strong>quidem</strong></span> <span class='ocrx_word' id='word_1_276' title='bbox 672 3968 890 4021; x_wconf 91' lang='lat' dir='ltr'><strong>labores</strong></span> <span class='ocrx_word' id='word_1_277' title='bbox 937 3975 994 4022; x_wconf 91' lang='lat' dir='ltr'><strong>et</strong></span> <span class='ocrx_word' id='word_1_278' title='bbox 1034 3968 1353 4030; x_wconf 83' lang='lat' dir='ltr'><strong>certamina,</strong></span> <span class='ocrx_word' id='word_1_279' title='bbox 1397 3965 1775 4021; x_wconf 85' lang='lat' dir='ltr'><strong>confessorum</strong></span> 
     </span>
    </p>
   </div>
   <div class='ocr_carea' id='block_1_44' title="bbox 193 4061 1776 4131">
    <p class='ocr_par' dir='ltr' id='par_1_44' title="bbox 193 4061 1776 4131">
     <span class='ocr_line' id='line_1_44' title="bbox 193 4061 1776 4131; baseline -0.003 -14"><span class='ocrx_word' id='word_1_280' title='bbox 193 4079 339 4117; x_wconf 81' lang='lat' dir='ltr'><strong>vero</strong></span> <span class='ocrx_word' id='word_1_281' title='bbox 382 4062 522 4115; x_wconf 83' lang='lat' dir='ltr'><strong>vitas</strong></span> <span class='ocrx_word' id='word_1_282' title='bbox 566 4071 622 4115; x_wconf 91' lang='lat' dir='ltr'><strong>et</strong></span> <span class='ocrx_word' id='word_1_283' title='bbox 676 4076 761 4115; x_wconf 90' lang='lat' dir='ltr'><strong>res</strong></span> <span class='ocrx_word' id='word_1_284' title='bbox 799 4072 980 4130; x_wconf 77' lang='lat' dir='ltr'><strong>gestas</strong></span> <span class='ocrx_word' id='word_1_285' title='bbox 1029 4061 1317 4131; x_wconf 85' lang='lat' dir='ltr'><strong>diligenter</strong></span> <span class='ocrx_word' id='word_1_286' title='bbox 1364 4061 1776 4130; x_wconf 87' lang='lat' dir='ltr'><strong>conscripsisse,</strong></span> 
     </span>
    </p>
   </div>
   <div class='ocr_carea' id='block_1_45' title="bbox 196 4151 1780 4224">
    <p class='ocr_par' dir='ltr' id='par_1_45' title="bbox 196 4151 1780 4224">
     <span class='ocr_line' id='line_1_45' title="bbox 196 4151 1780 4224; baseline -0.005 -12"><span class='ocrx_word' id='word_1_287' title='bbox 196 4158 373 4224; x_wconf 84' lang='lat' dir='ltr'><strong>idque</strong></span> <span class='ocrx_word' id='word_1_288' title='bbox 408 4152 904 4222; x_wconf 84' lang='lat' dir='ltr'><strong>Constantinopoli,</strong></span> <span class='ocrx_word' id='word_1_289' title='bbox 935 4152 1027 4205; x_wconf 92' lang='lat' dir='ltr'><strong>ubi</strong></span> <span class='ocrx_word' id='word_1_290' title='bbox 1073 4152 1130 4206; x_wconf 92' lang='lat' dir='ltr'><strong>S.</strong></span> <span class='ocrx_word' id='word_1_291' title='bbox 1181 4152 1496 4220; x_wconf 83' lang='lat' dir='ltr'><strong>Sampsonis</strong></span> <span class='ocrx_word' id='word_1_292' title='bbox 1536 4151 1780 4204; x_wconf 88' lang='lat' dir='ltr'><strong>tumulus</strong></span> 
     </span>
    </p>
   </div>
   <div class='ocr_carea' id='block_1_46' title="bbox 199 4242 1784 4314">
    <p class='ocr_par' dir='ltr' id='par_1_46' title="bbox 199 4242 1784 4314">
     <span class='ocr_line' id='line_1_46' title="bbox 199 4242 1784 4314; baseline -0.003 -15"><span class='ocrx_word' id='word_1_293' title='bbox 199 4247 532 4301; x_wconf 73' lang='lat' dir='ltr'><strong>emlcstibus</strong></span> <span class='ocrx_word' id='word_1_294' title='bbox 584 4244 829 4301; x_wconf 84' lang='lat' dir='ltr'><strong>clarebat</strong></span> <span class='ocrx_word' id='word_1_295' title='bbox 894 4243 1195 4314; x_wconf 83' lang='lat' dir='ltr'><strong>prodigiis;</strong></span> <span class='ocrx_word' id='word_1_296' title='bbox 1250 4242 1377 4297; x_wconf 88' lang='lat' dir='ltr'><strong>inde</strong></span> <span class='ocrx_word' id='word_1_297' title='bbox 1407 4251 1462 4296; x_wconf 92' lang='lat' dir='ltr'><strong>et</strong></span> <span class='ocrx_word' id='word_1_298' title='bbox 1499 4257 1563 4296; x_wconf 90' lang='lat' dir='ltr'><strong>ea</strong></span> <span class='ocrx_word' id='word_1_299' title='bbox 1595 4250 1784 4296; x_wconf 91' lang='lat' dir='ltr'><strong>narrat</strong></span> 
     </span>
    </p>
   </div>
   <div class='ocr_carea' id='block_1_47' title="bbox 202 4334 1783 4407">
    <p class='ocr_par' dir='ltr' id='par_1_47' title="bbox 202 4334 1783 4407">
     <span class='ocr_line' id='line_1_47' title="bbox 202 4334 1783 4407; baseline -0.002 -16"><span class='ocrx_word' id='word_1_300' title='bbox 202 4338 499 4402; x_wconf 87' lang='lat' dir='ltr'><strong>miracula,</strong></span> <span class='ocrx_word' id='word_1_301' title='bbox 541 4352 663 4407; x_wconf 64' lang='lat' dir='ltr'><strong>qua:</strong></span> <span class='ocrx_word' id='word_1_302' title='bbox 705 4345 800 4390; x_wconf 89' lang='lat' dir='ltr'><strong>aut</strong></span> <span class='ocrx_word' id='word_1_303' title='bbox 854 4338 967 4407; x_wconf 92' lang='lat' dir='ltr'><strong>ipse</strong></span> <span class='ocrx_word' id='word_1_304' title='bbox 1007 4337 1181 4392; x_wconf 90' lang='lat' dir='ltr'><strong>oculis</strong></span> <span class='ocrx_word' id='word_1_305' title='bbox 1233 4336 1538 4401; x_wconf 83' lang='lat' dir='ltr'><strong>consrexit,</strong></span> <span class='ocrx_word' id='word_1_306' title='bbox 1588 4334 1671 4389; x_wconf 89' lang='lat' dir='ltr'><strong>vel</strong></span> <span class='ocrx_word' id='word_1_307' title='bbox 1715 4334 1783 4388; x_wconf 91' lang='lat' dir='ltr'><strong>ab</strong></span> 
     </span>
    </p>
   </div>
   <div class='ocr_carea' id='block_1_48' title="bbox 195 4428 1785 4497">
    <p class='ocr_par' dir='ltr' id='par_1_48' title="bbox 195 4428 1785 4497">
     <span class='ocr_line' id='line_1_48' title="bbox 195 4428 1785 4497; baseline -0.001 -16"><span class='ocrx_word' id='word_1_308' title='bbox 195 4428 448 4482; x_wconf 89' lang='lat' dir='ltr'><strong>oculatis</strong></span> <span class='ocrx_word' id='word_1_309' title='bbox 483 4428 713 4481; x_wconf 88' lang='lat' dir='ltr'><strong>testibus</strong></span> <span class='ocrx_word' id='word_1_310' title='bbox 746 4429 859 4497; x_wconf 90' lang='lat' dir='ltr'><strong>ipse</strong></span> <span class='ocrx_word' id='word_1_311' title='bbox 888 4428 1133 4491; x_wconf 89' lang='lat' dir='ltr'><strong>audivit;</strong></span> <span class='ocrx_word' id='word_1_312' title='bbox 1166 4444 1287 4495; x_wconf 62' lang='lat' dir='ltr'><strong>quae</strong></span> <span class='ocrx_word' id='word_1_313' title='bbox 1317 4431 1404 4482; x_wconf 92' lang='lat' dir='ltr'><strong>cui</strong></span> <span class='ocrx_word' id='word_1_314' title='bbox 1454 4428 1613 4483; x_wconf 90' lang='lat' dir='ltr'><strong>istius</strong></span> <span class='ocrx_word' id='word_1_315' title='bbox 1648 4437 1785 4482; x_wconf 90' lang='lat' dir='ltr'><strong>tem-</strong></span> 
     </span>
    </p>
   </div>
   <div class='ocr_carea' id='block_1_49' title="bbox 200 4520 1572 4589">
    <p class='ocr_par' dir='ltr' id='par_1_49' title="bbox 200 4520 1572 4589">
     <span class='ocr_line' id='line_1_49' title="bbox 200 4520 1572 4589; baseline -0.001 -17"><span class='ocrx_word' id='word_1_316' title='bbox 200 4520 363 4589; x_wconf 88' lang='lat' dir='ltr'><strong>poris</strong></span> <span class='ocrx_word' id='word_1_317' title='bbox 398 4520 603 4573; x_wconf 87' lang='lat' dir='ltr'><strong>auctori</strong></span> <span class='ocrx_word' id='word_1_318' title='bbox 640 4520 1006 4583; x_wconf 87' lang='lat' dir='ltr'><strong>ascribentur,</strong></span> <span class='ocrx_word' id='word_1_319' title='bbox 1049 4520 1150 4573; x_wconf 87' lang='lat' dir='ltr'><strong>nisi</strong></span> <span class='ocrx_word' id='word_1_320' title='bbox 1183 4520 1572 4587; x_wconf 85' lang='lat' dir='ltr'><strong>Metapbrasti?</strong></span> 
     </span>
    </p>
   </div>
   <div class='ocr_carea' id='block_1_50' title="bbox 281 4609 1787 4681">
    <p class='ocr_par' dir='ltr' id='par_1_50' title="bbox 281 4609 1787 4681">
     <span class='ocr_line' id='line_1_50' title="bbox 281 4609 1787 4681; baseline -0.001 -16"><span class='ocrx_word' id='word_1_321' title='bbox 281 4610 338 4665; x_wconf 89' lang='lat'><strong>5.</strong></span> <span class='ocrx_word' id='word_1_322' title='bbox 368 4609 525 4664; x_wconf 82' lang='lat' dir='ltr'><strong>Hunc</strong></span> <span class='ocrx_word' id='word_1_323' title='bbox 570 4625 677 4664; x_wconf 93' lang='lat' dir='ltr'><strong>non</strong></span> <span class='ocrx_word' id='word_1_324' title='bbox 716 4609 1156 4681; x_wconf 85' lang='lat' dir='ltr'><strong>ludiniagistruin</strong></span> <span class='ocrx_word' id='word_1_325' title='bbox 1192 4613 1462 4667; x_wconf 84' lang='lat' dir='ltr'><strong>trivialem</strong></span> <span class='ocrx_word' id='word_1_326' title='bbox 1501 4612 1693 4677; x_wconf 87' lang='lat' dir='ltr'><strong>fuisse,</strong></span> <span class='ocrx_word' id='word_1_327' title='bbox 1726 4618 1787 4664; x_wconf 93' lang='lat' dir='ltr'><strong>ut</strong></span> 
     </span>
    </p>
   </div>
   <div class='ocr_carea' id='block_1_51' title="bbox 198 4702 1785 4776">
    <p class='ocr_par' dir='ltr' id='par_1_51' title="bbox 198 4702 1785 4776">
     <span class='ocr_line' id='line_1_51' title="bbox 198 4702 1785 4776; baseline -0.003 -17"><span class='ocrx_word' id='word_1_328' title='bbox 198 4704 437 4776; x_wconf 86' lang='lat' dir='ltr'><strong>quidam</strong></span> <span class='ocrx_word' id='word_1_329' title='bbox 466 4702 833 4768; x_wconf 86' lang='lat' dir='ltr'><strong>somniarunt,</strong></span> <span class='ocrx_word' id='word_1_330' title='bbox 864 4706 957 4758; x_wconf 89' lang='lat' dir='ltr'><strong>sed</strong></span> <span class='ocrx_word' id='word_1_331' title='bbox 990 4720 1199 4759; x_wconf 87' lang='lat' dir='ltr'><strong>summa</strong></span> <span class='ocrx_word' id='word_1_332' title='bbox 1226 4705 1279 4758; x_wconf 91' lang='lat' dir='ltr'><strong>in</strong></span> <span class='ocrx_word' id='word_1_333' title='bbox 1301 4703 1583 4772; x_wconf 87' lang='lat' dir='ltr'><strong>republica</strong></span> <span class='ocrx_word' id='word_1_334' title='bbox 1607 4702 1785 4773; x_wconf 82' lang='lat' dir='ltr'><strong>digni-</strong></span> 
     </span>
    </p>
   </div>
   <div class='ocr_carea' id='block_1_52' title="bbox 148 4796 1790 4877">
    <p class='ocr_par' dir='ltr' id='par_1_52' title="bbox 148 4796 1790 4877">
     <span class='ocr_line' id='line_1_52' title="bbox 148 4796 1790 4877; baseline -0.001 -27"><span class='ocrx_word' id='word_1_335' title='bbox 148 4821 156 4825; x_wconf 85' lang='lat'><strong><em>-</em></strong></span> <span class='ocrx_word' id='word_1_336' title='bbox 202 4807 326 4851; x_wconf 88' lang='lat' dir='ltr'><strong>tate</strong></span> <span class='ocrx_word' id='word_1_337' title='bbox 355 4796 700 4859; x_wconf 78' lang='lat' dir='ltr'><strong>excelluisse,</strong></span> <span class='ocrx_word' id='word_1_338' title='bbox 733 4804 921 4864; x_wconf 85' lang='lat' dir='ltr'><strong>utpote</strong></span> <span class='ocrx_word' id='word_1_339' title='bbox 971 4799 1061 4863; x_wconf 93' lang='lat' dir='ltr'><strong>qui</strong></span> <span class='ocrx_word' id='word_1_340' title='bbox 1120 4796 1365 4865; x_wconf 75' lang='lat' dir='ltr'><strong>Magistri</strong></span> <span class='ocrx_word' id='word_1_341' title='bbox 1398 4806 1453 4851; x_wconf 88' lang='lat' dir='ltr'><strong>et</strong></span> <span class='ocrx_word' id='word_1_342' title='bbox 1494 4796 1790 4877; x_wconf 59' lang='lat' dir='ltr'><strong>Logolheta:</strong></span> 
     </span>
    </p>
   </div>
   <div class='ocr_carea' id='block_1_53' title="bbox 202 4887 1788 4959">
    <p class='ocr_par' dir='ltr' id='par_1_53' title="bbox 202 4887 1788 4959">
     <span class='ocr_line' id='line_1_53' title="bbox 202 4887 1788 4959; baseline 0 -16"><span class='ocrx_word' id='word_1_343' title='bbox 202 4887 442 4943; x_wconf 87' lang='lat' dir='ltr'><strong>nomine</strong></span> <span class='ocrx_word' id='word_1_344' title='bbox 496 4890 841 4956; x_wconf 81' lang='lat' dir='ltr'><strong>appelletur;</strong></span> <span class='ocrx_word' id='word_1_345' title='bbox 871 4889 1013 4956; x_wconf 86' lang='lat' dir='ltr'><strong>quod</strong></span> <span class='ocrx_word' id='word_1_346' title='bbox 1056 4903 1246 4941; x_wconf 89' lang='lat' dir='ltr'><strong>eorum</strong></span> <span class='ocrx_word' id='word_1_347' title='bbox 1293 4905 1490 4942; x_wconf 87' lang='lat' dir='ltr'><strong>munus</strong></span> <span class='ocrx_word' id='word_1_348' title='bbox 1544 4903 1645 4950; x_wconf 77' lang='lat' dir='ltr'><strong>est,</strong></span> <span class='ocrx_word' id='word_1_349' title='bbox 1694 4889 1788 4959; x_wconf 89' lang='lat' dir='ltr'><strong>qui</strong></span> 
     </span>
    </p>
   </div>
   <div class='ocr_carea' id='block_1_54' title="bbox 205 4978 1791 5050">
    <p class='ocr_par' dir='ltr' id='par_1_54' title="bbox 205 4978 1791 5050">
     <span class='ocr_line' id='line_1_54' title="bbox 205 4978 1791 5050; baseline 0.001 -15"><span class='ocrx_word' id='word_1_350' title='bbox 205 4979 465 5035; x_wconf 85' lang='lat' dir='ltr'><strong>rationes</strong></span> <span class='ocrx_word' id='word_1_351' title='bbox 498 4978 706 5032; x_wconf 86' lang='lat' dir='ltr'><strong>ﬁscales</strong></span> <span class='ocrx_word' id='word_1_352' title='bbox 738 4981 821 5033; x_wconf 83' lang='lat' dir='ltr'><strong>vel</strong></span> <span class='ocrx_word' id='word_1_353' title='bbox 866 4980 1114 5049; x_wconf 86' lang='lat' dir='ltr'><strong>publicas</strong></span> <span class='ocrx_word' id='word_1_354' title='bbox 1152 4989 1490 5050; x_wconf 88' lang='lat' dir='ltr'><strong>cognoscunt</strong></span> <span class='ocrx_word' id='word_1_355' title='bbox 1528 4991 1583 5034; x_wconf 91' lang='lat' dir='ltr'><strong>et</strong></span> <span class='ocrx_word' id='word_1_356' title='bbox 1615 4982 1791 5036; x_wconf 83' lang='lat' dir='ltr'><strong>disce-</strong></span> 
     </span>
    </p>
   </div>
   <div class='ocr_carea' id='block_1_55' title="bbox 203 5073 1791 5143">
    <p class='ocr_par' dir='ltr' id='par_1_55' title="bbox 203 5073 1791 5143">
     <span class='ocr_line' id='line_1_55' title="bbox 203 5073 1791 5143; baseline 0.001 -18"><span class='ocrx_word' id='word_1_357' title='bbox 203 5082 399 5143; x_wconf 81' lang='lat' dir='ltr'><strong>ptant,</strong></span> <span class='ocrx_word' id='word_1_358' title='bbox 428 5081 787 5140; x_wconf 81' lang='lat' dir='ltr'><strong>sumptusque</strong></span> <span class='ocrx_word' id='word_1_359' title='bbox 822 5073 908 5125; x_wconf 89' lang='lat' dir='ltr'><strong>vel</strong></span> <span class='ocrx_word' id='word_1_360' title='bbox 954 5082 1008 5127; x_wconf 90' lang='lat' dir='ltr'><strong>et</strong></span> <span class='ocrx_word' id='word_1_361' title='bbox 1060 5073 1269 5127; x_wconf 91' lang='lat' dir='ltr'><strong>reditus</strong></span> <span class='ocrx_word' id='word_1_362' title='bbox 1318 5074 1389 5127; x_wconf 89' lang='lat' dir='ltr'><strong>ita</strong></span> <span class='ocrx_word' id='word_1_363' title='bbox 1428 5074 1690 5143; x_wconf 88' lang='lat' dir='ltr'><strong>dirigunt,</strong></span> <span class='ocrx_word' id='word_1_364' title='bbox 1731 5082 1791 5127; x_wconf 90' lang='lat' dir='ltr'><strong>ut</strong></span> 
     </span>
    </p>
   </div>
   <div class='ocr_carea' id='block_1_56' title="bbox 204 5163 1790 5234">
    <p class='ocr_par' dir='ltr' id='par_1_56' title="bbox 204 5163 1790 5234">
     <span class='ocr_line' id='line_1_56' title="bbox 204 5163 1790 5234; baseline 0.002 -18"><span class='ocrx_word' id='word_1_365' title='bbox 204 5163 539 5231; x_wconf 66' lang='lat' dir='ltr'><strong>reipublicae</strong></span> <span class='ocrx_word' id='word_1_366' title='bbox 590 5165 773 5233; x_wconf 87' lang='lat' dir='ltr'><strong>potius</strong></span> <span class='ocrx_word' id='word_1_367' title='bbox 820 5179 980 5232; x_wconf 89' lang='lat' dir='ltr'><strong>quam</strong></span> <span class='ocrx_word' id='word_1_368' title='bbox 1027 5168 1362 5234; x_wconf 88' lang='lat' dir='ltr'><strong>privatorum</strong></span> <span class='ocrx_word' id='word_1_369' title='bbox 1390 5182 1588 5222; x_wconf 90' lang='lat' dir='ltr'><strong>munus</strong></span> <span class='ocrx_word' id='word_1_370' title='bbox 1617 5167 1790 5221; x_wconf 89' lang='lat' dir='ltr'><strong>susti-</strong></span> 
     </span>
    </p>
   </div>
   <div class='ocr_carea' id='block_1_57' title="bbox 203 5253 1792 5325">
    <p class='ocr_par' dir='ltr' id='par_1_57' title="bbox 203 5253 1792 5325">
     <span class='ocr_line' id='line_1_57' title="bbox 203 5253 1792 5325; baseline 0.002 -19"><span class='ocrx_word' id='word_1_371' title='bbox 203 5263 422 5315; x_wconf 78' lang='lat' dir='ltr'><strong>neant;</strong></span> <span class='ocrx_word' id='word_1_372' title='bbox 458 5253 645 5320; x_wconf 75' lang='lat' dir='ltr'><strong>hujus,</strong></span> <span class='ocrx_word' id='word_1_373' title='bbox 678 5254 917 5321; x_wconf 87' lang='lat' dir='ltr'><strong>inquam,</strong></span> <span class='ocrx_word' id='word_1_374' title='bbox 953 5254 1235 5323; x_wconf 79' lang='lat' dir='ltr'><strong>dignitatis</strong></span> <span class='ocrx_word' id='word_1_375' title='bbox 1276 5255 1444 5309; x_wconf 86' lang='lat' dir='ltr'><strong>fuisse</strong></span> <span class='ocrx_word' id='word_1_376' title='bbox 1486 5255 1792 5325; x_wconf 84' lang='lat' dir='ltr'><strong>Metaphra-</strong></span> 
     </span>
    </p>
   </div>
   <div class='ocr_carea' id='block_1_58' title="bbox 204 5344 1789 5417">
    <p class='ocr_par' dir='ltr' id='par_1_58' title="bbox 204 5344 1789 5417">
     <span class='ocr_line' id='line_1_58' title="bbox 204 5344 1789 5417; baseline 0.002 -19"><span class='ocrx_word' id='word_1_377' title='bbox 204 5356 386 5408; x_wconf 81' lang='lat' dir='ltr'><strong>stem,</strong></span> <span class='ocrx_word' id='word_1_378' title='bbox 414 5344 702 5399; x_wconf 82' lang='lat' dir='ltr'><strong>evidenter</strong></span> <span class='ocrx_word' id='word_1_379' title='bbox 725 5348 1157 5402; x_wconf 86' lang='lat' dir='ltr'><strong>demonstratum</strong></span> <span class='ocrx_word' id='word_1_380' title='bbox 1184 5348 1355 5402; x_wconf 82' lang='lat' dir='ltr'><strong>laetor</strong></span> <span class='ocrx_word' id='word_1_381' title='bbox 1381 5348 1622 5402; x_wconf 88' lang='lat' dir='ltr'><strong>inveniet</strong></span> <span class='ocrx_word' id='word_1_382' title='bbox 1647 5349 1789 5417; x_wconf 86' lang='lat' dir='ltr'><strong>apud</strong></span> 
     </span>
    </p>
   </div>
   <div class='ocr_carea' id='block_1_59' title="bbox 207 5437 1794 5511">
    <p class='ocr_par' dir='ltr' id='par_1_59' title="bbox 207 5437 1794 5511">
     <span class='ocr_line' id='line_1_59' title="bbox 207 5437 1794 5511; baseline 0.001 -20"><span class='ocrx_word' id='word_1_383' title='bbox 207 5437 551 5491; x_wconf 80' lang='lat' dir='ltr'><strong>Bollandum</strong></span> <span class='ocrx_word' id='word_1_384' title='bbox 599 5450 846 5492; x_wconf 86' lang='lat' dir='ltr'><strong>nostrum</strong></span> <span class='ocrx_word' id='word_1_385' title='bbox 906 5440 959 5492; x_wconf 90' lang='lat' dir='ltr'><strong>in</strong></span> <span class='ocrx_word' id='word_1_386' title='bbox 1009 5440 1328 5495; x_wconf 73' lang='lat' dir='ltr'><strong>l’raefationc</strong></span> <span class='ocrx_word' id='word_1_387' title='bbox 1374 5456 1500 5511; x_wconf 81' lang='lat' dir='ltr'><strong>gen.</strong></span> <span class='ocrx_word' id='word_1_388' title='bbox 1540 5442 1603 5493; x_wconf 90' lang='lat' dir='ltr'><strong>ad</strong></span> <span class='ocrx_word' id='word_1_389' title='bbox 1646 5442 1794 5496; x_wconf 80' lang='lat' dir='ltr'><strong>Vitas</strong></span> 
     </span>
    </p>
   </div>
   <div class='ocr_carea' id='block_1_60' title="bbox 208 5532 1792 5601">
    <p class='ocr_par' dir='ltr' id='par_1_60' title="bbox 208 5532 1792 5601">
     <span class='ocr_line' id='line_1_60' title="bbox 208 5532 1792 5601; baseline 0 -14"><span class='ocrx_word' id='word_1_390' title='bbox 208 5541 569 5591; x_wconf 80' lang='lat' dir='ltr'><strong>sanctorum,</strong></span> <span class='ocrx_word' id='word_1_391' title='bbox 603 5545 722 5597; x_wconf 89' lang='lat' dir='ltr'><strong>cap.</strong></span> <span class='ocrx_word' id='word_1_392' title='bbox 753 5534 801 5593; x_wconf 88' lang='lat' dir='ltr'><strong>l,</strong></span> <span class='ocrx_word' id='word_1_393' title='bbox 835 5534 860 5601; x_wconf 57' lang='grc' dir='ltr'>ᾗ</span> <span class='ocrx_word' id='word_1_394' title='bbox 892 5532 945 5597; x_wconf 87' lang='grc'><strong>’5,</strong></span> <span class='ocrx_word' id='word_1_395' title='bbox 976 5543 1033 5587; x_wconf 92' lang='lat' dir='ltr'><strong>et</strong></span> <span class='ocrx_word' id='word_1_396' title='bbox 1066 5534 1241 5587; x_wconf 82' lang='lat' dir='ltr'><strong>fusius</strong></span> <span class='ocrx_word' id='word_1_397' title='bbox 1268 5534 1409 5601; x_wconf 87' lang='lat' dir='ltr'><strong>apud</strong></span> <span class='ocrx_word' id='word_1_398' title='bbox 1438 5534 1691 5587; x_wconf 86' lang='lat' dir='ltr'><strong>Allatium</strong></span> <span class='ocrx_word' id='word_1_399' title='bbox 1738 5536 1792 5587; x_wconf 92' lang='lat' dir='ltr'><strong>in</strong></span> 
     </span>
    </p>
   </div>
   <div class='ocr_carea' id='block_1_61' title="bbox 210 5624 1792 5699">
    <p class='ocr_par' dir='ltr' id='par_1_61' title="bbox 210 5624 1792 5699">
     <span class='ocr_line' id='line_1_61' title="bbox 210 5624 1792 5699; baseline 0.001 -19"><span class='ocrx_word' id='word_1_400' title='bbox 210 5624 468 5680; x_wconf 80' lang='lat' dir='ltr'><strong>Diatriba</strong></span> <span class='ocrx_word' id='word_1_401' title='bbox 508 5625 789 5693; x_wconf 65' lang='lat' dir='ltr'><strong>praedicta.</strong></span> <span class='ocrx_word' id='word_1_402' title='bbox 825 5627 1082 5681; x_wconf 67' lang='lat' dir='ltr'><strong>Nostrum</strong></span> <span class='ocrx_word' id='word_1_403' title='bbox 1104 5642 1233 5681; x_wconf 92' lang='lat' dir='ltr'><strong>vero</strong></span> <span class='ocrx_word' id='word_1_404' title='bbox 1265 5639 1541 5682; x_wconf 88' lang='lat' dir='ltr'><strong>auctorem</strong></span> <span class='ocrx_word' id='word_1_405' title='bbox 1574 5631 1792 5699; x_wconf 69' lang='lat' dir='ltr'><strong>conspi~</strong></span> 
     </span>
    </p>
   </div>
   <div class='ocr_carea' id='block_1_62' title="bbox 209 5717 1795 5787">
    <p class='ocr_par' dir='ltr' id='par_1_62' title="bbox 209 5717 1795 5787">
     <span class='ocr_line' id='line_1_62' title="bbox 209 5717 1795 5787; baseline 0.002 -16"><span class='ocrx_word' id='word_1_406' title='bbox 209 5734 341 5776; x_wconf 74' lang='lat' dir='ltr'><strong>cna:</strong></span> <span class='ocrx_word' id='word_1_407' title='bbox 382 5718 548 5770; x_wconf 86' lang='lat' dir='ltr'><strong>fuisse</strong></span> <span class='ocrx_word' id='word_1_408' title='bbox 579 5717 632 5769; x_wconf 90' lang='lat' dir='ltr'><strong>in</strong></span> <span class='ocrx_word' id='word_1_409' title='bbox 662 5717 939 5786; x_wconf 87' lang='lat' dir='ltr'><strong>republica</strong></span> <span class='ocrx_word' id='word_1_410' title='bbox 979 5720 1279 5787; x_wconf 85' lang='lat' dir='ltr'><strong>dignitatis,</strong></span> <span class='ocrx_word' id='word_1_411' title='bbox 1316 5735 1381 5780; x_wconf 82' lang='lat' dir='ltr'><strong>ex</strong></span> <span class='ocrx_word' id='word_1_412' title='bbox 1417 5738 1481 5774; x_wconf 93' lang='lat' dir='ltr'><strong>eo</strong></span> <span class='ocrx_word' id='word_1_413' title='bbox 1512 5722 1638 5775; x_wconf 92' lang='lat' dir='ltr'><strong>licet</strong></span> <span class='ocrx_word' id='word_1_414' title='bbox 1666 5737 1795 5774; x_wconf 90' lang='lat' dir='ltr'><strong>con-</strong></span> 
     </span>
    </p>
   </div>
   <div class='ocr_carea' id='block_1_63' title="bbox 204 5808 1790 5879">
    <p class='ocr_par' dir='ltr' id='par_1_63' title="bbox 204 5808 1790 5879">
     <span class='ocr_line' id='line_1_63' title="bbox 204 5808 1790 5879; baseline 0.004 -17"><span class='ocrx_word' id='word_1_415' title='bbox 204 5813 413 5879; x_wconf 79' lang='lat' dir='ltr'><strong>jicere,</strong></span> <span class='ocrx_word' id='word_1_416' title='bbox 447 5808 595 5876; x_wconf 88' lang='lat' dir='ltr'><strong>quod</strong></span> <span class='ocrx_word' id='word_1_417' title='bbox 637 5808 687 5861; x_wconf 85' lang='lat' dir='ltr'><strong>iu</strong></span> <span class='ocrx_word' id='word_1_418' title='bbox 722 5808 837 5862; x_wconf 85' lang='lat' dir='ltr'><strong>Vita</strong></span> <span class='ocrx_word' id='word_1_419' title='bbox 884 5824 1035 5864; x_wconf 91' lang='lat' dir='ltr'><strong>num.</strong></span> <span class='ocrx_word' id='word_1_420' title='bbox 1085 5810 1151 5863; x_wconf 74' lang='grc'>12</span> <span class='ocrx_word' id='word_1_421' title='bbox 1196 5820 1401 5864; x_wconf 88' lang='lat' dir='ltr'><strong>asserat</strong></span> <span class='ocrx_word' id='word_1_422' title='bbox 1460 5826 1516 5865; x_wconf 90' lang='lat' dir='ltr'><strong>se</strong></span> <span class='ocrx_word' id='word_1_423' title='bbox 1556 5814 1790 5868; x_wconf 81' lang='lat' dir='ltr'><strong>amicum</strong></span> 
     </span>
    </p>
   </div>
   <div class='ocr_carea' id='block_1_64' title="bbox 1789 3184 1832 3240">
    <p class='ocr_par' dir='ltr' id='par_1_64' title="bbox 1789 3184 1832 3240">
     <span class='ocr_line' id='line_1_64' title="bbox 1789 3184 1832 3240; baseline 0 0"><span class='ocrx_word' id='word_1_424' title='bbox 1789 3184 1832 3240; x_wconf 87' lang='lat' dir='ltr'><strong>C</strong></span> 
     </span>
    </p>
   </div>
   <div class='ocr_carea' id='block_1_65' title="bbox 1860 554 3430 630">
    <p class='ocr_par' dir='ltr' id='par_1_65' title="bbox 1860 554 3430 630">
     <span class='ocr_line' id='line_1_65' title="bbox 1860 554 3430 630; baseline -0.006 -14"><span class='ocrx_word' id='word_1_425' title='bbox 1860 561 2122 630; x_wconf 83' lang='lat' dir='ltr'><strong>dignitate</strong></span> <span class='ocrx_word' id='word_1_426' title='bbox 2149 558 2471 621; x_wconf 88' lang='lat' dir='ltr'><strong>constituto,</strong></span> <span class='ocrx_word' id='word_1_427' title='bbox 2504 554 2669 609; x_wconf 88' lang='lat' dir='ltr'><strong>Leoni</strong></span> <span class='ocrx_word' id='word_1_428' title='bbox 2704 555 2934 616; x_wconf 88' lang='lat' dir='ltr'><strong>scilicet,</strong></span> <span class='ocrx_word' id='word_1_429' title='bbox 2975 554 3033 606; x_wconf 83' lang='grc' dir='ltr'>ὃν</span> <span class='ocrx_word' id='word_1_430' title='bbox 3073 554 3101 604; x_wconf 86' lang='grc' dir='ltr'>ὁ</span> <span class='ocrx_word' id='word_1_431' title='bbox 3130 554 3430 626; x_wconf 76' lang='grc' dir='ltr'>πατρικὶων</span> 
     </span>
    </p>
   </div>
   <div class='ocr_carea' id='block_1_66' title="bbox 1860 647 3428 719">
    <p class='ocr_par' dir='ltr' id='par_1_66' title="bbox 1860 647 3428 719">
     <span class='ocr_line' id='line_1_66' title="bbox 1860 647 3428 719; baseline -0.005 -14"><span class='ocrx_word' id='word_1_432' title='bbox 1860 670 1920 705; x_wconf 86' lang='grc' dir='ltr'><strong>τε</strong></span> <span class='ocrx_word' id='word_1_433' title='bbox 1976 653 2069 704; x_wconf 74' lang='grc' dir='ltr'>καὶ</span> <span class='ocrx_word' id='word_1_434' title='bbox 2117 649 2491 719; x_wconf 79' lang='grc' dir='ltr'>πραιποσὶτων</span> <span class='ocrx_word' id='word_1_435' title='bbox 2537 647 2648 717; x_wconf 70' lang='grc' dir='ltr'>εἶχε</span> <span class='ocrx_word' id='word_1_436' title='bbox 2696 648 2873 717; x_wconf 73' lang='grc' dir='ltr'>χορδς,</span> <span class='ocrx_word' id='word_1_437' title='bbox 2920 649 3013 699; x_wconf 65' lang='grc' dir='ltr'><strong>καὶ</strong></span> <span class='ocrx_word' id='word_1_438' title='bbox 3083 647 3139 707; x_wconf 80' lang='grc' dir='ltr'><strong>ὃς</strong></span> <span class='ocrx_word' id='word_1_439' title='bbox 3196 647 3428 715; x_wconf 71' lang='grc' dir='ltr'>μετῆλθε</span> 
     </span>
    </p>
   </div>
   <div class='ocr_carea' id='block_1_67' title="bbox 1865 738 3430 813">
    <p class='ocr_par' dir='ltr' id='par_1_67' title="bbox 1865 738 3430 813">
     <span class='ocr_line' id='line_1_67' title="bbox 1865 738 3430 813; baseline -0.004 -18"><span class='ocrx_word' id='word_1_440' title='bbox 1865 745 1964 813; x_wconf 81' lang='grc' dir='ltr'><strong>μὲν</strong></span> <span class='ocrx_word' id='word_1_441' title='bbox 1996 743 2093 810; x_wconf 76' lang='grc' dir='ltr'><strong>τὴν</strong></span> <span class='ocrx_word' id='word_1_442' title='bbox 2129 740 2220 793; x_wconf 76' lang='grc' dir='ltr'>τοῦ</span> <span class='ocrx_word' id='word_1_443' title='bbox 2269 738 2638 809; x_wconf 78' lang='grc' dir='ltr'>Δρουγγαρίου</span> <span class='ocrx_word' id='word_1_444' title='bbox 2685 738 2781 808; x_wconf 76' lang='grc' dir='ltr'><strong>τὴν</strong></span> <span class='ocrx_word' id='word_1_445' title='bbox 2825 739 2931 790; x_wconf 69' lang='grc' dir='ltr'><strong>τῶν</strong></span> <span class='ocrx_word' id='word_1_446' title='bbox 2964 740 3245 806; x_wconf 69' lang='grc' dir='ltr'>πλωῖμων,</span> <span class='ocrx_word' id='word_1_447' title='bbox 3303 756 3430 807; x_wconf 84' lang='grc' dir='ltr'>μετ-</span> 
     </span>
    </p>
   </div>
   <div class='ocr_carea' id='block_1_68' title="bbox 1862 830 3429 905">
    <p class='ocr_par' dir='ltr' id='par_1_68' title="bbox 1862 830 3429 905">
     <span class='ocr_line' id='line_1_68' title="bbox 1862 830 3429 905; baseline -0.003 -20"><span class='ocrx_word' id='word_1_448' title='bbox 1862 836 1988 905; x_wconf 74' lang='grc' dir='ltr'>ῆλθε</span> <span class='ocrx_word' id='word_1_449' title='bbox 2044 835 2097 886; x_wconf 84' lang='grc' dir='ltr'>δὲ</span> <span class='ocrx_word' id='word_1_450' title='bbox 2147 834 2239 886; x_wconf 74' lang='grc' dir='ltr'><strong>καὶ</strong></span> <span class='ocrx_word' id='word_1_451' title='bbox 2287 833 2383 902; x_wconf 79' lang='grc' dir='ltr'>τὴν</span> <span class='ocrx_word' id='word_1_452' title='bbox 2440 831 2532 883; x_wconf 76' lang='grc' dir='ltr'>τοῦ</span> <span class='ocrx_word' id='word_1_453' title='bbox 2591 830 2888 897; x_wconf 75' lang='grc' dir='ltr'>Λογοθέτου</span> <span class='ocrx_word' id='word_1_454' title='bbox 2935 830 3026 882; x_wconf 74' lang='grc' dir='ltr'>τοῦ</span> <span class='ocrx_word' id='word_1_455' title='bbox 3082 830 3291 898; x_wconf 73' lang='grc' dir='ltr'>Δρόμου</span> <span class='ocrx_word' id='word_1_456' title='bbox 3331 830 3429 898; x_wconf 82' lang='grc' dir='ltr'>ἁρ-</span> 
     </span>
    </p>
   </div>
   <div class='ocr_carea' id='block_1_69' title="bbox 1864 922 3431 1000">
    <p class='ocr_par' dir='ltr' id='par_1_69' title="bbox 1864 922 3431 1000">
     <span class='ocr_line' id='line_1_69' title="bbox 1864 922 3431 1000; baseline -0.005 -20"><span class='ocrx_word' id='word_1_457' title='bbox 1864 931 1987 1000; x_wconf 83' lang='grc' dir='ltr'><strong>χὴν,</strong></span> <span class='ocrx_word' id='word_1_458' title='bbox 2037 949 2054 979; x_wconf 86' lang='grc'><strong>‹</strong></span> <span class='ocrx_word' id='word_1_459' title='bbox 2085 928 2175 996; x_wconf 87' lang='lat' dir='ltr'><strong>qui</strong></span> <span class='ocrx_word' id='word_1_460' title='bbox 2219 926 2271 979; x_wconf 91' lang='lat' dir='ltr'><strong>in</strong></span> <span class='ocrx_word' id='word_1_461' title='bbox 2316 923 2673 994; x_wconf 89' lang='lat' dir='ltr'><strong>patriciorum</strong></span> <span class='ocrx_word' id='word_1_462' title='bbox 2710 923 3235 992; x_wconf 73' lang='lat' dir='ltr'><strong>prmpositorumque</strong></span> <span class='ocrx_word' id='word_1_463' title='bbox 3281 922 3431 973; x_wconf 75' lang='lat' dir='ltr'><strong>orili-</strong></span> 
     </span>
    </p>
   </div>
   <div class='ocr_carea' id='block_1_70' title="bbox 1862 1015 3429 1085">
    <p class='ocr_par' dir='ltr' id='par_1_70' title="bbox 1862 1015 3429 1085">
     <span class='ocr_line' id='line_1_70' title="bbox 1862 1015 3429 1085; baseline -0.005 -10"><span class='ocrx_word' id='word_1_464' title='bbox 1862 1038 1991 1075; x_wconf 86' lang='lat' dir='ltr'><strong>nem</strong></span> <span class='ocrx_word' id='word_1_465' title='bbox 2014 1022 2220 1074; x_wconf 87' lang='lat' dir='ltr'><strong>relatus</strong></span> <span class='ocrx_word' id='word_1_466' title='bbox 2247 1017 2369 1079; x_wconf 91' lang='lat' dir='ltr'><strong>fuit,</strong></span> <span class='ocrx_word' id='word_1_467' title='bbox 2402 1016 2604 1085; x_wconf 88' lang='lat' dir='ltr'><strong>quique</strong></span> <span class='ocrx_word' id='word_1_468' title='bbox 2633 1016 2708 1067; x_wconf 92' lang='lat' dir='ltr'><strong>rei</strong></span> <span class='ocrx_word' id='word_1_469' title='bbox 2745 1016 3029 1069; x_wconf 67' lang='lat' dir='ltr'><strong>maritimae</strong></span> <span class='ocrx_word' id='word_1_470' title='bbox 3056 1015 3429 1082; x_wconf 62' lang='lat' dir='ltr'><strong>praefecturam</strong></span> 
     </span>
    </p>
   </div>
   <div class='ocr_carea' id='block_1_71' title="bbox 1860 1108 3424 1181">
    <p class='ocr_par' dir='ltr' id='par_1_71' title="bbox 1860 1108 3424 1181">
     <span class='ocr_line' id='line_1_71' title="bbox 1860 1108 3424 1181; baseline -0.006 -14"><span class='ocrx_word' id='word_1_471' title='bbox 1860 1128 1928 1167; x_wconf 88' lang='lat' dir='ltr'><strong>ac</strong></span> <span class='ocrx_word' id='word_1_472' title='bbox 1967 1112 2281 1181; x_wconf 76' lang='lat' dir='ltr'><strong>Logotbetae</strong></span> <span class='ocrx_word' id='word_1_473' title='bbox 2302 1110 2510 1164; x_wconf 89' lang='lat' dir='ltr'><strong>Cursus</strong></span> <span class='ocrx_word' id='word_1_474' title='bbox 2534 1108 2748 1177; x_wconf 87' lang='lat' dir='ltr'><strong>publice</strong></span> <span class='ocrx_word' id='word_1_475' title='bbox 2782 1108 3161 1177; x_wconf 79' lang='lat' dir='ltr'><strong>magistratum</strong></span> <span class='ocrx_word' id='word_1_476' title='bbox 3192 1110 3376 1176; x_wconf 81' lang='lat' dir='ltr'><strong>gessit,</strong></span> <span class='ocrx_word' id='word_1_477' title='bbox 3410 1128 3424 1157; x_wconf 77' lang='grc' dir='ltr'>ι</span> 
     </span>
    </p>
   </div>
   <div class='ocr_carea' id='block_1_72' title="bbox 1863 1199 3438 1275">
    <p class='ocr_par' dir='ltr' id='par_1_72' title="bbox 1863 1199 3438 1275">
     <span class='ocr_line' id='line_1_72' title="bbox 1863 1199 3438 1275; baseline -0.003 -17"><span class='ocrx_word' id='word_1_478' title='bbox 1863 1220 1985 1275; x_wconf 73' lang='lat' dir='ltr'><strong>qua:</strong></span> <span class='ocrx_word' id='word_1_479' title='bbox 2020 1214 2149 1257; x_wconf 91' lang='lat' dir='ltr'><strong>sunt</strong></span> <span class='ocrx_word' id='word_1_480' title='bbox 2178 1204 2319 1256; x_wconf 91' lang='lat' dir='ltr'><strong>inter</strong></span> <span class='ocrx_word' id='word_1_481' title='bbox 2351 1216 2605 1269; x_wconf 89' lang='lat' dir='ltr'><strong>suprema</strong></span> <span class='ocrx_word' id='word_1_482' title='bbox 2645 1200 2957 1270; x_wconf 74' lang='lat' dir='ltr'><strong>reipublicm</strong></span> <span class='ocrx_word' id='word_1_483' title='bbox 2978 1199 3438 1268; x_wconf 76' lang='lat' dir='ltr'><strong>Constantinopo~</strong></span> 
     </span>
    </p>
   </div>
   <div class='ocr_carea' id='block_1_73' title="bbox 1863 1298 2322 1352">
    <p class='ocr_par' dir='ltr' id='par_1_73' title="bbox 1863 1298 2322 1352">
     <span class='ocr_line' id='line_1_73' title="bbox 1863 1298 2322 1352; baseline 0 -1"><span class='ocrx_word' id='word_1_484' title='bbox 1863 1298 2042 1352; x_wconf 68' lang='lat' dir='ltr'><strong>litanze</strong></span> <span class='ocrx_word' id='word_1_485' title='bbox 2072 1309 2322 1351; x_wconf 88' lang='lat' dir='ltr'><strong>munera.</strong></span> 
     </span>
    </p>
   </div>
   <div class='ocr_carea' id='block_1_74' title="bbox 1933 1427 3433 1497">
    <p class='ocr_par' dir='ltr' id='par_1_74' title="bbox 1933 1427 3433 1497">
     <span class='ocr_line' id='line_1_74' title="bbox 1933 1427 3433 1497; baseline -0.002 -13"><span class='ocrx_word' id='word_1_486' title='bbox 1933 1431 1987 1484; x_wconf 86' lang='lat'><strong>6.</strong></span> <span class='ocrx_word' id='word_1_487' title='bbox 2015 1429 2149 1484; x_wconf 86' lang='lat' dir='ltr'><strong>Cum</strong></span> <span class='ocrx_word' id='word_1_488' title='bbox 2180 1444 2311 1483; x_wconf 89' lang='lat' dir='ltr'><strong>vero</strong></span> <span class='ocrx_word' id='word_1_489' title='bbox 2356 1429 2495 1482; x_wconf 87' lang='lat' dir='ltr'><strong>alius</strong></span> <span class='ocrx_word' id='word_1_490' title='bbox 2548 1428 2769 1497; x_wconf 79' lang='lat' dir='ltr'><strong>quidam</strong></span> <span class='ocrx_word' id='word_1_491' title='bbox 2818 1427 2943 1485; x_wconf 87' lang='lat' dir='ltr'><strong>Leo.</strong></span> <span class='ocrx_word' id='word_1_492' title='bbox 2984 1427 3075 1497; x_wconf 88' lang='lat' dir='ltr'><strong>qui</strong></span> <span class='ocrx_word' id='word_1_493' title='bbox 3111 1428 3306 1482; x_wconf 86' lang='lat' dir='ltr'><strong>Leonis</strong></span> <span class='ocrx_word' id='word_1_494' title='bbox 3344 1444 3433 1497; x_wconf 89' lang='lat' dir='ltr'><strong>pa-</strong></span> 
     </span>
    </p>
   </div>
   <div class='ocr_carea' id='block_1_75' title="bbox 1868 1522 3440 1591">
    <p class='ocr_par' dir='ltr' id='par_1_75' title="bbox 1868 1522 3440 1591">
     <span class='ocr_line' id='line_1_75' title="bbox 1868 1522 3440 1591; baseline 0.001 -16"><span class='ocrx_word' id='word_1_495' title='bbox 1868 1522 2010 1576; x_wconf 89' lang='lat' dir='ltr'><strong>tricii</strong></span> <span class='ocrx_word' id='word_1_496' title='bbox 2051 1524 2356 1577; x_wconf 89' lang='lat' dir='ltr'><strong>ministerio</strong></span> <span class='ocrx_word' id='word_1_497' title='bbox 2395 1523 2641 1585; x_wconf 83' lang='lat' dir='ltr'><strong>suberat,</strong></span> <span class='ocrx_word' id='word_1_498' title='bbox 2669 1522 2873 1591; x_wconf 87' lang='lat' dir='ltr'><strong>quique</strong></span> <span class='ocrx_word' id='word_1_499' title='bbox 2910 1531 3027 1575; x_wconf 86' lang='lat' dir='ltr'><strong>erat</strong></span> <span class='ocrx_word' id='word_1_500' title='bbox 3060 1526 3440 1591; x_wconf 82' lang='lat' dir='ltr'><strong>protospatlia-</strong></span> 
     </span>
    </p>
   </div>
   <div class='ocr_carea' id='block_1_76' title="bbox 1867 1616 3439 1685">
    <p class='ocr_par' dir='ltr' id='par_1_76' title="bbox 1867 1616 3439 1685">
     <span class='ocr_line' id='line_1_76' title="bbox 1867 1616 3439 1685; baseline -0.001 -16"><span class='ocrx_word' id='word_1_501' title='bbox 1867 1617 1979 1669; x_wconf 90' lang='lat' dir='ltr'><strong>rius</strong></span> <span class='ocrx_word' id='word_1_502' title='bbox 2016 1616 2090 1685; x_wconf 91' lang='lat' dir='ltr'><strong>(id</strong></span> <span class='ocrx_word' id='word_1_503' title='bbox 2120 1626 2203 1669; x_wconf 90' lang='lat' dir='ltr'><strong>est</strong></span> <span class='ocrx_word' id='word_1_504' title='bbox 2239 1618 2494 1683; x_wconf 89' lang='lat' dir='ltr'><strong>princeps</strong></span> <span class='ocrx_word' id='word_1_505' title='bbox 2525 1631 2713 1669; x_wconf 91' lang='lat' dir='ltr'><strong>eorum</strong></span> <span class='ocrx_word' id='word_1_506' title='bbox 2743 1616 2833 1684; x_wconf 91' lang='lat' dir='ltr'><strong>qui</strong></span> <span class='ocrx_word' id='word_1_507' title='bbox 2867 1616 2932 1668; x_wconf 87' lang='lat' dir='ltr'><strong>ad</strong></span> <span class='ocrx_word' id='word_1_508' title='bbox 2963 1616 3210 1685; x_wconf 85' lang='lat' dir='ltr'><strong>corporis</strong></span> <span class='ocrx_word' id='word_1_509' title='bbox 3257 1624 3439 1668; x_wconf 89' lang='lat' dir='ltr'><strong>custo-</strong></span> 
     </span>
    </p>
   </div>
   <div class='ocr_carea' id='block_1_77' title="bbox 1869 1708 3434 1778">
    <p class='ocr_par' dir='ltr' id='par_1_77' title="bbox 1869 1708 3434 1778">
     <span class='ocr_line' id='line_1_77' title="bbox 1869 1708 3434 1778; baseline 0 -17"><span class='ocrx_word' id='word_1_510' title='bbox 1869 1709 2011 1761; x_wconf 89' lang='lat' dir='ltr'><strong>diam</strong></span> <span class='ocrx_word' id='word_1_511' title='bbox 2048 1718 2206 1763; x_wconf 90' lang='lat' dir='ltr'><strong>erant</strong></span> <span class='ocrx_word' id='word_1_512' title='bbox 2248 1709 2515 1778; x_wconf 80' lang='lat' dir='ltr'><strong>deputati)</strong></span> <span class='ocrx_word' id='word_1_513' title='bbox 2564 1708 2772 1767; x_wconf 84' lang='lat' dir='ltr'><strong>domini</strong></span> <span class='ocrx_word' id='word_1_514' title='bbox 2807 1709 2889 1761; x_wconf 91' lang='lat' dir='ltr'><strong>sui</strong></span> <span class='ocrx_word' id='word_1_515' title='bbox 2923 1710 3091 1777; x_wconf 84' lang='lat' dir='ltr'><strong>gratia</strong></span> <span class='ocrx_word' id='word_1_516' title='bbox 3134 1725 3194 1763; x_wconf 89' lang='lat' dir='ltr'><strong>ac</strong></span> <span class='ocrx_word' id='word_1_517' title='bbox 3229 1709 3434 1773; x_wconf 81' lang='lat' dir='ltr'><strong>favore,</strong></span> 
     </span>
    </p>
   </div>
   <div class='ocr_carea' id='block_1_78' title="bbox 1868 1801 3438 1871">
    <p class='ocr_par' dir='ltr' id='par_1_78' title="bbox 1868 1801 3438 1871">
     <span class='ocr_line' id='line_1_78' title="bbox 1868 1801 3438 1871; baseline -0.003 -13"><span class='ocrx_word' id='word_1_518' title='bbox 1868 1818 2028 1871; x_wconf 85' lang='lat' dir='ltr'><strong>quam</strong></span> <span class='ocrx_word' id='word_1_519' title='bbox 2063 1803 2131 1855; x_wconf 86' lang='lat' dir='ltr'><strong>ob</strong></span> <span class='ocrx_word' id='word_1_520' title='bbox 2157 1817 2372 1855; x_wconf 82' lang='lat' dir='ltr'><strong>causam</strong></span> <span class='ocrx_word' id='word_1_521' title='bbox 2407 1802 2614 1862; x_wconf 90' lang='lat' dir='ltr'><strong>nescio,</strong></span> <span class='ocrx_word' id='word_1_522' title='bbox 2649 1801 2960 1860; x_wconf 81' lang='lat' dir='ltr'><strong>excidisset,</strong></span> <span class='ocrx_word' id='word_1_523' title='bbox 3003 1802 3294 1871; x_wconf 87' lang='lat' dir='ltr'><strong>nullusque</strong></span> <span class='ocrx_word' id='word_1_524' title='bbox 3342 1820 3438 1871; x_wconf 86' lang='lat' dir='ltr'><strong>pro</strong></span> 
     </span>
    </p>
   </div>
   <div class='ocr_carea' id='block_1_79' title="bbox 1863 1894 3437 1965">
    <p class='ocr_par' dir='ltr' id='par_1_79' title="bbox 1863 1894 3437 1965">
     <span class='ocr_line' id='line_1_79' title="bbox 1863 1894 3437 1965; baseline 0.001 -18"><span class='ocrx_word' id='word_1_525' title='bbox 1863 1896 2062 1947; x_wconf 78' lang='lat' dir='ltr'><strong>misero</strong></span> <span class='ocrx_word' id='word_1_526' title='bbox 2128 1896 2469 1949; x_wconf 84' lang='lat' dir='ltr'><strong>intercedere</strong></span> <span class='ocrx_word' id='word_1_527' title='bbox 2504 1895 2752 1956; x_wconf 86' lang='lat' dir='ltr'><strong>auderet,</strong></span> <span class='ocrx_word' id='word_1_528' title='bbox 2792 1895 2938 1965; x_wconf 90' lang='lat' dir='ltr'><strong>quod</strong></span> <span class='ocrx_word' id='word_1_529' title='bbox 2972 1894 3209 1948; x_wconf 80' lang='lat' dir='ltr'><strong>difficilis</strong></span> <span class='ocrx_word' id='word_1_530' title='bbox 3243 1897 3307 1948; x_wconf 80' lang='lat' dir='ltr'><strong>ad</strong></span> <span class='ocrx_word' id='word_1_531' title='bbox 3344 1911 3437 1965; x_wconf 89' lang='lat' dir='ltr'><strong>pa-</strong></span> 
     </span>
    </p>
   </div>
   <div class='ocr_carea' id='block_1_80' title="bbox 1862 1987 3437 2057">
    <p class='ocr_par' dir='ltr' id='par_1_80' title="bbox 1862 1987 3437 2057">
     <span class='ocr_line' id='line_1_80' title="bbox 1862 1987 3437 2057; baseline 0 -17"><span class='ocrx_word' id='word_1_532' title='bbox 1862 1987 2079 2041; x_wconf 88' lang='lat' dir='ltr'><strong>tricium</strong></span> <span class='ocrx_word' id='word_1_533' title='bbox 2114 1997 2322 2057; x_wconf 89' lang='lat' dir='ltr'><strong>pateret</strong></span> <span class='ocrx_word' id='word_1_534' title='bbox 2348 1988 2548 2049; x_wconf 88' lang='lat' dir='ltr'><strong>aditus,</strong></span> <span class='ocrx_word' id='word_1_535' title='bbox 2599 1998 2653 2041; x_wconf 89' lang='lat' dir='ltr'><strong>et</strong></span> <span class='ocrx_word' id='word_1_536' title='bbox 2682 2003 2842 2056; x_wconf 91' lang='lat' dir='ltr'><strong>asper</strong></span> <span class='ocrx_word' id='word_1_537' title='bbox 2892 1996 3036 2041; x_wconf 86' lang='lat' dir='ltr'><strong>esset</strong></span> <span class='ocrx_word' id='word_1_538' title='bbox 3072 1988 3123 2040; x_wconf 88' lang='lat' dir='ltr'><strong>in</strong></span> <span class='ocrx_word' id='word_1_539' title='bbox 3163 1989 3437 2040; x_wconf 85' lang='lat' dir='ltr'><strong>sermonis</strong></span> 
     </span>
    </p>
   </div>
   <div class='ocr_carea' id='block_1_81' title="bbox 1861 2080 3437 2150">
    <p class='ocr_par' dir='ltr' id='par_1_81' title="bbox 1861 2080 3437 2150">
     <span class='ocr_line' id='line_1_81' title="bbox 1861 2080 3437 2150; baseline -0.001 -17"><span class='ocrx_word' id='word_1_540' title='bbox 1861 2096 2179 2149; x_wconf 85' lang='lat' dir='ltr'><strong>congressu,</strong></span> <span class='ocrx_word' id='word_1_541' title='bbox 2196 2080 2499 2150; x_wconf 72' lang='lat' dir='ltr'><strong>prtesertim</strong></span> <span class='ocrx_word' id='word_1_542' title='bbox 2517 2080 2904 2134; x_wconf 82' lang='lat' dir='ltr'><strong>interfamulos</strong></span> <span class='ocrx_word' id='word_1_543' title='bbox 2921 2098 2937 2145; x_wconf 93' lang='lat'><strong>;</strong></span> <span class='ocrx_word' id='word_1_544' title='bbox 2956 2081 3107 2135; x_wconf 88' lang='lat' dir='ltr'><strong>solus</strong></span> <span class='ocrx_word' id='word_1_545' title='bbox 3122 2080 3285 2149; x_wconf 81' lang='lat' dir='ltr'><strong>hujus</strong></span> <span class='ocrx_word' id='word_1_546' title='bbox 3303 2081 3437 2134; x_wconf 66' lang='lat' dir='ltr'><strong>Vita».</strong></span> 
     </span>
    </p>
   </div>
   <div class='ocr_carea' id='block_1_82' title="bbox 1861 2170 3436 2240">
    <p class='ocr_par' dir='ltr' id='par_1_82' title="bbox 1861 2170 3436 2240">
     <span class='ocr_line' id='line_1_82' title="bbox 1861 2170 3436 2240; baseline 0.001 -18"><span class='ocrx_word' id='word_1_547' title='bbox 1861 2180 2071 2234; x_wconf 91' lang='lat' dir='ltr'><strong>auctor,</strong></span> <span class='ocrx_word' id='word_1_548' title='bbox 2099 2184 2196 2238; x_wconf 91' lang='lat' dir='ltr'><strong>pro</strong></span> <span class='ocrx_word' id='word_1_549' title='bbox 2222 2185 2317 2223; x_wconf 91' lang='lat' dir='ltr'><strong>sua</strong></span> <span class='ocrx_word' id='word_1_550' title='bbox 2345 2170 2553 2224; x_wconf 90' lang='lat' dir='ltr'><strong>scilicet</strong></span> <span class='ocrx_word' id='word_1_551' title='bbox 2583 2187 2686 2239; x_wconf 84' lang='lat' dir='ltr'><strong>qua</strong></span> <span class='ocrx_word' id='word_1_552' title='bbox 2712 2171 2853 2240; x_wconf 90' lang='lat' dir='ltr'><strong>apud</strong></span> <span class='ocrx_word' id='word_1_553' title='bbox 2882 2171 3116 2224; x_wconf 88' lang='lat' dir='ltr'><strong>Leonem</strong></span> <span class='ocrx_word' id='word_1_554' title='bbox 3147 2170 3436 2239; x_wconf 86' lang='lat' dir='ltr'><strong>patricium</strong></span> 
     </span>
    </p>
   </div>
   <div class='ocr_carea' id='block_1_83' title="bbox 1861 2255 3434 2328">
    <p class='ocr_par' dir='ltr' id='par_1_83' title="bbox 1861 2255 3434 2328">
     <span class='ocr_line' id='line_1_83' title="bbox 1861 2255 3434 2328; baseline 0.002 -20"><span class='ocrx_word' id='word_1_555' title='bbox 1861 2255 2099 2324; x_wconf 88' lang='lat' dir='ltr'><strong>pollebat</strong></span> <span class='ocrx_word' id='word_1_556' title='bbox 2140 2258 2472 2313; x_wconf 87' lang='lat' dir='ltr'><strong>auctoritate</strong></span> <span class='ocrx_word' id='word_1_557' title='bbox 2504 2268 2559 2312; x_wconf 92' lang='lat' dir='ltr'><strong>et</strong></span> <span class='ocrx_word' id='word_1_558' title='bbox 2589 2261 2782 2328; x_wconf 81' lang='lat' dir='ltr'><strong>gratia,</strong></span> <span class='ocrx_word' id='word_1_559' title='bbox 2823 2261 3155 2328; x_wconf 90' lang='lat' dir='ltr'><strong>pertinacem</strong></span> <span class='ocrx_word' id='word_1_560' title='bbox 3191 2260 3434 2314; x_wconf 91' lang='lat' dir='ltr'><strong>animum</strong></span> 
     </span>
    </p>
   </div>
   <div class='ocr_carea' id='block_1_84' title="bbox 1864 2351 3438 2423">
    <p class='ocr_par' dir='ltr' id='par_1_84' title="bbox 1864 2351 3438 2423">
     <span class='ocr_line' id='line_1_84' title="bbox 1864 2351 3438 2423; baseline 0.001 -20"><span class='ocrx_word' id='word_1_561' title='bbox 1864 2351 1929 2403; x_wconf 90' lang='lat' dir='ltr'><strong>ad</strong></span> <span class='ocrx_word' id='word_1_562' title='bbox 1958 2351 2357 2420; x_wconf 88' lang='lat' dir='ltr'><strong>impetrandam</strong></span> <span class='ocrx_word' id='word_1_563' title='bbox 2390 2352 2590 2405; x_wconf 89' lang='lat' dir='ltr'><strong>misero</strong></span> <span class='ocrx_word' id='word_1_564' title='bbox 2616 2352 2832 2406; x_wconf 89' lang='lat' dir='ltr'><strong>veniam</strong></span> <span class='ocrx_word' id='word_1_565' title='bbox 2877 2352 3230 2423; x_wconf 89' lang='lat' dir='ltr'><strong>interpellare</strong></span> <span class='ocrx_word' id='word_1_566' title='bbox 3272 2352 3438 2407; x_wconf 88' lang='lat' dir='ltr'><strong>susti-</strong></span> 
     </span>
    </p>
   </div>
   <div class='ocr_carea' id='block_1_85' title="bbox 1866 2441 3439 2513">
    <p class='ocr_par' dir='ltr' id='par_1_85' title="bbox 1866 2441 3439 2513">
     <span class='ocr_line' id='line_1_85' title="bbox 1866 2441 3439 2513; baseline 0.001 -20"><span class='ocrx_word' id='word_1_567' title='bbox 1866 2441 2008 2503; x_wconf 82' lang='lat' dir='ltr'><strong>nuit,</strong></span> <span class='ocrx_word' id='word_1_568' title='bbox 2044 2450 2103 2495; x_wconf 92' lang='lat' dir='ltr'><strong>ut</strong></span> <span class='ocrx_word' id='word_1_569' title='bbox 2128 2443 2360 2510; x_wconf 80' lang='lat' dir='ltr'><strong>ipsemet</strong></span> <span class='ocrx_word' id='word_1_570' title='bbox 2391 2443 2560 2497; x_wconf 89' lang='lat' dir='ltr'><strong>refert</strong></span> <span class='ocrx_word' id='word_1_571' title='bbox 2595 2444 2713 2498; x_wconf 89' lang='lat' dir='ltr'><strong>loco</strong></span> <span class='ocrx_word' id='word_1_572' title='bbox 2750 2443 3051 2513; x_wconf 66' lang='lat' dir='ltr'><strong>praecirato.</strong></span> <span class='ocrx_word' id='word_1_573' title='bbox 3083 2443 3213 2498; x_wconf 86' lang='lat' dir='ltr'><strong>Inde</strong></span> <span class='ocrx_word' id='word_1_574' title='bbox 3236 2444 3439 2499; x_wconf 86' lang='lat' dir='ltr'><strong>inferre</strong></span> 
     </span>
    </p>
   </div>
   <div class='ocr_carea' id='block_1_86' title="bbox 1868 2531 3439 2605">
    <p class='ocr_par' dir='ltr' id='par_1_86' title="bbox 1868 2531 3439 2605">
     <span class='ocr_line' id='line_1_86' title="bbox 1868 2531 3439 2605; baseline 0.005 -22"><span class='ocrx_word' id='word_1_575' title='bbox 1868 2531 1997 2585; x_wconf 91' lang='lat' dir='ltr'><strong>licet</strong></span> <span class='ocrx_word' id='word_1_576' title='bbox 2038 2534 2181 2587; x_wconf 84' lang='lat' dir='ltr'><strong>hunc</strong></span> <span class='ocrx_word' id='word_1_577' title='bbox 2224 2550 2440 2602; x_wconf 90' lang='lat' dir='ltr'><strong>quoque</strong></span> <span class='ocrx_word' id='word_1_578' title='bbox 2476 2537 2643 2588; x_wconf 86' lang='lat' dir='ltr'><strong>fuisse</strong></span> <span class='ocrx_word' id='word_1_579' title='bbox 2690 2536 2902 2588; x_wconf 77' lang='lat' dir='ltr'><strong>eximia:</strong></span> <span class='ocrx_word' id='word_1_580' title='bbox 2950 2537 3229 2605; x_wconf 80' lang='lat' dir='ltr'><strong>dignitatis</strong></span> <span class='ocrx_word' id='word_1_581' title='bbox 3272 2544 3439 2605; x_wconf 86' lang='lat' dir='ltr'><strong>atque</strong></span> 
     </span>
    </p>
   </div>
   <div class='ocr_carea' id='block_1_87' title="bbox 1866 2622 3437 2695">
    <p class='ocr_par' dir='ltr' id='par_1_87' title="bbox 1866 2622 3437 2695">
     <span class='ocr_line' id='line_1_87' title="bbox 1866 2622 3437 2695; baseline 0.001 -18"><span class='ocrx_word' id='word_1_582' title='bbox 1866 2622 2231 2686; x_wconf 86' lang='lat' dir='ltr'><strong>auctoritatis,</strong></span> <span class='ocrx_word' id='word_1_583' title='bbox 2269 2625 2603 2695; x_wconf 86' lang='lat' dir='ltr'><strong>dignumque</strong></span> <span class='ocrx_word' id='word_1_584' title='bbox 2626 2626 2719 2695; x_wconf 88' lang='lat' dir='ltr'><strong>qui</strong></span> <span class='ocrx_word' id='word_1_585' title='bbox 2757 2628 2813 2680; x_wconf 94' lang='lat' dir='ltr'><strong>in</strong></span> <span class='ocrx_word' id='word_1_586' title='bbox 2847 2628 2980 2679; x_wconf 80' lang='lat' dir='ltr'><strong>tanti</strong></span> <span class='ocrx_word' id='word_1_587' title='bbox 3009 2627 3110 2681; x_wconf 88' lang='lat' dir='ltr'><strong>viri</strong></span> <span class='ocrx_word' id='word_1_588' title='bbox 3140 2627 3437 2681; x_wconf 86' lang='lat' dir='ltr'><strong>amicitiam</strong></span> 
     </span>
    </p>
   </div>
   <div class='ocr_carea' id='block_1_88' title="bbox 1867 2714 3441 2790">
    <p class='ocr_par' dir='ltr' id='par_1_88' title="bbox 1867 2714 3441 2790">
     <span class='ocr_line' id='line_1_88' title="bbox 1867 2714 3441 2790; baseline 0.003 -21"><span class='ocrx_word' id='word_1_589' title='bbox 1867 2714 2400 2788; x_wconf 86' lang='lat' dir='ltr'><strong>familiaritatemque</strong></span> <span class='ocrx_word' id='word_1_590' title='bbox 2470 2720 2878 2775; x_wconf 88' lang='lat' dir='ltr'><strong>admitteretur.</strong></span> <span class='ocrx_word' id='word_1_591' title='bbox 2933 2720 3202 2775; x_wconf 86' lang='lat' dir='ltr'><strong>Convenit</strong></span> <span class='ocrx_word' id='word_1_592' title='bbox 3270 2722 3441 2790; x_wconf 81' lang='lat' dir='ltr'><strong>igitur</strong></span> 
     </span>
    </p>
   </div>
   <div class='ocr_carea' id='block_1_89' title="bbox 1868 2809 3438 2882">
    <p class='ocr_par' dir='ltr' id='par_1_89' title="bbox 1868 2809 3438 2882">
     <span class='ocr_line' id='line_1_89' title="bbox 1868 2809 3438 2882; baseline 0.002 -20"><span class='ocrx_word' id='word_1_593' title='bbox 1868 2809 2077 2863; x_wconf 87' lang='lat' dir='ltr'><strong>auctori</strong></span> <span class='ocrx_word' id='word_1_594' title='bbox 2111 2820 2301 2863; x_wconf 87' lang='lat' dir='ltr'><strong>nostro</strong></span> <span class='ocrx_word' id='word_1_595' title='bbox 2338 2811 2510 2880; x_wconf 72' lang='lat' dir='ltr'><strong>stylus</strong></span> <span class='ocrx_word' id='word_1_596' title='bbox 2546 2819 2602 2863; x_wconf 91' lang='lat' dir='ltr'><strong>et</strong></span> <span class='ocrx_word' id='word_1_597' title='bbox 2631 2810 2904 2864; x_wconf 79' lang='lat' dir='ltr'><strong>scribendi</strong></span> <span class='ocrx_word' id='word_1_598' title='bbox 2950 2811 3182 2865; x_wconf 87' lang='lat' dir='ltr'><strong>formula</strong></span> <span class='ocrx_word' id='word_1_599' title='bbox 3215 2813 3438 2882; x_wconf 75' lang='lat' dir='ltr'><strong>Symeo-</strong></span> 
     </span>
    </p>
   </div>
   <div class='ocr_carea' id='block_1_90' title="bbox 1871 2904 3443 2972">
    <p class='ocr_par' dir='ltr' id='par_1_90' title="bbox 1871 2904 3443 2972">
     <span class='ocr_line' id='line_1_90' title="bbox 1871 2904 3443 2972; baseline 0.002 -14"><span class='ocrx_word' id='word_1_600' title='bbox 1871 2904 1955 2958; x_wconf 83' lang='lat' dir='ltr'><strong>nis</strong></span> <span class='ocrx_word' id='word_1_601' title='bbox 1985 2905 2385 2972; x_wconf 82' lang='lat' dir='ltr'><strong>Metaphrastis,</strong></span> <span class='ocrx_word' id='word_1_602' title='bbox 2410 2904 2669 2958; x_wconf 90' lang='lat' dir='ltr'><strong>convenit</strong></span> <span class='ocrx_word' id='word_1_603' title='bbox 2703 2907 2827 2958; x_wconf 70' lang='lat' dir='ltr'><strong>vitae</strong></span> <span class='ocrx_word' id='word_1_604' title='bbox 2878 2905 3212 2969; x_wconf 80' lang='lat' dir='ltr'><strong>institutum,</strong></span> <span class='ocrx_word' id='word_1_605' title='bbox 3241 2922 3443 2961; x_wconf 84' lang='lat' dir='ltr'><strong>convc-</strong></span> 
     </span>
    </p>
   </div>
   <div class='ocr_carea' id='block_1_91' title="bbox 1872 2998 3442 3066">
    <p class='ocr_par' dir='ltr' id='par_1_91' title="bbox 1872 2998 3442 3066">
     <span class='ocr_line' id='line_1_91' title="bbox 1872 2998 3442 3066; baseline 0.001 -14"><span class='ocrx_word' id='word_1_606' title='bbox 1872 2998 1953 3052; x_wconf 89' lang='lat' dir='ltr'><strong>nit</strong></span> <span class='ocrx_word' id='word_1_607' title='bbox 2022 3000 2298 3066; x_wconf 84' lang='lat' dir='ltr'><strong>dignitas;</strong></span> <span class='ocrx_word' id='word_1_608' title='bbox 2354 3014 2500 3051; x_wconf 84' lang='lat' dir='ltr'><strong>nunc</strong></span> <span class='ocrx_word' id='word_1_609' title='bbox 2550 3009 2817 3064; x_wconf 85' lang='lat' dir='ltr'><strong>superest,</strong></span> <span class='ocrx_word' id='word_1_610' title='bbox 2873 3007 3055 3050; x_wconf 86' lang='lat' dir='ltr'><strong>utrum</strong></span> <span class='ocrx_word' id='word_1_611' title='bbox 3107 3015 3228 3052; x_wconf 91' lang='lat' dir='ltr'><strong>cum</strong></span> <span class='ocrx_word' id='word_1_612' title='bbox 3282 3009 3442 3055; x_wconf 78' lang='lat' dir='ltr'><strong>aetate</strong></span> 
     </span>
    </p>
   </div>
   <div class='ocr_carea' id='block_1_92' title="bbox 1872 3091 3018 3162">
    <p class='ocr_par' dir='ltr' id='par_1_92' title="bbox 1872 3091 3018 3162">
     <span class='ocr_line' id='line_1_92' title="bbox 1872 3091 3018 3162; baseline -0.003 -15"><span class='ocrx_word' id='word_1_613' title='bbox 1872 3092 2115 3162; x_wconf 82' lang='lat' dir='ltr'><strong>ejusdem</strong></span> <span class='ocrx_word' id='word_1_614' title='bbox 2148 3092 2442 3145; x_wconf 86' lang='lat' dir='ltr'><strong>convenire</strong></span> <span class='ocrx_word' id='word_1_615' title='bbox 2471 3091 2662 3158; x_wconf 83' lang='lat' dir='ltr'><strong>possit,</strong></span> <span class='ocrx_word' id='word_1_616' title='bbox 2689 3091 3018 3160; x_wconf 84' lang='lat' dir='ltr'><strong>perspicere.</strong></span> 
     </span>
    </p>
   </div>
   <div class='ocr_carea' id='block_1_93' title="bbox 1939 3228 3437 3300">
    <p class='ocr_par' dir='ltr' id='par_1_93' title="bbox 1939 3228 3437 3300">
     <span class='ocr_line' id='line_1_93' title="bbox 1939 3228 3437 3300; baseline 0.001 -18"><span class='ocrx_word' id='word_1_617' title='bbox 1939 3230 1993 3283; x_wconf 92' lang='lat'><strong>7.</strong></span> <span class='ocrx_word' id='word_1_618' title='bbox 2035 3230 2314 3286; x_wconf 88' lang='lat' dir='ltr'><strong>Flornisse</strong></span> <span class='ocrx_word' id='word_1_619' title='bbox 2347 3228 2767 3298; x_wconf 78' lang='lat' dir='ltr'><strong>Metaphrastcm</strong></span> <span class='ocrx_word' id='word_1_620' title='bbox 2807 3230 3014 3283; x_wconf 86' lang='lat' dir='ltr'><strong>ultimis</strong></span> <span class='ocrx_word' id='word_1_621' title='bbox 3034 3231 3193 3283; x_wconf 85' lang='lat' dir='ltr'><strong>annis</strong></span> <span class='ocrx_word' id='word_1_622' title='bbox 3224 3230 3437 3300; x_wconf 89' lang='lat' dir='ltr'><strong>imperii</strong></span> 
     </span>
    </p>
   </div>
   <div class='ocr_carea' id='block_1_94' title="bbox 1869 3322 3441 3391">
    <p class='ocr_par' dir='ltr' id='par_1_94' title="bbox 1869 3322 3441 3391">
     <span class='ocr_line' id='line_1_94' title="bbox 1869 3322 3441 3391; baseline -0.002 -12"><span class='ocrx_word' id='word_1_623' title='bbox 1869 3324 2067 3379; x_wconf 87' lang='lat' dir='ltr'><strong>Leonis</strong></span> <span class='ocrx_word' id='word_1_624' title='bbox 2102 3322 2440 3390; x_wconf 84' lang='lat' dir='ltr'><strong>Philosophi.</strong></span> <span class='ocrx_word' id='word_1_625' title='bbox 2485 3322 2577 3391; x_wconf 90' lang='lat' dir='ltr'><strong>qui</strong></span> <span class='ocrx_word' id='word_1_626' title='bbox 2618 3322 2756 3375; x_wconf 91' lang='lat' dir='ltr'><strong>obiit</strong></span> <span class='ocrx_word' id='word_1_627' title='bbox 2795 3338 2939 3375; x_wconf 90' lang='lat' dir='ltr'><strong>anno</strong></span> <span class='ocrx_word' id='word_1_628' title='bbox 2970 3323 3097 3380; x_wconf 82' lang='lat'><strong>909.</strong></span> <span class='ocrx_word' id='word_1_629' title='bbox 3130 3333 3342 3376; x_wconf 89' lang='lat' dir='ltr'><strong>constat</strong></span> <span class='ocrx_word' id='word_1_630' title='bbox 3376 3340 3441 3377; x_wconf 75' lang='lat' dir='ltr'><strong>ex</strong></span> 
     </span>
    </p>
   </div>
   <div class='ocr_carea' id='block_1_95' title="bbox 1871 3411 3441 3484">
    <p class='ocr_par' dir='ltr' id='par_1_95' title="bbox 1871 3411 3441 3484">
     <span class='ocr_line' id='line_1_95' title="bbox 1871 3411 3441 3484; baseline -0.004 -14"><span class='ocrx_word' id='word_1_631' title='bbox 1871 3416 2158 3484; x_wconf 89' lang='lat' dir='ltr'><strong>ipsiusmct</strong></span> <span class='ocrx_word' id='word_1_632' title='bbox 2179 3413 2491 3469; x_wconf 85' lang='lat' dir='ltr'><strong>testimonio</strong></span> <span class='ocrx_word' id='word_1_633' title='bbox 2514 3413 2568 3466; x_wconf 94' lang='lat' dir='ltr'><strong>in</strong></span> <span class='ocrx_word' id='word_1_634' title='bbox 2597 3413 2716 3467; x_wconf 73' lang='lat' dir='ltr'><strong>Vita</strong></span> <span class='ocrx_word' id='word_1_635' title='bbox 2736 3412 2791 3466; x_wconf 87' lang='lat' dir='ltr'><strong>S.</strong></span> <span class='ocrx_word' id='word_1_636' title='bbox 2813 3411 3177 3475; x_wconf 73' lang='lat' dir='ltr'><strong>Tlieocristcs,</strong></span> <span class='ocrx_word' id='word_1_637' title='bbox 3209 3412 3300 3466; x_wconf 86' lang='lat' dir='ltr'><strong>tibi</strong></span> <span class='ocrx_word' id='word_1_638' title='bbox 3330 3413 3441 3465; x_wconf 88' lang='lat' dir='ltr'><strong>ait:</strong></span> 
     </span>
    </p>
   </div>
   <div class='ocr_carea' id='block_1_96' title="bbox 1880 3506 3444 3577">
    <p class='ocr_par' dir='ltr' id='par_1_96' title="bbox 1880 3506 3444 3577">
     <span class='ocr_line' id='line_1_96' title="bbox 1880 3506 3444 3577; baseline 0.001 -19"><span class='ocrx_word' id='word_1_639' title='bbox 1880 3526 1897 3558; x_wconf 71' lang='grc' dir='ltr'>ι</span> <span class='ocrx_word' id='word_1_640' title='bbox 1939 3507 2216 3577; x_wconf 81' lang='grc' dir='ltr'>Γενομένῳ</span> <span class='ocrx_word' id='word_1_641' title='bbox 2254 3507 2343 3576; x_wconf 77' lang='grc' dir='ltr'><strong>μοί</strong></span> <span class='ocrx_word' id='word_1_642' title='bbox 2385 3523 2512 3558; x_wconf 85' lang='grc' dir='ltr'>ποτε</span> <span class='ocrx_word' id='word_1_643' title='bbox 2554 3507 2695 3559; x_wconf 74' lang='grc' dir='ltr'>κατὰ</span> <span class='ocrx_word' id='word_1_644' title='bbox 2735 3512 2823 3558; x_wconf 79' lang='grc' dir='ltr'><strong>τὸν</strong></span> <span class='ocrx_word' id='word_1_645' title='bbox 2852 3507 3030 3575; x_wconf 78' lang='grc' dir='ltr'>Πάρον</span> <span class='ocrx_word' id='word_1_646' title='bbox 3062 3524 3074 3537; x_wconf 85' lang='grc'><strong>·</strong></span> <span class='ocrx_word' id='word_1_647' title='bbox 3114 3508 3311 3574; x_wconf 78' lang='grc' dir='ltr'>γέγονα</span> <span class='ocrx_word' id='word_1_648' title='bbox 3348 3506 3406 3559; x_wconf 76' lang='grc' dir='ltr'><strong>δέ</strong></span> <span class='ocrx_word' id='word_1_649' title='bbox 3431 3525 3444 3538; x_wconf 73' lang='grc' dir='ltr'>θ</span> 
     </span>
    </p>
   </div>
   <div class='ocr_carea' id='block_1_97' title="bbox 1874 3600 3445 3672">
    <p class='ocr_par' dir='ltr' id='par_1_97' title="bbox 1874 3600 3445 3672">
     <span class='ocr_line' id='line_1_97' title="bbox 1874 3600 3445 3672; baseline -0.001 -20"><span class='ocrx_word' id='word_1_650' title='bbox 1874 3602 1968 3653; x_wconf 72' lang='grc' dir='ltr'>καὶ</span> <span class='ocrx_word' id='word_1_651' title='bbox 2016 3603 2120 3669; x_wconf 74' lang='grc' dir='ltr'><strong>γὰρ</strong></span> <span class='ocrx_word' id='word_1_652' title='bbox 2176 3603 2265 3653; x_wconf 75' lang='grc' dir='ltr'><strong>ἐπὶ</strong></span> <span class='ocrx_word' id='word_1_653' title='bbox 2320 3603 2545 3672; x_wconf 82' lang='grc' dir='ltr'><strong>Κρήτην</strong></span> <span class='ocrx_word' id='word_1_654' title='bbox 2584 3601 2829 3654; x_wconf 75' lang='grc' dir='ltr'><strong>διέπλεον</strong></span> <span class='ocrx_word' id='word_1_655' title='bbox 2862 3600 2964 3653; x_wconf 56' lang='lat' dir='ltr'><strong>{if-to</strong></span> <span class='ocrx_word' id='word_1_656' title='bbox 3002 3602 3095 3654; x_wconf 77' lang='grc' dir='ltr'>τοῦ</span> <span class='ocrx_word' id='word_1_657' title='bbox 3141 3602 3445 3672; x_wconf 75' lang='grc' dir='ltr'>μακαρίτου</span> 
     </span>
    </p>
   </div>
   <div class='ocr_carea' id='block_1_98' title="bbox 1875 3694 3447 3762">
    <p class='ocr_par' dir='ltr' id='par_1_98' title="bbox 1875 3694 3447 3762">
     <span class='ocr_line' id='line_1_98' title="bbox 1875 3694 3447 3762; baseline -0.001 -15"><span class='ocrx_word' id='word_1_658' title='bbox 1875 3694 2099 3755; x_wconf 80' lang='grc' dir='ltr'>Λέοντος</span> <span class='ocrx_word' id='word_1_659' title='bbox 2131 3694 2303 3744; x_wconf 80' lang='grc' dir='ltr'>ἐκεῖσε</span> <span class='ocrx_word' id='word_1_660' title='bbox 2330 3694 2601 3760; x_wconf 74' lang='grc' dir='ltr'>πεμφθείς</span> <span class='ocrx_word' id='word_1_661' title='bbox 2628 3710 2639 3722; x_wconf 92' lang='grc'><strong>·</strong></span> <span class='ocrx_word' id='word_1_662' title='bbox 2676 3695 2921 3753; x_wconf 71' lang='grc' dir='ltr'>Λέοντος,</span> <span class='ocrx_word' id='word_1_663' title='bbox 2965 3697 3127 3762; x_wconf 73' lang='grc' dir='ltr'>φημὶ,</span> <span class='ocrx_word' id='word_1_664' title='bbox 3158 3694 3247 3744; x_wconf 79' lang='grc' dir='ltr'>τοῦ</span> <span class='ocrx_word' id='word_1_665' title='bbox 3292 3695 3447 3745; x_wconf 80' lang='grc' dir='ltr'>εὐτυ-</span> 
     </span>
    </p>
   </div>
   <div class='ocr_carea' id='block_1_99' title="bbox 1876 3784 3443 3857">
    <p class='ocr_par' dir='ltr' id='par_1_99' title="bbox 1876 3784 3443 3857">
     <span class='ocr_line' id='line_1_99' title="bbox 1876 3784 3443 3857; baseline -0.001 -19"><span class='ocrx_word' id='word_1_666' title='bbox 1876 3786 2001 3857; x_wconf 70' lang='grc' dir='ltr'>χοῦς</span> <span class='ocrx_word' id='word_1_667' title='bbox 2042 3785 2211 3848; x_wconf 77' lang='grc' dir='ltr'>ὅντως</span> <span class='ocrx_word' id='word_1_668' title='bbox 2255 3784 2538 3854; x_wconf 76' lang='grc' dir='ltr'><strong>βασιλέως.</strong></span> <span class='ocrx_word' id='word_1_669' title='bbox 2594 3786 2687 3838; x_wconf 69' lang='grc' dir='ltr'><strong>καὶ</strong></span> <span class='ocrx_word' id='word_1_670' title='bbox 2726 3784 2823 3855; x_wconf 85' lang='grc' dir='ltr'><strong>τὴν</strong></span> <span class='ocrx_word' id='word_1_671' title='bbox 2862 3786 3115 3855; x_wconf 72' lang='grc' dir='ltr'>εὐτυχίαν</span> <span class='ocrx_word' id='word_1_672' title='bbox 3155 3785 3443 3855; x_wconf 69' lang='grc' dir='ltr'><strong>Ῥυιμαῖων</strong></span> 
     </span>
    </p>
   </div>
   <div class='ocr_carea' id='block_1_100' title="bbox 1876 3874 3452 3949">
    <p class='ocr_par' dir='ltr' id='par_1_100' title="bbox 1876 3874 3452 3949">
     <span class='ocr_line' id='line_1_100' title="bbox 1876 3874 3452 3949; baseline 0.002 -21"><span class='ocrx_word' id='word_1_673' title='bbox 1876 3874 1953 3945; x_wconf 81' lang='grc' dir='ltr'>τῷ</span> <span class='ocrx_word' id='word_1_674' title='bbox 1989 3877 2144 3943; x_wconf 66' lang='grc' dir='ltr'>τάφῳ</span> <span class='ocrx_word' id='word_1_675' title='bbox 2177 3877 2554 3945; x_wconf 74' lang='grc' dir='ltr'>ἀναθάψαντος</span> <span class='ocrx_word' id='word_1_676' title='bbox 2578 3894 2590 3907; x_wconf 89' lang='grc'><strong>·</strong></span> <span class='ocrx_word' id='word_1_677' title='bbox 2627 3878 2956 3949; x_wconf 79' lang='grc' dir='ltr'>ἐπεμπὸμην</span> <span class='ocrx_word' id='word_1_678' title='bbox 2996 3879 3052 3931; x_wconf 77' lang='grc' dir='ltr'><strong>δὲ</strong></span> <span class='ocrx_word' id='word_1_679' title='bbox 3091 3896 3452 3947; x_wconf 73' lang='grc' dir='ltr'>συστρατευο-</span> 
     </span>
    </p>
   </div>
   <div class='ocr_carea' id='block_1_101' title="bbox 1886 3966 3451 4037">
    <p class='ocr_par' dir='ltr' id='par_1_101' title="bbox 1886 3966 3451 4037">
     <span class='ocr_line' id='line_1_101' title="bbox 1886 3966 3451 4037; baseline -0.001 -18"><span class='ocrx_word' id='word_1_680' title='bbox 1886 3985 2042 4035; x_wconf 84' lang='grc' dir='ltr'>μενος</span> <span class='ocrx_word' id='word_1_681' title='bbox 2089 3966 2336 4036; x_wconf 82' lang='grc' dir='ltr'>Ἦμερξῳ</span> <span class='ocrx_word' id='word_1_682' title='bbox 2364 3967 2442 4035; x_wconf 87' lang='grc' dir='ltr'>τῷ</span> <span class='ocrx_word' id='word_1_683' title='bbox 2467 3969 2627 4024; x_wconf 73' lang='grc' dir='ltr'>πάνυ,</span> <span class='ocrx_word' id='word_1_684' title='bbox 2652 3968 2729 4035; x_wconf 83' lang='grc' dir='ltr'>τῷ</span> <span class='ocrx_word' id='word_1_685' title='bbox 2754 3968 3254 4037; x_wconf 79' lang='grc' dir='ltr'>στρατηγικωτάτῳ</span> <span class='ocrx_word' id='word_1_686' title='bbox 3288 3967 3451 4034; x_wconf 78' lang='grc' dir='ltr'>δηλα-</span> 
     </span>
    </p>
   </div>
   <div class='ocr_carea' id='block_1_102' title="bbox 1882 4056 3454 4129">
    <p class='ocr_par' dir='ltr' id='par_1_102' title="bbox 1882 4056 3454 4129">
     <span class='ocr_line' id='line_1_102' title="bbox 1882 4056 3454 4129; baseline -0.001 -17"><span class='ocrx_word' id='word_1_687' title='bbox 1882 4060 1967 4127; x_wconf 77' lang='grc' dir='ltr'><strong>δὴ,</strong></span> <span class='ocrx_word' id='word_1_688' title='bbox 2007 4059 2102 4112; x_wconf 76' lang='grc' dir='ltr'><strong>καὶ</strong></span> <span class='ocrx_word' id='word_1_689' title='bbox 2123 4058 2340 4128; x_wconf 79' lang='grc' dir='ltr'>ἄρχοντι</span> <span class='ocrx_word' id='word_1_690' title='bbox 2369 4058 2462 4111; x_wconf 70' lang='grc' dir='ltr'>τοῦ</span> <span class='ocrx_word' id='word_1_691' title='bbox 2491 4075 2547 4111; x_wconf 88' lang='grc' dir='ltr'><strong>τε</strong></span> <span class='ocrx_word' id='word_1_692' title='bbox 2581 4058 2803 4129; x_wconf 76' lang='grc' dir='ltr'>δρόμου,</span> <span class='ocrx_word' id='word_1_693' title='bbox 2835 4059 2929 4110; x_wconf 76' lang='grc' dir='ltr'>καὶ</span> <span class='ocrx_word' id='word_1_694' title='bbox 2958 4056 3052 4110; x_wconf 74' lang='grc' dir='ltr'>τοῦ</span> <span class='ocrx_word' id='word_1_695' title='bbox 3095 4058 3284 4111; x_wconf 75' lang='grc' dir='ltr'>στόλου</span> <span class='ocrx_word' id='word_1_696' title='bbox 3321 4074 3454 4111; x_wconf 84' lang='grc' dir='ltr'>παν-</span> 
     </span>
    </p>
   </div>
   <div class='ocr_carea' id='block_1_103' title="bbox 1882 4152 2065 4212">
    <p class='ocr_par' dir='ltr' id='par_1_103' title="bbox 1882 4152 2065 4212">
     <span class='ocr_line' id='line_1_103' title="bbox 1882 4152 2065 4212; baseline 0.022 -12"><span class='ocrx_word' id='word_1_697' title='bbox 1882 4152 2065 4212; x_wconf 68' lang='grc' dir='ltr'><strong>τός....</strong></span> 
     </span>
    </p>
   </div>
   <div class='ocr_carea' id='block_1_104' title="bbox 1887 4236 3455 4311">
    <p class='ocr_par' dir='ltr' id='par_1_104' title="bbox 1887 4236 3455 4311">
     <span class='ocr_line' id='line_1_104' title="bbox 1887 4236 3455 4311; baseline -0.003 -18"><span class='ocrx_word' id='word_1_698' title='bbox 1887 4242 2419 4311; x_wconf 75' lang='grc' dir='ltr'><strong>συστρατευόμενος,</strong></span> <span class='ocrx_word' id='word_1_699' title='bbox 2467 4240 2560 4293; x_wconf 68' lang='grc' dir='ltr'>καὶ</span> <span class='ocrx_word' id='word_1_700' title='bbox 2612 4236 3075 4309; x_wconf 67' lang='grc' dir='ltr'>πρώιεαζὸμενος</span> <span class='ocrx_word' id='word_1_701' title='bbox 3126 4240 3206 4300; x_wconf 82' lang='grc' dir='ltr'><strong>εἰς</strong></span> <span class='ocrx_word' id='word_1_702' title='bbox 3260 4241 3455 4306; x_wconf 70' lang='grc' dir='ltr'>πεῖραν</span> 
     </span>
    </p>
   </div>
   <div class='ocr_carea' id='block_1_105' title="bbox 1887 4329 3456 4405">
    <p class='ocr_par' dir='ltr' id='par_1_105' title="bbox 1887 4329 3456 4405">
     <span class='ocr_line' id='line_1_105' title="bbox 1887 4329 3456 4405; baseline -0.006 -15"><span class='ocrx_word' id='word_1_703' title='bbox 1887 4335 2280 4405; x_wconf 75' lang='grc' dir='ltr'>στρατηγικὴν,</span> <span class='ocrx_word' id='word_1_704' title='bbox 2316 4329 2403 4387; x_wconf 84' lang='grc' dir='ltr'>οἶα</span> <span class='ocrx_word' id='word_1_705' title='bbox 2443 4332 2619 4393; x_wconf 69' lang='grc' dir='ltr'><strong>πῶλος</strong></span> <span class='ocrx_word' id='word_1_706' title='bbox 2649 4335 2812 4404; x_wconf 77' lang='grc' dir='ltr'>μητρὶ</span> <span class='ocrx_word' id='word_1_707' title='bbox 2845 4333 2979 4401; x_wconf 69' lang='grc' dir='ltr'>πρὸς</span> <span class='ocrx_word' id='word_1_708' title='bbox 3014 4331 3081 4384; x_wconf 74' lang='grc' dir='ltr'>τὰ</span> <span class='ocrx_word' id='word_1_709' title='bbox 3102 4332 3456 4398; x_wconf 70' lang='grc' dir='ltr'>γενναιότατα</span> 
     </span>
    </p>
   </div>
   <div class='ocr_carea' id='block_1_106' title="bbox 1887 4419 3455 4499">
    <p class='ocr_par' dir='ltr' id='par_1_106' title="bbox 1887 4419 3455 4499">
     <span class='ocr_line' id='line_1_106' title="bbox 1887 4419 3455 4499; baseline -0.005 -16"><span class='ocrx_word' id='word_1_710' title='bbox 1887 4432 1995 4483; x_wconf 82' lang='grc' dir='ltr'><strong>τῶν</strong></span> <span class='ocrx_word' id='word_1_711' title='bbox 2026 4431 2498 4499; x_wconf 77' lang='grc' dir='ltr'>στρατηγημάτων</span> <span class='ocrx_word' id='word_1_712' title='bbox 2525 4426 2850 4492; x_wconf 65' lang='grc' dir='ltr'>σνυσκαὶρων.</span> <span class='ocrx_word' id='word_1_713' title='bbox 2883 4424 3038 4474; x_wconf 74' lang='grc' dir='ltr'>Οὕτω</span> <span class='ocrx_word' id='word_1_714' title='bbox 3076 4424 3185 4492; x_wconf 67' lang='grc' dir='ltr'>γὰρ</span> <span class='ocrx_word' id='word_1_715' title='bbox 3214 4419 3279 4491; x_wconf 75' lang='grc' dir='ltr'>ἦν</span> <span class='ocrx_word' id='word_1_716' title='bbox 3306 4426 3332 4475; x_wconf 78' lang='grc' dir='ltr'>ὁ</span> <span class='ocrx_word' id='word_1_717' title='bbox 3363 4424 3455 4475; x_wconf 66' lang='grc' dir='ltr'>τοῦ</span> 
     </span>
    </p>
   </div>
   <div class='ocr_carea' id='block_1_107' title="bbox 2136 4147 3454 4217">
    <p class='ocr_par' dir='ltr' id='par_1_107' title="bbox 2136 4147 3454 4217">
     <span class='ocr_line' id='line_1_107' title="bbox 2136 4147 3454 4217; baseline -0.002 -17"><span class='ocrx_word' id='word_1_718' title='bbox 2136 4150 2495 4217; x_wconf 73' lang='grc' dir='ltr'>Ἐστελλόμην</span> <span class='ocrx_word' id='word_1_719' title='bbox 2562 4148 2850 4216; x_wconf 79' lang='grc' dir='ltr'>τοιγαροῦν</span> <span class='ocrx_word' id='word_1_720' title='bbox 2908 4148 3069 4199; x_wconf 82' lang='grc' dir='ltr'>τοῦτο</span> <span class='ocrx_word' id='word_1_721' title='bbox 3117 4148 3216 4214; x_wconf 73' lang='grc' dir='ltr'>μὲν</span> <span class='ocrx_word' id='word_1_722' title='bbox 3260 4147 3454 4214; x_wconf 78' lang='grc' dir='ltr'>ἐκείνῳ</span> 
     </span>
    </p>
   </div>
   <div class='ocr_carea' id='block_1_108' title="bbox 1812 4512 3461 4590">
    <p class='ocr_par' dir='ltr' id='par_1_108' title="bbox 1812 4512 3461 4590">
     <span class='ocr_line' id='line_1_108' title="bbox 1812 4512 3461 4590; baseline -0.005 -19"><span class='ocrx_word' id='word_1_723' title='bbox 1812 4517 1857 4571; x_wconf 87' lang='lat' dir='ltr'><strong><em>D</em></strong></span> <span class='ocrx_word' id='word_1_724' title='bbox 1892 4522 2191 4590; x_wconf 78' lang='grc' dir='ltr'>μακαρίτου</span> <span class='ocrx_word' id='word_1_725' title='bbox 2253 4536 2353 4586; x_wconf 85' lang='grc' dir='ltr'><strong>μου</strong></span> <span class='ocrx_word' id='word_1_726' title='bbox 2411 4515 2681 4575; x_wconf 75' lang='grc' dir='ltr'><strong>Βασιλέως</strong></span> <span class='ocrx_word' id='word_1_727' title='bbox 2728 4513 2964 4574; x_wconf 83' lang='grc' dir='ltr'><strong>σκοπός·</strong></span> <span class='ocrx_word' id='word_1_728' title='bbox 3022 4512 3177 4564; x_wconf 74' lang='grc' dir='ltr'>τοῦτο</span> <span class='ocrx_word' id='word_1_729' title='bbox 3227 4512 3281 4563; x_wconf 75' lang='grc' dir='ltr'>δὲ</span> <span class='ocrx_word' id='word_1_730' title='bbox 3323 4530 3461 4582; x_wconf 81' lang='grc' dir='ltr'>πρε-</span> 
     </span>
    </p>
   </div>
   <div class='ocr_carea' id='block_1_109' title="bbox 1895 4605 3458 4680">
    <p class='ocr_par' dir='ltr' id='par_1_109' title="bbox 1895 4605 3458 4680">
     <span class='ocr_line' id='line_1_109' title="bbox 1895 4605 3458 4680; baseline -0.005 -16"><span class='ocrx_word' id='word_1_731' title='bbox 1895 4614 2219 4680; x_wconf 80' lang='grc' dir='ltr'>σὸευόμενος</span> <span class='ocrx_word' id='word_1_732' title='bbox 2271 4610 2405 4679; x_wconf 71' lang='grc' dir='ltr'><strong>πρὸς</strong></span> <span class='ocrx_word' id='word_1_733' title='bbox 2462 4608 2586 4671; x_wconf 70' lang='grc' dir='ltr'>τοὺς</span> <span class='ocrx_word' id='word_1_734' title='bbox 2640 4607 2737 4677; x_wconf 76' lang='grc' dir='ltr'><strong>τὴν</strong></span> <span class='ocrx_word' id='word_1_735' title='bbox 2768 4608 2993 4677; x_wconf 81' lang='grc' dir='ltr'>Κρήτην</span> <span class='ocrx_word' id='word_1_736' title='bbox 3021 4605 3239 4677; x_wconf 74' lang='grc' dir='ltr'>ἔχοντας</span> <span class='ocrx_word' id='word_1_737' title='bbox 3288 4607 3458 4674; x_wconf 77' lang='grc' dir='ltr'>Ἀρα-</span> 
     </span>
    </p>
   </div>
   <div class='ocr_carea' id='block_1_110' title="bbox 1892 4699 3463 4771">
    <p class='ocr_par' dir='ltr' id='par_1_110' title="bbox 1892 4699 3463 4771">
     <span class='ocr_line' id='line_1_110' title="bbox 1892 4699 3463 4771; baseline -0.006 -11"><span class='ocrx_word' id='word_1_738' title='bbox 1892 4706 2013 4771; x_wconf 81' lang='grc' dir='ltr'><strong>ϐας.</strong></span> <span class='ocrx_word' id='word_1_739' title='bbox 2051 4724 2068 4756; x_wconf 75' lang='grc' dir='ltr'><strong>ι</strong></span> <span class='ocrx_word' id='word_1_740' title='bbox 2097 4705 2227 4771; x_wconf 71' lang='lat' dir='ltr'><strong>Qure</strong></span> <span class='ocrx_word' id='word_1_741' title='bbox 2272 4705 2350 4758; x_wconf 91' lang='lat' dir='ltr'><strong>sic</strong></span> <span class='ocrx_word' id='word_1_742' title='bbox 2392 4702 2584 4756; x_wconf 84' lang='lat' dir='ltr'><strong>Latine</strong></span> <span class='ocrx_word' id='word_1_743' title='bbox 2625 4709 2821 4755; x_wconf 91' lang='lat' dir='ltr'><strong>sonant</strong></span> <span class='ocrx_word' id='word_1_744' title='bbox 2860 4700 3057 4755; x_wconf 85' lang='lat' dir='ltr'><strong>Allatio</strong></span> <span class='ocrx_word' id='word_1_745' title='bbox 3088 4718 3102 4754; x_wconf 91' lang='lat'><strong>:</strong></span> <span class='ocrx_word' id='word_1_746' title='bbox 3128 4720 3144 4751; x_wconf 75' lang='grc' dir='ltr'>ι</span> <span class='ocrx_word' id='word_1_747' title='bbox 3180 4700 3317 4755; x_wconf 83' lang='lat' dir='ltr'><strong>Cum</strong></span> <span class='ocrx_word' id='word_1_748' title='bbox 3360 4699 3463 4752; x_wconf 85' lang='lat' dir='ltr'><strong>ali-</strong></span> 
     </span>
    </p>
   </div>
   <div class='ocr_carea' id='block_1_111' title="bbox 1893 4794 3461 4872">
    <p class='ocr_par' dir='ltr' id='par_1_111' title="bbox 1893 4794 3461 4872">
     <span class='ocr_line' id='line_1_111' title="bbox 1893 4794 3461 4872; baseline -0.008 -15"><span class='ocrx_word' id='word_1_749' title='bbox 1893 4802 2112 4872; x_wconf 90' lang='lat' dir='ltr'><strong>quando</strong></span> <span class='ocrx_word' id='word_1_750' title='bbox 2148 4803 2199 4854; x_wconf 89' lang='lat' dir='ltr'><strong>in</strong></span> <span class='ocrx_word' id='word_1_751' title='bbox 2236 4801 2373 4853; x_wconf 88' lang='lat' dir='ltr'><strong>Paro</strong></span> <span class='ocrx_word' id='word_1_752' title='bbox 2409 4812 2585 4852; x_wconf 90' lang='lat' dir='ltr'><strong>essem</strong></span> <span class='ocrx_word' id='word_1_753' title='bbox 2659 4797 2948 4862; x_wconf 88' lang='lat' dir='ltr'><strong>insula;fui</strong></span> <span class='ocrx_word' id='word_1_754' title='bbox 2987 4804 3167 4848; x_wconf 90' lang='lat' dir='ltr'><strong>autem</strong></span> <span class='ocrx_word' id='word_1_755' title='bbox 3208 4812 3219 4845; x_wconf 90' lang='lat'><strong>:</strong></span> <span class='ocrx_word' id='word_1_756' title='bbox 3255 4810 3377 4846; x_wconf 89' lang='lat' dir='ltr'><strong>nam</strong></span> <span class='ocrx_word' id='word_1_757' title='bbox 3406 4794 3461 4846; x_wconf 92' lang='lat' dir='ltr'><strong>in</strong></span> 
     </span>
    </p>
   </div>
   <div class='ocr_carea' id='block_1_112' title="bbox 1892 4885 3463 4959">
    <p class='ocr_par' dir='ltr' id='par_1_112' title="bbox 1892 4885 3463 4959">
     <span class='ocr_line' id='line_1_112' title="bbox 1892 4885 3463 4959; baseline -0.005 -11"><span class='ocrx_word' id='word_1_758' title='bbox 1892 4894 2107 4949; x_wconf 88' lang='lat' dir='ltr'><strong>Cretam</strong></span> <span class='ocrx_word' id='word_1_759' title='bbox 2159 4890 2476 4959; x_wconf 81' lang='lat' dir='ltr'><strong>navigabam</strong></span> <span class='ocrx_word' id='word_1_760' title='bbox 2535 4905 2562 4942; x_wconf 91' lang='lat' dir='ltr'><strong>a</strong></span> <span class='ocrx_word' id='word_1_761' title='bbox 2624 4888 2803 4943; x_wconf 89' lang='lat' dir='ltr'><strong>Leone</strong></span> <span class='ocrx_word' id='word_1_762' title='bbox 2851 4887 3024 4941; x_wconf 76' lang='lat' dir='ltr'><strong>beatae</strong></span> <span class='ocrx_word' id='word_1_763' title='bbox 3066 4885 3342 4940; x_wconf 62' lang='lat' dir='ltr'><strong>memoriae</strong></span> <span class='ocrx_word' id='word_1_764' title='bbox 3397 4901 3463 4940; x_wconf 91' lang='lat' dir='ltr'><strong>co</strong></span> 
     </span>
    </p>
   </div>
   <div class='ocr_carea' id='block_1_113' title="bbox 1895 4982 3468 5050">
    <p class='ocr_par' dir='ltr' id='par_1_113' title="bbox 1895 4982 3468 5050">
     <span class='ocr_line' id='line_1_113' title="bbox 1895 4982 3468 5050; baseline -0.003 -11"><span class='ocrx_word' id='word_1_765' title='bbox 1895 4986 2132 5049; x_wconf 86' lang='lat' dir='ltr'><strong>missus;</strong></span> <span class='ocrx_word' id='word_1_766' title='bbox 2169 4982 2369 5047; x_wconf 89' lang='lat' dir='ltr'><strong>Leone,</strong></span> <span class='ocrx_word' id='word_1_767' title='bbox 2416 4984 2659 5050; x_wconf 90' lang='lat' dir='ltr'><strong>inquam,</strong></span> <span class='ocrx_word' id='word_1_768' title='bbox 2697 4982 2791 5037; x_wconf 91' lang='lat' dir='ltr'><strong>illo</strong></span> <span class='ocrx_word' id='word_1_769' title='bbox 2822 4998 2947 5036; x_wconf 83' lang='lat' dir='ltr'><strong>vere</strong></span> <span class='ocrx_word' id='word_1_770' title='bbox 2984 4983 3259 5035; x_wconf 89' lang='lat' dir='ltr'><strong>fortunato</strong></span> <span class='ocrx_word' id='word_1_771' title='bbox 3294 4982 3468 5049; x_wconf 88' lang='lat' dir='ltr'><strong>impe-</strong></span> 
     </span>
    </p>
   </div>
   <div class='ocr_carea' id='block_1_114' title="bbox 1897 5075 3467 5145">
    <p class='ocr_par' dir='ltr' id='par_1_114' title="bbox 1897 5075 3467 5145">
     <span class='ocr_line' id='line_1_114' title="bbox 1897 5075 3467 5145; baseline -0.003 -16"><span class='ocrx_word' id='word_1_772' title='bbox 1897 5085 2101 5137; x_wconf 86' lang='lat' dir='ltr'><strong>ratore.</strong></span> <span class='ocrx_word' id='word_1_773' title='bbox 2143 5077 2235 5145; x_wconf 91' lang='lat' dir='ltr'><strong>qui</strong></span> <span class='ocrx_word' id='word_1_774' title='bbox 2274 5078 2446 5144; x_wconf 89' lang='lat' dir='ltr'><strong>ipsam</strong></span> <span class='ocrx_word' id='word_1_775' title='bbox 2493 5075 2862 5129; x_wconf 82' lang='lat' dir='ltr'><strong>Romanorum</strong></span> <span class='ocrx_word' id='word_1_776' title='bbox 2912 5076 3228 5127; x_wconf 86' lang='lat' dir='ltr'><strong>felicitatem</strong></span> <span class='ocrx_word' id='word_1_777' title='bbox 3279 5088 3467 5125; x_wconf 84' lang='lat' dir='ltr'><strong>secum</strong></span> 
     </span>
    </p>
   </div>
   <div class='ocr_carea' id='block_1_115' title="bbox 1898 5164 3467 5236">
    <p class='ocr_par' dir='ltr' id='par_1_115' title="bbox 1898 5164 3467 5236">
     <span class='ocr_line' id='line_1_115' title="bbox 1898 5164 3467 5236; baseline -0.004 -14"><span class='ocrx_word' id='word_1_778' title='bbox 1898 5171 2116 5226; x_wconf 85' lang='lat' dir='ltr'><strong>videtur</strong></span> <span class='ocrx_word' id='word_1_779' title='bbox 2177 5169 2231 5222; x_wconf 89' lang='lat' dir='ltr'><strong>in</strong></span> <span class='ocrx_word' id='word_1_780' title='bbox 2282 5168 2593 5236; x_wconf 90' lang='lat' dir='ltr'><strong>sepulcrum</strong></span> <span class='ocrx_word' id='word_1_781' title='bbox 2649 5167 2940 5221; x_wconf 89' lang='lat' dir='ltr'><strong>intulisse:</strong></span> <span class='ocrx_word' id='word_1_782' title='bbox 2976 5164 3230 5218; x_wconf 81' lang='lat' dir='ltr'><strong>mittebar</strong></span> <span class='ocrx_word' id='word_1_783' title='bbox 3284 5174 3467 5219; x_wconf 90' lang='lat' dir='ltr'><strong>autem</strong></span> 
     </span>
    </p>
   </div>
   <div class='ocr_carea' id='block_1_116' title="bbox 1897 5257 3471 5325">
    <p class='ocr_par' dir='ltr' id='par_1_116' title="bbox 1897 5257 3471 5325">
     <span class='ocr_line' id='line_1_116' title="bbox 1897 5257 3471 5325; baseline -0.004 -10"><span class='ocrx_word' id='word_1_784' title='bbox 1897 5278 2003 5316; x_wconf 89' lang='lat' dir='ltr'><strong>una</strong></span> <span class='ocrx_word' id='word_1_785' title='bbox 2042 5263 2283 5316; x_wconf 88' lang='lat' dir='ltr'><strong>militans</strong></span> <span class='ocrx_word' id='word_1_786' title='bbox 2330 5276 2453 5314; x_wconf 90' lang='lat' dir='ltr'><strong>cum</strong></span> <span class='ocrx_word' id='word_1_787' title='bbox 2495 5261 2799 5315; x_wconf 89' lang='lat' dir='ltr'><strong>clarissimo</strong></span> <span class='ocrx_word' id='word_1_788' title='bbox 2839 5260 2931 5313; x_wconf 90' lang='lat' dir='ltr'><strong>illo</strong></span> <span class='ocrx_word' id='word_1_789' title='bbox 2968 5257 3243 5319; x_wconf 89' lang='lat' dir='ltr'><strong>llemerio,</strong></span> <span class='ocrx_word' id='word_1_790' title='bbox 3282 5266 3471 5325; x_wconf 89' lang='lat' dir='ltr'><strong>utpote</strong></span> 
     </span>
    </p>
   </div>
   <div class='ocr_carea' id='block_1_117' title="bbox 1895 5351 3467 5424">
    <p class='ocr_par' dir='ltr' id='par_1_117' title="bbox 1895 5351 3467 5424">
     <span class='ocr_line' id='line_1_117' title="bbox 1895 5351 3467 5424; baseline -0.004 -15"><span class='ocrx_word' id='word_1_791' title='bbox 1895 5355 2133 5410; x_wconf 90' lang='lat' dir='ltr'><strong>ducendi</strong></span> <span class='ocrx_word' id='word_1_792' title='bbox 2189 5354 2461 5409; x_wconf 78' lang='lat' dir='ltr'><strong>exercitus</strong></span> <span class='ocrx_word' id='word_1_793' title='bbox 2515 5353 2871 5424; x_wconf 87' lang='lat' dir='ltr'><strong>peritissimo,</strong></span> <span class='ocrx_word' id='word_1_794' title='bbox 2937 5351 3117 5404; x_wconf 91' lang='lat' dir='ltr'><strong>dromi</strong></span> <span class='ocrx_word' id='word_1_795' title='bbox 3182 5351 3467 5420; x_wconf 83' lang='lat' dir='ltr'><strong>pr:cfccto.</strong></span> 
     </span>
    </p>
   </div>
   <div class='ocr_carea' id='block_1_118' title="bbox 1896 5443 3474 5519">
    <p class='ocr_par' dir='ltr' id='par_1_118' title="bbox 1896 5443 3474 5519">
     <span class='ocr_line' id='line_1_118' title="bbox 1896 5443 3474 5519; baseline -0.006 -15"><span class='ocrx_word' id='word_1_796' title='bbox 1896 5453 1987 5519; x_wconf 90' lang='lat' dir='ltr'><strong>qui</strong></span> <span class='ocrx_word' id='word_1_797' title='bbox 2021 5459 2074 5505; x_wconf 90' lang='lat' dir='ltr'><strong>et</strong></span> <span class='ocrx_word' id='word_1_798' title='bbox 2109 5448 2374 5503; x_wconf 70' lang='lat' dir='ltr'><strong>universa:</strong></span> <span class='ocrx_word' id='word_1_799' title='bbox 2408 5447 2568 5501; x_wconf 77' lang='lat' dir='ltr'><strong>élassi</strong></span> <span class='ocrx_word' id='word_1_800' title='bbox 2603 5446 2909 5514; x_wconf 88' lang='lat' dir='ltr'><strong>imperabat</strong></span> <span class='ocrx_word' id='word_1_801' title='bbox 3034 5445 3285 5499; x_wconf 80' lang='lat' dir='ltr'><strong>lllittebar</strong></span> <span class='ocrx_word' id='word_1_802' title='bbox 3313 5443 3474 5515; x_wconf 75' lang='lat' dir='ltr'><strong>igitur</strong></span> 
     </span>
    </p>
   </div>
   <div class='ocr_carea' id='block_1_119' title="bbox 1898 5536 3475 5610">
    <p class='ocr_par' dir='ltr' id='par_1_119' title="bbox 1898 5536 3475 5610">
     <span class='ocr_line' id='line_1_119' title="bbox 1898 5536 3475 5610; baseline -0.004 -17"><span class='ocrx_word' id='word_1_803' title='bbox 1898 5542 2097 5610; x_wconf 85' lang='lat' dir='ltr'><strong>partim</strong></span> <span class='ocrx_word' id='word_1_804' title='bbox 2155 5556 2278 5592; x_wconf 87' lang='lat' dir='ltr'><strong>cuin</strong></span> <span class='ocrx_word' id='word_1_805' title='bbox 2323 5554 2388 5591; x_wconf 91' lang='lat' dir='ltr'><strong>co</strong></span> <span class='ocrx_word' id='word_1_806' title='bbox 2443 5538 2707 5602; x_wconf 89' lang='lat' dir='ltr'><strong>militans,</strong></span> <span class='ocrx_word' id='word_1_807' title='bbox 2755 5548 2807 5592; x_wconf 91' lang='lat' dir='ltr'><strong>et</strong></span> <span class='ocrx_word' id='word_1_808' title='bbox 2845 5538 2908 5590; x_wconf 90' lang='lat' dir='ltr'><strong>ad</strong></span> <span class='ocrx_word' id='word_1_809' title='bbox 2943 5536 3307 5607; x_wconf 75' lang='lat' dir='ltr'><strong>imperatorize</strong></span> <span class='ocrx_word' id='word_1_810' title='bbox 3345 5536 3475 5588; x_wconf 89' lang='lat' dir='ltr'><strong>artis</strong></span> 
     </span>
    </p>
   </div>
   <div class='ocr_carea' id='block_1_120' title="bbox 1899 5628 3476 5699">
    <p class='ocr_par' dir='ltr' id='par_1_120' title="bbox 1899 5628 3476 5699">
     <span class='ocr_line' id='line_1_120' title="bbox 1899 5628 3476 5699; baseline -0.005 -13"><span class='ocrx_word' id='word_1_811' title='bbox 1899 5634 2289 5688; x_wconf 87' lang='lat' dir='ltr'><strong>documentum</strong></span> <span class='ocrx_word' id='word_1_812' title='bbox 2353 5630 2578 5697; x_wconf 90' lang='lat' dir='ltr'><strong>aliquod</strong></span> <span class='ocrx_word' id='word_1_813' title='bbox 2626 5630 3068 5699; x_wconf 82' lang='lat' dir='ltr'><strong>promovendos,</strong></span> <span class='ocrx_word' id='word_1_814' title='bbox 3128 5636 3186 5681; x_wconf 91' lang='lat' dir='ltr'><strong>ut</strong></span> <span class='ocrx_word' id='word_1_815' title='bbox 3243 5628 3476 5695; x_wconf 86' lang='lat' dir='ltr'><strong>equulus</strong></span> 
     </span>
    </p>
   </div>
   <div class='ocr_carea' id='block_1_121' title="bbox 1903 5721 3473 5795">
    <p class='ocr_par' dir='ltr' id='par_1_121' title="bbox 1903 5721 3473 5795">
     <span class='ocr_line' id='line_1_121' title="bbox 1903 5721 3473 5795; baseline -0.005 -18"><span class='ocrx_word' id='word_1_816' title='bbox 1903 5725 2089 5786; x_wconf 84' lang='lat' dir='ltr'><strong>matri,</strong></span> <span class='ocrx_word' id='word_1_817' title='bbox 2150 5724 2216 5777; x_wconf 90' lang='lat' dir='ltr'><strong>ad</strong></span> <span class='ocrx_word' id='word_1_818' title='bbox 2276 5723 2532 5791; x_wconf 73' lang='lat' dir='ltr'><strong>pneclara</strong></span> <span class='ocrx_word' id='word_1_819' title='bbox 2580 5725 2701 5795; x_wconf 65' lang='lat' dir='ltr'><strong>ejus</strong></span> <span class='ocrx_word' id='word_1_820' title='bbox 2743 5729 3125 5791; x_wconf 73' lang='lat' dir='ltr'><strong>stratageinata</strong></span> <span class='ocrx_word' id='word_1_821' title='bbox 3185 5721 3473 5773; x_wconf 85' lang='lat' dir='ltr'><strong>assiliens:</strong></span> 
     </span>
    </p>
   </div>
   <div class='ocr_carea' id='block_1_122' title="bbox 1903 5810 3474 5885">
    <p class='ocr_par' dir='ltr' id='par_1_122' title="bbox 1903 5810 3474 5885">
     <span class='ocr_line' id='line_1_122' title="bbox 1903 5810 3474 5885; baseline -0.007 -13"><span class='ocrx_word' id='word_1_822' title='bbox 1903 5819 1955 5872; x_wconf 88' lang='lat' dir='ltr'><strong>id</strong></span> <span class='ocrx_word' id='word_1_823' title='bbox 2021 5816 2166 5869; x_wconf 89' lang='lat' dir='ltr'><strong>enim</strong></span> <span class='ocrx_word' id='word_1_824' title='bbox 2243 5816 2516 5885; x_wconf 69' lang='lat' dir='ltr'><strong>praecipue</strong></span> <span class='ocrx_word' id='word_1_825' title='bbox 2577 5817 2856 5884; x_wconf 81' lang='lat' dir='ltr'><strong>Augustus</strong></span> <span class='ocrx_word' id='word_1_826' title='bbox 2919 5813 3240 5882; x_wconf 81' lang='lat' dir='ltr'><strong>spectabat:</strong></span> <span class='ocrx_word' id='word_1_827' title='bbox 3277 5810 3474 5879; x_wconf 88' lang='lat' dir='ltr'><strong>partim</strong></span> 
     </span>
    </p>
   </div>
  </div>
