4196 6306
777 370 865 431 971
2130 363 2410 425 MENSIS
2443 363 2742 422 JUNIUS.

3906 353 4022 417 ω

775 495 832 536 ut
886 484 950 537 ad
1012 480 1217 535 Arabas
1256 477 1469 532 Cretam
1525 476 1836 532 obtinentes
1892 476 2164 547 legatione
2221 475 2343 530 fun-
2372 488 2414 539 Α
2448 475 2695 545 (ingenii)
2738 471 3194 542 incomparabiles
3226 470 3411 525 statim
3456 478 3511 524 et
3551 486 3579 523 a
3618 470 3822 539 primo,
3859 480 3920 524 ut
3951 485 4033 527 se-

771 590 949 646 gerer.
995 590 1011 625 ι

842 668 893 722 8.
930 667 1006 721 Ex
1056 665 1139 719 his
1183 664 1347 719 infert
1399 663 1692 717 Bollandus
1740 671 1943 727 noster,
1992 662 2045 716 in
2089 661 2343 731 predicta

774 759 1113 827 przefatione,
1172 756 1592 825 Metaphrastem
1644 755 1697 809 id
1747 754 2004 824 temporis
2050 769 2154 808 non
2208 753 2346 807 adeo

771 852 941 906 tuisse
976 860 1104 904 natu
1144 857 1485 917 provectum,
1519 856 1577 900 ut
1608 847 1701 915 qui
1739 846 2103 916 imperatoriae
2125 845 2347 900 virtutis

776 941 1095 995 tirocinium
1122 954 1322 1009 ponere
1348 939 1449 993 sub
1482 948 1742 992 veterano
1768 937 2235 1007 ducejnberetur,
2267 939 2347 991 ei-

771 1048 877 1102 que
909 1031 1127 1084 additus
1159 1031 1321 1084 fuerit
1348 1024 1433 1082 οἴει
1460 1029 1635 1090 πῶλος
1676 1029 1863 1099 μητρί,
1896 1049 1909 1079 ι
1940 1029 2086 1083 velut
2111 1029 2346 1097 cquulus

773 1125 957 1186 matri,
998 1142 1016 1171 υ
1058 1127 1343 1192 solumque
1384 1124 1433 1176 ei
1486 1123 1678 1176 tribuit
1723 1139 1790 1175 xx
1823 1137 1892 1175 ou
1930 1137 2034 1174 ml
2076 1136 2344 1175 annorum

772 1226 1010 1270 aetatem.
1046 1216 1280 1269 Allatius
1316 1229 1445 1267 vero
1478 1214 1619 1267 hanc
1662 1213 2078 1269 similitudinem
2118 1228 2227 1268 non
2280 1214 2345 1267 ad

772 1317 1011 1366 aetatem.
1048 1307 1139 1360 sed
1170 1307 1235 1359 ad
1279 1306 1614 1361 docilitatem
1650 1317 1705 1361 et
1730 1306 2073 1374 disciplinam
2106 1307 2346 1363 referens

773 1414 838 1452 ex
870 1400 1075 1453 ultimis
1110 1399 1311 1460 verbis.
1341 1398 1495 1451 τοῦτο
1520 1400 1574 1452 δὲ
1605 1400 2039 1468 πρεσϐευόμενος
2066 1401 2197 1469 πρὸς
2224 1402 2347 1463 τοὺς

774 1489 870 1557 τὴν
893 1491 930 1539 Κ
946 1493 1111 1557 pr,th
1133 1490 1350 1558 ἔχθει-τας
1372 1492 1435 1541 ’Λ
1448 1488 1637 1558 9161;,
1699 1510 1715 1540 ι
1756 1491 1954 1560 partim
1977 1501 2032 1543 ut
2057 1491 2121 1544 ad
2142 1492 2347 1545 Arabas

774 1581 991 1634 Cretam
1024 1582 1338 1637 obtinentes
1365 1584 1632 1653 legatione
1664 1585 1939 1653 fungerer,
1988 1604 2003 1633 θ
2038 1586 2342 1647 concludit,

776 1688 837 1726 ea
868 1673 921 1726 in
954 1675 1301 1742 expeditione
1333 1675 1753 1745 Mctaphrastem
1784 1676 2144 1742 provectioris
2166 1677 2345 1729 :etatis

776 1760 965 1819 fuisse.
995 1780 1115 1832 qua:
1146 1781 1315 1833 capax
1336 1774 1481 1818 esset
1507 1765 1841 1821 sustinenda:
1869 1766 2237 1828 anetoritatis,
2259 1776 2344 1820 at-

2452 566 2555 618 mel
2590 566 2793 626 dicam,
2828 574 2975 625 ortu,
3004 562 3168 616 etiam
3192 560 3422 615 florente
3449 562 3647 629 capillo
3670 562 4027 625 ostendebat;

2452 674 2558 711 non
2591 673 2752 712 secus
2788 668 2950 725 atque
2986 657 3205 708 leonum
3245 654 3410 709 catuli
3446 655 3744 707 ostendunt
3783 656 4031 723 protinus

2450 750 2808 820 supercilium
2852 760 2909 802 et
2959 750 3179 802 densam
3218 747 3343 803 colli
3374 746 3584 817 jubam.
3621 746 3837 806 Etenim
3867 745 4029 802 ﬂores

2449 843 2798 912 pullulabant
2861 839 3271 910 intelligentiae,
3328 847 3381 892 et
3435 835 3671 891 habebat
3730 835 4029 904 prndentim

2450 933 2779 1003 profundam
2808 931 3101 1001 quamdam
3140 929 3401 991 radicem,
3444 928 3681 996 quodam
3716 925 4027 979 admirabili

2449 1026 2658 1095 fulgore
2684 1040 2836 1078 tuens
2860 1022 3114 1077 micabat.
3143 1020 3266 1074 Htec
3295 1021 3415 1074 aliis
3437 1020 3658 1089 quidem
3683 1018 4029 1072 suti‘ecissent

2449 1117 2515 1170 ad
2577 1116 3007 1186 perfectionem;
3061 1112 3112 1165 in
3192 1111 3285 1163 illo
3338 1119 3519 1163 autem
3591 1108 4030 1179 agnoscebantur

2448 1208 2616 1262 veluti
2649 1204 2892 1275 quaedam
2934 1204 3085 1272 prius
3122 1200 3411 1270 descripta:
3441 1200 3646 1268 figurae,
3681 1215 3804 1268 quae
3851 1198 4031 1267 perfe-

2448 1309 2589 1354 ctam
2623 1301 2741 1369 ejus
2790 1299 3029 1353 indolem
3082 1295 3599 1367 prtesignifieabant.
3631 1315 3649 1343 ιι
3708 1295 3851 1362 Quid
3912 1293 4029 1347 miri

2449 1392 2638 1460 igitur,
2666 1391 2709 1445 si
2740 1390 3135 1459 filetaphrastes
3166 1388 3219 1441 id
3255 1388 3518 1456 temporis
3542 1387 3815 1455 legatione
3845 1387 4028 1455 aliqua

2452 1486 2770 1552 perfunctus
2823 1481 3009 1544 luerit,
3063 1480 3357 1550 prudentia
3415 1479 3587 1548 magis
3654 1493 3814 1545 quam
3873 1487 4032 1531 aetate

2450 1574 2781 1644 provectus?
2815 1575 2955 1627 forte
3001 1574 3164 1628 etiam
3196 1574 3319 1626 aliis
3358 1572 3550 1641 legatis
3591 1570 3908 1623 senioribus
3942 1570 4035 1623 ho-

2451 1668 2605 1721 noris
2636 1681 2798 1721 causa
2827 1666 3068 1729 additus,
3107 1675 3166 1718 ut
3199 1662 3658 1732 quemadmodum
3699 1662 3801 1713 sub
3840 1661 4030 1713 Hime-

2453 1762 2536 1813 rio
2563 1771 2831 1814 veterano
2859 1758 2997 1812 duce
3030 1757 3107 1811 rei
3139 1754 3409 1817 militaris,
3437 1755 3507 1807 ita
3538 1753 3640 1807 sub
3680 1753 3746 1806 iis
3779 1752 3857 1806 rei
3896 1754 4034 1821 poli-

779 1869 884 1921 que
928 1855 1072 1909 illius
1116 1856 1437 1924 prudentiw,
1493 1874 1614 1928 quae
1669 1859 1719 1912 in
1776 1859 1952 1928 legato
2000 1861 2344 1928 requiritur:
2382 1832 2423 1887 Β
2456 1853 2575 1906 lica:
2628 1853 2775 1906 inter
2819 1863 3038 1904 exteras
3074 1849 3323 1902 nationes
3363 1847 3733 1901 rudimentum
3781 1857 4029 1913 poneret.

779 1959 947 2014 quare
1003 1960 1176 2001 annos
1224 1964 1308 2011 xc,
1370 1959 1465 2002 aut
1506 1951 1789 2004 minimum
1834 1966 1972 2003 xxxv
2023 1952 2071 2003 ei
2132 1951 2347 2007 tribuit.

779 2034 943 2091 Multa
992 2038 1208 2106 quidem
1270 2041 1358 2094 ille
1414 2052 1608 2110 przeter
1660 2042 1763 2096 alia
1813 2058 1986 2112 eaque
2026 2043 2345 2112 gravissima

777 2126 990 2181 erudite
1016 2130 1276 2200 congerit,
1296 2132 1437 2187 unde
1462 2134 1779 2203 opinionem
1805 2150 1956 2187 suam
1977 2134 2344 2189 verosimilem

782 2217 995 2271 reddat.
1964 2286 1973 2294 ί

851 2308 901 2366 9.
937 2311 1127 2366 Omnia
1179 2319 1378 2377 tamen,
1426 2328 1764 2385 quaecunque
1810 2314 1986 2378 affert,
2032 2332 2144 2371 rem
2192 2318 2350 2387 plane

778 2418 882 2457 non
918 2403 1237 2464 conficiunt,
1263 2404 1422 2474 idque
1448 2406 1622 2458 solum
1649 2406 2009 2468 convincunt,
2044 2408 2352 2461 communi-

781 2504 861 2549 ter
901 2495 953 2549 id
986 2499 1301 2563 contingere
1324 2496 1626 2551 secundum
1663 2497 2002 2550 ordinarium
2039 2510 2220 2551 rerum
2255 2501 2347 2551 htt-

778 2599 1058 2640 manarum
1098 2600 1341 2647 cursum,
1384 2602 1491 2638 non
1539 2602 1667 2639 vero
1701 2587 1971 2653 absolute,
2020 2590 2092 2641 ita
2141 2590 2347 2643 factum

780 2692 1058 2745 nunquam
1084 2690 1223 2731 esse.
1250 2675 1427 2745 Capax
1460 2678 1662 2731 etenim
1693 2686 1775 2730 est
1804 2694 2190 2748 nonnunquam
2216 2680 2348 2733 ado—

778 2767 1034 2820 lescentia
1071 2783 1249 2821 rerum
1296 2770 1681 2830 maximarum,
1729 2779 1840 2823 tum
1896 2771 1950 2824 in
1985 2770 2199 2833 militia,
2236 2780 2349 2824 tum

779 2857 833 2911 in
864 2858 1164 2927 republica,
1203 2862 1504 2929 przesertim
1569 2860 1611 2913 si
1665 2860 1956 2927 prudentia
2008 2868 2062 2911 et
2112 2860 2354 2912 exterior

776 2950 1026 3018 corporis
1069 2950 1299 3018 species,
1359 2959 1414 3001 ut
1462 2951 1790 3017 quandoque
1840 2950 2039 3002 factum
2091 2950 2349 3016 vidimus,

775 3040 954 3092 aetatis
986 3038 1257 3093 defectum
1292 3039 1560 3108 suppleat.
1584 3038 1651 3093 Ut
1677 3039 1811 3091 alios
1846 3048 2186 3109 praeteream,
2218 3039 2307 3094 Sci
2329 3069 2350 3079 -

780 3130 877 3198 pio
900 3129 1207 3194 Africanus,
1230 3132 1374 3201 quod
1400 3132 1643 3184 Romana
1680 3130 1843 3183 habet
1884 3124 2112 3184 historia
2181 3146 2354 3185 annos

780 3235 902 3273 xxiv
934 3229 1114 3283 natus,
1162 3222 1460 3290 imperator
1515 3222 1714 3273 missus
1762 3231 1845 3272 est
1901 3221 1955 3271 in
2015 3219 2350 3289 Hispaniam,

779 3328 940 3383 quam
990 3322 1228 3381 quatuor
1277 3313 1551 3365 mensium
1603 3310 1777 3378 spatio
1829 3308 2354 3380 Carthagincnsibus

779 3404 1004 3473 eripuit.
1034 3403 1327 3471 Pompeius
1372 3402 1617 3472 Magnus,
1647 3410 1783 3457 teste
1818 3400 2080 3457 Cicerone
2112 3403 2166 3457 in
2198 3403 2347 3460 Orat.

781 3511 874 3561 pro
923 3494 1031 3562 lege
1091 3493 1339 3558 Manilia,
1392 3493 1671 3546 «ineunte
1722 3491 2092 3545 adolescentia
2154 3495 2353 3545 summi

784 3588 898 3656 ipse
932 3586 1208 3641 exercitus
1243 3587 1538 3653 imperator
1573 3583 1716 3646 fuit;
1758 3602 1777 3633 ι
1825 3591 1882 3636 ct
1926 3591 2107 3635 tamen
2153 3592 2354 3652 quanta

785 3678 839 3730 in
877 3677 1211 3730 moderando
1239 3675 1631 3743 dirigendoque
1663 3673 1910 3726 exercitu
1943 3675 2236 3741 prudentia
2265 3692 2354 3731 re-

793 3784 1023 3836 rumque
1059 3783 1188 3821 usus
1218 3768 1551 3836 requiritur!
1587 3765 1747 3821 Juvat
1772 3766 1861 3822 hic
1884 3781 2177 3824 annecterc
2206 3772 2355 3839 quod

785 3848 1238 3930 refertBeyerlink
1260 3859 1311 3912 in
1332 3857 1548 3912 Theatra
1566 3860 1680 3912 vita:
1696 3859 2048 3922 Imm.,verbo
2070 3878 2083 3912 :
2105 3859 2356 3929 Legatus.

792 3970 807 3999 I
848 3950 1141 4009 Venerant,
1169 3951 1366 4017 inquit,
1403 3951 1674 4016 superiori
1704 3964 1821 4003 aevo
1863 3950 1929 4003 ad
1968 3950 2355 4021 imperatorem

783 4040 1029 4097 Orientis
1061 4041 1335 4095 imberbes
1360 4040 1543 4110 legati,
1566 4055 1703 4111 quos
1740 4056 1863 4097 cum
1900 4042 1987 4097 ille
2026 4043 2352 4112 despiceret,

785 4136 926 4202 quod
986 4135 1450 4187 adolescentiores
1509 4132 1659 4184 missi
1708 4143 1911 4198 essent,
1950 4134 2123 4187 libere
2161 4144 2216 4189 et
2254 4150 2357 4189 au-

784 4228 973 4282 dacter
999 4225 1254 4279 dixerunt
1292 4242 1303 4276 :
1352 4222 1405 4278 Si
1438 4238 1504 4278 ex
1538 4225 1705 4277 menti
1738 4223 1990 4294 lanugine
2030 4226 2354 4282 aestimanda

784 4320 855 4374 sit
882 4318 1130 4388 aptitudo
1161 4328 1216 4371 et
1252 4316 1509 4385 dignitas,
1550 4316 1734 4371 bircos
1764 4319 2010 4386 potiores
2038 4330 2221 4388 partes
2252 4319 2351 4373 ha-

790 4412 1015 4464 bituros.
1057 4430 1074 4458 μ

2531 1947 2613 1997 Η.
2660 1942 2815 2008 Quod
2873 1942 3036 2011 igitur
3088 1938 3205 1993 fieri
3265 1937 3465 2008 potuit,
3510 1937 3712 1993 factum
3770 1936 4037 2005 tantisper

2454 2050 2853 2107 supponamus,
2882 2044 3049 2103 atque
3075 2033 3267 2087 ultimo
3296 2031 3497 2085 Leonis
3526 2028 3843 2098 Philosophi
3869 2043 4036 2091 anno,

2452 2145 2573 2183 aet-te
2600 2129 2905 2183 communis
2932 2128 3056 2189 9H,
3081 2123 3336 2197 Symeoni
3390 2121 3741 2191 Metaphrasti
3786 2136 3893 2173 xu
3950 2128 4038 2173 aut

2454 2237 2599 2274 nxn
2640 2234 2909 2273 annorum
2942 2228 3156 2271 aetatem
3193 2216 3523 2269 tribuamus.
3562 2213 3770 2266 l'oterlt
3799 2222 3936 2265 tunc
3966 2211 4029 2265 ad

2455 2312 2699 2381 tempora
2724 2310 3017 2378 Nicephori
3048 2308 3241 2361 Pherae
3264 2307 3574 2375 pervenisse
3606 2306 3719 2375 (qui
3743 2322 3893 2360 anno
3915 2321 4039 2358 L\ll|

2455 2402 2699 2472 ejusdem
2721 2400 2904 2467 saeculi
2926 2398 3211 2468 imperium
3235 2395 3716 2462 Orientisadeptus
3734 2394 3862 2461 fuit)
3879 2404 4039 2462 atque

2457 2497 2811 2565 octogenario
2862 2494 3036 2564 major
3067 2493 3243 2561 aliqua
3291 2491 3455 2545 etiam
3508 2486 3887 2541 elucubrasse.
3929 2485 4039 2538 Hoc

2456 2589 2765 2657 supposito,
2800 2586 3086 2641 videamus
3108 2602 3175 2638 an
3204 2581 3558 2651 chronologia
3588 2580 3703 2633 haec
3738 2579 4041 2633 convenire

2457 2680 2632 2747 possit
2659 2687 2848 2731 nostro
2873 2677 3109 2738 auctori,
3140 2675 3233 2743 qui
3268 2689 3420 2727 num.
3450 2674 3516 2726 l9
3546 2686 3775 2725 narrans
3802 2670 4044 2723 miracu-

2460 2773 2571 2824 lum
2606 2768 2751 2838 quod
2781 2768 2968 2821 Bardae
3002 2766 3448 2836 protospathario
3485 2765 3705 2826 accidit,
3736 2765 3812 2817 ait
3850 2781 3865 2817 ε
3910 2764 4045 2826 Σφό-

2458 2862 2558 2930 δρα
2590 2862 2645 2913 δὲ
2688 2852 2844 2922 οὗτος
2888 2857 3151 2926 Ῥωμανῷ
3191 2855 3402 2922 βασιλεῖ
3440 2854 3515 2921 τῷ
3564 2855 3799 2906 ἐπιεικεῖ
3848 2869 3907 2904 τε
3954 2853 4044 2903 καὶ

2459 2952 2682 3023 χρηστῷ
2737 2952 3144 3022 προσῳκείωτο,
3199 2949 3257 3002 ὃν
3308 2950 3400 3001 καὶ
3461 2948 3606 2999 ἴσασι
3663 2946 3892 3010 πάντες,
3932 2944 4045 2995 tale

2462 3046 2882 3096 Κωνσταντίνου
2918 3042 3196 3112 γενέσθαι,
3228 3040 3343 3105 τοῦ,
3392 3040 3461 3093 τὰ
3510 3039 3689 3093 πάντα
3750 3035 4043 3089 συνελόντα

2462 3134 2654 3196 εἰπὼν,
2686 3134 3137 3203 βασιλικωτάτου.
3184 3155 3199 3184 ι
3240 3134 3301 3187 Ei
3330 3148 3457 3187 vero
3479 3130 3710 3202 (Barda')
3739 3145 3939 3200 magna
3963 3129 4045 3182 in-

2457 3234 2784 3281 tercesserat
2841 3227 3186 3280 familiaritas
3239 3241 3363 3278 cum
3407 3225 3656 3278 Romano
3704 3226 4043 3291 imperatore

2454 3318 2693 3389 benigno
2728 3326 2782 3371 et
2809 3318 3101 3380 clemente,
3128 3332 3290 3385 quem
3327 3316 3509 3368 sciunt
3544 3328 3737 3367 omnes
3764 3313 3939 3367 fuisse
3980 3313 4041 3365 ti-

2454 3410 2587 3463 lium
2623 3409 2994 3474 Constantini,
3035 3409 3128 3478 qui
3167 3408 3250 3478 (ut
3279 3406 3463 3460 omnia
3494 3406 3665 3460 semel
3701 3406 3907 3475 dicam)
3938 3405 4043 3460 fuit

2456 3501 2755 3570 imperator
2805 3500 3079 3571 egregius,
3109 3517 3127 3550 ι
3178 3498 3382 3570 quibus
3417 3496 3606 3552 verbis
3660 3495 3728 3551 de
3786 3495 4042 3551 Romano

2453 3589 2797 3646 Constantini
2832 3590 3284 3661 Porphyrogeniti
3325 3588 3460 3649 tilio.
3488 3589 3677 3658 utjam
3704 3597 3931 3640 mortuo
3957 3586 4042 3637 loo

2454 3683 2546 3751 qui
2570 3682 2810 3747 videtur,
2851 3682 2959 3736 nisi
2991 3681 3131 3735 forte
3157 3680 3294 3734 verti
3325 3679 3498 3748 possit
3529 3697 3542 3731 :
3594 3696 3613 3729 ι
3643 3676 3707 3731 Ei
3751 3689 3888 3729 vero
3929 3690 4043 3727 rna-

2454 3790 2559 3843 gna
2584 3772 2959 3827 intercedebat
2988 3770 3334 3823 familiaritas
3364 3784 3488 3823 cum
3521 3768 3772 3822 Romano
3796 3766 4040 3835 impera-

2457 3873 2595 3926 tore,
2626 3878 2787 3934 quem
2811 3861 2993 3917 sciunt
3024 3876 3219 3916 omnes
3247 3875 3368 3915 esse
3392 3859 3562 3914 filium
3587 3858 3981 3924 Constantini;
4019 3878 4037 3909 ι

2454 3966 2619 4027 atque
2654 3956 2728 4010 ita
2761 3958 2828 4010 ad
2859 3956 3093 4011 Romani
3130 3954 3484 4026 imperatoris
3521 3964 3789 4027 tempora,
3828 3952 3923 4022 qui
3974 3952 4041 4006 ab

2457 4063 2599 4102 anno
2647 4047 2753 4103 960
2804 4049 2871 4101 ad
2916 4049 2986 4102 63
3027 4048 3321 4117 imperium
3353 4048 3548 4109 tenuit,
3585 4045 3777 4100 referri
3823 4056 4034 4114 posset.

2454 4137 2592 4191 alias
2615 4138 2681 4192 ad
2707 4139 3045 4194 successoris
3076 4140 3221 4195 illius
3242 4138 3536 4206 Nicephori
3566 4137 3762 4191 Phoca:
3792 4144 4043 4202 tempora

2459 4228 2891 4296 transferendus,
2949 4232 3195 4301 adeoque
3248 4230 3385 4285 nihil
3440 4229 3532 4282 hic
3561 4236 3667 4290 est,
3710 4226 3862 4295 quod
3916 4240 4042 4279 eum

2456 4327 2618 4373 aetate
2651 4320 3037 4391 Metaphrastis
3062 4330 3289 4389 pugnet.

2532 4411 2618 4465 12.
2652 4412 2720 4467 At
2752 4413 2949 4467 terruit
2974 4426 3061 4464 me
3084 4411 3230 4479 quod
3255 4425 3405 4464 num.
3438 4410 3505 4465 15
3534 4411 3765 4482 legatur,
3802 4420 3863 4464 ut
3898 4409 4043 4479 apud

860 4501 945 4553 t0.
981 4499 1133 4565 Quod
1162 4498 1329 4570 igitur
1360 4499 1412 4553 in
1449 4498 1638 4569 paucis
1670 4498 1916 4569 contigit,
1952 4499 2005 4552 in
2045 4499 2351 4569 Metaphra-
2389 4533 2432 4585 υ
2462 4507 2682 4561 Surium
2746 4509 3065 4564 translatum
3122 4518 3225 4572 est,
3276 4509 3487 4565 scilicet
3523 4530 3536 4565 :
3576 4528 3595 4561 ί
3632 4511 3777 4564 Petit
3822 4526 3853 4563 a
3897 4511 4041 4564 bono

786 4606 868 4651 ste
905 4594 1224 4660 contingere
1254 4592 1454 4660 potuit.
1476 4591 1773 4660 praesertim
1803 4605 1927 4643 cum
1954 4589 2180 4645 Michael
2209 4591 2357 4647 Psel-

787 4689 872 4741 lus
915 4686 1089 4755 ipsius
1143 4683 1525 4746 cncomiastes,
1557 4684 1674 4753 ejus
1712 4685 1765 4736 in
1799 4685 1972 4751 prima
2014 4692 2171 4735 aetate
2205 4684 2359 4754 inge-

789 4779 960 4838 nium,
989 4777 1343 4842 innatantque
1383 4773 1537 4841 quasi
1571 4772 1913 4841 prudentiam
1938 4772 2164 4827 extollat
2204 4774 2356 4830 hisce

790 4873 975 4925 verbis
1009 4886 1021 4922 :
1066 4887 1081 4916 (ί
1126 4866 1231 4921 Καὶ
1261 4869 1320 4919 τὸ
1365 4867 1505 4918 κατὰ
1540 4868 1756 4919 πάντων
1790 4867 2118 4936 ἀσύγκριτον
2160 4867 2359 4936 κράτος

792 4967 883 5017 καὶ
906 4959 1303 5031 ἀπαράμιλλονν
1336 4954 1401 5028 ἦν
1442 4959 1537 5027 μὲν
1560 4959 1717 5021 εὐθὺς
1742 4960 1800 5010 τὸ
1831 4960 1891 5010 ἐκ
1914 4958 2158 5027 πρὼτηεν
2184 4960 2257 5021 ὡς
2284 4962 2360 5011 εἰ-

793 5060 933 5121 πεῖν,
965 5057 1251 5121 γενέσεως,
1287 5052 1381 5103 καὶ
1417 5052 1473 5113 ἐξ
1506 5051 1771 5115 ἀνθούσης
1804 5053 1901 5120 ἤδη
1935 5052 2137 5119 τριχὸς,
2169 5052 2360 5122 ὥσπερ

790 5152 837 5201 οἱ
882 5151 988 5200 τῶν
1026 5149 1251 5200 λεόντων
1294 5144 1542 5215 σκύμνοι,
1570 5142 1730 5203 εὐθὺς
1756 5144 1849 5212 τὴν
1876 5145 2055 5213 ὀφρὺν
2093 5147 2357 5211 παραδει-

793 5240 1065 5302 κνύοντες,
1110 5241 1200 5289 καὶ
1246 5238 1351 5289 τῶν
1399 5233 1736 5302 ὲπλυχενίων
1784 5236 1986 5303 τριχῶν
2041 5237 2100 5288 τὸ
2153 5236 2354 5288 λάσιον.

798 5332 1056 5401 ’Υπήνοει
1096 5330 1201 5398 γὰρ
1242 5327 1389 5393 αὑτῴ
1429 5327 1493 5377 τὰ
1526 5330 1621 5391 τῆς
1668 5325 1933 5385 συνέσεως
1976 5326 2133 5393 ἄνθη,
2166 5328 2259 5379 καὶ
2298 5327 2360 5378 τὸ

792 5425 1044 5493 φρόνημα
1085 5422 1237 5489 ῥίζαν
1274 5417 1392 5471 τινὰ
1434 5412 1543 5485 εἶχε
1579 5415 1819 5485 βαθεῖαν,
1864 5416 1956 5468 καὶ
2013 5418 2039 5469 ὁ
2091 5418 2213 5480 νοῦς
2272 5416 2359 5481 ἐξ·

792 5514 1069 5585 ἐκστρατετέ
1117 5530 1168 5565 τι
1229 5510 1548 5580 θαυμάσιον.
1605 5508 1788 5562 Ταῦτα
1824 5510 1879 5561 δὲ
1909 5513 2018 5573 toi;
2059 5511 2154 5578 μὲν
2183 5512 2361 5574 alios;

792 5608 1063 5678 ἀρκοῦντα.
1093 5604 1384 5673 ἐτύγχανεν
1417 5604 1495 5663 εἰς
1526 5603 1820 5665 τελείωσιν,
1852 5605 2042 5673 ἐκείνῳ
2071 5604 2126 5655 δὲ
2163 5622 2362 5673 προχα-

790 5702 1047 5774 ρὲιγματιι
1075 5696 1172 5763 τῆς
1202 5694 1411 5754 τελείας
1449 5694 1770 5761 ἐγνωρίζετο
1797 5694 2031 5763 φύσεως.
2077 5714 2094 5745 ι
2132 5696 2261 5761 Qttrc
2296 5713 2359 5751 ex

792 5790 1241 5861 interpretatione
1265 5786 1443 5843 Allatii
1474 5787 1545 5840 ita
1566 5797 1794 5840 sonant:
1829 5807 1841 5839 ι
1881 5785 1945 5845 Et
1974 5788 2115 5843 vires
2139 5789 2356 5858 quidem

2458 4597 2666 4653 Joanne
2701 4600 2814 4667 (ille
2843 4599 2989 4654 enim
3018 4608 3149 4653 tunc
3168 4599 3453 4654 obtinebat
3476 4600 3793 4668 imperium)
3819 4611 3880 4655 ut
3907 4615 4039 4655 cura

2463 4687 2626 4755 hujus
2684 4689 2881 4745 domus
2929 4688 3035 4743 sibi
3086 4688 3555 4753 demandaretur;
3595 4708 3610 4738 ι
3653 4689 3747 4743 ubi
3797 4689 4041 4745 Joannes

2460 4781 2737 4837 Zemisces
2768 4781 3111 4851 indigitatur,
3134 4783 3227 4851 qui
3251 4796 3396 4835 anno
3419 4780 3522 4835 969
3547 4796 3779 4851 regnare
3809 4784 4037 4852 incepit,

2463 4875 2529 4929 ad
2555 4874 2712 4942 cujus
2741 4881 2985 4942 tempora
3016 4872 3412 4944 Metaphrastes
3436 4887 3579 4942 mgre
3613 4883 3796 4942 potest
3830 4873 4040 4941 pertin~

2463 4980 2613 5034 gere,
2639 4964 2745 5018 nisi
2790 4980 2916 5019 eum
2949 4965 3322 5034 nonagenario
3352 4966 3636 5035 majorem,
3678 4965 3863 5018 Vitam
3905 4966 4040 5019 hanc

2464 5055 2747 5124 scripsisse
2774 5057 3059 5110 fateamur.
3091 5056 3263 5120 Quam
3290 5056 3360 5108 ob
3398 5074 3511 5111 rem
3542 5072 3642 5127 pro
3672 5056 3887 5111 Joanne
3913 5059 4041 5111 scri-

2466 5146 2701 5199 bendum
2740 5158 2869 5216 puto
2910 5146 3329 5202 Constantinum
3362 5167 3374 5200 :
3412 5150 3575 5217 idque
3602 5163 3669 5202 eo
3698 5148 3920 5204 facilius
3954 5151 4040 5205 ad-

2465 5235 2636 5289 ducor
2682 5247 2739 5290 ut
2784 5236 3021 5299 credam,
3059 5238 3184 5305 quia
3225 5238 3276 5290 in
3315 5238 3590 5306 ccgrapho
3622 5247 3815 5293 nostro
3856 5240 4041 5295 Graeco

2467 5343 2665 5380 nomen
2710 5329 2948 5382 Joannes
2977 5326 3182 5395 integre
3219 5327 3482 5395 scriptum
3516 5343 3623 5381 non
3664 5328 3926 5390 habetur,
3952 5328 4038 5382 sed

2466 5419 2679 5472 duabus
2714 5431 2922 5472 tantum
2959 5418 3265 5471 initialibus
3306 5420 3507 5473 litteris
3549 5419 3654 5472 Ἰὼ.
3708 5419 3770 5475 In
3809 5421 4043 5475 authen-

2468 5512 2574 5563 tico
2609 5511 2773 5579 igitur
2808 5524 3006 5564 nomen
3055 5509 3446 5567 Constantinus
3503 5525 3601 5578 per
3647 5513 4040 5581 compendium

2467 5606 2728 5673 scriptum
2784 5603 2950 5658 fuerit
2989 5604 3204 5660 duabus
3244 5613 3339 5658 aut
3377 5603 3557 5658 tribus
3605 5605 3803 5674 primis
3853 5605 4046 5665 litteris

2470 5698 2594 5748 Κῶν
2648 5706 2856 5749 tantum
2900 5712 3261 5765 expressum;
3301 5697 3445 5753 unde
3490 5699 3711 5753 extritis
3774 5700 4046 5757 edacitate

2470 5790 2757 5858 temporis,
2795 5788 2845 5842 in
2882 5792 3054 5858 prima
3088 5792 3265 5845 littera
3293 5793 3359 5857 Κ,
3382 5792 3595 5849 duabus
3630 5796 3962 5853 transversis
3986 5796 4047 5849 li~
