4196 6306
151 401 246 466 273

1359 405 1533 465 VITA
1577 405 1634 466 S.
1678 406 2121 468 SAMPSONIS.

3283 405 3348 465 21
3360 407 3390 465 -1

152 513 314 568 aeolis
351 521 402 566 et
433 507 620 566 ultima
667 509 806 567 forte
859 511 1043 566 littera
1067 529 1117 574 ν,
1145 510 1232 565 ’ῐῶ
1258 513 1618 579 remanserit;
1645 529 1714 568 ex
1747 527 1790 578 Α
1823 515 1971 570 illius
2025 515 2268 572 historian
2321 524 2496 586 putat,
2563 531 2684 584 qua:
2731 515 2950 577 habeat,
3013 514 3388 567 nosocomium

151 621 313 675 eoque
344 605 610 661 Joannem
642 605 894 660 fecerint.
935 606 1072 661 Cum
1115 605 1282 674 igitur
1324 605 1413 660 illa
1445 608 1519 660 ita
1552 622 1702 661 com-

152 698 299 752 mode
322 698 581 767 explicari
611 699 841 769 possint.
871 707 1179 766 cazteraque
1199 697 1382 752 omnia
1405 696 1709 767 Metaphra—

150 789 214 843 sti
260 792 604 854 conveniant,
676 789 813 843 nihil
865 789 1042 850 obest,
1096 789 1392 857 quominus
1425 789 1601 844 Vitam
1647 789 1705 844 S.

152 883 457 953 Sampsonis
502 883 554 937 ei
600 884 962 946 ascribamus,
989 896 1153 950 quam
1203 883 1258 936 in
1295 881 1570 951 decrepita
1610 898 1707 936 sua

149 982 422 1028 senectute
445 974 840 1043 composuerit,
864 981 1152 1042 postquam
1181 973 1544 1042 plurimorum
1571 992 1712 1030 mar-

151 1072 322 1119 tvrum
362 1072 417 1119 et
452 1066 854 1129 conlessorum,
894 1076 956 1121 ut
988 1065 1215 1136 ipsemet
1265 1066 1580 1132 conﬁtetur,
1628 1083 1716 1124 res

149 1164 325 1223 gestas
354 1154 408 1208 in
440 1155 619 1209 lucem
648 1157 919 1212 ediderat.

220 1246 301 1299 15.
346 1245 603 1300 Notatum
652 1246 874 1302 invenio
924 1247 979 1300 in
1015 1245 1200 1302 Indice
1235 1255 1424 1303 nostro
1460 1247 1714 1314 viatorio,

151 1335 324 1389 Vitam
367 1337 708 1406 Sampsonis,
768 1354 889 1408 qua:
937 1336 1153 1408 incipit,
1196 1339 1357 1392 Ἀ).λὰ
1402 1339 1502 1409 μὲν
1563 1339 1721 1409 χάρι-

147 1443 232 1488 τος
272 1427 431 1498 ἔργον
460 1430 554 1482 καὶ
579 1429 897 1498 Θεραπείας,
930 1430 1027 1499 τῆς
1056 1433 1192 1500 πρὸς
1227 1430 1317 1484 τδν
1361 1431 1536 1500 μέγαν
1566 1432 1719 1499 Σαμ-

145 1516 286 1583 ψών,
330 1527 464 1585 etc.,
511 1522 719 1574 servari
767 1521 1195 1590 manuscriptam
1246 1521 1299 1574 in
1375 1521 1723 1576 bibliothecis

150 1611 411 1666 Vaticana
439 1613 853 1667 etValliccllina
886 1613 1105 1677 Romae;
1153 1613 1280 1667 item
1319 1614 1374 1667 itt
1410 1611 1725 1668 Florentina

147 1712 204 1756 et
239 1702 588 1757 Taurinensi.
641 1703 813 1758 Nobis
865 1704 954 1757 illa
988 1705 1196 1772 pridem
1237 1715 1484 1760 extracta
1515 1705 1620 1760 fuit
1657 1723 1746 1777 ex

147 1791 343 1846 codice
385 1805 514 1854 ms.,
549 1800 612 1845 ut
646 1791 757 1862 jam
789 1791 923 1853 dixi.
972 1792 1231 1848 Medicam
1268 1793 1413 1865 regis
1455 1794 1729 1851 Christia-

1814 605 2159 676 Sampsonis,
2195 605 2388 662 eodem
2435 620 2683 678 rogante,
2713 622 2742 660 a
2781 605 3088 660 Justiniano
3120 619 3390 664 erectum.

1812 713 1941 752 cum
1982 697 2285 767 Procopius
2307 699 2474 762 dicat,
2511 707 2900 760 restauratum,
2923 697 3066 767 quod
3089 698 3197 766 jam
3232 709 3392 750 antea

1810 789 1953 847 idem
1983 789 2249 859 Sampson
2283 792 2695 846 exaediﬁcasset.
2731 792 2930 846 Verum
2963 789 3101 844 adeo
3131 790 3387 858 exiguum

1812 877 1915 933 fuit
1962 881 2199 950 primum
2241 882 2372 936 illud
2409 883 2730 952 Sampsonis
2765 882 3075 941 aediﬂcium,
3113 891 3220 934 tam
3268 879 3391 935 illu-

1814 981 1928 1026 stre
1955 987 2084 1027 vero
2120 981 2340 1042 tamque
2376 973 2722 1044 magniﬁcum
2768 990 2796 1026 a
2823 973 3133 1028 Iustiniano
3164 973 3391 1027 factum»

1817 1071 1880 1115 ut
1931 1062 2070 1118 nihil
2118 1065 2338 1119 veritati
2393 1064 2696 1120 detraxisse
2759 1064 3158 1134 Metaphrastes
3215 1063 3391 1117 videri

1816 1153 2012 1222 possit.
2036 1152 2191 1219 Quod
2224 1155 2377 1209 addit
2411 1153 2675 1210 Baronius
2713 1154 2780 1208 de
2823 1154 3246 1224 conﬂagratione
3275 1154 3395 1222 ejus

1819 1245 2147 1311 nosocomii,
2198 1261 2362 1315 quam
2415 1255 2528 1301 tum
2570 1247 2866 1319 contigisse
2911 1238 3229 1310 arbitiatur,
3267 1262 3396 1301 cum

1823 1339 1925 1393 sub
1965 1338 2252 1394 Anastasio
2297 1339 2511 1394 Sancta:
2549 1339 2768 1406 Soniiiae
2817 1341 3080 1410 templum
3137 1349 3394 1394 exustum

1825 1428 1964 1496 fuit;
1992 1429 2202 1484 clarum
2247 1439 2330 1485 est
2358 1430 2416 1485 in
2452 1431 2699 1486 historiis
2732 1448 2839 1486 non
2874 1432 3042 1486 semel
3079 1431 3210 1486 illud
3256 1441 3396 1485 tem-

1826 1520 1976 1590 plum
2035 1521 2310 1576 incendiis
2353 1523 2655 1578 obnoxium
2701 1524 2898 1590 fuisse;
2933 1522 3226 1580 Justiniani
3265 1537 3394 1577 vero

1828 1624 1972 1664 anno
2005 1626 2034 1662 v
2061 1610 2191 1664 illud
2219 1613 2593 1667 nosocomium
2629 1613 2911 1669 incensum
2941 1629 3062 1668 esse
3095 1615 3236 1668 idem
3271 1614 3391 1666 Pro-

1829 1699 2023 1771 copius
2053 1701 2220 1757 refert
2240 1703 2337 1757 lib.
2366 1719 2382 1757 l
2412 1702 2487 1757 De
2507 1706 2646 1774 trdif.
2690 1714 2746 1759 et
2783 1705 2951 1759 tBelli
2976 1705 3125 1758 Pera.
3151 1721 3269 1772 cap.
3304 1705 3396 1770 24,

1833 1801 1890 1846 et
1927 1793 2292 1864 Theophanes
2340 1795 2407 1850 ad
2449 1811 2651 1851 annum
2695 1813 2725 1850 v
2773 1797 3092 1852 Justiniani.
3145 1795 3399 1851 Fortasse

149 1882 392 1951 nissimi,
423 1882 527 1938 sub
562 1883 667 1940 hoc
701 1885 884 1951 titulo,
914 1884 1035 1949 Bio;
1066 1889 1156 1940 καὶ
1191 1888 1433 1941 πολιτεία
1456 1889 1550 1942 τοῦ
1580 1891 1727 1944 ὁσίου

1833 1885 2054 1955 majoris
2095 1884 2354 1939 momenti
2401 1886 2459 1941 lit
2501 1886 2554 1941 in
2585 1886 2687 1941 hac
2712 1903 2791 1951 re,
2826 1888 2970 1956 quod
3002 1888 3300 1956 l'rocopius
3333 1888 3400 1940 do

154 1975 368 2044 Πατρδς
394 1975 553 2046 ἡμῶν
585 1976 824 2046 Σαμψὼν
853 1977 944 2030 τοῦ
970 1977 1242 2048 ξενοδόχου
1262 1995 1275 2010 ·
1373 1981 1491 2039 Vita
1521 1992 1576 2036 et
1599 1998 1730 2037 con-

148 2066 394 2122 versatio
423 2067 596 2123 sancti
623 2067 802 2122 Patris
831 2069 1004 2124 nostri
1044 2067 1383 2139 Sampsonis,
1417 2076 1730 2142 exceptoris

150 2158 462 2229 hospitum.
498 2177 517 2211 ι
556 2160 807 2215 Latinam
839 2161 1240 2232 impresserunt
1283 2163 1615 2234 Lipomanus
1648 2175 1733 2221 to-

152 2265 249 2304 mo
274 2250 329 2312 6,
350 2262 406 2306 et
435 2266 501 2306 ex
526 2252 643 2322 ipso
668 2251 863 2307 Surins
889 2262 1036 2308 tomo
1058 2252 1122 2319 2;
1149 2254 1300 2321 juxta
1331 2254 1734 2324 interpretatio-

144 2355 281 2395 nem
312 2339 563 2399 Gentiani
596 2343 815 2400 Herveti
847 2360 864 2399 :
897 2360 1058 2413 quam
1085 2342 1337 2399 eamdem
1367 2360 1470 2416 ego
1501 2363 1725 2419 quoque

148 2431 248 2485 hic
291 2431 527 2495 retineo,
573 2433 628 2489 iu
659 2435 848 2504 paucis
883 2444 1064 2488 tamen
1097 2434 1394 2502 aliquibus,
1423 2452 1549 2491 cum
1584 2439 1732 2495 textu

146 2524 348 2579 (ἐπεοο
372 2526 602 2591 collatis,
623 2534 913 2581 mutatam.

613 2658 640 2731 ς
664 2659 731 2715 ll.
762 2691 828 2703 —-
853 2661 1076 2733 Tempus
1095 2665 1298 2719 mortis.

228 2798 321 2852 M.
369 2798 526 2865 Quod
583 2801 650 2857 ad
709 2812 924 2859 aetatem
973 2803 1290 2873 Sampsonis
1321 2803 1538 2865 attinet,
1568 2803 1737 2856 Mela-

142 2893 440 2959 phrastes,
480 2885 848 2962 Menologium
893 2894 1080 2950 Basilii
1127 2894 1601 2966 Porphyrogeniti,
1628 2893 1740 2948 Mc-

143 2997 276 3035 naea
323 2996 544 3039 excusa.
568 2982 822 3053 Origines
865 2984 1484 3056 Constantinopolitanae
1522 2986 1741 3041 inedita:

139 3083 321 3141 parte
357 3088 416 3136 ll,
444 3087 570 3126 cum
604 3073 859 3129 ﬂoruisse
889 3074 1044 3129 aiunt
1084 3076 1187 3130 sub
1216 3075 1530 3131 Iustiniano
1564 3077 1739 3145 impe-

137 3174 371 3229 ratore,
408 3174 596 3233 utpote
647 3167 741 3236 qui
799 3167 867 3221 ab
925 3167 1113 3222 eodem
1164 3178 1355 3222 sancto
1394 3168 1448 3221 in
1487 3167 1738 3222 vivisex-

135 3257 402 3311 sistente
454 3258 524 3312 ab
571 3256 963 3314 itnmedicabili
997 3258 1188 3315 morbo
1231 3259 1402 3316 fuerit
1441 3259 1743 3324 liberatus;

136 3349 356 3414 atque,
379 3356 440 3400 ut
463 3363 564 3416 pro
589 3358 738 3404 tanto
757 3350 1023 3407 beneﬂcio
1053 3361 1234 3420 grates
1267 3350 1514 3415 referret,
1543 3350 1752 3421 magni-

136 3437 335 3488 iicum
365 3436 544 3491 eidem
574 3438 931 3496 cdiﬂcaverit
956 3440 1382 3506 xenodoehinm,
1423 3441 1568 3511 quod
1597 3441 1754 3495 dein.

1835 1974 2154 2045 Sampsonis
2201 1986 2363 2032 atate
2416 1978 2530 2032 ait:
2576 1979 2743 2048 ’Δνήρ
2789 1996 2871 2038 τις
2911 1978 3168 2046 Θεοσεσὴς
3204 1978 3262 2030 ἐν
3290 1981 3401 2031 τοῖς

1832 2065 1943 2119 ἄνω
1972 2066 2205 2136 χρόνοις,
2239 2065 2475 2136 Σαμψὼν
2537 2069 2707 2138 δνομα
2745 2085 2761 2100 ο
2807 2067 2900 2122 Vir
2933 2069 3144 2136 quidam
3171 2071 3286 2136 pius
3312 2069 3402 2136 qui

1831 2160 2183 2229 superioribus
2217 2161 2375 2214 annis
2431 2160 2633 2230 ﬂoruit.
2683 2163 2750 2214 At
2792 2161 2897 2215 hoc
2924 2162 3088 2215 etiam
3125 2161 3258 2214 nihil
3285 2171 3399 2220 est;

1835 2263 1956 2305 nam
2021 2252 2318 2321 Procopius
2379 2253 2578 2307 librum
2639 2253 2792 2306 illum
2859 2253 2931 2306 De
2988 2252 3249 2319 adiﬁciis,
3311 2252 3402 2306 ubi

1834 2342 1939 2395 hoc
1995 2342 2182 2407 habet,
2216 2351 2462 2398 extremo
2518 2344 2810 2398 Justiniani
2871 2344 3103 2413 imperio
3159 2342 3403 2411 scripsit,

1833 2451 2030 2504 nempe
2075 2451 2167 2492 sex
2220 2446 2276 2491 et
2324 2437 2543 2507 triginta
2573 2447 2735 2504 atque
2788 2437 3022 2507 amplius
3079 2438 3246 2490 annis
3284 2447 3408 2504 post

1835 2537 2064 2582 mortem
2113 2528 2446 2597 Sampsonis.
2481 2529 2706 2598 Vigebat
2745 2538 2922 2583 tamen
2953 2533 3088 2582 adeo
3129 2531 3249 2598 ejus
3292 2543 3407 2582 me-

1834 2619 2031 2680 moria,
2083 2629 2141 2672 ut
2191 2620 2562 2686 Justinianus,
2621 2620 2842 2676 Novella
2893 2621 2959 2675 59
3010 2631 3064 2676 et
3124 2622 3252 2685 151,
3308 2621 3404 2675 ubi

1836 2708 1904 2763 de
1935 2710 2237 2779 Sampsone
2293 2710 2556 2781 loquitur,
2609 2712 2666 2765 Ὀ
2692 2711 2790 2775 τῆς
2821 2712 2968 2773 ὁσίας
3006 2716 3224 2784 μνήμης
3262 2714 3408 2782 Σαμ-

1837 2801 1955 2872 ψών
1991 2800 2159 2865 dicat,
2195 2821 2212 2853 t
2251 2803 2464 2857 Sancta:
2518 2803 2796 2859 memoriae
2847 2802 3152 2873 Sampson;
3193 2825 3210 2856 ι
3265 2804 3411 2872 quod

1841 2894 1924 2962 (ut
1973 2894 2150 2948 obiter
2190 2894 2396 2963 notem)
2445 2909 2566 2948 cum
2620 2894 2674 2948 in
2726 2895 2965 2963 antiquis
2997 2894 3410 2963 manuscriptiso

1840 2983 2040 3040 litteris
2079 2986 2452 3055 singularibus
2497 2985 2552 3041 S.
2587 2985 2658 3042 bl.
2685 2995 2932 3040 notatum
2966 2995 3132 3049 esset,
3168 2987 3307 3038 tnale
3357 2985 3413 3037 in

1841 3074 2390 3130 Latiniseditionibus
2404 3077 2638 3130 Novella:
2654 3077 2747 3133 l3l
2765 3085 3050 3146 exceptum
3071 3083 3154 3132 est
3173 3094 3184 3129 :
3205 3074 3418 3129 Sancta:

1845 3167 2024 3221 Mariae
2060 3166 2345 3236 Sampson.
2378 3166 2532 3231 Quod
2574 3177 2756 3222 autem
2795 3169 2849 3223 in
2884 3169 3248 3237 Mctaphraste
3289 3183 3411 3220 cor-

1851 3257 2141 3326 rigendum
2169 3259 2328 3327 plane
2379 3274 2598 3320 censeo.
2657 3269 2742 3313 est
2797 3261 2938 3312 ratio
2989 3261 3252 3328 temporis
3296 3260 3419 3313 \‘ilaB

1853 3346 2170 3417 Sampsonis
2220 3359 2276 3402 ct
2332 3365 2600 3404 annorum
2648 3350 2863 3420 imperii
2917 3349 3248 3411 Justiniani;
3290 3365 3413 3402 nam

1851 3438 2091 3492 antistite
2121 3437 2273 3493 Mena
2303 3438 2659 3508 Sampsoneni
2697 3438 3057 3504 superfuisse.
3096 3439 3238 3496 haud
3275 3439 3414 3492 bene

1851 3529 2241 3599 Metaphrastes
2271 3539 2479 3591 narrat,
2511 3546 2634 3582 cum
2678 3542 2806 3585 ante
2841 3531 3184 3584 consulatum
3215 3530 3423 3584 Bcltza-

1851 3621 1917 3672 rii
1952 3622 2174 3681 obiisse,
2205 3638 2271 3675 ex
2309 3623 2531 3677 Novella
2563 3622 2628 3678 59
2663 3620 2956 3692 pchp'tcue
2987 3631 3219 3676 constet.
3257 3623 3424 3675 Porro

1852 3712 2092 3779 ejusdem
2143 3711 2378 3767 Novelle
2427 3715 2726 3783 publicatio
2776 3725 2939 3785 atque
2989 3714 3185 3772 electio
3231 3713 3421 3774 Meum,

1853 3803 1964 3857 fere
1996 3804 2047 3856 in
2076 3804 2218 3859 idem
2248 3815 2460 3875 tempus
2498 3806 2771 3866 incidunt,
2813 3821 3008 3874 nempe
3043 3805 3187 3859 circa
3219 3819 3422 3857 annuut

1851 3894 2140 3950 Iustiniani
2179 3913 2265 3962 XI;
2297 3905 2350 3950 at
2382 3912 2512 3951 vero
2535 3907 2659 3952 ante
2687 3912 2889 3950 annum
2919 3899 3036 3968 ejus
3071 3912 3103 3948 v
3137 3911 3416 3958 mortuum

1855 3987 2208 4057 Sampsonent
2239 3987 2407 4043 fuisse
2448 4004 2610 4043 nemo
2646 3989 2882 4042 dubitet.
2928 3988 3007 4043 Ad
3055 3987 3200 4042 hunc
3233 3988 3425 4042 calcu—

1857 4079 1963 4132 lum
1996 4080 2297 4134 revocanda
2329 4090 2457 4134 sunt
2501 4096 2621 4149 qua:
2670 4083 2734 4134 de
2762 4079 3017 4134 inccndio
3058 4080 3358 4134 nosocomii
3397 4096 3424 4135 a

1854 4171 2219 4242 Metaphraste
2247 4180 2565 4225 narrantur.
2608 4190 2624 4221 i

137 3529 218 3580 de
287 3525 580 3597 H05pitale
638 3530 696 3584 S.
751 3530 1068 3600 Sampsonis
1107 3543 1194 3588 est
1248 3533 1601 3601 appellatum.
1655 3533 1752 3586 Ast

135 3617 476 3674 cardinalis
501 3617 771 3676 Baronius
794 3621 850 3674 in
874 3621 1030 3676 Notis
1060 3621 1126 3676 ad
1158 3621 1599 3692 Martyrologium
1638 3622 1750 3676 Ro-

133 3724 422 3776 manum,
479 3711 586 3768 hoc
633 3711 746 3779 die,
783 3727 847 3768 ea
888 3714 1073 3769 omnia
1113 3715 1316 3771 erroris
1352 3716 1553 3786 arguit,
1588 3730 1652 3769 ex
1687 3729 1753 3770 eo

128 3804 313 3871 quod
383 3799 704 3872 Procopius,
730 3807 824 3874 qui
868 3806 974 3861 illis
1013 3807 1358 3876 temporibus
1388 3809 1542 3870 vixit,
1578 3823 1751 3876 eaque

127 3891 214 3948 ob
277 3893 490 3946 oculos
532 3893 745 3960 habuit,
787 3896 886 3952 lib.
935 3913 949 3951 t
987 3897 1202 3965 Ediﬁ'c.
1273 3899 1562 3954 Iustiniani
1600 3901 1751 3966 imp.,

125 4000 278 4053 cap.
331 3981 393 4044 2,
433 3991 686 4050 testetur,
727 3985 1004 4056 Hospitale
1055 3987 1374 4058 Sampsonis
1407 3991 1650 4052 nomine,
1687 3992 1754 4045 ab

123 4076 372 4133 eodem
427 4073 730 4146 Sampsone
779 4089 1052 4146 erectum,
1092 4081 1222 4135 olim
1269 4082 1520 4137 incendio
1555 4083 1756 4139 conﬂa-

121 4182 400 4239 grasse;
434 4182 671 4238 euntque
692 4169 783 4223 vix
816 4170 1066 4239 quadam
1099 4169 1487 4226 remansissent
1507 4169 1754 4238 vestigia,

121 4261 292 4316 illud
345 4246 532 4329 ipsum
568 4262 836 4331 hospitale
865 4263 935 4317 ab
962 4263 1155 4319 eodem
1185 4262 1754 4330 Justinianoitnpera-
1925 4264 2012 4320 16.
2052 4263 2175 4318 Hac
2231 4261 2449 4318 erudite
2500 4263 2835 4316 Alemannus
2884 4279 2897 4315 :
2945 4271 3000 4315 at
3047 4277 3196 4324 vero,
3241 4271 3430 4315 contra

119 4363 273 4410 tare
341 4353 768 4406 muniﬁcenlius
815 4356 1180 4408 instauratum
1236 4354 1427 4415 fuisse,
1471 4368 1754 4422 censuque
1855 4356 1998 4427 quod
2049 4358 2139 4412 hic
2186 4356 2483 4420 existimat,
2530 4365 2720 4409 auctor
2767 4353 3024 4410 Clironici
3074 4353 3430 4409 Alexandrini

115 4456 362 4498 annuo
408 4440 648 4510 ingentis
674 4444 922 4514 pecuniae
953 4445 1366 4513 locupletatum.
1406 4445 1540 4501 Cum
1570 4457 1751 4500 autem
1856 4451 2249 4520 amplissimum
2295 4465 2359 4504 ea
2403 4456 2723 4517 tempestate
2759 4433 2927 4517 (anno
2968 4448 3178 4500 scilicet
3234 4447 3430 4516 quinto

114 4531 592 4603 Metaphrastes
636 4551 788 4590 num.
819 4537 877 4589 11
921 4545 1172 4598 testetur,
1201 4535 1408 4588 dictum
1443 4535 1754 4589 incendium
1794 4540 2182 4626 DJustiniani)
2247 4539 2416 4598 fuisse
2501 4539 2579 4590 ait
2634 4538 3011 4592 nosocomium
3079 4535 3434 4605 Sampsonis;

110 4627 484 4697 contigisse
525 4633 648 4695 post
689 4628 901 4682 obitum
936 4628 1273 4698 Sampsonis,
1315 4627 1535 4697 quando
1572 4636 1626 4681 et
1657 4625 1743 4682 So-

1858 4645 1983 4688 cum
2019 4631 2164 4685 dicat
2204 4643 2218 4681 ξ
2252 4649 2268 4679 t
2299 4627 2475 4682 Ξενὼν
2509 4628 2601 4681 τοῦ
2645 4628 2882 4698 Σαμψὼν
2927 4631 2953 4679 ὁ
2988 4631 3156 4697 μέγας
3207 4627 3436 4696 ἐκαύθη,

110 4723 302 4794 phis
337 4717 545 4773 nobile
574 4720 836 4784 templum
859 4728 1114 4773 exustum
1141 4730 1244 4784 est,
1271 4735 1333 4775 ac
1363 4723 1568 4790 pariter
1595 4731 1743 4775 teste-

1860 4726 1953 4778 καὶ
1996 4723 2271 4778 ἀπώλοντο
2312 4724 2358 4775 oi
2420 4725 2477 4776 ἐν
2511 4720 2656 4790 αὐτῷ
2714 4721 3060 4790 ἀνακείμενοι
3116 4719 3385 4790 ἄρρωστοι
3420 4730 3434 4746 ⁸

106 4826 227 4870 tur
275 4811 668 4867 Marcellinus
701 4811 755 4863 in
790 4809 1083 4878 Chronico,
1121 4811 1173 4865 id
1207 4812 1502 4883 contigisse
1533 4815 1586 4868 in
1620 4827 1763 4867 tem-
1865 4815 2282 4868 Xenodochium
2355 4813 2672 4881 Sampsonis
2753 4827 3009 4881 magnum
3059 4812 3435 4882 conﬂagravit,

103 4902 418 4976 por-ibus
450 4899 720 4956 Anastasii
747 4901 1097 4969 imperatoris
1119 4918 1132 4965 ;
1158 4902 1437 4955 concludit
1462 4902 1762 4971 praelauda-
1865 4921 2082 4974 unaque
2122 4904 2335 4975 periere
2366 4904 2458 4973 qui
2496 4903 2549 4956 in
2581 4915 2648 4955 eo
2675 4910 2832 4956 erant
2863 4901 3088 4954 inﬂrmi.
3135 4921 3152 4952 ι
3193 4902 3435 4971 Repara-

106 5013 221 5055 tus
295 4988 672 5057 cardinalis,
723 4994 885 5064 longe
943 5005 1070 5048 ante
1121 4994 1415 5050 Justiniani
1476 4995 1761 5064 imperium
1866 5006 1980 5049 tum
2023 5006 2202 5050 autent
2242 5001 2296 5050 et
2332 4991 2716 5046 retrdilicatum
2747 5007 2775 5045 a
2805 4991 3116 5046 Justihiano
3166 4991 3308 5048 haud
3342 4992 3437 5045 diu

103 5095 270 5147 Sam
285 5098 555 5158 psonem
599 5083 745 5138 diem
785 5099 943 5143 suum
975 5084 1179 5140 obiisse
1209 5104 1223 5151 ;
1276 5094 1439 5154 atque
1471 5101 1538 5140 ex
1571 5065 1762 5140 eodem
1870 5095 2056 5156 postea
2088 5086 2264 5149 stetit,
2308 5084 2577 5153 siquidem
2613 5098 2756 5137 anno
2783 5097 2965 5135 xxxvtt
2991 5082 3236 5150 ejusdem
3265 5083 3438 5152 impe-

102 5178 466 5249 Procopio
519 5176 695 5231 multo
735 5179 907 5248 magis
937 5178 1214 5247 redarguit
1247 5177 1575 5234 Cedrenum.
1635 5178 1764 5231 dum
1869 5178 2062 5231 ratoris
2095 5191 2312 5230 rursum
2356 5177 2514 5234 arsit.
2551 5182 2611 5231 ut
2645 5173 2837 5227 scribit
2876 5173 3238 5242 Theophanes
3282 5185 3336 5231 et
3373 5191 3440 5229 cx

96 5279 196 5333 ait
227 5269 655 5337 conﬂagrasse
675 5267 894 5323 domum
915 5269 1288 5340 Sampsoniam
1311 5284 1452 5324 anno
1468 5269 1743 5339 penultimt

1867 5286 1934 5325 eo
1988 5271 2266 5326 Ccdt'enus
2308 5287 2324 5326 :
2373 5289 2389 5319 t
2426 5268 2516 5338 Τῷ
2566 5269 2640 5332 λζ’
2693 5269 2800 5320 ἔτει
2825 5273 3044 5335 γέγονεν
3092 5269 3440 5337 ὲμπυρισμδς

98 5359 516 5425 Iustiniani.

1874 5363 2078 5431 μέγας,
2129 5365 2222 5414 καὶ
2279 5360 2484 5431 ἐκαύθη
2544 5359 2764 5423 τελείως
2833 5360 2861 5412 ὀ
2911 5357 3076 5422 ξενὼν
3140 5359 3232 5412 τοῦ
3295 5348 3443 5428 Σιμο

199 5461 316 5515 15.
367 5454 502 5510 Has
526 5449 872 5506 difficultates
912 5449 1160 5505 dissolvit
1208 5449 1465 5506 Nicolaus
1508 5451 1768 5505 Aleman-
1868 5454 2002 5523 ψὼν,
2092 5452 2247 5508 Anno
2300 5452 2634 5522 (Justiniani)
2700 5466 2879 5506 xxxvtt
2947 5451 3145 5504 factum
3214 5461 3298 5508 est
3363 5451 3443 5504 in-

100 5569 243 5611 nus
285 5552 362 5605 in
419 5544 579 5600 notis
623 5541 689 5597 ad
719 5559 840 5614 cap.
876 5543 908 5598 4
944 5543 1194 5600 Historia:
1238 5561 1449 5599 arcanae
1498 5544 1767 5614 Procopii.
1873 5548 2126 5603 cendium
2160 5560 2433 5617 magnum,
2463 5555 2516 5600 ot
2547 5541 2904 5615 conﬂagravit
2933 5545 3152 5613 penitus
3193 5544 3439 5598 xeuodo-

95 5653 318 5709 Juvat
361 5640 515 5710 ejus
549 5636 714 5692 verba
747 5637 836 5692 hic
868 5645 1161 5692 annectere
1193 5654 1205 5691 :
1238 5656 1255 5688 t
1286 5636 1464 5707 Longe
1495 5637 1769 5705 antiquio-
1877 5639 2060 5692 chium
2106 5637 2440 5708 Sampsonis.
2483 5657 2498 5689 ι
2537 5637 2796 5703 Quamvis
2827 5645 3015 5708 postea
3055 5636 3443 5692 t'etedilicatum

99 5755 252 5799 rem
299 5731 669 5793 Iustiniano
694 5728 1050 5798 Sampsonem
1075 5732 1252 5783 credit
1279 5729 1572 5784 cardinalis
1609 5728 1774 5782 Baro«

98 5842 267 5899 nius
307 5833 384 5890 in
428 5826 600 5881 Notis
625 5825 690 5881 ad
723 5824 1190 5896 Martyrologium,
1231 5838 1281 5878 et
1320 5826 1572 5881 vacillare
1615 5825 1778 5878 fidem.

1878 5737 2113 5782 00118191.

1947 5821 2032 5872 17.
2081 5818 2257 5884 Quare
2316 5819 2515 5873 frustra
2568 5817 2845 5887 redarguit
2889 5818 3095 5872 erroris
3137 5815 3446 5873 Cedronum
