4196 6306
807 407 910 469 975

2092 401 2372 460 MENSIS
2407 402 2709 465 IUNlUS.

3927 399 4036 457 276

821 517 1086 577 laronius,
1125 516 1266 585 quod
1301 516 1601 583 pennllimo
1634 513 1851 582 imperii
1887 510 2181 565 Iustiniani
2226 523 2369 563 anno
2398 512 2478 570 Αι

2398 512 2447 570 Α
2474 528 2538 581 νῃ
2560 530 2571 543 ·
2595 514 2654 565 τὸ
2683 514 2737 566 δὲ
2766 512 3012 581 λείψανον
3033 510 3198 564 αὑτοῦ
3232 510 3390 579 ἐτέθη
3428 509 3487 561 ὲν
3511 506 3587 576 τῷ
3620 508 3729 578 ναῷ
3760 506 3851 560 τοῦ
3876 508 4037 577 ἁγίου

800 609 1112 663 ἱιιευυιίἰιιηὶ
1152 611 1253 660 hoc
1283 609 1560 675 posuerit:
1596 621 1722 661 eum
1756 621 1862 659 non
1908 618 2094 666 unum,
2132 602 2227 656 sed
2261 601 2365 655 du-

801 705 921 770 plex
976 702 1125 755 illius
1170 701 1493 754 xenodoehii
1546 711 1761 754 constet
1809 700 1975 754 fuisse
2027 697 2368 751 incendium.

803 796 937 848 Dum
980 793 1141 862 igitur
1182 794 1295 847 haec
1323 793 1502 845 omnia
1544 802 1689 845 recte
1722 792 1799 845 sic
1832 791 2089 860 explicari
2123 797 2368 859 possunt,

803 902 907 937 non
947 895 1029 938 est
1064 900 1162 938 cur
1196 884 1514 937 recedamus
1543 899 1570 936 a
1606 884 1990 952 Metaphraste,
2032 880 2367 952 Synaxariis,

805 977 1128 1043 lit-necisque
1165 974 1476 1028 Crtecorum
1500 1013 1513 1035 ,
1548 972 1901 1039 Sampsonem
1934 972 2033 1025 sub
2064 970 2371 1025 Iustiniano

804 1065 1003 1117 vixisse
1036 1064 1425 1116 asserentibus.
1450 1064 1623 1117 Porro
1644 1077 1766 1115 cum
1791 1062 2024 1130 primum
2045 1059 2370 1114 xenodocltii

804 1156 950 1209 illius
1000 1157 1312 1209 incendium
1349 1155 1613 1209 accidisse
1664 1171 1728 1207 ex
1766 1154 2093 1221 supradictis
2153 1160 2366 1206 constet

804 1262 947 1297 anno
978 1246 1268 1300 Iustiniani
1302 1247 1517 1314 quinto,
1546 1247 1709 1314 idque
1744 1261 1772 1297 a
1810 1245 2176 1313 Metaphraste
2215 1258 2369 1297 num.

814 1339 864 1387 tl
927 1345 1047 1404 post
1098 1346 1327 1389 mortem
1381 1337 1697 1406 Sampsonis
1771 1336 2020 1390 evenisse
2080 1343 2372 1398 asseratur,

809 1444 951 1479 anno
1012 1427 1256 1497 ejusdem
1318 1427 1661 1495 imperatoris
1702 1443 1757 1480 ιιι
1788 1436 1881 1479 aut
1908 1443 1958 1478 ιν
2001 1426 2075 1495 (id
2108 1433 2191 1479 est
2231 1440 2374 1479 anno

808 1520 1006 1574 Christi
1066 1520 1167 1574 530
1197 1520 1278 1574 vel
1330 1520 1455 1587 551)
1499 1519 1853 1589 Sampsonem
1892 1518 1956 1571 ad
1984 1532 2209 1589 superos
2241 1517 2375 1571 emi-

815 1626 998 1679 grasse
1029 1611 1346 1664 statuimus.

888 1702 971 1756 18.
1007 1703 1073 1754 At
1123 1718 1251 1756 vero
1297 1704 1421 1771 jure
1464 1704 1658 1758 merito
1703 1705 2035 1758 Alemannus
2065 1701 2374 1769 Metaphra-

814 1799 951 1847 sl’em
982 1794 1162 1863 arguit
1187 1795 1393 1848 erroris
1417 1796 1529 1864 (qui
1555 1810 1713 1849 error
1742 1796 1904 1849 etiam
1933 1804 2017 1848 est
2046 1794 2099 1846 in
2133 1794 2375 1861 Synaxa—

820 1886 914 1937 riis
968 1884 1295 1952 Menmisque
1327 1886 1663 1954 Graecorum)
1695 1885 1840 1955 quod
1876 1900 2027 1939 num.
2061 1886 2094 1938 4
2122 1884 2379 1950 Sampso-

819 1990 939 2027 nem
986 1990 1013 2028 a
1042 1975 1349 2044 patriarcha
1376 1976 1508 2032 C.P.
1539 1977 1718 2039 Mena,
1781 1976 2121 2031 sacerdotem
2165 1976 2386 2029 ordina-

822 2074 931 2116 tum
966 2080 1087 2118 esse
1119 2064 1352 2130 referat;
1389 2075 1500 2119 tum
1530 2075 1752 2135 pr0pter
1772 2068 2011 2120 rationes
2042 2067 2294 2134 superius
2319 2065 2387 2118 ab

821 2156 1120 2209 Alemanno
1150 2157 1361 2220 allatas,
1410 2166 1522 2210 tum
1558 2168 1820 2225 prteterea
1864 2157 2009 2227 quod
2042 2158 2225 2210 Menas
2271 2156 2384 2218 ille,

821 2258 1111 2316 antequam
1141 2249 1456 2319 dignitatem
1480 2252 1898 2321 patriarchalem
1932 2256 2385 2319 consequeretur,

819 2339 1012 2393 eodem
1048 2339 1356 2394 Iustiniano
1392 2342 1694 2410 imperante
1732 2340 2007 2409 praefuerit
2041 2339 2383 2394 xenodochio

824 2428 1158 2496 Satnpsonis,
1210 2431 1297 2484 cui
1359 2430 1623 2498 Sampson
1676 2430 1789 2498 ipse
1833 2443 2004 2497 usque
2052 2429 2179 2481 dum
2229 2427 2386 2487 vixit,

826 2521 1058 2585 praefuit,
1093 2531 1153 2574 ut
1186 2520 1353 2575 refert
1389 2519 1729 2590 Nicephorus
1771 2519 1905 2575 C.P.
1968 2522 2021 2572 in
2060 2518 2391 2572 Patriarehis

823 2608 948 2665 ΕΡ.
990 2628 1188 2666 vocans
1235 2611 1488 2666 eumdem
1567 2611 1854 2680 Ξενοδόχον
1892 2609 1984 2662 τοῦ
2028 2606 2262 2677 Σαμψών
2296 2615 2390 2662 :et

832 2704 1118 2757 Liberatus
1146 2703 1410 2757 diaconus
1458 2703 1525 2757 de
1573 2703 1766 2756 eodem
1814 2703 1890 2755 ait
1936 2718 2056 2771 cap.
2083 2702 2118 2754 2
2162 2719 2173 2752 :
2210 2720 2226 2751 ι
2266 2701 2390 2755 Fuit

830 2798 929 2846 isn:
956 2794 1140 2848 Menas
1167 2795 1486 2863 praepositus
1508 2793 1829 2848 xenodochii
1856 2794 2094 2863 majoris,
2120 2792 2265 2861 quod
2294 2806 2392 2843 vo-

827 2894 980 2937 catur
1037 2885 1323 2955 Sampson,
1353 2900 1550 2955 genere
1588 2884 2032 2946 Alexandrinus;
2084 2902 2102 2934 )
2146 2882 2389 2950 adeoque

830 2984 951 3044 post
988 2984 1216 3028 mortem
1265 2974 1584 3042 Sampsonis
1630 2973 1805 3025 solum
1842 2971 1908 3024 ad
1945 2970 2263 3042 dignitatem
2293 2987 2388 3041 pa-

833 3065 1180 3119 triarchalem
1215 3074 1296 3120 est
1327 3072 1571 3119 evectus.

830 3222 855 3293 §
893 3223 981 3277 lll.
1022 3253 1090 3267 η-
1133 3222 1317 3277 Cultus
1381 3239 1444 3277 ea:
1497 3222 1831 3293 Dlgznoloyiis,
1888 3221 2119 3286 Menwis,
2173 3188 2458 3289 aliisqueC

1517 3292 1718 3347 Fastis.

898 3426 979 3480 19.
1018 3426 1264 3481 Celebris
1303 3427 1446 3495 apud
1476 3417 1695 3481 Griecos
1733 3441 1946 3496 semper
1992 3425 2097 3480 fuit
2133 3424 2189 3480 S.
2230 3425 2390 3479 Sam-

834 3517 1020 3583 psonis
1052 3518 1332 3576 memoria,
1370 3524 1556 3584 utpote
1601 3518 1755 3587 cujus
1790 3518 2103 3586 sepulcrum
2146 3516 2328 3569 statim
2361 3530 2393 3569 a

834 3620 1007 3661 morte
1063 3609 1342 3663 miraculis
1398 3609 1677 3672 claruerit,
1734 3620 1788 3662 et
1833 3610 2122 3661 salutarem
2185 3606 2391 3662 morbis

832 3701 1139 3770 omnigenis
1169 3701 1435 3769 liquorem
1465 3701 1669 3753 stillare
1702 3700 2003 3769 inceperit;
2052 3700 2196 3754 unde
2247 3701 2392 3755 illius

830 3796 1026 3851 fastum
1083 3796 1227 3845 inter
1272 3792 1595 3847 solemniora
1635 3791 2250 3860 Constantinopolitanae
2288 3792 2393 3844 Ec-

829 3886 1008 3936 clesia:
1038 3893 1355 3937 numeratur
1383 3886 1470 3938 :in
1510 3886 1613 3937 hoc
1638 3885 1784 3937 enim
1819 3884 1957 3936 festo
1990 3898 2019 3935 a
2050 3882 2270 3950 judiciis
2297 3896 2391 3935 va-

832 3975 1063 4030 candum
1099 3988 1217 4030 erat
1250 3991 1421 4043 usque
1455 3976 1519 4030 ad
1549 3975 1717 4029 Oﬂicii
1751 3976 1921 4031 divini
1963 3977 2149 4040 finem,
2185 3985 2241 4029 ut
2265 3990 2395 4030 eon—

831 4078 937 4122 Stat
970 4084 1032 4120 ex
1064 4069 1453 4121 constitutione
1478 4069 1685 4123 nosella
1712 4070 2080 4123 Emmanuelis
2109 4067 2391 4124 Commoni

830 4161 1175 4228 imperatoris
1206 4160 1272 4214 de
1302 4160 1472 4215 Feriis
1504 4163 1610 4215 lata
1654 4178 1797 4215 anno
1837 4163 1990 4216 1166.
2029 4161 2389 4225 Synaxarium

830 4254 1171 4321 imperatoris
1222 4253 1403 4306 Basilii
1449 4252 1896 4323 Porphyrogeniti
1937 4254 1990 4307 in
2043 4268 2145 4307 ms.
2182 4254 2393 4322 Cryptre

833 4344 1063 4396 li‘erratac
1103 4344 1207 4396 hoc
1252 4343 1305 4395 in
1344 4344 1436 4396 illo
1468 4344 1631 4397 habet
1663 4345 1899 4412 elogium
1934 4360 1947 4398 :
1995 4364 2012 4395 ‹
2056 4345 2291 4414 Σαμψὼν
2338 4349 2393 4398 ὲν

827 4436 1002 4501 ἁγίοις
1045 4436 1229 4505 Πατὴρ
1270 4435 1450 4503 ἡμῶν,
1498 4433 1709 4505 ὑπῆρχε
1738 4437 1835 4503 μὲν
1883 4438 1945 4487 ὲκ
2003 4437 2102 4503 τῆς
2156 4437 2392 4500 παλαιᾶς

841 4526 1087 4597 Ῥώμης,
1150 4528 1414 4596 συγγενὴς
1487 4527 1580 4578 τοῦ
1654 4525 1886 4596 μεγάλου
1956 4528 2382 4583 Κωνσταντίνου.

832 4618 1247 4685 Παρασχόμενος
1289 4619 1385 4674 τὸν,
1418 4615 1645 4669 πλοῦτον
1681 4618 1844 4670 αὑτοῦ
1877 4619 2051 4672 πάντα
2088 4622 2199 4683 τοῖς
2240 4637 2388 4672 πτω-

830 4710 941 4776 χοῖς
973 4710 1063 4759 καὶ
1097 4707 1366 4775 πτωχικδς
1408 4708 1494 4759 διὰ
1524 4709 1777 4777 Χριστὸν,
1821 4710 2389 4763 Κωνσταντινούπολιν

829 4800 1117 4861 κατέλαεε,
1157 4798 1390 4860 καὶτοῖς
1437 4800 1583 4860 ναοῖς
1628 4798 1735 4849 τῶν
1780 4799 1948 4864 ἁγίων
1984 4799 2282 4867 Ιιροφητῶν
2331 4803 2389 4853 ὲν

830 4892 1008 4951 αὐτοῖς
1037 4891 1468 4960 προσευχόμενος
1494 4890 1736 4943 διετέλει.
1777 4891 2035 4960 Ἡσυχίας
2069 4893 2123 4944 δὲ
2158 4892 2390 4961 λαϐόμε-

831 5000 938 5043 νος,
976 4983 1071 5033 καὶ
1118 4984 1235 5044 ταῖς
1285 4981 1659 5043 θεοπνεύστοις
1701 4984 1941 5053 Ι’ραφαί;
1988 4985 2389 5055 ἑμμελετὴσας,

833 5073 1062 5142 φανερὸς
1086 5074 1299 5141 ἐγένετο
1325 5073 1394 5125 δι’
1421 5073 1619 5142 ἀρετὴν
1654 5075 1728 5141 τῷ
1759 5078 2044 5145 ἁγιωτάτῳ
2080 5078 2387 5149 πατριάρχῃ

832 5167 1012 5235 Μηνᾷ,
1049 5168 1145 5217 καὶ
1177 5170 1561 5234 χειροτονεῖται
1603 5164 1730 5235 παρ’
1765 5168 1973 5217 ἐκείνου
2027 5169 2390 5239 πρεσϐύτερος

832 5257 927 5324 τῆς
960 5257 1196 5325 μεγάλης
1223 5256 1563 5325 Ἐκκλησίας.
1599 5259 1702 5310 Καὶ
1733 5259 1917 5311 λοιπὸν
1943 5254 2186 5325 ἦν).ιμὴν
2216 5262 2384 5326 σωτή-

834 5364 946 5415 ριος
986 5349 1097 5407 τοῖς
1145 5348 1462 5415 πενομένοις
1510 5347 1604 5399 καὶ
1655 5348 1963 5409 ἀσθενοῦσι,
2012 5352 2251 5418 μετέχων
2303 5352 2393 5401 καὶ

829 5439 1021 5506 τέχνης
1078 5437 1346 5506 ἰατρικῆς.
1404 5438 1748 5505 Θεραπεύσας
1801 5440 1854 5489 δὲ
1905 5440 1993 5489 καὶ
2037 5442 2123 5489 τὸν
2169 5440 2391 5509 βασιλέα

844 5530 1214 5583 Ἰουστινιανὸν
1272 5530 1379 5582 ἀπὸ
1433 5532 1638 5593 πάθους
1696 5532 1942 5584 δυσιάτου
1997 5534 2391 5601 ὲφιὶοφρονήθη

836 5624 963 5693 παρ’
987 5624 1192 5675 ἐκείνου
1219 5623 1286 5674 τά
1312 5623 1558 5691 μέγιστα.
1588 5626 1695 5676 Καὶ
1724 5625 1913 5688 κτίσας
1946 5625 2147 5688 ξενῶνα
2169 5628 2248 5687 εἰς
2272 5628 2393 5678 ave.

835 5732 1034 5767 παυσιν
1066 5714 1173 5766 τῶν
1202 5714 1433 5784 πτωχῶν
1472 5715 1563 5767 καὶ
1604 5716 1863 5779 ἀσθενῶν,
1902 5718 1993 5769 καὶ
2038 5716 2206 5767 πολλὰ
2259 5733 2390 5767 κατ-

828 5806 1121 5877 ορθώματα
1163 5806 1254 5861 καὶ
1286 5805 1536 5875 θαύματα
1572 5808 1818 5876 ποιήσας,
1852 5806 2115 5877 ἐκοιμήθη
2153 5811 2205 5859 ἓν
2238 5810 2389 5879 εέρή-

2473 609 2751 676 μάρτυρος
2774 606 3016 660 Μωκέου.
3049 622 3067 655 ›

2539 700 2629 753 20.
2664 718 2680 749 ι
2713 698 2945 753 Sanetus
2984 700 3144 752 Pater
3181 706 3367 751 noster
3411 697 3674 765 Sampson
3706 709 3773 746 ex
3806 692 4034 761 antiqua

2470 794 2640 846 Roma
2675 789 2910 844 ducebat
2951 788 3238 856 originem,
3276 788 3450 856 Magni
3507 785 3854 841 Constantini
3900 799 4036 837 eon-

2470 883 2804 952 sanguineus
2844 898 2858 935 :
2898 882 3088 936 divisis
3122 897 3250 935 vero
3295 882 3439 935 inter
3479 892 3751 947 pauperes
3777 874 4039 929 omnibus

2474 976 2585 1030 suis
2610 975 2982 1037 facultatibus,
3023 982 3077 1028 et
3114 982 3338 1043 propter
3372 972 3659 1025 Christum
3694 967 4037 1029 mendicans,

2473 1066 2995 1137 Constantinopolim
3015 1082 3072 1121 se
3092 1066 3316 1134 recepit,
3334 1074 3494 1132 atque
3511 1064 3561 1116 in
3583 1061 3715 1131 ipsis
3727 1068 4041 1114 sanctorum

2476 1160 2865 1228 Prophetarum
2881 1159 3130 1213 ecclesiis
3146 1154 3378 1211 orationi
3402 1154 3617 1208 assidue
3641 1152 3873 1205 vaeavit.
3905 1148 4041 1203 Cum

2475 1256 2655 1302 autem
2686 1248 2952 1317 privatam
2984 1258 3038 1302 et
3063 1248 3348 1301 obscuram
3374 1253 3558 1314 ageret
3584 1244 3772 1306 vitam,
3796 1241 4045 1309 Scriptu-

2478 1354 2657 1392 rarum
2694 1338 2999 1391 divinarum
3041 1336 3380 1391 meditationi
3416 1336 3684 1397 intentus,
3738 1330 4044 1385 virtutibus

2475 1430 2611 1495 suis,
2652 1430 2996 1484 sanctissimo
3046 1428 3370 1498 patriarcha:
3424 1425 3593 1479 Mena:
3632 1422 3870 1483 enotuit,
3899 1430 3955 1474 et
3980 1420 4047 1473 ab

2479 1522 2595 1590 ipso
2626 1521 2911 1575 ordinatus
2931 1532 3014 1574 est
3045 1519 3301 1573 sacerdos
3339 1517 3540 1586 Magnae
3580 1515 3846 1570 ecclesiae.
3873 1512 4048 1566 Caete—

2478 1628 2596 1665 rum
2649 1621 2836 1681 portus
2885 1611 3139 1665 salutaris
3168 1618 3285 1664 erat
3320 1608 3653 1678 pauperibus
3690 1616 3744 1660 et
3790 1606 4047 1669 infirmis,

2479 1703 2706 1759 scientia
2744 1704 2879 1757 artis
2910 1703 3136 1757 medica:
3175 1701 3437 1755 imbutus.
3466 1699 3601 1753 Cum
3633 1713 3764 1752 vero
3805 1698 4048 1767 impera-

2483 1807 2656 1851 torem
2689 1798 3057 1853 Iustinianum
3105 1812 3135 1850 a
3178 1795 3384 1851 diﬂicili
3432 1795 3626 1849 morbo
3675 1802 3948 1856 sanasset,
3986 1794 4052 1846 ab

2490 1890 2593 1943 hoc
2621 1889 2849 1943 maxime
2879 1889 3251 1953 dilectusest;
3277 1888 3650 1955 :edificatoque
3682 1885 4051 1945 xenodochio,

2489 1979 2553 2032 ad
2592 1994 2891 2048 pauperum
2926 1986 2982 2031 et
3026 1978 3365 2030 infirmorum
3401 1976 3677 2037 solatium,
3710 1986 3833 2044 post
3883 1975 4051 2028 multa

2490 2081 2633 2126 recte
2669 2072 2811 2125 facta
2834 2085 2896 2125 ac
2927 2069 3205 2132 miracula,
3228 2066 3561 2123 obdormivit
3587 2067 3641 2120 in
3673 2082 3843 2135 pace;
3884 2067 4053 2134 ipsius

2490 2172 2621 2210 vero
2666 2172 2863 2227 corpus
2890 2156 3198 2226 depositum
3244 2166 3328 2209 est
3373 2156 3425 2209 in
3458 2154 3657 2223 templo
3698 2154 3753 2209 S.
3797 2157 4055 2223 martyris

2489 2249 2666 2303 Mocii.
2707 2269 2726 2301 ι

2559 2340 2646 2393 21.
2681 2339 2889 2393 Similia
2916 2337 3116 2394 habent
3145 2353 3274 2394 mss.
3304 2338 3518 2410 collegii
3545 2337 3715 2392 nostri
3761 2337 4054 2392 Divionen-

2490 2432 2565 2485 sis
2583 2441 2637 2485 et
2656 2429 3083 2495 Claromontani,
3112 2446 3259 2486 nunc
3283 2430 3544 2487 Ludovici
3575 2429 3771 2500 Magni.
3802 2428 3945 2481 Huic
3973 2428 4054 2480 in-

2491 2538 2653 2592 super
2679 2539 2914 2593 sequens
2933 2523 3151 2578 additur
3172 2524 3458 2595 dystichon
3479 2539 3494 2578 :

2574 2656 2799 2720 Ἐξῆγεν
2836 2658 2863 2707 ὁ
2904 2656 3037 2723 πρὶν
3063 2657 3127 2706 ὲκ
3157 2654 3354 2722 γνάθου
3374 2654 3610 2721 Σαμψὼν
3635 2654 3801 2721 ὕδωρ,

2571 2726 2630 2777 Ὀ
2654 2723 2746 2776 νῦν
2771 2724 2827 2777 δὲ
2856 2722 3091 2792 Σαμψὼν
3118 2725 3179 2776 ὲκ
3210 2723 3378 2790 τάφου
3411 2723 3591 2791 βλύζει
3616 2723 3835 2791 μύρους.

2562 2838 2765 2906 Aquam
2799 2838 2937 2891 dedit
2968 2837 3189 2891 maxilla
3218 2836 3520 2905 Sampsonis
3547 2836 3728 2906 prius;

2562 2908 2865 2979 Sampsonis
2897 2919 2949 2961 at
2972 2926 3106 2961 nunc
3134 2910 3282 2961 busta
3306 2906 3510 2960 stillant
3541 2905 3862 2958 balsamum.

2491 3024 2547 3075 ln
2580 3022 2798 3077 Menaeis
2827 3038 2954 3077 vero
2981 3023 3196 3076 excusis
3224 3021 3469 3076 Oﬂieium
3502 3019 3665 3074 habet
3697 3017 3985 3089 proprium
4004 3024 4055 3070 et

2492 3112 2765 3167 Canonem
2802 3113 2903 3167 sub
2953 3113 3054 3168 hac
3083 3115 3447 3169 acrostichide
3475 3128 3490 3167 ε

2572 3229 2752 3298 ’Υμνῶ
2768 3248 2846 3293 σε,
2874 3230 3131 3299 Σαμψὼν,
3151 3230 3381 3292 πίστεως
3393 3230 3555 3291 θείοις
3578 3228 3774 3295 λόγοις.
3820 3226 4054 3279 ΊΩΣΗΦ.

2560 3320 2828 3388 Sermone,
2861 3321 3141 3389 Sampson,
3180 3329 3226 3373 te
3253 3337 3404 3373 sacro
3426 3320 3552 3387 ﬁdei
3575 3336 3725 3372 cano.
3751 3318 3974 3372 IoSEpa.

2488 3436 2624 3492 Cum
2668 3445 2849 3488 autem
2910 3449 3084 3488 canon
3134 3429 3225 3487 hic
3264 3433 3402 3487 nihil
3456 3432 3655 3487 habeat
3700 3432 4053 3501 particulare,

2492 3527 2595 3581 nisi
2643 3528 2786 3597 quod
2825 3528 2878 3581 in
2918 3526 3093 3597 elogio
3129 3525 3381 3591 habetur,
3409 3538 3534 3578 eum
3564 3523 4052 3593 praetermittimus.

2492 3620 2680 3690 Elogio
2708 3620 2817 3675 duo
2852 3620 2905 3673 hi
2942 3620 3351 3689 praamittuntur
3381 3631 3573 3670 versus
3608 3633 3623 3669 :

2564 3732 2798 3799 Σαμψὼν
2840 3733 3135 3798 Ὀμὸρῤους
3166 3728 3457 3799 ὲτροποῦτο
3494 3726 3592 3799 μὲν
3623 3726 3813 3799 πάλαιμ

2564 3795 2801 3869 Σαμψὼν
2834 3801 2889 3856 δὲ
2915 3795 3105 3868 θραύει
3135 3795 3393 3866 δαίμονας
3420 3796 3590 3866 ἄρδην
3621 3795 3762 3856 νέος.

2566 3915 2820 3984 Sampson
2858 3915 3054 3984 fugavit
3089 3914 3211 3967 olim
3244 3912 3605 3984 Homorrha'os
3635 3909 3845 3977 quidem
3873 3923 3891 3959 :

2566 3985 2667 4041 Sed
2697 3982 2938 4041 t'ulnerat
2964 4002 3099 4038 nunc
3129 3986 3394 4037 da'monas
3421 3982 3679 4051 Sampson
3711 3992 3897 4033 novus.

2494 4102 2834 4167 Additnrque
2862 4099 3024 4153 etiam
3072 4098 3350 4166 prtemisso
3384 4094 3637 4163 dystieho
3673 4092 4052 4144 hexametrum

2496 4192 2660 4255 istud,
2680 4206 2744 4242 ex
2771 4204 2879 4257 quo
2909 4189 3255 4257 cognoscitur
3290 4183 3597 4253 praecipuus
3616 4178 3936 4248 Sampsonis
3955 4179 4055 4233 hoc

2494 4283 2580 4335 die
2614 4282 2794 4335 cultus
2830 4298 2842 4333 :

2561 4392 2863 4457 Ξεινοόὁχος
2892 4388 2934 4439 δ’
2967 4389 3042 4439 ἑνὶ
3069 4384 3237 4439 εἰκάδι
3265 4385 3535 4458 ἑϐδομάτῃ
3556 4384 3681 4437 θάνε
3709 4381 3971 4452 Σαμψών.

2563 4484 2925 4537 Xenodochnm
2964 4478 3218 4548 Sampson
3250 4481 3491 4532 vicesima
3524 4478 3747 4547 septima
3789 4475 3952 4530 tollit.

2561 4620 2649 4676 2'2.
2702 4618 2947 4686 Elogium
2997 4632 3127 4671 vero
3193 4616 3271 4669 ita»
3332 4612 3493 4666 habet
3539 4628 3551 4664 :
3598 4604 3767 4672 Οὗτος
3820 4610 3850 4661 ὁ
3907 4612 4056 4677 ἅγιος

2494 4708 2779 4785 [Σαμψὼν]
2804 4710 3011 4778 ὑπῆρχε
3054 4709 3321 4777 Ῥωμαῖος
3350 4708 3410 4757 τὸ
3439 4706 3593 4772 γένος
3617 4722 3631 4737 ·
3656 4704 3715 4767 ὃς
3736 4702 4049 4771 διασκορπί-

2496 4823 2593 4868 σας
2634 4805 2724 4855 τὸν
2758 4801 3184 4868 καταλειφθέντα
3226 4799 3372 4866 αὐτῷ
3419 4798 3648 4851 πλοῦτον
3683 4796 3788 4849 ὑπδ
3820 4796 3932 4849 τῶν
3967 4813 4055 4864 To-

2495 4899 2628 4951 νέων
2693 4899 2804 4958 τοῖς
2864 4893 3056 4959 πένησι
3106 4892 3199 4943 καὶ⁵
3241 4893 3494 4961 πτωχοῖς,
3525 4890 3623 4958 τὴν
3671 4889 4053 4958 βασιλεύουσαν

2496 4990 2758 5042 κατέλαϐε
2787 4989 2877 5039 καὶ
2906 4988 3029 5047 τοὺς
3054 4985 3372 5055 εὐκτηρίους
3392 4984 3572 5039 οἴκους
3604 4983 3698 5034 καὶ
3728 4981 4053 5050 σεϐασμίονς

2496 5080 2835 5139 καταλαϐὼν,
2856 5079 2949 5131 καὶ
2970 5078 3245 5145 ὁσιότητος
3262 5075 3440 5127 αὐτῶν
3462 5074 3905 5136 καταπολαὺσας,
3926 5075 4051 5139 ἠσυ-

2494 5174 2612 5243 χίαν
2644 5171 2959 5241 λαϐόμενος,
2998 5170 3115 5229 ταῖς
3148 5165 3528 5227 θεοπνεύστοις
3570 5167 3812 5235 Γραφαῖς
3840 5164 4053 5233 ἐνετρύ-

2496 5283 2589 5332 csa,
2629 5263 2770 5331 μόνῳ
2817 5261 2933 5330 Θεῴ
2966 5260 3333 5327 προσανέχων.
3368 5256 3532 5308 ’Ὅθεν
3565 5255 3865 5324 κατάδηλος
3920 5259 4055 5323 γενὸη

2499 5372 2655 5423 μενος
2694 5354 2768 5420 τῷ
2799 5353 3113 5419 τιμιωτάτῳ
3148 5350 3461 5421 πατριάρχῃ
3508 5349 3687 5417 Μηνᾷ,
3737 5350 4054 5418 χειροτονεί-

2496 5465 2582 5498 ται
2618 5447 2704 5497 ὑπ’
2732 5442 2893 5497 αὑτοῦ
2922 5443 3308 5513 πρεσϐύτερος,
3329 5438 3407 5503 εἷς
3433 5441 3539 5492 τῶν
3563 5440 3657 5492 τοῦ
3678 5442 3883 5509 κλήρου
3912 5440 4053 5506 γενέ·

2502 5538 2679 5605 μένος.
2719 5536 2826 5587 Καὶ
2856 5530 2924 5602 ἦν
2970 5532 3233 5599 σωτήριος
3272 5530 3435 5596 λιμὴν
3464 5533 3578 5591 τοῖς
3619 5530 3939 5596 πενομένοις
3970 5531 4052 5580 καὶ

2498 5630 2754 5697 χρῄζουσι
2794 5625 3041 5693 βοηθείας
3070 5639 3082 5651 ⁶
3130 5626 3223 5675 καὶ
3248 5625 3344 5689 τῆς
3374 5622 3621 5691 ἰατρικῆς
3646 5623 3959 5690 ἐπιστήμης
3984 5622 4050 5671 ὼν

2498 5720 2553 5770 ἐν
2581 5720 2744 5788 πείρᾳ
2769 5717 2946 5779 αὐτὸς,
2972 5717 3063 5767 καὶ
3089 5716 3177 5768 τὸν
3210 5715 3429 5784 βασιλέα
3463 5716 3839 5767 Ἰουστινιανδν
3860 5716 4050 5779 ἀνιάτῳ

2499 5809 2654 5863 πάθει
2690 5808 3045 5875 περιπεσόντα
3075 5806 3455 5873 ἐλευθέρωσενί
3500 5804 3593 5857 Ἐκ
3619 5804 3815 5858 τούτου
3848 5808 3873 5857 ὁ
3907 5804 4039 5872 βασι·
