4196 6306
176 286 271 346 ΞΠ
1386 289 1565 347 νΙΤΑ
1605 289 1668 347 S.
1711 287 1833 344 SAll

1741 287 2087 346 iAMPSONl
2102 289 2160 346 S.
3295 295 3398 355 278

175 400 288 460 λεὺς
324 398 722 467 ὑπεραγασθεὶς
750 399 847 468 τὴν
879 399 1076 468 ἀρετὴν
1104 398 1198 450 τοῦ
1219 400 1430 469 ἀνδρὶς,
1457 399 1552 450 καὶ
1580 398 1739 458 σέϐας
1766 403 1814 459 Α

1766 400 2049 459 Ahonore
2110 399 2350 463 habens,
2408 402 2693 453 maximam
2740 409 2795 455 et
2850 401 3118 455 celebrem
3185 403 3405 462 domum

175 485 315 555 αὐτῷ
344 488 653 557 ἀπονέμων,
693 489 783 540 τὸν
816 487 1071 557 μέγιστον
1101 483 1247 540 οἶκον
1278 491 1372 541 καὶ
1404 488 1730 558 περιϐόητον

1834 492 2006 559 ipsius
2062 507 2227 546 suasu
2273 489 2596 545 aediﬁcatam
2653 492 2708 545 in
2755 493 3156 547 xenodochinm
3208 501 3403 554 erexit.

174 580 236 632 δι’
260 578 426 633 αὑτοῦ
450 579 756 648 ἀνεγείρας,
786 579 988 644 ξενῶνα
1005 579 1398 642 κατεσκεύασε,
1429 580 1522 631 καὶ
1544 596 1733 631 σκευο-

1834 584 2092 637 Sanctum
2126 594 2388 652 praeterea
2422 585 2745 653 supellectili
2767 601 2934 639 sacra!
2966 587 3185 654 majoris
3211 588 3401 644 Eccle-

174 670 386 736 φύλακα
415 671 512 738 τῆς
545 671 802 739 Μεγάλης
842 669 1163 740 Ἐκκλησίας
1196 670 1287 722 τὸν
1321 671 1510 737 Ἀγιον
1546 669 1732 720 τοῦτον

1833 676 1927 729 siae
1951 674 2211 744 pra-fecit.
2244 674 2490 729 Tandem
2521 684 2640 744 post
2679 676 2967 730 honestam
3003 679 3252 749 piamque
3278 697 3404 734 con-

180 759 522 830 κατέστησεν.
553 761 721 822 Αὐτὸς
757 761 812 813 δὲ
851 761 1028 823 καλῶς
1058 761 1150 813 καὶ
1189 759 1448 826 Θεοφιλῶς
1488 761 1733 811 πολιτευ-
1835 782 1837 788 ·

1835 767 2221 830 versationem,
2261 777 2549 834 postquam
2575 767 2827 835 plurimis
2846 769 3039 825 salutis
3062 779 3251 824 auctor
3272 772 3405 824 fuis-

175 852 426 920 οᾶμενος,
461 856 554 904 καὶ
587 852 803 915 πολλοῖς
832 853 1087 921 πρόξενος
1120 854 1392 919 σωτηρίας
1422 853 1732 920 γενόμενος,

1835 862 1938 914 set,
1973 855 2283 924 multosque
2342 856 2408 908 ad
2468 856 2645 909 zelum
2707 868 2763 910 et
2805 858 2929 911 vitae
2963 874 3074 912 sua:
3124 861 3409 928 inculpata:

175 945 265 995 καὶ
323 942 550 1004 πολλοὺς
601 944 738 1012 πρὸς
792 942 952 1013 ζῆλον
1003 945 1096 997 καὶ
1150 942 1382 1011 μίμησιν
1422 942 1516 994 τοῦ
1568 942 1733 995 αὐτοῦ

1839 945 2201 999 imitationem
2253 947 2586 1013 excitasset,
2633 948 2839 1001 ibidem
2904 951 3136 1017 quievit,
3203 951 3393 1020 pretio-

173 1035 500 1103 ἀκραιφνοῦς
536 1035 649 1105 βίου
674 1037 1051 1104 διαναστήσας,
1082 1037 1198 1086 ἐκεῖ
1236 1035 1333 1103 μὲν
1367 1033 1732 1094 ἀνεπαύσατο,

1838 1050 2066 1102 sumque
2124 1036 2295 1103 ipsius
2341 1052 2544 1106 corpus
2592 1042 2889 1106 repositum
2937 1051 3020 1094 est
3071 1041 3122 1093 in
3174 1041 3407 1093 maximo

174 1127 432 1196 κατετέθη
458 1128 514 1180 δὲ
545 1129 604 1180 τὸ
637 1129 813 1197 τίμιον
839 1127 1005 1179 αὑτοῦ
1033 1127 1280 1194 λείψανον
1309 1128 1364 1178 ὲν
1389 1125 1465 1192 τῷ
1495 1124 1735 1193 μεγίστῳ

1841 1124 2042 1192 templo
2078 1124 2140 1180 S.
2171 1125 2352 1188 Mucii,
2393 1127 2446 1178 in
2475 1127 2594 1181 dies
2624 1127 2850 1181 salutari
2879 1130 3207 1199 scaturigine
3227 1129 3408 1184 mede-

170 1220 281 1287 ναῷ
316 1219 408 1272 τοῦ
431 1221 588 1286 ἁγίου
622 1218 870 1282 Μωκὶου,
897 1219 1016 1272 καθ’
1047 1219 1283 1287 ἑκάστην
1316 1217 1477 1286 βρύον
1512 1217 1737 1285 ίαματο-

1839 1218 1946 1269 lam
1973 1217 2182 1271 morbis
2218 1216 2475 1281 alIerens,
2513 1217 2580 1270 ad
2617 1218 2834 1272 laudem
2869 1228 2924 1273 et
2953 1219 3179 1288 gloriam
3205 1218 3405 1273 Christi

172 1311 312 1377 φόρα
349 1312 568 1378 νάματα
606 1311 683 1371 εἰς
712 1312 870 1375 δόξαν
903 1311 995 1362 καὶ
1022 1306 1168 1364 αἶνον
1199 1308 1433 1380 Χριστοῦ
1475 1310 1568 1361 τοῦ
1604 1308 1738 1360 Θεοῦ

552 1327 568 1360 ι
606 1311 683 1371 εἰς
712 1312 870 1375 δόξαν
903 1311 995 1362 καὶ
1022 1306 1168 1364 αἶνον
1199 1308 1433 1380 Χριστοῦ
1475 1310 1568 1361 τοῦ
1604 1308 1738 1360 Θεοῦ
1840 1314 1935 1367 Dei
1972 1314 2209 1369 nostri.»

170 1401 348 1466 ἡμῶνο
1909 1405 1997 1458 24.
2033 1402 2208 1474 llujus
2233 1419 2453 1473 quoque
2501 1404 2674 1457 sancti
2722 1404 2827 1458 hoc
2856 1404 2946 1458 die
2981 1419 3178 1458 nomen
3213 1404 3408 1458 inseri.

235 1493 326 1546 ‘23.
395 1514 412 1544 α
459 1493 693 1551 Sanctus
722 1495 811 1549 ille
851 1494 1164 1565 (Sampson)
1189 1509 1391 1566 genere
1461 1495 1741 1547 Romanus
1842 1505 1994 1563 ptum
2022 1494 2295 1563 reperitur
2326 1495 2656 1549 Kalendario
2687 1496 2910 1566 Syriaco
2957 1512 3051 1550 seu
3091 1496 3408 1557 Cbaldaico,

167 1595 307 1635 crat.
359 1581 457 1636 llic
501 1583 814 1638 distributis
862 1585 1005 1640 inter
1051 1599 1321 1652 pauperes
1357 1582 1586 1645 divitiis,
1621 1596 1741 1650 quae
1844 1585 2028 1639 Roma
2059 1584 2326 1654 impresso
2355 1600 2500 1639 anno
2527 1586 2684 1648 1624,
2714 1586 2860 1653 quod
2912 1588 3041 1638 olim
3089 1603 3232 1640 anno
3279 1587 3410 1640 1662

167 1677 272 1728 sibi
323 1691 353 1729 a
410 1677 733 1744 parentibus
786 1686 943 1732 erant
984 1677 1206 1741 relictae,
1236 1677 1306 1730 ad
1334 1677 1742 1745 imperatoriam
1844 1678 2036 1733 Latine
2088 1677 2327 1732 reddidit
2385 1678 2445 1731 Ι).
2477 1677 2764 1746 Josepbus,
2794 1678 2980 1731 ltalice
3023 1693 3157 1732 vero
3211 1677 3408 1746 Symon

165 1767 448 1821 civitatem
484 1768 655 1829 venit,
685 1777 850 1836 atque
882 1769 934 1821 in
962 1770 1199 1823 oratoria
1234 1779 1289 1821 et
1323 1765 1580 1821 basilicas
1618 1782 1738 1821 sese
1775 1753 1813 1803 Β
1843 1770 2074 1839 Moyses,
2103 1771 2264 1823 ambo
2294 1769 2508 1838 collegii
2537 1769 2925 1824 Maronitarum
2956 1770 3185 1824 alumni.
3241 1771 3413 1837 Hujus

168 1858 459 1926 recipiens,
485 1859 574 1927 pie
602 1860 846 1916 locorum
875 1860 1091 1914 illorum
1118 1864 1404 1913 sanctitate
1429 1860 1734 1921 fruebatur,
1845 1871 2106 1928 praeterea
2159 1862 2411 1915 meminit
2474 1861 2917 1930 Martyrologium
2985 1861 3412 1930 Arabico-Egy-

164 1950 548 2019 privatamque
573 1959 737 2021 atque
762 1952 1049 2006 obscuram
1078 1951 1284 2006 ducens
1308 1952 1496 2012 vitam,
1527 1952 1740 2004 divina-
1845 1953 2038 2021 ptiutn,
2076 1952 2220 2020 quod
2249 1968 2314 2006 ex
2333 1951 2566 2006 Arabico
2610 1954 2890 2007 transtulit
2917 1953 3103 2007 Gratia
3135 1953 3414 2009 Sitnonius

166 2057 287 2093 rum
318 2043 727 2112 Scripturarum
763 2044 996 2099 lectione
1018 2044 1261 2098 animum
1283 2042 1614 2108 oblectabat,
1637 2044 1735 2098 soli
1846 2041 2133 2106 Maronita,
2165 2041 2514 2110 postmodum
2541 2042 2917 2111 Tripolitanus
2949 2043 3000 2094 in
3037 2041 3191 2112 Syria
3229 2041 3412 2095 archiv

166 2131 281 2186 Deo
311 2133 557 2188 intentus
593 2151 606 2187 :
636 2135 779 2192 unde
815 2137 1068 2207 cognitus
1093 2153 1122 2192 a
1151 2136 1473 2208 dignissimo
1507 2138 1744 2208 patriar-
1844 2136 2154 2204 episcOpus.
2189 2135 2248 2191 In
2281 2135 2384 2190 hoc
2425 2135 2810 2206 Martyrologio
2842 2145 3164 2204 sequentem
3212 2136 3416 2188 oratio-

161 2227 266 2278 cha
299 2225 457 2280 Mena
484 2227 552 2281 ab
574 2229 766 2283 eodem
787 2230 1041 2284 sacerdos
1065 2230 1370 2294 ordinatur,
1397 2230 1575 2289 factus
1602 2245 1744 2284 unus
1846 2245 1967 2281 nem
2016 2228 2183 2283 habet
2219 2244 2343 2282 cum
2376 2228 2434 2283 S.
2456 2229 2664 2284 Joanne
2691 2228 3134 2298 Eleemosynario
3169 2242 3416 2281 commu-

161 2336 227 2370 ex
254 2319 430 2373 clero.
462 2320 594 2374 Erat
619 2336 750 2375 vero
779 2331 972 2389 portus
1005 2323 1264 2374 salutaris
1294 2324 1632 2390 pauperibus
1659 2334 1742 2376 at-
1845 2335 1968 2373 nem
2005 2338 2017 2372 :
2054 2341 2071 2371 ι
2111 2319 2407 2375 Possedisti
2467 2321 2672 2384 omnia,
2721 2335 2754 2373 o
2814 2319 2973 2373 Pater
3021 2329 3210 2373 sancte
3258 2319 3413 2372 Sam-

159 2425 272 2478 que
313 2425 421 2480 ope
451 2411 842 2480 indigentibus.
883 2409 1130 2480 Cumque
1188 2411 1266 2464 rei
1321 2411 1546 2465 medica:
1589 2420 1737 2465 esset
1846 2425 2003 2476 pson,
2053 2410 2182 2463 dum
2244 2412 2298 2464 in
2357 2411 2613 2465 omnibus
2663 2411 2812 2465 fuisti
2867 2427 3087 2480 semper
3135 2411 3412 2476 assiduus,

159 2501 401 2568 peritus,
431 2502 607 2570 ipsum
638 2502 800 2557 etiam
829 2501 1214 2574 imperatorem
1244 2503 1611 2559 Iustinianum
1637 2504 1738 2556 im-
1847 2501 2026 2554 dilans
2046 2518 2334 2570 pauperes,
2370 2502 2624 2570 ipsosque
2653 2503 2901 2565 alens,et
2929 2504 3258 2566 sublevans;
3289 2519 3417 2570 pre-

158 2592 480 2648 medicabili
517 2595 708 2650 morbo
736 2596 1072 2652 laborantem
1105 2597 1377 2651 liberavit.
1404 2596 1536 2650 Inde
1562 2596 1735 2665 impe-
1845 2610 1966 2649 care
2015 2595 2294 2650 Christum
2336 2596 2530 2663 Deum,
2562 2603 2620 2650 ut
2647 2595 2846 2651 liberet
2871 2595 3086 2650 animas
3113 2607 3354 2650 nostras.
3389 2615 3407 2646 ι

158 2692 317 2740 rator
358 2687 662 2743 admiratus
706 2687 810 2742 viri
867 2690 1147 2755 virtutem,
1181 2703 1415 2757 eumque
1449 2703 1644 2758 magno
1679 2689 1734 2742 in

182 2887 411 2906 -‘——I—\

903 3072 1129 3159 ΤΟΥ
1203 3072 1346 3159 EN
1408 3072 1772 3156 ΑΓΙΟΙΣ
1851 3071 2283 3157 ΠΑΤΡΟΣ
2338 3019 2662 3165 ΗΜΩΝ

1263 3279 2361 3487 ΣΑΜΣΩΝ

836 3585 1264 3718 ΒΙΟΣ
1367 3582 1695 3714 ΚΑΙ
1797 3584 2746 3718 ΠΟΛΙΤΕΙΑ

685 3898 852 4176 s.
1019 4005 1211 4174 P.
1343 4007 1538 4179 N.
1677 4002 2874 4182 SAMPSONIS

928 4326 1273 4440 VITA
1357 4327 1530 4436 ET
1612 4322 2628 4438 CONVERSATIO

1600 4721 1988 4780 PROLOGUS.

221 4883 315 4934 A'.
374 4875 540 4931 Ἀλλὰ
582 4875 690 4943 μὴν
719 4878 938 4946 χάριτος
976 4876 1134 4946 ἔργον
1183 4873 1273 4927 καὶ
1306 4875 1623 4942 Θεραπείας,
1656 4873 1756 4943 τῆς
1781 4890 1823 4946 C

1781 4890 1823 4946 (ς
1930 4878 1968 4929 ι.
2001 4877 2206 4931 Partim
2225 4876 2444 4943 quidem
2479 4890 2670 4946 magno
2700 4875 2982 4944 Sampsoni
3009 4874 3425 4944 gratitudinem.

143 4977 300 5042 πρὸς
351 4972 451 5024 τὸν
491 4969 662 5040 μέγαν
691 4969 927 5039 Σαμψὼν
960 4966 1384 5036 ἐκπληροῦντες,
1417 4967 1532 5034 ἅμα
1560 4966 1615 5018 δὲ
1653 4967 1749 5017 καὶ

1851 4977 1906 5021 et
1942 4969 2147 5022 cultum
2185 4969 2433 5022 debitum
2465 4967 2809 5030 exhibentes,
2845 4968 3041 5036 partim
3099 4977 3281 5018 autem
3323 4967 3423 5018 ho-

142 5065 386 5136 μέμψιν
426 5063 522 5131 τὴν
554 5061 614 5126 ἐξ
641 5060 942 5130 ἀνθρώπων
979 5059 1337 5124 ἐκκλίνοντες,
1370 5060 1448 5120 εἰς
1487 5059 1576 5110 τὸν
1607 5075 1749 5126 παρ-

1855 5061 2060 5114 minum
2102 5061 2303 5129 justam
2343 5061 2581 5114 vitantes
2624 5059 3137 5128 reprehensionem,
3179 5057 3244 5109 ad
3286 5058 3425 5109 hanc

141 5161 294 5212 ὄντα
354 5154 520 5220 λόγόν
581 5151 901 5222 καθήκαμεν
952 5152 1198 5214 ἑαυτοὺς,
1253 5153 1345 5202 καὶ
1393 5149 1483 5201 τὸν
1538 5149 1745 5200 ἐκείνου

1851 5155 2178 5209 accessimus
2233 5153 2578 5212 orationem,
2630 5160 2686 5204 et
2728 5150 2875 5203 illius
2928 5149 3226 5203 scribenda:
3287 5146 3426 5200 Vita:

141 5246 551 5310 συντάξασθαι
582 5246 693 5315 βίον
726 5245 1079 5314 εὐγνωμόνως
1114 5243 1447 5312 ὑπέστημεν.
1493 5241 1602 5294 Καὶ
1635 5240 1749 5302 πῶς

1851 5261 1992 5299 onus
2037 5246 2273 5299 libenter
2332 5243 2698 5310 suscepimus.
2752 5239 3043 5307 Quomodo
3090 5239 3238 5292 enim
3312 5251 3422 5290 non

140 5345 266 5412 γὰρ
305 5339 382 5393 οὐ
410 5337 616 5407 μέμψις
646 5337 865 5403 εῦλογος
900 5338 994 5387 καὶ
1021 5335 1222 5398 δικαία,
1252 5335 1296 5386 εἰ
1325 5333 1533 5386 πολλῶν
1554 5331 1753 5401 ἑτέρων

1848 5337 2056 5405 optimo
2092 5336 2216 5405 jure
2258 5332 2811 5403 reprehenderemur,
2859 5331 2926 5393 si,
2974 5329 3068 5398 qui
3121 5327 3420 5382 multorum

139 5438 374 5502 ἁγίων,
418 5430 528 5482 τῶν
559 5428 658 5498 μὲν
686 5428 998 5500 μαρτύρων,
1020 5428 1127 5478 τῶν
1160 5426 1215 5480 δὲ
1242 5428 1333 5479 καὶ
1361 5424 1534 5486 ἄλλως
1565 5424 1758 5492 εὐαρε-

1848 5423 2080 5478 aliorum
2108 5433 2447 5484 sanctorum,
2480 5433 2594 5475 tum
2629 5429 2952 5492 martyrum,
2981 5429 3095 5473 tum
3125 5421 3282 5473 aliter
3313 5419 3422 5471 Deo

143 5526 469 5593 στηκότων
506 5519 646 5589 Θεῷ,
690 5520 795 5573 τῶν
825 5521 924 5588 μὲν
959 5519 1151 5580 ἄθλους
1182 5519 1271 5570 καὶ
1306 5518 1519 5579 πόνους,
1546 5517 1653 5566 τῶν
1699 5515 1755 5567 δὲ

1852 5516 2202 5585 placitorum,
2254 5516 2472 5572 illorum
2505 5515 2728 5583 quidem
2758 5514 2976 5568 labores
3005 5522 3060 5565 et
3099 5511 3421 5566 certamina,

142 5619 253 5672 καὶ
299 5615 466 5685 βίους
495 5613 592 5667 καὶ
619 5611 844 5681 πράξεις
883 5611 1025 5663 κατά
1068 5611 1302 5680 σπουδὴν
1344 5608 1754 5676 συνταξάμενοι,

1851 5607 2041 5661 borum
2079 5623 2210 5660 vero
2261 5607 2424 5660 vitam
2475 5616 2531 5660 et
2581 5623 2667 5661 res
2719 5617 2901 5677 gestas
2953 5607 3244 5675 diligenter
3293 5618 3424 5654 con-

142 5711 372 5765 τούτου
399 5705 465 5776 δὴ
507 5705 601 5758 τοῦ
635 5706 869 5774 μεγάλου
903 5703 1139 5773 Σαμψὼν
1171 5702 1491 5772 φαινοίμεθα
1539 5701 1748 5754 κατολι-

1852 5699 2192 5768 scripsimus,
2255 5698 2400 5752 hunc
2446 5714 2699 5769 magnum
2745 5700 3098 5768 Sampsoncm
3147 5694 3429 5748 videamur
