4196 6306
734 320 841 385 279

2029 322 2316 382 MENSIS
2344 321 2651 383 JUNIUS.

3875 318 3988 389 280

730 442 1102 492 contemnere,
1156 432 1458 499 prtesertim
1509 446 1634 489 cum
1690 432 1735 485 is
1780 432 1915 486 adeo
1966 433 2124 487 nobis
2179 449 2309 503 pro—

2411 431 2735 502 γωροῦντες,
2772 432 2864 484 καὶ
2896 429 3129 500 μάλιστα
3168 428 3341 489 οὔτως
3392 432 3677 497 ἐγγυτάτω
3722 432 3983 501 κειμένου

731 523 1004 593 pinquus,
1055 529 1110 575 et
1171 522 1459 591 sepulcro,
1520 522 1610 575 ubi
1671 523 1940 577 mirabilia
2016 535 2300 594 operatur,

732 614 1125 682 propemodum
1174 614 1392 669 vicinus
1442 614 1554 668 sit?
1599 614 1752 669 Adde
1799 616 1944 685 quod
1989 617 2197 671 nullum
2238 633 2303 671 ex

729 705 819 771 iis,
859 705 953 773 qui
988 721 1089 759 nos
1121 716 1540 775 praecesserunt,
1593 708 1985 772 invenerimus,
2014 710 2106 779 qui
2135 709 2305 763 fuerit

729 796 996 864 ejusdem,
1031 797 1191 865 cujus
1221 812 1327 852 nos
1352 797 1541 864 animi,
1588 810 1646 856 et
1684 799 1862 853 Vitam
1907 800 2058 854 illius
2085 802 2305 868 scriptis

726 898 917 945 exacte
970 887 1335 941 mandaverit.
1383 888 1502 943 Non
1532 888 1755 959 quidem
1799 905 1883 943 me
1927 889 2081 953 latet,
2119 905 2149 943 a
2192 890 2304 942 viro
2350 920 2353 923 -

735 980 822 1045 pio
873 991 928 1034 et
977 978 1256 1049 pontiﬁce,
1305 988 1363 1035 et
1413 995 1523 1034 non
1575 996 1767 1050 parum
1820 981 2068 1045 erudito,
2120 981 2303 1049 magni

730 1070 1049 1137 Sampsouis
1122 1070 1485 1139 compositum
1562 1070 1730 1124 fuisse
1786 1070 2123 1125 encomium.
2192 1071 2307 1140 Ego

728 1170 907 1213 autem
938 1160 1008 1215 de
1049 1162 1169 1217 Vita
1200 1163 1400 1231 loquor
1425 1163 1688 1216 distincte
1723 1163 2048 1231 composita,
2094 1178 2216 1232 quae
2248 1171 2303 1215 et

730 1269 815 1306 res
850 1252 919 1307 ab
951 1254 1042 1308 illo
1078 1255 1338 1322 pmclare
1374 1264 1553 1322 gestas
1578 1264 1836 1309 accurate
1871 1264 2088 1319 tractet,
2111 1264 2169 1309 et
2200 1255 2303 1308 mi-

727 1343 1041 1399 raculorum
1110 1343 1232 1412 ejus
1288 1344 1620 1398 mentionem
1674 1343 1838 1398 faciat
1917 1344 2299 1399 sumcientcm.

2414 524 2507 575 καὶ
2540 524 2662 577 ὅσον
2688 521 2795 576 ἀπὸ
2819 521 2912 576 τοῦ
2940 520 3366 591 παραδοξοποιοῦ
3399 523 3568 589 τάφου
3612 522 3984 590 γειτονοῦντος

2412 618 2572 684 nubi;
2629 614 2724 669 καὶ
2771 613 2967 678 ταῦτα,
3011 613 3215 683 μηδένα
3257 614 3366 666 τῶν
3402 614 3506 684 πρὸ
3538 614 3692 683 ἡμῶν
3730 615 3983 685 εὑρόντες

2411 708 2510 776 τῆς
2546 707 2709 776 αὐτῆς
2747 708 2880 775 ἡμῖν
2912 706 3201 774 γενόμενον
3229 705 3486 768 διανοίας,
3523 706 3619 758 καὶ
3646 705 3738 759 τὸν
3766 707 3981 759 ἐκείνου

2412 796 2527 865 βίον
2583 794 3039 864 συγγραψάμενον
3078 792 3400 860 φιλοπόνως.
3427 790 3538 846 Καί
3569 810 3634 861 με
3680 794 3739 845 ού
3791 793 3982 864 λέληθε

2410 889 2469 942 τὸ
2504 886 2600 941 τοῦ
2647 886 2930 954 θεοῴιλοῦς
2972 885 3163 955 ἀνδρὸς
3206 887 3300 938 καὶ
3350 886 3672 957 ἀρχιερέως,
3728 887 3862 939 ἀλλὰ
3890 890 3998 941 και

2416 980 2662 1041 παιδείας
2692 980 2753 1033 ού
2788 976 3030 1050 [μικρὸν]
3067 977 3299 1045 ἔχοντος,
3322 979 3400 1040 εἰς
3444 978 3537 1031 τὸν
3567 978 3759 1046 Μέγαν
3792 995 3982 1033 συντε-

2416 1074 2503 1127 osi
2534 1070 2810 1140 ἐγκώμιον
2838 1082 2863 1102 ⁶
2906 1070 3015 1139 ἐγὼ
3045 1069 3100 1122 δὲ
3136 1069 3249 1137 βίον
3274 1067 3435 1136 λέγω,
3469 1072 3613 1122 κατά
3654 1070 3820 1140 μέρος
3855 1087 3982 1123 aw-

2409 1164 2762 1233 τεταγμένον,
2820 1164 2914 1216 καὶ
2961 1161 3031 1215 τὰ
3083 1162 3293 1215 ἐκείνου
3343 1160 3783 1228 διαλαμϐάνοντα
3848 1162 3985 1229 πρὸς

2410 1256 2717 1327 ἀκρίϐειαν,
2745 1254 2880 1324 πρὸς
2906 1253 2961 1307 δὲ
3004 1253 3097 1306 καὶ
3142 1253 3250 1306 τῶν
3279 1253 3599 1322 θαυμασίων
3634 1256 3853 1323 μνήμην
3886 1255 3985 1323 ἀρ-

2413 1346 2651 1406 κούντως
2691 1342 3035 1412 ποιούμενον.
3066 1342 3240 1394 Τοῦτο
3271 1343 3381 1411 γὰρ
3416 1341 3533 1395 οὔθ’
3561 1342 3781 1413 ἐτέρους
3815 1342 3985 1411 ἔγνω-

731 1434 845 1488 Hoc
888 1434 1034 1487 enim
1089 1433 1183 1503 qui
1230 1435 1606 1503 praestiterint,
1660 1437 1712 1487 in
1762 1435 2090 1489 hodiernum
2129 1449 2303 1505 usque

2414 1455 2512 1507 μεν
2538 1436 2664 1507 ἄχρι
2694 1435 2788 1489 καὶ
2820 1434 2915 1488 νῦν
2942 1434 3270 1505 δράσαντας,
3308 1432 3600 1503 οὗθ’ήμεῖς
3630 1435 3853 1506 ποιῆσαι
3894 1435 3982 1489 δυ-

726 1525 890 1588 dietn,
929 1542 1107 1593 neque
1144 1527 1283 1579 alios
1322 1527 1599 1588 novimus,
1661 1542 1840 1596 neque
1885 1543 1986 1583 nos
2042 1538 2303 1597 priestare

2410 1529 2564 1582 νατο)⁸
2587 1529 2932 1599 τυγχάνομεν
2960 1528 3132 1590 ὄντες,
3168 1525 3431 1595 πάμπολυ
3457 1528 3571 1589 τοῖς
3599 1528 3814 1596 χρόνοις
3847 1530 3985 1582 άπο·

729 1630 1040 1682 possumus,
1077 1616 1170 1685 qui
1202 1616 1270 1670 ab
1319 1616 1425 1671 illis
1452 1617 1794 1686 temporibus
1833 1632 2021 1673 sumus
2068 1619 2300 1674 multum

2408 1622 2723 1690 λειπόμενοι
2745 1638 2759 1653 υ
2790 1621 2882 1672 καὶ
2906 1620 3320 1691 ἀκριϐώσασθαι
3360 1619 3428 1674 τά
3455 1635 3517 1686 γε
3545 1616 3638 1671 τοῦ
3660 1619 3775 1689 βίου
3801 1619 3984 1681 καλῶς

728 1708 957 1773 remoti;
998 1723 1173 1778 neque
1206 1725 1497 1778 possumus
1525 1712 1646 1779 ejus
1679 1714 1846 1764 vitam
1886 1712 2124 1780 perfecte
2167 1728 2297 1782 pro-

2414 1711 2489 1782 μὴ
2519 1712 2829 1781 δυνάμενοι,
2854 1711 2991 1781 πλὴν
3031 1712 3156 1765 ὅσον
3201 1710 3623 1781 ἐπιμελέστερον
3660 1710 3802 1764 αὐτὰ
3842 1711 3985 1764 διελ-

726 1802 905 1869 sequi,
942 1801 1036 1855 sed
1069 1802 1245 1855 solum
1280 1818 1400 1855 eam
1451 1802 1655 1859 referre
1688 1802 1850 1871 paulo
1880 1803 2219 1873 diligentius,
2249 1813 2304 1858 et

2408 1805 2543 1868 θεῖν,
2570 1804 2667 1858 καὶ
2698 1804 2854 1871 ὀλίγα
2884 1804 2992 1857 τῶν
3021 1804 3314 1872 θαυμάτων
3344 1813 3422 1865 εις
3440 1803 3598 1870 δόξαν
3621 1803 3756 1857 Θεοῦ
3799 1819 3982 1871 παρα-

727 1908 899 1968 pauca
927 1908 991 1947 ex
1028 1894 1149 1962 ejus
1191 1894 1472 1949 miraculis
1516 1893 1646 1948 viris
1689 1895 1793 1963 piis
1836 1895 1903 1948 ad
1942 1895 2035 1949 Dei
2078 1896 2302 1965 gloriam

726 1999 1023 2055 exponere.
1060 1986 1190 2055 Ejus
1234 1985 1382 2041 enim
1416 2000 1642 2055 parvum
1686 1987 1819 2041 Vitae
1861 1987 2215 2057 Opusculum,
2249 1986 2302 2040 in

726 2075 895 2145 quod,
950 2092 979 2128 a
1029 2077 1179 2129 clero
1213 2087 1525 2145 acceptum,
1576 2075 1891 2142 incidimus,
1937 2078 2109 2132 visqu
2143 2078 2302 2133 nobis

729 2176 813 2221 est
846 2182 955 2219 non
981 2166 1164 2220 solum
1195 2166 1535 2238 negligenter
1561 2169 1948 2238 compositum,
1995 2169 2089 2223 sed
2124 2170 2301 2239 ipsum

725 2259 893 2312 etiam
930 2266 1182 2323 testatur,
1213 2273 1362 2325 eum,
1407 2259 1503 2330 qui
1552 2259 1606 2314 id
1650 2262 1983 2330 composuit,
2018 2261 2156 2315 nihil
2206 2262 2303 2315 lia-

726 2350 912 2404 buisse
964 2349 1334 2416 eruditionis;
1382 2350 1491 2404 imo
1540 2365 1674 2403 vero
1728 2365 1829 2404 nec
1875 2366 1940 2404 ea
1988 2352 2127 2420 ipsa,
2181 2367 2305 2421 qua:

726 2451 930 2506 narrat,
989 2442 1123 2496 satis
1170 2439 1415 2511 perfecte
1461 2450 1517 2496 et
1561 2440 1815 2497 absolute
1882 2443 2196 2507 traduntur,
2246 2453 2302 2499 et

726 2534 885 2604 longe
936 2532 1137 2589 absunt
1190 2549 1220 2588 a
1272 2548 1486 2589 summa
1528 2532 1891 2604 perfectione.
1935 2533 2079 2602 Quin
2133 2537 2299 2590 etiam

727 2623 863 2679 illud
914 2639 1078 2693 opus,
1129 2640 1240 2693 quo
1293 2625 1386 2679 diu
1438 2627 1524 2681 usi
1569 2641 1781 2691 sumus,
1839 2628 2212 2694 comperimus
2242 2644 2300 2683 se

728 2715 931 2769 habere
972 2714 1246 2779 similiter,
1285 2723 1341 2770 et
1371 2730 1439 2771 ex
1491 2716 1685 2770 eadem
1745 2726 1828 2783 (ut
1874 2716 2046 2782 aiunt)
2095 2717 2299 2771 factum

726 2818 848 2859 esse
881 2802 1098 2869 ﬁdelia;
1128 2802 1293 2873 idque
1340 2804 1662 2873 inscriptum
1718 2803 1942 2871 quidem
1971 2817 2092 2856 esse
2121 2802 2301 2857 Enco-

730 2902 897 2953 mium
951 2897 1123 2953 divini
1171 2897 1529 2967 Sampsonis,
1585 2906 1644 2953 et
1700 2897 1906 2952 habere
1967 2897 2299 2968 singularem

727 2989 1020 3060 quamdam
1055 2988 1425 3045 narrationem
1454 3004 1667 3052 eorum,
1698 3004 1821 3060 quae
1856 2989 1924 3043 ab
1951 2988 2047 3043 illo
2090 2990 2142 3041 in
2185 2989 2296 3042 vita

2407 1894 2595 1948 θέσθαι
2618 1896 2733 1958 τοῖς
2771 1895 3037 1969 φιλοθέοις
3065 1911 3080 1926 ο
3110 1888 3154 1962 ᾧ
3172 1895 3277 1965 γὰρ
3294 1894 3616 1966 ἐνετύχομεν
3640 1897 3703 1948 ἐκ
3727 1894 3821 1947 τοῦ
3856 1894 3986 1963 κλή-

2407 2005 2502 2058 ρου
2534 1987 2791 2046 λαθόντες
2823 1984 3005 2057 μικρῷ
3033 1988 3373 2056 συντάγματι
3399 1987 3548 2049 Βίου,
3570 1989 3730 2041 τοῦτο
3760 1988 3828 2059 δὴ
3856 1988 3983 2040 οὒτε

2405 2079 2667 2150 ῥᾳθύμως
2688 2079 2848 2147 μόνον
2877 2077 3021 2141 ἔδοξε
3054 2077 3432 2148 συντετάχθαι,
3462 2076 3596 2132 ἀλλὰ
3624 2078 3715 2131 καὶ
3732 2080 3985 2139 παιδείας

2402 2172 2494 2223 τον
2527 2169 2853 2240 συνθέμενον
2894 2168 3087 2231 ἐνδεῶς
3133 2168 3324 2238 ἔχοντα
3354 2170 3641 2240 μαρτυρεῖ,
3673 2168 3879 2237 μᾶλλον
3920 2169 3983 2236 δὴ

2403 2262 2574 2314 ταῦτα
2605 2263 2731 2331 περὶ
2757 2256 2831 2315 ὧν
2861 2261 3156 2331 πεποίηται
3195 2262 3295 2329 τὴν
3319 2248 3602 2330 ἐξήγησιν,
3643 2269 3705 2313 ού
3741 2261 3842 2329 μὲν
3892 2260 3983 2311 οῦν

2405 2353 2635 2416 ἐντελῶς
2675 2353 2892 2424 ἔχουσιν
2925 2351 3036 2406 οὐδ’
3065 2352 3483 2423 ἡκριίωμένως,
3530 2352 3709 2420 πολλῷ
3753 2352 3807 2403 δὲ
3846 2352 3986 2420 μᾶλ-

2404 2446 2494 2499 λον
2523 2445 2811 2515 ἀκριϐείας
2847 2442 3355 2514 ἀπολιμτάνονται·
3394 2444 3531 2512 πρὸς
3568 2443 3622 2494 δὲ
3654 2441 3752 2499 καί
3775 2436 3819 2507 ᾧ
3856 2458 3985 2491 συν-

2404 2539 2644 2606 τάγματι
2672 2538 2836 2591 πάλιν
2858 2537 3198 2608 ὡμιληκότες
3224 2534 3413 2606 ἐσμὲν,
3444 2518 3845 2605 παραπλησίως
3896 2524 3983 2585 ἐΰ-

2406 2647 2572 2701 ρομεν
2594 2630 2714 2700 ἔχον
2740 2631 2832 2682 καὶ
2860 2632 2977 2699 τῆς,
3000 2628 3076 2686 ῶς
3102 2645 3257 2697 φασι,
3282 2629 3582 2699 κεραμείας
3608 2628 3982 2695 πεποιημένον

2404 2720 2681 2789 ἐγκώμιον
2708 2720 2808 2790 μὲν
2836 2713 2975 2773 εἶναι
2998 2720 3091 2773 τοῦ
3119 2718 3262 2773 θείου
3286 2718 3525 2788 Σαμψὼν
3559 2718 3981 2786 ἐπιγεγραμμέ-

2406 2830 2496 2866 νον
2526 2813 2618 2865 καὶ
2650 2812 2881 2883 μερικὴν
2910 2813 3035 2883 ἔχον
3064 2813 3185 2867 τινὰ
3206 2813 3457 2883 διήγησιν
3499 2811 3607 2863 τῶν
3649 2810 3845 2880 ἐκείνῳ
3893 2810 3979 2879 βε-

2403 2901 2707 2971 ϐιωμένων,
2745 2902 2885 2955 πάνυ
2933 2902 2989 2955 δὲ
3032 2902 3308 2971 φειδωλῶς
3346 2902 3441 2956 καὶ
3492 2900 3838 2973 μικρολόγως
3872 2902 3982 2952 τῶν

2403 2990 2568 3044 αὐτοῦ
2622 2990 2911 3061 θαυμάτων
2962 2992 3247 3060 ἀπογεύων
3285 2994 3412 3057 τοὺς
3451 2992 3793 3061 φιλοκάλους.
3827 2993 3893 3045 Ὀ
3927 2990 3983 3043 δὲ

729 3090 880 3151 gesta
906 3089 1075 3137 sunt:
1107 3080 1202 3136 sed
1230 3096 1392 3152 parce
1430 3080 1751 3139 admodum.
1788 3090 1847 3136 et
1889 3081 2135 3134 tenuiter
2168 3079 2302 3133 viris

2408 3083 2567 3134 πλέον
2604 3084 2721 3135 ἐστὶ
2750 3084 2985 3147 πάντων,
3010 3085 3071 3136 τὸ
3092 3086 3356 3156 ταράττον
3399 3086 3568 3154 ἡμᾶς,
3592 3087 3672 3138 ὃτι
3706 3085 3803 3137 καὶ
3827 3084 3983 3137 αὐτοὶ

733 3173 891 3227 bonis
944 3173 1193 3243 praebens
1236 3184 1454 3243 gustum
1515 3172 1636 3244 ejus
1681 3172 2097 3227 miraculorum.
2146 3169 2302 3238 Quod

2410 3174 2531 3226 ὅσον
2554 3175 2661 3227 ἀπὸ
2683 3176 2782 3245 τῆς
2807 3175 2915 3228 τῶν
2941 3143 3345 3246 πεπραγμένων
3366 3143 3677 3246 ἐέηγήσεως
3699 3177 3840 3247 (οὐδὲ
3875 3178 3984 3246 γάρ

731 3272 913 3320 autem
950 3279 1051 3320 nos
1078 3265 1324 3319 omnium
1366 3264 1602 3320 maxime
1647 3263 1963 3331 conturbat,
2004 3273 2110 3327 est,
2154 3261 2303 3332 quod

2413 3265 2588 3335 παρὸν
2615 3266 2859 3334 ἄλλοθεν)
2896 3266 3211 3320 ἀκολουθεῖν
3255 3266 3439 3329 αὐτοῖς
3481 3266 3767 3336 μέλλομεν.
3800 3268 3984 3338 Ταύτῃ

734 3357 839 3425 ipsi
895 3356 1117 3412 illorum
1176 3355 1549 3410 narrationem
1613 3356 1833 3425 (neque
1892 3354 2039 3411 enim
2091 3353 2314 3411 aliunde

736 3445 1039 3516 quidquam
1125 3444 1429 3518 habemus)
1490 3447 1648 3519 sequi
1722 3448 2044 3504 debeamus.
2106 3445 2185 3502 Ea
2245 3446 2315 3500 de

732 3552 895 3593 causa
930 3537 1167 3607 petimus
1189 3540 1350 3595 nobis
1380 3539 1499 3593 dari
1528 3540 1745 3594 veniam
1772 3540 1839 3593 ab
1877 3538 1944 3593 iis
1983 3536 2078 3607 qui
2131 3535 2316 3608 legent

733 3646 798 3684 ea
831 3645 954 3698 qua:
984 3639 1134 3692 sunt,
1162 3645 1190 3683 a
1226 3631 1387 3684 nobis
1431 3629 1732 3694 elaborata,
1783 3639 1844 3684 ut
1878 3645 1980 3685 nos
2033 3644 2143 3684 non
2184 3644 2316 3684 con-

736 3724 999 3778 demnent
1044 3722 1413 3793 negligentiae,
1458 3736 1642 3793 neque
1682 3723 1828 3776 hanc
1856 3721 2080 3775 minime
2109 3721 2316 3774 exami-

736 3822 921 3869 natam
950 3814 1206 3884 rejiciaut
1240 3815 1636 3869 narrationem.
1663 3811 1852 3885 Neque
1878 3812 2028 3868 enim
2061 3820 2311 3869 nostrum

737 3920 824 3965 est
860 3909 967 3964 hoc
1000 3925 1167 3978 opus,
1212 3920 1276 3964 ut
1322 3911 1480 3979 prius
1512 3911 1771 3977 diximus,
1808 3910 1903 3965 sed
1951 3911 2169 3965 illorum
2216 3925 2313 3979 po-

742 4004 875 4067 tius,
900 4018 1039 4072 quos
1064 4017 1256 4058 sumus
1288 4000 1484 4057 secuti.
1517 4001 1656 4056 Illud
1692 4002 1876 4072 itaque
1927 4000 2192 4056 Herodoti
2224 4000 2315 4055 hic

740 4092 943 4163 poterit
974 4091 1261 4147 commode
1293 4091 1439 4150 dicit:
1485 4107 1606 4149 esse
1639 4092 1823 4163 potius
1851 4090 2014 4149 lstiaai
2045 4089 2311 4152 calceum.

740 4184 958 4240 etiamsi
987 4184 1167 4254 ipsum
1191 4183 1431 4242 induerit
1456 4182 1822 4258 Aristagoras.

2406 3377 2490 3413 τοι
2515 3361 2613 3414 καὶ
2644 3360 2972 3433 συγγνώμην
3006 3360 3115 3414 ἀπὸ
3140 3359 3249 3413 τῶν
3274 3360 3720 3431 ἐντυγχανόντων
3747 3364 3865 3423 τοῖς
3892 3378 3986 3413 πε-

2408 3454 2738 3521 πονημένοις
2765 3453 2896 3522 ἡμῖν
2929 3452 3210 3524 αἰτοῦμεν,
3236 3452 3375 3506 ὥστε
3417 3452 3491 3524 μὴ
3528 3453 3817 3523 ἀμέλειαν,
3862 3453 3985 3525 μηδ’

2408 3548 2701 3620 ὀλιγωρίαν
2736 3548 2837 3620 τῆς
2864 3549 3235 3604 ἁὸασανίστου
3266 3548 3473 3619 ταύτης
3502 3545 3986 3616 καταψηφίζεσθαι

2409 3640 2713 3712 διηγήσεως
2736 3658 2750 3673 ⁶
2782 3642 2903 3697 οὐδὲ
2957 3644 3065 3712 γὰρ
3109 3644 3401 3712 ἡμέτερον,
3432 3640 3621 3709 ὥσπερ
3648 3641 3886 3707 ἔφημεν,
3929 3639 3989 3690 τὸ

2411 3730 2771 3800 προκείμενον
2816 3731 3012 3801 ἔργον,
3047 3728 3162 3785 ἀλλ’
3201 3730 3359 3802 ἰχνῶν
3393 3730 3601 3801 ἐτέρων
3638 3728 3987 3798 παρακολού-

2411 3819 2582 3891 θημα.
2615 3822 2919 3894 Τοιγαροῦν
2969 3822 3249 3879 κάνταῦθα
3303 3822 3365 3879 τδ
3419 3822 3757 3895 Ἦροδότειον
3811 3823 3987 3875 ἐκεῖνο

2410 3913 2665 3980 λέγεσθαι
2703 3914 2885 3985 χώραν
2930 3915 3062 3983 ἔξει,
3103 3915 3359 3969 Ἰστιαίου
3392 3913 3454 3968 τὸ
3490 3915 3748 3986 ὑπόδημα
3784 3912 3989 3983 μᾶλλον

2410 3999 2570 4068 εἶναι,
2614 4006 2663 4056 εί
2720 4006 2813 4056 καὶ
2853 4005 3246 4075 Ἀρισταγόρας
3283 4004 3417 4059 αὐτὸ
3461 4004 3784 4059 ἐπεδύσατο.
3836 4004 3989 4074 Ἔχει

2413 4093 2601 4162 μέντοι
2628 4093 2748 4148 τόδε
2788 4093 2984 4158 οὕτως.

2183 4333 2407 4392 CAPUT
2447 4337 2488 4390 ι.

913 4474 1220 4547 Sampsonis
1271 4493 1468 4547 genus,
1524 4475 1740 4545 patria,
1787 4449 2066 4597 studium;
2099 4476 2397 4617 bar/riguit“
2452 4478 2507 4601 ig
2571 4490 2827 4545 pauperes
2884 4485 2935 4530 et
2974 4485 3238 4547 (egrotae;
3272 4490 3397 4545 erga
3438 4473 3813 4543 imperatorem

2071 4561 2164 4600 ene
2187 4551 2379 4614 icium,
2438 4564 2468 4602 ο
2503 4549 2631 4601 itus.
3633 4596 3639 4602 .

2071 4551 2347 4614 ene/icium
2364 4590 2379 4614 ,
2438 4549 2631 4602 obitus.

816 4708 878 4763 Π.
922 4707 1025 4761 Hic
1065 4721 1194 4777 ergo
1240 4722 1488 4776 magnus,
1538 4715 1594 4759 et
1642 4707 1802 4775 cujus
1856 4721 2074 4761 omnem
2126 4704 2310 4761 orbem

2494 4705 2569 4761 ις’.
2609 4708 2665 4760 '0
2694 4708 2867 4777 μέγας
2895 4699 3050 4767 οὗτος
3090 4704 3181 4757 καὶ
3211 4702 3298 4757 διὰ
3331 4700 3511 4771 πάσης
3537 4699 3871 4772 βεϐοημένος
3894 4700 3988 4768 τῆς

746 4812 904 4855 terra:
929 4801 1167 4869 pervasit
1198 4799 1363 4865 fama,
1399 4797 1664 4867 Sampson
1690 4837 1704 4861 ,
1729 4814 1902 4867 genus
1923 4798 2141 4867 quidem
2168 4798 2322 4852 duxit

744 4910 810 4947 ex
842 4894 930 4946 illa
960 4890 1165 4948 celebri
1197 4900 1254 4946 et
1297 4890 1497 4960 inclyta
1542 4889 1736 4945 Roma.
1782 4888 1946 4945 Ortus
1997 4899 2081 4943 est
2134 4898 2317 4944 autem

750 4998 856 5040 non
891 5000 957 5038 ex
991 4983 1327 5054 ignobilibus
1361 4997 1466 5038 nec
1495 4982 1812 5051 vulgaribus
1847 4981 2188 5051 parentibus,
2223 4980 2320 5034 sed

751 5076 904 5131 valde
935 5076 1181 5132 honestis
1205 5082 1261 5130 et
1299 5075 1464 5130 claris
1495 5093 1508 5129 :
1554 5089 1791 5144 quorum
1839 5089 2046 5144 magna:
2094 5072 2317 5143 quidem

748 5176 908 5223 erant
959 5182 1112 5237 opes,
1159 5182 1331 5237 genus
1372 5175 1553 5220 autem
1585 5166 1894 5221 ducebatur
1946 5181 2010 5219 ex
2057 5165 2321 5235 sanguine

750 5260 1101 5329 imperatoris
1154 5260 1253 5330 (ί).
1300 5260 1406 5315 Sed
1447 5274 1572 5314 cum
1614 5258 1717 5313 viri
1768 5258 1934 5327 hujus
1983 5259 2202 5311 maximi
2232 5272 2319 5312 res

750 5359 989 5405 externae
1032 5351 1105 5405 ita
1149 5366 1208 5407 se
1248 5350 1537 5416 haberent,
1575 5364 1754 5419 neque
1796 5349 2039 5403 internas
2078 5364 2317 5417 unquam

754 5443 1013 5512 neglexit.
1047 5442 1180 5496 Nam
1204 5453 1260 5498 et
1290 5442 1509 5496 virtutis
1554 5455 1803 5513 magnam
1843 5454 2031 5493 curam
2069 5440 2316 5511 gerebat,

754 5542 807 5586 et
845 5534 1042 5590 divinae
1068 5534 1364 5604 Scriptura:
1394 5533 1619 5589 lectioni
1656 5539 1778 5587 erat
1805 5529 2070 5594 intentus,
2117 5538 2172 5583 et
2204 5539 2320 5583 tan-

2415 4799 2739 4870 οἰκουμένης
2793 4797 3056 4869 Σαμψὼν,
3106 4789 3255 4848 εἷλκε
3303 4792 3403 4863 μὶν
3451 4791 3514 4846 τὸ
3556 4791 3715 4861 γένος
3774 4790 3843 4844 ἐκ
3890 4790 3988 4861 τῆς

2417 4889 2768 4962 περιωνύμου
2794 4892 2889 4944 καὶ
2922 4885 3215 4956 διαφανοῦς
3262 4884 3503 4954 Ῥώμης,
3536 4881 3775 4952 προῆλθε
3801 4882 3861 4936 δὲ
3889 4884 3987 4935 οὐκ

2417 4983 2477 5047 ἐξ
2507 4982 2738 5052 ἀσήμων
2780 4982 2889 5051 ἄρα
2926 4980 3109 5044 τινῶν,
3135 4978 3256 5032 ούδδ
3294 4978 3403 5029 τῶν
3430 4975 3820 5044 ἐπιτυχόντων,
3853 4972 3986 5025 ἀλλά

2418 5075 2513 5129 καὶ
2555 5074 2677 5126 λίαν
2726 5072 2964 5141 εύγτνῶν
3014 5089 3074 5127 τε
3123 5070 3218 5124 καὶ
3248 5067 3545 5135 περιδόξων
3569 5084 3583 5099 ο
3622 5065 3858 5119 πλούτου
3890 5064 3987 5134 μὶν

2418 5165 2738 5235 περιουσίαν
2797 5163 3001 5233 βαθέως
3060 5163 3315 5233 ἐχόντων,
3381 5157 3648 5229 βασιλικῷ
3691 5157 3749 5211 δέ
3793 5156 3988 5225 αἵματι

2422 5257 2561 5311 κατὰ
2594 5256 2749 5324 γένος
2780 5255 3243 5325 φαιδρυνομένων.
3269 5252 3415 5322 Πλὴν
3444 5250 3578 5304 ἀλλὰ
3611 5248 3719 5303 τῶν
3748 5247 3987 5319 θύραθεν

2421 5350 2449 5401 ὁ
2478 5348 2785 5417 Παμμέγας
2837 5345 3009 5408 οὕτως
3048 5344 3207 5414 ἔχων,
3253 5341 3376 5396 οὐδὲ
3420 5340 3528 5396 τῶν
3575 5340 3764 5394 οἰκίων
3795 5338 3987 5407 ἡμέλει

2425 5439 2616 5492 πόθενο
2650 5441 2747 5492 καὶ
2790 5438 2898 5509 γὰρ
2927 5438 3131 5509 ἀρετῆς
3157 5433 3436 5505 ἐφρόντιζε
3479 5433 3621 5499 λίαν,
3655 5429 3753 5485 καῖ
3789 5432 3857 5501 τῇ
3892 5430 3988 5499 τῆς

2423 5529 2573 5592 θείας
2605 5530 2825 5601 Γραφῆς
2879 5528 3114 5595 ἐντεύξει
3163 5525 3367 5597 σπουδῇ
3411 5523 3756 5595 προσέκειτο,
3799 5524 3895 5577 καὶ
3917 5521 3989 5581 ῶς

828 5670 901 5737 (ι)
931 5670 1292 5740 Mennlogium
1330 5666 1676 5740 Constantini
1720 5665 2168 5740 Porphyrogeniti
2219 5667 2402 5733 habet,
2437 5683 2565 5723 eum
2618 5668 2785 5724 fuisse
2854 5665 3317 5736 consanguineum
3377 5661 3722 5722 Constantini
3790 5656 3984 5731 Magni.

753 5734 953 5798 “enica
987 5734 1183 5797 excusa
1212 5741 1347 5797 nihil
1391 5740 1593 5795 habent
1635 5739 1700 5794 de
1733 5734 2147 5807 ipsiusfaiuilia.
