4196 6306
179 356 274 423 281

1390 356 1565 415 νιΤΑ
1610 355 1672 413 S.
1724 352 2175 413 SAMPSONIS.

3291 338 3397 401 282

175 489 310 533 τινος
340 471 561 541 ἡδίστης
599 470 800 540 τροφῆς
823 470 1072 540 ἐμμελῶς
1096 469 1292 538 εἴχετο,
1319 471 1412 521 καὶ
1441 468 1506 521 δι’
1541 469 1720 534 ὀλίγου

1827 462 2422 535 quamjucundissimo
2450 460 2575 516 cibo
2620 460 2668 514 ei
2710 459 3010 527 diligenter
3059 454 3397 511 adhaerebat.

177 563 303 631 πρὸς
331 565 507 613 πᾶσαν
537 560 710 631 αὐτῆς
741 561 840 628 τὴν
870 560 1067 631 γνῶσιν
1097 560 1341 627 ἀφίκετο.
1369 559 1519 629 Μηδὲ
1553 561 1725 625 ίατρι-

176 655 292 720 κῆς,
322 652 419 723 τῆς
466 651 846 724 φιλανθρώπου
888 652 1102 723 τέχνης,
1140 653 1168 704 ὁ
1214 651 1724 721 φιλανθρωπᾶτατος

175 747 464 816 ἀμελήσας.
502 745 664 801 Ἀλλά
700 746 792 799 καὶ
819 746 953 815 αὐτῇ
987 744 1291 813 φιλοπόνως
1323 743 1723 813 προσενεχθεὶς,

174 839 263 891 καί
292 856 369 891 τοι
404 839 561 908 ὀλίγα
598 838 693 906 μὲν
729 838 936 907 ὑπῆρχε
977 839 1042 907 τῇ
1075 838 1239 907 τέχνῃ
1274 839 1573 907 χρώμενος,
1617 836 1724 887 τῶν

173 928 216 980 δ’
244 930 415 982 ἄλλων
440 929 751 1001 παρεχώρει
787 930 863 998 τῷ
896 929 1142 998 θεουργῷ
1178 930 1271 996 τῆς
1314 930 1536 999 χάριτος
1566 928 1725 996 νοσή-

178 1037 315 1088 ματα
366 1021 461 1074 κα)⁸
497 1022 642 1089 πάθη
666 1021 861 1073 ἀνίατα
902 1020 1242 1090 θεραπεύων,
1278 1020 1372 1073 καὶ⁵
1398 1020 1474 1082 ὡς
1514 1019 1723 1088 προκά-

172 1115 354 1181 λυμμα
380 1113 476 1181 τῆς
500 1115 720 1182 χάριτος
747 1114 1041 1185 ἐπιχειρῶν
1072 1116 1137 1185 τῇ
1165 1113 1331 1185 τέχνῃ
1358 1113 1443 1166 διὰ
1472 1127 1697 1164 ταπεινο

172 1203 403 1272 φροσύνη
415 1220 437 1264 ς
464 1204 562 1255 ὑπε
572 1204 789 1274 ρόολήν.

236 1381 274 1432 Γ
276 1387 308 1435 ’.
344 1382 432 1444 Ὠς
472 1382 527 1435 δὲ
578 1382 668 1436 καὶ
702 1385 751 1435 οἰ
786 1382 1020 1455 πατέρες
1057 1382 1223 1437 αὐτοῦ
1267 1385 1357 1439 τὸν
1388 1384 1501 1454 βίον
1533 1383 1723 1438 ἀπέλι·

168 1490 288 1536 πον,
317 1472 416 1525 οὐκ
463 1473 541 1528 ἔτι
581 1475 788 1543 μέλλων
832 1470 920 1547 ἦν,
961 1476 1069 1528 οὐδ’
1105 1476 1561 1547 ἀναϐαλλόμενος,
1610 1477 1725 1530 ἀλλ’

164 1563 239 1626 ὡς
285 1563 477 1634 καιροῦ
517 1565 811 1634 λαϐόμενος
853 1568 1177 1638 ἐπιτηδείου,
1210 1570 1304 1623 ἆτε
1341 1570 1569 1639 μηδενὸς
1619 1569 1725 1621 ὑπ-

163 1656 419 1725 άρχοντος
460 1658 554 1711 τοῦ
594 1659 949 1723 κωλύσοντος,
978 1661 1047 1714 τὰ
1090 1662 1230 1716 κατά
1257 1659 1482 1732 γνώμην
1528 1662 1723 1727 ἐποίει,

164 1749 255 1798 καὶ
298 1747 527 1800 πλούτου
567 1748 665 1816 μὲν
691 1750 932 1819 φθαρτοῦ
975 1752 1067 1804 καὶ
1114 1754 1449 1823 προσκαίρου
1498 1752 1727 1807 πλοῦτον

160 1833 378 1886 αἰώνιον
408 1836 803 1903 ἀντηλλάττετο
851 1839 991 1891 κατά
1016 1845 1114 1908 τὴν
1147 1841 1296 1894 θείαν
1328 1842 1421 1895 τοῦ
1448 1844 1721 1896 Δεσπότου
1754 1826 1799 1882 Β

159 1923 361 1991 φωνὴν,
397 1925 429 1993 ἢ
457 1926 524 1975 τὰ
549 1925 864 1995 ὑπάρχοντα
899 1929 1150 1996 πωλῆσαι
1186 1931 1395 1982 κελεύει
1430 1948 1522 1984 και
1546 1949 1722 1997 παρα-

156 2019 305 2084 σχεῖν
349 2016 738 2089 ἐλεημοσύνην,
786 2020 1033 2073 ὲντεῦθέν
1079 2038 1136 2075 τε
1188 2022 1448 2092 βαλάντια
1508 2023 1581 2094 μὴ
1614 2043 1718 2077 παο

152 2108 449 2176 λαιούμενα¹
496 2111 822 2181 κτήσασθαι.
885 2113 1083 2166 Ἐδίδου
1127 2113 1182 2167 δὲ
1224 2115 1314 2167 τὸν
1354 2116 1602 2183 πλοῦτον,
1658 2118 1718 2171 οὐ

148 2202 298 2256 Βιατά
353 2204 548 2273 μικρὸν
628 2204 750 2256 οὐδὲ
811 2204 1162 2275 φειδομένως,
1218 2205 1339 2258 οὗτε
1415 2207 1522 2276 μὴν
1580 2207 1721 2260 κατά

151 2294 404 2361 στράγγα
447 2296 610 2365 ῥέων,
640 2297 773 2349 ἀλλα
814 2301 905 2349 καὶ
941 2298 1060 2349 λίαν
1087 2297 1252 2368 χύδην
1283 2299 1375 2351 καὶ
1399 2299 1717 2369 ἀνειμένως,

151 2386 359 2453 ἀμφοῖν
403 2389 630 2456 χειροῖν,
662 2387 722 2439 τὸ
761 2387 855 2439 τοῦ
895 2387 1073 2453 λόγου,
1109 2391 1244 2456 πρὸς
1273 2391 1372 2451 τὰς
1417 2388 1525 2439 τῶν
1554 2389 1719 2457 πενή-

148 2494 262 2529 των
322 2477 353 2548 ἢ
410 2480 718 2531 πεινώντων
768 2478 1056 2531 ἀπαντλῶν
1103 2478 1392 2548 γαστέρας,
1430 2479 1521 2531 καὶ
1560 2479 1719 2531 τοῦτο

146 2571 248 2636 οὐχ
274 2567 440 2629 ἅπαξ,
464 2566 583 2618 οὐδὲ
611 2566 713 2629 δὶς,
745 2565 880 2621 ἀλλὰ
908 2567 994 2620 διὰ
1028 2569 1231 2630 παντὸς
1258 2567 1351 2621 τοῦ
1383 2568 1497 2638 βίου
1528 2567 1712 2622 ποιού-

149 2647 315 2726 μενος
340 2657 657 2727 ’ἡλικιῶτις
686 2658 795 2728 γὰρ
822 2660 969 2730 αὐτῷ
1000 2664 1094 2715 καὶ
1127 2660 1424 2730 σύντροφος
1467 2661 1595 2731 ἄχρι
1636 2662 1709 2715 τέ·

144 2748 275 2808 λους
302 2749 334 2820 ἡ
368 2747 724 2821 ἐλεημοσύνη.
759 2752 869 2816 Τὰς
905 2752 959 2805 δὲ
988 2752 1096 2804 τῶν
1127 2752 1329 2805 δούλων
1367 2752 1566 2819 ἀγέλας
1599 2752 1723 2804 οὐκ-

144 2841 231 2892 έτι
282 2839 466 2908 μένειν
514 2840 645 2909 παρ’
671 2840 849 2910 ἑαυτῷ
884 2841 1059 2908 ἠξίου,
1096 2839 1218 2894 οὐδὲ
1262 2840 1370 2893 τῶν
1411 2832 1719 2908 ὁμοδούλων

144 2930 519 3002 ὑπερηφάνως
552 2929 672 2983 κατ’
694 2929 1001 2995 αὐθεντίαν,
1027 2932 1142 2984 ἀλλ’
1173 2910 1488 3002 ἐλευθερίας
1516 2931 1717 3003 μᾶλλον

142 3020 387 3088 εὐγενῶς
427 3018 602 3088 ἠξίου,
632 3020 926 3090 αὐτάρκεις
968 3022 1151 3083 αὐτοῖς
1181 3024 1436 3091 παρέχων
1485 3024 1578 3077 καὶ
1622 3022 1717 3086 τὰς

141 3112 287 3177 πρὸς
315 3112 375 3163 τὸ
402 3110 502 3181 ζῇν
538 3110 814 3179 ἀφορμάς.
842 3110 905 3164 Τί
940 3112 1046 3182 γὰρ
1078 3111 1245 3165 ἐδεῖτο
1279 3114 1377 3181 τῆς
1412 3114 1469 3179 ἐξ
1508 3113 1717 3182 ἀνθρώ-

140 3220 268 3259 πων
292 3203 538 3266 δουλείας
574 3205 600 3257 ὀ
626 3202 811 3257 δοῦλον
842 3203 1033 3257 ἑαυτὸν
1051 3204 1130 3276 τῷ
1160 3204 1343 3276 Κυρίῳ
1371 3206 1587 3275 γνήσιον
1612 3207 1719 3271 ἀφο

141 3298 554 3365 οσιωσάμενος;
580 3294 735 3349 Οὖτω
758 3296 887 3365 γοῦν
913 3298 1038 3367 περὶ
1070 3298 1136 3350 τὰ
1162 3297 1287 3350 ὄντα
1309 3298 1595 3361 διατεθεὶς,
1615 3296 1720 3349 τῶι

143 3391 511 3461 προσκαίρων
555 3390 828 3440 καὶοίονεὶ
868 3388 1083 3458 δεσμῶν
1118 3407 1277 3442 τινων
1317 3390 1558 3457 ἀναθεὶς,
1593 3390 1720 3443 κοῦ-

141 3499 248 3550 ςος
277 3478 346 3551 ἦν
378 3479 616 3549 ἀτεχνῶς
647 3478 742 3532 καὶ
771 3478 1024 3545 εὔζωνος,
1047 3481 1141 3534 καὶ
1164 3480 1241 3550 τῷ
1271 3479 1353 3533 ἑνὶ
1382 3480 1480 3550 μὲν
1510 3470 1720 3550 χιτῶνι,

139 3574 229 3625 ἑνὶ
270 3572 329 3623 δὲ
370 3569 476 3623 τῶν
498 3570 725 3623 οἰκετῶν
755 3570 1113 3644 ἀρκούμενος.
1150 3569 1285 3627 Εἶτα
1324 3573 1420 3625 καὶ
1449 3571 1547 3641 τὴν
1587 3572 1722 3625 Ῥώ-

144 3681 259 3735 μην
288 3662 572 3717 ἀπολιπὼν
600 3666 627 3719 ὁ
651 3664 937 3727 Γεννάδας,
962 3665 1097 3734 πρὸς
1124 3665 1223 3736 τὴν
1242 3667 1367 3718 νέαν
1392 3665 1591 3737 ταύτην
1619 3667 1715 3734 dip-

142 3760 389 3810 ικνεῖται
433 3755 674 3825 Ῥώμην,
702 3754 798 3824 τὴν
835 3755 927 3807 τοῦ
971 3756 1117 3810 θείου
1148 3756 1579 3821 Κωνσταντίνου,
1621 3773 1724 3827 φη-

144 3848 211 3917 μί
236 3864 251 3878 ο
290 3846 386 3913 ἀφ’
426 3839 494 3914 ἦς
540 3845 642 3915 μὲν
675 3846 854 3910 αἰτίας
892 3848 1133 3919 κινηθεὶς
1180 3848 1317 3919 πρὸς
1355 3843 1512 3899 τοῦτο
1542 3848 1723 3915 λέγειν

137 3938 249 3987 οὐκ
276 3934 419 4004 ἔχω’
452 3933 595 4005 πλὴν
635 3936 737 3989 οὐκ
786 3938 938 3990 ἀθεεὶ
988 3939 1225 4004 πάντως,
1254 3938 1363 3991 οὐδ’
1395 3938 1723 4004 ἀλυσιτελῶς

138 4031 213 4098 τῇ
247 4028 483 4099 λαμπρᾷ
515 4028 689 4101 ταύτῃ
732 4032 819 4083 καὶ
859 4029 1091 4100 βασιλίδι
1127 4031 1236 4084 τῶν
1275 4033 1480 4085 πόλεων
1510 4032 1724 4102 ἐνδεδη-

143 4119 373 4189 μηκὼς,
459 4121 547 4172 καὶ
577 4120 635 4173 τὸ
671 4122 813 4190 ἱερὸν
847 4121 1011 4173 αὐτοῦ
1046 4124 1391 4175 ἐναπόκειται
1420 4122 1603 4190 σῶμα,
1627 4123 1724 4192 θη-

141 4212 356 4279 σαυρδς
401 4210 618 4275 ἄσυλος,
651 4211 877 4276 πλοῦτος
909 4213 1203 4280 ἀδάπανος,
1239 4216 1560 4285 νοσημάτων
1590 4215 1725 4271 πάνυ

136 4320 258 4355 των
284 4302 651 4371 ἁλεξιτήριον,

214 4400 294 4448 Δν.
351 4394 411 4448 '0
444 4396 573 4464 γοῦν
611 4396 682 4450 τὰ
715 4395 893 4448 πάντα
937 4397 1104 4466 μέγας
1149 4396 1387 4467 Σαμψὼν
1426 4398 1522 4469 τὴν
1557 4399 1724 4468 μεγά-

1828 571 1883 612 ει
1919 560 2065 612 brevi
2114 568 2359 627 tempore
2405 555 2552 609 venit
2589 552 2655 605 ad
2709 566 2926 607 omnem
2962 550 3082 617 ejus
3123 548 3402 617 cognitio-

1829 668 1974 704 nem.
2034 652 2231 705 Verum
2296 663 2419 703 cum
2479 661 2658 716 neque
2711 643 3059 705 medicinam,
3125 655 3250 709 qua
3311 655 3402 693 ars

1828 743 1985 796 valde
2013 742 2271 801 conducit
2323 742 2573 793 humana;
2627 735 2808 796 saluti,
2849 734 2933 786 vir
2974 730 3403 785 humanissimus

1828 834 2174 903 neglexisset,
2233 832 2328 887 sed
2363 847 2422 887 se
2472 831 2639 885 etiam
2686 829 2736 885 ei
2792 827 3085 896 diligenter
3132 824 3399 886 dedisset,

1827 925 1929 979 etsi
1972 936 2087 978 arte
2123 940 2313 991 parum
2363 921 2659 975 admodum
2709 918 2775 973 ad
2827 927 3095 986 quaestum
3134 916 3204 969 sit
3245 929 3398 976 usus,

1830 1018 1881 1070 in
1926 1016 2256 1085 pauperibus
2305 1025 2485 1068 tamen
2534 1012 2701 1067 cessit
2746 1011 2947 1066 divina:
2996 1009 3184 1079 gratia:
3240 1007 3402 1061 mini-

1828 1108 2020 1172 sterio,
2058 1106 2276 1161 morbos
2300 1119 2501 1160 curans
2547 1101 3003 1160 immedicabiles,
3038 1110 3095 1154 et
3140 1109 3421 1167 tanquam

1825 1203 2013 1268 gratiae
2043 1200 2347 1254 velamento
2378 1205 2496 1251 arte
2532 1208 2691 1250 utens
2732 1205 2957 1265 propter
3002 1205 3271 1246 summam
3305 1190 3405 1242 hu-

1828 1288 2140 1343 militatem.

1898 1381 1987 1434 ιιι.
2021 1382 2315 1450 Postquam
2356 1390 2537 1433 autem
2575 1381 2696 1447 ejus
2722 1386 2980 1446 parentes
3018 1390 3049 1429 e
3079 1374 3189 1429 vita
3218 1388 3407 1430 exces-

1804 1452 2043 1534 rsissent,
2072 1488 2178 1524 non
2217 1472 2451 1541 amplius
2486 1470 2871 1529 cunctabatur,
2926 1481 3029 1521 nec
3070 1463 3399 1527 differebat;

1827 1566 1921 1621 sed
1957 1575 2081 1635 apta
2117 1580 2249 1619 usus
2279 1565 2590 1627 occasione,
2623 1570 2813 1631 utpote
2842 1561 2989 1631 quod
3040 1560 3223 1614 nullus
3252 1566 3401 1613 esset

1828 1657 2225 1727 prohibiturus,
2259 1671 2322 1709 ea
2357 1654 2617 1719 faciebat,
2657 1669 2779 1722 quae
2820 1653 2928 1707 sibi
2960 1653 3312 1711 videbantur,
3345 1660 3402 1704 ct

1830 1748 2023 1803 breves
2083 1748 2462 1818 periturasque
2535 1734 2785 1799 divitias'
2826 1744 3202 1799 commutabat
3272 1758 3399 1797 cum

1827 1841 2068 1905 aeternis,
2102 1841 2486 1907 obtemperans
2509 1838 2630 1892 voci
2662 1838 2982 1901 Dominicae,
3008 1836 3227 1907 jubenti
3260 1852 3399 1889 vcn-

1828 1935 1959 1987 dere
1986 1947 2047 1985 ea
2074 1947 2195 1998 quae
2222 1932 2346 1998 quis
2371 1930 2557 1994 habet,
2580 1938 2636 1984 et
2664 1930 2912 1998 praebere
2938 1929 3341 1997 eleemosynam
3360 1930 3398 1989 ¹.

1825 2036 1880 2079 et
1918 2023 2048 2077 hinc
2077 2037 2265 2090 parare
2290 2035 2600 2083 erumenas,
2628 2037 2748 2090 qua:
2777 2021 3002 2074 minime
3028 2028 3398 2074 vetet-ascani.

1832 2115 1997 2169 Dabat
2031 2130 2156 2168 vero
2186 2128 2321 2182 opes
2344 2127 2454 2167 non
2478 2126 2661 2182 parce,
2694 2110 2858 2181 idque
2894 2126 2997 2165 nec
3027 2111 3267 2166 tenuiter
3297 2126 3401 2164 nec

1828 2206 2080 2277 guttatim
2114 2205 2405 2267 distillans,
2439 2203 2536 2260 sed
2563 2204 2784 2273 profuse
2814 2203 3111 2257 admodum
3143 2214 3199 2257 et
3228 2203 3398 2273 large,

1827 2300 2125 2361 ambabus,-
2165 2309 2224 2352 ut
2271 2298 2497 2362 dicitur,
2540 2295 2797 2349 manibus
2850 2294 3143 2349 effundens
3187 2297 3240 2349 in
3272 2310 3404 2347 ven-

1829 2401 1939 2444 tres
1970 2403 2294 2458 pauperum,
2321 2394 2417 2441 aut
2438 2385 2832 2449 esurientium;
2870 2383 3033 2453 idque
3066 2399 3174 2438 non
3208 2382 3399 2445 semel,

1826 2490 1922 2533 aut
1955 2481 2060 2545 bis,
2093 2479 2187 2534 sed
2220 2494 2319 2548 per
2342 2487 2506 2532 totam
2544 2478 2711 2533 vitam
2746 2492 2759 2531 :
2803 2486 3037 2530 connata
3085 2475 3233 2530 enim
3277 2489 3403 2528 cum

1828 2572 1946 2641 ipso
1980 2580 2036 2626 et
2081 2573 2397 2625 connutrita
2439 2585 2613 2637 usque
2657 2568 2722 2621 ad
2757 2577 2989 2622 mortem
3021 2568 3123 2620 fuit
3166 2567 3403 2620 eleemo-

1827 2680 1982 2736 syna.
2035 2663 2333 2720 Servorum
2401 2673 2584 2715 autem
2631 2675 2823 2730 greges
2881 2658 3103 2712 nolebat
3165 2657 3402 2726 amplius

1826 2758 1970 2828 apud
2000 2772 2058 2813 se
2090 2771 2336 2818 manere.
2388 2769 2568 2823 neque
2614 2753 2669 2808 in
2712 2768 2909 2811 servos
2953 2752 3034 2805 uti
3080 2759 3402 2820 arroganter

1827 2849 2058 2916 imperio
2090 2865 2103 2901 :
2136 2847 2232 2902 sed
2264 2846 2450 2915 potius
2481 2845 2737 2899 libertate
2769 2845 3005 2913 ingenue
3047 2840 3401 2910 dignabatur,

1823 2939 1906 2994 eis
1952 2936 2170 2991 abunde
2218 2935 2489 3003 praebens.
2537 2935 2686 3000 quod
2735 2934 2803 2987 ad
2848 2933 3053 2987 victum
3100 2931 3401 2986 sufﬁceret.

1825 3031 1965 3099 Quid
1998 3029 2143 3086 enim
2169 3029 2219 3084 ei
2241 3043 2381 3098 opus
2402 3036 2520 3082 erat
2560 3029 2829 3086 servitute
2857 3025 3167 3087 hominum,
3201 3022 3296 3093 qui
3342 3036 3403 3077 se

1826 3141 2015 3180 verum
2055 3132 2111 3179 et
2137 3137 2453 3193 germanum
2501 3134 2722 3176 servum
2768 3117 3000 3174 Domino
3044 3129 3404 3170 consecrave-

1827 3215 1950 3271 rat?
1975 3214 2066 3268 Sic
2094 3215 2278 3282 itaque
2325 3228 2455 3278 erga
2495 3211 2788 3267 facultates
2836 3208 3087 3272 allectus,
3129 3196 3417 3275 rebusque

1825 3305 2220 3377 temporalibus
2251 3314 2509 3372 tanquam
2550 3304 2786 3359 vinculis
2810 3314 3029 3363 exutus,
3059 3308 3179 3353 erat
3210 3313 3402 3353 revera

1825 3401 1962 3456 levis
1990 3410 2046 3455 et
2080 3399 2382 3460 accinctus,
2420 3403 2477 3449 et
2508 3409 2614 3449 una
2647 3393 2869 3461 quidem
2899 3391 3108 3455 tunica,
3142 3405 3252 3444 uno
3301 3406 3402 3443 au—

1828 3501 1936 3547 tem
1966 3491 2175 3546 famulo
2223 3496 2541 3545 contentus.
2593 3485 2800 3541 Deinde
2851 3484 3024 3539 Roma
3070 3484 3265 3539 relicta
3311 3483 3403 3538 hic

1824 3586 1910 3640 vir
1962 3584 2215 3655 egregius
2263 3584 2317 3638 in
2368 3581 2510 3639 hanc
2561 3594 2757 3634 novam
2808 3577 2959 3631 venit
3004 3577 3269 3639 Romam,
3320 3576 3404 3630 di-

1823 3679 1960 3743 vini,
1991 3680 2238 3747 inquam,
2292 3673 2637 3729 Constantini
2686 3671 2985 3725 civitatem.
3034 3672 3212 3737 Atque
3254 3684 3403 3736 qua:—

1824 3788 1950 3827 nam
1986 3770 2208 3840 quidem
2259 3781 2385 3820 eum
2429 3779 2592 3819 causa
2640 3762 2999 3831 permoverit,
3051 3775 3398 3829 nequaquam

1825 3878 2043 3933 possum
2074 3862 2277 3917 dicere.
2320 3858 2427 3914 Sed
2482 3871 2592 3911 non
2643 3855 2761 3910 sine
2808 3854 2899 3909 Dei
2943 3855 3191 3917 numine,
3224 3866 3405 3922 neque

1824 3956 2050 4013 omnino
2089 3954 2363 4009 inutiliter
2404 3959 2659 4004 versatus
2708 3948 2764 4000 in
2817 3948 2918 3999 hac
2968 3947 3114 4014 regia
3162 3954 3247 3999 est
3275 3943 3405 3997 civi-

1826 4057 1955 4112 tate,
1982 4047 2037 4101 in
2066 4061 2172 4116 qua
2199 4050 2284 4099 est
2306 4044 2471 4098 etiam
2513 4054 2734 4095 sacrum
2784 4038 2905 4109 ejus
2952 4052 3154 4106 corpus
3188 4034 3406 4106 reposi-

1827 4150 1985 4204 tum',
2067 4139 2363 4192 thesaurus
2443 4140 2868 4193 sacrosanctus,
2953 4128 3200 4190 divitiae,
3280 4143 3403 4196 qua:

1823 4233 2051 4288 minime
2083 4234 2508 4289 consumuntur,
2561 4222 2810 4277 omnium
2857 4217 3176 4278 morborum
3224 4207 3404 4273 i'eme.

1824 4327 1997 4382 dium.

1893 4420 1980 4474 IV.
2020 4419 2119 4473 Hic
2166 4435 2297 4487 ergo
2345 4417 2494 4471 omni
2544 4432 2609 4469 ex
2647 4422 2803 4481 parte
2840 4425 3067 4480 magnus
3109 4409 3402 4477 Sampson,

135 4491 249 4560 λην
291 4488 454 4559 τήνδε
497 4488 650 4543 πόλιν
690 4487 1036 4551 καταλαὸὼν,
1095 4490 1152 4541 ὲν
1205 4492 1415 4560 σμικρᾷ
1464 4492 1563 4557 μέν
1612 4506 1719 4543 τινι

1828 4527 1953 4567 cum
2009 4510 2074 4566 ad
2126 4511 2265 4565 hanc
2313 4507 2650 4579 pervenisset
2705 4504 3010 4567 civitatem,
3053 4501 3107 4554 in
3163 4500 3399 4570 quadam

136 4584 338 4654 φαύλῃ
367 4584 552 4653 διῆγεν
578 4582 742 4654 οἰκίᾳ,
773 4583 832 4636 ὲν
861 4582 917 4635 δὲ
944 4579 1021 4652 τῷ
1055 4581 1280 4652 πλησίον
1320 4581 1581 4652 κήδεσθαι
1624 4599 1719 4636 πο-

133 4676 244 4738 λὺς
274 4670 348 4742 ἦν
370 4691 385 4704 ⁸
414 4676 514 4746 τὴν
545 4672 653 4744 γὰρ
679 4676 857 4727 οὶκίαν
887 4672 1089 4745 ταύτην
1121 4673 1530 4743 φιλανθρωπίας
1588 4675 1721 4729 ὑπόα-

137 4769 303 4823 θεσιν
337 4768 434 4820 καὶ
475 4768 708 4837 ἰατρεῖον
754 4765 984 4834 ἄμισθον
1013 4768 1398 4838 ποιησάμενος,
1426 4769 1551 4832 τοὺς
1584 4770 1724 4842 νόσῳ

136 4858 519 4928 πιεζομένους
552 4859 774 4924 ξενίζων
799 4852 866 4928 ἦν
894 4858 987 4910 καὶ
1026 4859 1364 4929 φιλαδέλφως
1393 4863 1722 4935 ὑποδεχόμε-

134 4971 264 5017 νος,
301 4952 502 5022 καὶμὴ
546 4952 702 5022 μόνον
746 4950 1062 5021 ἐπιμελείας
1105 4952 1272 5018 ἀξιῶν
1303 4955 1503 5026 πάσης,
1533 4955 1722 5028 ὥσπερ

132 5048 189 5098 οἱ
218 5046 327 5119 τῆς
364 5044 558 5113 τέχνης
583 5041 861 5111 βούλονται
885 5042 1060 5111 νόμοι,
1093 5043 1225 5098 ἀλλά
1256 5045 1349 5099 καὶ
1376 5047 1584 5116 τροφῆς
1607 5064 1723 5100 κοι-

136 5135 345 5191 νωνῶν
376 5137 470 5189 καὶ
508 5134 820 5206 στρωμνῆς,
852 5134 1161 5198 ἀκολούθως
1205 5139 1324 5195 ταῖς
1367 5137 1459 5190 τοῦ
1490 5139 1723 5208 Χριστοῦ

137 5226 427 5291 ἑντολαῖςξ
470 5226 563 5279 καὶ
606 5223 762 5278 τοῦτο
821 5226 918 5294 μὲν
957 5228 1026 5279 τὰ
1072 5229 1169 5294 τῆς
1214 5228 1429 5297 τέχνης,
1462 5229 1619 5282 τοῦτο
1668 5230 1725 5282 δὲ

140 5319 367 5391 μᾶλλον
392 5320 485 5370 καὶ
517 5319 584 5371 τὰ
620 5319 719 5388 τῆς
744 5318 965 5389 χάριτος
994 5319 1419 5388 ἐνδεικνύμενος.
1477 5322 1583 5374 Ποῦ
1618 5322 1727 5392 γὰρ

132 5414 355 5483 τέχνης
386 5410 547 5479 ἔργον
575 5408 833 5478 δαίμονας
856 5408 1201 5473 ἀπελαύνειν,
1228 5412 1320 5463 καὶ
1350 5412 1539 5463 παθῶν
1572 5414 1723 5467 ἀνιά-

132 5521 258 5556 των
296 5500 742 5573 θαυματουργεῖν
778 5502 943 5571 ἴασιν,
979 5500 1015 5553 ἃ
1057 5501 1251 5571 ἐκείνῳ
1286 5503 1499 5577 δρᾶσαι,
1526 5497 1615 5555 οἷα
1656 5506 1720 5571 δὴ

130 5600 237 5650 καὶ
285 5598 353 5650 τδ
395 5592 620 5665 θελῆσαι
646 5593 825 5666 ῥᾴδιον
867 5598 960 5648 καὶ
993 5593 1209 5657 ἀπλῶς;
1237 5595 1429 5649 Ἀλλου
1464 5596 1561 5665 μὲν
1595 5596 1720 5651 ἄλλο

212 5786 227 5817 ¹
267 5782 460 5838 Mat-th.
491 5797 602 5836 xu.

1828 4620 1992 4674 parva
2030 4614 2085 4658 et
2111 4603 2303 4656 humili
2338 4602 2501 4656 domo
2534 4597 2843 4662 habitabat,
2883 4596 2937 4649 in
2984 4593 3221 4663 proximi
3271 4608 3402 4647 cura

1823 4695 2060 4766 gerenda
2117 4694 2390 4748 assiduus.
2453 4690 2586 4743 Nam
2639 4703 2763 4742 cum
2812 4686 2953 4741 hanc
2983 4686 3206 4741 domum
3243 4684 3402 4739 beni-

1826 4791 2048 4860 gnitatis
2074 4795 2476 4857 argumentum.
2527 4791 2583 4838 et
2627 4782 2925 4851 gratuitam
2963 4779 3187 4833 fecisset
3227 4776 3399 4832 offici-

1828 4897 1972 4944 nam,
2008 4895 2125 4944 cos,
2157 4878 2250 4948 qui
2287 4878 2480 4933 morbo
2517 4873 2931 4945 premebantur,
2964 4871 3206 4940 hospitio
3251 4869 3402 4926 exci-

1820 4973 2023 5041 piebat,
2056 4983 2111 5026 et
2154 4970 2394 5025 fraterne
2439 4968 2716 5021 tractabat
2751 4984 2763 5019 :
2804 4978 2909 5019 nec
2958 4963 3138 5018 solum
3193 4962 3248 5016 in
3302 4976 3401 5016 eos

1822 5064 1968 5119 omni
2000 5063 2261 5117 utebatur
2292 5068 2441 5117 cura
2492 5069 2547 5114 et
2584 5057 2894 5129 diligentia,
2929 5064 2991 5109 ut
3027 5056 3219 5108 volunt
3247 5053 3398 5123 leges

1821 5158 1975 5216 artis,
2018 5155 2111 5210 sed
2164 5165 2219 5209 et
2266 5154 2474 5216 cibum,
2529 5165 2583 5206 et
2639 5151 2820 5205 cubile
2876 5149 2957 5204 eis
3017 5146 3396 5217 impertiebat,

1820 5247 2120 5305 secundum
2153 5245 2357 5300 Christi
2398 5234 2697 5315 praecepta,
2751 5242 2950 5310 partim
3000 5239 3225 5310 quidem
3262 5240 3400 5293 artis

1820 5351 1951 5397 sum,
1998 5334 2190 5404 partim
2236 5350 2368 5389 vero
2409 5334 2610 5387 divina:
2658 5330 2847 5403 gratim
2886 5325 3153 5384 beneficia
3197 5327 3401 5398 imper-

1828 5429 1985 5481 tiens.
2021 5426 2160 5491 Quid
2212 5426 2401 5481 enim?
2455 5424 2538 5478 An
2596 5424 2732 5478 artis
2783 5437 2922 5492 opus
2973 5429 3061 5477 est
3116 5420 3398 5476 dtemones

1827 5514 2119 5582 expellere.
2162 5524 2219 5568 et
2261 5513 2579 5568 morborum
2626 5512 2934 5567 mirabilem
2972 5510 3187 5565 efﬁcere
3237 5524 3398 5563 cura-

1828 5605 2072 5661 tionem?
2114 5605 2243 5671 Quz
2288 5606 2508 5675 quidem
2534 5607 2584 5661 ei
2615 5606 2816 5669 facere,
2858 5619 2967 5660 non
3012 5601 3195 5656 minus
3228 5616 3395 5672 quam
