4188 6310
757 379 865 443 283
2051 364 2334 428 MENSIS
2372 362 2672 425 JUNIUS.
3872 340 3978 410 931

759 489 918 551 velle,
959 496 1076 542 erat
1114 484 1291 539 facile.
1341 484 1407 537 Et
1432 480 1591 536 alteri
1628 480 1849 550 quidem
1893 476 2100 547 aliquid
2145 472 2318 537 aliud,
2352 475 2396 531 Α

2352 475 2396 531 Α
2422 486 2507 524 τιο
2539 466 2781 539 Σαμψὼν
2813 465 2869 519 δὲ
2901 465 2933 534 ἠ
2977 460 3247 530 ξενοδοχία
3274 456 3365 511 καί
3399 453 3769 525 φιλανθρωπία
3825 454 3917 504 καὶ
3954 454 3984 503 ὁ

763 576 1047 647 Sampsoni
1096 584 1275 629 autem
1322 540 1667 641 hospitalitas
1714 578 1769 626 et
1801 540 2135 640 benignitas,
2167 576 2223 621 et
2266 565 2321 618 in

2423 565 2550 635 περί
2603 561 2726 625 τοὺς
2766 558 2960 618 ἐνδεεῖς
2995 548 3174 614 οἶκτος
3209 550 3269 604 τὸ
3302 547 3611 605 ἰδιαίτατον,
3652 544 3728 604 ὠς
3782 540 3978 613 μικροῦ

761 678 985 741 egentes
1020 667 1419 732 misericordia,
1446 674 1561 720 erat
1584 664 1720 722 adeo
1752 665 1991 734 propria,
2025 671 2086 717 ut
2124 674 2317 729 prope-

2422 631 2519 712 καί.
2546 657 2623 719 εἰς
2652 654 2865 723 φύσεως
2887 646 3204 703 ἀποϐαίνειν
3242 640 3666 709 ἀναγκαιότητα,
3699 631 3811 688 οἷον
3841 634 3982 704 ἡλίῳ

764 764 986 819 modum
1018 763 1120 833 ipsi
1154 761 1423 815 naturalis
1458 759 1634 823 ﬁeret,
1677 758 1818 813 sicut
1848 725 1949 812 soli
1988 725 2210 825 quidem
2226 725 2324 807 est

2427 750 2524 820 μὲν
2567 748 2629 800 τὸ
2671 745 2946 814 φωτίζειν,
2981 738 3111 807 πυρί
3142 737 3197 790 δὲ
3234 735 3293 789 τὸ
3326 734 3528 787 καίειν.
3580 725 3858 782 Ἐντεῦθεν
3891 725 3986 777 καὶ

764 856 1095 918 illuminare,
1135 855 1244 925 igni
1275 862 1454 909 autem
1500 866 1683 906 urere.
1717 850 1857 905 Hinc
1881 848 2045 904 etiam
2083 846 2326 901 innotuit

2424 844 2501 913 τῷ
2530 839 2831 913 τηνικαῦτα
2873 838 3125 907 ἀρχιερεῖ
3170 832 3263 886 τοῦ
3302 829 3539 899 Χριστοῦ
3579 827 3736 895 δῆλος
3774 823 3984 891 γίνεται

763 946 815 1000 ei
845 948 937 1017 qui
971 954 1102 1000 tunc
1136 911 1257 1001 ενι-αι
1302 944 1505 999 Christi
1541 940 1795 998 Pontifex
1824 956 1839 994 :
1871 936 2134 994 bonitatis
2177 935 2325 989 enim

2430 911 2619 1005 (ἀρεντῆ
2653 931 2759 1000 γὰρ
2806 931 3057 999 πρᾶγμα.
3096 925 3187 978 ῐσα
3245 922 3384 989 φωτὶ
3442 921 3677 986 λάμπον,
3718 913 3877 1017 ὅθεν⁸
3898 911 3988 962 καὶ

770 998 815 1000 η
853 998 935 1017 1e,
977 998 1095 1000 κη-
1146 998 1160 1001 ,
1248 998 1251 999 ν
1318 998 1327 999 ,

764 1039 1024 1107 splendor
1080 1045 1138 1093 et
1199 1036 1367 1091 decus
1408 1050 1523 1101 eos,
1582 1034 1677 1103 qui
1725 1046 1846 1087 eam
1897 1034 2176 1091 exercent,
2218 1026 2328 1080 cito

2428 1024 2561 1091 ταχὺ
2622 1020 2741 1073 λίαν
2794 1015 3159 1085 ἁνακηρύττει
3223 1013 3347 1073 τοὺς
3411 1005 3734 1076 μετιόντας).
3793 998 3988 1065 Μῆνας

2428 1090 2578 1176 οὗτος
2624 1107 2692 1182 ἦν
2759 1112 2785 1163 ὁ
2831 1110 2928 1178 τὴν
2984 1104 3181 1175 ἀρετὴν
3239 1102 3338 1155 οὐκ
3371 1099 3585 1169 ἄδηλος,
3637 1095 3727 1146 καὶ
3779 1090 3990 1159 ἱερεύς·

2432 1209 2521 1262 ὑπ’
2568 1206 2774 1259 ἐκείνου
2834 1199 3217 1271 χειροτονεῖται
3269 1194 3565 1263 τριάκοντα
3615 1188 3715 1257 ἤδη
3752 1182 3992 1251 γεγονὼς

2433 1303 2551 1370 ἐτη,
2610 1301 2703 1353 καὶ
2761 1296 2954 1366 μικρόν
3010 1312 3061 1346 τι
3109 1291 3267 1361 πρός.
3309 1284 3439 1340 Εἶτα
3488 1284 3580 1336 καὶ
3611 1280 3686 1347 τῷ
3716 1277 3815 1344 τὴν

2432 1364 2583 1447 λείαν
2641 1364 2876 1444 διέποντι
2931 1386 3160 1456 φανερὸς
3212 1380 3462 1448 γίνεται⁹
3519 1372 3647 1440 παρ’
3706 1369 3887 1423 αἰτίαν
3942 1364 3997 1414 δὲ

2435 1486 2712 1551 τοιαύτην.

768 1130 1031 1197 pronalat.
1088 1131 1139 1183 ls
1196 1137 1377 1182 autem
1422 1136 1543 1181 erat
1592 1126 1776 1180 Menas
1814 1122 1912 1194 (2),
1964 1122 2168 1175 virtute
2221 1134 2328 1173 non

766 1220 1053 1274 obscurus.
1086 1220 1168 1274 Ab
1204 1221 1301 1273 illo
1333 1218 1625 1272 ordinatur
1656 1214 1938 1278 sacerdos,
1972 1212 2194 1281 triginta
2216 1212 2329 1281 jam

765 1328 938 1366 annos
967 1321 1152 1373 natus,
1185 1320 1241 1364 et
1269 1310 1433 1380 paulo
1455 1310 1598 1378 plus.
1641 1306 1847 1362 Deinde
1881 1314 1936 1360 et
1974 1305 2025 1359 ei
2069 1302 2330 1367 innotuit,

769 1402 862 1469 qui
901 1400 1323 1454 administrabat
1372 1399 1686 1469 imperium.
1728 1395 1786 1450 ld
1817 1404 2000 1449 autem
2040 1408 2107 1446 ex
2149 1407 2216 1446 eo
2242 1406 2336 1445 ac-

770 1491 927 1544 cidit.

845 1583 906 1635 V.
956 1581 1305 1636 Justinianus
1370 1582 1594 1650 quidem
1647 1588 1786 1641 erat,
1848 1579 1944 1649 qui
2007 1578 2336 1647 imperabat,

2505 1576 2583 1632 E'.
2618 1548 2990 1634 ’louurtvtavb;
3025 1568 3123 1637 μὲν
3178 1560 3245 1635 ἦν
3280 1564 3308 1615 ὀ
3344 1559 3584 1630 κρατῶν,
3626 1549 3689 1608 οῦ
3716 1552 3810 1605 καὶ
3844 1552 3869 1601 ὁ
3902 1548 3998 1615 τῆς

771 1676 929 1743 cujus
960 1684 1016 1729 et
1057 1675 1274 1745 imperii
1322 1643 1650 1728 diuturnum
1701 1672 1811 1727 fuit
1863 1643 2101 1740 tempus-
2134 1671 2237 1740 (ὅ),
2281 1677 2338 1723 et

2436 1677 2609 1747 ἀρχῆς
2630 1671 2818 1742 χρόνος
2839 1667 3026 1730 πολὺς,
3060 1662 3155 1715 καὶ
3183 1662 3210 1712 ὁ
3243 1659 3356 1729 βίος
3382 1653 3671 1722 ἐπιφανής.
3697 1644 3885 1747 Τοῦτῳ
3916 1643 3999 1693 νό-

772 1767 880 1821 vita
928 1738 1182 1821 illustris.
1238 1766 1303 1821 Ei
1348 1761 1578 1821 morbus
1618 1765 1872 1818 incubuit
1918 1738 2077 1815 valde
2132 1738 2336 1830 gravis,
2370 1825 2406 1832 __

2370 1825 2406 1832 __
2440 1738 2842 1832 σος-ἐνσκήπτει
2874 1760 3018 1829 μάλα
3047 1755 3238 1824 βαρεῖα
3284 1749 3390 1803 τῶν
3416 1743 3627 1800 αἰδοίων
3650 1738 3798 1806 αὐτῷ
3832 1751 4000 1802 πονη-

774 1874 899 1911 cum
951 1858 1001 1911 ei
1049 1857 1189 1911 male
1241 1856 1437 1910 alfecta
1491 1864 1678 1910 essent
1743 1853 2023 1923 pudenda,
2058 1861 2115 1905 et
2161 1852 2339 1905 vesica
2370 1825 2412 1878 Β

2370 1825 2412 1878 Β
2445 1859 2552 1928 ρῶς
2575 1858 2828 1926 ἑχόντων,
2864 1851 2958 1903 καὶ
2994 1849 3091 1914 τῆς
3128 1845 3364 1903 κύστεως
3400 1839 3545 1892 ἕλκει
3578 1832 3798 1905 χαλεπῷ
3832 1845 4006 1881 κακωι

774 1951 925 2022 gravi
965 1950 1239 2006 laboraret
1295 1950 1500 2005 ulcere.
1538 1948 1717 2019 Atque
1743 1921 1855 2002 ille
1899 1946 2123 2016 quidem
2171 1943 2345 2014 patie-

2444 1921 2648 2019 θεία-ης.
2688 1948 2746 1999 '0
2798 1945 2895 2014 μὲν
2927 1939 3020 1995 οὖν
3063 1936 3267 2006 ἔπασχέ
3303 1950 3359 1986 τε
3393 1930 3483 1984 καί
3522 1930 3725 1996 ἔκαμνε
3771 1924 3867 1977 καὶ
3911 1921 4008 1979 τὰς

777 2045 957 2107 batur,
986 2055 1041 2098 et
1070 2043 1373 2111 laborabat,
1409 2060 1510 2098 nec
1542 2044 1759 2099 dolores
1805 2013 1950 2097 ferre
1997 2049 2231 2110 poterat.
2282 2038 2345 2095 Ei

2443 2013 2633 2103 ὀδύνας
2657 2040 2867 2111 φέρειν,
2898 2035 2957 2087 οὐ
2983 2030 3207 2092 δυνατὸς
3236 2023 3327 2099 ἦν·
3361 2021 3561 2094 ίατρῶν
3590 2019 3646 2111 δὲ
3671 2013 4011 2111 σμῆνος-αῦ-

778 2146 958 2190 autem
1006 2144 1123 2190 erat
1166 2136 1565 2190 circumfusum
1627 2149 1857 2189 examen
1914 2132 2249 2186 medicorum
2292 2138 2348 2182 et

2444 2135 2521 2205 τῷ
2538 2103 2891 2200 περιεκέχυτο
2909 2128 2999 2179 καὶ
3014 2123 3142 2195 περὶ
3156 2119 3337 2179 αὑτὸν,
3359 2115 3507 2171 ὥσπε
3516 2129 3547 2183 ρ
3567 2109 3705 2171 ἔθος,
3734 2103 4011 2205 σπουδαιο-

780 2228 927 2282 circa
953 2243 1100 2291 eum,
1131 2238 1191 2280 ut
1217 2242 1336 2281 mos
1372 2237 1478 2290 est,
1507 2227 1735 2279 aderant
1780 2238 1976 2294 magno
2016 2223 2201 2276 studio
2234 2220 2354 2275 dis-

2447 2195 3063 2293 λογούμενοιπαρῆσαν,
3101 2215 3150 2266 οἶ
3178 2204 3601 2277 ἐπαγγείλασθαι
3635 2200 3736 2269 μὲν
3766 2198 3860 2249 καὶ
3885 2195 4014 2294 ἁγαῗ

783 2328 1039 2389 putantes
1140 2318 1233 2388 qui
1290 2316 1359 2371 ad
1398 2287 1831 2388 promittendum
1871 2287 2105 2386 quidem
2129 2354 2143 2379 ,
2190 2322 2246 2368 et
2283 2311 2351 2366 ad

2451 2287 2560 2375 θιῖιν
2591 2287 2821 2370 ἐλπίδων
2847 2309 3132 2382 πληρῶσαι
3159 2302 3355 2373 κομιδὴ
3376 2300 3677 2367 πρόχειροι,
3707 2294 3799 2389 ατε
3824 2289 3889 2353 δὴ
3924 2287 4015 2389 καί

784 2379 927 2465 bona
961 2426 1057 2479 spe
1098 2379 1437 2479 implendum
1481 2419 1612 2464 sunt
1648 2408 1811 2461 valde
1853 2379 2114 2475 prompti,
2157 2412 2219 2458 ut
2258 2402 2352 2472 qui

2450 2412 2549 2482 τὴν
2586 2411 2744 2481 χεῖρα
2771 2405 2862 2459 τοῦ
2889 2403 3186 2471 κάμνοντος
3208 2391 3457 2450 ἐντεῦθεν
3491 2382 3892 2441 ὑποκινοῦντες,
3923 2379 4017 2430 καὶ

785 2514 841 2563 et
865 2472 1250 2573 ejus-manum,
1280 2504 1372 2571 qui
1407 2502 1642 2567 laborat,
1692 2500 1821 2553 hinc
1854 2472 2107 2561 inritent,
2153 2508 2207 2552 et
2240 2496 2354 2552 etii-

2455 2472 2872 2575 προθῦμοτέραν
2912 2496 2989 2557 εἰς
3014 2490 3283 2549 ἐπιδόσεις
3313 2480 3452 2538 εἶναι
3485 2472 4016 2575 παρασκειιαζοντεςο

790 2598 962 2660 ciant,
988 2605 1048 2649 ut
1079 2596 1150 2649 sit
1195 2594 1263 2649 ad
1303 2594 1548 2648 dandum
1580 2591 1814 2647 alacrior
1849 2609 1861 2645 :
1897 2601 1957 2644 ut
2001 2600 2185 2645 autem
2229 2602 2356 2658 pro—

2455 2560 2535 2659 eli;
2566 2560 2726 2663 ἔργον
2753 2560 2888 2641 δὲτὸ
2921 2580 3256 2650 ὲπαγγελθὲν
3277 2575 3525 2644 ἀγαγεῖν,
3554 2565 3763 2622 καὶτοῦ
3793 2560 4022 2663 λυποῦν-

792 2689 959 2743 tuissa
1004 2686 1284 2742 deducant
1325 2686 1391 2740 ad
1439 2685 1721 2747 effectum,
1766 2693 1823 2739 et
1851 2683 2191 2737 laborantem
2225 2653 2360 2732 libe-

2458 2653 2546 2751 τος
2577 2653 2881 2748 ἀπαλλάξαι
2901 2679 2993 2733 τὸν
3054 2672 3393 2742 πιεζόμενον,
3422 2666 3483 2719 οὐ
3516 2664 3672 2734 μόνον
3699 2660 3800 2712 οὐκ
3916 2653 4022 2751 ολί-

794 2791 917 2836 rent
953 2781 1023 2836 ab
1049 2796 1116 2835 eo
1151 2780 1297 2850 quod
1328 2794 1455 2834 eum
1484 2777 1623 2832 male
1649 2776 1838 2839 habet,
1868 2790 1977 2829 non
2006 2773 2181 2827 solum
2203 2769 2359 2825 brevi

1912 2790 1977 2829 on
2006 2773 2181 2827 solum
2203 2769 2359 2825 brevi
2461 2796 2542 2849 γῳ
2585 2776 2799 2831 δυνατοὶ
2845 2772 3039 2833 ποιεῖν,
3088 2763 3203 2819 ἀλλ’
3236 2760 3360 2817 οὐδὲ
3404 2755 3566 2828 τριδῇ

3614 2750 3709 2805 καὶ
3769 2746 4023 2818 μελλήσει

798 2890 905 2934 non
961 2884 1193 2944 possunt
1236 2872 1482 2936 eﬂicere,
1518 2869 1616 2925 sed
1662 2883 1842 2938 neque
1903 2867 2063 2937 longa
2107 2880 2259 2920 mora
2304 2873 2363 2919 et

2463 2838 2742 2931 πολλάκις,
2774 2865 2893 2920 οὐδὲ
2931 2863 3022 2915 τὸν
3064 2859 3273 2930 μακρὸν
3314 2853 3505 2924 χρόνον
3540 2845 3910 2938 λαμϐάνοντες
3949 2838 4024 2898 εἰς

796 2966 1080 3027 dilatione,
1125 2979 1306 3035 neque
1340 2963 1489 3033 longi
1536 2960 1800 3031 temporis
1840 2968 2057 3015 utentes
2104 2958 2311 3012 auxilio
2346 2974 2361 3011 :

799 3054 893 3109 sed
922 3054 1096 3123 parati
1120 3053 1347 3122 quidem
1383 3060 1517 3108 sunt
1544 3066 1736 3106 eorum
1757 3048 1855 3119 qui
1883 3049 2158 3111 laborant,
2204 3062 2367 3101 accu-

799 3162 923 3200 sarc
956 3146 1298 3211 tarditatem,
1341 3148 1439 3203 aut
1476 3145 1646 3200 etiam
1687 3145 1755 3199 ad
1787 3144 1861 3210 id,
1909 3147 2055 3213 quod
2099 3152 2182 3197 est
2217 3142 2370 3197 dete-
2395 3176 2441 3238 Ο

800 3240 939 3303 rius,
982 3240 1413 3307 proclivitatem,
1449 3247 1507 3291 ut
1552 3236 1647 3307 qui
1689 3236 1774 3293 vel
1819 3236 2107 3307 praeceptis
2135 3251 2247 3289 non
2276 3249 2368 3289 ac-

803 3330 1113 3400 quiescant,
1158 3331 1245 3385 vel
1290 3329 1415 3385 cibo
1457 3339 1513 3383 et
1548 3338 1682 3400 potu
1724 3345 1835 3384 non
1866 3343 1953 3389 ea,
1997 3344 2105 3398 qua
2140 3344 2237 3397 par
2262 3334 2368 3391 est,

802 3420 1057 3476 cautione
1119 3431 1383 3476 utantur:
1431 3437 1491 3476 se
1548 3432 1751 3485 autem,
1786 3432 1844 3475 et
1888 3435 1972 3482 ea,
2003 3434 2124 3487 quae
2169 3421 2235 3471 ad
2277 3433 2375 3471 eu—

776 3512 1042 3566 'randum
1099 3514 1385 3579 adhibent,
1440 3513 1841 3567 medicamenta
1906 3510 2133 3564 minime
2190 3524 2377 3580 repre-

807 3604 1078 3661 hendunt.
1133 3604 1275 3670 Quid
1331 3620 1461 3675 ergo
1509 3604 1851 3675 imperator?
1899 3605 2193 3674 Postquam
2239 3602 2379 3656 vidit

809 3711 907 3750 eos
950 3697 1118 3749 multa
1158 3694 1381 3765 quidem
1426 3694 1632 3761 dicere,
1665 3704 1722 3749 et
1770 3708 1964 3764 magna
2008 3692 2175 3746 verba
2208 3691 2380 3759 loqui,

811 3786 949 3839 nihil
999 3795 1181 3841 autem
1232 3786 1486 3841 conferre
1548 3785 1617 3840 ad
1662 3784 2028 3849 curationem,
2083 3782 2195 3837 imo
2249 3796 2383 3836 vero

812 3878 1033 3940 laedere,
1066 3886 1122 3931 et
1147 3878 1382 3946 majores
1406 3875 1625 3929 dolores
1655 3872 1889 3939 afferre,
1928 3874 2046 3941 ipse
2078 3874 2386 3942 agitabatur

814 3968 1038 4039 quidem
1071 3966 1375 4033 doloribus,
1409 3966 1558 4022 ferre
1602 3980 1736 4021 vero
1775 3982 1887 4021 non
1921 3975 2159 4036 poterat.
2207 3965 2387 4035 Atque

817 4075 1009 4114 omnes
1064 4059 1287 4129 quidem
1330 4059 1577 4113 medicos
1618 4073 1687 4111 ex
1724 4072 1880 4125 aequo
1904 4060 2299 4123 coudemnans,
2331 4064 2392 4111 ut

818 4153 1062 4217 inutiles,
1108 4151 1164 4205 in
1214 4151 1411 4206 malam
1467 4164 1581 4205 rem
1626 4148 1782 4205 abire
1825 4148 2040 4220 jussit:
2096 4148 2165 4203 ad
2220 4148 2390 4203 Deum

822 4256 1004 4301 aut-em
1047 4243 1315 4313 confugit,
1358 4252 1418 4298 'et
1458 4243 1509 4296 ei
1563 4257 1760 4312 magno
1815 4241 1997 4296 studio
2025 4242 2289 4305 adhaeret,
2337 4248 2394 4295 et

823 4337 975 4390 illinc
1008 4336 1205 4405 quaerit
1242 4334 1525 4387 auxilium.
1558 4332 1965 4400 Nonnunquam
2004 4332 2149 4385 enim
2184 4340 2396 4400 egestas

826 4429 1005 4491 docet,
1036 4427 1167 4497 quid
1201 4425 1363 4481 nobis
1389 4428 1461 4480 sit
1503 4424 1667 4492 utile;
1696 4432 1754 4479 et
1777 4422 1965 4488 efﬁcit,
2009 4432 2071 4477 ut
2101 4422 2394 4486 discamus,

2469 2928 2758 3035 Boﬂesmva
2815 2954 2929 3011 ἀλλ’
2990 2928 3200 3021 ἕτοιμοι
3265 2946 3463 3017 μᾶλλον
3531 2942 3683 3035 τοὺς.
3719 2928 4028 3035 πασχοντας

2468 3022 2746 3109 αἰτιᾶσθαι
2773 3051 2869 3119 τῆς
2905 3043 3254 3116 βραδύτητος,
3280 3034 3313 3107 ἢ
3342 3034 3439 3088 καὶ
3468 3032 3565 3093 τὰς
3598 3027 3725 3097 πρὸς
3758 3024 3813 3075 τὸ
3852 3022 4031 3119 χεῖρον

2474 3143 2878 3217 συμὸαινούσας
2913 3135 3287 3208 περιπετείας,
3320 3128 3449 3183 ὡσεὶ
3482 3126 3556 3195 μὴ
3584 3126 3691 3183 τοῖς
3722 3114 4035 3183 παραγγέλ-

2476 3208 2638 3311 μασιν
2676 3235 2942 3291 εἴκοντας,
2971 3230 3005 3297 ἢ
3047 3227 3174 3295 περὶ
3214 3223 3311 3283 τὰς
3348 3218 3574 3311 βρώσεις
3608 3214 3639 3280 ἢ
3681 3212 3873 3268 πόσεις
3904 3208 4038 3310 ἀφυ-

2471 3297 2687 3393 λάκτως
2740 3326 2960 3397 ἔχοντας
2983 3335 2998 3349 ⁸
3036 3318 3246 3378 ἑαυτοῖς
3278 3313 3334 3367 δὲ
3380 3309 3477 3363 καὶ
3508 3301 3588 3370 οἷς
3617 3303 3915 3371 κέχρηνται
3962 3297 4038 3357 εἰς

2477 3422 2771 3495 θεραπείαν
2830 3414 3161 3485 φαρμάκοις,
3220 3405 3429 3495 μέμψιν
3473 3402 3522 3454 οἱ
3566 3398 3830 3495 βελτιστοι
3882 3406 4043 3495 “troes:

2480 3480 2741 3569 ἅπτουσιν
2798 3480 3076 3575 οῦδενμίαν.
3112 3501 3177 3551 Τί
3211 3496 3303 3549 οῦν
3348 3496 3375 3546 ὁ
3410 3493 3548 3563 βασι.
3568 3487 3696 3552 εὑς;
3743 3484 3834 3537 ἐπὶ
3862 3480 4042 3575 πολλὰ

2483 3604 2583 3675 μὲν
2613 3600 2809 3660 αὐτοὺς
2830 3571 3085 3664 λέγοντας
3115 3589 3259 3658 ἐώρα
3290 3586 3386 3639 καί
3406 3571 4042 3675 μεγαλρρῤτγμονοῦνξας,

2482 3658 2633 3746 οὐδὲν
2666 3689 2722 3741 δὲ
2750 3658 2884 3755 πρὸς
2903 3658 3210 3750 ⁷θεραπείαν
3248 3672 3532 3730 ἀνύοντας,
3568 3666 3649 3718 ὅτι
3783 3659 3880 3713 καὶ
3922 3658 4047 3726 βλά-

2484 3797 2717 3845 πτοντας
2746 3752 2841 3832 καὶ
2872 3773 3096 3830 ἀκεσίαν
3125 3770 3371 3826 ἅπαντας
3401 3753 3911 3826 ἀποδεικνυμένους,
3950 3752 4047 3803 αὑ-

2485 3876 2574 3938 τός
2601 3890 2660 3926 τε
2690 3842 2905 3930 δδύναις
2927 3862 3183 3918 ὲδάλλετο
3219 3857 3337 3928 μὲν,
3374 3855 3558 3923 φέρειν
3577 3848 3635 3901 δὲ
3672 3846 3773 3899 οὐκ
3796 3842 4049 3909 ἠδύνατο·

2490 3964 2691 4036 ἰατρῶν
2720 3961 2820 4032 μὲν
2857 3958 2943 4010 ἐπ’
2982 3958 3104 4021 ίστις
3157 3951 3375 4003 πάντων
3410 3944 3470 3995 τὸ
3506 3939 3854 4036 ἀνωφέλτὶτον
3888 3947 4054 4036 κατα-

2489 4019 2673 4129 γνοῦς,
2694 4019 2952 4123 οἰμώζειν
2978 4019 3181 4113 ἔφασκε
3200 4056 3217 4071 ·
3248 4032 3579 4111 προσφεύγει
3602 4029 3657 4083 δὲ
3676 4024 3894 4129 ,μαλλον
3916 4019 4051 4129 (τεῷ.

2491 4113 2586 4205 καὶ
2622 4113 2788 4201 ἐξιτυό
2817 4113 2939 4196 λίαν
2966 4134 3218 4207 ἑμμελῶς
3246 4130 3580 4198 περιέχεται,
3603 4121 3698 4176 καὶ
3722 4118 3821 4188 τὴν
3849 4113 4056 4207 ἐκεῖθεν

2493 4243 2651 4309 ζητεῖ
2683 4236 2955 4309 βοήθειαν.
2999 4206 3158 4282 Ἔστι
3180 4229 3290 4293 γὰρ
3335 4223 3424 4274 ὅτε
3465 4218 3532 4289 δὴ
3562 4214 3658 4269 καὶ
3683 4214 3717 4283 ὴ
3742 4209 3950 4309 ἀπορία
3983 4206 4059 4309 διῗ

2494 4299 2924 4398 δασκαλοςυήμῖν
2953 4321 3047 4377 τοῦ
3072 4314 3475 4375 λυσιτελοῦντος
3501 4310 3732 4379 γίνεται,
3764 4299 4062 4398 καὶ-δθενοὶ

2498 4392 2903 4499 ἀψευδὴςήῆκει
2961 4415 3201 4488 βοήθεια,
3262 4407 3553 4479 μανθάνειν
3605 4399 3822 4453 ποιεῖηι
3868 4393 3934 4447 Ἦ
3961 4392 4063 4463 γὰρ

830 4523 1100 4577 undenam
1132 4535 1322 4573 verum
1351 4518 1534 4574 veniat
1558 4515 1824 4572 auxilium
1850 4532 1863 4569 :
1890 4536 1907 4565 τι
1940 4514 2216 4569 Auxilium
2254 4512 2399 4568 enim
2432 4510 2479 4569 D

1903 4540 1907 4565 ι
1940 4514 2216 4569 Auxilium
2254 4512 2399 4568 enim
2432 4510 2479 4569 υ
2506 4497 2726 4593 βοήθειά
2753 4532 2878 4588 μου,
2904 4509 3058 4581 φησὶ,
3087 4503 3234 4576 παρὰ
3265 4497 3492 4570 Κυρίου.
3540 4515 3557 4544 n

832 4627 1035 4670 meum.
1079 4611 1275 4682 inquit,
1306 4626 1337 4665 a
1364 4609 1597 4664 Domino
1623 4610 1666 4663 ³.
1708 4628 1728 4658 ››

902 4703 988 4757 Vl.
1024 4701 1161 4757 Cum
1188 4702 1371 4770 itaque
1404 4702 1760 4756 vehementer
1794 4699 2064 4768 petiisset.
2114 4714 2223 4753 non
2251 4694 2404 4752 tarde

836 4795 1215 4864 consequitur,
1275 4792 1371 4848 sed
1415 4793 1466 4848 ei
1505 4793 1560 4847 in
1609 4792 1818 4848 somnis
1864 4789 2173 4846 ostenditur
2216 4787 2404 4843 multi-

841 4888 973 4942 tudo
1004 4885 1363 4950 medieorum,
1395 4886 1489 4954 qui
1523 4884 1715 4939 ordine
1747 4883 1968 4953 quidem
2000 4882 2271 4944 astabant,
2308 4880 2407 4935 bo-

844 4989 995 5033 uesta
1048 4994 1208 5043 vero,
1259 4985 1315 5032 et
1382 4992 1504 5047 quae
1564 4976 1945 5031 sacerdotibus
2006 4973 2410 5036 conveniebat,

844 5081 999 5126 erant
1058 5079 1207 5124 veste
1262 5070 1460 5123 induti.
1505 5068 1650 5124 Vidit
1691 5076 1873 5123 autem
1912 5066 2203 5136 quemdam
2254 5076 2413 5118 acce-

846 5163 1066 5217 dentem
1106 5162 1444 5225 cunuchum,
1476 5174 1541 5216 ex
1574 5173 1709 5214 auro
1741 5159 1962 5228 quidem
1992 5168 2243 5213 contexta
2270 5166 2418 5212 veste

850 5259 1122 5320 indutum,
1156 5256 1456 5326 Prmposito
1480 5270 1611 5308 vero
1641 5255 1841 5308 amictu
1874 5252 2127 5315 similem,
2151 5247 2243 5318 qui
2271 5246 2419 5302 visus

849 5363 936 5409 est
958 5351 1252 5406 ostendere
1289 5364 1455 5403 unum
1480 5360 1811 5418 quemquam
1842 5360 1908 5401 ex
1937 5342 2183 5407 medicis,
2215 5354 2325 5409 quo
2349 5339 2421 5393 sit

935 5477 952 5505 ’
977 5473 1121 5530 Psal.
1140 5489 1260 5535 cxx,
1293 5472 1343 5523 2.

930 5638 1002 5696 t2)
1035 5636 1077 5687 Α
1109 5631 1419 5688 Patriareha
1464 5629 1617 5698 Mena
1647 5640 1757 5681 non
1798 5626 2040 5698 potuisse
2071 5623 2425 5690 Sampsonem

860 5707 1102 5761 ordinari
1137 5702 1476 5759 sacerdotem
1504 5695 1711 5755 dictum
1736 5695 1820 5753 est
1848 5698 1900 5751 in
1954 5695 2258 5751 Comment.
2290 5706 2431 5761 pra:-

866 5784 950 5833 vio
985 5796 1033 5830 n.
1083 5778 1166 5830 18.

2581 4690 2672 4760 ς’.
2697 4687 2926 4759 Θερμῶς
2960 4677 3251 4753 τοιγαροῦν
3293 4675 3547 4743 αἰτήσας,
3581 4668 3641 4721 οὐ
3686 4663 3929 4760 βραδέως
3960 4663 4072 4760 επι-

2509 4754 2788 4853 τυγχάνει,
2814 4754 2970 4832 ⁷ιίιλλὰ
3015 4771 3136 4828 κατ’
3174 4769 3306 4841 ὄναρ
3354 4764 3501 4834 αὐτῷ
3552 4760 3828 4815 δείκνυται
3876 4754 4078 4853 ἰατριῦν-

2512 4845 2713 4948 πλῖιθος
2760 4845 3006 4944 στιχηδδν
3040 4865 3460 4937 παριστάμενοι,
3490 4860 3587 4925 τὴν
3626 4857 3727 4923 μέν
3759 4868 3843 4904 τοι
3890 4845 4075 4914 στολὴν

2513 4945 2854 5041 ἰεροπρεπῶς
2914 4960 3290 5031 περικείμενοι
3320 4970 3333 4983 ·
3395 4948 3652 5016 εὐνοῦχον
3700 4945 3759 4998 δέ
3790 4954 4075 5041 τιναῄπαρ-

2512 5031 2734 5116 ελπθόντα
2755 5058 2825 5112 tib
2837 5074 2923 5125 pot,
2954 5052 3235 5123 χρυσουφῆ
3270 5046 3369 5116 μὲν
3394 5034 3884 5125 περισεσλημένον,
3909 5031 4076 5125 Πραι-

2523 5154 2729 5221 ποσίτῳ
2757 5150 2814 5203 δὲ
2838 5121 3239 5217 *τὴνήαναδολὴν
3260 5136 3470 5207 ὅμοιον,
3494 5131 3553 5194 ὃς
3581 5128 3675 5181 καί
3711 5121 4079 5178 ὑποδεικνύειν

2525 5244 2674 5313 αὑτῷ
2704 5217 2863 5313 εῲκει
2900 5236 3005 5290 τῶν
3039 5230 3237 5302 ἰατρῶν
3280 5229 3532 5289 ἕκαστον,
3564 5222 3710 5281 ὅπως
3755 5217 4081 5313 ἔχεινπρρσ-

2526 5298 2677 5388 ώποί.
2716 5298 2811 5385 κἀι
2844 5326 3059 5399 ἡλικίας
3110 5298 3202 5375 καὶ
3231 5316 3682 5389 παραστήματος,
3732 5308 3816 5375 ἐφ’
3856 5298 3938 5365 οἷς
3994 5300 4081 5352 ἕνα

2570 5605 2974 5738 2(3))dlltiggavit
3002 5598 3343 5659 Justinianus
3374 5590 3598 5662 Magnus
3632 5584 3699 5639 ab
3724 5598 3870 5638 anno
3894 5571 4091 5633 Christi

2609 5687 2637 5738 7
2661 5700 2689 5737 a
2814 5681 2824 5695 ‘
2871 5718 2882 5730 .

2537 5684 2637 5739 527
2661 5681 2724 5737 ad
2760 5681 2882 5733 465.
