4188 6310
261 361 369 425 285

1494 364 1670 425 VlTA
1710 366 1773 427 S.
1815 366 2255 427 SAMPSONIS.

3407 372 3515 434 286

262 476 395 529 εντα
430 474 490 526 τὺ
525 475 820 545 πρόσχημα
862 476 1142 541 ταπεινὸν,
1177 475 1274 545 τὴν
1312 474 1505 528 πολιὰν
1565 476 1814 546 εὐπρεπῆ

1946 478 2121 539 vultu,
2161 488 2321 530 aetate
2350 486 2404 531 et
2440 476 2664 543 habitu;
2696 477 2838 531 inter
2874 493 3010 547 quos
3039 494 3228 538 unum,
3271 480 3361 547 qui
3399 485 3516 533 erat

259 569 361 637 τὴν
392 566 602 619 ἔνδυσιν
629 567 883 633 εὐσταλῆ,
909 566 1169 637 γνωρίσαι
1195 584 1252 620 τε
1284 567 1471 619 τοῦτον
1501 561 1577 638 τῷ
1626 568 1834 638 βασιλεῖ

261 659 667 728 ἐμμελέστερον
714 659 809 711 καὶ
846 654 953 720 οἷός
996 662 1110 711 ἐστι
1154 660 1373 712 πάντων
1412 663 1831 728 παρασκευάσαι

260 750 621 817 καταμαθεῖν,
657 752 747 801 καὶ
779 751 852 809 ὡς
876 751 1035 813 αὐτὸς
1068 751 1247 819 μόνος,
1277 752 1337 802 οὐ
1373 752 1471 820 μέν
1492 768 1574 805 τοι
1602 752 1709 805 τῶν
1739 753 1832 826 ἆλ-

258 843 367 895 λων
399 844 595 908 οὐδεὶς,
628 845 820 911 φάναι,
850 844 1072 904 δυνατός
1129 862 1210 897 σοι
1257 844 1441 897 δοῦναι
1487 845 1582 899 τοῦ
1626 846 1831 901 πάθους

257 934 599 1002 ἀπαλλαγήν.
644 935 794 987 Ἐπεὶ
821 931 911 987 οὖν
935 937 1028 987 καὶ
1069 935 1239 989 ὕπνου
1277 938 1463 1006 ἀνείθη
1492 939 1519 989 6
1547 938 1825 1005 βασιλεὺς,

264 1027 443 1096 άληθῆ
476 1028 661 1092 κρίνας
692 1028 781 1077 τὸν
804 1026 1011 1096 ὄνειρον
1040 1031 1233 1097 (ἐποίει
1272 1030 1378 1099 γὰρ
1420 1032 1697 1083 πιστεύειν
1734 1036 1830 1085 καὶ

254 1119 431 1171 ταῦτα
462 1120 821 1188 οἰκονομήσας
846 1120 971 1172 ίδεῖν
999 1120 1089 1171 καὶ
1116 1120 1322 1187 μέλλων
1351 1121 1408 1185 ἐξ
1432 1121 1589 1192 ἔργου
1620 1123 1686 1174 τὰ
1709 1124 1830 1193 ὁρα-

256 1212 420 1262 θέντα
449 1210 869 1279 πιστώσασθαι),
906 1213 1081 1281 χαρᾶς
1121 1212 1217 1279 μὲν
1265 1212 1603 1282 πληροῦται·
1661 1231 1827 1282 μετα-

256 1302 507 1353 καλεῖται
537 1301 591 1353 δὲ
624 1304 747 1365 τοὺς
777 1304 995 1370 ἰατροὺς
1026 1303 1245 1367 εὐθέως.
1279 1305 1387 1356 Καὶ
1415 1306 1463 1356 oi
1498 1305 1597 1374 μὲν
1630 1305 1825 1375 συνῆλ-

254 1395 350 1446 θον
402 1398 495 1447 καὶ
528 1397 607 1458 είς
651 1396 773 1464 ὄψιν
820 1397 971 1467 αὐτῷ
1012 1399 1361 1468 παρέστησαν
1405 1398 1643 1462 ἅπαντες
1668 1415 1681 1430 ⁵
1720 1402 1747 1453 6
1782 1401 1827 1453 δ’

251 1487 415 1556 ὲπῄει
444 1488 673 1539 ἕκαστον
708 1488 1169 1557 φιλοπραγμονῶν
1221 1491 1483 1558 ἐσχάτως,
1525 1490 1617 1542 καὶ
1663 1491 1828 1559 βασα-

253 1582 421 1643 νίζων
454 1582 552 1649 οὐχ
575 1577 757 1652 ἦττον,
790 1583 821 1650 ἢ
853 1583 944 1634 τὸν
977 1582 1229 1652 χρύσὺνὴ
1263 1582 1430 1635 Λυδία
1454 1582 1618 1647 λίθος,
1654 1584 1825 1651 πρόσ-

249 1673 407 1723 ωπόν
459 1687 518 1724 τε
552 1674 646 1725 καὶ
683 1673 868 1742 σχῆμα
918 1672 1013 1725 καὶ
1048 1672 1265 1741 ἠλικίαν
1312 1673 1452 1727 κατᾶ
1500 1675 1567 1727 τὰ
1614 1675 1828 1728 ὑποδει-

250 1762 456 1830 χθέντα
509 1763 816 1833 παράσημα
870 1762 957 1816 διὰ
1008 1765 1116 1817 τῶν
1157 1764 1401 1834 ὀνείρων.
1448 1766 1533 1829 Ὠς
1577 1766 1634 1817 δὲ
1678 1767 1827 1819 οὐδὲν

1934 573 2117 639 specie
2164 571 2409 631 humilis,
2465 572 2615 625 canis
2670 570 2925 635 decorus,
2974 573 3170 624 vestitu
3245 572 3515 625 honestus

1933 672 1989 715 et
2026 663 2383 729 compositus,
2422 662 2742 729 diligentius
2777 676 2995 725 curare,
3055 673 3114 715 ut
3161 674 3320 717 notus
3366 674 3512 716 esset

1934 752 2287 821 imperatori;
2343 762 2399 807 et
2443 753 2681 818 elﬁcere,
2734 764 2792 807 ut
2836 755 3003 808 sciret
3042 756 3222 821 qualis
3263 765 3406 809 esset
3452 756 3509 807 in

1930 847 2208 909 omnibus,
2238 856 2292 900 et
2320 847 2521 899 dixisse
2560 863 2573 900 :
2617 847 2715 899 Hic
2744 846 2914 908 solus,
2959 858 3014 900 et
3047 848 3230 899 nullus
3266 863 3332 900 ex
3360 848 3509 909 aliis,

1933 935 2028 989 tibi
2082 944 2262 1003 potest
2309 936 2463 999 dare,
2507 946 2622 989 uta
2659 946 2836 990 morte
2887 937 3164 990 libereris.
3215 938 3509 1005 Postquam

1930 1037 2114 1080 autem
2159 1042 2189 1080 a
2238 1042 2431 1081 somno
2476 1027 2581 1080 fuit
2627 1028 2899 1082 excitatus
2944 1028 3265 1097 imperator,
3314 1044 3504 1082 verum

1923 1118 2178 1187 judicans
2224 1134 2346 1173 esse
2378 1124 2652 1174 somnium
2686 1122 2770 1190 (ut
2802 1101 3054 1176 crederet
3094 1122 3266 1184 enim,
3306 1121 3508 1174 eﬂ'ece-

1930 1220 2013 1264 rat
2046 1212 2089 1264 is
2118 1212 2209 1280 qui
2243 1213 2559 1281 providerat
2582 1223 2642 1266 ut
2680 1213 2914 1279 videret,
2953 1224 3009 1267 et
3060 1229 3181 1283 qua:
3216 1216 3330 1267 visa
3386 1214 3506 1266 fue-

1930 1309 2072 1365 rant,
2111 1314 2230 1353 erat
2259 1316 2317 1355 re
2346 1302 2462 1370 ipsa
2500 1303 2973 1371 conﬁrmaturus),
3006 1304 3267 1371 impletur
3287 1302 3507 1370 quidem

1929 1393 2169 1460 gaudio:
2232 1394 2464 1446 accersit
2541 1403 2721 1448 autem
2772 1396 2952 1448 statim
2996 1394 3259 1448 medicos.
3314 1395 3381 1447 Et
3430 1394 3507 1447 illi

1930 1484 2149 1550 quidem
2182 1494 2584 1547 convenerunt,
2617 1495 2675 1539 et
2708 1501 2766 1540 se
2800 1487 2850 1539 ei
2896 1502 3088 1540 omnes
3117 1501 3301 1540 coram
3339 1487 3499 1539 stite-

1929 1581 2075 1626 ruut.
2111 1573 2210 1627 llic
2254 1590 2385 1628 vero
2417 1591 2869 1645 unumquemque
2921 1578 3230 1641 lustrabat,
3272 1578 3508 1647 diligen-

1930 1665 2139 1719 tissime
2198 1676 2588 1734 perscrutans,
2645 1680 2700 1721 et
2758 1684 2866 1721 non
2934 1670 3115 1722 minus
3184 1672 3506 1725 examinans

1928 1772 2088 1825 quam
2117 1772 2312 1810 aurum
2348 1758 2487 1826 lapis
2519 1758 2740 1828 Lydius,
2772 1759 3098 1828 vultumque
3147 1768 3204 1813 et
3250 1760 3501 1829 ﬁguram,

250 1853 365 1904 τῶν
402 1853 688 1922 παρόντων
736 1853 883 1923 ἑώρα
926 1854 1129 1907 τοιόνδε
1177 1853 1487 1925 γνώρισμα,
1535 1854 1678 1925 λύπῃ
1734 1858 1817 1910 καὶ

1929 1858 1985 1899 at
2028 1859 2265 1913 aetatem,
2316 1850 2619 1903 secundum
2671 1851 2850 1919 signa,
2895 1866 3016 1919 qua:
3066 1860 3224 1905 erant
3284 1862 3506 1906 ostensa

248 1946 460 2016 ἀπορίᾳ
507 1944 803 2014 συνείχετο,
844 1945 938 1998 καὶ
979 1942 1065 1998 οἶα
1106 1944 1530 2015 διψητικώτερος
1577 1948 1657 1999 ἔτι
1693 1948 1825 2000 καθ-

252 2034 448 2087 ίστατο
490 2035 583 2088 τοῦ
613 2034 1046 2103 ὲπαγγελθέντος
1079 2034 1492 2104 ἀποτυγχάνων.
1544 2036 1825 2088 Ἐντεῦθεν

254 2124 429 2195 πολλή
479 2141 535 2177 τε
577 2125 671 2177 καὶ
714 2125 891 2195 θερμὴ
925 2124 1017 2176 καλ⁸
1044 2122 1190 2187 ὀξεῖα
1215 2125 1460 2195 ζήτησις,
1500 2127 1824 2195 ἐπαγγελίαι

250 2234 316 2268 τε
340 2216 559 2285 δωρεῶν
592 2217 684 2268 καὶ
717 2215 891 2285 τιμῶν
933 2216 1229 2286 μεγίστων,
1256 2205 1377 2279 ἆς’ό
1409 2218 1499 2271 τὸν
1531 2220 1702 2298 ἄνδρα
1735 2221 1826 2273 τὸν

254 2306 592 2377 ζητούμενον
630 2308 970 2376 έμφανίσων,
1005 2309 1314 2371 ἀκολούθως
1352 2304 1433 2373 οἷς
1463 2306 1570 2363 εἶδε
1622 2313 1828 2381 συμϐό-

249 2402 364 2465 λοις
421 2404 448 2454 6
507 2402 781 2472 βασιλεὺς,
823 2402 1046 2472 ἔμελλεν
1078 2404 1237 2465 εὐθὺς
1268 2404 1557 2473 λήψεσθαι.
1602 2408 1669 2460 '0
1727 2410 1825 2477 μὲν

242 2490 344 2546 οὖν
378 2494 625 2561 ἐζητεῖτο
676 2495 792 2548 λίαν
832 2495 1107 2563 ἐκθύμως,
1142 2494 1238 2547 καὶ
1292 2496 1351 2549 τὸ
1393 2496 1683 2567 γνώρισμα
1732 2495 1820 2569 ἦν,

245 2588 310 2638 οὐ
345 2587 486 2638 κατά
519 2587 614 2638 τοῦ
648 2586 908 2651 Πέλοπος,
933 2584 1122 2656 ῶσπερ
1150 2582 1290 2640 οἶδεν
1317 2590 1344 2641 ὁ
1374 2587 1564 2658 μῦθος,
1598 2590 1703 2644 ἀπὸ
1729 2591 1822 2646 τοῦ

242 2676 425 2746 ὤμου,
453 2676 568 2731 ἀλλ’
601 2678 708 2731 ἀπὸ
746 2677 839 2731 τοῦ
882 2679 1165 2748 περιόντος
1199 2680 1295 2746 τῆς
1324 2680 1522 2750 ἀρετῆς
1561 2681 1654 2735 καὶ¹
1689 2700 1823 2750 προ-

244 2770 569 2838 ηγουμένως
631 2769 740 2824 ἀπὸ
789 2768 884 2824 τοῦ
940 2769 1345 2843 μετριοπαθοῦς
1389 2773 1483 2824 καὶ
1530 2775 1822 2828 συνεσταλ-

250 2861 439 2930 μένου.

320 3034 395 3090 Z'.
442 3037 593 3089 Ἐπεὶ
619 3037 675 3091 δὲ
706 3039 800 3093 καὶ
828 3039 907 3093 ἐτι
934 3038 1199 3112 δυσχερὴς
1224 3038 1292 3112 ἦν
1321 3043 1354 3111 ή
1384 3042 1601 3113 εὕρεσις
1636 3046 1822 3115 (ἐκρύ-

244 3144 417 3180 πτετο
456 3129 563 3199 γὰρ
603 3130 664 3182 ού
699 3132 796 3198 τὴν
832 3132 1046 3202 μορφὴν
1092 3132 1461 3201 μεταϐάλλων,
1500 3131 1589 3189 οἷα
1615 3136 1678 3207 δὴ
1724 3139 1818 3191 καὶ

238 3221 338 3274 τὸν
353 3221 579 3290 Πρωτέα
606 3222 949 3291 πλάττουσιν,
978 3224 1091 3277 ἀλλ’
1126 3226 1409 3297 οἰκονομίᾳ
1438 3228 1544 3281 τινὶ
1568 3228 1818 3298 θειοτέρα

242 3314 441 3367 τούτου
472 3316 880 3383 συμϐαίνοντος,
910 3318 998 3371 ἵνα
1036 3320 1129 3371 καὶ
1165 3320 1197 3390 ἠ
1230 3319 1452 3391 βραδεῖα
1481 3321 1712 3391 δήλωσις
1738 3321 1817 3373 ἔτι

252 3410 462 3479 μᾶλλον
486 3410 648 3461 αὐτὸν
681 3412 1014 3479 έπιπόθητον
1044 3415 1383 3486 καταστήσῃ)
1412 3414 1509 3482 ὀψὲ
1539 3417 1633 3467 καὶ
1666 3415 1819 3485 μόλις

240 3500 358 3552 τῶν
382 3498 585 3566 ἰατρῶν
612 3515 694 3560 τις
728 3498 835 3551 τῶν
862 3498 1179 3568 βασιλικῶν,
1201 3503 1278 3570 τῷ
1303 3503 1401 3570 μὲν
1438 3504 1649 3570 βασιλεῖ
1682 3507 1819 3572 γνώ-

246 3607 431 3660 ριμος,
468 3588 705 3659 συνήθης
738 3589 795 3642 δὲ
826 3589 904 3660 τῷ
934 3590 1194 3660 Μεγάλῳ,
1225 3594 1317 3644 καὶ
1348 3592 1417 3644 τὰ
1458 3594 1664 3646 ἐκείνου
1692 3595 1815 3666 ἄρι-

244 3696 351 3733 στα
377 3679 651 3747 συνειδὼς,
686 3681 745 3734 ού
778 3682 847 3735 τὰ
876 3682 974 3751 τῆς
1007 3683 1209 3753 ἀρετῆς
1233 3685 1413 3753 μόνον,
1447 3685 1583 3739 ἀλλὰ
1627 3688 1719 3741 καὶ
1749 3690 1817 3743 τὰ

242 3772 347 3839 τῆς
381 3773 599 3841 χάριτός
656 3790 714 3825 τε
752 3774 843 3826 καὶ
877 3774 982 3826 τῶν
1015 3776 1330 3842 Θαυμάτων,
1354 3777 1505 3831 ἔνθεν
1532 3779 1678 3849 αὐτῷ
1721 3781 1817 3833 καίΙ

245 3864 551 3931 συμϐαλεῖν
593 3866 775 3934 ῥᾴδιον
812 3862 901 3934 ἦν,
954 3869 1157 3919 ἐκεῖνον
1196 3866 1333 3922 εἶναι
1370 3870 1461 3923 τὸν
1507 3873 1813 3941 ίασόμενον,

244 3956 413 4017 αὐτὸς
438 3949 589 4018 οὗτος
622 3955 778 4025 δῆλον
800 3956 961 4020 εὐθὺς
993 3958 1083 4011 τὸν
1113 3960 1299 4028 Μέγαν
1320 3961 1398 4030 τῷ
1436 3961 1646 4031 βασιλεῖ
1675 3966 1809 4017 καθ-

246 4050 433 4117 ίστησι
490 4050 579 4099 καὶ
623 4048 795 4118 χαρᾶς
847 4048 993 4117 αύτῷ
1035 4049 1243 4115 γίνεται
1286 4052 1561 4119 πρόξενος,
1602 4055 1728 4125 ὅσης
1764 4056 1814 4107 οἱ

242 4142 412 4194 πάθει
444 4140 740 4211 σωματικῷ
773 4141 1072 4211 κάμνοντες
1116 4143 1211 4196 καὶ
1244 4145 1558 4214 ἀπαλλαγῆς
1590 4148 1814 4217 ἐφιέμε-

239 4251 347 4295 νοι,
375 4232 589 4284 δυνατοὶ
621 4238 779 4302 μόνον
823 4237 1079 4290 συνεῖναι.
1115 4236 1288 4300 Εὐθὺς
1326 4238 1423 4309 μὲν
1452 4238 1543 4292 οὖν
1586 4241 1665 4303 είς
1691 4241 1813 4310 ὄψιν

236 4330 265 4379 ὁ
311 4324 624 4392 θαυμαστὸς
661 4327 809 4396 αὐτῷ
844 4328 1043 4397 παρῄει
1079 4329 1315 4398 Σαμψών
1340 4346 1353 4360 ’
1386 4331 1505 4384 οὐδὲ
1548 4332 1654 4402 γὰρ
1693 4334 1812 4386 οὐδὲ

239 4418 422 4489 βραχὺ
459 4416 518 4467 τὸ
551 4416 712 4485 μέσον
760 4420 930 4488 ἀκοῆς
954 4437 1120 4489 φημι,
1150 4422 1245 4473 καὶ
1273 4421 1370 4488 τῆς
1402 4422 1529 4482 θέας
1558 4424 1810 4489 γενέσθαι

1929 1955 2026 2008 per
2054 1941 2285 1994 somnia.
2313 1941 2604 2009 Postquam
2634 1953 2814 1996 autem
2850 1942 3063 1995 nullum
3096 1942 3235 1996 vidit
3284 1943 3388 1997 tale
3429 1944 3506 1996 si-

1927 2046 2093 2099 gnum
2144 2032 2198 2083 in
2247 2032 2329 2085 eis
2368 2032 2461 2099 qui
2498 2033 2747 2095 aderant,
2802 2034 2992 2087 dolore
3031 2033 3392 2095 adiciebatur,
3446 2045 3503 2088 et

1930 2123 2187 2191 perplexo
2218 2132 2335 2177 erat
2367 2124 2572 2187 animo,
2599 2125 2882 2195 multoque
2914 2122 3091 2179 lactus
3128 2134 3212 2179 est
3254 2106 3491 2188 avidior,

1928 2217 2073 2284 quod
2126 2217 2369 2270 nondum
2414 2229 2560 2272 esset
2611 2220 2943 2285 promissum
3000 2227 3309 2272 assecutus.
3366 2220 3504 2274 Hinc

1926 2306 2158 2376 diligens
2190 2306 2332 2360 facta
2364 2319 2448 2361 est
2481 2309 2780 2377 inquisitio,
2819 2310 3203 2377 donorumque
3244 2320 3299 2362 et
3334 2310 3504 2362 maxi-

1928 2415 2140 2452 morum
2174 2399 2443 2453 honorum
2476 2400 2785 2468 promissio,
2808 2416 2947 2469 quos
2972 2411 3118 2455 esset
3152 2412 3501 2469 accepturus,

1927 2493 2020 2559 qui
2057 2492 2236 2544 virum
2284 2493 2600 2547 ostenderet
2641 2508 2707 2546 ex
2752 2493 2820 2546 iis
2864 2492 3085 2547 indiciis
3131 2509 3252 2563 quae
3288 2494 3503 2550 viderat

1927 2583 2243 2651 imperator.
2313 2583 2410 2635 Hic
2472 2584 2695 2652 quidem
2747 2584 3047 2653 diligenter
3113 2587 3495 2653 qu:erebatur;

1925 2676 2139 2745 signum
2167 2684 2369 2736 autem,
2402 2689 2510 2742 quo
2552 2686 2975 2744 cognosceretur
3020 2687 3161 2739 erat,
3203 2694 3308 2733 non
3357 2694 3498 2747 quo.

1926 2764 2089 2819 modo
2144 2764 2362 2833 Pelopis
2410 2766 2493 2834 (ut
2534 2774 2723 2818 narrat
2773 2764 2998 2836 fabula)
3043 2767 3344 2833 humerus;
3400 2768 3497 2823 sed

1923 2858 2098 2911 virtus
2138 2855 2401 2926 insignis,
2451 2865 2507 2910 et
2555 2858 2825 2925 precipue
2876 2859 3144 2912 moderati
3204 2875 3389 2915 mores
3440 2871 3497 2915 et

1921 2949 2232 3018 compositi.

1992 3039 2103 3092 γιι.
2140 3039 2273 3092 Cum
2308 3050 2492 3093 autem
2518 3048 2666 3095 esset
2699 3038 2939 3095 dillicilis
2967 3040 3214 3095 inventio
3252 3042 3494 3103 (celaba-

1927 3141 2014 3186 tur
2044 3134 2214 3196 cnim,
2257 3149 2364 3186 non
2416 3132 2644 3187 formam
2705 3143 2941 3195 mutans,
3000 3144 3057 3185 ut
3113 3134 3327 3201 ﬁngunt
3369 3136 3497 3190 Pro-

1924 3232 2090 3284 teum,
2116 3224 2210 3276 sed
2241 3224 2475 3293 quodam
2524 3225 2711 3278 divino
2760 3224 2865 3278 hoc
2902 3226 3197 3277 eveniente
3241 3226 3493 3291 consilio,

1925 3324 1983 3368 ut
2012 3316 2214 3369 tardior
2237 3318 2478 3369 ostensio
2512 3332 2636 3369 cum
2668 3317 2919 3370 redderet
2952 3318 3123 3386 magis
3156 3318 3496 3372 desiderabi-

1922 3407 2074 3477 lem),
2105 3407 2195 3461 vix
2251 3408 2470 3461 tandem
2526 3424 2670 3462 unus
2712 3424 2778 3463 ex
2828 3409 3058 3465 medicis
3121 3410 3492 3480 imperatoris,

1920 3512 2083 3555 notus
2112 3502 2329 3569 quidem
2361 3502 2700 3569 imperatori,
2732 3503 2926 3571 magno
2960 3513 3143 3557 autem
3191 3504 3484 3573 Sampsoni

1918 3591 2219 3653 familiaris,
2274 3603 2330 3644 et
2374 3594 2468 3659 qui
2521 3608 2606 3647 res
2646 3593 2794 3647 illius
2837 3594 3040 3661 optime
3085 3606 3333 3659 noverat,
3380 3613 3491 3650 non

1918 3684 2175 3738 virtutem
2218 3684 2419 3747 solum,
2472 3685 2565 3737 sed
2626 3688 2788 3741 etiam
2838 3687 3068 3755 gratiam
3101 3697 3157 3741 et
3204 3688 3488 3753 miracula,

1916 3792 2042 3830 eum
2071 3777 2415 3830 manifestum
2450 3776 2649 3831 reddit.
2683 3776 2818 3831 Hinc
2856 3788 3037 3832 autem
3074 3780 3149 3831 illi
3181 3780 3337 3833 facile
3369 3792 3491 3834 erat

1917 3869 2209 3939 conjicere,
2240 3883 2366 3922 eum
2399 3884 2517 3923 esse
2543 3872 2635 3938 qui
2670 3871 2821 3924 illum
2853 3877 2973 3923 erat
3012 3879 3326 3925 curaturus.
3388 3871 3490 3926 Hic

1914 3978 2046 4032 ergo
2072 3963 2187 4031 ipse
2217 3977 2470 4032 magnum
2493 3962 2648 4016 illum
2689 3962 3047 4029 Sampsonem
3086 3974 3273 4015 notum
3308 3964 3490 4015 reddit

1917 4052 2254 4122 imperatori,
2292 4064 2346 4107 et
2374 4055 2425 4108 ei
2461 4063 2663 4108 tantam
2701 4052 2961 4107 conciliat
3007 4052 3276 4115 laetitiam,
3310 4069 3487 4122 quan-

1917 4154 2024 4200 tam
2061 4144 2121 4208 ii,
2156 4145 2248 4213 qui
2278 4145 2532 4198 laborant
2564 4146 2757 4198 morbo
2806 4145 3077 4213 corporis,
3109 4155 3161 4196 et
3199 4146 3266 4197 ab
3298 4161 3363 4197 eo
3387 4162 3486 4197 cu-

1915 4238 2073 4306 piunt
2117 4237 2378 4297 liberari,
2442 4236 2543 4290 soli
2600 4246 2832 4303 possunt
2913 4234 3239 4304 intelligere.
3310 4236 3487 4304 Atque

1914 4330 2096 4381 statim
2120 4328 2345 4396 quidem
2378 4327 2529 4380 venit
2552 4326 2895 4380 admirabilis
2929 4326 3197 4393 Sampson
3241 4340 3253 4376 :
3305 4342 3485 4393 neque

1912 4420 2059 4472 enim
2104 4420 2249 4471 inter
2292 4420 2468 4471 visum
2508 4431 2564 4471 et
2611 4418 2859 4470 auditum
2899 4418 3214 4471 intercessit
3269 4428 3487 4485 tempus

234 4512 527 4582 παρῆκενο
559 4508 728 4572 οὕτως
781 4510 942 4563 αὐτὸν
981 4514 1013 4581 ἡ
1055 4513 1148 4566 τοῦ
1205 4514 1330 4566 ἰδεῖν
1375 4512 1608 4584 ἰσχυρῶς
1664 4510 1807 4567 εἷλεν

1922 4511 1997 4565 vel
2035 4509 2420 4565 brevissimum
2454 4523 2468 4558 :
2516 4516 2727 4561 tantum
2770 4506 2889 4577 ejus
2917 4506 3137 4559 videndi
3184 4508 3485 4572 imperato-

234 4604 530 4674 ἐπιθυμία.
572 4603 715 4657 Ἰδὼν
755 4598 847 4657 οὖν
884 4603 1093 4671 ἀνέγνω
1130 4606 1309 4667 καλῶς
1343 4607 1450 4660 ἀπὸ
1484 4608 1591 4659 τῶν
1616 4607 1805 4670 νυκτὸς

229 4698 548 4767 ὁραθέντων
591 4698 659 4750 τὰ
700 4696 820 4767 μεθ’
851 4697 1066 4768 ἡμέραν
1098 4698 1415 4767 φαινόμενα,
1462 4695 1575 4751 οἷον
1608 4701 1805 4775 Δὀφθαλ-

236 4794 363 4863 μῶν
422 4792 760 4863 ἡμερότητα,
820 4796 1038 4861 μορφῆς
1115 4791 1427 4862 ἱλαρότητα,
1503 4792 1648 4861 ἠθῶν
1713 4794 1805 4847 εὑ-

231 4884 497 4954 κοσμίαν,
530 4882 788 4951 πώγωνος
819 4884 1154 4955 αὐχμηρίαν,
1185 4886 1446 4955 ὀμμάτων
1475 4888 1800 4954 κατήφειαν,

229 4977 488 5046 σύμϐολά
543 4992 600 5028 τε
649 4975 798 5045 αὐτῷ
878 4976 1241 5047 ἐπιτρέποντα
1321 4976 1800 5045 μετριοφροσύνης.

228 5068 425 5121 ἰἀὖται
460 5068 690 5129 ἐκεῖνος,
736 5069 1050 5132 προσιόντος
1093 5065 1186 5119 τοῦ
1223 5066 1557 5133 θαυμαστοῦ,
1606 5068 1803 5120 0:656-

231 5159 547 5230 μενος,ούδὲ
578 5159 838 5219 καθεκτὸς
863 5152 928 5227 ἦν
958 5158 1057 5218 ἔτι,
1084 5158 1198 5210 ἀλλ’
1221 5158 1456 5220 ἀναστὰς
1479 5158 1535 5221 ἐξ
1564 5160 1801 5229 ἀμέτρου

230 5252 593 5322 περιχαρείας
630 5250 942 5317 περιϐάλλει
978 5266 1037 5299 τε
1076 5249 1166 5299 τὸν
1198 5250 1385 5317 εὐτελῆ
1428 5250 1486 5302 τὸ
1545 5252 1805 5319 φαινόμε-

228 5362 350 5405 νον,
387 5346 414 5393 ὁ
459 5341 555 5411 τὴν
589 5340 866 5408 βασιλείαν
904 5340 1284 5410 περίϐλεπτος,
1334 5345 1426 5393 καὶ
1472 5341 1614 5409 φιλεί
1662 5342 1802 5407 ἄγαν

229 5436 429 5505 ἡδέως,
457 5436 517 5486 οὐ
566 5434 736 5501 στόμα
767 5434 943 5499 μόνον,
981 5434 1112 5485 ἀλλὰ
1145 5438 1235 5484 καὶ
1276 5434 1539 5503 κεφαλὴν,
1588 5428 1665 5487 Ἦ
1700 5434 1801 5503 μὴν

230 5526 399 5587 αὑτὸς
432 5522 499 5586 εἷ,
532 5526 723 5593 λέγων,
762 5524 962 5592 Πάτερ,
1008 5527 1169 5587 αὐτὸς
1209 5519 1276 5587 εἷ,
1326 5527 1352 5575 6
1391 5528 1509 5577 κατ’
1547 5527 1674 5595 ὄναρ
1714 5544 1801 5594 μοι

227 5617 555 5690 παραδόξως
596 5619 901 5686 ἐπιφανεὶς,
934 5619 1069 5671 ἀλλὰ
1125 5620 1215 5671 καὶ
1268 5618 1328 5670 τὸ
1378 5618 1545 5681 πάθος
1586 5622 1646 5672 τὸ
1675 5621 1800 5688 ἐμὸν

230 5712 596 5780 ἐπα-ίγελθεὶς
644 5713 917 5765 ίάσασθαι.
954 5712 1139 5775 Οὕτως
1182 5711 1371 5774 εἰπὼν,
1404 5711 1563 5774 εὐθὺς
1608 5715 1685 5776 εἰς
1732 5714 1800 5764 τὰ

230 5804 569 5874 προσωτέρω
606 5805 869 5872 συνεισῄει
924 5804 1028 5857 τῶν
1072 5804 1357 5879 βασιλείων
1412 5806 1680 5872 ἐγκρατὴς
1725 5805 1797 5857 ὢν

1912 4621 2023 4657 rem
2054 4611 2275 4671 ceperat
2327 4602 2683 4656 desiderium.
2730 4601 2867 4654 Cum
2904 4616 3033 4654 vero
3070 4615 3194 4654 eum
3234 4600 3481 4659 vidisset.

1906 4711 1972 4749 ex
2000 4696 2065 4749 iis
2119 4711 2240 4762 quae
2264 4704 2426 4747 noctu
2452 4694 2567 4745 visa
2601 4690 2843 4756 fuerant,
2894 4692 3122 4761 pulchre
3168 4692 3483 4757 recognovit

1906 4801 1970 4841 ea
2019 4802 2139 4856 quae
2184 4783 2555 4838 cernebantur
2614 4782 2888 4844 interdiu,
2948 4789 3138 4849 utpote
3190 4782 3479 4835 oculorum

1908 4878 2404 4941 mansuetudinem,
2440 4876 2630 4930 forma:
2655 4875 3013 4937 hilaritatem,
3046 4888 3261 4928 morum
3310 4873 3481 4925 hone-

1906 4981 2097 5025 statem
2121 5013 2134 5035 ,
2167 4970 2349 5023 barba:
2387 4968 2696 5037 squalorem
2720 5005 2734 5029 ,
2784 4976 3039 5035 aspectus
3094 4964 3393 5027 tristitiam,
3424 4974 3481 5020 et

1905 5082 2024 5135 qua:
2054 5079 2179 5118 eum
2221 5062 2491 5118 decebant
2539 5062 2691 5129 signa
2737 5060 3152 5114 moderationis.
3192 5060 3318 5112 Haec
3350 5072 3474 5112 cum

1905 5160 2016 5221 ille,
2063 5157 2367 5211 admirabili
2411 5154 2706 5209 accedente
2753 5154 3077 5220 Sampsone,
3128 5160 3274 5205 esset
3342 5166 3477 5204 con-

1907 5251 2213 5318 templatus,
2240 5263 2345 5300 non
2378 5247 2555 5315 potuit
2595 5232 2831 5315 ampli-us
2864 5244 3162 5305 contineri,
3212 5242 3305 5296 sed
3342 5257 3470 5296 sur-

1903 5358 2033 5411 gens
2066 5358 2172 5410 νινε
2215 5339 2803 5399 immoderata-latitia,
2843 5351 2970 5390 eum
3016 5336 3108 5405 qui
3138 5334 3321 5403 specie
3351 5334 3476 5388 vilis

1902 5443 2019 5487 erat
2047 5444 2100 5487 et
2134 5433 2399 5501 abjcctus,
2440 5432 2578 5501 ipse,
2631 5431 2724 5499 qui
2769 5438 2888 5483 erat
2938 5426 3167 5497 insignis
3212 5425 3468 5496 imperio,

1901 5528 2266 5597 amplectitur,
2301 5536 2357 5580 et
2387 5525 2629 5579 suaviter
2673 5522 2967 5577 admodum
3004 5520 3306 5580 osculatur,
3358 5533 3470 5571 non

1901 5636 1962 5673 os
1989 5620 2185 5681 solum,
2212 5617 2306 5670 sed
2331 5618 2494 5671 etiam
2526 5624 2710 5684 caput,
2744 5614 2933 5667 dicens
2973 5629 2985 5664 :
3017 5613 3194 5675 Certe,
3226 5628 3258 5664 o
3286 5612 3467 5673 Pater,

1906 5722 1958 5764 tu
1995 5727 2054 5765 es
2082 5711 2215 5779 ipse,
2250 5710 2341 5781 qui
2374 5709 2507 5762 mihi
2539 5706 2945 5763 admirabiliter
2973 5706 3028 5759 in
3060 5704 3269 5759 somnis
3302 5719 3467 5773 appa-

1906 5804 2065 5858 ruisli
2090 5822 2099 5855 :
2129 5802 2259 5870 quin
2289 5802 2450 5857 etiam
2493 5810 2544 5856 te
2598 5783 2849 5856 morbum
2888 5812 3071 5853 meum
3113 5796 3385 5865 pollicitus
3407 5811 3468 5851 es
