4188 6310
719 352 829 414 28³7

2019 359 2309 421 MENSIS
2345 359 2657 421 JUNIUS.
3875 355 3980 421 288

718 475 1062 519 curaturum.
1117 465 1242 519 Haec
1289 480 1413 520 cum
1457 466 1726 534 dixisset,
1779 471 1964 524 statlm
2014 470 2327 539 ingressus.

2430 468 2610 522 κείνου
2632 471 2730 539 τῆς
2754 487 2813 524 τε
2853 469 3033 524 Ὀσίου
3054 472 3256 544 χειρὸς,
3289 472 3409 526 οὐδὲ
3430 471 3538 543 γὰρ
3571 472 3707 546 ᾤετο
3737 473 3888 544 μέγα
3927 488 3978 527 τι

717 568 800 612 est
833 559 884 612 iu
929 559 1090 627 regiae
1126 560 1450 628 penetralia,
1491 561 1754 618 Sanctum
1795 562 1950 618 illum
1993 578 2158 619 manu
2211 573 2294 620 te-

2426 563 2575 613 ιοιεῖν
2605 561 2820 633 ἐκείνην
2849 563 3046 635 τιμῶν,
3079 560 3145 638 ἦς
3184 563 3492 618 ἀπολαῦσαι
3514 565 3977 637 θαυματουργού-

719 667 900 705 nens:
947 668 1123 720 neque
1173 653 1320 707 enim
1367 655 1716 712 existimabat
1756 672 1815 713 se
1857 673 2114 728 magnum
2162 657 2297 726 quid

2426 672 2502 724 ιης
2531 656 2779 726 ἔμελλεν.

719 741 924 805 facere,
960 745 1104 797 illam
1150 745 1454 807 honorans,
1494 748 1652 816 cujus
1697 747 2074 803 admirabilem
2120 750 2300 802 virtu-

717 844 826 889 tem
859 852 981 896 mox
1015 846 1162 890 esset
1194 848 1547 906 experturus.

794 914 928 986 Vill.
967 928 1259 997 Postquam
1296 939 1483 983 autem
1527 929 1809 999 ingressus
1853 939 1939 985 est
1981 931 2298 1000 imperator,

2473 919 2553 969 H'.
2590 918 2743 971 Ἐπεὶ
2770 919 2826 972 δὲ
2851 921 2944 973 καὶ
2972 921 3219 991 εἰσῆλθεν
3241 923 3389 976 ἔνδον
3421 922 3697 991 βασιλεὺς,
3726 925 3818 976 καὶ
3849 940 3980 990 συγο

720 1027 775 1071 et
847 1034 972 1072 eum
1035 1019 1229 1074 habuit
1301 1036 1488 1074 secum
1565 1020 1869 1088 sedentem,
1929 1023 2174 1077 nondum
2201 1037 2300 1078 sua

2426 1013 2717 1082 ιαθήμενον
2774 1012 2940 1064 αὑτὸν
2966 1009 3131 1080 εἶχεν,
3164 1011 3315 1066 οὔπω
3349 1016 3510 1084 κόρον
3555 1014 3846 1084 δεχόμενος
3886 1016 3982 1081 τῆς

721 1121 846 1173 erga
877 1119 999 1159 eum
1045 1107 1382 1178 benignitate
1423 1109 1676 1174 satiatus,
1720 1110 1876 1178 plura
1914 1111 2096 1166 adhuc
2134 1111 2303 1166 facie-

2426 1105 2828 1177 ριλοφροσύνης,
2858 1106 2937 1160 ἔτι
2970 1108 3064 1159 καὶ
3095 1106 3255 1159 πλέον
3278 1108 3472 1174 ἐποίει,
3497 1107 3792 1176 λαμϐάνων
3820 1105 3984 1159 αὐτοῦ

721 1198 834 1254 bat.
870 1199 1000 1268 Ejus
1041 1214 1238 1254 manus
1268 1201 1513 1270 capiens,
1559 1202 1676 1257 suis
1727 1192 2046 1272 imponebat
2099 1204 2299 1267 oculis,

2426 1197 2504 1259 τὰς
2530 1199 2739 1266 χεῖρας,
2760 1195 3006 1266 ὄμμασιν
3035 1197 3202 1251 ἐτίθει
3237 1200 3344 1261 τοῖς
3375 1199 3568 1250 ἑαυτοῦ
3609 1199 3702 1250 καὶ
3746 1214 3986 1262 καταφιι

722 1299 778 1341 et
805 1305 897 1343 eas
921 1307 1044 1344 cum
1073 1291 1308 1346 maxima
1330 1292 1613 1361 voluptate
1641 1294 1987 1359 deosculatus,
2029 1305 2086 1350 et
2118 1296 2171 1349 in
2210 1312 2306 1352 eas

2426 1287 2513 1339 »ῶν
2560 1287 2678 1355 μεθ’
2705 1288 2836 1357 ὅσης
2873 1288 3015 1341 εἴποι
3062 1305 3148 1352 τις
3187 1289 3402 1358 ἡδονῆς,
3436 1291 3530 1342 καὶ
3563 1289 3775 1360 δάκρυα
3815 1305 3986 1341 κατα-

724 1379 999 1436 distillans
1039 1383 1333 1453 iacrymas,
1392 1384 1702 1439 laetabatur.
1753 1385 1926 1440 Morbi
1976 1388 2147 1450 enim,
2208 1387 2303 1456 qui

2426 1378 2621 1441 ςτάζων
2657 1380 2835 1431 αὐτῶν
2863 1380 3049 1450 ἥδετοο
3092 1384 3124 1452 ἡ
3167 1381 3275 1452 γὰρ
3315 1381 3409 1434 τοῦ
3459 1382 3736 1446 πιέζοντος
3782 1381 3988 1442 πάθους

726 1486 850 1526 eum
884 1473 1189 1540 premebat,
1219 1476 1520 1530 necessitas
1564 1475 1855 1541 efficiebat,
1907 1489 1968 1532 ut
2009 1479 2172 1534 homo
2207 1495 2306 1548 ap-

2426 1470 2624 1538 ίνάγκη
2676 1469 2965 1539 ἄνθρωπον
3005 1471 3165 1524 αὐτὸν
3211 1473 3389 1525 ἐποίει
3427 1473 3630 1542 μᾶλλον
3681 1473 3715 1542 ἢ
3760 1472 3988 1541 βασιλέα

725 1572 945 1631 pareret
1006 1567 1192 1634 potius
1239 1582 1404 1636 quam
1455 1567 1779 1636 imperator,
1825 1580 1882 1625 et
1921 1570 2015 1639 qui
2053 1571 2308 1625 humanis

2426 1561 2722 1614 ἱείκνυσθαι
2751 1563 2845 1614 καὶ
2881 1563 3250 1632 ἀνθρωπίναις
3280 1564 3693 1632 καλυπτόμενον
3738 1565 3990 1633 ἀθλιότη-

725 1652 1051 1710 flectebatur
1089 1657 1353 1723 miseriis,
1382 1673 1546 1726 quam
1580 1658 1677 1729 qui
1705 1659 2062 1730 imperatoria
2111 1662 2310 1717 ell‘ere-

2426 1669 2497 1704 τιν
2561 1653 2595 1722 ἢ
2656 1652 3156 1723 μεγαλοπρεπείαις
3213 1653 3525 1723 βασιλικαῖς
3589 1656 3982 1725 ἐπαιρόμενον.

700 1744 886 1808 batur
921 1747 1346 1818 magnificentia.
1379 1750 1876 1808 Verumenimvero
1931 1753 2052 1808 haec
2110 1769 2308 1824 magna

2426 1745 2565 1814 Πλὴν
2595 1744 2710 1797 ἀλλ’
2739 1747 2772 1817 ἡ
2807 1744 2972 1815 πολλὴ
2999 1745 3137 1814 αὕτη
3168 1745 3262 1800 τοῦ
3303 1745 3567 1814 βασιλέως
3599 1748 3992 1818 μετριοπάθεια

726 1839 1072 1906 imperatoris
1110 1842 1414 1897 medentia
1463 1850 1521 1896 et
1565 1843 1782 1914 religio.
1829 1860 2054 1915 gravem
2105 1847 2309 1902 Sancto

2426 1834 2508 1887 ιιαὶ
2535 1834 2596 1887 τὸ
2626 1835 2787 1897 σέϐας
2829 1834 3106 1905 βαρύτητα
3149 1835 3245 1890 καὶ⁸
3292 1835 3474 1906 λύπην
3521 1835 3864 1906 ἐμϐέϐληκεν
3915 1837 3992 1905 τῷ

727 1927 913 1999 injecit
954 1931 1284 1995 molestiam,
1309 1941 1366 1987 et
1393 1932 1622 2002 perinde
1652 1950 1718 1990 ae
1747 1936 1794 1990 si
1823 1937 1876 1990 ei
1909 1936 2064 1992 fleret
2089 1937 2311 2006 injuria,

2426 1923 2612 1990 Ὀσίῳ,
2644 1924 2736 1977 καὶ
2760 1923 2948 1996 ὥσπερ
2969 1926 3153 1980 ἄδικόν
3175 1943 3226 1978 τι
3267 1933 3508 1995 πάσχων,
3543 1927 3636 1979 καὶ
3663 1927 3741 1989 εἰς
3772 1942 3994 1996 μετριο-

722 2028 782 2074 et
816 2020 869 2074 in
896 2035 1021 2076 eum
1064 2022 1232 2078 nimia
1263 2033 1620 2080 exerceretur
1646 2027 1903 2082 molestia
1933 2068 1946 2092 ,
1995 2043 2106 2082 non
2133 2029 2314 2098 potuit

2426 2014 2690 2084 ρροσύνην
2758 2015 3249 2085 πλεονεκτούμενος
3302 2015 3402 2068 ούκ
3463 2017 3661 2087 ἢνεγκε
3739 2017 3989 2086 σιωπᾷν·

730 2121 914 2168 tenere
944 2115 1224 2169 silentium
1249 2153 1265 2178 ,
1315 2116 1410 2170 sed
1442 2133 1456 2169 :
1491 2117 1569 2171 Ne
1618 2118 1700 2171 sic
1748 2117 1969 2181 feceris,
2004 2134 2039 2172 ο
2078 2118 2316 2189 impera-

729 2209 832 2266 tor,
876 2219 1055 2273 neque
1099 2212 1211 2259 tam
1247 2205 1483 2261 demisse
1521 2215 1578 2262 et
1610 2206 1824 2277 abjecte
1855 2249 1869 2273 ,
1934 2209 2311 2278 exclamabat;

728 2305 831 2346 nec
874 2307 941 2347 eo
971 2293 1124 2364 quod
1162 2303 1219 2349 te
1263 2295 1380 2364 ipse
1422 2295 1714 2351 immodice
1747 2297 1979 2368 dejicias
2019 2309 2078 2354 et
2123 2299 2319 2367 depri-

728 2396 865 2448 mas,
897 2383 1123 2450 edicias,
1157 2394 1221 2440 ut
1249 2385 1486 2440 damner
1527 2389 1880 2457 arrogantiae.
1925 2389 1986 2442 In
2028 2404 2138 2458 quo
2167 2390 2316 2443 enim

731 2487 854 2526 sum
901 2475 1292 2530 communibus
1347 2476 1667 2533 hominibus
1715 2479 1991 2548 superior,
2050 2480 2146 2551 qui
2193 2495 2314 2536 sum

733 2561 924 2631 miser,
957 2574 1015 2620 et
1045 2565 1286 2634 peccatis
1313 2566 1608 2632 obnoxius,
1633 2578 1692 2624 et
1723 2585 1864 2640 opus
1907 2571 2085 2627 habeo
2120 2589 2318 2643 magna

729 2653 940 2711 Christi
1000 2657 1345 2728 benignitate
1380 2668 1434 2713 et
1463 2659 1799 2716 clementia?
1829 2663 2318 2718 Vernmenimvero

735 2745 849 2801 hinc
881 2755 972 2802 tua
1019 2746 1148 2801 ﬁdei
1195 2748 1532 2803 abundantia
1592 2760 1648 2804 et
1691 2751 1896 2817 fervor,
1951 2762 2038 2808 est
2077 2753 2252 2808 futuri
2288 2769 2319 2809 a

731 2839 953 2903 Christo
981 2841 1173 2896 auxilii
1214 2852 1410 2898 certus
1447 2844 1700 2913 nuntius,
1728 2846 1819 2915 qui
1850 2856 1934 2901 est
1961 2846 2073 2902 Rex
2103 2862 2317 2920 regum,

732 2940 788 2986 et
818 2941 998 3001 potest
1025 2934 1210 2988 omnia
1255 2933 1459 2989 facere.
1502 2935 1641 2990 Cum
1691 2936 1809 2992 haec
1853 2937 2107 3001 dixisset,
2143 2939 2320 3009 impo-

736 3028 849 3077 suit
881 3037 1104 3077 manum
1143 3026 1284 3093 parti
1317 3026 1548 3080 affectas.
1595 3029 1662 3081 Et
1691 3044 1753 3082 ea
1785 3030 2007 3098 quidem
2043 3047 2142 3084 suo
2192 3031 2320 3085 fun-

2412 2107 2571 2172 ἀλλὰ,
2603 2109 2694 2177 Μὴ
2730 2108 2874 2161 οὕτω
2920 2108 3087 2172 ποίει,
3121 2101 3166 2160 ὧ
3198 2106 3445 2177 βασιλεῦ,
3481 2108 3556 2178 μὴ
3601 2107 3776 2172 οὕτως
3808 2106 3992 2176 ἠρέμα

2415 2199 2512 2252 καὶ
2533 2197 2833 2262 ταπεινῶς,
2873 2198 3171 2266 ὑπεφώνει,
3211 2198 3345 2266 μηδὲ
3385 2199 3461 2269 τῷ
3501 2201 3758 2270 ἀμέτρως
3787 2197 3993 2252 ἐθέλειν

2413 2289 2584 2342 αὐτὸν
2622 2288 2978 2354 ταπεινῶσαι,
3025 2290 3149 2359 ἐμοὶ
3198 2291 3372 2359 κρῖμα
3437 2292 3777 2360 προξενήσας
3825 2291 3994 2359 ὑπερ-

2416 2381 2598 2451 οψίας.
2636 2380 2702 2435 Τί
2736 2382 2844 2454 γὰρ
2883 2381 3045 2436 πλέον
3095 2381 3204 2451 ἔχω
3255 2382 3366 2450 ἐγὼ
3403 2382 3511 2435 τῶν
3551 2382 3744 2434 κοινῶν
3779 2382 3994 2451 ἀνθρώ-

2420 2492 2558 2541 πων,
2590 2474 2934 2545 ταλαίπωρος
2968 2474 3044 2527 ὢν
3082 2477 3177 2529 καὶ
3208 2475 3502 2545 ἁμαρτίαις
3543 2472 3867 2535 ὑπεύθυνος,
3903 2472 3995 2525 καὶ

2419 2567 2620 2634 πολλῆς
2671 2567 2770 2633 τῆς
2813 2567 2962 2634 παρὰ
3012 2564 3254 2635 Χριστοᾶ
3307 2565 3681 2635 χρηστότητος
3725 2567 3820 2616 καὶ
3869 2563 3994 2632 φιλο

2418 2656 2738 2726 ανθρωπίας
2797 2656 3053 2726 meam;
3106 2656 3254 2726 Πλὴν
3314 2657 3450 2708 ἀλλὰ
3505 2657 3564 2708 τὸ
3618 2654 3850 2722 άςοθονόν
3905 2669 3995 2704 σου

2419 2751 2579 2804 τοῦτο
2617 2749 2716 2820 τῆς
2743 2751 2980 2814 πίστεως
3025 2751 3119 2802 καὶ
3158 2749 3361 2819 θερμὸν
3393 2748 3622 2816 ἄγγελός
3663 2763 3746 2799 σοι
3789 2745 3994 2812 γίνεται

2421 2844 2658 2916 ἀψευδὴς
2699 2846 2799 2914 τῆς
2838 2844 2945 2897 ἀπὸ
2988 2841 3225 2913 Χριστοῦ
3277 2840 3549 2911 βοηθείας,
3585 2836 3679 2891 τοῦ
3724 2828 3996 2899 Βασιλέως

2421 2936 2485 3006 δὴ
2525 2936 2634 2988 τῶν
2662 2935 3057 3004 βασιλευόντων
3096 2934 3190 2988 καὶ
3227 2936 3407 2987 πάντα
3445 2931 3749 3002 δυναμένου
3801 2932 3993 2984 ποιεῖν.

2422 3026 2611 3090 Οὕτως
2647 3028 2838 3094 εἰπὼν,
2887 3031 3045 3098 χεῖρα
3085 3027 3323 3080 ἐπετίθει
3376 3025 3453 3097 τῷ
3485 3026 3750 3095 πάσχοντι
3798 3027 3995 3094 μέρει·

735 3114 970 3184 gebatur
990 3116 1196 3172 oﬂicio.
1228 3116 1349 3187 lpse
1379 3127 1561 3174 autem
1589 3120 1745 3190 copia
1775 3121 2104 3178 humilitatis
2132 3124 2322 3182 volens

2426 3122 2575 3192 καὶὴ
2631 3119 2731 3190 μὲν
2771 3121 2990 3190 ἐνήργει
3043 3120 3112 3173 τὰ
3150 3120 3386 3187 ἑαυτῆς·
3424 3121 3450 3172 ὁ
3478 3119 3534 3170 δὲ
3568 3119 3839 3199 κρύπτειν
3884 3118 3999 3171 LM-

736 3208 914 3262 celare
968 3207 1378 3276 abundantiam
1429 3211 1658 3278 gratiae,
1719 3212 2052 3282 quihusdam
2122 3216 2319 3283 rebus,

737 3313 875 3368 quas
905 3300 1046 3369 parti
1078 3299 1352 3356 laboranti
1396 3316 1460 3357 ex
1506 3314 1622 3358 arte
1651 3305 1934 3375 imposuit,
1977 3309 2322 3364 curationem

738 3392 1046 3446 conabatur
1091 3394 1394 3449 ascribere.
1432 3393 1539 3450 Sed
1591 3397 1947 3461 medicinam,
1979 3414 2101 3469 quae
2149 3401 2325 3470 appli-

739 3485 1011 3549 cabatur,
1057 3485 1356 3550 vincebat,
1409 3502 1532 3558 quae
1580 3487 1902 3553 celabatur,
1954 3492 2152 3546 veritas
2199 3509 2214 3546 :
2269 3504 2326 3550 et

741 3575 836 3645 qui
875 3574 930 3629 in
987 3575 1109 3629 aliis
1157 3576 1339 3632 fuerat
1397 3578 1655 3646 cognitus
1717 3596 1899 3636 rerum
1936 3584 2166 3641 effector
2219 3589 2324 3642 mi-

740 3665 1023 3729 rabilium,
1087 3666 1141 3719 in
1189 3665 1304 3721 haec
1385 3683 1604 3738 quoque
1676 3669 1780 3725 fuit
1829 3675 2081 3743 cognitus
2127 3677 2325 3733 fecisse

740 3759 1093 3813 miraculum.
1127 3758 1245 3814 Non
1279 3761 1436 3815 multi
1469 3764 1618 3815 enim
1650 3763 1768 3818 dies
1799 3767 2189 3834 praeterierunt
2211 3809 2224 3830 .
2272 3780 2327 3826 et

742 3849 1044 3918 imperator
1089 3851 1191 3903 fuit
1234 3853 1461 3906 omnino
1511 3851 1780 3907 liberatus
1817 3871 1848 3908 a
1893 3860 2106 3922 morbo,
2156 3868 2328 3916 etest

743 3942 1014 4010 integram
1047 3952 1335 3999 assecutus
1386 3944 1700 4010 sanitatem,
1735 3947 2088 4018 repletusque
2123 3960 2208 4005 est
2236 3952 2326 4006 lae-

743 4033 863 4085 titia
897 4042 953 4086 et
988 4034 1382 4096 admiratione,
1434 4036 1526 4087 illa
1567 4037 1788 4104 quidem
1821 4049 2047 4108 propter
2090 4057 2327 4113 recupe-

744 4133 918 4179 ratam
967 4123 1367 4188 valetudinem,
1420 4125 1523 4181 hae
1564 4136 1748 4183 autem
1807 4141 2125 4201 propterea,
2180 4136 2327 4204 quod

742 4213 838 4281 qui
878 4230 1006 4268 eum
1059 4229 1255 4268 sanum
1314 4213 1546 4279 fecerat,
1601 4217 1713 4270 Deo
1763 4229 1908 4272 esset
1954 4219 2328 4277 familiaritate

747 4300 1099 4366 conjunctus.

819 4388 911 4445 IX.
952 4391 1159 4448 Deinde
1193 4394 1386 4460 etiam,
1420 4403 1480 4450 ut
1519 4405 1683 4452 tanta:
1706 4400 2012 4455 curationis
2058 4399 2327 4457 beneflcio

749 4484 1130 4552 responderet,
1182 4486 1242 4539 Β.
1296 4486 1590 4558 Sampsoni
1643 4505 1838 4542 aurum
1880 4491 2103 4547 donavit
2151 4477 2406 4562 splen-D

752 4572 878 4625 dide
905 4589 969 4626 ac
997 4575 1308 4642 magnifice,
1344 4588 1401 4632 et
1432 4594 1778 4650 quaecunque
1805 4592 2063 4650 poterant
2094 4584 2330 4640 incitare

752 4665 1088 4721 desiderium
1132 4667 1273 4737 ejus,
1319 4671 1412 4738 qui
1446 4671 1750 4726 secundum
1794 4689 2014 4729 carnem
2061 4677 2213 4730 vivit.
2254 4675 2333 4732 Illi

754 4767 936 4812 autem
981 4761 1223 4816 tenuiter
1265 4770 1322 4817 et
1372 4761 1659 4835 frugaliter
1697 4764 1900 4830 vivere,
1960 4776 2083 4821 erat
2128 4769 2334 4824 bonum

755 4865 852 4923 per
889 4864 946 4904 se
976 4852 1348 4919 expetendum
1391 4855 1651 4911 omnibus
1690 4857 1912 4926 quidem
1954 4859 2164 4915 divitiis
2202 4860 2336 4916 bea-

759 4941 889 5004 tius,
917 4944 1112 5010 quavis
1139 4959 1270 4998 vero
1299 4944 1472 5013 gloria
1512 4963 1577 5001 ac
1626 4949 1890 5018 dignitate
1947 4954 2331 5009 excellentius.

757 5033 1118 5102 imperatoris
1168 5047 1322 5091 certe
1366 5037 1756 5095 liberalitatem
1803 5049 1860 5096 et
1904 5045 2334 5100 munificentiam

759 5128 1089 5194 opportunis
1147 5138 1202 5182 et
1253 5129 1449 5184 validis
1514 5136 1787 5188 recusavit
1853 5137 2331 5192 rccusationibus:

763 5217 854 5271 Illa
894 5217 1027 5271 mihi
1060 5219 1176 5283 das,
1217 5220 1431 5290 dicens,
1480 5238 1515 5277 ο
1560 5225 1879 5295 imperator,
1926 5244 2050 5298 qua:
2080 5229 2338 5285 lubenter

763 5309 960 5378 reliqui
992 5320 1215 5380 propter
1247 5313 1554 5379 Christum,
1605 5327 1666 5370 ut
1700 5320 1793 5386 qui
1841 5322 2042 5375 multas
2085 5320 2336 5390 posside-

765 5416 882 5456 rem
935 5405 1234 5470 pecunias,
1285 5415 1342 5459 ct
1395 5408 1596 5463 multas
1631 5409 1886 5465 haberem
1941 5413 2335 5482 possessiones.

764 5493 1051 5564 Quomodo
1102 5511 1233 5567 ergo
1275 5513 1337 5553 ea
1383 5502 1684 5570 accipiam.
1731 5504 1850 5558 sine
1907 5505 2107 5574 quibus
2153 5506 2340 5560 vivere

767 5597 953 5651 aperte
987 5591 1228 5656 comperi
1267 5592 1460 5646 utilius
1483 5609 1628 5655 esse.
1659 5604 1718 5650 et
1750 5611 1781 5650 a
1805 5597 2007 5664 quibus
2039 5598 2339 5665 prudenter

768 5681 1136 5736 discedentem
1204 5684 1313 5738 Deo
1358 5700 1483 5740 esse
1532 5688 1910 5758 eonjunctum,
1957 5691 2199 5745 dilucide
2255 5701 2341 5744 est

770 5778 1088 5832 ostensum?
1117 5775 1268 5844 Quod
1312 5779 1352 5831 si
1402 5794 1499 5849 pro
1546 5793 1757 5835 summa
1795 5792 1881 5837 tua
1920 5782 2258 5852 benignitate
2287 5793 2340 5838 et

2424 3212 2533 3264 λων
2568 3191 3077 3279 ταπεινοφροσύνης
3120 3208 3411 3278 περιουσίᾳ
3450 3209 3669 3276 χάριτος
3715 3191 3998 3275 ἀφθονίαν,

2425 3303 2722 3372 ὲπιθέμασί
2749 3319 2859 3354 τισι
2894 3303 3007 3364 τοῖς
3032 3303 3097 3354 ὲκ
3128 3300 3342 3371 τέχνης,
3375 3299 3411 3352 ἃ
3437 3298 3513 3368 τῷ
3551 3298 3804 3367 ἀλγοῦντι
3849 3301 4001 3372 μέρει

2428 3393 2749 3455 ἐπέϐαλλεν,
2812 3393 3140 3462 ἐπιγράφειν
3205 3378 3604 3462 ἐπειρᾶτοτὴν
3651 3393 3817 3444 ἴασιν.
3867 3389 4003 3442 Ἀλλ’

2429 3487 2582 3540 ινίκα
2603 3486 3076 3556 ἑπιπλαττομένην
3101 3485 3244 3538 οὕτω
3267 3484 3569 3555 θεραπείαν
3593 3485 3625 3555 ἡ
3659 3485 4004 3555 ὑποκρυπτο-

2431 3576 2567 3646 μένη
2608 3575 2854 3646 ἀλήθεια,
2890 3579 2982 3629 καὶ
3017 3579 3043 3628 ὁ
3075 3578 3131 3628 ὲν
3170 3577 3382 3636 πολλοῖς
3423 3577 3515 3626 καὶ
3545 3575 3727 3635 ἄλλοις
3759 3573 4005 3642 θαυματ-

2429 3672 2627 3737 ουργδς
2691 3667 3015 3733 γνωρισθεὶς
3074 3665 3178 3716 κᾶν
3222 3665 3396 3732 τούτῳ
3451 3664 3515 3728 δὴ
3569 3665 4004 3734 θαυματουργῶν

2430 3756 2775 3824 ὲγνωρίζετο.
2805 3754 2879 3807 Oti
2912 3752 3105 3804 πολλαὶ
3132 3753 3409 3822 παρῆλθον
3442 3753 3649 3825 ἡμέραι
3677 3753 3768 3805 καὶ
3796 3753 3824 3805 δ
3852 3753 4005 3823 βασις

2427 3848 2553 3912 λεὺς
2593 3849 2734 3910 ὅλως
2782 3846 3071 3918 ἀπηλλάγη
3111 3845 3205 3900 τοῦ
3238 3846 3445 3910 πάθους
3494 3849 3585 3900 καὶ
3619 3846 3872 3917 καθαρᾶς
3905 3849 4010 3900 ἀπ-

2429 3941 2656 3995 έλαυσεν
2685 3942 2917 4008 ὑγιείας,
2943 3941 3156 4011 πλήρης
3179 3957 3235 3993 τε
3276 3937 3344 4011 ἦν
3373 3941 3714 4012 εὐφροσύνης
3748 3943 3840 3994 καὶ
3878 3941 4008 3994 θαύ-

2433 4049 2624 4103 ματος,
2651 4033 2750 4102 τῆς
2788 4032 2886 4102 μὶν
2925 4033 3013 4086 διὰ
3056 4033 3155 4104 τὴν
3187 4033 3548 4104 άνάστρωσιν,
3581 4033 3674 4086 τοῦ
3713 4034 3772 4088 δὲ
3797 4034 3887 4088 διὰ
3915 4034 4008 4105 τὴν

2428 4126 2524 4180 τοῦ
2557 4127 2883 4195 ὑγιάσαντες
2912 4105 3048 4195 πρὸς
3078 4125 3211 4178 Θεὸν
3235 4127 3536 4179 οίκείωσιν.

2502 4398 2581 4452 8’.
2622 4397 2851 4449 Ἔπειτα
2885 4393 2978 4449 καὶ
3020 4393 3095 4457 ὡς
3130 4391 3498 4463 ἀμειψόμενος
3527 4391 3586 4445 τὸ
3615 4393 3760 4461 μέγα
3790 4395 3891 4464 τῆς
3921 4394 4011 4447 ϐε-

2438 4491 2665 4562 ραπιίας
2711 4489 3032 4558 δωρήμασιν
3095 4485 3426 4554 ιπικαίροις,
3484 4485 3683 4553 χρυσόν
3733 4503 3793 4538 τε
3839 4485 4007 4539 ἐδίδου

2438 4581 2856 4655 μεγαλοψύχως.
2924 4579 3019 4632 καὶ
3074 4577 3209 4632 ἄλλα
3265 4579 3365 4630 ὅσα
3428 4578 3494 4646 δὴ
3554 4576 3850 4647 ὲπιθυμίαν
3903 4575 4008 4633 οἴδα

2436 4671 2793 4744 παρακαλεῖν,
2827 4668 2919 4724 τού
2965 4669 3106 4722 κατὰ
3140 4671 3318 4736 σάρκα
3360 4665 3558 4731 ζῶντός
3591 4682 3770 4736 φημι·
3813 4668 4009 4740 ἐκείνῳ

2436 4766 2494 4818 δὲ
2524 4766 2585 4817 τὸ
2623 4765 2784 4826 λιτῶς
2815 4762 2956 4818 οὕτω
2986 4761 3080 4814 καὶ
3118 4759 3482 4829 ἠμελημένως
3527 4757 3648 4828 ζῇν,
3683 4759 4008 4832 αὐθαίρετον

2437 4857 2661 4924 ἀγαθὸν,
2695 4854 2895 4916 παντὸς
2937 4854 3033 4923 μὲν
3079 4853 3308 4905 πλούτου
3343 4850 3785 4921 μακαριώτερον,
3832 4853 4008 4922 πάσης

2436 4953 2491 5006 δὲ
2513 4952 2671 5019 δόξης
2723 4945 3241 5016 άξιωματικώτερον
3265 4961 3280 4976 ⁸
3320 4945 3511 5014 ἀμέλει
3537 4948 3630 5000 καὶ
3651 4948 3711 4998 τὸ
3731 4946 3826 4998 τοῦ
3855 4946 4008 5016 βασι-

2437 5048 2572 5108 λέως
2621 5045 2901 5115 φιλότιμόν
2946 5059 3005 5095 τε
3039 5042 3130 5094 καὶ
3172 5041 3546 5111 μεγαλόδωρον
3589 5043 3868 5112 εὐκαίροις
3918 5045 4009 5096 καὶ

2442 5140 2689 5207 ίσχυραῖς
2718 5136 3074 5205 διεκρούσατο
3096 5134 3436 5202 ἀπολογίαις,
3471 5135 3684 5188 Ἐκεῖνά
3714 5153 3804 5204 μοι
3830 5135 4007 5196 δίδως.

2439 5226 2484 5284 ὦ
2518 5229 2758 5300 βασιλεῦ,
2783 5227 2974 5288 εἰπὼν,
3005 5220 3078 5278 ὧν
3106 5228 3268 5289 αὐτὸς
3308 5226 3476 5293 ἡδέως
3502 5219 3724 5296 ἐξέστην
3757 5228 3845 5281 διὰ
3878 5230 4008 5296 Χρι-

2441 5324 2585 5386 στὸν,
2619 5321 2786 5374 πολλὰ
2813 5321 2911 5388 μὲν
2940 5321 2997 5372 ὲν
3025 5321 3286 5387 κτήμασι,
3325 5318 3548 5372 πλεῖστα
3569 5319 3624 5373 δι
3659 5320 3756 5371 καὶ
3796 5321 3854 5372 ὲν
3877 5321 4011 5390 χρή-

2446 5430 2578 5481 μασι
2614 5412 2971 5480 κεκτημένος.
3007 5411 3128 5472 Πῶς
3164 5407 3257 5462 οὖν
3297 5411 3407 5478 ἐγὼ
3437 5410 3679 5480 λήψομαι
3708 5412 3906 5477 ταῦτα,
3939 5405 4009 5461 ὧν

2441 5505 2500 5556 τὸ
2530 5505 2691 5570 ζῆσαι
2718 5505 2884 5574 χωρὶς
2929 5501 3178 5570 φανερῶς
3231 5494 3388 5570 εὗρον
3423 5500 3875 5569 ὠφελιμώτατον,
3923 5503 4012 5552 καὶ

2442 5591 2516 5650 ὧν
2554 5597 2616 5648 τὸ
2643 5595 2943 5662 ἀποστῆναι
2986 5592 3280 5662 φρονίμως,
3321 5595 3442 5663 θεῷ
3467 5594 3820 5664 οίκειωθῆναι
3848 5594 4014 5647 καθα·

2451 5692 2554 5760 ρῶς
2586 5690 3000 5752 ἀποδέδεικταω
3044 5688 3102 5739 ΕΞ
3129 5687 3184 5740 δὲ
3217 5688 3393 5758 βούλει
3427 5687 3513 5740 δια
3553 5687 3755 5757 πολλὴν
3786 5690 4015 5758 χρηστό-

2446 5799 2580 5852 τητα
2609 5782 2696 5835 καὶ
2730 5779 3137 5850 φιλανθρωπίαν
3180 5780 3568 5849 κεχαρισμένον
3613 5781 3744 5848 ἡμῖν
3787 5796 3840 5832 τι
3875 5779 4012 5845 γίνε-
