4188 6310
188 361 283 425 289

1399 354 1576 415 νιΤΑ
1618 351 1687 410 S.
1724 348 2169 409 SAMPSONIS.

3303 356 3411 420 290

188 474 315 535 σθαι,
355 469 556 540 μᾶλλον
606 468 744 542 [Θεῷ
767 469 1022 541 γινέσθω]
1064 470 1154 522 καὶ
1196 468 1340 521 οὕτω
1369 467 1434 538 δὴ
1462 468 1556 519 καὶ
1595 464 1732 534 πρὸς

1856 460 2185 515 inmanitate
2227 460 2389 515 nobis
2435 460 2618 528 aliqua
2669 461 2725 516 in
2761 478 2818 518 re
2850 465 3145 535 gratificari
3193 474 3411 542 cupias,

188 564 313 633 ἡμᾶς
368 564 427 614 τὸ
471 561 692 629 γεγονὸς
740 561 1076 632 διαϐήσεται.
1123 561 1314 613 Ἔσται
1360 560 1417 615 δὲ
1458 558 1636 621 τοῦτο,
1684 558 1735 610 εί

189 652 394 721 πλησίον
433 650 526 703 τοῦ
566 650 701 718 ἐμοῦ
731 653 994 715 οἰκίσκου,
1033 652 1090 703 ὃν
1142 668 1201 703 τε
1237 651 1403 714 αὐτὸς
1446 649 1602 712 οίκῶ,
1641 646 1734 700 καί

185 759 314 802 τινας
342 742 449 793 τῶν
480 744 744 809 νοσήματι
777 743 1018 810 κατόχων
1050 742 1286 811 εἰσάγων
1318 740 1633 810 ἐπιμελείας
1661 738 1734 799 ὡς

189 832 284 898 ἐμὴ
309 830 532 899 δύναμις
562 832 715 897 ἀξιῶ,
744 828 889 883 οἷκον
917 835 1027 894 τοῖς
1054 833 1192 902 νόσῳ
1222 832 1523 900 κάμνουσιν
1548 830 1737 898 ἐπιτή-

185 922 311 974 δειον
335 922 491 985 αὐτὸς
535 926 765 989 ἐγερεῖς.
812 923 980 977 Τοῦτο
1018 924 1127 993 γάρ
1170 941 1250 977 σοι
1294 922 1534 991 ἀοίδιμον
1566 921 1735 990 ὄνομα

188 1014 327 1083 Θήσει
357 1016 450 1068 καὶ
479 1016 796 1085 προξενήσει
827 1017 1019 1086 μισῦὸν
1045 1017 1408 1086 ἀναφαίρετον
1468 1015 1735 1066 Ἤκουσεν

185 1106 502 1175 ὁβασιλεὺς,
558 1108 651 1158 καὶ
706 1108 767 1159 τὸ
805 1108 1024 1177 αίτηΟὲν
1076 1108 1150 1169 ῶς
1189 1106 1397 1177 δωρεὰν
1452 1105 1653 1174 μᾶλλον
1702 1104 1761 1169 ἦν

184 1196 385 1265 αἴτησιν
422 1198 670 1265 ἀσμένως
722 1198 1056 1267 προσήκατο.
1096 1198 1202 1248 Καὶ
1245 1196 1583 1265 παραχρῆμα
1621 1193 1737 1263 (καὶ

185 1290 285 1360 γὰρ
310 1285 376 1359 ἦν
398 1290 517 1341 τότε
550 1290 642 1341 καὶ
668 1288 758 1341 τὸν
794 1289 933 1341 Οείον
965 1289 1051 1341 ἐπ’
1082 1290 1305 1357 ὀνόματι
1338 1288 1438 1357 τῆς
1476 1287 1569 1339 τοῦ
1598 1285 1733 1338 Θεοῦ

187 1382 365 1450 σοςίας
390 1382 513 1432 ναὸν
540 1378 1109 1451 κατασκευασάμενος)
1143 1380 1237 1432 καὶ
1266 1380 1429 1434 αὑτὸν
1476 1379 1735 1431 ἐπέταττε

185 1472 667 1542 συνοικοδομεϊσοαι
708 1472 986 1543 προθυμίᾳ
1029 1489 1087 1524 τε
1145 1471 1340 1542 ψυχῆς,
1396 1471 1486 1524 καὶ
1536 1470 1739 1523 οἰκοδο-

189 1563 422 1631 μούντων
450 1564 783 1634 πολυχειρίᾳ,
813 1565 906 1616 καὶ
938 1563 1186 1633 δαψιλείᾳ
1224 1562 1424 1625 παντὸς
1454 1561 1741 1631 ἀναλώμα-

187 1669 291 1719 τος,
317 1654 480 1707 αὑτοῦ
522 1654 621 1723 μὲν
654 1654 982 1726 παρέχοντος
1024 1652 1339 1722 φιλοτίμως,
1386 1652 1529 1703 κατὰ
1572 1649 1630 1702 δὲ
1678 1648 1740 1701 τδ

186 1747 409 1817 ἀρέσκον
458 1746 534 1815 τῷ
570 1746 811 1815 Μεγάλῳ
840 1746 937 1815 τῆς
968 1744 1275 1813 οἰκοδομίας
1318 1741 1741 1809 τελευτουργουη

1845 552 1898 605 id
1934 551 2024 605 tiat
2056 552 2168 607 Deo
2204 552 2406 618 potius,
2458 562 2515 607 et
2561 553 2638 607 ita
2683 557 2828 624 quod
2885 559 3082 614 factum
3117 560 3308 629 fuerit,
3344 566 3411 621 ad

1842 659 1943 705 nos
1994 658 2214 711 quoque
2262 644 2537 697 transibit.
2590 644 2709 699 Fiet
2743 658 2927 703 autem
2972 650 3097 714 hoc,
3147 654 3192 706 si
3244 664 3416 725 prape

1843 748 2019 788 meam
2076 733 2486 798 domunculam,
2536 750 2699 802 quam
2744 748 2799 791 et
2830 737 2945 807 ipse
2981 741 3193 809 habito,
3222 756 3277 799 et
3309 747 3421 801 ali-

1842 839 1980 892 quos
2019 839 2087 878 cx
2127 824 2214 887 iis,
2246 827 2339 895 qui
2393 828 2600 883 morbis
2647 829 2919 897 laborant,
2960 848 3027 888 eo
3063 835 3416 893 introduoens

1842 931 1974 969 curo
2008 933 2104 986 pro
2138 919 2368 983 viribus,
2408 922 2804 993 aegrotantibus
2834 923 3054 978 domum
3099 938 3276 996 aptam
3318 945 3416 983 ex-

1842 1007 2121 1063 citaveris.
2156 1010 2269 1065 Hoc
2298 1013 2446 1065 enim
2492 1013 2588 1067 tibi
2634 1024 2688 1069 ct
2722 1016 2929 1069 clarum
2972 1033 3171 1071 nomen
3219 1020 3414 1089 pariet,

1841 1111 1897 1151 ei
1926 1100 2242 1155 conciliabit
2274 1107 2603 1167 mercedem,
2659 1119 2779 1173 quae
2809 1105 3012 1160 auferri
3047 1124 3155 1162 non
3192 1117 3412 1177 poterit.

1841 1189 2065 1247 Audivit
2096 1191 2416 1261 imperator,
2459 1196 2685 1265 etquod
2724 1198 2952 1265 petitum
2994 1199 3190 1266 fuerat,
3239 1202 3417 1258 liben-

1846 1287 1928 1334 ter
1961 1281 2202 1348 admisit,
2237 1293 2495 1355 tanquam
2523 1286 2727 1342 donum
2756 1293 2960 1359 potius,
2989 1307 3150 1361 quam
3198 1296 3417 1363 petitio-

1844 1387 1991 1427 nem.
2027 1373 2095 1427 Et
2122 1378 2307 1430 statim
2359 1378 2538 1448 (tunc
2591 1381 2737 1433 enim
2776 1381 3022 1436 divinum
3067 1388 3421 1441 construebat

1846 1465 2109 1532 templum
2137 1466 2358 1523 nomine
2400 1468 2496 1522 Dei
2542 1470 2780 1541 Sophim)
2809 1472 2972 1540 jussit
3003 1483 3061 1527 ut
3108 1474 3160 1529 id
3195 1492 3420 1547 quoque

1847 1554 2006 1609 simul
2044 1556 2411 1612 aediﬁcaretur
2447 1570 2699 1630 prompto
2730 1572 2785 1616 et
2816 1564 2980 1619 alacri
3008 1566 3177 1621 animi
3209 1569 3413 1634 studio,

1846 1657 2118 1703 eteorum
2151 1666 2273 1719 qua:
2322 1644 2690 1716 redilicabant,
2731 1670 2927 1726 magna
2960 1659 3331 1726 multitudine,
3364 1670 3420 1717 et

1848 1740 2093 1795 omnium
2128 1743 2502 1812 impensarum
2548 1747 2727 1815 copia,
2785 1749 2903 1816 ipso
2947 1752 3169 1819 quidem
3215 1770 3422 1825 cuppe-

189 1838 367 1908 μένης.
432 1836 583 1887 Ἐπεὶ
634 1836 691 1887 δὲ
756 1836 851 1887 καὶ
906 1837 1221 1905 ᾠκοδόμητο
1261 1836 1383 1887 λίαν
1441 1833 1739 1904 φιλοκάλως

1856 1830 2049 1888 litante
2094 1834 2417 1900 liberaliter,
2460 1854 2527 1892 ex
2564 1841 2740 1909 magni
2773 1856 2903 1896 vero
2949 1843 3265 1914 Sampsonis
3293 1822 3420 1902 sen-

185 1928 273 1978 xz‘t
335 1926 790 1995 μεγαλοπρεπῶς,
851 1927 941 1979 καὶ
974 1926 1235 1996 ὀνόματος
1290 1926 1455 1980 αὑτοῦ
1504 1926 1740 1996 ἠξιοῦτο,

183 2017 337 2079 εὐθὺς
410 2019 602 2088 ἐκείνῳ
664 2035 724 2072 τε
784 2020 1167 2090 ἐπετράπετο,
1221 2019 1316 2072 καὶ
1364 2019 1525 2082 αὐτὸς
1589 2015 1655 2089 ἦν
1716 2020 1745 2072 ὁ

184 2109 322 2173 θεῖος
378 2112 636 2181 Σαμψὼν,
685 2112 729 2164 ό.
768 2112 868 2183 τὴν
927 2110 1020 2165 τοῦ
1051 2112 1199 2164 οίκου
1257 2112 1591 2181 προστασίαν
1651 2128 1747 2164 πε-

185 2220 373 2256 -ιτιστευ
382 2205 559 2273 μένος.

256 2384 310 2435 l'.
347 2382 709 2453 Προστίθησιν
741 2384 768 2434 ό
801 2382 1053 2453 βασιλεὺς
1086 2386 1179 2438 καὶ
1212 2386 1421 2454 ἕτερον,
1461 2385 1747 2456 βασιλικῆς

182 2475 331 2539 ἀξιον
362 2475 789 2545 μεγαλοδωρίας,
831 2477 1135 2547 ἀπόμοιραν
1178 2478 1277 2529 οὐκ
1309 2477 1514 2546 ὀλίγην,
1548 2478 1654 2530 οὐδ’
1689 2478 1747 2544 ἐξ

180 2569 363 2635 ὀλίγης
395 2568 765 2639 προαιρέσεως
794 2569 869 2637 τῷ
900 2570 1037 2637 ἁγίῳ
1071 2569 1245 2638 τούτῳ
1281 2570 1412 2640 οἴκῳ
1440 2571 1744 2637 καθιεροῦν,

180 2663 245 2712 ὲκ
294 2660 574 2731 προνομῆς
622 2660 793 2730 δήπου
842 2659 1225 2730 διαιρεθεῖσαν,
1260 2656 1326 2732 ἦς
1367 2664 1394 2712 ό
1438 2661 1751 2731 θαυμαστὸς

182 2752 497 2821 Βελισάριος
551 2751 658 2805 ἀπὸ
700 2751 801 2821 τῆς
873 2751 979 2806 τῶν
1034 2752 1334 2822 Ἀσσυρίων
1398 2753 1501 2821 γῆς
1559 2755 1751 2825 ἐκείνῳ

180 2844 550 2915 προσαγαγὼν
588 2840 678 2917 ἦν,
729 2844 987 2915 λαμπρᾶς
1034 2845 1111 2916 τῷ
1157 2844 1269 2897 δντι
1314 2846 1404 2897 καὶ
1446 2846 1748 2914 φιλοτίμου.

185 2932 319 2990 Εἶτα
344 2925 439 2990 καὶ
469 2938 764 3008 κτημάτων
786 2937 1013 3009 δωρεαῖς
1044 2938 1299 3007 κρατύνει
1322 2939 1411 2990 τὶν
1432 2933 1600 3001 οἶκον,
1637 2938 1757 2990 ἰκα-

177 3028 285 3088 νῶς
319 3029 552 3097 ἑχόντων
586 3028 667 3091 εἷς
701 3045 759 3081 τε
793 3029 959 3090 ἄλλας
998 3031 1161 3081 αὑτοῦ
1211 3031 1455 3093 δαπάνας
1488 3032 1579 3082 καὶ
1620 3032 1752 3099 πρὸς

1845 1927 2015 1982 tentia
2055 1927 2255 1983 effecto
2279 1928 2536 1985 mdilicio.
2567 1931 2861 2002 Postquam
2890 1944 3069 1991 autem
3100 1938 3328 2009 pulchre
3366 1950 3422 1995 et

1846 2019 2135 2089 magniﬁce
2177 2020 2283 2075 fuit
2315 2021 2667 2084 :editicatum,
2701 2034 2755 2077 et
2796 2026 2865 2081 ab
2913 2027 3031 2096 ejus
3064 2028 3167 2083 fuit
3202 2031 3424 2087 nomine

1847 2111 2284 2175 denominatum,
2342 2113 2594 2182 protinus
2657 2114 2732 2168 illi
2796 2116 2901 2170 fuit
2951 2120 3303 2186 permissum.
3355 2123 3424 2177 Et

1848 2202 1962 2273 ipse
1992 2215 2112 2258 erat
2139 2204 2362 2261 divinus
2398 2205 2488 2259 ille
2531 2206 2818 2276 Sampson.
2850 2210 2939 2263 cui
2972 2213 3260 2268 commissa
3301 2213 3424 2268 fue-

1850 2304 1929 2347 rat
1956 2294 2150 2349 domus
2182 2295 2588 2351 administratio
2626 2297 2724 2367 (ί).

1919 2385 1983 2447 Χ.
2026 2387 2224 2454 Adjicit
2279 2398 2460 2441 autem
2514 2389 2812 2458 imperator
2867 2391 3020 2446 aliud
3074 2409 3293 2463 quoque
3339 2396 3426 2450 di-

1848 2492 2012 2548 gnum
2075 2478 2427 2546 imperatoria
2508 2478 2902 2537 muniﬁcentia.
2972 2482 3090 2538 Non
3168 2486 3420 2557 exiguam

1849 2569 1995 2622 enim
2021 2585 2245 2624 suorum
2277 2569 2543 2625 bonorum
2593 2581 2823 2640 partem,
2857 2584 2917 2629 et
2978 2590 3085 2630 non
3124 2576 3242 2632 sine
3269 2593 3429 2649 egre-

1850 2659 1940 2728 gio
1983 2661 2285 2729 proposito,
2335 2662 2464 2715 huic
2515 2662 2618 2715 aedi
2668 2666 2870 2718 sanctae
2922 2679 3228 2729 consecrat,
3277 2684 3433 2723 sum-

1854 2760 2000 2822 ptam
2029 2752 2328 2807 scilicetex
2382 2754 2602 2822 praedis,
2643 2770 2780 2824 quas
2822 2757 3163 2815 admirabilis
3204 2761 3296 2814 ille
3328 2762 3430 2816 Be-

1854 2842 2075 2898 lisarius
2102 2848 2165 2898 ad
2195 2861 2321 2899 eum
2370 2846 2631 2901 attulerat
2679 2863 2709 2902 e
2756 2858 2902 2903 terra
2950 2851 3292 2922 Assyriorum
3327 2854 3428 2922 (5),

1855 2950 1976 3002 quae
2026 2951 2214 2990 revera
2281 2947 2439 2991 erant
2506 2939 2779 3007 prmclara‘.
2828 2952 2885 2995 et
2938 2943 3156 3011 opimae.
3224 2944 3432 3000 Deinde

1856 3028 2079 3082 domum
2133 3043 2350 3096 quoque
2402 3031 2578 3083 munit
2622 3031 2782 3085 donis
2836 3033 3274 3099 possessionum,
3311 3051 3435 3104 qua!

182 3116 389 3185 ἰατρῶν
435 3120 744 3186 σιτηρέσια,
778 3119 875 3171 καὶ
889 3108 1019 3170 “τῶν
1047 3120 1238 3188 ἐτέρας
1264 3120 1751 3189 ἐπιτετραμμένων

1857 3128 1910 3173 οι
1940 3120 2005 3173 ad
2034 3118 2171 3174 alios
2189 3120 2307 3189 ejus
2338 3130 2589 3188 sumptus
2620 3118 2988 3186 subiciebant,
3016 3131 3071 3176 et
3092 3122 3158 3176 ad
3197 3123 3431 3179 alimen-

177 3209 349 3264 αὑτοῦ
370 3208 733 3280 λειτουργίας.
781 3209 904 3263 Ἐπὶ
926 3211 1136 3272 πολλοῖς
1163 3206 1256 3263 οὖν
1285 3216 1393 3275 τοῖς
1420 3216 1631 3284 χρόνοις
1660 3215 1749 3268 οὖα

175 3321 289 3365 τως
322 3305 349 3356 ό
378 3302 663 3374 Μακάριος
707 3302 1000 3374 διαρκέσας
1035 3304 1094 3356 ἐν
1139 3305 1256 3367 ταῖς
1300 3303 1406 3356 τῶν
1436 3306 1750 3374 καμνόντων

176 3393 546 3464 ἐπιμελείαις,
593 3394 691 3449 καὶ
739 3396 1017 3464 πατρικῶς
1061 3396 1278 3447 πάντων
1314 3396 1404 3447 καὶ
1436 3395 1554 3447 λίαν
1591 3396 1751 3463 κηδε-

180 3486 425 3556 μονικῶς
478 3486 954 3557 προμηθούμενος,
1005 3486 1128 3540 ἐπεὶ
1162 3488 1254 3540 καὶ
1288 3488 1365 3549 είς
1401 3485 1536 3555 βαθὺ
1579 3488 1752 3555 γῆρας

174 3580 285 3650 ἤδη
329 3577 575 3647 παραδὺς
607 3574 696 3648 ἦν,
738 3579 832 3630 καὶ
863 3579 1136 3641 ἀδυνάτως
1163 3579 1285 3650 ἔχον
1317 3580 1467 3647 αὐτῷ
1493 3581 1551 3632 τὸ
1595 3581 1753 3652 σῶμα

173 3671 282 3741 τὴν
307 3669 565 3738 τελευτὴν
591 3668 769 3733 ὢίινε,
811 3668 1001 3723 νοσοῦν
1032 3669 1132 3738 μὲν
1177 3670 1332 3735 ὀλίγα
1367 3672 1460 3721 καὶ
1488 3667 1574 3721 οἷα
1619 3682 1755 3739 προ-

173 3766 342 3834 οίμια
381 3763 694 3816 δείκνυσθαι
725 3761 896 3816 ταῦτα
932 3763 1026 3815 καὶ
1053 3761 1277 3833 ἀφορμὴ
1325 3762 1579 3818 Θανάτου.
1613 3762 1753 3832 Θνή-

178 3875 306 3911 σκει
351 3857 408 3910 δὲ
445 3858 547 3910 οὐκ
590 3856 835 3926 ἀθυμῶν,
890 3857 1009 3910 οὐδὲ
1070 3855 1449 3928 βαρυνόμενος,
1501 3856 1621 3909 οὐδὲ
1658 3857 1756 3927 τὴν

176 3950 482 4019 μετάθεσιν
512 3949 878 4017 δυσχεραίνων
919 3950 1059 4001 κατά
1091 3951 1187 4012 τὰς
1214 3950 1622 4018 φιλοσωμάτους
1648 3950 1753 4020 ψυ-

172 4045 285 4113 χάς
311 4061 368 4096 τε
404 4043 497 4095 καὶ
522 4041 903 4110 φιλοκόσμους,
926 4041 1060 4093 ἀλλά
1081 4043 1269 4109 πράως
1294 4042 1387 4095 καὶ
1416 4044 1633 4112 ἱλαρῶς.
1659 4047 1752 4096 ατε

174 4134 321 4204 γοῦν
352 4135 396 4187 δ’
423 4131 661 4203 ἀκριϐῶς
694 4131 1055 4200 ἐπιστάμενος
1081 4130 1169 4199 ὑφ’
1192 4129 1251 4183 οὗ
1285 4133 1551 4195 καλεῖται,
1580 4137 1671 4183 καὶ
1698 4132 1756 4195 ἐξ

170 4230 303 4291 οἵας
339 4226 642 4297 περιφορᾶς
685 4227 763 4289 είς
798 4224 917 4278 οἷαν
948 4223 1281 4277 κατάστασιν
1309 4223 1639 4293 μεταῦαίνει,
1666 4224 1760 4276 καὶ

172 4319 296 4375 οἷαι
332 4319 429 4389 τὴν
454 4318 731 4389 μακαρίαν
765 4317 926 4371 αὑτοῦ
956 4317 1135 4389 ψυχὴν
1165 4317 1493 4380 ἀπολαύσεις
1521 4316 1761 4380 ὲκὸἑξον-

169 4428 307 4465 ται·
362 4412 428 4460 ὲκ
466 4410 572 4479 γάρ
624 4410 731 4462 τῶν
786 4410 962 4463 πόνων
1022 4410 1119 4474 τὰς
1175 4412 1486 4476 ἀντιδόσεις,
1533 4413 1595 4463 ἐκ
1649 4409 1760 4465 τῶν

1860 3219 1973 3264 tum
2008 3211 2364 3274 medicorum,
2389 3220 2681 3277 eteorum,
2710 3211 2915 3281 quibus
2947 3224 3105 3269 erant
3134 3216 3239 3270 alia
3273 3231 3436 3271 com-

1857 3304 2020 3357 missa
2051 3320 2300 3359 munera.
2332 3308 2465 3359 Cum
2492 3307 2692 3360 multos
2719 3316 2903 3361 autem
2940 3321 3114 3363 annos
3148 3307 3228 3363 sic
3257 3316 3438 3364 trans-

1856 3396 2056 3465 cgisset
2084 3395 2160 3464 (6)
2186 3396 2275 3449 ille
2304 3396 2501 3450 Beatus
2532 3398 2585 3449 in
2640 3410 2769 3450 cura
2805 3397 3041 3464 gerenda
3076 3408 3441 3467 aegrotorum,

1859 3488 1927 3543 de
1950 3489 2152 3559 quibus
2182 3487 2438 3543 omnibus
2478 3495 2597 3541 erat
2642 3487 2815 3541 instar
2847 3488 3023 3557 patris
3063 3489 3350 3555 sollicitus,
3378 3499 3436 3544 et

1855 3582 1967 3652 jam
2019 3579 2084 3633 ad
2126 3593 2345 3649 gravem
2396 3577 2714 3633 devenisset
2765 3588 3127 3642 senectutem,
3151 3587 3207 3634 et
3235 3590 3436 3648 corpus

1860 3673 2201 3729 imbecillum
2246 3674 2295 3726 ei
2345 3680 2580 3726 mortem
2609 3669 2922 3741 parturiret,
2980 3685 3173 3739 parum
3203 3670 3434 3739 quidem

1860 3768 2109 3835 aegrotat,
2141 3773 2197 3817 et
2228 3761 2372 3832 quod
2405 3773 2588 3831 posset
2614 3763 2830 3819 ostendi
2852 3777 2972 3818 esse
3008 3763 3338 3830 prommium
3379 3772 3437 3817 et

1862 3856 2076 3913 occasio
2113 3855 2325 3909 mortis.
2363 3854 2595 3909 Moritur
2640 3864 2823 3908 autem
2854 3870 2962 3907 non
3010 3856 3211 3918 tristis,
3256 3870 3436 3923 neque

1864 3949 2101 4021 graviter
2124 3957 2178 4004 et
2203 3962 2344 4018 aegre
2380 3946 2561 4001 ferens
2591 3945 2898 4008 decessum,
2933 3954 2995 3999 ut
3034 3945 3214 3999 solent
3239 3946 3439 3999 anima

1866 4057 1986 4111 qua:
2017 4041 2265 4111 corporis
2291 4049 2348 4096 ct
2377 4040 2564 4095 mundi
2595 4040 2766 4093 nimio
2797 4048 3051 4093 tenentur
3079 4053 3264 4092 amore
3291 4054 3305 4092 :
3340 4038 3443 4092 sed

1865 4133 2076 4202 placide
2108 4145 2165 4186 et
2212 4134 2481 4196 hilariter,
2534 4140 2594 4185 ut
2651 4129 2743 4198 qui
2791 4128 3020 4198 pulchre
3063 4130 3229 4181 sciret
3265 4143 3293 4181 a
3326 4140 3446 4196 quo

1864 4233 2174 4289 vocaretur,
2196 4233 2250 4277 et
2286 4240 2315 4276 ιι
2346 4238 2453 4291 qua
2500 4222 2912 4291 perturbatione
2961 4219 3027 4273 ad
3065 4234 3227 4288 quam
3262 4227 3442 4272 trans-

1866 4318 1973 4374 iret
2033 4316 2300 4386 requiem,
2326 4325 2383 4368 et
2406 4321 2623 4383 quantae
2658 4312 2967 4382 voluptates
3004 4319 3190 4366 essent
3218 4310 3443 4364 beatam

1867 4412 1986 4478 ejus
2020 4412 2257 4463 animam
2287 4419 2619 4476 exceptura}.
2655 4405 2733 4459 Ex
2760 4403 3045 4458 laboribus
3074 4403 3220 4457 enim
3250 4416 3437 4456 remu-

173 4501 525 4573 σπερμάτων
566 4516 623 4551 τε
658 4499 775 4569 ᾔδει
815 4500 909 4552 καὶ
946 4501 1070 4564 τοὺς
1099 4501 1365 4571 καρπούς.
1428 4504 1476 4554 Η
1525 4502 1623 4574 μὲν
1670 4503 1761 4557 οὖν

1869 4503 2200 4564 nerationes,
2233 4509 2287 4555 et
2315 4500 2528 4553 fructus
2551 4507 2776 4551 noverat
2808 4512 2878 4550 ex
2911 4495 3235 4549 seminibus.
3261 4497 3447 4562 Atque

168 4595 436 4661 ἀξιόθεος
466 4589 678 4643 ἐκείνου
708 4590 923 4661 καθαρά
954 4592 1101 4664 ψυχὴ
1134 4594 1269 4665 πρὸς
1299 4594 1579 4665 οὐρανίους
1610 4598 1762 4667 οἰκή-

173 4702 304 4747 σεις
366 4682 788 4753 μεταφοιτᾷυτὸ
816 4680 873 4734 δὲ
918 4682 1061 4753 ἱερὸν
1114 4685 1277 4754 σῶμα
1329 4688 1421 4739 καὶ
1472 4687 1624 4755 ἅγιον
1681 4686 1757 4754 τῷ

256 4872 341 4939 (ιι)
373 4873 500 4928 Erat
525 4873 630 4924 hoc
663 4868 1089 4939 xenodochium,
1121 4877 1181 4921 ut
1226 4866 1393 4939 habet
1431 4865 1766 4939 CangiusAin

168 4934 671 5007 Constantiiiolmli
711 4934 1018 4993 Christiana
1049 4937 1143 4990 lib.
1180 4954 1251 5002 tv,
1285 4938 1426 4991 inter
1455 4934 1769 5007 aedemASo-

171 5010 456 5082 phianam
503 5004 769 5082 et'_:_ei_lcm_
808 5009 1010 5082 lrencs.
1050 5007 1134 5082 Et,
1163 5008 1493 5082 _u_t_ibid_em_
1522 5008 1601 5082 a_i_t_
1631 5004 1771 5059 Can-

170 5074 335 5152 gius,
364 5088 543 5135 exstat
569 5076 1138 5152 Epistola__lnnocentii
1163 5074 1226 5128 lll
1246 5076 1527 5152 Pontiﬁcis
1548 5077 1767 5152 lib..t_tn,

168 5147 358 5221 Epist.
421 5152 643 5221 l77,7qua
694 5147 990 5221 conﬁrmat
1028 5149 1346 5221 prazceptori
1386 5158 1442 5221 et
1490 5147 1772 5221 Fratribus

173 5215 489 5290 li'ospitalis
516 5215 571 5272 S.
602 5215 1544 5290 Sampsonis_Constantinopulitani
1575 5216 1770 5290 Δἀοιιο-

172 5283 405 5346 tionem
441 5290 694 5352 cancelli,
723 5286 868 5355 quod
909 5283 1119 5355 Garelis
1151 5283 1517 5355 nuncupatur,
1567 5286 1769 5338 factum

170 5364 254 5415 ab
306 5359 548 5413 Henrico
588 5354 920 5424 imperatore
968 5354 1071 5408 (ΣΡ.
1127 5354 1374 5408 Meminit
1413 5354 1577 5409 etiam
1608 5357 1769 5410 istius

173 5429 525 5486 xenodocliii
577 5427 816 5483 Jacobus
859 5428 925 5479 de
949 5425 1185 5480 Vitriaco
1215 5426 1267 5477 in
1320 5425 1768 5487 llist.0ccidcut.,

174 5519 317 5571 cap.
355 5498 448 5563 ‘29,
480 5499 566 5553 his
591 5497 775 5571 verbis
810 5514 820 5546 :
856 5516 894 5571 «_
916 5496 1386 5571 Quemadmodum
1418 5496 1769 5571 βυιιείιρενί-

179 5565 322 5628 ιείιιι
376 5572 549 5622 sancti
598 5568 835 5637 Spiritus
885 5568 941 5637 in
979 5569 1219 5620 Romana
1259 5567 1395 5618 urbe
1428 5579 1483 5620 ct
1529 5565 1584 5620 S.
1616 5565 1772 5637 Sam-

174 5640 390 5709 psonis
412 5642 467 5692 in
497 5635 1099 5709 ConstantinOpolitana
1128 5637 1367 5709 civitate,
1408 5647 1465 5709 et
1504 5637 1582 5709 B.»
1604 5635 1774 5709 Anto-

174 5705 268 5765 itii
322 5716 380 5768 in
438 5712 557 5781 ipso
595 5711 794 5781 capite,
841 5705 894 5762 ct
1041 5708 1217 5760 Maria:
1265 5706 1660 5781 ltuirsriomllis
1716 5706 1772 5757 in

177 5777 788 5847 introilu'HiSpania,
825 5788 879 5833 et
903 5777 1004 5831 alia
1056 5780 1302 5845 quaedam
1368 5777 1475 5829 βου
1525 5788 1674 5845 grata
1720 5786 1777 5828 ct

1870 4597 1981 4649 Deo
2013 4593 2235 4663 quidem
2262 4591 2423 4660 digna
2474 4597 2529 4641 et
2573 4587 2775 4640 munda
2808 4586 2953 4640 illius
3002 4585 3185 4640 anima
3225 4584 3293 4638 ad
3332 4598 3448 4637 cte-

1866 4688 2057 4742 lestem
2090 4685 2287 4740 transit
2325 4680 2717 4737 habitationem
2752 4695 2767 4730 :
2801 4694 3016 4733 Sacrum
3049 4693 3179 4731 vero
3217 4686 3274 4730 et
3316 4690 3452 4729 san.-

1866 4864 2200 4934 pauperibus
2248 4859 2579 4931 peregrinis,
2612 4872 2711 4911 seu
2758 4855 2992 4911 inﬁrmis
3046 4852 3203 4907 valde
3249 4868 3445 4908 neces-

1868 4952 2033 4989 δατια.
2084 4953 2101 4984 1

1939 5007 2015 5075 (5)
2055 5000 2364 5057 Transt'erri
2410 5000 2463 5075 id
2503 5006 2721 5075 oportet
2761 5004 2883 5064 post
2913 4991 3437 5075 nlortctn‘Sampsm

1868 5064 1957 5127 nis
1987 5064 2009 5129 ι’
2043 5075 2261 5126 vivente
2315 5064 2864 5135 etcnint—Sampsone
2909 5064 3308 5135 xeuodocltium
3343 5066 3446 5117 hoc

1870 5146 2003 5199 satis
2037 5143 2233 5195 misere
2273 5142 2526 5200 habebat,
2564 5132 2898 5212 ut,h'abetur
2949 5135 3087 5187 intra
3141 5134 3245 5188 sub
3282 5132 3445 5212 tinem

1870 5228 2022 5267 num.
2071 5213 2128 5263 l7
2178 5229 2190 5263 :
2233 5212 2482 5281 quamvis
2515 5208 2781 5281 ,quoadﬂ
2820 5216 3191 5281 structuram-
3222 5208 3441 5262 attinet.

1867 5286 2003 5337 satis
2038 5272 2382 5351 magniti'eutn
2424 5272 2608 5351 fuerit;
2646 5288 2703 5331 ut
2730 5277 2934 5331 dictum
2963 5286 3046 5327 est
3078 5276 3129 5326 in
3154 5272 3445 5328 Continen-

1872 5354 2013 5406 tario
2037 5350 2236 5423 praevio
2269 5367 2419 5404 num.
2667 5417 2681 5423 _
3218 5412 3251 5423 η

1948 5412 2181 5491 (tiflliec
2215 5438 2324 5475 non
2366 5417 2717 5493 intelligenda
2765 5426 2893 5470 sunt
2932 5424 3052 5484 post
3094 5412 3444 5493 conditumﬂa

1874 5484 2187 5548 Iustiniano
2213 5484 2612 5545 xenodocliiunt
2644 5507 2655 5541 :
2706 5502 2895 5542 verum
2932 5492 2999 5540 de
3041 5501 3171 5538 cura
3200 5492 3255 5536 et
3298 5484 3447 5542 solli-

1878 5558 2120 5616 citudine
2155 5578 2316 5631 quam
2359 5561 2523 5614 etiam
2575 5559 2725 5625 prius
2754 5557 2975 5633 aegrotis
3019 5566 3074 5610 et
3117 5554 3454 5633 pauperibus

1880 5624 2265 5701 impenderat:
2314 5642 2447 5699 .post
2513 5624 2990 5682 structum'enim
3043 5624 3452 5703 Xenodochium

1882 5695 2050 5757 unum
2082 5695 2382 5757 alterumve
2414 5715 2616 5755 annum
2648 5708 2858 5753 tantum
2889 5695 3216 5767 supervixit.
