4188 6310
747 352 846 414 291

2047 346 2335 406 MENSIS
2375 346 2681 408 JUNIUS.

3909 335 4014 397 292

751 478 899 521 ctum
971 466 1089 532 ejus
1161 475 1363 531 corpus
1439 461 1736 530 deponitur
1811 460 2212 516 honorabiliter
2275 462 2327 514 in

2447 462 2677 531 μεγίστῳ
2717 458 2830 530 ναῷ
2864 457 3087 513 Μωκίου
3121 458 3211 510 τοῦ
3242 456 3520 526 μάρτυρος
3563 455 3893 518 πανσέπτως
3923 457 4012 522 ἑγ-

748 558 984 612 maximo
1030 557 1232 625 templo
1284 554 1441 608 Mocii
1499 554 1754 623 martyris
1793 553 1891 623 (7),
1944 561 2132 623 utpote
2178 552 2325 622 quod

750 665 974 719 magnus
1006 648 1097 702 ille
1129 648 1398 714 Sampson
1436 661 1503 698 ex
1542 661 1607 699 eo
1660 644 1942 697 diceretur
1990 645 2205 698 trahere
2237 659 2332 697 co-

747 742 1081 811 gnationem,
1119 754 1227 792 non
1273 753 1510 807 corpore
1566 737 1762 795 solum,
1818 738 1911 790 sed
1962 738 2130 792 multo
2160 737 2331 803 magis

747 835 934 887 animo
987 841 1042 885 et
1098 832 1367 885 moribus.
1424 830 1595 895 Quam
1640 830 1825 882 multis
1898 840 2079 882 autem
2151 831 2333 883 clarus

753 925 919 977 fuerit
949 922 1251 983 miraculis,
1279 923 1371 990 qui
1406 922 1567 975 estin
1624 922 1788 974 rebus
1815 922 2072 975 omnibus
2100 923 2332 974 maxime

749 1019 1112 1081 admirabilis,
1151 1034 1257 1071 non
1296 1019 1350 1071 in
1397 1017 1506 1070 vita
1561 1018 1759 1080 solum,
1810 1016 1903 1070 sed
1953 1018 2117 1069 etiam
2153 1017 2325 1070 multo

753 1111 921 1179 magis
956 1121 1075 1179 post
1115 1117 1370 1172 mortem,
1422 1124 1603 1177 neque
1660 1109 1840 1177 lingua
1890 1116 2072 1176 potest
2120 1107 2326 1169 dicere,

752 1216 929 1270 neque
972 1203 1123 1255 auris
1154 1200 1464 1254 admittere.
1508 1199 1796 1264 Quomodo
1836 1200 2006 1263 enim,
2036 1200 2194 1268 cujus
2231 1215 2333 1254 nec

751 1295 808 1347 in
864 1295 1189 1348 hodiernum
1246 1296 1469 1361 quidem
1518 1295 1663 1347 diem
1718 1293 2085 1348 constiterunt
2130 1292 2334 1347 ﬂuenta

748 1388 1184 1440 miraculorum?
1229 1387 1338 1438 Imu
1391 1401 1520 1439 vero
1575 1401 1676 1439 nec
1734 1387 2037 1443 consistent
2086 1385 2332 1455 quidem,

749 1477 925 1531 donec
957 1479 1049 1532 ille
1076 1479 1219 1531 idem
1255 1480 1441 1542 fuerit,
1482 1488 1536 1532 et
1567 1476 1814 1547 ejusdem
1846 1478 2241 1533 misericordia:
2266 1478 2333 1531 ad

753 1571 1204 1625 intercedendum
1245 1588 1346 1641 pro
1380 1570 1700 1624 hominibus
1738 1571 1880 1639 apud
1923 1572 2117 1624 Deum.
2153 1572 2333 1624 Pauca

749 1679 902 1731 ergo,
927 1664 970 1715 si
1000 1664 1239 1727 videtur,
1268 1664 1332 1716 ad
1364 1665 1457 1717 Dei
1488 1665 1738 1731 gloriam,
1775 1672 1829 1717 et
1861 1680 2074 1726 eorum,
2108 1664 2201 1732 qui
2232 1680 2335 1717 au-

754 1755 934 1818 diunt,
976 1757 1395 1811 delectationem
1430 1773 1494 1811 ac
1526 1758 1813 1811 utilitatem
1858 1773 1924 1811 ex
1958 1758 2024 1812 iis
2057 1774 2178 1827 qum
2211 1768 2337 1827 post

2434 551 2815 605 κατατίθεται·
2853 550 2949 603 ἂτε
2994 549 3057 618 δὴ
3086 548 3180 600 καὶ
3229 548 3551 615 συγγένειαν
3590 548 3770 600 ἕλκειν
3803 547 4011 600 ἐκεῖθεν

2434 643 2525 695 τοῦ
2570 644 2824 709 Μεγάλου
2880 639 3276 709 φημιζομένου,
3334 638 3429 692 καὶ
3477 640 3689 702 οἰκείως
3742 640 3908 709 ἔχειν,
3949 640 4009 692 οὐ

2438 736 2577 787 κατὰ
2639 735 2797 803 σῶμα
2860 733 3041 801 μόνον,
3080 732 3216 784 ἀλλὰ
3278 732 3370 782 καὶ
3430 730 3589 782 πλέον
3651 731 3789 783 κατὰ
3831 731 4010 801 ψυχὴν

2434 828 2636 898 δηλαδὴ
2675 830 2769 880 καὶ
2816 829 2944 890 τοὺς
2980 828 3233 895 τρόπους.
3268 825 3454 887 Ὅσοις
3482 823 3537 876 δὲ
3588 825 3698 884 τοῖς
3738 823 4013 892 θαύμασιν

2435 920 2699 988 ἐδοξάσθη
2729 922 2755 971 ὁ
2793 920 2860 971 τὰ
2897 922 3072 972 πάντα
3108 916 3580 987 θαυμασιώτατος,
3613 917 3672 969 οὐ
3726 919 3867 968 κατὰ
3914 916 4009 986 τὴν

2434 1012 2673 1065 ἐνταῦθα
2704 1011 2848 1081 ζωὴν
2885 1011 3090 1073 ἁπλῶς,
3122 1012 3257 1064 ἀλλὰ
3283 1010 3420 1081 μετὰ
3450 1010 3540 1061 τὸν
3575 1010 3801 1061 θάνατον
3834 1008 4011 1077 παλλῷ

2438 1105 2661 1175 μᾶλλον,
2684 1102 2807 1155 οὔτε
2833 1102 3047 1170 γλῶττα
3076 1103 3271 1171 δυνατὴ
3302 1102 3500 1169 λέγειν,
3530 1099 3650 1152 οὔτε
3673 1099 3808 1168 ἀκοὴ
3840 1117 4011 1170 παρα-

2435 1198 2703 1266 δέχεσθαι.
2742 1194 2865 1257 Πῶς
2899 1196 3028 1264 γὰρ,
3064 1193 3125 1246 οὐ
3168 1195 3297 1263 μηδὲ
3353 1194 3524 1263 μέχρέ
3555 1192 3647 1245 καὶ
3688 1190 3779 1243 νῦν
3825 1192 3874 1242 οἱ
3904 1190 4011 1242 τῶν

2438 1290 2734 1357 θαυμάτων
2769 1288 3006 1356 ἔστησαν
3040 1284 3244 1357 pone;
3271 1302 3285 1315 ·
3322 1287 3519 1354 μᾶλλον
3547 1285 3602 1337 δὲ
3637 1284 3756 1336 οὐδὲ
3789 1285 4013 1351 στήσον-

2436 1399 2550 1446 ται,
2580 1381 2683 1443 ἕως
2718 1380 2782 1433 ἂν
2812 1382 3019 1442 ἐκεῖνος
3050 1381 3075 1431 ὀ
3104 1379 3267 1440 αὐτὸς
3296 1373 3352 1450 ᾖ,
3380 1378 3473 1428 καὶ
3509 1380 3617 1441 τοῖς
3653 1378 3843 1439 αὐτοῖς
3875 1376 4013 1446 χρῆο

2439 1491 2528 1525 ται
2573 1473 2899 1541 σπλάγχνοις
2941 1472 3079 1542 ὑπὲρ
3107 1470 3409 1541 ἀνθρώπων
3460 1470 3594 1538 πρὸς
3630 1472 3760 1521 Θεὸν
3786 1469 4012 1537 διαπρε-

2439 1565 2796 1634 σϐευόμενοςς
2838 1564 3021 1631 Ὀλίγα
3048 1564 3249 1629 τοίνυν,
3280 1566 3326 1615 εί
3357 1562 3519 1624 δοκεῖ,
3548 1562 3681 1630 πρὸς
3704 1562 3859 1627 δόξαν
3879 1561 4011 1613 Θεοῦ

2440 1662 2535 1714 καὶ
2568 1662 2666 1731 τὴν
2709 1662 2816 1711 τῶν
2853 1661 3162 1712 ἀκουόντων
3197 1658 3386 1729 ἡδονὴν
3441 1659 3530 1709 καὶ
3578 1657 3875 1725 ὠφέλειαν,
3907 1656 4013 1708 τῶν

2444 1757 2583 1825 μετά
2627 1756 2721 1827 τὴν
2770 1753 3016 1807 ἐντεῦθεν
3045 1754 3208 1809 αὑτοῦ
3247 1752 3537 1824 μετάθεσιν
3586 1753 3897 1820 γενομένων
3940 1749 4014 1818 τῷ

749 1848 868 1916 ejus
937 1850 1063 1904 hinc
1136 1866 1420 1905 excessum
1508 1849 1652 1905 facta
1726 1860 1895 1918 sunt,
1967 1859 2335 1921 prosequatur

2447 1851 2582 1919 λόγῳ
2614 1848 3010 1920 μεταληπτέον.

749 1941 950 1996 oratio.

2208 2102 2435 2158 CAPUT
2494 2103 2559 2157 II.

2006 2224 2275 2279 Miracula
2330 2235 2443 2296 post
2507 2236 2748 2278 mortem.

820 2381 915 2438 XI.
954 2383 1016 2437 Et
1050 2382 1288 2452 primum
1336 2382 1558 2451 quidem
1609 2383 1702 2448 sit,
1753 2382 1900 2452 quod
1946 2392 2001 2436 et
2029 2384 2344 2438 multaelin—

755 2493 872 2546 gum
918 2486 1144 2539 canunt,
1196 2485 1249 2530 et
1304 2475 1431 2530 libri
1482 2475 1689 2537 ferunt,
1737 2484 1791 2529 et
1838 2490 2032 2529 omnes
2071 2478 2338 2543 credunt,

758 2569 903 2637 quod
939 2569 993 2623 in
1029 2567 1277 2637 populari
1330 2568 1589 2629 tumultu,
1640 2568 1904 2624 adversus
1945 2570 2339 2637 Iustinianum,

756 2678 1013 2731 magnum
1046 2662 1200 2715 illum
1238 2669 1294 2716 et
1343 2662 1708 2716 clarissimum
1754 2663 2137 2732 imperatorem
2187 2665 2338 2719 exei-

755 2763 888 2815 tato,
936 2753 1139 2807 accidit
1189 2754 1290 2823 (8).
1359 2753 1456 2808 lllo
1534 2762 1783 2823 tempore
1836 2753 2336 2806 audacissimorum

755 2854 917 2913 atque
966 2844 1239 2912 imprimis
1303 2845 1721 2897 temerariorum
1782 2843 2069 2897 hominum
2116 2858 2335 2909 manus,

758 2933 935 3001 ignem
962 2932 1223 2996 ferentes,
1260 2931 1707 3000 praeclarissimas
1750 2941 1805 2986 et
1858 2932 2157 2987 ditissimas
2191 2933 2337 2987 mdes

756 3021 1185 3093 aggrediuntur,
1221 3032 1385 3091 atque
1442 3022 1771 3093 principium
1824 3023 2084 3079 incendio
2125 3024 2260 3077 dant
2312 3039 2340 3077 a

758 3112 994 3166 maximo
1047 3113 1251 3182 templo
1287 3113 1383 3167 Dei
1430 3114 1672 3181 SOphia,
1720 3114 1868 3181 quod
1898 3130 2020 3167 cum
2056 3116 2109 3167 in
2151 3116 2339 3168 orbem

758 3204 941 3257 omnia
984 3204 1281 3265 exedisset,
1339 3204 1537 3257 deinde
1585 3219 1815 3276 serpens
1862 3207 2014 3260 venit
2060 3222 2234 3276 usque
2274 3210 2340 3261 ad

758 3295 1047 3365 praeclaras
1074 3293 1219 3349 aedes
1255 3294 1427 3349 divini
1459 3295 1795 3365 Sampsonis,
1822 3306 1875 3352 et
1908 3307 2109 3352 tectum
2147 3300 2344 3369 arripit
2372 3324 2413 3381 ο

758 3388 1036 3452 celeriter,
1078 3394 1133 3440 et
1176 3384 1420 3441 fremens
1451 3388 1683 3442 ulterius
1720 3390 1972 3458 procedit
2006 3407 2017 3441 :
2054 3391 2338 3445 existima-

758 3481 1028 3549 baturque
1060 3480 1197 3542 fore.
1237 3488 1298 3533 ut
1353 3495 1478 3533 mox
1518 3488 1629 3533 tota
1676 3481 1871 3535 domus
1919 3484 2143 3535 omnino
2205 3484 2343 3535 inte-

764 3576 918 3626 riret.
973 3572 1114 3637 Quid
1159 3587 1290 3638 ergo
1334 3585 1419 3626 est
1465 3582 1651 3640 postea
1705 3572 2112 3625 consecutum?
2161 3573 2345 3625 Multae

762 3664 983 3732 quidem
1010 3680 1076 3717 ex
1107 3663 1338 3717 adverso
1369 3664 1423 3716 in
1457 3680 1523 3717 eo
1549 3664 1911 3715 movebantur
1941 3678 2137 3717 manus
2180 3673 2345 3731 gratae

761 3766 816 3809 et
860 3756 985 3826 piae,
1035 3756 1168 3809 nihil
1218 3771 1327 3809 non
1381 3754 1664 3819 facientes,
1714 3754 1853 3809 nihil
1904 3772 2013 3809 non
2056 3756 2346 3810 molientes

764 3866 957 3903 eorum
988 3865 1110 3919 quae
1144 3859 1373 3919 possunt
1407 3850 1523 3903 ﬁeri
1559 3850 1625 3903 ad
1662 3851 1802 3919 ignis
1833 3848 2201 3903 cohibendum
2245 3849 2346 3900 im-

765 3951 971 4010 petum.
1010 3940 1115 3994 Sed
1158 3942 1361 3994 malum
1411 3950 1530 3993 erat
1578 3941 2027 4008 inexpugnabile,
2076 3951 2131 3991 et
2180 3954 2344 3992 omne

766 4029 1062 4097 superabat
1114 4031 1402 4083 auxilium.
1450 4030 1701 4083 Vincitur
1749 4040 1953 4090 tamen,
2011 4040 2066 4084 et
2123 4044 2189 4083 eo
2242 4028 2348 4081 fuit

765 4122 1042 4191 potentior
1066 4136 1198 4175 cura
1250 4122 1428 4192 magni
1481 4121 1820 4192 Sampsonis.
1876 4125 2121 4178 Fuerunt
2167 4122 2340 4186 enim,

768 4216 1008 4279 fuerunt,
1038 4217 1129 4283 qui
1162 4225 1293 4269 tunc
1322 4216 1471 4285 digni
1509 4227 1637 4270 sunt
1664 4217 1839 4269 habiti
1874 4218 2121 4270 divinum
2157 4219 2345 4271 videre

767 4306 1122 4375 Sampsonem
1165 4323 1262 4375 per
1308 4317 1509 4361 tectum
1556 4310 1917 4362 circumcirca
1960 4311 2341 4369 cursitantem,

769 4409 824 4448 et
884 4398 1060 4465 ignem
1114 4397 1509 4465 increpantem,
1566 4408 1623 4454 et
1673 4400 1841 4453 veluti
1889 4399 2236 4460 frementem,
2292 4410 2348 4454 et

775 4488 1172 4543 admirabiliter
1222 4491 1341 4560 ejus
1387 4490 1649 4560 impetum
1714 4494 2111 4548 retardantem.
2177 4493 2346 4562 Cujus

773 4580 993 4649 quidem
1035 4591 1255 4649 aspectu
1299 4583 1440 4649 ignis
1482 4584 1653 4635 veluti
1708 4584 2121 4650 obstupefactus
2168 4596 2346 4639 retro-

780 4672 977 4726 cessit:
1007 4671 1206 4727 deinde
1242 4688 1365 4727 cum
1400 4674 1606 4728 tonitru
1652 4685 1877 4745 repente
1917 4677 2210 4743 erupisset,
2254 4693 2340 4729 co-

2451 4684 2677 4747 άναχαιτ
2690 4681 2886 4745 ίζοντα,
2947 4674 3007 4731 οἶ)

774 4765 926 4831 piosa
970 4779 1187 4832 quoque
1241 4764 1448 4816 allluxit
1497 4767 1700 4833 pluvia,
1739 4780 1845 4829 quo
1887 4766 2088 4821 factum
2138 4775 2244 4831 est,
2291 4778 2351 4822 ut

774 4856 914 4924 ignis
963 4856 1432 4925 exstingueretur,
1471 4866 1526 4910 et
1579 4856 1775 4911 domus
1828 4868 2250 4912 conservaretur
2286 4860 2351 4913 il-

773 4947 896 5002 laesa
926 4956 1124 5019 prwter
1167 4957 1368 5003 tectum
1409 4950 1507 5019 (9).

775 5275 1069 5397 Μρδγώρε
1142 5274 1198 5330 S.
1268 5275 1443 5331 Mucio
1515 5287 1752 5349 martyre
1832 5290 2018 5336 aetum
2094 5290 2178 5334 est
2256 5280 2344 5333 die

938 5362 1029 5401 illi.

846 5414 920 5491 (β)
956 5416 1077 5470 Haec
1113 5418 1308 5491 seditio
1341 5418 1477 5471 facta
1510 5426 1595 5473 est
1622 5435 1766 5474 anno
1794 5438 1823 5472 ν
1845 5420 2163 5483 Iustiniani,
2184 5431 2345 5491 atque

771 5483 1003 5539 excitata
1042 5496 1178 5561 esta
1213 5488 1545 5561 Vieloriatis,
1584 5492 1657 5544 ita
1700 5494 2008 5559 appellatis,
2054 5492 2199 5560 quod
2244 5483 2345 5561 pro

774 5563 979 5607 tessera
1016 5560 1073 5607 τὸ
1101 5558 1244 5609 Νίκα
1278 5557 1451 5620 Vince,
1498 5557 1865 5615 assutnerent.
1903 5557 2209 5615 Hanc'l'use
2241 5557 2337 5617 de-

771 5621 1021 5700 SCI-ibunt
1062 5629 1360 5700 Procopius
1406 5630 1480 5683 De
1512 5630 1644 5683 bello
1698 5632 1845 5686 Pers.
1893 5634 1989 5687 lib.
2028 5649 2062 5694 ι,
2099 5648 2217 5700 cap.
2247 5636 2337 5697 “li,

773 5703 829 5772 et
885 5697 1178 5775 (glironicon
1236 5697 1659 5755 Alexandrinum
1709 5705 1774 5757 ad
1830 5720 2033 5756 annum
2087 5719 2117 5755 ν
2164 5697 2341 5759 lusti-

773 5778 945 5829 manu,
973 5778 1078 5823 ctc.

2519 2382 2619 2437 lA'.
2646 2383 2754 2435 Καὶ
2790 2382 3002 2452 πρῶτόν
3034 2397 3095 2449 γε
3136 2379 3310 2443 τοῦτο,
3342 2380 3369 2431 ὃ
3416 2380 3509 2432 καὶ
3560 2379 3797 2446 γλῶτται
3829 2380 4021 2433 πολλαὶ

2446 2478 2650 2549 ᾅδουσι,
2679 2478 2774 2529 καὶ
2808 2475 2977 2546 βίϐλοι
3010 2478 3257 2544 φέρουσι,
3304 2474 3395 2525 καὶ
3432 2473 3629 2534 πάντες
3678 2473 4017 2538 πιστεύουσι,

2446 2571 2541 2624 καὶ
2593 2572 2619 2623 ὂ
2674 2571 2812 2623 κατὰ
2871 2570 2970 2638 τὴν
3015 2567 3108 2620 τοῦ
3160 2567 3421 2636 μεγάλου,
3454 2569 3620 2635 φημὶ,
3658 2568 3752 2618 καὶ
3792 2566 3937 2635 μέγα
3966 2570 4022 2620 ὲν

2449 2664 2729 2734 βασιλεῦσι
2789 2662 3101 2730 λάμψαντος
3147 2662 3526 2715 Ὶουστινιανοῦ
3576 2661 3669 2713 τοῦ
3715 2663 3890 2733 δήμου
3932 2682 4023 2731 φο-

2450 2754 2567 2823 ρὰν,
2595 2754 2715 2823 ἥτις
2747 2770 2809 2821 γε
2847 2752 2965 2805 κατ’
3001 2752 3161 2804 αὑτοῦ
3214 2755 3462 2822 συνέστη,
3494 2755 3742 2820 γενέσθαι
3784 2758 3983 2822 συνέσῃ
4006 2771 4020 2787 ·

2446 2843 2542 2896 καὶ
2581 2844 2725 2905 ὅπως
2772 2841 3065 2910 πάντολμοί
3108 2858 3251 2901 τινες
3282 2844 3459 2911 χεῖρες
3496 2842 3592 2895 καὶ
3637 2844 4022 2911 φιλοκίνδυνοι,

2448 2930 2557 3001 πῦρ
2594 2931 2890 2998 ἀνάψασαι,
2922 2934 3031 2993 τοῖς
3072 2932 3341 3002 λαμπροῖς
3380 2932 3488 2984 τῶν
3524 2932 3687 2985 οἴκων
3722 2933 3822 2987 καὶ
3866 2936 4028 2987 πολυο

2466 3023 2695 3094 ίρύσοις,
2733 3024 2876 3076 κατὰ
2917 3025 2976 3076 τὸ
3016 3024 3294 3095 ἐξαίρετον
3342 3027 3696 3080 ἐπιτίθενται.
3759 3030 4025 3097 Ἀρχεται

2451 3117 2548 3183 μὲν
2587 3114 2675 3167 οὖν
2707 3116 2768 3167 τὸ
2810 3116 2977 3168 κακὸν
3021 3117 3126 3168 ἀπὸ
3171 3117 3264 3169 τοῦ
3316 3118 3573 3186 μεγίστου
3619 3119 3746 3172 ναοῦ
3796 3122 3896 3189 τῆς
3933 3120 4024 3172 τοῦ

2447 3202 2581 3254 Θεοῦ
2612 3204 2829 3271 Σοφίας,
2864 3205 2958 3255 καὶ
2983 3205 3050 3257 τὰ
3078 3206 3261 3275 κύκλῳ
3286 3208 3607 3277 διανεμηθέν
3633 3210 3875 3275 ἅπαντα,
3913 3209 4028 3264 εἶτα

2448 3298 2541 3345 καὶ
2571 3296 2732 3367 μέχρι
2762 3295 2854 3348 τοῦ
2891 3296 3147 3365 λαμπροῦ
3175 3296 3327 3349 τοῦδε
3372 3299 3521 3352 οἴκου
3557 3300 3649 3352 τοῦ
3689 3301 3838 3355 θείου
3884 3305 4030 3372 Σαμ-

2450 3387 2566 3456 ψὼν
2596 3388 2762 3458 ἕρπον
2793 3388 3034 3460 ἔρχεται,
3080 3390 3173 3443 καὶ
3217 3392 3315 3459 τῆς
3347 3392 3551 3462 ὀροφῆς
3582 3392 3747 3457 ὀξέως
3792 3395 4031 3464 ἐπιλαμο

2451 3483 2671 3535 6άνεται
2704 3486 2795 3537 καὶ
2825 3485 2884 3537 τὸ
2920 3486 3255 3555 προσωτέρω
3301 3485 3501 3556 βρέμον
3555 3489 3736 3557 ἐπῄει,
3784 3489 4030 3554 ἐπίδοξὸν

2452 3590 2511 3623 τε
2570 3570 2637 3641 ἦν
2684 3576 2805 3625 ὅσον
2849 3574 3023 3637 οὔπω,
3068 3576 3161 3625 καὶ
3202 3576 3481 3639 παντελῶς
3528 3577 3717 3630 θέσθαι
3764 3582 3847 3650 τῷ
3880 3584 4033 3647 ὀἴκῳ

2454 3663 2681 3732 φθοράν.
2710 3663 2775 3713 Τί
2803 3664 2981 3716 τοίνυν
3014 3666 3073 3714 τὸ
3104 3665 3241 3732 μετὰ
3279 3665 3491 3730 ταῦτα;
3524 3667 3718 3719 πολλαὶ
3750 3671 3852 3736 μὲν
3886 3673 4034 3722 ἀντι-

2456 3755 2703 3825 στρόφως
2760 3758 2878 3815 ταῖς
2921 3755 3322 3825 προλαϐοῦσαις
3367 3758 3643 3811 ἐκινοῦντο
3693 3764 3826 3830 περὶ
3873 3764 4033 3816 αὐτὶν

2451 3851 2628 3919 χεῖρες
2661 3848 3030 3917 φιλοχάριστοι
3066 3849 3160 3902 καὶ
3194 3850 3589 3921 φιλάνθρωποι,
3622 3853 3674 3906 τί
3717 3854 3796 3925 μὴ
3847 3856 4033 3909 ποιοῦο

2455 3956 2562 4004 σαι,
2599 3943 2690 3991 καὶ
2716 3941 2771 3991 τί
2792 3942 2898 3991 τῶν
2937 3941 3187 4007 γενέσθαι
3222 3942 3537 4012 δυναμένων
3600 3947 3659 3999 οὐ
3697 3950 4030 4019 μηχανώμε-

2455 4044 2542 4078 ναι
2584 4028 2718 4096 πρὸς
2754 4028 3036 4098 ἐπίσχεσιν
3080 4030 3177 4097 τῆς
3213 4032 3304 4083 τοῦ
3337 4037 3506 4104 πυρὲς
3551 4035 3763 4104 ῥύμης·
3806 4039 3943 4089 ἀλλὰ
3976 4040 4033 4089 τὸ

2454 4117 2623 4171 δεινὸν
2678 4118 2887 4190 ἄμαχον
2958 4116 3048 4191 ἦν,
3116 4124 3209 4174 καὶ
3266 4125 3444 4193 πάσης
3501 4126 3852 4193 ἰσχυρότερον
3906 4128 4033 4198 βοη-

2455 4212 2604 4275 θείας
2627 4229 2640 4242 ·
2670 4214 2898 4281 ἡττᾶται
2924 4213 2967 4264 δ’
2997 4209 3090 4267 οὖν
3122 4215 3291 4284 ὅμως,
3317 4219 3409 4266 καὶ
3434 4218 3693 4284 κρείττων
3723 4219 3755 4286 ή
3783 4219 3877 4271 τοῦ
3919 4223 4028 4273 Με-

2452 4305 2617 4374 γάλου
2651 4306 2956 4373 προστασία
2999 4306 3230 4372 γίνεται.
3270 4302 3449 4361 Ἦσαν
3480 4309 3607 4377 γὰρ,
3652 4304 3817 4379 ἦσαν,
3855 4313 3906 4365 οἳ
3946 4317 4033 4365 τὶν

2454 4401 2596 4452 θεῖον
2626 4398 2744 4448 τότε
2768 4396 3007 4465 Σαμψὼν
3031 4396 3278 4466 ἠξιοῦντο
3298 4397 3540 4469 θεωρεῖν,
3565 4404 3750 4476 κύκλῳ
3773 4404 3875 4475 τῆς
3909 4408 4032 4476 ὁρο-

2456 4495 2560 4561 φῆς
2599 4490 2945 4563 περιθέοντα,
2983 4492 3322 4561 ἐπιτιμῶντά
3350 4512 3406 4547 τε
3448 4495 3526 4565 τῷ
3556 4500 3707 4564 πυρὶ,
3741 4501 3837 4551 καὶ
3868 4502 4032 4551 ΟἱίνΞί

2456 4586 2901 4655 ἐμϐριμώμενον,
2958 4585 3052 4637 καὶ
3110 4587 3209 4654 τῆς
3270 4589 3447 4658 ὁρμῆς
3511 4589 3658 4656 αὐτῷ
3712 4592 4033 4658 παραδόξως

3096 4680 3186 4731 καὶ
3239 4680 3337 4751 τὴν
3406 4681 3534 4732 θέαν
3607 4683 3784 4733 ἐκεῖνο
3843 4684 4033 4753 ὥσπερ

2452 4772 2824 4838 καταπλαγὲν,
2862 4773 2939 4833 είς
2968 4771 3212 4824 τούπίσω
3245 4790 3301 4823 τε
3347 4772 3562 4842 ἐχώρει,
3600 4776 3693 4826 καὶ
3727 4776 4031 4829 ἀνεκόπτε-

2451 4881 2541 4916 το·
2576 4866 2766 4919 ἔπειτα
2796 4867 3023 4936 βροντῆς
3053 4866 3252 4937 ἀθρόον
3288 4867 3766 4937 καταρῤαγούσης,
3799 4870 4031 4939 ὄμϐρος,

2449 4954 2560 5021 οἷος
2587 4958 2813 5026 δαψιλὴς
2838 4959 3100 5030 ἐπερρύη,
3135 4960 3211 5020 ὼς
3231 4958 3500 5022 ἐντεῦθεν,
3536 4960 3593 5011 τὸ
3625 4962 3723 5028 μὲν
3756 4964 3867 5031 πῦρ
3901 4965 4034 5013 ἀπο-

2454 5050 2665 5108 σϐέσαι,
2699 5048 3027 5116 διασωθῆναι
3055 5051 3108 5100 δὲ
3138 5051 3231 5101 καὶ
3270 5050 3358 5102 τὸν
3389 5045 3534 5102 οἶκον
3579 5051 3718 5117 πλὴν
3763 5053 3864 5119 τῆς
3908 5055 4033 5124 dpo-

2452 5146 2558 5211 φῆς
2586 5140 2793 5209 ἀπαθῆ.

2523 5279 2597 5349 (9)
2632 5278 2745 5335 Hoc
2794 5281 3118 5334 miraculum
3158 5297 3298 5351 teng
3351 5279 3636 5335 conciliari
3696 5292 3879 5350 potest
3906 5298 4033 5336 cum

2451 5352 2711 5417 eo,quod
2763 5353 2927 5405 habet
2970 5352 3279 5406 Chroniron
3331 5352 3701 5419 praecitatum,
3748 5368 4028 5411 asserens,

2450 5422 2595 5489 quod
2636 5423 2689 5474 in
2746 5424 3007 5492 pracdicto
3066 5424 3299 5475 tumultu
3357 5425 3637 5490 pepulari.
3694 5422 3878 5474 Ξενὼν
3935 5424 4032 5474 τοῦ

2451 5492 2687 5559 Σαμψὼν
2718 5498 2743 5544 ὁ
2772 5494 2946 5559 μέγας
2974 5494 3202 5559 ἐκαύθη.
3246 5492 3336 5542 καὶ
3367 5494 3646 5545 ἀπώλοντο
3687 5494 3736 5544 ei
3777 5496 3833 5544 ἐν
3876 5494 4032 5562 αὐτῷ

2453 5565 2800 5633 ἀνακείμενοι
2831 5566 3121 5633 ἄρρωστοι.
3154 5563 3403 5632 Magnum
3435 5563 3759 5631 Sampsonis
3785 5563 4034 5618 xenodo-

2451 5632 2635 5685 chiutn
2673 5632 3046 5701 conﬂagravit,
3088 5642 3143 5687 cl
3191 5634 3519 5689 interierunt
3568 5635 3665 5705 qui
3715 5639 3769 5691 in
3808 5636 3905 5691 illo
3939 5637 4039 5689 de-

2451 5705 2785 5757 cumbcbant
2807 5706 3029 5757 inlirmi.
