4188 6310
216 385 318 445 Ξ93

1436 381 1615 440 VlTA
1658 379 1719 439 S.
1774 373 2221 439 SAMPSONIS.

3337 368 3444 430 294

280 496 379 548 IB'.
421 493 773 564 Προσκείσθω
803 493 897 546 καὶ
929 492 1091 562 ἕτερα
1124 489 1231 543 τῶν
1262 489 1579 559 θαυμάτων,
1614 489 1671 540 οὑ
1707 484 1774 538 τὰ

1949 483 2062 537 Xll.
2091 481 2430 552 Adjiciantur
2462 484 2564 536 alia
2590 495 2809 551 quoque
2851 479 3133 548 miracula,
3175 498 3283 537 non
3323 498 3444 553 quae

213 589 421 650 πολλοῖς
443 589 708 658 πρότερον
742 578 1009 657 γενόμενα
1038 585 1269 655 χρόνοις,
1300 583 1365 636 δι’
1393 582 1625 651 ἀπορίαν
1656 597 1775 632 και-

211 680 315 733 νῶν
348 682 440 733 καὶ
468 678 796 749 προσφάτων
828 677 970 743 (οὐδὲ
1006 678 1113 745 γὰρ
1143 675 1487 728 ἐκλείπουσιν
1523 672 1651 741 ἄχρι
1683 673 1776 722 καὶ

212 772 303 826 νῦν
330 773 436 825 τῶν
469 770 730 840 ποταμῶν
752 768 1059 839 μιμούμενα
1088 768 1214 829 τοὺς
1240 766 1462 833 ῥέοντας
1490 763 1772 828 ἀεννάως),

212 865 344 918 ἀλλὰ
378 867 444 916 τὰ
476 862 657 932 μικρῷ
687 860 918 930 πρόσθεν
958 858 1322 927 γεγενημένοι,
1357 858 1440 909 ἵνα
1481 856 1572 907 καὶ
1619 854 1777 905 πλέον

212 955 353 1007 οὑτω
383 955 548 1007 πιστὰ
588 956 695 1021 εἴη,
727 954 798 1002 τὰ
837 951 933 1019 μὲν
973 950 1170 1011 αὑτοὺς
1202 949 1443 1010 ἐκείνους
1482 945 1776 1015 διηγουμέ-

211 1064 333 1107 νους
369 1045 576 1114 ἔχοντα,
605 1044 731 1104 τοὺς
759 1042 865 1093 τῶν
898 1042 1133 1110 χαρίτων
1164 1040 1561 1107 ἀποναμένουζ,
1603 1036 1774 1104 γλώτ-

210 1155 307 1199 τας
338 1134 653 1202 φιλαλήθεις
703 1133 798 1184 καὶ
826 1132 904 1201 τῷ
932 1131 1117 1199 ψεύδει
1154 1130 1501 1181 παντάπασιν
1535 1126 1777 1195 ἀπεχθα-

214 1228 441 1298 νομένας
470 1244 481 1255 ·
509 1226 575 1278 τὰ
604 1226 659 1278 δὲ
706 1226 831 1286 τοὺς
853 1226 999 1292 γένει
1028 1225 1400 1293 προσήκοντας
1437 1222 1468 1289 ἢ
1500 1220 1776 1288 ὑπηρετή-

212 1336 411 1381 σαντας
461 1319 492 1389 ἢ
540 1317 715 1378 ἄλλως
760 1316 1141 1385 ᾠκειωμένους
1183 1314 1365 1374 αὐτοῖς
1408 1310 1632 1370 ἐκείνοις
1662 1311 1776 1369 τοῖς

208 1412 316 1463 τῶν
352 1411 644 1479 θαυμάτων
673 1406 1119 1475 πεπειραμένοις.
1153 1405 1360 1456 Αὐτίκα
1388 1401 1517 1471 γοῦν
1567 1400 1774 1452 Θεοδώ-

211 1519 379 1571 ριτος,
416 1502 445 1552 6
481 1502 554 1568 τῷ
583 1494 1304 1566 Σπαθαροκουδικουλαρίων
1336 1493 1650 1563 διαπρέπων
1677 1492 1773 1544 τά·

211 1609 403 1660 γματι,
432 1585 474 1658 ᾧ
501 1590 663 1660 πολλή
704 1605 767 1656 γε
794 1590 825 1657 ἡ
857 1587 1025 1657 ἀρετὴ
1061 1587 1440 1656 μαρτυρεῖται,
1472 1584 1775 1653 χρηστότης

211 1686 353 1753 μετὰ
407 1685 507 1753 τῆς
576 1682 857 1751 ἀληθείας,
914 1679 1007 1732 καὶ
1069 1676 1439 1748 μετριοπαθὴς
1485 1676 1773 1727 ἐπιείκεια.

207 1771 377 1837 Οὗτος
444 1775 722 1843 ὑπηρέτης
773 1769 861 1841 ἦν,
913 1772 1005 1823 καί
1061 1768 1351 1837 ὑπηρετῶν
1426 1767 1773 1829 οἰκειότατος,

208 1867 436 1925 Λέοντος
471 1864 678 1914 ἐκείνου
714 1865 877 1930 φημὶ,
908 1860 967 1910 ὃν
1009 1863 1036 1911 6
1090 1859 1198 1930 τῷν
1243 1858 1552 1927 Πατρικίων
1583 1876 1642 1910 τε
1687 1859 1778 1910 καὶ
1813 1840 1850 1894 Β

208 1956 584 2027 πραιποσίτων
629 1950 742 2025 εἶχε
777 1952 954 2023 χορὸς,
1017 1951 1108 2003 καὶ
1159 1951 1215 2013 ὃς
1264 1949 1498 2020 μετῆλθε
1550 1950 1649 2018 μὲν
1686 1950 1776 2001 τὸν

207 2052 300 2104 τοῦ
337 2047 705 2117 Δρουγγαρίου
748 2045 857 2097 τῶν
896 2045 1178 2114 πλωῖμων,
1209 2042 1438 2113 μετῆλθε
1466 2040 1520 2093 δὲ
1554 2041 1646 2092 καὶ
1676 2040 1775 2109 τὴν

208 2145 302 2196 τοῦ
335 2142 632 2209 Λογοθέτου
672 2138 764 2191 τοῦ
789 2139 989 2208 δρόμου
1021 2136 1214 2207 ἀρχὴν,
1256 2136 1338 2202 ἐφ’
1448 2133 1542 2185 καὶ
1583 2132 1775 2201 τέθνη-

204 2253 305 2289 κεν
337 2237 396 2287 οὑ
441 2234 601 2284 πλέον
637 2230 774 2298 μετὰ
804 2230 895 2282 τὸν
922 2230 1131 2282 ἐκείνου
1162 2227 1410 2291 θάνατον,
1440 2224 1472 2293 ἢ
1517 2223 1680 2294 μῆνες
1715 2221 1776 2274 τδ

206 2328 485 2395 μέγιστον,
530 2325 710 2376 πέντε.
756 2321 942 2391 Τούτῳ
978 2317 1265 2387 τοιγαροῦν
1307 2316 1385 2386 τῷ
1436 2314 1775 2384 Θεοδωρίτῳ,

211 2420 306 2470 καί
332 2415 514 2485 ἕτερος
544 2411 611 2485 ἦν
636 2413 812 2484 [Λέων
832 2408 1093 2481 τοῦνομα]
1119 2412 1224 2463 τῶν
1257 2406 1776 2476 συνυπηρετούντων

207 2516 288 2584 τῷ
314 2514 604 2582 περιφανεί
634 2512 841 2575 Λέοντι,
878 2508 1013 2560 ἀλλά
1044 2509 1139 2559 καὶ
1172 2505 1386 2567 οἰκείως
1424 2504 1655 2573 ἐχόντων
1686 2505 1778 2553 καὶ

209 2607 441 2661 ἰδιωτῶν
471 2622 580 2668 τις,
616 2597 1109 2672 πρωτοσπαθὰριός
1160 2612 1217 2646 τε
1265 2596 1373 2663 γὰρ
1422 2590 1510 2662 ἦν,
1560 2595 1654 2644 καὶ
1696 2591 1773 2652 ὠς

208 2698 442 2765 σύνηθες
473 2693 778 2762 ὀνομάζειν,
811 2690 904 2742 ἐπὶ
950 2686 1046 2740 τοῦ
1090 2685 1471 2752 Μαγκλαὸίου,
1514 2683 1666 2750 φίλος
1713 2699 1772 2734 τε

204 2791 284 2856 τῷ
325 2785 639 2852 Θεοδωρίτῳ
671 2783 727 2842 ἐς
751 2780 818 2834 τὰ
850 2777 1084 2850 μάλιστα
1117 2776 1210 2830 καὶ
1242 2775 1620 2844 συνυπηρέτης
1646 2774 1778 2843 ὁμό-

204 2883 404 2952 ψυχος.
436 2878 623 2949 Τούτῳ
651 2876 831 2928 τοίνυν
851 2874 928 2943 τῷ
959 2872 1146 2926 Λέοντι
1187 2872 1213 2921 ὁ
1245 2869 1609 2940 Δρουγγάριος
1640 2870 1780 2921 κατά

206 2994 333 3028 τινα
384 2972 658 3042 πρόφασιν
707 2967 1039 3038 χαλεπήνας,
1074 2963 1133 3027 ἐξ
1163 2962 1335 3031 ὄψεώς
1373 2979 1430 3012 τε
1478 2961 1651 3023 ἔθετο,
1689 2960 1780 3012 καὶ

211 3065 527 3136 παρρησίας
578 3059 741 3113 αὑτὸν
783 3057 1059 3126 ἀπέστησε
1114 3055 1215 3124 τῆς
1266 3053 1547 3122 συνήθους,
1590 3053 1778 3122 χρόνον

1879 576 2061 630 multis
2094 586 2220 630 ante
2255 577 2413 629 annis
2454 575 2592 630 facta
2632 584 2777 638 sunt,
2810 575 2955 643 quod
2996 575 3177 629 desint
3219 590 3357 629 nova
3388 588 3441 630 et

1878 668 2115 721 recentia
2151 670 2278 737 (non
2308 668 2454 721 enim
2488 667 2539 719 in
2568 666 2893 720 hodiernum
2930 682 3100 735 usque
3130 666 3275 719 diem
3309 666 3444 720 deli-

1877 762 2049 822 ciunt,
2100 768 2286 828 utpote
2330 772 2600 828 perennes
2648 758 2913 811 imitantia
2967 757 3351 829 ﬂuvios),.sed
3383 773 3445 810 ea

1877 869 1995 921 quae
2026 852 2192 920 paulo
2225 860 2347 905 ante
2394 851 2762 920 contigerunt,
2821 850 3053 917 ideoque
3096 859 3223 902 sunt
3273 850 3445 919 magis

1878 944 2204 1007 credibilia;
2268 957 2495 1012 quaeque
2548 943 2718 995 relata
2778 943 3018 999 luerunt.
3086 951 3199 994 tum
3244 941 3312 994 ab
3376 942 3444 995 iis

1878 1034 2031 1101 ipsis,
2061 1034 2153 1102 qui
2188 1032 2450 1086 beneﬁcia
2488 1032 2769 1085 consecuti
2802 1041 2951 1091 sunt,
3000 1032 3135 1084 viris
3160 1032 3437 1090 veridicis.

1877 1137 1932 1181 et
1959 1128 2136 1181 omnis
2178 1126 2441 1179 mendacii
2467 1125 2718 1179 osoribus
2759 1142 2771 1176 :
2822 1135 2934 1178 tum
2965 1126 3034 1180 ab
3074 1126 3199 1189 illis,
3231 1127 3323 1195 qui
3350 1138 3444 1179 aut

1878 1220 2292 1289 consanguinei,
2321 1227 2415 1272 aut
2440 1218 2649 1283 famuli,
2692 1226 2785 1271 aut
2819 1218 2977 1272 aliter
3004 1220 3301 1272 familiares
3330 1218 3446 1273 fue-

1880 1321 2006 1365 runt
2039 1313 2124 1372 iis,
2168 1313 2222 1365 in
2262 1311 2468 1379 quibus
2516 1311 2776 1364 miracula
2830 1320 3040 1380 patrata
3085 1320 3231 1364 sunt.
3287 1311 3445 1385 Adsit

1878 1401 2043 1469 igitur
2124 1401 2538 1464 Theodoritus,
2596 1400 3241 1470 Spatharocubicularius
3311 1404 3444 1457 insi-

1876 1491 1996 1560 gnis
2028 1491 2162 1561 (10),
2201 1492 2356 1560 cujus
2405 1491 2756 1545 testatissima
2801 1504 2883 1547 est
2932 1495 3128 1558 virtus,
3179 1492 3445 1561 probitas,

1876 1586 2166 1644 veracitas,
2213 1593 2268 1637 ct
2297 1600 2511 1639 summa
2552 1586 2719 1638 animi
2770 1585 3092 1641 moderatio.
3141 1587 3188 1641 Is
3221 1599 3340 1642 erat
3370 1589 3450 1642 fa-

1878 1675 2076 1737 mulus,
2116 1684 2170 1728 et
2207 1674 2536 1729 famulorum
2575 1677 3051 1741 familiarissimus,
3097 1687 3154 1732 et
3190 1680 3446 1734 fidelissi-

1877 1782 1999 1821 mus
2032 1766 2229 1820 Leonis
2268 1767 2435 1830 illius,
2469 1767 2563 1835 qui
2610 1778 2727 1820 erat
2752 1783 2816 1823 ex
2845 1768 3035 1822 ordine
3068 1769 3444 1836 patriciorum,

1880 1871 1934 1915 et
1958 1860 2400 1931 praepositorum,
2438 1860 2643 1929 quique
2674 1859 2842 1932 gessit
2873 1861 3248 1930 magistratum
3272 1861 3449 1915 Drun-

1878 1953 2011 2022 garii
2043 1951 2150 2021 (ll)
2181 1950 2609 2014 classiariorum,
2658 1966 2871 2006 necnon
2905 1953 3307 2006 ratiocinatoris
3335 1952 3446 2022 (Ιὲ)

1878 2062 2110 2110 cursus;
2145 2046 2199 2098 in
2240 2061 2349 2115 quo
2382 2045 2525 2098 diem
2559 2045 2756 2100 clausit
2798 2055 3128 2112 extremum,
3168 2064 3275 2101 non
3325 2064 3445 2101 am-

1877 2127 2021 2211 plius
2076 2156 2237 2209 quam
2291 2154 2526 2203 menses,
2576 2148 2634 2192 ut
2680 2155 2978 2200 summum,
3029 2141 3274 2210 quinque
3324 2153 3448 2211 post

1877 2234 2086 2287 obitum
2127 2232 2294 2286 illius.
2346 2231 2477 2285 Erat
2514 2230 2850 2285 Tlreodorito
2883 2230 3012 2285 huic
3061 2233 3222 2287 etiam
3262 2235 3446 2289 socius

1877 2341 1943 2380 ex
1973 2338 2201 2378 numero
2250 2336 2437 2376 secum
2491 2320 2867 2375 lamulantium
2917 2322 3119 2377 illustri
3166 2323 3360 2389 Leoni,
3391 2338 3447 2381 et

1879 2421 1994 2488 ipse
2021 2416 2344 2476 Leodictus,
2370 2414 2592 2468 domino
2616 2430 2716 2468 suo
2741 2415 2939 2468 cbarus
2964 2426 3124 2483 atque
3142 2416 3445 2473 familiaris.

1882 2513 2008 2566 Erat
2056 2511 2200 2564 enim
2244 2508 2717 2578 protospatharius
2778 2517 2833 2562 et
2884 2515 2944 2561 ut
2974 2523 3091 2562 mos
3141 2517 3225 2563 est
3270 2510 3447 2565 nomi-

1880 2618 2009 2655 nare
2054 2603 2188 2670 (l5),
2235 2601 2287 2652 in
2349 2600 2649 2652 lilanclabio
2695 2600 2827 2670 (14).
2880 2604 2981 2656 Hic
3046 2618 3291 2658 summus
3329 2612 3449 2658 erat

1879 2693 2196 2749 Tlieodoriti
2244 2692 2473 2754 amicus,
2525 2698 2581 2745 et
2633 2690 2911 2744 unanimis
2962 2692 3147 2746 socius
3189 2693 3242 2745 in
3286 2695 3449 2747 mini-

1881 2787 2071 2841 sterio.
2106 2784 2246 2839 Huic
2276 2794 2455 2839 autem
2482 2782 2651 2837 Leoni
2686 2797 2808 2837 cum
2837 2782 3018 2851 aliqua
3042 2782 3110 2838 de
3135 2798 3296 2838 causa
3321 2799 3447 2839 suc-

1881 2879 2183 2933 censuisset
2214 2876 2575 2946 Drungarius,
2603 2888 2727 2928 eum
2775 2873 2968 2929 habuit
3011 2888 3348 2944 suspectum,
3391 2885 3449 2930 et

1884 2980 2127 3036 tempore
2158 2984 2265 3022 non
2296 2984 2465 3036 parvo
2490 2982 2615 3022 eum
2663 2983 2690 3019 a
2730 2978 2992 3022 consueta
3030 2969 3261 3023 removit
3292 2968 3449 3023 fami-

1880 3060 2137 3123 liaritate,
2174 3067 2228 3113 et
2270 3060 2338 3113 ab
2383 3075 2466 3123 ea,
2498 3076 2660 3128 quam
2718 3062 2873 3130 prius
2922 3061 3179 3125 habebat,
3224 3061 3445 3117 ﬁducia.

203 3159 331 3227 οὐχὶ
363 3154 587 3226 βραχύν.
624 3151 849 3221 Μάρτυς
891 3150 1004 3217 εἰμὶ
1040 3145 1135 3200 καὶ
1162 3145 1321 3207 αὐτὸς
1359 3143 1459 3212 τῆς
1507 3146 1641 3212 πρὸς
1685 3143 1776 3194 τὸν

1881 3153 2010 3208 Sum
2036 3168 2253 3222 quoque
2284 3168 2385 3223 ego
2420 3154 2571 3208 testis
2600 3153 2887 3222 Drungaril
2920 3155 3182 3210 adversus
3208 3154 3448 3210 Leonem

209 3251 420 3303 Λέοντα
456 3243 822 3317 χαλεπότητος
863 3240 957 3294 τοῦ
992 3238 1202 3308 ἀνδρὸς,
1253 3238 1346 3289 καὶ
1376 3237 1474 3306 τὴν
1505 3237 1776 3306 ἀποστροο

209 3341 321 3409 φὴν
351 3333 488 3401 οἶδα,
523 3335 618 3389 καὶ
655 3333 753 3403 τὴν
778 3332 998 3403 χρονίαν
1028 3330 1347 3381 ἀπόστασιν.
1384 3324 1493 3378 Καὶ
1534 3324 1641 3391 γὰρ
1685 3322 1778 3375 καὶ

204 3432 375 3493 αὐτὸς
400 3431 581 3498 ἠξίουν
612 3427 751 3496 ὑπὲρ
780 3424 873 3478 τοῦ
900 3424 1146 3486 Λέοντος,
1196 3420 1349 3487 φίλος
1378 3417 1451 3469 ὢν
1492 3416 1587 3469 καὶ
1647 3432 1777 3466 συν-

202 3526 348 3596 ήθης
376 3523 451 3592 τῷ
482 3519 855 3590 Δρουγγαρίῳ.
895 3516 1113 3567 Ἠνιᾶτο
1170 3512 1344 3565 τοίνυν
1371 3512 1398 3561 6
1434 3512 1583 3564 Λέων
1638 3509 1780 3579 μάλα

203 3613 457 3682 σφοδρῶς
489 3611 581 3662 καὶ
605 3606 814 3676 ἀθυμίᾳ
844 3606 1138 3673 συνείχετο,
1179 3603 1275 3655 καὶ
1309 3602 1407 3670 τὴν
1433 3600 1606 3671 λύπην
1641 3596 1776 3670 εἶχε,

202 3706 307 3757 καὶ
358 3701 538 3755 αὑτῶν
600 3700 804 3751 ὀστέων
860 3696 1172 3763 ἁπτομένην
1231 3695 1325 3745 καὶ
1389 3693 1621 3762 μυελῶν,
1683 3693 1778 3745 καὶ

204 3795 449 3869 ἰσχυρῶς
488 3796 779 3864 τήκουσαν.
811 3786 921 3843 Ἦν
959 3788 1015 3840 δὲ
1053 3786 1115 3838 τὸ
1147 3784 1348 3838 λυποῦν
1380 3784 1440 3837 ού
1478 3786 1636 3853 μόνον
1683 3786 1775 3840 τοῦ

199 3892 461 3953 Λέοντος,
498 3885 633 3939 ἀλλὰ
669 3883 767 3951 μὲν
808 3881 904 3934 καὶ
944 3877 1272 3949 Θεοδώριτος
1315 3877 1404 3929 τὸν
1435 3875 1597 3929 nam
1632 3873 1776 3927 εἷλκε

200 3980 377 4048 ζυγὸν
405 3977 496 4030 τοῦ
531 3978 709 4043 λόγου,
745 3976 837 4025 καὶ
870 3972 1120 4040 συνήλγει
1150 3968 1297 4036 αὑτῷ
1332 3970 1422 4018 καὶ
1451 3967 1774 4034 συνέπασχε,

200 4075 399 4143 νόμοις
431 4070 597 4122 εἴκων,
621 4063 1050 4136 φιλανθρωπίας,
1085 4060 1179 4113 ἆτε
1238 4059 1302 4129 δὴ
1359 4059 1510 4127 φίλος
1556 4056 1631 4110 ὢν
1683 4060 1777 4111 καὶ

201 4164 618 4235 συνυπηρέτης,
648 4159 839 4227 ὥσπερ
861 4161 887 4209 6
915 4155 1069 4221 λόγος
1100 4153 1311 4223 φθάσας
1344 4151 1633 4221 ἐδήλωσεν.

280 4258 388 4310 IF’.
419 4255 599 4323 Ταύτῃ
631 4252 809 4303 τοίνυν
843 4248 977 4317 μηδὲ
1005 4246 1185 4312 φέρων
1211 4243 1352 4295 οὕτω
1379 4244 1653 4311 πάσχοντα
1686 4244 1777 4295 τὸν

196 4352 418 4405 Λέοντα
461 4345 721 4413 καθορᾷν,
761 4338 1041 4406 ἀπετόλμα
1076 4334 1276 4405 δηλαδὴ
1319 4334 1411 4385 καὶ
1450 4334 1776 4403 παρεκινδύ-

196 4459 335 4495 νευε
389 4443 501 4500 τοῖς
560 4437 738 4504 λόγοις
789 4435 898 4493 τοῖς
958 4430 1091 4499 πρὸς
1138 4430 1229 4480 τὸν
1266 4427 1475 4479 ἑαυτῶν
1512 4426 1777 4497 δεσπότην

1885 3245 2295 3315 indignationis,
2333 3247 2553 3315 vidique
2597 3249 2938 3303 aversioncm
2985 3249 3104 3318 ejus
3145 3258 3200 3302 et
3239 3249 3452 3304 diutur-

1884 3353 2006 3392 nam
2048 3339 2473 3405 separationem.
2528 3339 2638 3393 lmo
2686 3356 2787 3411 ego
2842 3355 3063 3410 quoque
3110 3342 3296 3411 rogavi
3349 3355 3451 3409 pro

1882 3430 2087 3491 Leone,
2122 3439 2180 3484 ut
2209 3431 2301 3499 qui
2331 3445 2509 3484 essem
2538 3432 2842 3501 Drungario
2884 3434 3095 3486 amicus
3124 3442 3179 3485 et
3212 3432 3448 3487 familia-

1884 3522 1983 3577 ris.
2017 3522 2181 3577 Valde
2212 3522 2395 3592 itaquc
2428 3522 2728 3593 angebatur
2755 3522 2889 3588 Leo,
2926 3533 2981 3577 et
3014 3537 3209 3593 magna
3246 3520 3449 3577 allicie-

1884 3615 2047 3670 batur
2080 3614 2244 3668 animi
2285 3613 2635 3684 aegritudine,
2672 3612 2935 3682 dolorque
2968 3612 3050 3666 vel
3092 3613 3205 3681 ipsa
3237 3626 3361 3665 ossa
3394 3619 3451 3664 et

1882 3706 2150 3759 medullas
2212 3705 2487 3772 tangebat,
2539 3713 2595 3758 et
2643 3704 2800 3757 valde
2862 3703 3239 3757 consumebat.
3306 3702 3451 3766 Quin

1882 3794 2047 3850 etiam
2074 3792 2441 3847 Theodoritus
2493 3794 2636 3848 idem
2675 3794 2865 3864 jugum
2916 3791 3183 3855 trahebat,
3218 3800 3278 3845 ut
3310 3790 3453 3845 dici-

1885 3893 1993 3943 tur.
2047 3884 2273 3953 ejusque
2342 3883 2665 3938 movebatur
2721 3882 3129 3943 misericordia,
3189 3882 3451 3951 gravique

1881 3976 2069 4029 dolore
2125 3974 2483 4042 adiciebatur,
2533 3976 2746 4047 legibus
2806 3975 3008 4029 cedens
3064 3973 3341 4037 amicitiae,
3394 3982 3453 4026 ut

1881 4068 1978 4135 qui
2027 4077 2177 4122 esset
2225 4069 2461 4133 amicus,
2513 4078 2568 4123 et
2616 4070 2669 4121 in
2736 4068 3047 4121 ministerio
3108 4068 3315 4132 socius,
3393 4073 3454 4119 ut

1881 4159 2037 4227 prius
2065 4168 2147 4212 est
2179 4167 2483 4213 ostensum.

1953 4249 2091 4304 XIII.
2120 4249 2257 4304 Cum
2290 4250 2473 4319 itaque
2504 4250 2649 4305 lerre
2694 4266 2801 4304 non
2848 4260 3055 4320 posset.
3093 4249 3332 4302 Leonem
3367 4247 3452 4301 sic

1881 4343 2043 4401 allici,
2093 4359 2256 4396 ausus
2314 4352 2397 4397 est
2448 4342 2632 4398 verbis
2675 4357 2834 4397 suum
2886 4341 3106 4413 aggredi
3165 4339 3452 4394 dominum

1885 4440 2084 4505 (neque
2115 4434 2259 4489 enim
2288 4434 2461 4488 facilis
2486 4436 2552 4488 ad
2585 4450 2709 4488 eum
2729 4436 2949 4503 patebat
2974 4435 3174 4493 aditus.
3208 4442 3269 4487 et
3294 4445 3454 4499 asper

197 4535 442 4606 (σφόδρα
466 4531 573 4599 γὰρ
597 4501 950 4596 δυσπρόσὶιτός
974 4540 1031 4574 τε
1064 4524 1154 4575 καὶ
1176 4520 1530 4589 δυσομίλητος
1558 4522 1584 4571 6
1615 4519 1774 4590 ἀνὴρ,

1882 4535 2003 4579 erat
2040 4526 2093 4578 in
2143 4526 2414 4579 sermonis
2459 4526 2866 4594 congressione,
2904 4525 3139 4580 maxime
3186 4525 3332 4580 inter
3370 4528 3445 4581 la-

196 4630 303 4682 xat
375 4627 605 4693 μάλιστα
662 4623 719 4671 ἐν
750 4614 1067 4689 ὑπηρέταις)
1110 4613 1204 4663 καὶ
1248 4612 1396 4674 ἠξίου
1443 4612 1571 4681 περὶ
1611 4612 1777 4664 αὐτοῦ

196 4721 412 4791 τρόπον
456 4714 545 4767 τὸν
590 4713 850 4781 ἔμφρονα·
880 4709 1119 4776 Οῖχεται,
1156 4703 1350 4770 λέγων,
1383 4702 1411 4753 6
1444 4701 1595 4754 Λέων
1633 4703 1777 4773 οἶχε-

197 4831 301 4868 ται
325 4827 342 4843 ο
383 4811 500 4869 δέος
544 4807 617 4875 μὴ
640 4806 731 4857 καὶ
766 4804 961 4871 δρᾶσαι
992 4800 1091 4869 μέν
1112 4817 1163 4849 τι
1193 4797 1299 4849 τῶν
1336 4796 1605 4866 χαλεπῶν,
1640 4799 1777 4867 ὅπερ

198 4910 474 4969 ἄντικρυς
506 4902 567 4951 (ιὺ
596 4895 916 4967 βουλόμεθα,
962 4893 1095 4961 μηδὲ
1147 4889 1375 4940 θανάτου
1424 4889 1779 4955 καταστῶμεν

279 5113 396 5184 (l0)
431 5110 703 5184 Spatharii
734 5115 910 5184 erant,
939 5105 1027 5174 qui
1056 5105 1319 5184 custodia:
1340 5102 1587 5172 corporis
1607 5101 1780 5183 impe-

194 5173 412 5241 ratoriis
443 5173 596 5235 erant
629 5179 894 5246 deputati,
924 5173 1105 5229 avocc
1131 5176 1340 5239 Σπάθα,
1366 5173 1775 5246 qttm__majqretn

191 5258 451 5328 gladium
481 5241 907 5328 signilic§t,ﬂquo
927 5241 1431 5328 illinar‘maban‘tur.‘
1458 5242 1590 5295 Vide
1631 5241 1775 5328 ροη-

193 5313 361 5397 ἓίυιη
389 5328 441 5374 in
473 5313 747 5397 Glossario
778 5313 1265 5397 Graeco-Barbara.
1286 5313 1783 5397 Spatharocubicu-

194 5383 404 5451 rarius,
439 5394 531 5458 qui
566 5390 727 5444 simul
784 5386 1044 5457 spatharii
1086 5394 1140 5437 et
1182 5383 1503 5440 cubicularii
1557 5395 1781 5435 munere

196 5464 568 5532 fungebatur.

284 5521 400 5602 (ῖι)
433 5528 786 5602 Drungarius,
816 5526 977 5602 idest
1007 5522 1315 5602 pnel'cctus.
1344 5540 1373 5576 a
1407 5537 1539 5602 voce
1570 5521 1777 5602 Δροὺγ-

193 5593 481 5674 10%,qua:
533 5593 762 5674 Cl'olnml
809 5593 1035 5674 militum
1077 5596 1367 5674 signiﬁcat.
1415 5593 1776 5674 Lcunclavius

196 5663 665 5729 i'n'OIiomastico
722 5668 955 5721 Turcico
1008 5667 1081 5719 ita
1128 5667 1330 5720 Graecis
1389 5663 1651 5732 appellari
1702 5664 1777 5715 ait

196 5746 455 5798 baculum
492 5741 707 5802 tribuni,
735 5754 895 5808 quem
924 5738 1097 5808 instar
1127 5736 1327 5805 sceptri
1363 5736 1520 5804 gerit,
1568 5736 1710 5786 forte
1729 5750 1775 5808 _a

198 5832 344 5870 voce
372 5816 562 5869 Latina
590 5803 829 5876 truncus,
856 5818 915 5862 ut
941 5808 1014 5862 ait
1051 5803 1289 5877 Cangius
1314 5824 1326 5872 ;
1358 5803 1519 5874 quem
1550 5803 1774 5858 consule

1888 4620 2084 4685 mulos)
2118 4629 2172 4671 et
2208 4619 2462 4686 prudenti
2498 4620 2629 4670 inita
2661 4619 2893 4682 ratione,
2946 4634 3047 4686 pro
3088 4634 3155 4672 eo
3191 4622 3402 4689 rogavit
3434 4638 3448 4673 :

1886 4711 2052 4773 Perit,
2101 4711 2310 4775 dicens,
2352 4712 2458 4765 Leo
2502 4711 2688 4780 perit:
2731 4712 3034 4766 timendum
3084 4723 3189 4775 est,
3236 4729 3303 4768 ne
3343 4714 3452 4769 sibi

1882 4816 2043 4871 grave
2079 4802 2284 4871 aliquid
2309 4802 2500 4868 faciat,
2552 4803 2695 4871 quod
2741 4803 2962 4871 quidem
3005 4814 3156 4859 certe
3185 4807 3447 4871 nolimus,

1890 4909 2066 4961 neque
2090 4896 2261 4948 simus
2293 4905 2546 4949 auctores
2572 4898 2689 4965 ejus
2734 4899 2947 4951 mortis.
2980 4897 3142 4952 Miser
3169 4899 3315 4952 enim
3338 4902 3450 4970 jam

1891 5100 1943 5153 in
1996 5108 2228 5169 utroque
2276 5102 2574 5157 Glossario.
2628 5102 2724 5157 Hic
2777 5104 3112 5171 Drungarius
3143 5103 3210 5157 ad
3262 5104 3454 5163 classis

1888 5173 2263 5239 praefecturam
2304 5172 2557 5223 refertur.

1956 5240 2402 5309 (12)Λογοθέτης
2440 5243 2531 5293 τοῦ
2579 5241 2788 5309 Δρόμου
2845 5251 2962 5295 erat
3020 5242 3085 5305 is,
3138 5244 3229 5312 qui
3282 5243 3452 5297 ratio-

1881 5326 1979 5434 (ritcs
2008 5326 2203 5364 cursus
2239 5311 2443 5379 publici
2477 5312 2841 5380 expendebat.
2880 5313 3011 5368 Vide
3052 5311 3314 5381 Cangium
3346 5313 3453 5368 ibi-

1918 5397 2024 5434 em.

1951 5421 2061 5532 iis)
2096 5450 2609 5521 Πρωτοσπαθάριος,
2645 5452 2941 5507 Prarfeclus
2990 5453 3284 5508 custodum
3326 5468 3452 5509 cor-

2118 5590 2471 5659 Μαγκλάϐιον
2519 5592 2739 5646 Clavam
2781 5593 3071 5662 signiﬁcat,
3114 5611 3219 5664 qua
3271 5610 3451 5650 arma.

1880 5661 2084 5715 bantur
2114 5664 2207 5731 qui
2243 5672 2401 5717 erant
2446 5664 2814 5733 imperatoria:
2840 5661 3145 5729 cohortisf
3184 5667 3273 5718 hic
3315 5681 3451 5719 vero

1844 5788 1847 5789 ν
1880 5732 2117 5804 sumitur
2148 5747 2245 5800 pro
2270 5733 2383 5802 ipsa
2410 5732 2637 5789 cohOrte
2666 5734 3040 5804 imperatoria.
3065 5737 3303 5791 Rursum
3327 5736 3453 5790 vide

1880 5803 2176 5871 Cangium.
