4188 6310
763 406 870 469 295

763 516 1030 577 extabuit,
1060 522 1116 566 et
1152 523 1236 566 est
1267 522 1398 564 sane
1428 511 1811 573 consumptus,
1840 513 1948 553 non
1977 498 2160 551 ferens
2182 502 2330 547 tuam

766 606 1203 667 aversationem;
1257 610 1313 655 et
1362 598 1546 654 statim
1594 595 1810 649 amittet
1866 588 2029 644 etiam
2073 586 2333 639 animam.

766 701 877 755 Hoc
907 713 1031 752 cum
1064 710 1175 750 non
1203 695 1392 753 semel,
1427 688 1521 744 sed
1551 701 1695 756 sape
1719 684 1963 744 dixisset,
2014 676 2337 733 assiduitate

765 797 820 841 ct
846 789 1153 855 Opportuna
1213 780 1568 850 persuasione
1616 774 1760 829 belle
1817 769 2131 826 recouciliat
2170 766 2337 819 Leoni

769 878 1053 933 deminuat
1098 888 1292 938 suum;
1332 870 1667 941 jubcturque
1726 865 1902 934 ipsum
1966 860 2239 914 adducere
2282 857 2337 910 in

768 976 1120 1038 conspectum
1152 966 1291 1033 ejus.
1348 961 1442 1015 Ille
1489 974 1621 1013 vero
1664 971 1775 1027 pra:
1819 953 1990 1008 nimio
2035 950 2234 1020 gaudio
2277 963 2341 1001 ac

769 1060 1115 1118 festinatione
1154 1056 1303 1121 (dum
1342 1054 1481 1108 forte
1503 1049 1737 1105 debebat
1766 1063 1866 1118 per
1910 1045 2086 1099 scalas
2116 1042 2341 1095 descen-

770 1154 922 1219 dere)
972 1147 1295 1219 impeditum
1359 1142 1565 1198 alicubi
1622 1139 1823 1210 pedem
1866 1137 2108 1207 graviter
2156 1133 2341 1196 luxat;

768 1247 1015 1314 jacetquc
1061 1240 1178 1293 sine
1208 1252 1362 1302 voce,
1406 1233 1707 1290 immobilis
1765 1239 1820 1285 et
1875 1228 2064 1282 dolore
2118 1226 2348 1289 fractus,-

772 1351 836 1389 ac
861 1348 1003 1403 aegre
1042 1333 1261 1387 tandem
1300 1326 1515 1380 delatus
1551 1332 1637 1378 est
1674 1320 1742 1375 ad
1785 1321 2011 1375 lectum.
2060 1316 2195 1370 Tres
2228 1315 2344 1369 dies

774 1425 1172 1495 praeterieram,
1218 1430 1273 1474 et
1308 1420 1424 1488 ipse
1462 1417 1542 1471 sic
1578 1413 1797 1487 jacebat
1836 1412 2085 1481 supinus,
2135 1418 2341 1471 mutus,

773 1514 1133 1583 stupefactus,
1170 1510 1348 1564 somni
1380 1517 1435 1563 et
1473 1506 1581 1562 cibi
1614 1519 1833 1575 expers,
1865 1517 1967 1557 nec
1998 1515 2194 1571 aquam
2222 1499 2346 1568 qui-

775 1608 898 1661 dem
929 1604 1243 1666 admittens,
1279 1616 1381 1655 nce
1404 1599 1631 1654 omnino
1657 1612 1717 1651 se
1751 1608 1977 1649 movens
1999 1634 2014 1658 ,
2047 1592 2142 1646 sed
2178 1588 2343 1644 veluti

780 1700 916 1753 lecto
954 1696 1166 1757 aﬂixus,
1194 1704 1249 1748 et
1280 1708 1307 1746 a
1336 1708 1396 1747 re
1421 1690 1661 1757 inanima
1698 1687 1836 1742 nihil
1866 1685 2147 1741 dilferens.
2207 1681 2337 1735 San-

778 1798 923 1841 ctum
979 1795 1161 1840 tamen
1215 1781 1386 1837 etiam
1453 1777 1687 1834 tacendo
1740 1790 1958 1846 rogans,
2025 1772 2173 1826 videt
2219 1785 2343 1824 eum

2057 376 2339 447 MENSIS
2374 370 2679 439 JUNlUS.

2368 502 2408 553 Α
2438 485 2602 538 alito:
2622 500 2635 512 ο
2670 480 2866 547 τέτηκε
2896 477 3006 547 γὰρ
3034 477 3061 528 ὁ
3085 470 3350 541 δυστυχὴς
3378 467 3477 540 ἥδη
3503 466 3597 520 καὶ
3621 463 4017 533 δεδαπάνηται,

3908 347 4019 411 296

2444 574 2542 645 τὴν
2582 569 2932 640 ἀποστροφὴν
2974 567 3035 620 οὐ
3080 565 3265 633 φέρων
3296 559 3394 631 τὴν
3426 558 3547 628 σὴν,
3580 556 3673 609 καὶ
3705 556 3831 609 ὅσον
3864 552 4021 605 οὔπω

2445 642 2739 719 ἀποὸἀλλει
2762 661 2854 714 καὶ
2883 658 2982 727 τὴν
3008 655 3207 727 ψυχήν.
3246 650 3417 706 Τοῦτο
3448 650 3547 718 οὐχ
3584 645 3733 710 ἅπαξ
3754 642 4019 714 εἰρηκὼς,

2445 755 2580 809 ἀλλὰ
2612 756 2705 806 καὶ
2738 751 3019 812 παλλάκις,
3055 746 3133 816 τῷ
3161 744 3375 813 συνεχεῖ
3406 741 3502 792 καὶ
3529 736 3774 806 εὐκαίρῳ
3814 734 4021 795 πείθει,

2446 848 2540 899 καὶ
2583 847 2683 911 τὴν
2726 837 3072 906 καταλλαγὴν
3119 831 3412 903 πρεσὸεύει
3462 828 3642 889 καλῶς
3680 824 3759 894 τῷ
3803 823 4018 876 Λέοντι.

2450 930 2582 987 Εἶτα
2612 931 2705 984 καὶ
2741 930 2822 991 εἰς
2863 926 2986 995 ὄψιν
3010 924 3171 976 αὑτὸν
3199 922 3424 989 ἀγαγεῖν
3450 913 3782 978 κελευσθεὶς,
3814 913 4023 971 ἐκεῖντς

2449 1028 2513 1077 ἐκ
2546 1025 2655 1076 τῶν
2696 1022 2835 1088 ἄγαν
2883 1014 3240 1087 περιχαρείας
3290 1012 3559 1081 (κλίμακα
3614 1004 3757 1059 οὕτω
3807 1001 4025 1073 συμϐὰν

2451 1114 2675 1182 κατιὼν)
2722 1112 2816 1167 καὶ
2845 1110 2922 1181 τῷ
2966 1109 3124 1177 τάχει
3162 1101 3574 1174 συμποδισθεὶς,
3604 1095 3931 1167 διὰστροφός
3962 1110 4024 1144 τε

2451 1210 2543 1262 καὶ
2581 1206 2796 1275 ἐξεδρος
2823 1203 2919 1273 τὴν
2943 1200 3035 1255 τοῦ
3061 1199 3217 1258 ποδὸς
3248 1192 3497 1265 ἁρμογὴν
3529 1190 3737 1259 γίνεται
3760 1203 3774 1215 ⁸
3806 1187 3902 1241 καὶ
3930 1185 4028 1238 εὐ-

2452 1302 2548 1365 θὺς
2578 1298 2792 1369 ἄφωνός
2827 1312 2886 1349 τε
2932 1294 3024 1347 καὶ
3053 1292 3311 1360 ἀκίνητος
3342 1282 3430 1357 ἦν,
3467 1283 3571 1337 ὑπὸ
3604 1281 3704 1350 τῆς
3748 1277 4024 1348 περιωδυ-

2451 1396 2569 1456 νίας
2603 1367 3013 1461 ἀπορραγεὶς,ὴ
3045 1382 3200 1450 κλίνη
3231 1396 3290 1432 τε
3320 1373 3433 1448 εἶχε
3461 1376 3667 1433 τοῦτον,
3697 1372 3856 1440 μόγις
3886 1367 4025 1437 πρὸς

2451 1484 2620 1555 αὐτὴν
2651 1459 3138 1547 ἐκκεκομισμένον.
3167 1473 3327 1543 Τρεῖς
3358 1466 3637 1537 παρῆλθον
3664 1463 3899 1535 ἡμέραι,
3931 1459 4027 1511 καὶ

2452 1576 2615 1640 αὐτὸς
2668 1572 2840 1635 οὕτως
2882 1569 3064 1621 ἔκειτο
3102 1565 3312 1626 ὕπτιος,
3349 1562 3562 1628 ἄφωνος
3598 1556 3801 1616 ἄϋπνος
3826 1570 3887 1605 τε
3934 1551 4028 1605 καὶ

2454 1668 2658 1740 ἀχανὴς
2702 1664 2795 1718 καὶ
2825 1663 3032 1724 ἄσιτος,
3063 1657 3187 1711 οὐδὲ
3227 1656 3418 1716 ὕδατος
3456 1649 3819 1721 προσιέμενος
3870 1645 4028 1696 οὖδα-

2456 1761 2593 1832 μῶς,
2617 1739 2737 1812 οὐδὲ
2770 1754 3012 1826 κινηθεὶς
3038 1752 3174 1812 ὅλως
3194 1766 3208 1780 ⁸
3234 1747 3349 1801 ἀλλ’
3371 1746 3535 1798 οἱονεὶ
3566 1744 3632 1812 τῇ
3663 1739 3826 1810 κλίνῃ
3852 1750 4027 1804 προσ-

777 1887 1008 1944 stantem
1034 1876 1097 1929 ad
1125 1885 1430 1927 extremum
1463 1870 1617 1931 lecti,
1648 1875 1963 1936 tangentem
1988 1864 2161 1917 talum
2194 1862 2349 1931 pedis

2455 1830 2731 1921 qimpévo;
2758 1847 2852 1899 καὶ
2881 1846 2978 1914 τῆς
3010 1842 3217 1912 ἀψύχου
3251 1838 3526 1909 διαφέρων
3555 1834 3726 1889 οὐδέν.
3761 1830 4029 1900 Δεόμενος

777 1969 980 2031 allecti,
1013 1966 1361 2021 etdiccntem
1396 1980 1409 2014 :
1441 1960 1636 2031 Surge,
1678 1959 1814 2012 nihil
1854 1956 1963 2011 erit
1987 1955 2083 2007 tibi
2118 1953 2352 2022 amplius

781 2062 926 2117 mali.
958 2059 1130 2115 Simul
1167 2068 1346 2111 autem
1388 2063 1554 2124 atque
1591 2054 1696 2107 hoc
1739 2051 1906 2113 dixit,
1952 2047 2119 2103 simul
2167 2047 2354 2115 dispa-

780 2154 915 2215 ruit,
961 2159 1246 2220 spectautc
1299 2146 1658 2210 Theodorito,
1698 2155 1754 2199 et
1804 2159 1913 2213 pra:
1962 2151 2186 2210 stupore
2216 2139 2354 2193 nihil

783 2243 1062 2310 loquente.
1119 2238 1413 2306 Postquam
1482 2249 1609 2288 vero
1659 2245 1887 2303 magnus
1943 2230 2034 2284 ille
2090 2231 2353 2298 Sampson

786 2332 976 2402 procul
1003 2330 1105 2383 fuit
1132 2331 1200 2382 ab
1232 2328 1426 2387 oculis,
1459 2325 1527 2379 ad
1560 2339 1618 2379 se
1675 2323 1816 2377 redit
1866 2320 2256 2380 Thcodoritus,
2303 2328 2358 2371 ct

786 2439 926 2477 novo
960 2422 1125 2475 veluti
1164 2420 1360 2489 spiritu
1405 2417 1703 2474 animatur,
1745 2413 1961 2481 sibique
2014 2409 2353 2471 restituitur;

786 2515 902 2570 oris
934 2528 1153 2584 quoque
1193 2520 1249 2564 et
1290 2509 1487 2580 linguae
1535 2520 1691 2561 usum
1730 2504 2025 2573 recipiens,
2060 2504 2181 2556 laeta
2226 2515 2358 2555 voce

787 2604 1127 2679 gloriﬁeabat
1161 2603 1330 2657 Deum
1370 2596 1908 2665 subsusurrabatque
1945 2610 1959 2648 :
1997 2594 2230 2650 Sanctus
2258 2592 2358 2647 iste

790 2707 872 2751 est
911 2695 1212 2763 Sampson;
1271 2701 1327 2745 et
1373 2691 1556 2745 statim
1597 2688 1905 2741 ministrum
1942 2695 2028 2739 est
2068 2685 2359 2745 allocutus,

792 2787 981 2841 dicens
1015 2795 1031 2836 :
1066 2780 1262 2851 Surge.
1284 2777 1447 2832 Basili
1472 2777 1565 2845 (ita
1597 2776 1742 2831 enim
1771 2774 1818 2829 is
1847 2771 2263 2841 vocabatur),et
2293 2770 2360 2823 da

794 2876 928 2932 mihi
959 2881 1188 2936 vestem,
1217 2880 1279 2924 ut
1308 2884 1393 2923 me
1423 2869 1647 2922 induam
1679 2884 1692 2919 :
1720 2873 1776 2919 et
1805 2866 1971 2920 simul
2009 2863 2203 2934 pedem
2239 2862 2364 2916 teti-

792 2968 887 3039 git.
921 2966 1059 3020 Eum
1095 2971 1278 3017 autem
1316 2960 1510 3014 videns
1551 2957 1766 3021 sanum,
1813 2957 1971 3011 alteri
2002 2970 2224 3010 manum
2269 2956 2363 3009 ad-

797 3059 986 3121 movit,
1018 3055 1259 3125 quierat
1282 3052 1484 3107 illaesus
1521 3050 1788 3104 abinitio.
1824 3046 1920 3103 Rei
1944 3049 2088 3104 enim
2128 3048 2365 3102 admira-

796 3147 977 3202 bilitas
1003 3158 1127 3198 eum
1161 3140 1426 3195 reddebat
1480 3153 1658 3208 prope
1687 3146 1881 3193 emota:
1916 3136 2137 3200 mentis,
2173 3146 2226 3191 et
2245 3148 2365 3190 erat
2390 3180 2435 3240 ο

799 3248 1057 3307 tanquam
1087 3234 1170 3288 sui
1194 3232 1421 3297 oblitus,
1446 3240 1503 3285 et
1530 3230 1884 3292 dubitans,et
1912 3228 2185 3282 haesitanti
2211 3228 2363 3282 simi-

799 3330 885 3383 lis.
919 3327 1157 3382 Nimium
1199 3324 1346 3379 enim
1396 3322 1655 3391 gaudium
1699 3329 1755 3375 et
1782 3322 1983 3374 bonum
2029 3318 2368 3389 inexspecta-

801 3426 918 3481 tum
944 3436 1008 3475 ac
1031 3428 1229 3489 praeter
1263 3415 1582 3485 opinionem
1618 3412 1897 3478 eveniens,
1945 3420 2182 3467 mentem
2228 3412 2368 3466 solet

801 3517 1102 3571 dimovere.
1140 3510 1245 3568 Ubi
1282 3518 1465 3565 autem
1502 3508 1770 3575 comperit
1804 3508 1994 3561 ambos
2032 3522 2150 3561 esse
2183 3521 2368 3566 sanos,

802 3606 971 3660 alacri
1001 3603 1182 3658 statim
1205 3601 1387 3654 animo
1414 3609 1468 3652 et
1503 3596 1735 3668 pedibus
1768 3596 1940 3651 tendit
1964 3598 2029 3651 ad
2055 3598 2368 3667 sepulcrum

802 3715 940 3785 ejus,
976 3712 1069 3781 qui
1097 3710 1300 3764 misero
1331 3705 1675 3761 curationem
1712 3704 2075 3773 impcrtierat,
2111 3715 2166 3759 et
2201 3706 2368 3760 bene-

803 3805 987 3861 licium
1016 3803 1065 3857 ei
1100 3802 1268 3856 refert
1288 3808 1601 3866 acceptum,
1647 3797 1962 3866 gratiasque
2011 3797 2100 3866 pie
2134 3801 2263 3867 agit,
2309 3808 2368 3852 ut

803 3896 942 3951 solet
963 3902 1149 3965 gratus
1177 3900 1234 3945 et
1269 3904 1478 3944 memor
1501 3887 1737 3942 animus.

2457 1920 2639 2015 μέντοι
2687 1940 2778 1994 καὶ
2821 1934 3039 1991 σιωπῶν
3094 1933 3187 1985 τοῦ
3240 1930 3445 1997 Ἀγίου,
3482 1927 3583 1997 ὁρᾷ
3626 1924 3817 1977 τιῦτον
3878 1920 4029 1990 παρὰ

2452 2012 2575 2101 τοὺς
2599 2032 2881 2105 πρόποδας
2904 2025 3173 2097 ἑστηκότα
3195 2022 3291 2093 τῆς
3317 2020 3526 2088 κλίνης,
3553 2016 3646 2070 τοῦ
3677 2012 4027 2085 ἀστραγάλου

2455 2132 2546 2185 τὸν
2586 2128 2946 2196 ὲπαφώμενον
2993 2119 3085 2174 τοῦ
3114 2114 3442 2170 πεπονθότος
3491 2110 3672 2172 ποδὸς,
3706 2109 3801 2161 καὶ
3838 2107 4031 2170 Ἐγει-

2460 2243 2569 2294 ραι,
2599 2224 2879 2293 εἰρηκότα,
2906 2217 3073 2270 κακὸν
3106 2212 3215 2283 γάρ
3246 2210 3362 2263 ὲστί
3405 2225 3487 2261 σοι
3534 2205 3594 2259 τὸ
3627 2202 3893 2273 παράπαν
3945 2199 4031 2249 οὐ·

2458 2293 2545 2371 δέν
2566 2332 2579 2344 ·
2608 2320 2723 2384 ἅμα
2754 2330 2810 2366 τε
2841 2311 2946 2378 ἔφη
2974 2307 3152 2371 τοῦτο,
3204 2304 3299 2356 καὶ
3339 2301 3455 2371 ἅμα
3505 2298 3674 2369 ἐξῄει,
3720 2293 4031 2365 βλεπόντων

2460 2410 2551 2462 τοῦ
2590 2405 2925 2473 Θεοδωρίτου
2960 2399 3070 2451 τῶν
3102 2395 3416 2465 ὀφθαλμῶν,
3447 2393 3542 2443 τοῦ
3587 2389 3858 2457 στόματος
3902 2384 4031 2454 μηδὲ

2460 2499 2795 2574 φθέγγεσθαι
2824 2494 3150 2562 δυναμένου.
3196 2487 3413 2554 Ἐπειδὴ
3441 2484 3533 2536 καὶ
3568 2484 3594 2534 ό
3625 2481 3817 2545 Μέγας
3845 2479 4033 2547 πέρρω

2459 2569 2567 2649 τῶν
2602 2588 2899 2663 ὀφθαλμῶν
2922 2582 3010 2658 ἦν,
3045 2583 3289 2637 ἐπάνεισι
3331 2578 3433 2647 μὲν
3468 2577 3547 2637 εξς
3590 2571 3784 2626 ἑαυτὸν
3834 2570 3863 2620 ὸ
3906 2569 4034 2618 Θεο-

2461 2689 2709 2757 δώριτος,
2755 2683 2847 2735 καὶ
2897 2678 3060 2732 οἱονεὶ
3102 2672 3392 2743 ψυχοῦται,
3437 2668 3533 2720 καὶ
3558 2663 3863 2733 κινουμένῳ
3899 2675 4035 2727 παρ-

2462 2751 2646 2853 όμοιος
2699 2776 2995 2838 δείκνυται,
3029 2768 3214 2839 φωνὴν
3260 2765 3317 2820 δὲ
3366 2759 3463 2815 καὶ
3508 2756 3569 2810 τὸ
3618 2751 3794 2823 στόμα
3848 2751 4035 2817 ὥσπερ

2465 2842 2729 2946 πρότερον
2782 2864 2917 2939 εἶχε,
2968 2862 3206 2927 δοξάζων
3254 2874 3314 2910 τε
3378 2849 3446 2923 ἦν
3506 2849 3599 2902 τὸν
3661 2845 3836 2946 Θεὶνίέ
3888 2842 4036 2946 fama

2466 2929 2942 3037 (patEpotéptp,ndac
2980 2954 3038 3008 δὲ
3080 2951 3173 3006 καὶ
3214 2941 3712 3014 ὑποφθεγγόμενος,
3769 2932 3833 2987 '0
3886 2929 4037 2999 ᾶγιός

2462 3027 2880 3123 έστιῑΣαμψών.
2913 3046 3023 3100 Καὶ
3064 3043 3261 3099 αὐτίκα
3299 3034 3482 3111 [πρὸς]
3524 3033 3617 3086 τὸν
3658 3027 4040 3101 ὑπηρετούμε-

2467 3167 2579 3214 νον,
2615 3116 2869 3205 Ἀν-ἁστα,
2913 3138 3039 3209 ἔφη,
3078 3133 3323 3190 Βασίλειε
3369 3129 3532 3202 (οὕτω
3588 3130 3699 3196 γὰρ
3743 3116 4038 3183 ἐκαλεῖτο),

2468 3205 2656 3292 καῖ’τδ
2687 3231 2899 3302 ἱμάτιόν
2933 3205 3023 3298 μοι
3061 3226 3148 3288 δὺς
3190 3219 3611 3275 ἐπενδύσασθαι.
3651 3213 3763 3267 Καὶ
3797 3209 3919 3280 ἃμα
3951 3205 4039 3258 τοῦ

2466 3330 2624 3392 ποδὸς
2664 3298 2888 3396 ἥπτετο,
2934 3319 3030 3373 καὶ
3074 3317 3205 3384 ὑγιᾶ
3254 3312 3445 3366 τοῦτον
3486 3308 3649 3377 ὁρῶν,
3699 3302 3922 3372 θατέρῳ
3950 3298 4044 3366 τὴν

2468 3426 2625 3494 χεῖρα
2659 3391 2899 3487 προσῆγε
2938 3410 3017 3481 τῷ
3067 3408 3125 3473 ἐξ
3173 3405 3346 3476 ἀρχῆς
3392 3399 3636 3455 ἀπαθεῖ·
3679 3395 3897 3449 ἐδείκνυ
3938 3391 4040 3461 γὰρ

2472 3483 2636 3569 αὑτὸν
2691 3483 2888 3582 μικροῦ
2946 3503 3043 3557 καὶ
3095 3500 3335 3569 ἱκφρονα
3379 3496 3412 3566 ή
3462 3486 3896 3565 παραδοξοποιία
3953 3483 4041 3536 τοῦ

2474 3575 2822 3681 πράγματος,
2876 3598 2972 3651 καὶ
3029 3594 3220 3661 ὥσπερ
3272 3588 3634 3656 ἐκλαθόμενος
3690 3578 3916 3644 ἑαυτοῦ,
3956 3575 4047 3629 καὶ

2476 3668 2799 3769 ait-etwa»,
2825 3691 3079 3753 διέκειτο,
3103 3685 3199 3739 καὶ
3226 3679 3585 3750 ἀπορουμένῳ
3616 3677 3800 3726 ὲοίκει.
3842 3668 4047 3728 Ἄλλως

2473 3761 2533 3848 τε
2574 3761 2648 3843 δὲ’
2677 3788 2771 3841 κα)⁵
2818 3785 2852 3854 ἡ
2889 3778 3217 3850 περιχάρεια
3263 3772 3357 3825 καὶ
3410 3769 3471 3820 τὸ
3515 3767 3776 3833 ἀδόκητον
3818 3761 4042 3825 ἀγαθὸν.

2476 3885 2615 3942 οἶδεν
2656 3851 2873 3948 ὲξιστᾷν
2907 3872 2969 3926 οὐ
3007 3867 3267 3942 μετρίως.
3310 3862 3395 3924 Ὦς
3436 3854 3529 3914 οὖν
3575 3857 3670 3909 καὶ
3695 3851 4042 3925 ἀμφοτέρους

805 3948 1080 4063 ὲρῤὦζοαι
1104 3987 1327 4055 διέγνω,
1361 3983 1555 4037 αὐτίκα
1583 3982 1861 4053 πρόθυμος
1889 3982 2188 4052 προθύμοις
2220 3948 2367 4052 ποσὶ,
2405 3985 2540 4056 πρὸς
2607 3978 2698 4031 τὸν
2729 3971 2825 4026 τοῦ
2860 3964 3293 4039 θεραπεύσαντος
3324 3958 3515 4026 τάφον,
3547 3950 3800 4023 ὁμολογεί
3858 3965 3923 4000 τε
3951 3948 4045 4016 τὴν

806 4056 988 4152 χαριν,
1018 4082 1107 4132 καὶ
1137 4077 1233 4147 τὴν
1267 4074 1638 4146 εὐχαριστίαν,
1664 4072 1854 4144 ὥσπερ
1891 4068 2031 4126 οἶδεν
2074 4073 2373 4145 εὐγνώμων
2402 4072 2574 4146 ψυχὴ,
2606 4063 2869 4133 θεοφιλῶς
2903 4056 3216 4141 ἀποδίδωσι.

876 4169 1016 4224 XIV.
1058 4168 1199 4223 Huic
1237 4182 1362 4221 vero
1411 4165 1748 4218 Tbeodorito
1782 4165 2003 4229 accidit,
2044 4176 2103 4219 ut
2145 4166 2377 4223 Sanctus

809 4264 899 4318 ille
924 4262 977 4315 in
1000 4260 1107 4313 alio
1147 4273 1365 4328 quoque
1396 4255 1680 4320 miraculo,
1709 4255 1855 4324 quod
1904 4256 2050 4311 circa
2089 4256 2375 4312 dominum

805 4356 928 4425 ejus
960 4352 1160 4406 factum
1191 4358 1276 4403 est
1304 4348 1578 4417 (quisnam
1599 4357 1803 4403 .autem
1843 4350 1889 4401 is
1921 4349 2013 4414 sit,
2039 4349 2150 4419 jam
2191 4358 2377 4405 osten-

810 4462 931 4500 sutn
963 4444 1066 4513 est)
1109 4441 1420 4495 inserviret.
1453 4438 1559 4492 Sed
1590 4439 1869 4506 quomodo
1900 4439 1953 4492 id
1980 4441 2206 4496 accidit?
2235 4441 2371 4495 Cum

812 4532 1153 4604 Drungarius
1181 4531 1272 4584 hic
1311 4528 1422 4583 Leo
1447 4527 1744 4597 aliquando
1796 4528 2116 4598 equitaret,
2163 4529 2370 4592 evenit,
2408 4555 2453 4617 Β

811 4637 874 4685 ιιι
898 4642 1072 4696 equus
1099 4625 1245 4679 illius
1281 4622 1470 4693 pedem
1522 4637 1679 4676 muro
1717 4622 1971 4688 allidens,
2010 4640 2135 4677 eum
2189 4624 2379 4677 feriret

811 4720 1071 4791 graviter.
1122 4716 1256 4769 Male
1303 4722 1485 4768 autem
1532 4728 1590 4767 se
1644 4715 1884 4768 habebat
1916 4729 2033 4782 pes,
2083 4730 2191 4767 non
2228 4714 2380 4768 brevi

813 4813 997 4879 aliquo
1030 4818 1293 4876 tempore,
1318 4805 1413 4859 sed
1443 4804 1627 4862 multis
1653 4804 1873 4864 diebus.
1901 4804 2108 4861 Deinde
2138 4821 2260 4861 cum
2304 4806 2394 4882 sie

812 4903 1045 4956 allectus
1083 4899 1466 4953 ostenderetur
1498 4898 1750 4959 medicis,
1786 4913 1883 4952 eos
1924 4898 1991 4951 ad
2020 4898 2384 4951 necessariam

816 4996 1117 5051 sectionem
1148 5003 1203 5046 et
1224 4992 1587 5061 chirurgicam
1617 4991 1993 5061 operationem
2024 4990 2382 5062 propellebat.

818 5087 995 5155 Atque
1053 5094 1171 5137 erat
1237 5080 1463 5152 quidem
1514 5080 1633 5134 dies
1682 5093 1951 5149 quartus,
1999 5097 2107 5151 quo
2160 5080 2388 5134 medicis

822 5181 996 5232 visum
1042 5175 1219 5229 fuerat
1245 5175 1322 5229 sic
1349 5175 1547 5229 facere.
1591 5173 1655 5228 Et
1709 5170 1967 5228 Nicolaus
2012 5176 2151 5241 (erat
2203 5184 2386 5229 autem

822 5271 868 5321 is
893 5282 1111 5337 quoque
1143 5281 1287 5321 unus
1314 5281 1378 5319 ex
1422 5266 1489 5319 iis
1514 5266 1607 5335 qui
1641 5264 1953 5320 serviebant
1979 5266 2300 5333 Drungario.
2337 5272 2394 5319 et

823 5362 942 5429 ejus
989 5359 1210 5412 domum
1255 5356 1639 5426 complebant)
1705 5365 1973 5411 statuerat
2030 5356 2145 5425 ipse
2192 5355 2392 5409 aﬂ‘crre

828 5449 1152 5505 sectionem.
1198 5448 1292 5501 llla
1340 5462 1474 5503 vero
1526 5458 1686 5501 nocte
1735 5458 1998 5515 apparent
2059 5447 2396 5502 'l‘heodorito

831 5540 933 5593 viri
968 5549 1079 5593 tres
1147 5539 1371 5592 domum
1417 5537 1712 5609 Drungarii
1759 5536 2147 5608 ingredientes,
2206 5537 2395 5591 habitu

835 5643 891 5687 et
918 5634 1118 5686 amictu
1143 5632 1394 5685 Romani.
1428 5628 1637 5697 Quibus
1680 5630 1855 5684 factus
1885 5630 2126 5693 obviam,
2150 5630 2395 5695 Quonam

830 5726 958 5782 itis?
1000 5727 1226 5796 rogavit.
1263 5724 1343 5779 Illi
1391 5734 1575 5779 autem
1607 5740 1741 5778 voce
1778 5734 1832 5777 ct
1868 5734 2095 5795 aspectu
2142 5724 2353 5793 placido
2383 5739 2398 5776 :

835 5821 915 5874 Ad
977 5820 1258 5875 dominum
1317 5830 1472 5875 tuum
1528 5820 1863 5875 accedimus.
1915 5819 1994 5873 Ad
2056 5819 2171 5873 hazc
2218 5824 2399 5871 autem

2559 4132 2659 4218 lA'.
2698 4157 2789 4229 Τῷ
2814 4136 3133 4222 Θεοδωρίτῳ
3164 4144 3230 4218 δὴ
3255 4142 3428 4213 τούτῳ
3459 4138 3553 4194 καὶ
3578 4136 3750 4207 ἑτέρῳ
3787 4132 4044 4203 θαύματι,

2483 4260 2511 4313 ὃ
2542 4256 2671 4327 ’περὶ⁵
2697 4225 2788 4306 τὸν
2826 4244 3023 4303 ἑαυτοῦ
3054 4242 3375 4311 πέπρακται
3417 4233 3602 4303 κύριον
3635 4229 3816 4299 (δῆλος
3839 4227 3901 4280 δὲ
3930 4225 4047 4296 ήδη,

2482 4350 2569 4413 τίς
2598 4318 2754 4407 οὗτός
2803 4338 2976 4408 ἐστιν)
3012 4332 3288 4399 ἐξεγένετο
3335 4322 3703 4394 ὑπουργῆσαι,
3749 4318 3867 4373 ἀλλ’
3907 4319 4049 4374 ὅπως

2485 4403 2594 4509 ὰρά
2632 4403 2748 4488 καὶ-
2770 4403 3069 4496 ἐξεγένετο.
3103 4420 3211 4476 Τοῦ
3243 4413 3616 4503 Δρουγγαρίου
3656 4410 3910 4468 Λέοντος,
3960 4403 4049 4458 τοῦ

2483 4500 2539 4583 δέ
2591 4521 2969 4595 ἱππαζομένου
3004 4516 3156 4575 ποτὲ,
3199 4500 3491 4581 συμϐαίνει
3542 4503 3635 4557 τὸν
3679 4503 3851 4556 ἵππον
3895 4500 4052 4570 τοίχῳ

2486 4617 2947 4694 προσαρρἀαντα
2978 4613 3069 4665 τὸν
3111 4606 3321 4660 ἐκείνου
3356 4601 3493 4653 πόδα
3538 4597 3738 4668 πλῆξαι
3778 4595 4050 4666 χαλεπῶς,

2484 4683 2614 4783 Είχε
2638 4683 2927 4776 τοίγαροῦν
2964 4699 3214 4769 πονηρῶς
3243 4700 3271 4749 ὁ
3297 4695 3520 4757 ποῦς,οὐ
3550 4693 3681 4762 παρ’
3712 4690 3918 4753 ὀλίγον,
3944 4683 4053 4737 ἀλλ’

2486 4776 2829 4871 ἐνηὴμέραις
2885 4795 3128 4865 συχναῖς.
3177 4784 3310 4843 Εἶτα
3344 4786 3437 4840 καὶ
3490 4785 3602 4847 τοῖς
3640 4780 3846 4851 ἰατροῖς
3886 4776 4054 4836 οὕτως

2488 4898 2623 4967 ἔχων
2653 4888 3117 4956 ἐπιδεικνύμενος,
3146 4882 3279 4952 πρὸς
3306 4880 3480 4950 τομὴν
3510 4874 3703 4936 αὐτοὺς
3745 4869 4055 4937 ἀναγκαίως

2490 4962 2793 5058 παρεκάλει
2835 4980 2930 5033 καὶ
2972 4974 3343 5046 χειρουργίαν.
3401 4969 3467 5020 'H
3505 4968 3603 5035 μὲν
3633 4962 3725 5016 οὖν
3755 4962 3946 5031 ἡμέρα
3980 4975 4060 5010 τε·

2488 5076 2646 5147 τρὰς,
2665 5076 2754 5126 ὅτε
2780 5070 2921 5123 οὕτω
2943 5067 3184 5119 δέδοκται
3215 5064 3328 5123 τοῖς
3359 5061 3559 5129 ἰατροῖς
3580 5056 3711 5126 δρᾷν
3733 5069 3746 5082 ·
3778 5062 3876 5104 και
3904 5054 3933 5102 6
3962 5049 4059 5101 Νι-

2494 5169 2686 5226 κόλαος
2725 5156 2827 5233 (εἷς
2860 5160 2915 5213 δὲ
2941 5159 3035 5212 καὶ
3061 5156 3222 5218 αὐτὸς
3259 5151 3459 5206 τούτων
3480 5145 3569 5221 ἦν,
3603 5148 3677 5216 τῷ
3704 5140 4060 5217 Δρουγγσρίῳ

2492 5278 2551 5314 τε
2589 5255 3029 5326 ὑπηρετούμενος
3066 5249 3159 5300 καὶ
3180 5246 3272 5299 τὸν
3301 5242 3468 5297 αὑτοῦ
3503 5237 3653 5293 οἷκον
3682 5235 4058 5307 συμπληροῦν)

2494 5350 2720 5421 ὡρίζετο
2750 5342 3067 5411 ἐπενεγκεῖν
3102 5339 3263 5399 αὐτὸς
3301 5338 3399 5406 τὴν
3437 5333 3633 5402 τομήν.
3678 5330 3834 5383 Κατὰ
3864 5329 3920 5379 δὲ
3969 5327 4060 5394 τὴν

2497 5419 2667 5496 νύκτα
2698 5439 2933 5506 ἐκείνην,
2965 5434 3343 5501 ἐπιφαίνονται
3384 5426 3462 5497 τῷ
3512 5422 3828 5491 Θεοδωρίτῳ
3875 5419 4063 5489 ἄνδρες

2497 5537 2668 5606 τρεῖς,
2694 5531 2783 5582 τὸν
2805 5526 2951 5582 οἷκον
2973 5527 3228 5585 εἰσιόντες
3252 5519 3343 5573 τοῦ
3373 5522 3767 5588 Δρονγγαρου,
3795 5510 3858 5565 τὸ
3882 5511 4066 5579 σχῆμα

2510 5625 2773 5694 Ῥωμαῖοι
2825 5619 2920 5672 καὶ
2960 5604 3056 5688 τὴν
3094 5613 3408 5687 περιϐολήν.
3444 5603 3537 5671 Οἷς
3567 5607 3917 5676 ὑπαντήσας,
3957 5601 4062 5654 Ποῦ

2501 5720 2557 5773 δὲ
2596 5721 2629 5789 ἡ
2673 5716 2887 5787 ἄφιξις;
2936 5714 3120 5785 ἤρετο.
3155 5713 3261 5764 Καὶ
3310 5708 3463 5761 αὐτοὶ
3495 5705 3698 5779 πραείᾳ
3740 5703 3859 5773 ἅμα
3893 5698 4065 5768 φωνῇ.

2506 5812 2665 5884 πράῳ
2717 5811 2771 5863 δὲ
2820 5809 2914 5861 καὶ
2970 5806 3047 5877 τῷ
3094 5804 3389 5875 βλέμματι,
3435 5799 3577 5869 Πρὸς
3624 5797 3716 5849 τὸν
3758 5794 3946 5864 κύριόν
3978 5807 4066 5843 σον
