4188 6310
185 303 279 365 297

1423 296 1598 357 VITA
1641 295 1701 354 S.
1741 289 2185 352 SAMPSONIS.

3296 278 3403 341 298

182 411 322 464 τόνδε
378 409 641 477 πάριμεν,
688 403 861 459 εἶπον.
915 406 1055 474 Πρὸς
1103 402 1277 457 ταῦτα
1317 401 1395 471 τῷ
1425 402 1774 471 Θεοδωρξτιι)⁴

1866 396 2174 451 l‘heodorito
2207 392 2355 448 venit
2385 392 2440 447 in
2475 401 2731 457 mentem,
2768 394 2826 444 ut
2857 382 3064 445 diceret
3092 407 3103 443 :
3148 388 3251 449 Sed
3281 406 3398 451 vos.

182 503 352 569 λέγειν
378 500 534 569 ἐπῄει
557 515 570 527 ·
616 498 754 551 Ἀλλ’
782 498 1042 567 ἠγνόηται
1076 496 1168 548 καὶ
1196 496 1322 563 ὑμῖν
1352 498 1462 558 τοῖς
1504 496 1733 565 κυρίοις,

180 595 268 647 οἵα
299 594 440 662 λύπη
477 593 555 661 τῷ
578 593 922 664 δρουγγαρξῳ
947 593 1090 659 τῷγε
1119 590 1211 642 νῦν
1234 591 1364 660 ἔχει,
1396 593 1485 643 καὶ
1522 590 1596 652 ὡς
1638 591 1739 659 τή-

187 704 345 758 μερον
400 687 590 756 μέλλον
632 689 747 749 τοῖς
793 689 993 756 ἰατροῖς
1040 685 1212 755 τομὴν
1260 685 1337 754 τῷ
1380 684 1500 737 ποδὶ
1529 683 1737 736 ἐκείνου

183 783 526 847 ἐπενεγκεῐνς
564 782 626 834 Ol
658 780 736 839 δὲ.
781 778 879 843 Οὗ,
929 779 1111 847 φασὶν,
1160 778 1292 830 ἀλλά
1334 777 1492 831 τοῦτό
1543 793 1620 829 σοι
1666 776 1740 846 μὴ

187 873 584 941 παραδεκτέον·
637 873 795 939 ἡμεῖς
852 869 960 939 γὰρ
1016 870 1151 939 πρὸς
1202 867 1361 921 αὑτὸν
1413 867 1741 935 ἐλευσόμεθα

186 964 282 1030 τῆς
339 963 737 1032 Παρασκευῆς,
780 963 875 1013 καὶ
927 962 1087 1013 αὑτὸν
1136 959 1467 1028 ἐποψόμεθα.
1533 959 1743 1012 ’Έωθεν

188 1050 280 1106 οὖν
328 1056 447 1115 τοὺς
500 1053 717 1121 ἰατροὺς
777 1053 937 1123 ἔργου
972 1052 1190 1122 ἔχεσθαι
1233 1052 1610 1120 βουλομένους,
1650 1049 1744 1103 καὶ

186 1146 263 1213 τῷ
303 1145 421 1197 ποδὶ
453 1148 753 1214 ἐπαγαγεῖν
780 1146 877 1214 τὴν
903 1147 1094 1214 τομὴν,
1131 1139 1314 1215 εἶργεν
1345 1146 1371 1197 ὁ
1393 1144 1744 1215 Θεοδώριτος,

187 1237 543 1306 ἐπιμνησθεὶς
608 1238 807 1291 αὐτίκα
852 1236 951 1304 τῆς
1005 1236 1201 1306 όψεως,
1266 1236 1536 1298 κάκείνοις
1598 1237 1747 1299 ὅπως

186 1325 330 1398 εἶχεν
363 1329 789 1399 ἐξηγησάμενος,
825 1330 920 1382 καὶ
954 1330 1106 1382 αὐτοὶ
1143 1329 1199 1381 δὲ
1243 1328 1525 1399 μαθόντες,
1559 1326 1652 1381 καὶ
1685 1327 1747 1380 οὐ

187 1422 500 1494 παροπτέαν
549 1417 687 1475 εἶναι
729 1421 827 1491 τὴν
873 1421 994 1489 ὄψιν
1034 1420 1604 1490 εὐσεϐὦςίκρέναντες,
1644 1420 1751 1471 ἐπ-

183 1516 349 1582 εῖχον.
410 1512 497 1577 Ὠς
555 1513 612 1567 δέ
644 1514 738 1566 καὶ
788 1515 820 1583 ή
864 1512 1192 1585 Παρασκευὴ
1220 1513 1398 1581 παρῆν
1441 1507 1503 1581 (ὦ
1528 1512 1747 1579 Χριστὲ,

184 1603 294 1654 τῶν
322 1602 428 1654 σῶν
469 1603 793 1671 μεγαλείων,
819 1603 892 1665 ὡς
919 1602 1229 1670 θαυμαστὸς
1269 1597 1317 1651 εἷ
1346 1601 1373 1651 ὁ
1397 1600 1528 1662 Θεὸς
1555 1602 1611 1651 ἐν
1640 1602 1749 1660 τοῖς

188 1696 299 1753 σοῖς
332 1693 501 1758 ἁγίοις
522 1693 563 1756 ι)
591 1693 621 1747 ὁ,
652 1690 781 1752 ποῦς
804 1687 890 1759 ἦν,
916 1685 1025 1752 οἷος
1060 1690 1163 1759 πρὸ
1184 1689 1276 1742 τοῦ
1310 1690 1524 1753 παθεῖν,
1561 1690 1751 1756 ἀκραι-

189 1787 325 1851 φνὴς
374 1747 466 1836 παὶ
520 1783 638 1846 ὅλος
678 1747 1060 1849 ὑγιεινότατος,
1088 1747 1185 1853 όύχ
1228 1782 1374 1845 ὅπως
1409 1784 1599 1851 τομῆς,
1637 1779 1748 1833 ἀλλ’
1784 1747 1824 1802 Β

185 1876 307 1928 οὑδέ
335 1890 479 1938 τινος
509 1875 675 1944 ἄλλης
699 1874 1015 1943 ἐπιμελείας
1036 1873 1311 1942 δεόμενος.

260 1968 358 2023 ιε’.
398 1968 471 2020 Οὐ
508 1967 710 2036 ταύτης
770 1968 928 2036 μόνον
967 1959 1121 2027 οὗτος
1171 1966 1198 2017 ό
1241 1964 1541 2034 περιφανὴς
1582 1967 1751 2026 Λέων,

183 2058 326 2112 ἀλλά
357 2061 448 2111 καὶ
483 2060 673 2130 ἐτέρας
698 2057 969 2109 απέλαυσε
1004 2054 1095 2107 τοῦ
1138 2056 1374 2125 μεγάλου
1408 2056 1755 2125 θαυματουρο

188 2151 317 2218 γιας
342 2167 356 2181 ·
385 2153 526 2216 νόσῳ
553 2149 662 2201 τῶν
692 2148 1008 2219 βαρυτάτων
1038 2146 1407 2217 περισχεθεὶς,
1438 2149 1547 2210 τοῖς
1578 2163 1637 2198 τε
1664 2147 1759 2200 ἀλ-

186 2242 305 2297 λοις
340 2240 431 2292 τοῦ
472 2238 718 2309 σώματος
751 2239 973 2308 μέρεσιν
1003 2239 1303 2303 ἀδυνάτοις,
1334 2241 1446 2302 τοῖς
1483 2239 1539 2292 δέ
1568 2240 1759 2307 γόνασι

194 2332 397 2405 μᾶλλον
428 2334 502 2397 ὡς
535 2333 719 2405 σχεδὸν
750 2332 1046 2402 ἀχρήστοις
1079 2333 1279 2395 αὐτοῖς,
1314 2332 1407 2384 καὶ
1439 2333 1573 2403 μηδέ
1607 2335 1759 2404 ἐνερο

189 2430 310 2494 γοῐς
353 2421 526 2489 οὖσιν,
561 2424 855 2492 ἐκέχρητο·
884 2424 942 2472 ἐν
974 2421 1072 2489 μὲν
1105 2421 1211 2490 γὰρ
1250 2422 1443 2490 όμαλεῖ
1478 2422 1627 2492 τόπῳ
1665 2426 1760 2476 καὶ

195 2518 397 2585 necavi};
432 2516 667 2584 βαδίζειν
693 2516 821 2576 ἴσως
851 2510 996 2581 αὐτῷ
1028 2515 1169 2566 κατά
1204 2513 1396 2585 σχολὴν
1428 2516 1529 2569 οὐκ
1558 2514 1759 2568 ἀδύνα-

190 2622 307 2671 τον,
347 2605 587 2674 κλίμακα
634 2603 688 2653 δέ
725 2603 985 2668 ἀνελθεῖν,
1032 2604 1063 2675 ἦ
1100 2603 1312 2658 ὁδεῦσαι
1362 2604 1497 2674 πρὸς
1532 2605 1758 2669 ἄναντα,

188 2700 261 2768 ἦν
294 2699 400 2750 τὼν
443 2699 784 2769 Ἡρακλείων
808 2698 983 2753 ἄθλων
1009 2699 1157 2768 αὐτῷ
1195 2698 1255 2751 τὸ
1288 2697 1611 2767 ἐγχείρημα.
1661 2697 1763 2748 Ἰα-

194 2792 342 2862 τρῶν
370 2788 462 2843 οὖν
486 2793 703 2843 πάντων
741 2791 836 2843 καὶ
858 2792 965 2841 τῶν
995 2791 1167 2841 ἄλλων
1200 2787 1463 2858 βοηθε.ῶν
1488 2787 1760 2855 ἐπαγγελο

190 2884 461 2953 λομένων,
485 2883 636 2935 οὐδὲν
671 2882 830 2933 πλέον
858 2881 965 2934 τῶν
982 2881 1322 2950 ἐπαγγελιῶν
1361 2880 1634 2934 ἀπέλαυσε
1671 2880 1765 2933 καὶ

192 2979 317 3037 ταῖς
350 2975 561 3027 ἐλπίσιν
597 2974 888 3043 ἐνησθῆναι
921 2975 1129 3044 μόναις.
1170 2975 1299 3028 Εἶτα
1325 2976 1422 3042 τῆς
1445 2973 1537 3026 τοῦ
1579 2974 1763 3042 ’Λγίου

1841 504 1873 546 0
1896 487 2125 552 domini,
2158 486 2311 548 latet,
2349 492 2557 554 quanto
2580 485 2632 537 in
2656 482 2944 553 praesentia
2974 483 3164 537 dolore
3190 483 3404 539 laboret

1843 579 2198 649 Drungarius,
2234 585 2287 631 et
2323 579 2466 645 quod
2511 576 2620 631 sint
2663 575 2824 629 hodie
2872 574 3067 629 medici
3109 575 3253 630 illius
3278 575 3406 643 pedi

1842 671 2138 724 sectionem
2173 668 2514 723 adhibituri?
2542 667 2623 723 Illi
2652 677 2831 722 autem
2860 682 2874 720 :
2904 668 3279 739 Nequaquam,
3327 668 3407 723 in-

1842 763 2040 832 quiunt
2066 781 2078 815 :
2115 772 2171 817 et
2203 772 2257 816 tu
2294 762 2346 816 id
2375 777 2442 815 ne
2467 761 2789 816 credideris.
2821 761 2930 817 Nos
2959 762 3104 815 enim
3133 760 3197 816 ad
3228 762 3407 829 ipsum

1844 852 2061 907 venturi
2096 868 2284 907 sumus
2318 853 2370 906 in
2397 852 2717 907 Parasceve.
2746 861 2803 904 et
2836 851 3035 904 malum
3062 852 3178 920 ejus
3222 850 3411 917 inspo-

1845 946 2008 1000 cturi.
2052 926 2203 999 Mane
2261 961 2390 1016 ergo
2446 945 2686 1000 medicos
2723 945 2834 1013 jam
2889 945 3137 999 volentes
3189 959 3409 997 manum

1847 1038 2133 1089 admovere
2159 1037 2335 1105 operi,
2372 1044 2428 1090 et
2475 1037 2598 1106 pedi
2630 1035 2833 1090 inferre
2867 1037 3192 1097 sectionem,
3227 1034 3421 1105 prohi-

1850 1128 1969 1187 buit
2024 1127 2409 1191 Theodoritus,
2452 1130 2633 1183 statim
2686 1128 3005 1184 recordatus
3050 1128 3299 1189 visionis,
3359 1136 3416 1181 et

1847 1218 1928 1273 eis
1954 1234 2184 1273 narrans
2232 1219 2691 1289 quemadmodum
2724 1236 2787 1275 ea
2811 1236 2867 1274 se
2909 1220 3210 1276 habuisset.
3240 1219 3412 1285 Quam

1851 1326 1971 1368 cum
2000 1311 2103 1382 ipsi
2139 1312 2553 1375 intellexissent,
2599 1323 2654 1366 et
2686 1314 2957 1366 visionem
2994 1328 3102 1367 non
3154 1326 3275 1366 esse
3324 1311 3428 1365 de-

1853 1403 2187 1472 spiciendam
2241 1404 2327 1473 pie
2373 1405 2785 1474 iudicavissent.
2832 1405 3240 1458 abstinuerunt.
3278 1403 3418 1460 Cum

1854 1510 1983 1550 vero
2005 1496 2114 1565 jam
2135 1496 2353 1554 adesset
2381 1496 2679 1552 Parasceve
2712 1500 2766 1567 (ο
2790 1507 2904 1562 tua,
2927 1497 3165 1561 Christe,
3191 1512 3415 1565 magna-
3467 1541 3470 1545 .

1853 1586 1956 1641 lial
1999 1606 2016 1639 ι
2051 1586 2222 1653 Quam
2256 1589 2595 1645 admirabilis
2622 1590 2766 1644 Deus
2802 1591 2855 1644 in
2909 1593 3111 1646 sanctis
3139 1591 3247 1647 tuis
3275 1591 3329 1644 'l
3361 1591 3419 1656 ι)

1856 1693 1954 1747 pes
1999 1687 2116 1733 erat
2168 1680 2347 1749 qualis
2398 1689 2693 1750 antequam
2741 1681 3057 1743 laderetur,
3117 1697 3307 1750 purus,
3366 1693 3425 1737 et

1857 1779 2000 1823 totus
2031 1784 2219 1835 sanus,
2242 1785 2348 1824 non
2376 1770 2538 1825 modo
2577 1771 2724 1827 nulla
2758 1772 3024 1838 sectione,
3052 1771 3147 1827 sed
3177 1786 3278 1828 nec
3314 1770 3425 1827 ulla

1858 1862 1962 1917 alia
2000 1862 2253 1933 indigens
2276 1865 2581 1919 curatione.

1926 1955 2038 2010 XV.
2071 1955 2191 2010 Non
2221 1956 2324 2011 hoc
2354 1957 2534 2011 solum
2574 1957 2805 2028 insignis
2840 1957 2929 2014 hic
2965 1957 3096 2022 Leo,
3132 1957 3228 2013 sed
3275 1957 3426 2013 aliud

1855 2060 2076 2115 quoque
2108 2062 2136 2100 a
2162 2063 2358 2118 magno
2383 2048 2684 2119 Sampsone
2710 2060 2798 2105 est
2824 2060 3158 2106 consecutus
3184 2052 3427 2106 miracu-

1856 2136 1990 2192 lum.
2027 2138 2217 2195 Morbo
2239 2142 2385 2195 enim
2407 2143 2726 2211 gravissimo
2748 2143 3024 2207 laborans,
3053 2146 3189 2198 alias
3210 2146 3428 2214 quidem

1858 2231 2107 2301 corporis
2134 2235 2219 2287 sui
2248 2242 2431 2303 partes
2480 2233 2717 2289 habebat
2759 2236 2922 2305 plane
2968 2237 3294 2307 impeditas;
3339 2253 3431 2306 ge-

1860 2340 1966 2379 nua
1998 2339 2131 2379 vero
2160 2326 2558 2393 prapemodum
2596 2327 2833 2392 inutilia,
2867 2338 2922 2383 et
2948 2345 3067 2399 quae
3109 2346 3211 2386 suo
3252 2329 3434 2386 oﬂtcio

1861 2418 2087 2472 tuinime
2134 2419 2284 2488 fungi
2333 2428 2605 2487 poterant.
2667 2420 2726 2473 In
2780 2422 2901 2474 loco
2957 2423 3104 2475 enim
3164 2423 3328 2491 plano
3377 2434 3434 2477 et

1859 2509 2054 2578 aequali
2094 2518 2370 2579 utcunque
2411 2510 2657 2565 fortassis
2695 2510 2905 2580 ingredi
2947 2522 3159 2581 poterat
3192 2529 3206 2566 z
3262 2514 3436 2570 scalas

1864 2609 2045 2655 autem
2077 2601 2503 2665 ascendere,aut
2527 2617 2624 2670 per
2648 2602 2833 2656 locum
2862 2604 3124 2661 acclivem
3152 2606 3430 2673 incedere,

1866 2700 1983 2744 erat
2010 2692 2113 2761 ipsi
2150 2691 2306 2746 labor
2350 2692 2621 2748 Herculeo
2669 2695 2864 2761 major.
2914 2694 2994 2750 Ex
3038 2697 3269 2752 medicis
3302 2714 3437 2753 vero

1867 2782 2141 2845 omnibus,
2176 2791 2230 2834 et
2284 2784 2499 2837 cretei-is
2548 2785 2638 2854 qui
2692 2786 2931 2855 aliquam
2978 2789 3028 2841 ei
3080 2805 3237 2859 opem
3289 2790 3436 2846 ferre

1869 2871 2306 2940 pollicebantur,
2380 2873 2518 2928 nihil
2578 2886 2777 2944 praeter
2830 2880 3097 2953 promissa
3167 2891 3223 2933 et
3281 2898 3435 2950 spem

1870 2963 2068 3018 bonam
2111 2973 2195 3019 est
2239 2974 2543 3020 assecutus.
2595 2966 2797 3022 Deinde
2843 2982 2965 3022 cum
3014 2984 3141 3023 eum
3176 2971 3439 3029 subiisset

198 3069 425 3139 μνήμης
453 3058 855 3135 ’ἐπι).α6ούσης,
906 3071 1094 3134 φρονεῖ
1129 3084 1180 3118 τι
1223 3066 1634 3135 θεοσεϐέστερον
1674 3065 1767 3117 καὶ

1872 3059 2132 3112 memoria
2169 3058 2377 3123 Sancti,
2409 3060 2575 3130 agitat
2602 3061 2787 3115 animo
2817 3061 3022 3130 aliquid
3052 3064 3221 3133 magis
3262 3065 3437 3133 pium,

195 3162 336 3231 πρὸς
390 3162 451 3213 τὸ
496 3159 722 3228 ὠφελεῖν
762 3158 1143 3229 ἀληθέστερον,
1177 3157 1284 3209 τῶν
1326 3156 1501 3210 ἄλλων
1547 3158 1765 3210 πάντων

193 3255 275 3315 ὡς
305 3256 546 3322 ἀνοήτων
573 3252 843 3321 ὑπεριδὼν
873 3252 951 3322 τῷ
988 3253 1200 3305 ἐκείνου
1236 3251 1458 3322 προσεὶς
1500 3249 1676 3320 τάφῳ,
1711 3250 1767 3303 ἐν

191 3340 241 3412 ᾧ
293 3346 583 3413 γενόμενος
630 3344 1035 3413 πραγματείαις
1084 3344 1182 3410 μὲν
1244 3342 1307 3394 οὐ
1355 3340 1550 3411 χρῆταί
1604 3358 1765 3406 τισιν,

194 3436 322 3490 οὐδὲ
346 3435 709 3501 πολυημέροις
740 3432 912 3493 ἄλλως
965 3429 1335 3499 προσεδρξαις,
1371 3431 1501 3498 εὐχῇ
1536 3429 1590 3481 δέ
1627 3430 1765 3500 μόνῃ

196 3528 325 3580 τότε
370 3525 465 3577 καὶ
506 3526 699 3592 ἀλοιφῇ
742 3521 834 3573 τοῦ
882 3521 1093 3573 ἐκεῖθεν
1129 3520 1413 3589 βλύζοντος
1460 3519 1631 3589 μύρου
1676 3520 1770 3571 ἐπὶ

192 3616 317 3674 τοῖς
347 3611 567 3678 γόνασιν
597 3608 761 3662 αὑτοῦ
785 3608 895 3668 τοῖς
932 3606 1293 3677 πεπονηκόσιν
1315 3623 1329 3638 ο
1366 3606 1426 3657 οὐ
1452 3605 1770 3675 γενομένου,

191 3703 568 3761 ἀποϐάλλεται
610 3702 709 3769 μὲν
739 3699 937 3761 εὐθέως
970 3700 1065 3761 τάς
1095 3699 1194 3767 τῆς
1237 3699 1390 3750 νόσου
1416 3698 1600 3760 πέδας,
1637 3698 1773 3767 ῥών-

193 3811 364 3849 νυται
416 3791 472 3843 δὲ
517 3796 643 3850 τοὺς
694 3790 855 3848 πόδας
903 3789 1069 3855 ρὦιν
1106 3790 1489 3855 ἐντονωτάτην.
1540 3788 1773 3839 Ἔπειτα

197 3884 300 3937 καὶ
335 3878 628 3948 ὑγιαίνοντι
656 3877 760 3946 ὃλῳ
793 3875 1004 3946 σώματι
1042 3876 1133 3929 καὶ
1161 3876 1394 3947 ἠδομένῃ
1450 3876 1595 3947 ψυχῇ
1636 3877 1771 3947 πρὸς

193 3977 296 4031 τὸν
352 3972 500 4027 οἷκον
546 3970 790 4024 ἐπάνεισι
831 3972 923 4025 τὸν
972 3973 1189 4025 οἰκεῖον.
1244 3970 1389 4039 Πλὴν
1433 3971 1568 4025 ἀ).λά
1603 3971 1776 4035 δεῖξαι

195 4069 552 4140 βουλόμενος,
596 4065 676 4118 ὅτι
718 4063 793 4134 μὴ
813 4063 960 4131 ,πρὸς
1000 4062 1239 4134 ῥᾴθυμον
1289 4063 1486 4131 ψυχὴν,
1520 4065 1648 4132 περὶ
1676 4065 1775 4125 τάς

194 4163 437 4230 γάριτας
469 4161 504 4231 η
540 4158 862 4229 εὐεργεσία,
898 4154 1033 4211 ἀλλὰ
1061 4157 1193 4226 πρὸς
1222 4154 1538 4223 εὐγνώμονα
1574 4153 1774 4225 μᾶλλον

194 4255 305 4309 καὶ
328 4251 747 4322 θεραπευτικὴν,
766 4250 995 4318 ἐπείπερ
1023 4249 1052 4301 ὁ
1077 4250 1170 4301 τοῦ
1201 4248 1344 4300 θείου
1365 4250 1514 4303 τοῦδε
1538 4246 1776 4318 Σαμψὼν

196 4342 360 4405 οἶκος
389 4343 611 4408 κάμνων
641 4336 709 4407 ἦν
734 4340 855 4390 τότε
891 4342 985 4391 καὶ
1013 4343 1092 4401 εἰς
1142 4339 1269 4406 γόνυ
1304 4340 1531 4402 κλιθεὶς,
1567 4341 1690 4392 ὅσον
1720 4341 1777 4391 ἐν

1870 3156 1927 3202 et
1958 3148 2128 3217 magis
2166 3159 2352 3217 aptum
2400 3150 2466 3204 ad
2515 3151 2803 3205 medelam.
2863 3152 2998 3206 Aliis
3042 3156 3296 3209 omnibus
3342 3156 3442 3211 de-

1850 3240 2093 3310 _spectis,
2141 3249 2401 3310 tanquam
2443 3242 2751 3307 inutilibus,
2791 3246 3007 3299 accedit
3052 3246 3119 3301 ad
3161 3248 3309 3303 illius
3353 3264 3437 3305 se.

1871 3333 2145 3403 pulcrum.
2182 3333 2261 3387 Ad
2292 3334 2439 3404 quod
2471 3349 2596 3388 cum
2638 3337 2901 3403 venisset,
2944 3353 3054 3392 non
3108 3341 3284 3394 utitur
3314 3343 3443 3411 qui-

1870 3424 1994 3479 dem
2063 3425 2343 3495 aliquibus
2416 3428 2715 3497 negotiosis
2773 3430 3193 3496 vacationibus,
3258 3449 3440 3504 neque

1872 3517 2074 3569 multas
2105 3518 2309 3583 alioqui
2355 3517 2473 3571 dies
2517 3520 2627 3572 illic
2686 3521 2910 3579 assidet.
2961 3524 3057 3575 sed
3106 3525 3218 3577 sola
3255 3541 3445 3593 precs.

1871 3607 2019 3663 tione
2064 3616 2122 3661 et
2165 3608 2423 3664 unctione
2472 3610 2761 3685 unguenti.
2797 3615 2943 3681 quod
2994 3614 3144 3669 illinc
3188 3618 3440 3681 scaturit,

1875 3698 2049 3751 utitur
2087 3698 2285 3753 liniens
2335 3714 2513 3768 genua
2563 3701 2703 3754 male
2750 3702 3029 3757 habentia.
3099 3704 3256 3770 Quod
3318 3721 3443 3763 cum

1872 3787 2074 3841 factum
2108 3800 2273 3853 esset,
2313 3791 2575 3844 continuo
2623 3794 2796 3845 morbi
2843 3795 3207 3850 incommodis
3239 3798 3443 3853 libera-

1877 3888 1984 3942 tus,
2021 3880 2361 3951 pedibusque
2390 3897 2532 3936 novo
2575 3883 2775 3939 robore
2816 3885 3046 3941 ﬁrmiter
3087 3889 3448 3946 continuatus

1876 3973 2022 4027 fuit:
2064 3982 2119 4027 et
2163 3987 2288 4029 mox
2316 3985 2431 4029 toto
2478 3992 2642 4031 sanus
2677 3994 2926 4047 corpore,
2962 3992 3018 4035 et
3061 3981 3218 4037 lactus
3261 3986 3448 4039 animo

1876 4064 2099 4117 domum
2162 4066 2477 4118 revertitur.
2535 4067 2735 4120 Verum
2784 4071 3068 4125 enimvero
3110 4060 3234 4126 cum
3285 4078 3444 4130 vellet

1877 4154 2190 4220 ostendere,
2230 4172 2339 4211 non
2382 4160 2435 4212 in
2466 4158 2719 4230 ignavum
2753 4160 3056 4225 hominem.
3097 4174 3147 4218 et
3192 4165 3445 4224 beneﬁcii

1879 4245 2089 4315 accepti
2132 4246 2529 4313 immemorem,
2587 4250 2641 4305 id
2694 4253 2862 4307 fuisse
2909 4254 3193 4320 collatum,
3240 4260 3336 4312 sed
3391 4261 3446 4313 in

1883 4336 2060 4388 virum
2109 4346 2324 4403 gratum
2379 4347 2439 4391 et
2487 4339 2671 4408 pium;
2731 4346 2990 4409 quoniam
3053 4344 3227 4399 divini
3284 4346 3451 4416 hujus

195 4437 461 4507 χρήμασι
500 4433 597 4485 καὶ
627 4431 944 4501 ἀναλώμασι
978 4432 1089 4492 τοῖς
1119 4432 1200 4493 εἰς
1234 4430 1371 4495 δέον,
1412 4433 1644 4484 αἰτεῖται
1682 4434 1772 4485 τὸν

1881 4424 2196 4495 Satnpsunis
2221 4430 2418 4484 domus
2450 4439 2578 4487 tunc
2604 4422 2757 4486 'male
2785 4444 2929 4487 sarta
2960 4442 3209 4507 tectaque
3235 4441 3449 4491 ruinam

197 4526 452 4599 χρηστὸν
488 4527 894 4578 Κωνσταντίνον
924 4525 1152 4594 (ἐκεῖνος
1178 4524 1284 4593 γὰρ
1316 4519 1384 4595 ἧν
1417 4526 1445 4578 ὁ
1484 4523 1607 4576 τότε
1646 4540 1781 4592 κρα·

195 4620 345 4687 τῶν)
374 4616 777 4687 ἐγχειρισθῆναι
816 4617 866 4668 οἱ
904 4616 998 4667 τοῦ
1032 4616 1180 4667 οἴκου
1215 4616 1368 4669 τοῦδε
1408 4618 1507 4685 τὴν
1545 4632 1781 4685 προστα-

201 4713 362 4764 σίαν.
407 4709 466 4762 '0
495 4710 593 4778 μὲν
619 4706 709 4761 οὖν
748 4706 1058 4777 ἐδίδου,ῇόει
1080 4706 1186 4776 γάρ
1210 4700 1319 4767 οἷος
1344 4707 1441 4775 τὴν
1465 4708 1783 4776 ἐπιμέλειαν

198 4807 237 4856 ὁ
266 4796 436 4867 ἀνὴρ.
467 4799 625 4861 αὐτὸς
659 4800 716 4851 δέ
755 4797 968 4862 λαὸὦν,
1009 4798 1109 4850 οὐκ
1165 4796 1329 4860 ἀνίει,
1383 4798 1473 4848 καὶ
1520 4798 1685 4865 χειρὶ,
1723 4798 1786 4849 τὸ

199 4890 310 4945 τοῦ
346 4891 529 4957 λόγου,
565 4889 660 4940 καὶ
690 4888 807 4938 ποδί
837 4888 1302 4957 συμϐαλλόμενος,
1332 4887 1427 4939 καὶ
1467 4889 1642 4939 πᾶσαν
1670 4890 1784 4938 εἰσ-

201 4988 369 5049 άγων
402 4983 519 5034 ἐκεῖ
560 4980 659 5048 τὴν
696 4979 952 5047 σπουδὴν,
1005 4978 1108 5039 ἓως
1159 4978 1423 5047 ἀνέστησέ
1461 4994 1517 5030 τε
1556 4978 1653 5029 καὶ
1689 4979 1788 5047 ἀρ-

199 5076 463 5135 κούντως
492 5073 639 5143 ἔχειν
670 5072 792 5124 καθ’
818 5072 1006 5125 ἐαυτὸν
1043 5070 1477 5139 παρεσκεύασεν.

1881 4518 2215 4585 minabatur,
2241 4521 2440 4577 oblatis
2466 4524 2718 4594 pecuniis
2746 4541 2809 4581 ac
2845 4528 3160 4597 sumptibus
3185 4539 3453 4599 Opportu-

1881 4611 1985 4673 nis,
2017 4613 2163 4683 quod
2201 4616 2467 4670 attinebat
2494 4617 2561 4670 ad
2591 4620 2852 4685 pecunias
2891 4630 2947 4674 et
2975 4625 3224 4690 sumptus
3251 4639 3453 4693 oppor-

1881 4709 2070 4762 tunos.
2097 4704 2280 4769 petita
2301 4705 2446 4758 bono
2476 4706 2840 4764 Constantino
2869 4710 2980 4778 (l5)
3012 4710 3123 4779 (ille
3147 4717 3293 4764 enim
3322 4724 3455 4764 tunc

1882 4792 2168 4848 obtinebat
2208 4795 2521 4867 imperium)
2550 4809 2609 4853 ut
2629 4816 2759 4853 cura
2789 4801 2935 4854 illam
2960 4803 3305 4857 restaurandi
3347 4804 3453 4858 sibi

1883 4885 2331 4941 demandaretur.
2390 4888 2565 4955 Atque
2608 4890 2697 4941 ille
2746 4891 2970 4958 quidem
3008 4891 3185 4943 dedit.
3229 4892 3455 4945 Sciebat

1895 4980 2040 5032 enim
2069 4990 2268 5046 quanta
2293 4988 2436 5032 esset
2468 4980 2565 5032 viri
2601 4981 2869 5035 industria
2903 4994 2957 5035 et
2989 4984 3292 5053 diligentia.
3334 4984 3455 5053 Ipse

1896 5082 2075 5126 autem
2101 5087 2226 5127 cum
2259 5075 2577 5142 accepisset.
2615 5090 2720 5127 non
2754 5075 3084 5137 remittebat,
3122 5078 3214 5130 sed
3237 5088 3455 5131 omnem

201 5173 513 5227 rudentem
561 5182 687 5238 apte
724 5169 992 5232 movebat,
1051 5178 1106 5223 et
1148 5168 1419 5229 tuaiiibus.
1457 5176 1517 5221 ut
1566 5164 1789 5229 dicitur,
1835 5167 2174 5234 pedibusque
2232 5156 2621 5235 coninndehat,
2671 5179 2725 5222 et
2767 5186 2927 5224 omne
2985 5172 3050 5222 ad
3105 5172 3155 5223 id
3211 5172 3454 5224 studium

200 5268 539 5323 adhibebat.
566 5267 742 5318 donec
786 5280 905 5318 eam
949 5263 1212 5338 restituit,
1245 5268 1298 5313 et
1338 5270 1600 5326 quantum
1636 5260 1687 5311 in
1730 5275 1785 5311 se
1812 5260 1933 5322 fuit,
1964 5260 2167 5319 eil‘ecit.
2203 5274 2449 5317 utsauus
2475 5263 2611 5315 bene
2634 5279 2691 5315 se
2733 5262 2972 5317 haberet.

284 5433 305 5462 ³
342 5427 487 5480 Psal.
513 5439 674 5488 urit,
702 5420 789 5474 56.

289 5614 411 5679 illi)
455 5613 512 5666 ln
543 5609 828 5679 Ecgrapho
855 5608 1042 5663 Graeco
1066 5609 1330 5679 scriptum
1362 5617 1480 5662 erat
1526 5608 1626 5669 Ίὼ,
1689 5624 1786 5674 pro

201 5676 327 5761 quo
391 5676 817 5740 Constantinum
869 5681 1045 5748 posui,
1101 5676 1309 5733 scilicet
1360 5678 1790 5749 l‘orphyrogeni-

549 5782 822 5849 PATROL.
869 5780 979 5838 GR.
1022 5777 1199 5839 CXV.

1901 5618 2036 5671 tuin,
2070 5606 2161 5678 qui
2194 5605 2260 5659 ab
2292 5620 2434 5658 anno
2486 5604 2590 5659 912
2618 5618 2807 5678 Διιςιιιιε
2855 5605 2921 5658 ad
2972 5604 3063 5678 604
3080 5605 3255 5661 tenuit
3289 5606 3458 5678 impe-

1901 5680 2064 5731 rium.
2115 5676 2243 5731 Vide
2270 5678 2574 5731 Comment.
2616 5675 2783 5729 Prtev.
2819 5690 2967 5728 num.
3006 5675 3091 5727 l‘l.

3027 5770 3094 5831 10
