4188 6310
702 285 813 351 299

711 485 958 544 eumdem
1017 480 1209 539 habet.
1272 483 1367 552 qui
1414 476 1607 552 passu's
1643 490 1765 559 est,
1819 492 1875 538 et
1912 483 2190 547 eumdem,
2223 485 2316 553 qui

714 576 949 636 curavit.
981 574 1117 628 Nam
1155 576 1262 645 qui
1301 589 1498 644 passus
1533 558 1754 644 quidem
1802 584 1907 640 est,
1942 575 2045 630 fuit
2086 576 2318 646 insignis

718 672 870 726 Leo:
928 666 1211 733 Sampson
1266 676 1451 720 autem
1492 666 1730 729 divinus,
1772 666 1865 736 qui
1908 669 2136 723 curavit.
2180 668 2312 733 Ilyel

717 764 801 819 los
837 757 945 829 (I6)
981 766 1067 810 est
1125 770 1278 813 unus
1318 756 1543 812 morbus
1591 772 1657 812 ex
1708 757 1775 810 iis
1813 758 1906 827 qui
1954 768 2318 828 corrumpunt

723 853 911 908 oculos
951 847 1271 902 hominum.
1314 848 1417 914 Qui
1450 862 1576 903 cum
1608 849 1661 902 in
1694 849 1843 903 illius
1870 850 2131 927 canthum
2161 852 2317 905 incu-

723 945 956 1003 buisset,
1004 954 1136 993 eum
1182 930 1341 995 valde
1388 940 1693 1010 premebat.
1753 940 1890 993 Eum
1952 955 2076 994 cum
2118 942 2317 1012 aliquis

727 1033 1068 1092 exsecuisset
1103 1031 1378 1096 medicus,
1432 1032 1665 1086 laedebat
1701 1031 1903 1100 potius,
1952 1047 2116 1101 quam
2155 1032 2316 1102 jura-

728 1133 817 1188 bat
847 1146 859 1184 :
887 1130 940 1183 in
984 1127 1092 1179 hoc
1116 1127 1236 1179 solo
1271 1124 1642 1189 excusandus,
1684 1123 1831 1192 quod
1859 1139 1965 1179 non
1991 1140 2089 1179 sua
2123 1139 2316 1194 sponte

728 1225 987 1279 damnum
1024 1219 1233 1273 attulit.
1267 1217 1353 1271 Fit
1379 1218 1525 1272 enim
1565 1217 1736 1271 sectio
1773 1216 2034 1279 maxima,
2074 1226 2132 1272 et
2161 1219 2316 1274 valde

730 1314 1081 1387 periculosa,
1149 1327 1314 1380 quam
1370 1310 1542 1380 ipsam
1615 1325 1838 1381 quoque
1887 1308 2109 1365 divinus
2161 1322 2317 1367 curat

730 1413 1036 1478 Sampson,
1073 1403 1205 1458 dum
1265 1403 1411 1459 illius
1453 1414 1734 1474 unguento
1778 1404 2003 1473 ungitur
2057 1403 2317 1474 frequen-

731 1505 861 1569 tius,
905 1499 1145 1571 quodam
1198 1498 1496 1552 admodum
1549 1501 1718 1566 p'arvo
1777 1498 1971 1552 relicto
2026 1499 2315 1563 foramine,

731 1596 895 1665 idque
931 1590 1117 1647 dedita
1145 1605 1334 1660 opera,
1369 1600 1423 1645 et
1448 1597 1677 1667 prepter
1707 1591 2021 1647 utilitatem.
2056 1591 2187 1644 Nam
2218 1607 2316 1659 per

732 1691 907 1757 ipsum
959 1685 1159 1740 humor
1220 1684 1445 1754 quidam
1494 1682 1650 1737 facile
1702 1682 1951 1746 eﬂluens,
1982 1692 2035 1739 et
2073 1684 2234 1738 oculo
2260 1694 2316 1738 et

733 1781 894 1850 capiti
927 1778 1159 1835 multum
1198 1776 1427 1847 profuit.

804 1870 968 1925 XVII.
1001 1869 1310 1940 Adjiciatur
1339 1868 1461 1923 aliis
1510 1867 1687 1938 magni
1722 1866 2043 1936 Sampsonis
2073 1866 2318 1921 miracu-

732 1963 795 2017 tis
827 1960 1153 2015 miraculum
1192 1975 1414 2029 quoque
1449 1958 1691 2014 Genesii.
1725 1957 1862 2011 Nam
1901 1965 2099 2026 przeter
2144 1966 2321 2012 terro-

734 2068 870 2114 rem.
907 2052 1075 2106 habet
1106 2052 1270 2105 etiam
1326 2051 1379 2104 in
1428 2064 1487 2103 se
1534 2048 1959 2120 iucunditatem,
2004 2057 2060 2104 et
2088 2058 2173 2105 est
2215 2065 2317 2105 au-

733 2145 851 2198 ditu
881 2141 1286 2213 dignissimum.
1336 2140 1436 2194 Hic
1466 2155 1597 2210 ergo
1627 2138 1901 2194 Genesius
1938 2149 2059 2194 erat
2089 2140 2317 2210 quidem

730 2251 873 2291 unus
907 2251 974 2289 ex
1006 2235 1189 2297 clero;
1228 2232 1331 2287 fuit
1383 2240 1565 2288 autem
1594 2233 1795 2287 multos
1844 2246 2021 2287 annos
2067 2233 2319 2288 minister

733 2327 1101 2389 xenodochii;
1162 2339 1273 2378 non
1369 2324 1555 2377 minus
1617 2323 1788 2386 enim,
1859 2337 2023 2392 quam
2095 2324 2316 2395 triginta

730 2435 999 2477 annorum
1036 2418 1141 2473 fuit
1180 2418 1299 2488 ejus
1327 2416 1725 2471 ministerium.
1761 2416 1891 2471 Erat
1924 2426 2107 2473 autem
2150 2418 2203 2472 in
2250 2433 2317 2474 eo

730 2510 1026 2565 admodum
1070 2523 1259 2563 socors
1303 2517 1359 2562 et
1400 2508 1703 2577 negligens.
1749 2508 1863 2564 Una
1906 2506 2093 2578 itaque
2154 2519 2315 2565 nocte

730 2601 1003 2657 accedens
1034 2599 1287 2663 Sanctus,
1318 2598 1516 2652 multas
1545 2597 1596 2652 ei
1624 2597 1809 2667 plagas
1835 2597 2054 2659 inﬂixit,
2085 2598 2313 2652 dicens:

728 2694 840 2749 Cur
866 2708 979 2747 non
1005 2707 1070 2747 ea
1106 2692 1336 2761 praebes,
1385 2690 1590 2759 quibus
1626 2697 1791 2757 egent
1829 2687 2073 2740 infirmi?
2113 2697 2170 2742 et
2217 2703 2317 2742 cur

731 2784 1071 2854 negligenter
1116 2782 1353 2835 versaris
1403 2782 1457 2835 in
1496 2780 1602 2833 hoc
1647 2788 1741 2833 tuo
1785 2778 2135 2833 ministerio?
2189 2779 2315 2835 Haec

730 2885 913 2931 autem
950 2889 1058 2930 non
1111 2874 1164 2927 in
1211 2872 1441 2938 somnis,
1500 2887 1681 2942 neque
1738 2887 1837 2941 per
1888 2870 2095 2925 nudam
2135 2872 2312 2925 solum

730 2970 999 3023 visionem
1048 2968 1218 3029 facta,
1274 2967 1370 3021 sed
1418 2981 1586 3033 opere
1630 2966 1755 3032 ipso
1798 2979 1921 3017 mox
1970 2961 2314 3016 manifestata

730 3059 977 3113 fuerunt.
1036 3057 1192 3111 Mane
1230 3056 1378 3110 enim
1430 3063 1642 3108 mutum
1690 3052 1913 3123 quidem
1947 3062 2071 3113 erat
2111 3068 2172 3111 os
2202 3053 2311 3110 Ge-
2339 3096 2382 3154 ο

729 3152 906 3215 nesio,
938 3152 1077 3206 livor
1115 3158 1301 3205 autem
1330 3157 1385 3203 et
1424 3148 1621 3204 tibiecs
1653 3146 1927 3203 manifesti
1968 3148 2019 3201 in
2056 3162 2308 3218 corpore,

730 3259 837 3297 non
886 3242 1090 3304 minus,
1151 3256 1316 3310 quam
1366 3241 1573 3309 lingua,
1634 3239 1779 3309 quod
1837 3238 2040 3293 factum
2108 3237 2309 3302 fuerat,

729 3334 1141 3404 signiﬁcabant.
1170 3332 1308 3388 Cum
1340 3333 1528 3400 itaque
1560 3330 1825 3399 quidnam
1864 3330 1970 3384 sibi
1998 3329 2310 3393 accidisset,

728 3435 953 3494 rogatus
986 3425 1261 3493 explicare
1292 3438 1401 3477 non
1445 3429 1650 3491 posset,
1694 3421 1744 3475 ei
1794 3420 1957 3474 datur
2016 3421 2311 3486 eharta,in

729 3533 836 3588 qua
860 3518 1101 3588 scripsit,
1132 3514 1409 3587 quomodo
1439 3530 1498 3571 se
1542 3514 1868 3569 habuissent
1903 3529 1966 3569 ea
1996 3529 2117 3584 quae
2167 3514 2309 3569 facta

728 3609 964 3664 fuerant.
1020 3606 1160 3662 Tres
1206 3606 1429 3662 interim
1478 3604 1599 3658 dies
1649 3603 2056 3673 prasterierunt,
2112 3613 2168 3657 ct
2220 3606 2311 3657 ille

730 3700 953 3769 quidem
984 3698 1167 3751 adhuc
1199 3704 1317 3749 erat
1346 3695 1607 3766 elinguis.
1652 3693 1790 3747 Cum
1825 3692 1940 3746 hac
1982 3702 2165 3746 autem
2198 3693 2311 3764 jam

730 3794 995 3849 audiisset
1031 3790 1392 3861 Drungarius,
1426 3803 1537 3842 non
1574 3785 1812 3855 amplius
1852 3786 2125 3842 contineri
2164 3796 2311 3857 pote-

731 3895 837 3951 rat,
863 3885 958 3941 sed
991 3886 1057 3939 ad
1086 3897 1298 3937 sacram
1328 3879 1551 3933 domum
1585 3879 1771 3934 statim
1804 3878 2038 3943 accedit,
2082 3880 2312 3946 cupiens

732 3994 830 4047 per
872 3974 1360 4043 interrogationem
1388 3981 1446 4027 et
1480 3968 1902 4038 responsionem
1931 3968 2123 4022 audire
2152 3982 2314 4039 aper-

732 4070 866 4131 tius.
898 4082 961 4123 ea
997 4082 1117 4137 qua:
1148 4064 1289 4121 facta
1323 4064 1542 4118 fuerant
1572 4076 1586 4114 :
1620 4060 1714 4117 sed
1741 4061 1966 4116 modum
2003 4076 2113 4117 non
2161 4061 2313 4116 inve-

732 4162 891 4216 niens
926 4164 1154 4227 prepter
1200 4153 1444 4218 vincula,
1485 4151 1691 4222 quibus
1729 4151 1911 4207 adhuc
1972 4160 2091 4206 erat
2155 4151 2312 4205 astri-

731 4263 817 4303 cta
865 4249 1046 4317 lingua
1100 4244 1441 4315 aegrotantis,
1497 4259 1615 4299 rem
1660 4243 1956 4298 committit
2000 4243 2308 4311 precibus:

732 4341 930 4395 Sancte
960 4338 1078 4403 Dei,
1107 4337 1318 4401 dicens,
1349 4335 1480 4401 scis,
1523 4334 1640 4390 scis
1670 4344 1875 4404 quanta
1902 4349 2022 4389 mea
2065 4335 2134 4390 sit
2161 4336 2213 4389 in
2260 4343 2311 4390 te

2059 286 2342 348 MENSIS
2380 290 2680 351 JUNIUS.

781 394 896 452 XVI
950 393 1068 447 Nec
1126 395 1233 447 hoc
1295 408 1514 465 quoque
1570 392 2128 462 prmtermittendum,
2180 396 2325 464 quod
2360 406 2403 459 Α

2508 397 2625 467 tq'.
2668 401 2800 454 Οὐδὲ
2836 402 2993 457 τοῦτο
3022 406 3353 474 παραλιπεῖν
3390 408 3557 474 ἄξιον,
3598 410 3624 463 δ
3653 412 3744 465 καὶ
3787 412 3877 466 τὸν
3917 415 4000 468 ία-

2431 492 2665 562 υάμενον
2700 496 2793 548 καὶ
2829 495 2921 549 τὸν
2952 498 3115 551 αὐτὸν
3138 500 3230 551 ἐπὶ
3265 500 3432 570 ἄμφω
3460 502 3676 556 ἰαθέντα
3702 504 3997 575 σημαίνει·

2426 583 2455 633 ὁ
2492 582 2590 649 μὲν
2616 583 2723 653 γὰρ
2751 580 2816 655 ἧν
2846 586 2873 636 ὁ
2919 588 3226 658 περιφανὴς
3265 589 3433 649 Λέων.
3467 591 3705 660 Σαμψὼν
3725 593 3779 645 δὲ
3808 596 3835 645 ὀ
3858 595 4001 658 θεῖος

2427 674 2786 742 ὀίασάμενος.
2825 677 3035 747 ’Υέλωψ
3099 679 3159 732 τὸ
3204 679 3376 743 πάθος
3428 681 3486 733 ἓν
3538 684 3653 735 ἐστι
3710 686 4003 739 καὶτοῦτο

2425 762 2533 816 τῶν
2583 764 2895 835 ὀφθαλμοὺς
2945 770 3250 839 ἀνθρώπων
3294 775 3703 839 ἐπισαινόντων,
3736 777 3895 844 agni.
3925 779 4003 849 τῷ

2425 855 2645 907 ἐκείνου
2669 856 2852 927 κανθῷ
2889 859 3223 929 ἐπισκῆψαν,
3266 864 3482 929 ἐπίεζεν
3528 866 3784 937 ίσχυρὼς.
3832 868 4003 922 Τοῦτο

2431 947 2632 1016 ἰατρῶν
2684 965 2764 1009 τις
2836 949 3094 1019 ἐκκόψας,
3146 953 3398 1021 βλάπτων
3452 957 3666 1027 ὑπῆρχε
3724 959 3926 1027 μᾶλλον
3968 962 4001 1030 ἢ

2426 1038 2677 1108 ὠφελῶν,
2710 1043 2803 1093 καὶ
2828 1042 3000 1114 τούτῳ
3034 1044 3178 1114 μόνῳ
3199 1046 3398 1116 δηλαδὴ
3428 1049 3502 1118 μὴ
3538 1053 4001 1121 πονηρευόμενος,

2425 1132 2507 1183 ὅτι
2550 1134 2625 1202 μὴ
2663 1132 2807 1185 ἑκὼν
2845 1136 3017 1203 ἐπῆγε
3057 1138 3153 1207 τὴν
3210 1138 3451 1209 βλάϐην·
3511 1144 3743 1212 μεγίστη
3800 1145 3909 1214 γάρ
3970 1148 4003 1212 ὴ

2426 1224 2563 1293 τομὴ
2619 1226 2827 1291 γίνεται
2865 1231 2955 1281 καὶ
2986 1229 3169 1299 ἄκρως
3213 1233 3538 1302 ἐπισφαλὴς,
3580 1236 3647 1306 ἢν
3690 1239 3784 1289 καὶ
3830 1239 4003 1307 αὐτὴν

2426 1316 2453 1365 ὁ
2520 1314 2661 1378 θεῖος
2728 1318 2874 1371 ίᾶται
2937 1320 3197 1389 Σαμψὼν,
3240 1324 3318 1392 τῷ
3365 1325 3575 1379 ἐκείνου
3630 1327 4005 1398 θαμινώτερον

2426 1407 2818 1477 ἑπιχριομένην
2856 1448 2869 1468 ,
2930 1414 3132 1480 μικρᾶς
3188 1430 3333 1476 τινος
3385 1415 3525 1481 ἄγαν
3580 1418 4003 1489 ὑπολειφθείσης

2424 1497 2587 1565 ὀπῆς,
2620 1499 2715 1552 καὶ
2745 1501 2915 1569 αὐτῆς
2941 1504 3081 1555 κατά
3110 1505 3366 1572 πρόνοιαν
3387 1507 3586 1578 δηλαδὴ
3612 1510 3705 1562 καὶ
3734 1512 3827 1564 τοῦ
3858 1511 4007 1580 ὠφε-

2427 1586 2537 1638 λεῖν
2567 1587 2773 1641 ἕνεκεν·
2819 1589 2907 1643 διὰ
2945 1591 3044 1661 τῆς
3074 1595 3245 1664 αὐτῆς
3283 1594 3391 1666 γάρ
3428 1598 3595 1667 ίκμάς
3640 1617 3719 1660 τις
3755 1601 4000 1671 εὐχερῶς

2427 1680 2809 1752 ἀπορρέουσα,
2840 1683 2906 1735 τά
2966 1686 3083 1753 μεθ’
3110 1687 3205 1739 ὅλα
3236 1688 3312 1758 τῷ
3364 1707 3421 1742 τε
3476 1691 3739 1763 ὀφθαλμῷ
3780 1696 3879 1748 καὶ
3935 1698 4001 1763 τῇ

2348 1762 2391 1817 Β
2422 1772 2632 1841 κεφαλῇ
2678 1775 2982 1829 συνέτεινε.

2496 1864 2597 1918 lZ’.
2637 1866 2939 1936 Προσθήτω
2975 1872 3067 1924 καὶ
3115 1874 3175 1926 τὸ
3226 1874 3320 1927 τοῦ
3362 1877 3611 1931 Γενεσίου
3656 1881 3769 1941 τοῖς
3817 1880 4003 1943 ἄλλοις

2422 1955 2516 2010 τοῦ
2547 1956 2801 2025 Μεγάλου
2836 1959 3158 2032 θαύμασιονο
3186 1965 3299 2035 ἔχει
3328 1968 3432 2038 γὰρ
3472 1971 3609 2038 μετὰ
3637 1970 3731 2022 τοῦ
3764 1970 4001 2041 φοϐεροῦ

2420 2049 2517 2103 καὶ
2555 2049 2616 2103 τὸ
2645 2051 2856 2120 χαρίεν,
2889 2055 2980 2105 καὶ
3005 2054 3150 2107 ἐστιν
3185 2058 3446 2119 ἐπιεικῶς
3492 2059 3875 2122 ἁξιάκουστον.
3942 2063 4002 2115 '0

2420 2140 2601 2193 τοίνυν
2624 2140 2876 2203 Γενέσιος
2907 2137 3059 2202 οὗτος
3083 2140 3151 2214 ἦν
3183 2146 3280 2213 μὲν
3307 2141 3385 2208 εἷς
3412 2147 3520 2199 τῶν
3547 2147 3640 2213 τοῦ
3671 2149 3897 2220 κλήρου,
3932 2147 4002 2221 ἦν

2420 2229 2477 2282 δὲ
2529 2229 2623 2283 καὶ
2649 2229 2940 2301 ὑπουργῶν
2992 2234 3119 2303 περὶ
3175 2236 3272 2297 τὰς
3298 2236 3390 2288 τοῦ
3419 2237 3645 2303 ξενῶνος
3673 2240 3830 2293 τοῦδε
3858 2242 4003 2294 λειτ-

2420 2320 2666 2405 ουργίας,
2721 2320 2813 2392 ἔτη
2864 2323 3035 2395 συχνά
3055 2341 3067 2354 ·
3103 2326 3322 2395 καὶγὰρ
3351 2328 3449 2381 οὐκ
3481 2328 3720 2383 ἐλάττων
3750 2331 3783 2399 ἦ
3815 2332 4002 2401 χρόνοι

2419 2411 2713 2481 τριάκοντα
2747 2414 2779 2484 ἡ
2806 2415 3100 2486 ὑπηρεσία.
3138 2417 3432 2487 Ἐτύγχανε
3455 2420 3511 2473 δὲ
3533 2418 3608 2473 ὢν
3633 2421 3845 2492 ἀμελὴς
3870 2417 4000 2493 περὶ

2420 2501 2590 2569 αὐτὴν
2612 2504 2707 2555 καὶ
2737 2504 2980 2570 ἀτέχνως
3014 2507 3274 2574 ῥᾴθυμος.
3311 2508 3493 2581 Ταύτῃ
3514 2528 3596 2563 τοι
3629 2515 3721 2563 καὶ
3757 2516 3857 2580 μιᾷ
3889 2513 3999 2564 τῶν

2421 2592 2655 2655 νυκτῶν,
2706 2595 2934 2656 ἐπιστὰς
2966 2594 3119 2665 αὐτῷ
3166 2597 3194 2648 ό
3248 2598 3457 2664 Ἀγιος,
3509 2600 3725 2668 πληγὰς
3768 2604 3997 2654 ἐντείνει

2421 2684 2646 2751 πολλὰς,
2679 2685 2778 2741 Διὰ
2819 2686 2871 2738 τί
2912 2686 3009 2756 μὴ,
3048 2687 3245 2754 λέγων,
3298 2689 3560 2757 παρέχεις
3589 2683 3663 2742 ῶν
3710 2692 3903 2759 χρείαν
3942 2693 4000 2745 κοί

2418 2778 2721 2846 κάμνοντες
2754 2776 2961 2847 ἔχουσι,
2994 2780 3085 2831 καὶ
3130 2778 3217 2833 διὰ
3262 2780 3315 2833 τί
3361 2782 3489 2852 περὶ
3516 2783 3723 2850 ταύτην
3759 2800 3855 2835 σου
3900 2784 3999 2854 τὴν

2418 2866 2696 2921 διακονίαν
2715 2869 3005 2938 ’ὀλιγώρως
3037 2870 3217 2940 ἔχειςς
3252 2872 3436 2925 Ταῦτα
3469 2872 3525 2925 δὲ
3582 2875 3681 2927 ούκ
3715 2875 3846 2946 ὄναρ
3876 2877 3999 2929 οὐδὲ

2422 2959 2584 3028 μέχρι
2613 2960 2707 3013 καὶ
2736 2961 2897 3030 ψιλῆς
2930 2964 3232 3030 φαντασίας
3264 2964 3455 3035 ἔτυχεν
3486 2969 3851 3039 εἰργασμένα,
3879 2973 3996 3024 ἀλλ’

2416 3050 2505 3103 ἐπ’
2528 3051 2710 3105 αὐτῶν
2739 3052 2998 3125 ἄντικρυς
3037 3054 3147 3107 τῶν
3179 3055 3360 3126 ἔργων
3400 3059 3494 3109 καὶ
3522 3061 3555 3128 ή
3590 3060 3864 3124 ὑπόδειξις
3897 3081 3998 3131 φα-

2415 3144 2547 3213 νερά
2567 3160 2579 3173 ·
2604 3144 2775 3198 ἕωθεν
2808 3147 2917 3215 γὰρ
2954 3149 3173 3215 ἄφωνον
3207 3148 3305 3216 μὲν
3333 3145 3401 3217 ἦν
3426 3150 3505 3217 τῷ
3525 3150 3762 3220 Γενεσίῳ
3784 3155 3843 3205 τὸ
3879 3157 3999 3208 στὸ-

2420 3253 2515 3304 μα,
2552 3237 2805 3304 μελανίαι
2831 3238 2887 3291 δὲ
2925 3238 3020 3290 καὶ
3054 3238 3402 3303 πελιδνώσεις
3439 3241 3567 3310 περὶ
3600 3242 3660 3294 τὸ
3688 3246 3851 3313 σῶμα
3884 3246 3998 3300 δια·

2416 3330 2625 3395 φανείς,
2683 3328 2930 3399 γλώττης
2980 3331 3078 3383 οὐκ
3130 3330 3353 3386 ἔλαττον
3419 3334 3869 3403 άπαγγέλλουσαι
3929 3343 3998 3393 τὰ

2415 3420 2749 3491 πραχθέντα.
2796 3422 2949 3476 Ἐπεὶ
2982 3420 3076 3477 οὖν
3104 3425 3195 3477 καὶ
3228 3426 3583 3497 ἐρωτώμενος
3625 3429 3652 3481 ὅ
3700 3432 3994 3491 πεπόνθοι,

2412 3512 2749 3584 διασαφῆσαι
2783 3514 3043 3578 ἀδύνατος
3075 3513 3163 3585 ἦν,
3197 3518 3406 3587 χάρτης
3440 3521 3589 3589 αὐτῷ
3646 3522 3873 3588 δίδοται,
3906 3529 3997 3579 καὶ

2413 3610 2607 3677 τούτῳ,
2638 3611 2788 3669 ὅπως
2827 3606 2995 3678 εἶχεν,
3031 3610 3276 3681 ἐντίθησι
3315 3613 3383 3663 τὰ
3420 3614 3791 3683 γεγενημένα.
3834 3618 3995 3686 Τρεῖς

2413 3697 2475 3750 τὸ
2529 3698 2730 3767 μεταξὺ
2773 3698 3049 3769 παρῆλθον
3078 3701 3306 3770 ἡμέραι,
3345 3702 3437 3754 καὶ
3470 3704 3496 3755 ὀ
3536 3703 3634 3773 μὲν
3670 3706 3953 3772 ἄγλωττος
3981 3726 3992 3737 ·

2412 3789 2489 3860 τῷ
2531 3790 2587 3844 δέ
2616 3791 2961 3862 δρουγγαρίῳ
3014 3786 3123 3845 τῶν
3150 3795 3553 3865 πεπραγμένων
3581 3796 3868 3851 άκουστῶν
3898 3799 3996 3870 ἤδη

2412 3883 2742 3951 γενομένων,
2781 3878 2892 3944 οἷος
2924 3886 3129 3946 ἐκεῖνος
3161 3885 3281 3937 οὐδὲ
3313 3886 3580 3950 καθεκτὸς
3610 3882 3679 3959 ἦν
3710 3889 3817 3955 ἔτι,
3862 3890 3998 3943 ἀλλὰ

2416 3972 2555 4043 πρὸς
2585 3971 2676 4025 τὸν
2714 3974 2861 4039 ἱερὸν
2887 3968 3034 4027 οἷκον
3063 3974 3124 4027 τὸ
3162 3979 3477 4045 παραυτίκα
3509 3980 3740 4047 γίνεται.
3777 3983 3891 4034 Καὶ
3924 3983 3995 4034 διο

2413 4063 2531 4133 ψῶν
2557 4066 2657 4134 μὲν
2690 4065 2777 4119 διὰ
2814 4066 3060 4131 πεύσεως
3087 4069 3179 4120 καὶ
3206 4069 3555 4136 ἀποκρίσεων
3585 4070 3822 4123 ἀκοῦσαι
3857 4090 3994 4142 τρα-

2414 4156 2664 4223 νέστερον
2686 4157 2751 4208 τὰ
2778 4159 3123 4227 γεγενημένα
3154 4171 3169 4186 ⁶
3206 4158 3429 4228 ἀπορῶν
3472 4159 3528 4212 δὲ
3563 4159 3651 4213 διὰ
3678 4161 3777 4224 τὰς
3808 4163 3993 4229 ἐγκει-

2417 4243 2584 4311 μένας
2630 4244 2712 4295 ἔτι
2756 4244 2922 4307 πέδας
2952 4248 3017 4314 τῇ
3047 4245 3266 4316 γλώσσῃ
3309 4245 3402 4299 τοῦ
3438 4249 3790 4323 πεπονθότος,
3827 4254 3994 4322 εὐχὴν

2413 4330 2481 4383 τὰ
2509 4332 2604 4385 τοῦ
2638 4333 2964 4403 πράγματος
3013 4338 3300 4407 ἐπιτρέπει
3322 4352 3336 4368 ο
3372 4337 3530 4407 Ἀγιε
3573 4339 3669 4393 τοῦ
3713 4340 3876 4407 Θεοῦ,
3908 4343 3995 4394 λέ-

734 4434 889 4496 ίὶιΙεε,
921 4441 977 4487 et
1012 4446 1174 4501 quam
1217 4429 1416 4484 fuerim
1475 4429 1530 4483 in
1564 4437 1659 4483 tuo
1703 4426 2010 4482 ministerio
2055 4427 2308 4497 diligens,

2418 4442 2551 4493 γων,
2587 4430 2640 4481 εί
2686 4446 2787 4498 μου
2829 4430 3075 4493 σύνοιδας
3118 4434 3218 4501 τὴν
3256 4432 3439 4487 πίστιν
3469 4434 3567 4502 ὅση
3609 4435 3745 4505 πρὸς
3779 4436 3864 4503 σὲ,
3900 4440 3996 4490 καὶ

730 4524 997 4582 concede,
1031 4532 1091 4576 ut
1132 4521 1400 4577 Genesius
1445 4536 1543 4574 sua
1581 4519 1695 4588 ipse
1728 4519 1935 4589 lingua,
1963 4534 2085 4589 qua:
2114 4535 2308 4588 passus

733 4624 838 4675 est,
860 4611 1283 4668 enuntiet.Cum
1314 4611 1403 4665 ille
1430 4611 1508 4665 sic
1528 4620 2032 4678 essetprecaturus,
2063 4625 2173 4662 non
2210 4609 2312 4665 fuit

732 4707 1017 4762 fraudatus
1063 4721 1161 4759 sua
1209 4705 1476 4774 petitione
1510 4719 1523 4768 ;
1560 4703 1654 4757 sed
1695 4702 1763 4756 ab
1796 4702 1913 4771 ipso
1949 4710 2172 4773 rogatus
2207 4702 2311 4756 Ge-

734 4800 941 4859 nesius,
969 4797 1205 4866 primum
1241 4794 1461 4863 quidem
1493 4793 1857 4856 balbutiebat,
1892 4794 2220 4861 exiliterque
2256 4804 2311 4848 et

732 4888 990 4942 intercise
1034 4886 1384 4954 loquebatur.
1436 4892 1491 4936 et
1539 4898 1604 4937 ea
1657 4883 1897 4944 dicebat,
1950 4899 2070 4952 qua:
2129 4884 2310 4940 minus

733 4980 960 5049 intelligi
996 4990 1254 5050 poterant
1308 4977 1517 5054 Lingua
1557 4986 1741 5030 autem
1774 4974 1822 5029 ei
1860 4976 2121 5043 paulatim
2172 4978 2310 5034 rela-

732 5083 876 5134 xata,
923 5073 1106 5128 omnia
1159 5073 1416 5138 explicat,
1471 5069 1739 5138 adjiciens
1790 5068 1955 5122 etiam
2000 5069 2206 5138 aliquid
2242 5070 2309 5124 de

735 5165 896 5220 domo
928 5164 1107 5234 magni
1145 5162 1485 5231 Sampsonis,
1534 5167 1759 5230 pr0pter
1793 5160 1938 5213 illam
1983 5161 2128 5214 enim
2174 5160 2309 5213 indi-

733 5258 920 5325 gnatio
972 5256 1246 5325 prmeipue
1292 5262 1412 5309 orta
1442 5263 1609 5309 erat:
1660 5268 1779 5321 qua:
1820 5252 2041 5321 quidem
2091 5252 2306 5319 domus,

733 5354 862 5404 dum
894 5347 980 5400 vir
1022 5355 1247 5401 sanctus
1284 5346 1465 5397 adhuc
1507 5345 1721 5397 vivebat
1752 5343 1893 5397 inter
1928 5344 2179 5396 homines
2214 5360 2305 5395 su-

740 5448 969 5503 perstes,
1006 5437 1210 5488 nullius
1245 5436 1401 5502 pretii
1428 5435 1698 5501 (I7)crul,
1730 5443 1783 5487 et
1809 5433 2305 5495 contetnnebatur;

820 5568 927 5642 (lii)
962 5565 1686 5642 'i'sin'w‘q,inquibﬂtngibs
1716 5566 1780 5642 in_
1807 5564 2087 5615 Glossario
2120 5563 2305 5642 Grzpco

752 5637 1011 5689 Barbam,
1062 5645 1146 5684 est
1186 5632 1389 5682 \‘itinm
1430 5634 1483 5682 in
1519 5632 1894 5696 accipitribus,
1947 5646 2070 5681 cum
2103 5632 2309 5682 scilicet

761 5704 947 5756 oculos
980 5702 1131 5769 quasi
1162 5700 1365 5751 vitreus
1402 5694 1619 5750 habent.
1643 5694 1811 5749 idem
1858 5698 2073 5748 videtur
2104 5698 2311 5762 signiti-

2415 4520 2564 4583 ὅπως
2598 4521 3001 4590 ἐμμελέστατος
3049 4521 3160 4589 ἐγὼ
3205 4526 3332 4593 περὶ
3370 4525 3469 4597 τὴν
3495 4524 3863 4595 λειτουργίαν,
3904 4530 3997 4594 δὶς

2414 4613 2549 4682 αὐτῇ
2584 4612 2803 4684 γλώττῃ
2832 4630 2920 4681 μοι
2950 4614 3039 4666 τὸν
3077 4615 3329 4669 Γενέσιον
3360 4616 3389 4668 δ
3422 4616 3692 4672 πέπονθεν
3720 4622 4000 4689 άπαγγεῖο

2413 4702 2520 4752 λαι.
2548 4700 2735 4763 Οὕτως
2752 4702 2955 4763 ἐκεῖνος
2988 4703 3304 4773 εὐξάμενος,
3327 4706 3385 4756 οὐ
3411 4705 3676 4778 διήμαρτε
3700 4708 3801 4777 τῆς
3832 4712 4001 4781 αἰτή-

2416 4809 2575 4854 σεως,
2609 4792 2723 4845 ἀλλ’
2743 4793 3093 4863 ἐρωτώμενος
3122 4795 3214 4846 ὑπ’
3245 4796 3409 4849 αὐτοῦ
3432 4800 3459 4850 ὀ
3498 4799 3765 4863 Γενέσιος,
3797 4804 4005 4873 πρῶτα.

2419 4882 2517 4949 μὲν
2548 4882 2967 4953 ὑποϐαταρίζων
3004 4880 3355 4956 ἦν,ὰμυδρῶς
3394 4905 3454 4941 τε
3491 4890 3584 4941 καὶ
3613 4890 4000 4963 διακεκομμέ-

2413 4992 2517 5037 νως
2554 4976 3031 5043 ὑποφθεγγόμενος
3075 4977 3167 5030 καὶ
3200 4974 3360 5049 ἦττον
3402 4982 3597 5033 συνετὰ
3626 4982 3827 5051 λέγων·
3868 4991 4003 5039 κατ’

2412 5063 2588 5132 ὀλίγον
2615 5064 2671 5117 δὲ
2705 5063 2987 5135 ανεθείσης
3017 5067 3165 5136 αύτῷ
3191 5069 3290 5137 τῆς
3318 5069 3564 5139 γλώττης
3596 5074 3775 5126 πάντα
3802 5075 4000 5130 διασα-

2413 5161 2520 5227 φεῖ,
2567 5158 2821 5229 προσθεὶς
2854 5165 2947 5213 καὶ
2975 5161 3041 5211 τὰ
3075 5161 3200 5230 περὶ
3230 5164 3325 5232 τῆς
3360 5165 3614 5231 Μεγάλου
3651 5168 3828 5230 οἰκίας
3857 5213 3870 5225 .
3911 5172 4000 5225 Δι’

2412 5252 2629 5319 ἐκείνην
2658 5250 2767 5317 γὰρ
2807 5255 2896 5304 καὶ
2929 5252 3129 5321 μᾶλλον
3158 5256 3188 5323 η
3234 5254 3632 5325 ἀγανάκτησις,
3662 5259 3783 5325 ἥτις
3819 5260 3999 5325 ζῶντι.

2421 5340 2517 5406 μὲν
2548 5340 2626 5408 τῷ
2673 5340 2856 5410 Ἀγίῳ,
2894 5341 2987 5394 καὶ
3038 5342 3118 5394 ἔτι
3182 5344 3426 5411 περιόντι
3478 5346 3556 5414 τῷ
3608 5347 3726 5417 βίῳ.
3766 5352 3999 5417 φαύλως

2418 5423 2529 5494 εἶχε
2573 5430 2663 5478 καὶ
2696 5429 2893 5489 ἱκανῶς
2926 5428 3269 5493 ἐξουδενοῦτο
3292 5446 3304 5459 ο
3340 5434 3711 5499 μεταστάντος
3758 5439 3810 5490 δὲ
3852 5441 4003 5508 πρὸς

2414 5579 2537 5613 cari:
2578 5563 2806 5627 'i‘e‘ttb't}.

2491 5631 2621 5700 (17)Δ
2655 5631 2777 5700 Non
2830 5629 2964 5680 adeo
3008 5631 3219 5683 scilicet
3275 5631 3619 5684 xcnorloehio
3673 5635 4007 5700 Sampsonis

2425 5697 2577 5757 (dum
2612 5697 2705 5746 hic
2735 5698 2964 5749 vireret)
3001 5710 3354 5765 prUSpcctutn
3390 5710 3507 5751 erat
3544 5704 3611 5753 de
3649 5697 3923 5759 reditibus
3968 5726 4005 5761 ρ
