4188 6310
175 306 264 374 301

1392 300 1567 360 νιτΑ
1609 298 1669 361 S.
1703 295 1788 356 SA
1800 295 2150 355 MPSONIS.

3269 288 3375 349 302

179 419 310 488 Θεὸν,
336 421 426 475 καί
457 420 558 492 ήδη
591 420 824 491 φανεροῦ
847 418 1135 487 γενομένου
1163 415 1257 485 τὴν
1295 415 1577 481 ἀγιδτητα,
1610 412 1710 466 ἔδει

1832 420 1936 464 )οει
1973 418 2201 463 mortem
2245 421 2373 463 vero
2408 407 2526 476 ejus
2551 413 2605 460 et
2648 403 3049 460 'manifestatam
3082 403 3384 459 sanctimo-

178 514 366 576 πάντως
407 514 576 584 αὐτὴν
603 515 693 566 καὶ
723 513 888 581 τιμῆς
920 507 1226 577 ἀξιοῦσθαι,
1267 510 1362 561 καὶ
1396 509 1470 571 ὠς
1502 507 1707 559 ἐκείνου

177 606 332 658 οἰκίαν
360 603 667 672 λογίζεσθαι
694 620 706 634 ο
733 603 760 655 ὃ
801 604 864 670 δὴ
895 605 986 655 καὶ
1012 602 1233 669 γέγονεν
1260 599 1498 662 εὐσεϐῶς
1532 615 1589 649 τε
1621 596 1710 648 καὶ

177 695 409 764 φιλοθέως
432 699 539 759 ἐίς
570 697 675 765 γὰρ
697 676 822 748 ναὸν
850 692 1270 762 μεταϐέϐληται,
1302 695 1395 744 καὶ
1431 689 1707 757 ἁγιστείας

178 787 393 852 ἀξιοῦται
424 788 523 854 τῆς
548 785 954 857 προσηκούσης.
1159 796 1161 798 ’

242 965 335 1019 1Η’.
374 966 511 1018 ’Λλλ’
538 966 661 1019 οὐδὲ
690 967 750 1019 τὸ
776 966 909 1036 πρὸς
940 966 1028 1017 τὸν
1060 965 1391 1033 Εὐστράτιον
1418 961 1621 1028 θαῦμα,
1655 959 1711 1020 ὃς

178 1056 261 1109 τοῦ
293 1057 583 1124 καταλόγου
625 1057 724 1126 μὲν
763 1057 870 1109 τῶν
902 1054 1329 1125 προσπαθαρίων
1372 1053 1484 1105 ἐστὶ
1518 1052 1618 1122 (ἔτι
1657 1052 1713 1103 δὲ

179 1146 279 1210 ζῶν
302 1147 384 1199 καὶ
418 1147 623 1216 περιὼν
646 1147 960 1212 δείκνυται),
991 1146 1185 1217 μικρὸν
1216 1140 1325 1199 οἷον
1351 1146 1446 1197 καὶ
1467 1144 1526 1196 τὸ
1558 1143 1715 1213 τυχὸν

177 1236 262 1286 καὶ
309 1233 424 1286 οὐδὲ
487 1236 709 1304 μνήμης
759 1235 930 1298 ἀξιον.
978 1236 1169 1302 Ἤλγει
1206 1234 1306 1304 μὲν
1353 1236 1462 1305 γὰρ
1512 1236 1716 1295 ἐκεῖνος

176 1326 453 1396 ὀφθαλμῶν
491 1326 555 1397 δὴ
594 1328 686 1380 καὶ
718 1327 927 1396 ἕτερον,
967 1328 1060 1380 καὶ
1091 1327 1211 1380 λίαν
1260 1327 1534 1399 σφοδρῶς’
1568 1326 1717 1394 φίλος

181 1419 231 1469 δὲ
257 1413 315 1486 ἦν
355 1418 503 1487 αὐτῷ
554 1419 649 1471 καὶ
686 1420 924 1489 συνήθης
964 1421 991 1472 ὁ
1030 1421 1519 1490 πρωτοσπαοάριος
1547 1420 1714 1479 Λέων,

175 1508 230 1561 δν
285 1512 372 1563 καὶ
437 1510 826 1581 ὑπηρετεῖσθαι
870 1513 948 1582 τῷ
1014 1512 1358 1581 δρουγγαρίῳ
1419 1513 1717 1580 φθάσαντες

175 1600 525 1672 ἐδηλώσαμεν,
561 1604 619 1667 ὃς
666 1606 761 1657 καὶ
806 1606 905 1674 τὴν
955 1605 1048 1659 τοῦ
1102 1605 1329 1672 ξενῶνος
1388 1598 1719 1676 προστασίαν

176 1695 622 1764 ἐπιτετραμμένος
645 1692 710 1765 ἧν
733 1697 789 1763 ἐξ
817 1699 1047 1762 ἐκείνου,
1070 1698 1281 1760 ὀδύναις
1305 1698 1443 1750 οὕτω
1462 1696 1723 1766 βαλλόμε-

1818 503 1983 566 niam,
2026 500 2259 556 debebat
2303 499 2451 555 omni
2498 500 2848 556 veneratione
2894 498 3149 553 honorari
3187 512 3252 551 ac
3288 513 3387 551 ve-

1819 590 1915 645 luti
1945 590 2114 661 ipsius
2153 591 2348 645 domus
2392 591 2655 659 reputari.
2702 588 2857 656 Quod
2907 588 3131 658 quidem
3180 588 3383 643 factum

1819 692 1899 736 est
1932 682 2017 752 pie
2051 692 2103 737 ct
2136 682 2386 751 religiose
2425 700 2436 733 :
2479 691 2684 736 mutata
2714 681 2860 737 enim
2889 692 2976 737 est
3009 682 3061 737 in
3098 683 3382 752 templum,

1820 783 1874 825 et
1926 784 2174 827 assecuta
2246 782 2327 828 εει
2385 790 2539 837 eam,
2597 790 2761 844 quam
2822 790 2920 843 par
2971 785 3088 838 est,
3157 790 3387 829 venera-

1823 866 2045 919 tionem.

1891 957 2074 1013 Xl‘lll.
2125 958 2226 1015 Sed
2280 974 2454 1029 neque
2504 959 2646 1029 quod
2707 960 2758 1013 in
2803 961 3137 1016 Eustratium
3182 961 3386 1019 factum

1824 1059 1907 1102 est
1967 1048 2310 1113 miraculum,
2387 1050 2478 1120 qui
2542 1059 2627 1105 est
2682 1049 2734 1104 in
2816 1053 3389 1121 protospatliariorum

1824 1142 2046 1211 quidem
2080 1142 2285 1199 relatus
2315 1160 2605 1199 numerum
2637 1145 2758 1214 (est
2788 1154 2967 1200 autem
3009 1146 3191 1201 adhuc
3229 1148 3390 1200 vivus

1823 1244 1878 1288 et
1907 1238 2202 1305 superstes)
2243 1252 2471 1306 parvum
2522 1248 2605 1293 est
2634 1248 2691 1293 et
2734 1240 2974 1308 vulgare,
3022 1249 3077 1295 et
3108 1240 3390 1310 indignum

1826 1336 2278 1382 commemoratu.
2306 1327 2437 1383 Nam
2472 1328 2522 1383 ei
2553 1329 2777 1400 quidem
2810 1331 2967 1385 valde
2996 1331 3219 1388 dolebat
3252 1333 3393 1389 alter

1825 1431 1891 1471 ex
1920 1418 2117 1475 oculis.
2150 1420 2286 1474 Cum
2312 1420 2362 1475 ei
2397 1429 2574 1475 autem
2595 1429 2739 1475 esset
2768 1423 2994 1485 amicus,
3023 1432 3079 1478 et
3108 1424 3396 1480 familiaris

1826 1506 1937 1562 Leo
1988 1512 2488 1580 protospatliarius,
2541 1528 2704 1582 quem
2753 1512 2908 1582 prius
2955 1514 3193 1569 diximus
3230 1516 3394 1570 mini-

1827 1606 2029 1653 strasse
2063 1599 2389 1670 Drungario,
2438 1602 2525 1655 cui
2571 1604 2736 1657 etiam
2797 1605 2976 1660 fuerat
3000 1606 3068 1660 ab
3114 1606 3209 1661 illo
3247 1622 3397 1662 com-

1830 1690 1993 1745 missa
2025 1706 2153 1746 cura
2184 1692 2531 1758 xenodochii,
2561 1701 2616 1747 et
2646 1694 2873 1749 vidisset
2905 1711 3031 1750 eum
3067 1697 3205 1753 allici
3246 1710 3397 1757 tanto

177 1800 259 1836 νον
284 1789 392 1847 ταῖς
419 1788 481 1837 ἐκ
506 1784 599 1836 τοῦ
630 1777 910 1855 ὀφθαλμοῦ
939 1788 1139 1839 ἐπιδὼν
1158 1802 1171 1816 ο
1198 1788 1257 1839 Εἰ
1294 1790 1563 1854 ποιήσεις,
1592 1788 1717 1855 ἔφη,

1832 1782 2014 1837 dolore
2052 1784 2195 1839 oculi
2237 1802 2249 1838 :
2286 1785 2340 1840 Si
2381 1785 2602 1849 feceris,
2632 1784 2834 1856 inquit,
2865 1788 3092 1843 oamice
3127 1791 3393 1853 Eustrati.

175 1875 289 1944 φίλε
319 1877 632 1945 Εὑστράτιε,
664 1876 798 1945 ὅπερ
824 1876 932 1943 ὲγὼ
959 1893 1040 1929 σοι
1069 1876 1376 1943 ὑπόθωμαι,
1408 1875 1557 1927 οὐδὲν
1583 1874 1724 1940 ἕξεις

171 1968 232 2019 τὸ
261 1968 477 2029 κωλῦον,
508 1967 646 2036 έχων
677 1967 768 2020 τὸν
809 1968 1085 2038 ὀφθαλμὸν
1132 1968 1286 2036 ὑγιᾶ.
1345 1966 1636 2037 Ἐρομένου
1670 1967 1726 2019 δὲ

170 2054 260 2107 τοῦ
292 2056 618 2123 Εὐστρατίου
643 2071 657 2085 ·
687 2055 753 2109 Τί
810 2074 939 2110 ποτε
968 2057 1116 2111 ἐστιν
1149 2057 1178 2110 δ
1220 2058 1466 2129 ποιήσως
1518 2056 1727 2109 Ἐλαίου

168 2149 334 2201 δεῖται
362 2150 388 2201 ὁ
421 2147 607 2215 ξενὼν,
644 2150 769 2221 ἔφη,
824 2151 917 2206 καὶ
965 2154 1014 2205 εἰ
1061 2152 1319 2223 παρέξεις
1365 2153 1426 2204 τὸ
1464 2152 1599 2222 πρὸς
1631 2150 1728 2222 τὴν

170 2240 373 2307 χρείαν,
415 2242 836 2311 ἀναμφιλέκτως
872 2244 1153 2311 ὑγιανεῖς’
1204 2245 1373 2313 ὅμως,
1423 2245 1473 2297 εί
1528 2243 1728 2313 βούλει,

170 2332 263 2383 καὶ
300 2333 607 2404 ἐγγράφους
652 2352 731 2387 σοι
763 2335 953 2387 τούτου
983 2334 1205 2402 παρέξω
1234 2335 1330 2396 τάς
1366 2334 1594 2396 πίστεις.
1626 2332 1731 2386 Οὖ-

166 2441 275 2489 τως
299 2424 420 2494 ἔφη,
457 2426 549 2476 κα¹ι
580 2426 628 2476 οἱ
665 2424 812 2491 λόγοι
847 2426 908 2477 οὐ
938 2425 1101 2493 μέχρι
1134 2425 1229 2476 καὶ
1255 2423 1426 2492 λόγων
1473 2424 1727 2493 ἔστησαν,

166 2516 284 2568 ἀλλ’
328 2516 427 2585 ἢδη
478 2518 569 2567 καὶ
609 2518 689 2578 εἰς
714 2515 874 2585 ἔργον
908 2517 1211 2581 ἐξέϐαινον·
1250 2517 1623 2589 ἐπιθαρσήσας
1664 2518 1732 2586 τῇ

166 2607 262 2660 τοῦ
290 2608 542 2676 Μεγάλου
577 2609 637 2661 δυ
654 2608 823 2679 ιάμει,
851 2611 945 2664 καὶ
979 2607 1058 2674 οἷς
1092 2611 1237 2681 ἑώρα
1279 2610 1369 2662 ὑπ’
1404 2609 1568 2663 αὑτοῦ
1600 2609 1734 2663 θαυ-

168 2704 668 2772 ματουργουμένοις
699 2703 727 2754 ὀ
757 2703 910 2757 Λέων
951 2703 1131 2755 πιστοῖ
1167 2703 1256 2753 τὸν
1288 2700 1620 2770 Εὑστράτιον
1646 2701 1734 2753 διὰ

168 2794 412 2861 γραφῆς,
461 2792 634 2856 οὕτως
670 2794 919 2863 ἐχούσης·
966 2793 1107 2860 Ἐγὼ
1139 2793 1289 2847 Λέων
1340 2790 1614 2855 πεποιθὼς
1641 2792 1733 2843 ἐπὶ

166 2890 232 2955 τῇ
264 2884 358 2937 τοῦ
398 2885 580 2949 Ἀγίου
615 2885 864 2954 δυνάμει,
893 2888 983 2937 καὶ
1074 2885 1206 2954 πρὸς
1235 2886 1396 2937 αὑτὸν
1429 2885 1733 2955 ἐμϐεϐαίω-

166 2993 271 3045 μαι
300 2975 500 3038 πίστει,
531 2975 815 3046 ἐγγυῶμαι
850 2993 933 3028 σοι
963 2975 1039 3047 τῷ
1072 2975 1410 3045 Εὐστρατίῳ,
1441 2977 1734 3045 παρέχοντι

1829 1875 1881 1928 id
1922 1877 2065 1945 quod
2093 1893 2194 1947 ego
2224 1879 2320 1933 tibi
2362 1895 2708 1949 suggessero,
2763 1883 2899 1938 nihil
2948 1884 3196 1950 habebis,
3249 1889 3397 1958 quod

1829 1965 2152 2034 prohibeat,
2213 1969 2359 2038 quod
2408 1971 2593 2025 minus
2636 1986 2830 2025 sanum
2894 1974 3099 2030 habeas
3155 1980 3397 2034 oculum.

1828 2055 1965 2112 Cum
2007 2072 2136 2113 vero
2177 2070 2422 2132 rogasset
2460 2061 2794 2127 Eustratius,
2845 2063 3074 2121 dicens:
3126 2067 3399 2133 Quidnam

1831 2161 1933 2214 est,
1982 2153 2130 2223 quod
2180 2167 2300 2208 sum
2342 2153 2629 2209 facturus?
2673 2154 2825 2220 Oleo,
2866 2156 3091 2228 inquit,
3124 2174 3264 2228 opus
3314 2171 3402 2216 est

1832 2242 2176 2299 xenodochlo
2213 2258 2228 2297 :
2264 2243 2410 2314 quod
2446 2244 2492 2300 si
2534 2244 2855 2314 praebueris,
2884 2251 3234 2304 convalesces
3265 2250 3404 2304 citra

1835 2333 1998 2388 ullam
2027 2334 2468 2390 dubitationem:
2503 2344 2580 2402 et,
2615 2337 2659 2391 si
2696 2336 2769 2391 ita
2805 2338 2961 2401 velis,
3007 2338 3059 2392 id
3107 2355 3209 2409 ego
3250 2355 3404 2394 man-

1832 2426 1976 2479 dabo
2003 2427 2238 2492 litteris;
2270 2428 2415 2497 quod
2446 2429 2542 2483 tibi
2579 2428 2860 2497 polliceor.
2897 2428 2988 2485 Sic
3016 2431 3112 2495 ait,
3154 2442 3209 2485 et
3240 2434 3404 2487 verba

1833 2532 1942 2571 non
1975 2517 2027 2570 in
2053 2518 2184 2572 solis
2211 2518 2393 2571 verbis
2420 2519 2800 2582 constiterunt,
2835 2520 2929 2574 sed
2970 2522 3134 2575 etiam
3182 2538 3407 2591 proces-

1835 2620 2025 2666 serunt
2071 2612 2137 2665 ad
2193 2625 2356 2681 opus.
2411 2610 2590 2681 Magni
2631 2611 2779 2666 enim
2829 2610 3149 2683 Sampsonis
3200 2615 3408 2670 virtute

1836 2702 2033 2771 fretus,
2081 2713 2138 2759 et
2187 2703 2276 2768 iis,
2338 2718 2457 2772 quae
2505 2703 2573 2757 ab
2631 2717 2698 2758 eo
2748 2703 3051 2771 viditlleri,
3103 2707 3408 2780 miraculis,

1836 2793 2115 2848 Eustratio
2140 2796 2302 2849 ﬁdem
2349 2794 2479 2849 facit
2525 2810 2622 2864 per
2656 2795 3005 2866 scripturam,
3044 2813 3166 2867 quae
3195 2801 3276 2856 sic
3310 2803 3409 2857 ha-

1837 2884 2042 2939 bebat:
2084 2884 2196 2954 Ego
2229 2884 2337 2939 Leo
2381 2884 2554 2939 fretus
2596 2886 2800 2938 virtute
2844 2889 3020 2940 sancti
3059 2890 3403 2961 Sampsonis,

1838 2986 1893 3033 et
1928 2976 2051 3041 fide,
2092 2990 2199 3047 qua
2230 2990 2349 3031 sum
2382 2974 2436 3029 in
2473 2990 2597 3030 eum
2628 2975 3005 3044 confirmatus,
3052 2982 3298 3049 spondeo
3342 3000 3407 3040 ae

165 3069 277 3139 γάρ
302 3085 380 3121 σοι
408 3070 469 3122 τό
498 3086 561 3138 γε
586 3069 721 3141 πρὸς
743 3072 841 3140 τὴν
869 3071 1057 3139 χρείαν
1081 3069 1174 3121 τοῦ
1202 3068 1349 3120 οἴκου
1377 3068 1573 3129 ὲλαιον,
1599 3085 1735 3136 παρ-

1840 3067 2139 3137 ﬁdejubeo
2180 3067 2276 3122 tibi
2326 3065 2625 3132 Eustratio,
2676 3069 2821 3138 quod
2876 3069 3143 3137 praebenti
3194 3074 3292 3129 tibi
3337 3078 3405 3131 ad

162 3158 279 3225 ἐξει
314 3178 398 3214 σοι
454 3162 550 3213 καὶ
606 3163 634 3214 ὁ
691 3162 883 3227 Μέγας
926 3162 1018 3212 τὸν
1059 3161 1123 3212 ἐκ
1152 3158 1286 3211 Θεοῦ
1319 3158 1467 3211 ἔλεον
1506 3159 1599 3211 καὶ
1642 3156 1733 3209 τὸν

155 3254 445 3323 ὀφθαλμὸν
471 3252 726 3321 ἀλγήσεις
749 3253 954 3305 οὐκέτι.
994 3252 1053 3305 ⁸0
1090 3253 1188 3321 μὲν
1206 3250 1297 3305 οὖν
1323 3252 1510 3319 ’Ἄγιος
1538 3250 1734 3319 ἔφθανε

156 3351 232 3401 τὰ
268 3346 396 3415 παρ’
423 3344 643 3409 ἑαυτοῦ,
677 3346 847 3399 ποιῶν
877 3344 976 3416 τὴν
997 3346 1207 3398 ἐκείνου
1233 3345 1400 3409 δόσιν,
1430 3343 1520 3396 καὶ
1553 3344 1735 3413 ἀπαθῆ

157 3443 263 3493 καὶ
321 3436 625 3506 ἀνάλγητον
659 3433 771 3507 εἶχε
822 3435 911 3488 τὸν
971 3436 1248 3504 ὀφθαλμδν
1300 3437 1327 3487 ὁ
1380 3435 1734 3505 Εὐστράτιος.

168 3530 417 3591 Ἐκεῖνος
460 3528 538 3592 δὲ,
565 3529 702 3581 κατὰ
732 3528 793 3581 τδ
820 3527 1103 3600 ᾀδόμενον,
1134 3528 1228 3598 ἅμ’
1260 3527 1477 3598 ἠλέητο,
1510 3527 1602 3581 καὶ
1646 3528 1737 3580 τέ·-

152 3622 366 3691 θνηκεν
415 3623 446 3690 ὴ
490 3621 686 3692 χάρις’
716 3618 1038 3689 ὠλιγώρησε
1093 3622 1201 3689 γὰρ
1233 3616 1308 3673 ὢν
1345 3620 1730 3689 ἐπηγγείλατο,

156 3716 309 3785 μετά
332 3714 393 3767 τὸ
421 3716 603 3781 τυχεῖν
631 3708 706 3765 ὧν
730 3712 979 3764 ὲὸούλετο
1014 3710 1136 3765 λίαν
1159 3710 1388 3775 ἀναξίως
1416 3711 1508 3763 καὶ
1540 3709 1738 3778 σφαλε-

156 3808 301 3876 ρῶς,
350 3804 584 3873 χορηγός
630 3820 690 3857 τε
744 3803 923 3857 ἐλαίου
964 3803 1058 3857 τοῦ
1090 3803 1224 3874 πρὸς
1264 3802 1355 3854 τὸν
1408 3801 1550 3869 ἱερὸν
1592 3796 1740 3853 οἷκον

146 3899 287 3954 οὐδὲ
318 3897 547 3968 βραχέος
584 3894 676 3968 ἦν.
719 3896 859 3949 Ἀλλ’
891 3899 917 3950 ὁ
956 3897 1146 3965 Μέγας
1177 3893 1367 3957 νυκτὸς
1396 3894 1587 3961 ἐκείνῳ
1615 3895 1738 3946 ἑπι-

147 3992 358 4061 ςανεὶς
396 3991 497 4060 (δεῖ
533 3990 590 4042 δὲ
620 3989 924 4059 χρήσασθαι
952 3990 1064 4048 τοῖς
1103 3987 1270 4040 αὑτοῦ
1304 3977 1526 4055 λόγοις),
1563 3984 1737 4054 Ἐμοὶ,

144 4088 295 4155 ἔφη,
323 4083 653 4154 ἐμπαίζειςς
701 4082 895 4150 Φρενοῖ
934 4080 1026 4131 τὸν
1081 4076 1415 4146 Εὑστράτιον
1464 4079 1496 4147 ὴ
1534 4075 1739 4145 ἀληθὴς

144 4179 306 4247 αῦτη
360 4176 505 4243 ὄψις,
549 4176 645 4227 καὶ
684 4173 835 4235 δέους
865 4170 1028 4225 αὑτὸν
1066 4168 1440 4239 ἐμπίπλησιν
1486 4168 1601 4236 ἅμα
1631 4166 1738 4237 γὰρ

148 4271 315 4338 φωτὶ
354 4271 417 4321 τὸ
456 4267 634 4320 ἔλαιον
668 4265 814 4320 ἆπαν
843 4265 979 4335 πρὸς
1030 4263 1123 4315 τὸν
1160 4262 1365 4314 Λέοντα
1399 4257 1740 4329 ἐπιπέμψας,

154 4360 447 4413 Ἀπέτισά
468 4375 572 4419 σοι,
599 4358 787 4427 φησιν,
812 4357 911 4425 ἤδη
945 4354 1007 4405 τὸ
1029 4355 1184 4423 χρέος
1204 4369 1218 4382 ·
1253 4352 1415 4414 αὐτὸς
1438 4350 1495 4402 δέ
1530 4366 1619 4418 μοι
1650 4350 1737 4413 ἐξ·

1838 3171 1997 3211 nsum
2045 3158 2162 3226 ejus
2204 3156 2399 3210 domus
2444 3157 2650 3221 oleum,
2703 3158 2966 3229 prabebit
3016 3178 3236 3233 quoque
3298 3182 3411 3219 ma-

1838 3263 1976 3318 gnus
2021 3247 2287 3317 Sampson
2342 3263 2372 3302 a
2417 3248 2529 3302 Deo
2581 3250 3038 3317 misericordiam,
3092 3270 3272 3325 neque
3308 3260 3404 3313 tibi

1839 3336 2072 3407 amplius
2125 3336 2335 3393 dolebit
2381 3336 2598 3392 oculus.
2646 3337 2825 3415 Atque
2884 3338 3123 3396 Sanctus
3177 3346 3403 3414 quidem

1839 3428 2105 3496 praevenit
2140 3428 2285 3483 illius
2327 3428 2701 3492 donationem,
2749 3428 3086 3498 illaesumque
3133 3442 3188 3485 et
3229 3435 3409 3489 omnis

1840 3518 2047 3572 doloris
2094 3527 2375 3587 expertem
2426 3519 2645 3574 oculum
2698 3518 2892 3575 habuit
2936 3520 3267 3578 Eustratius.
3312 3524 3407 3579 Ille

1840 3621 2021 3664 autem
2052 3609 2215 3664 simul
2272 3610 2353 3679 (ut
2396 3610 2559 3679 vulgo
2594 3611 2819 3679 dicitur)
2866 3623 2922 3667 et
2972 3614 3407 3670 misericordiam

1841 3708 1923 3753 est
1957 3708 2263 3764 assecutus,
2313 3708 2369 3753 et
2415 3699 2677 3754 memoria
2727 3700 2848 3771 ejus
2898 3700 2972 3754 illi
3023 3712 3238 3757 mortua
3294 3714 3403 3759 est.

1841 3789 2181 3857 Contempsit
2221 3790 2369 3842 enim
2413 3806 2535 3859 quae
2575 3800 2695 3846 erat
2745 3792 3047 3862 pollicitus,
3095 3804 3404 3869 postquam,

1841 3899 1963 3953 quae
1992 3882 2182 3944 voluit,
2223 3890 2305 3936 est
2355 3892 2703 3947 consecutus,
2750 3885 2971 3956 indigne
3009 3887 3304 3941 admodum
3354 3903 3409 3945 et

1843 3976 2185 4047 periculose;
2216 3984 2272 4031 et
2302 3987 2505 4031 sancta:
2551 3976 2738 4032 domui
2787 3993 2857 4033 ne
2906 3980 3139 4034 nimium
3183 3980 3408 4050 quidem

1842 4070 2078 4138 prabuit
2111 4070 2313 4122 oleum.
2353 4068 2459 4123 Sed
2496 4084 2621 4122 cum
2654 4069 2880 4140 Magnus
2908 4072 2984 4125 illi
3022 4084 3188 4127 noctu
3236 4090 3403 4143 appa-

1843 4159 2044 4215 ruisset
2092 4160 2336 4230 (oporret
2376 4170 2559 4216 autem
2603 4162 2681 4215 uti
2725 4163 2843 4231 ejus
2892 4163 3099 4231 verbis)
3134 4182 3151 4219 ι
3185 4165 3288 4227 Me,
3320 4168 3407 4218 in-

1844 4253 1985 4323 quit,
2011 4252 2179 4307 babes
2212 4252 2495 4308 ludibrio?
2522 4252 2696 4308 Ellicit
2720 4269 2852 4309 vero
2882 4255 2994 4311 hmo
3043 4258 3205 4318 visio.
3254 4266 3312 4311 ut
3338 4257 3406 4310 ad

1845 4361 1903 4399 se
1934 4344 2119 4399 redeat
2146 4345 2476 4408 Eustratius,
2531 4346 2727 4399 timore
2772 4358 3078 4415 correptus.
3117 4349 3251 4401 Nam
3282 4365 3409 4403 cum

146 4458 320 4510 ιλέου
354 4453 447 4506 τὸν
482 4454 702 4520 Ἀγιον·
734 4450 853 4504 οὐδὲ
895 4450 1003 4519 γὰρ
1038 4446 1261 4511 δυνατὸς
1296 4443 1407 4514 ἐγὼ
1430 4444 1614 4516 φέρειν
1638 4443 1737 4506 τὰς

1844 4437 2086 4492 diluculo
2119 4446 2293 4491 totum
2327 4436 2507 4491 oleum
2542 4437 2781 4492 misisset
2817 4438 2885 4492 ad
2933 4437 3171 4494 Leonem
3204 4461 3217 4496 :
3261 4442 3407 4511 Iam,

144 4547 300 4619 παρ’
338 4544 507 4598 αὑτοῦ
536 4542 788 4606 ἀπειλάς.

228 4815 351 4871 ιδ’.
387 4816 461 4867 Τὸ
501 4815 557 4867 δὲ
588 4812 718 4881 περὶ
755 4808 845 4863 τὸν
879 4804 1373 4879 πρωτοσπαθάριον
1414 4802 1619 4873 Βάρδιν
1646 4817 1742 4868 γε·

136 4914 330 4983 γονός
392 4907 590 4977 μικροῦ
624 4906 722 4959 καὶ
756 4900 992 4963 πίστεώς
1034 4902 1151 4952 ἐστι
1188 4900 1455 4967 κρεῖττον,
1490 4896 1547 4958 ὃς
1575 4896 1735 4963 ἐτύγ-

131 5024 294 5076 χανε
353 5004 455 5074 μὲν
496 4995 717 5066 ἀδελφὸς
752 4995 828 5049 ὢν
892 4992 1160 5055 Ἰωάννου,
1195 4991 1368 5059 φημὶ,
1410 4987 1504 5041 τοῦ
1545 5005 1741 5057 πατρι-

131 5101 312 5161 κίου,
342 5095 439 5149 τοῦ
478 5097 543 5147 ὲκ
575 5090 902 5146 Μακεδόνων
937 5087 998 5139 τὸ
1028 5084 1183 5152 γένος
1214 5082 1461 5142 ἕλκοντος
1481 5097 1494 5110 ·
1534 5081 1740 5149 σφόδρα

132 5197 205 5248 δὲ
258 5168 430 5249 οὗτος
477 5183 742 5256 Ῥωμανῷ
774 5180 984 5252 βασιλεῖ
1018 5178 1095 5248 τῷ
1124 5176 1356 5229 ἐπιεικεῖ
1390 5189 1448 5225 τε
1480 5172 1574 5224 καὶ
1600 5188 1738 5241 χρη-

129 5288 271 5358 στῷ
308 5278 740 5352 προσῳκειοῦτο,
788 5277 846 5328 ὃν
881 5273 977 5326 καλ⁵
1022 5272 1167 5324 ῐσασι
1209 5270 1407 5327 πάντες
1442 5264 1556 5316 υἱὸν
1586 5266 1740 5316 Κων-

128 5356 459 5433 στσιντίνου
488 5370 763 5442 γενέσθαι,
789 5366 904 5430 τοῦ,
932 5366 1001 5417 τὰ
1021 5362 1195 5413 πάντα
1224 5356 1508 5410 συνελόντα
1546 5356 1734 5416 εἰπὼν,

128 5448 634 5540 βασιλικωτάτου.
671 5457 857 5529 Τούτῳ
892 5450 1176 5523 τοιγαροῦν
1216 5446 1293 5517 τῷ
1340 5445 1523 5515 Βάρδᾳ
1568 5446 1738 5529 πάθος

119 5672 449 5734 censibus,
492 5666 749 5737 quamvis
795 5673 1073 5719 structura
1124 5660 1254 5715 satis
1305 5667 1446 5713 esset
1498 5652 1743 5726 magniﬁ¢

113 5759 295 5798 cum.

1844 4531 2042 4599 inquit,
2070 4530 2278 4584 exsolvi
2307 4529 2422 4583 ‘tibi
2459 4529 2703 4586 debitum
2737 4548 2751 4584 :
2785 4541 2838 4584 tu
2873 4543 3052 4585 autem
3101 4534 3249 4602 placa
3301 4542 3410 4592 mi-

1843 4623 1898 4676 hi
1977 4621 2259 4676 Sanctum.
2330 4621 2518 4691 Neque
2583 4623 2728 4674 enim
2792 4641 3014 4692 possunt
3099 4626 3243 4681 ferre
3290 4634 3411 4700 ejus

1846 4716 2041 4767 minas.

1908 4806 2055 4860 XIX.
2104 4805 2259 4871 Quod
2313 4814 2493 4859 autem
2544 4808 2596 4860 in
2646 4802 3139 4875 protéspatharium
3184 4812 3411 4870 Bardatu

1845 4900 2048 4953 factum
2076 4906 2181 4955 est.
2220 4895 2380 4951 Iidem
2427 4911 2595 4966 prope
2634 4909 2876 4967 superat.
2930 4900 3061 4954 Erat
3115 4903 3203 4957 hic
3247 4905 3409 4959 frater

1846 4987 2071 5043 Joannis
2106 4986 2338 5054 patriici,
2372 4985 2464 5055 qui
2490 4986 2728 5039 ducebat
2764 5001 2937 5055 genus
2977 5002 3043 5041 ex
3072 4988 3412 5059 Macedonia,

1846 5087 1903 5131 et
1932 5091 2122 5146 magna
2144 5076 2193 5129 ei
2228 5064 2611 5130 intercesserat
2637 5076 2979 5132 familiaritas
3011 5094 3135 5133 cum
3167 5082 3413 5141 Romano

1851 5170 2199 5237 imperatore,
2252 5166 2485 5236 benigno
2537 5179 2592 5219 et
2649 5167 2946 5231 clemente,
3001 5184 3164 5237 quem
3231 5176 3413 5230 sciunt

1848 5275 2041 5315 omnes
2088 5259 2260 5313 fuisse
2314 5259 2485 5313 lilium
2543 5259 2887 5314 Constantini
2949 5263 3114 5331 (l8):
3173 5266 3267 5333 qui
3328 5269 3414 5337 (ut

1846 5352 2031 5408 omnia
2062 5351 2232 5406 semel
2273 5350 2472 5417 dicam)
2504 5350 2610 5405 fuit
2640 5352 2939 5423 imperator
2965 5355 3240 5422 egregius.
3275 5357 3411 5413 Iluic

1845 5460 1978 5516 ergo
2011 5444 2199 5499 Bardse
2231 5444 2455 5500 morbus
2484 5445 2749 5501 incumbit
2778 5446 2829 5499 in
2867 5446 3029 5505 latas.
3070 5447 3223 5515 isque
3252 5447 3411 5519 longe

1926 5650 2037 5726 (I8)
2073 5652 2352 5726 Romanus
2386 5652 2701 5726 imperator,
2729 5652 3417 5726 Constantinil‘orphyro-

1854 5723 2050 5790 genitis
2078 5722 2244 5791 filius,
2272 5724 2517 5792 regnavit
2551 5724 2619 5775 ab
2646 5739 2788 5777 anno
2816 5723 2916 5777 960
2947 5726 3011 5777 ad
3045 5722 3132 5778 6I.
