4188 6310
159 363 258 428 305

1365 351 1537 415 VITA
1582 352 1643 414 S.
1687 351 2126 414 SAMPSONIS.

3265 340 3370 402 306

161 468 286 526 Εἶτα
339 469 429 522 καὶ
481 465 579 538 τὴν
624 466 868 521 σύνοικον
917 467 1082 536 ἡδέως
1121 468 1394 536 φωνήσας,
1420 470 1572 521 Δοκῶ
1598 487 1709 539 μοι,

1819 468 1989 524 emitti
2027 483 2058 523 e
2108 466 2301 521 latere.
2358 465 2562 521 Deinde
2597 465 2882 533 coniugem
2932 461 3182 515 hilariter
3245 460 3380 512 allo-

160 562 311 628 ῑφην,
343 559 472 628 μηδὲ
503 559 807 619 ὀδυνᾶσθαι,
833 559 965 612 ἀλλὰ
1001 560 1064 611 σὺ
1092 558 1216 622 τοὺς
1247 559 1624 628 ἐπικειμένους
1645 564 1709 632 τῇ

159 653 336 718 πληγῇ
393 650 625 717 δεσμοὺς
696 649 853 701 λῦσον
907 649 1107 716 ἡρέμα.
1172 651 1280 701 Καὶ
1343 651 1477 719 αὐτὴ
1542 651 1713 715 οὕτως

160 742 455 799 multum}.
474 741 628 809 ἀηδία
651 739 812 807 πολλὴ
840 739 1037 807 ταύτην
1066 735 1199 807 εἶχε,
1225 740 1304 792 κα¹
1322 778 1337 803 ,
1364 738 1712 811 ΟἶμοιῘέφηλ

161 833 236 896 τίς
267 827 418 894 οὗτος
445 837 470 885 ὁ
499 833 765 900 ἀμανίτης
796 835 824 884 ὁ
853 834 917 900 τῇ
949 835 1124 899 πληγῇ
1161 833 1502 903 ἐπικείμενος
1525 851 1539 897 ;
1565 834 1634 885 To
1659 832 1714 884 δὲ

160 915 224 989 ἧν
260 921 670 990 διασεσημμένη
709 921 846 990 σὰρξ
875 922 969 973 καὶ
1000 922 1304 990 ἀπόϐλητος
1349 928 1461 986 τοῖς
1488 925 1715 992 ἀμφίοις

159 1012 613 1064 συνεκσπαθεῖσα.
646 1010 829 1072 Οὕτως
882 1013 1050 1073 ἰαθεὶς
1095 1010 1204 1078 ἐγὼ
1248 1015 1340 1064 καὶ
1397 1013 1714 1080 παραδόξως

158 1099 560 1170 ἀναρρωσθεὶς,
613 1103 714 1153 οὐκ
754 1101 831 1152 ἔτι
885 1099 993 1164 οἷός
1038 1104 1150 1170 εἰμι
1189 1104 1423 1169 ἐμαυτὸν
1476 1103 1712 1173 ἐπέχειν,

157 1191 290 1244 ἀλλὰ
319 1195 382 1261 τῇ
413 1193 501 1244 τοὺ
535 1195 828 1260 ἰασαμένου
866 1194 1186 1260 πειθόμενος
1216 1195 1426 1265 ἐντολῇ,
1459 1197 1590 1262 πρὸς
1623 1197 1713 1249 τὸν

157 1282 319 1335 αὑτοῦ
359 1285 552 1351 ἄπειμι
596 1287 783 1351 τάφον,
820 1288 929 1344 τοῖς
957 1285 1135 1348 ἄλλοις
1170 1288 1560 1356 συνεορτάσων.
1607 1288 1715 1342 Οὖ-

158 1389 262 1434 :4»;
297 1375 482 1436 εἰπὼν,
508 1375 646 1427 οὕτω
672 1376 732 1444 δὴ
763 1378 856 1428 καὶ
881 1381 1215 1448 παραχρῆμα
1245 1379 1434 1441 ἐποίει,
1467 1379 1716 1449 καὶπρὸς

156 1463 249 1516 τὸν
283 1465 471 1529 Ἀγιον
508 1466 718 1535 πλήρης
777 1468 966 1538 ἡδονῆς
1017 1470 1110 1522 καὶ
1145 1472 1317 1541 χαρᾷς
1367 1470 1553 1541 ἀπῄει,
1603 1475 1717 1534 τοῖς

158 1554 460 1609 συναντὼσι
495 1555 675 1622 μέντοι
720 1559 814 1608 καί⁵
845 1558 1070 1612 ἄπιστόν
1105 1578 1156 1613 τι
1178 1560 1365 1631 χρῆμα
1393 1561 1588 1627 ἐδόκει,
1620 1561 1716 1615 καὶ

157 1643 250 1713 τὴν
291 1646 410 1714 ὄψιν
451 1647 953 1720 ἀμφισϐητήσιμον.

223 1914 355 1967 KA’.
391 1915 740 1985 Συντετάχθω
783 1920 893 1980 τοῖς
938 1919 1267 1985 προλαϐοῦσι
1319 1923 1408 1973 καὶ
1453 1922 1583 1974 αὐτὸ
1623 1922 1714 1975 τοῦ

149 2005 426 2074 Γεωργίου
462 2007 521 2058 τὸ
560 2007 742 2076 θαῦμα
769 2025 781 2036 ⁸
816 2010 875 2061 οὐ
908 2009 1106 2075 φαῦλον
1131 2011 1254 2079 γὰρ,
1292 2012 1409 2064 οἱδὶ
1441 2014 1499 2064 τὸ
1532 2013 1712 2083 τυχὸν,

147 2099 260 2148 οὐδ’
291 2098 430 2151 ὣστε
482 2101 572 2150 καὶ
620 2101 865 2169 παριδεῖν
922 2102 1087 2165 ἄξιον.
1141 2097 1307 2166 υῦτος
1350 2105 1565 2173 οἰκέτης
1618 2105 1716 2175 μὲν

143 2176 451 2263 ἐτύγχανεν
480 2190 552 2242 ὢν
611 2191 845 2259 μοναχοῦ
904 2209 1046 2253 τινος
1095 2196 1187 2247 καί
1224 2197 1436 2264 ἱερέως,
1480 2197 1717 2271 Ἐςρρατμ

147 2281 412 2350 τοῦνομα,
453 2282 531 2353 τῷ
577 2283 668 2336 τοῦ
721 2285 966 2355 ὕδρωπος
1026 2288 1082 2339 δὲ
1128 2292 1470 2358 περισχεθεὶς
1535 2291 1715 2358 πάθει,

144 2373 245 2425 καὶ
295 2375 370 2438 τῷ
408 2376 537 2446 ἱερῷ
570 2377 701 2446 οἴκῳ
740 2377 832 2428 τοῦ
874 2378 1124 2442 Μεγάλου
1159 2380 1497 2440 ἀνακλιθείςο
1529 2382 1718 2435 ἔπειτα

145 2467 250 2535 τὴν
285 2469 504 2536 χρονίαν
552 2470 871 2521 κατάκλισιν
911 2469 1267 2537 δυσιεράνας,
1307 2473 1586 2526 ἀπολιπὼν
1627 2479 1716 2529 τὸν

143 2558 298 2624 ἱερὸν
351 2557 444 2608 τοῦ
485 2560 744 2611 δεσπῦτου
796 2559 1034 2611 οἰκίσκον
1093 2562 1332 2616 ἄπεισιν.
1381 2561 1439 2616 '0
1478 2565 1574 2630 μὲν
1625 2563 1716 2620 οὖν

141 2648 418 2713 δεσπότης
447 2650 542 2699 οὐκ
569 2649 708 2701 ἀνίει
746 2652 1021 2720 παραινῶν
1047 2654 1190 2721 αὑτῴ
1217 2656 1308 2707 καὶ
1334 2656 1717 2727 ὑποτιθέμενος

140 2737 396 2790 ἀνελθεῖν
427 2734 581 2800 αὖθις
616 2742 707 2793 καὶ
735 2743 810 2810 τῷ
835 2741 928 2793 τοῦ
968 2745 1147 2808 Ἀγίου
1188 2747 1322 2811 οἴκῳ
1352 2753 1713 2815 προσμεῖναι·

139 2832 274 2882 ἐπεὶ
308 2832 365 2884 δὲ
400 2831 471 2901 μὴ
503 2832 712 2888 ἔπειθεν
743 2836 1005 2900 (ἐφείδετο
1038 2837 1145 2905 γὰρ
1175 2838 1588 2905 αὐστηροτέρων
1623 2845 1718 2911 ῥη-

139 2925 340 2991 μάτων
357 2924 440 2974 διὰ
464 2925 560 2992 τὴν
590 2926 681 2977 τοῦ
710 2927 1227 2996 πᾶθουςβαρύτητοι)
1257 2947 1268 2959 ’
1297 2931 1413 2983 Κᾶν
1436 2931 1562 2999 γοῦν
1589 2933 1718 2986 εἴσω

135 3015 243 3066 τοῦ
282 3015 571 3082 εὐκτηρίου
623 3019 849 3082 εἴσελθε,
883 3020 1005 3086 ἔφη.
1052 3022 1218 3090 αὐτὴν
1257 3025 1355 3091 τὴν
1402 3025 1493 3076 τοῦ
1539 3025 1717 3093 Ἀγίου

1752 1803 1793 1857 Β

1816 569 2005 614 cutus:
2045 558 2173 612 Mihi
2224 556 2434 620 videor,
2489 557 2732 624 inquam,
2779 553 2914 607 nihil
2957 552 3081 606 mali
3127 551 3377 610 sentire;

1817 650 1910 704 sed
1963 658 2018 704 tu
2072 649 2273 702 sensim
2319 649 2468 701 solve
2514 645 2731 700 vincula
2782 645 2947 713 plaga:
2997 641 3272 708 imposita.
3304 638 3382 695 Ea

1818 753 1995 796 autem
2033 741 2110 795 sic
2144 741 2289 799 fecit.
2327 755 2433 792 non
2471 738 2588 791 sine
2629 752 2842 805 magna.
2885 750 2988 803 qua
3022 732 3378 790 aiiiciebatur,

1821 833 2100 897 molestia;
2128 844 2202 896 et,
2236 831 2328 885 Hei
2358 830 2513 892 mihi,
2550 829 2688 882 dixit
2717 845 2727 878 :
2760 827 2892 892 Quis
2928 834 3010 879 est
3055 825 3144 877 hic
3172 822 3380 875 amitta-

1823 934 1903 980 tes
1933 925 2066 994 (2i).
2125 925 2220 994 qui
2269 925 2435 994 plagae
2479 933 2561 976 est
2609 920 2937 989 impositus?
2986 917 3040 971 id
3088 931 3218 967 vero
3263 925 3384 967 erat

1820 1033 1946 1072 caro
1974 1018 2276 1089 putrefacta
2309 1027 2361 1070 et
2394 1022 2668 1083 separata,
2707 1028 2827 1080 quae
2863 1026 2967 1063 una
3010 1023 3132 1060 cum
3183 1006 3380 1076 pannis

1819 1111 2005 1164 evulsa
2033 1111 2225 1163 fuerat.
2273 1107 2364 1162 Sic
2391 1123 2491 1176 ego
2531 1115 2773 1165 sanatus,
2815 1113 2869 1155 et
2903 1111 3101 1170 prater
3132 1114 3278 1161 spem
3327 1105 3382 1148 et

1820 1203 2131 1272 Opinionem
2176 1201 2421 1270 pristinae
2469 1198 2753 1252 restitutus
2794 1194 3114 1256 valetudini,
3150 1207 3256 1245 non
3299 1206 3384 1243 me

1820 1295 1972 1364 potui
2022 1294 2256 1363 amplius
2289 1293 2589 1351 continere,
2637 1291 2768 1360 quin
2819 1303 3062 1358 parerem
3108 1284 3382 1338 curatoris

1820 1380 1923 1439 mei
1949 1393 2237 1454 praecepto,
2264 1395 2316 1438 et
2348 1401 2433 1437 me
2463 1384 2767 1438 conferrem
2799 1382 2862 1434 ad
2894 1383 3013 1450 ejus
3046 1379 3379 1447 sepulcrum,

1819 1492 1941 1532 cum
1982 1477 2106 1531 aliis
2135 1477 2331 1531 festum
2378 1477 2774 1530 celebraturus.
2836 1473 2970 1526 Cum
3021 1474 3097 1525 sic
3131 1470 3378 1522 dixisset.

1819 1569 2000 1625 Statim
2028 1583 2244 1638 quoque
2269 1569 2347 1622 sic
2379 1567 2528 1631 fecit,
2562 1577 2618 1620 et
2648 1566 2713 1620 ad
2738 1564 2996 1618 Sanctum
3022 1561 3155 1616 abiit
3185 1561 3380 1626 plenus

1822 1660 2019 1729 gaudio
2048 1668 2102 1712 et
2131 1658 2338 1714 laetitia.
2373 1657 2445 1711 lis
2473 1667 2675 1720 autem,
2716 1655 2808 1725 qui
2835 1655 2884 1706 ei
2919 1652 3119 1706 fiebant
3146 1649 3380 1708 obviam.

1823 1764 1911 1802 res
1937 1748 2225 1801 videbatur
2250 1747 2608 1808 incredibilis,
2650 1756 2704 1800 et
2748 1744 2830 1798 vel
2887 1744 2953 1797 de
2993 1743 3107 1796 suis
3159 1739 3382 1792 dubita—

1820 1839 1948 1893 bant
1977 1839 2170 1892 oculis.

1887 1928 2030 1983 XXI.
2080 1929 2457 1998 Conjungatur
2502 1927 2938 1997 prtecedentibus
2991 1925 3205 1993 Georgii
3247 1939 3385 1990 quo-

1818 2036 1924 2089 que
1955 2020 2277 2074 miraculum
2315 2039 2328 2073 :
2363 2036 2471 2073 non
2505 2031 2589 2074 est
2617 2020 2762 2072 enim
2803 2020 2942 2079 leve,
2991 2031 3092 2069 nec
3140 2017 3381 2081 vulgare,

1818 2125 1998 2179 neque
2027 2109 2138 2163 ullo
2170 2109 2332 2163 modo
2359 2107 2840 2163 contemnendum.
2876 2106 2927 2160 Is
2965 2114 3084 2158 erat
3135 2104 3385 2155 minister

1821 2202 2073 2256 monachi
2115 2201 2397 2271 cujusdam
2427 2211 2482 2254 et
2510 2199 2835 2261 sacerdotis,
2858 2198 3076 2250 nomine
3101 2193 3379 2261 Ephraim.

1818 2293 1954 2348 Cum
1987 2301 2168 2345 autem
2218 2291 2462 2362 hydrope
2494 2291 2790 2352 laboraret,
2818 2296 2873 2343 et
2905 2289 2958 2340 in
3011 2301 3162 2340 sacra
3204 2282 3386 2351 magni

1821 2385 2137 2455 Sampsonis
2169 2383 2284 2438 aede
2313 2393 2454 2437 esset
2489 2381 2780 2450 repositus,
2818 2379 3001 2432 omnia
3041 2376 3260 2445 quidem
3294 2387 3386 2426 re-

1820 2478 1980 2546 pulit.
2014 2493 2135 2546 qua:
2169 2477 2216 2531 ei
2251 2493 2279 2529 a
2317 2474 2546 2529 medicis
2605 2473 2760 2541 prius
2801 2478 2959 2525 erant
3000 2469 3064 2521 ad
3117 2465 3385 2520 medelam

1819 2569 2085 2630 adhibita,
2123 2577 2308 2635 utpote
2335 2582 2362 2618 a
2395 2565 2594 2634 quibus
2621 2562 2876 2616 omnibus
2907 2561 3042 2612 nihil
3083 2559 3206 2626 Opis
3255 2572 3383 2609 sen-

1821 2662 1998 2716 sisset.
2043 2659 2247 2713 Deinde
2274 2674 2397 2714 cum
2436 2671 2576 2726 aegre
2620 2655 2807 2714 ferret,
2853 2651 3000 2721 quod
3038 2649 3243 2704 tamdiu
3275 2648 3388 2702 illic

1821 2753 2194 2812 decuinberet.
2222 2767 2372 2806 sacra
2417 2752 2505 2804 illa
2535 2751 2647 2803 aede
2679 2748 2888 2810 relicta,
2921 2744 3056 2800 abiit
3083 2745 3135 2798 in
3175 2743 3385 2796 domini

1820 2845 2226 2898 domunculam.
2267 2843 2385 2897 Non
2441 2843 2689 2896 cessabat
2737 2849 2918 2892 autem
2961 2838 3214 2890 dominus
3256 2849 3383 2887 eum

1821 2950 2045 2989 monere
2072 2943 2128 2988 et
2160 2933 2391 2996 hortari,
2458 2945 2516 2986 ut
2568 2941 2957 2990 reverteretur,
2993 2941 3050 2983 et
3098 2929 3150 2979 in
3199 2927 3383 2980 Sancti

1821 3029 1984 3083 domo
2028 3028 2209 3082 adhuc
2253 3037 2522 3082 maneret.
2573 3025 2709 3080 Cum
2747 3037 2874 3076 vero
2899 3038 3006 3076 non
3033 3018 3387 3088 persuaderet

143 3107 548 3174 προσκυνήσων
580 3106 764 3159 εἰκόνα
835 3104 951 3159 εἶτα
976 3109 1070 3161 τυῦ
1107 3111 1287 3163 ἐλαίου
1320 3114 1493 3164 λαϐὼν
1525 3131 1581 3163 τε
1625 3118 1718 3168 καὶ

1824 3123 1890 3188 (a
1945 3123 2129 3174 verbis
2184 3121 2331 3173 enim
2383 3118 2692 3172 abstinebat
2739 3113 3117 3184 asperioribus
3163 3117 3389 3179 propter

139 3194 516 3263 ἀλειψάμενος
554 3199 617 3265 τῇ
672 3197 826 3267 κοίτῃ
881 3201 943 3266 τῇ
996 3201 1084 3267 σῇ,
1120 3201 1454 3272 ἀνακλξθητι.
1504 3204 1610 3256 Καὶ
1659 3203 1716 3266 ὃς

138 3286 327 3342 ὶποίει
373 3289 434 3339 τὸ
483 3289 795 3348 κελευσθέν.
837 3289 988 3343 Ἐπεὶ
1024 3291 1078 3344 δὲ
1122 3294 1215 3346 καὶ
1244 3295 1427 3363 ἡμέρα
1470 3291 1557 3365 ἦν,
1605 3296 1718 3349 ὲκε-

137 3379 340 3430 λεύετο
402 3381 498 3446 μὲν
562 3384 707 3448 παρὰ
758 3383 851 3434 τοῦ
907 3385 1165 3438 δεσπότου
1212 3389 1301 3438 καὶ
1345 3387 1421 3439 ἔτι
1463 3390 1527 3441 τὰ
1559 3391 1719 3456 ὅμοια

139 3471 328 3521 ποιεῖν
356 3486 371 3500 ⁶
394 3473 420 3521 ὁ
451 3470 527 3532 δὲ,
559 3472 696 3524 Ἀλλ’
739 3473 866 3537 ἐγὼ,
909 3478 1092 3540 φησῑν,
1127 3477 1364 3545 ἔρῤωκα,
1400 3478 1493 3530 καὶ
1527 3483 1592 3549 τῇ
1627 3481 1716 3533 τοῦ

147 3562 354 3628 Ἀγίου
387 3562 614 3629 δυνάμει
654 3565 900 3632 καθαρᾶς
935 3566 1218 3620 ἁπέλαυκα
1254 3569 1493 3634 ὑγιείας·
1520 3573 1720 3639 ταύτης

133 3657 264 3724 γὰρ
304 3657 402 3724 τῆς
444 3657 635 3720 νυκτὸς
685 3658 802 3710 κατ’
837 3659 969 3727 ὄναρ
1001 3660 1284 3727 ἐπιφανείς
1321 3678 1408 3730 μοι
1453 3665 1478 3715 ὁ
1513 3663 1718 3730 Ἄγιος,

133 3751 252 3817 τῆς
298 3766 354 3801 τε
403 3750 608 3811 κοιλίας
645 3768 744 3819 μου
783 3751 978 3822 ἥψατο,
1012 3755 1101 3805 καὶ
1144 3755 1332 3824 εἴρηκέ
1382 3771 1496 3823 μοι·
1532 3755 1722 3808 Ἀπιθι

131 3841 440 3904 ὑγιαίνων,
489 3842 639 3896 οὐδὲν
685 3844 792 3916 γὰρ
839 3845 916 3894 ἔτι
972 3860 1051 3894 σοι
1102 3845 1209 3894 τῶν
1256 3847 1441 3898 κακῶν
1497 3848 1719 3915 ἐνοχλεῖ.

131 3932 280 3986 Οὐδ’
311 3933 467 4000 ἤρκει
502 3934 635 4000 πρὸς
674 3935 855 3985 πίστιν
884 3936 1021 3986 αὐτὰ
1051 3935 1126 4006 τῷ
1160 3936 1391 4007 δεσπότῃ
1413 3954 1428 3971 ο
1462 3939 1596 3993 ἀλλα
1630 3944 1722 3995 καὶ

131 4027 355 4093 πεῖραν
420 4024 683 4094 προσῆγε,
718 4030 812 4079 καὶ
857 4032 1267 4098 περιειργὰζετο
1333 4035 1619 4103 πρόσωπόν
1667 4054 1722 4088 τε

128 4118 394 4181 ἐκείνου,
423 4120 515 4171 καὶ
546 4119 772 4185 κοιλίαν,
817 4122 906 4172 καὶ
936 4123 1120 4183 πόδας.
1167 4125 1259 4175 καὶ
1290 4126 1356 4175 τὰ
1391 4126 1553 4180 λοιπά
1588 4127 1720 4198 μέλη

126 4226 213 4263 τι
249 4212 346 4262 καὶ
377 4211 540 4279 μέρη,
574 4215 668 4264 καὶ
704 4215 826 4264 ἐπεὶ
862 4214 983 4267 οὐδὲ
1013 4214 1266 4284 λείψανον
1318 4234 1373 4268 τε
1419 4218 1568 4288 ἑώρα
1601 4221 1722 4273 οὐδὲ

1820 3214 1994 3268 morbi
2037 3212 2382 3283 gravitatem)
2415 3228 2428 3265 :
2469 3209 2804 3272 Oratorium,
2836 3206 3035 3276 inquit,
3074 3202 3264 3256 saltem
3305 3200 3386 3251 in-

1819 3306 2066 3374 gredere.
2087 3306 2414 3358 adoraturus
2435 3303 2601 3369 ipsam
2636 3300 2818 3354 Sancti
2840 3298 3127 3365 imaginem
3158 3306 3170 3348 :
3191 3292 3390 3344 deinde

1820 3414 1943 3453 cum
1978 3398 2156 3451 oleum
2191 3394 2490 3464 acceperis,
2529 3402 2584 3447 et
2621 3400 2672 3446 te
2712 3391 2960 3450 unxeris,
2995 3388 3048 3440 in
3105 3395 3198 3438 tuo
3245 3383 3388 3437 lecto

1823 3489 2098 3542 recumbe.
2162 3487 2256 3540 llle
2307 3493 2490 3538 autem
2549 3482 2705 3546 fecit,
2756 3479 2900 3549 quod
2951 3479 3139 3546 jussus
3188 3474 3387 3527 fuerat.

1821 3578 2112 3646 Postquam
2155 3591 2284 3630 vero
2326 3573 2569 3635 advenit,
2606 3571 2901 3642 jubebatur
2939 3569 3160 3637 quidem
3212 3581 3241 3617 a
3291 3565 3391 3619 do-

1823 3673 1970 3724 mino
1995 3669 2175 3723 adhuc
2202 3670 2382 3723 facere
2413 3667 2706 3732 similiter;
2741 3664 2831 3720 ille
2862 3671 3044 3717 autem
3080 3679 3093 3715 :
3127 3658 3234 3714 Sed
3265 3673 3388 3723 ego,

1825 3763 2020 3831 inquit,
2061 3764 2166 3832 jam
2210 3759 2481 3821 convalui,
2517 3769 2571 3812 et
2609 3757 2796 3810 Sancti
2845 3757 3047 3809 virtute
3097 3767 3218 3806 sum
3257 3751 3393 3804 inte-

1824 3872 1973 3927 gram
2006 3865 2293 3909 assecutus
2327 3854 2641 3908 sanitatem.
2690 3850 2811 3904 Haec
2859 3850 3003 3902 enim
3051 3856 3210 3898 nocte
3254 3843 3389 3897 mihi

1823 3962 2092 4021 apparens
2135 3946 2189 3999 in
2233 3945 2440 3998 somnis
2476 3943 2725 4005 Sanctus,
2760 3953 2941 3993 meum
2983 3945 3230 3990 ventrem
3261 3932 3390 3986 teti-

1826 4039 1922 4107 git,
1971 4048 2025 4090 et
2070 4037 2207 4090 dixit
2266 4034 2449 4089 mihi:
2499 4033 2644 4095 Abi,
2696 4047 2819 4085 cum
2874 4030 2948 4082 sis
2998 4042 3196 4091 sanus;
3256 4024 3389 4078 nihil

1825 4131 1969 4185 enim
2012 4130 2135 4182 ntali
2169 4138 2219 4181 te
2252 4136 2408 4180 vexat
2447 4126 2702 4193 amplius.
2738 4121 2846 4174 llac
2898 4131 3079 4172 autem
3122 4118 3187 4169 ad
3230 4116 3388 4170 ﬁdem

1827 4222 2048 4277 domino
2095 4219 2395 4275 faciendam
2439 4233 2548 4271 non
2598 4215 2984 4269 sulfecerunt:
3035 4210 3127 4264 sed
3164 4211 3394 4279 ipsemet

117 4302 305 4372 ἴχνος
338 4303 432 4354 τοῦ
464 4303 667 4366 πάθους
706 4305 876 4368 οὐδὲν,
919 4306 1046 4377 δόξῃ
1085 4312 1146 4377 τῇ
1190 4311 1330 4379 πρδς
1358 4309 1487 4362 Θεὸν
1526 4313 1720 4381 ἐχρῆτο

1825 4316 2132 4384 periculum
2182 4315 2360 4368 facere
2414 4312 2627 4372 voluit,
2672 4319 2727 4364 et
2781 4309 3070 4378 diligenter
3116 4314 3394 4358 scrutatus

126 4396 251 4444 καὶ
308 4396 625 4464 εὐχαριστίᾳ
681 4397 747 4464 τῇ
808 4397 941 4464 πρὸς
990 4398 1080 4450 τὸν
1128 4400 1336 4465 Ἀγιον,
1409 4399 1593 4469 ἰατροῦ
1666 4420 1719 4453 τε

1825 4407 2035 4459 vultum
2066 4407 2206 4473 ejus,
2231 4415 2286 4458 et
2316 4411 2585 4466 ventrem,
2619 4411 2671 4454 et
2696 4400 2880 4471 pedes,
2906 4410 2961 4454 et
2992 4399 3200 4466 reliqua
3227 4409 3395 4449 mem-

123 4481 341 4551 τυχὼν
374 4483 604 4551 ἀμίσθου
644 4487 736 4539 καὶ
761 4488 1044 4556 ἀψευδοῦς,
1088 4491 1179 4541 mi
1209 4491 1375 4558 ὑγιῶς
1406 4492 1590 4561 ἔχοντα
1634 4495 1720 4545 τὸν

1831 4497 1924 4552 bra
1949 4536 1962 4555 .
1998 4510 2121 4548 cum
2163 4495 2337 4548 nullas
2373 4495 2546 4547 morbi
2587 4494 2865 4561 reliquias,
2901 4503 2994 4543 aut
3038 4490 3264 4557 vestigia
3310 4501 3394 4541 re-

123 4577 379 4646 οἰκέτην
416 4579 578 4643 ὀρῶν.

1836 4588 2058 4656 periret,
2120 4588 2286 4642 Deum
2340 4587 2600 4650 laudavit,
2664 4596 2717 4640 et
2770 4583 2968 4639 Sancto
3009 4585 3118 4654 egit
3169 4582 3391 4653 gratias,

121 4671 305 4743 quod
350 4671 402 4724 in
435 4671 551 4738 ipso
584 4673 855 4728 medicum
906 4683 1097 4729 nactus
1145 4672 1359 4738 fuisset.
1433 4682 1525 4745 qui
1572 4679 1937 4732 certissimam
2003 4679 2207 4734 famulo
2238 4692 2335 4732 suo
2383 4678 2500 4733 sine
2561 4678 2810 4731 mercede
2875 4675 3204 4731 reddidisset
3245 4673 3391 4729 salu-

124 4778 293 4820 ιοιη.

229 4855 360 4909 ΚΒ’.
407 4857 563 4910 Ἀλλὰ
596 4860 688 4911 καὶ
731 4861 788 4912 τὸ
820 4861 920 4929 τῆς
960 4863 1194 4933 Εἰρήνης
1229 4865 1396 4929 πάθος
1425 4866 1625 4932 ὁμοίως
1659 4860 1726 4935 ἦν

117 4951 312 5018 Ξχοψ
352 4943 532 5012 ὕδρωψ
563 4950 669 5019 γὰρ
702 4952 792 5002 καὶ
820 4951 950 5003 αὐτὸ
987 4953 1161 5016 πάθος
1186 4955 1243 5005 τὺ
1266 4953 1666 5024 χαλεπώτατον,
1699 4954 1727 5007 ὃ

118 5041 258 5099 καὶ
298 5041 520 5102 ἀστείας
564 5041 626 5110 δὴ
684 5045 776 5094 καὶ
813 5043 1267 5115 θαυμασιωτέρας
1305 5046 1459 5117 ἔτυχε
1502 5049 1597 5116 τῆς
1648 5048 1727 5098 ἰά-

113 5149 322 5193 σεως.
355 5129 419 5183 Ἥ
461 5133 558 5202 μὲν
597 5130 687 5185 οὖν
727 5133 929 5205 Εἰρήνη
960 5138 1092 5213 γρνή
1131 5154 1209 5198 τις
1246 5133 1311 5208 ἦν
1350 5138 1467 5199 ἑνὸς
1514 5138 1617 5189 τῶν
1650 5137 1724 5206 τῷ

112 5223 308 5294 ἱερῷ
342 5223 475 5290 οἴκῳ
527 5224 939 5292 διακονούντων,
995 5220 1149 5296 ἐφ’ᾅ)
1202 5231 1294 5282 καὶ
1347 5228 1722 5291 ἀνακλιθεῖσα,

108 5317 295 5384 πρὸς
327 5316 426 5382 μὲν
454 5313 562 5366 τῶν
597 5318 794 5385 ἰατρῶν
844 5319 1106 5389 ἀπείρητο
1140 5321 1236 5390 τὴν
1272 5321 1499 5387 ὑγίειαν.
1521 5323 1574 5374 ’0
1600 5321 1727 5391 μέν·

103 5426 238 5464 τοι
274 5407 465 5474 ’Ἄγιος
498 5409 688 5470 νυκτὸς
732 5412 956 5472 ἐπιστὰς
1003 5413 1136 5479 μετὰ
1180 5429 1341 5464 τινων
1392 5419 1481 5464 καὶ
1527 5416 1727 5483 ἑτέρων

103 5500 271 5561 δύο,
308 5499 430 5567 μεθ’
461 5492 535 5552 ὧν
575 5501 670 5569 μὲν
715 5502 900 5555 εἴωθεν
923 5503 997 5564 ὡς
1021 5507 1087 5555 τὰ
1120 5505 1285 5558 πολλὰ
1323 5506 1723 5573 ἐπιφαίνεσθαι,

100 5593 281 5654 τοὺς
321 5589 502 5652 Θείους
535 5607 591 5644 τε
633 5587 1146 5665 ἀναργύρουςεῖναι
1181 5596 1401 5662 τούτους
1451 5598 1582 5667 φα.σί
1626 5599 1722 5651 Ko-

1899 4863 2063 4920 XXll.
2100 4863 2306 4919 Similis
2327 4862 2429 4914 fuit
2468 4863 2635 4916 [rente
2667 4858 2949 4932 cujusdam
2992 4859 3237 4917 morbus.
3270 4874 3391 4926 quae

1829 4957 1995 5011 etiam
2034 4958 2148 5025 ipsa
2200 4955 2444 5025 hydrope
2475 4953 2773 5017 laborabat,
2812 4966 2986 5021 eoque
3027 4950 3387 5019 gravissimo;

1824 5067 1886 5105 ac
1953 5051 2073 5105 ideo
2125 5051 2295 5119 magis
2341 5050 2600 5104 solemnis
2657 5050 2935 5117 magisque
2992 5046 3236 5100 miranda
3287 5045 3392 5100 fuit

1821 5146 1938 5211 ejus
1965 5144 2194 5196 curatio.
2234 5143 2475 5196 Habebat
2510 5143 2597 5195 illa
2635 5142 2886 5193 maritum
2931 5155 2994 5192 cx
3045 5153 3234 5191 eorum
3285 5154 3390 5192 nu-

1829 5249 1999 5296 rnero,
2051 5233 2144 5302 qui
2189 5232 2292 5287 aedi
2334 5246 2502 5287 sacras
2557 5232 2882 5292 inserviunt,
2933 5231 2984 5282 in
3027 5245 3132 5300 qua
3185 5238 3236 5283 et
3275 5230 3386 5297 ipsa

1827 5325 2208 5385 dccnmbebat.
2253 5325 2613 5394 desesperans
2661 5325 2891 5378 salutem
2918 5340 2950 5378 a
2982 5323 3210 5377 medicis
3247 5321 3390 5375 obti-

1827 5416 2080 5472 nendam.
2121 5415 2352 5470 Sanctus
2397 5427 2579 5473 autem
2611 5427 2774 5472 noctu
2805 5430 3075 5484 apparens
3115 5430 3238 5468 cum
3268 5414 3388 5467 aliis

1826 5507 2060 5572 duobus;
2092 5523 2213 5561 cum
2242 5509 2440 5578 quibus
2474 5519 2530 5561 ut
2560 5508 2849 5578 plurimum
2881 5507 3087 5561 solebat
3123 5518 3389 5574 apparere

1829 5599 1945 5672 (eos
1975 5617 2098 5656 vere
2128 5615 2247 5656 esse
2293 5601 2483 5656 dicunt
2531 5599 2746 5654 divinos
2795 5600 2936 5662 illos,
2987 5598 3079 5671 qui
3123 5596 3241 5654 sine
3279 5595 3386 5651 ulla

228 5770 337 5840 (Ἡ)
373 5771 680 5839 Amanites,
710 5770 855 5844 fungi
888 5775 1119 5846 species.
