4188 6310
822 397 919 454 307

2095 390 2371 446 MENSIS
2404 388 2698 450 JUNIUS.

3945 398 4058 460 308

821 501 1110 556 medentur
1157 503 1410 572 pecunia,
1442 501 1692 556 Cosmum
1737 511 1792 554 et
1845 500 2228 565 Daminanum)
2266 515 2387 554 eam
2420 504 2460 559 Α

2420 504 2460 559 Α
2493 503 2636 570 σμᾶν
2671 520 2763 555 και
2796 503 3085 572 Δαμιανδν,
3124 505 3286 574 ἡρετο
3318 505 3530 576 πρῶτον
3571 509 3740 579 αὐτὴν
3775 510 3802 562 ὁ
3838 513 4050 580 Ἀγιος,

825 597 1056 664 primum
1092 595 1468 665 interrogavit,
1499 593 1759 663 quidnam
1805 594 1928 646 mali
1958 603 2254 662 pateretur.
2287 591 2384 646 llla

823 698 1001 740 autem
1031 685 1320 740 videbatur
1351 686 1526 756 ipsum
1562 685 1762 739 malum
1795 686 2118 749 ostendere;
2153 682 2386 738 Sanctus

823 794 952 832 vero
987 794 1158 832 unum
1184 795 1213 833 e
1249 779 1410 832 sociis
1443 779 1557 833 suis
1587 777 1814 847 alloqui,
1857 788 1910 832 et
1942 777 2122 831 dicere
2159 794 2171 829 :
2210 776 2384 846 Opor-

823 880 897 924 tet
924 871 1044 940 ejus
1065 870 1258 925 femori
1294 870 1557 925 adbibere
1589 871 1908 924 sectionem.
1948 869 2012 922 Et
2044 869 2131 923 ille
2161 869 2384 938 quidem

820 960 899 1012 sic
932 959 1077 1014 fecit.
1114 959 1307 1014 Mulier
1329 970 1535 1024 autem,
1562 969 1622 1013 ut
1653 973 1774 1028 quae
1807 958 2062 1013 dolorem
2093 957 2383 1027 quemdam

822 1063 1090 1115 senserat,
1119 1068 1150 1108 e
1177 1067 1372 1108 somno
1401 1065 1487 1108 est
1516 1054 1785 1116 excitata;
1837 1051 1972 1105 nihil
2005 1066 2137 1106 vero
2186 1065 2386 1120 cogno-

823 1145 900 1196 vit
935 1158 1002 1196 ex
1030 1144 1096 1197 iis
1117 1159 1238 1212 qua
1272 1159 1428 1212 passa
1461 1142 1654 1198 fuerat.
1693 1142 1828 1199 Cum
1861 1155 2044 1199 autem
2077 1143 2384 1206 diluxisset,

822 1233 888 1285 ad
921 1248 1040 1286 eam
1093 1233 1358 1288 accedens
1401 1233 1624 1298 famula,
1673 1234 1972 1304 vidensque
2039 1249 2237 1303 aquam
2285 1235 2387 1288 sub

822 1327 964 1380 lecto
985 1323 1183 1393 fusam,
1213 1325 1497 1384 arbitrata.
1529 1335 1587 1378 ut
1619 1334 1739 1378 erat
1767 1325 2078 1391 verisimile,
2121 1341 2238 1380 eam
2268 1341 2386 1380 esse

824 1415 1076 1469 urinam:
1105 1414 1454 1484 exprobravit
1490 1415 1610 1484 ipsi,
1655 1417 1801 1485 quod
1857 1418 2088 1486 turpiter
2133 1417 2388 1472 indecore

823 1524 879 1560 se
910 1518 1143 1577 gereret,
1195 1515 1250 1562 et
1289 1507 1432 1576 quod
1481 1523 1660 1578 neque
1696 1509 2046 1573 surrexisset,
2093 1525 2271 1579 neque
2301 1509 2386 1563 ul-

823 1599 926 1651 lam
957 1608 1206 1653 vocasset
1230 1613 1296 1652 ex
1337 1598 1568 1662 ancillis,
1613 1601 1708 1653 sed
1741 1600 2078 1669 inquinasset
2128 1610 2183 1655 et
2211 1609 2390 1654 vestes

823 1698 876 1743 et
915 1689 1179 1761 stragula.
1230 1691 1324 1745 llla
1371 1699 1552 1746 autem
1587 1692 1836 1762 negabat,
1874 1692 2082 1756 dicens,
2138 1707 2197 1746 se
2252 1691 2388 1745 nihil

823 1783 926 1836 tale
955 1783 1170 1838 fecisse.
1205 1783 1411 1839 Deinde
1441 1794 1647 1839 remota
1679 1785 1885 1849 tunica,
1936 1800 2059 1838 cum
2092 1785 2201 1838 visa
2242 1792 2388 1838 esset

823 1876 1016 1938 sectio,
1048 1887 1102 1931 et
1128 1875 1323 1930 humor
1355 1875 1602 1938 eﬂluens,
1641 1878 1893 1946 cognitus
1922 1876 2046 1930 inde
2077 1875 2180 1929 fuit
2211 1874 2387 1928 medi-

822 1982 920 2021 cus
953 1985 965 2019 :
995 1977 1048 2021 et
1077 1968 1190 2036 ipsa
1227 1984 1356 2022 sana
1385 1969 1616 2030 exstitit,
1651 1975 1707 2022 et
1749 1967 1970 2022 domum
2016 1982 2139 2020 cum
2189 1965 2388 2035 gaudio

821 2068 906 2112 est
940 2075 1178 2112 reversa.

896 2148 1083 2202 XXIII.
1136 2151 1312 2218 Atque
1373 2151 1489 2206 haec
1532 2150 1804 2205 sufﬁciunt
1844 2153 1909 2204 ad
1957 2150 2386 2221 cognoscendam

821 2242 1048 2312 gratiam
1081 2258 1201 2311 quae
1225 2258 1420 2313 magno
1454 2243 1737 2313 Sampsoni
1769 2244 1893 2300 data
1924 2245 2043 2298 fuit.
2076 2243 2214 2310 Quid
2240 2243 2386 2298 enim

825 2342 908 2406 (ut
942 2346 1028 2390 est
1057 2337 1110 2388 in
1153 2335 1434 2406 tragoedia)
1477 2353 1766 2392 numerare
1812 2347 2028 2406 oportet
2077 2340 2392 2391 innumera-

823 2428 952 2481 bilia
983 2426 1133 2495 (22)?
1157 2425 1370 2480 Etenim
1398 2426 1578 2496 qualia
1606 2430 1746 2482 facta
1779 2437 1929 2490 sunt,
1964 2443 2241 2497 nunquam
2270 2443 2389 2482 ces-

824 2526 949 2570 sant
983 2517 1125 2578 fieri,
1172 2515 1269 2571 sed
1309 2516 1593 2570 ﬂuminum
1649 2519 1820 2572 instar
1853 2533 1909 2571 se
1957 2519 2193 2581 habent;
2227 2529 2388 2586 atque

826 2609 952 2664 ideo
983 2609 1308 2663 miraculum
1353 2625 1521 2663 unum
1562 2608 1763 2664 suﬂlcit
1809 2624 1906 2677 pro
1949 2608 2224 2673 omnibus,
2270 2618 2389 2662 tan.

824 2717 988 2772 quam
1043 2701 1246 2756 ﬂumen
1293 2701 1557 2756 divinitus
1614 2701 1808 2760 fluens.
1868 2701 2012 2768 quod
2053 2701 2303 2770 procedit
2361 2716 2390 2753 e

825 2793 1080 2862 sepulcro
1121 2793 1224 2845 viri
1274 2793 1470 2857 sancti,
1500 2801 1553 2846 et
1583 2793 1826 2861 quotidie
1858 2794 2034 2845 oritttr
2070 2803 2325 2861 tanquam
2361 2807 2391 2843 e

825 2886 998 2939 fonte.
1029 2884 1282 2939 Procedit
1308 2897 1490 2940 autem
1523 2902 1632 2940 non
1659 2901 1875 2953 semper
1907 2906 1920 2940 :
1957 2887 2050 2938 sed
2075 2885 2262 2952 paucis
2287 2885 2394 2937 die-

825 2980 929 3030 bus
966 2985 1092 3031 ante
1141 2976 1341 3031 festum
1373 2975 1765 3044 Thaumaturgi
1810 2976 2030 3044 quidam
2077 2975 2244 3029 veluti
2289 2975 2392 3029 hu-

827 3083 947 3120 mor
968 3078 1215 3136 apparet,
1249 3069 1341 3137 qui
1381 3067 1581 3124 deinde
1607 3067 1867 3138 paulatim
1916 3078 2169 3139 augetur,
2201 3078 2256 3122 et
2304 3083 2391 3122 re-

2487 594 2539 646 τί
2564 595 2628 648 ἂν
2655 596 2745 648 καὶ
2781 597 3059 665 πάσχουσα
3088 597 3196 667 εἴη.
3237 596 3302 650 'H
3334 599 3391 651 δὲ
3423 599 3799 656 ὑποεεικνὺναι
3838 604 4018 658 ἐδόκει
4039 624 4054 639 ο

2491 690 2582 741 καὶ
2615 690 2642 739 ὁ
2672 689 2859 752 Ἄγιος
2882 690 2958 741 ἐνὶ
2982 690 3183 742 τούτων
3204 691 3524 758 προσλαϐὼν
3555 694 3878 762 ὑπεφαίνετο
3898 712 3911 724 °
3941 698 4051 749 Το-

2491 781 2596 849 μὴν
2628 782 2790 846 αὑτῆς
2820 782 2896 832 δεῖ
2923 781 2998 850 τῷ
3025 783 3182 852 μηρῷ
3214 785 3503 838 ἐπιθεῖναι.
3536 785 3642 838 Καὶ
3681 789 3708 838 ὀ
3741 788 3840 853 μὲν
3879 787 4054 852 οὑτως

2488 873 2680 926 ἐποίει.
2715 870 2779 923 Ἦ
2802 872 3079 941 δὲ,ὧσπερ
3111 873 3298 940 ὀδύνης
3323 875 3615 945 αἰσθομένη
3645 878 3809 939 τινὸς.
3841 879 4038 933 διυπνί-

2489 965 2635 1028 ζετο,
2673 961 2813 1030 ἔγνω
2840 964 2896 1015 δὲ
2927 964 3075 1016 οὐδὲν
3101 959 3174 1018 ὧν
3203 965 3482 1020 πέπονθεν.
3533 968 3617 1030 Ὠς
3646 968 3700 1019 δὲ
3740 970 3831 1022 καὶ
3861 971 4052 1039 ἡμέρα

2489 1048 2572 1120 ἦν,
2606 1055 2637 1123 ἡ
2679 1053 2941 1124 ὑπηρέτις
2975 1055 3110 1124 αὐτῇ
3144 1057 3526 1124 προσελθοῦσα,
3564 1059 3654 1110 καὶ
3685 1058 3826 1129 ὕδωρ
3859 1061 3962 1113 ὑπὸ
3985 1065 4053 1128 τῇ

2490 1143 2643 1215 κλίνῃ
2672 1146 2970 1215 κεχυμένον
3003 1147 3203 1209 ἰδοῦσα,
3242 1148 3404 1216 οὐράν
3434 1165 3490 1199 τε
3524 1150 3654 1202 αὑτὸ
3687 1145 3848 1214 εἶναι,
3878 1152 3952 1213 ὡς
3993 1155 4056 1203 τὸ

2490 1238 2656 1300 εἰκὸς,
2687 1237 2950 1307 οἱηθεῖσα,
2993 1237 3052 1290 τὸ
3083 1239 3322 1306 ἄκοσμον
3345 1240 3480 1308 αὑτῇ
3511 1239 3777 1302 ὠνείδιζε,
3803 1241 3896 1293 καὶ
3925 1243 4056 1293 ατε-

2491 1330 2630 1398 χνῶς
2653 1329 2918 1399 ἄσχημον,
2948 1331 3026 1381 ὅτι
3062 1329 3135 1399 μὴ
3164 1330 3383 1399 ἀνέστη,
3427 1333 3519 1381 καὶ
3555 1330 3628 1400 μὴ
3655 1333 3880 1384 ἐκάλεσε
3945 1349 4055 1400 μη·

2489 1421 2682 1489 δεμίαν
2742 1420 2846 1473 τῶν
2878 1421 3351 1490 ὑπηρετουμένων,
3411 1420 3542 1474 ἀλλὰ
3590 1423 3682 1474 καὶ
3735 1423 3802 1474 τὰ
3857 1423 4055 1490 ἱμάτια

2491 1513 2726 1581 ᾔσχυνεν
2767 1510 2908 1563 οὑτω
2943 1512 3078 1581 μετὰ
3112 1512 3218 1564 τῶν
3251 1513 3608 1581 στρωμάτων.
3657 1513 3718 1564 ’ll
3750 1513 3805 1564 δὲ
3837 1515 4055 1581 ἠρνεῖτο

2494 1602 2662 1671 μηδὲν
2730 1600 2966 1654 τοιοῦτον
3033 1602 3354 1670 εἰργάσθαι,
3413 1601 3648 1669 λέγουσα
3690 1618 3705 1632 ο
3747 1602 4051 1671 Μηδαμῶς.

2496 1694 2727 1747 Ἔπειτα
2793 1694 2884 1746 τοῦ
2933 1693 3156 1762 χιτῶνος
3190 1693 3601 1755 ἀνασταλέντος,
3641 1693 3740 1762 τῆς
3773 1694 3946 1761 τομῆς
3994 1711 4053 1746 τε

2492 1785 2861 1852 διαφανείσης,
2896 1784 3100 1836 καὶτοῦ
3130 1787 3296 1853 ὑγροῦ
3328 1785 3744 1854 καταρρέοντος,
3773 1786 3801 1835 ὁ
3832 1786 3931 1852 μὲν
3969 1786 4052 1836 ἰα-

2492 1878 2615 1946 τρὸς
2665 1877 2820 1946 δῆλος
2853 1873 2942 1946 ἦν,
2984 1878 3121 1946 αὑτὴ
3151 1894 3206 1929 τε
3237 1878 3392 1945 ὑγιὴς
3424 1877 3718 1942 ἐδείκνυτο,
3748 1879 3842 1929 καὶ
3872 1877 4054 1930 οἴκαδε

2494 1968 2674 2031 καλῶς
2699 1970 3054 2039 ἐπανήρχετο.

2561 2171 2685 2226 ΚΓ.
2732 2173 2918 2242 Ἀρκεῖ
2935 2173 3143 2233 τούτοις
3165 2173 3432 2240 γεύματος
3459 2173 3554 2241 τὴν
3584 2173 3710 2241 ὃλην
3736 2171 4059 2240 sacculos-

2493 2281 2578 2318 ναι
2605 2263 2698 2314 τοῦ
2729 2263 2981 2330 Μεγάλου
3005 2264 3182 2332 χάριν.
3214 2265 3276 2314 Τί
3303 2265 3430 2334 γὰρ,
3459 2269 3594 2316 κατὰ
3617 2263 3713 2334 τὴν
3733 2263 4058 2333 τραγῳδίαν,

2492 2356 2843 2426 ἀναρίθμητα
2902 2356 3279 2424 μετρήσασθαι
3315 2355 3430 2420 Gai;
3487 2359 3578 2408 καὶ
3638 2356 3748 2424 γὰρ
3806 2356 4058 2407 οὐδέποτε

2494 2447 2664 2501 ταῦτα
2706 2447 2972 2515 λεγόμενα
3014 2446 3304 2514 λήγουσινο
3343 2446 3477 2498 ἀλλὰ
3512 2451 3621 2508 τοῖς
3655 2448 3760 2497 τῶν
3796 2446 4056 2513 ποταμῶν

2496 2541 2758 2610 ῥεύμασιν
2785 2537 2997 2608 ἔχουσιν
3023 2537 3224 2608 ὁμοίως
3245 2553 3257 2565 ·
3284 2537 3458 2600 ἄλλως
3484 2537 3536 2589 δέ
3570 2554 3626 2590 τε
3671 2537 3766 2588 καὶ
3793 2537 3914 2598 ἑνὸς
3945 2536 4058 2588 ἀντὶ

2493 2633 2711 2686 πάντων
2741 2631 3059 2702 ἀρκοῦντος,
3086 2631 3176 2684 τοῦ
3209 2631 3520 2700 Θεορρύτου,
3552 2632 3712 2698 φημὶ,
3741 2629 4006 2697 νάματος,
4035 2628 4056 2676 ὃ

2494 2728 2709 2796 πρόεισι
2753 2725 2850 2793 μὲν
2886 2725 2976 2776 τοῦ
3002 2725 3194 2790 τάφου,
3233 2726 3326 2777 καὶ
3356 2725 3542 2776 τοῦτον
3584 2723 3694 2793 ἔχει
3722 2723 3942 2790 γένεσιν
3974 2724 4060 2774 καὶ

2498 2818 2678 2884 πηγήν
2707 2830 2718 2840 ·
2755 2813 2965 2882 πρόεισι
3006 2811 3062 2863 δὲ
3091 2813 3188 2863 οὑκ
3218 2813 3322 2873 ἀεὶ,
3347 2814 3458 2864 ἀλλ’
3489 2814 3698 2880 ὀλίγαις
3732 2816 3831 2881 μὲν
3863 2814 4048 2880 πρότε-

2499 2922 2590 2974 ρον
2621 2905 2853 2975 ἡμέραις
2885 2905 2982 2972 τῆς
3025 2903 3115 2956 τοῦ
3157 2903 3570 2972 Θαυματουργοῦ
3603 2905 3818 2973 ἑορτῆς,
3852 2899 3942 2956 οἷα
3979 2919 4057 2955 νο·

2495 2999 2573 3058 τις
2605 2994 2959 3063 ὑποφαίνεται
2982 3012 2994 3024 ο
3034 2986 3226 3044 ἔπειτα
3263 2993 3354 3045 καὶ
3388 2994 3445 3044 τὸ
3484 2993 3662 3060 ὀλίγον
3694 2992 3944 3058 αὔξεται,
3974 2994 4060 3044 καὶ

2496 3088 2737 3154 διαμένει
2771 3087 2907 3154 μετὰ
2937 3085 3031 3154 τὴν
3064 3086 3275 3154 ἑορτὴν,
3309 3086 3506 3138 οὑτωσὶ
3545 3085 3808 3155 πηγαὶζον,
3843 3083 3952 3146 ἕως
3978 3084 4059 3136 και

827 3169 1010 3213 manet
1056 3169 1182 3228 post
1221 3158 1443 3225 festum,
1475 3161 1554 3217 sic
1591 3162 1922 3222 scaturiens,
1975 3160 2149 3214 donec
2190 3161 2395 3228 aliquot
2423 3181 2464 3235 ε

2423 3181 2464 3235 C
2497 3193 2638 3238 τινες
2675 3175 2876 3247 ἡμέραι
2907 3176 3246 3246 παρέλθοιεν,
3285 3172 3404 3231 εἶτα
3443 3180 3698 3231 παύεται.
3731 3177 3881 3246 Πλὴν
3915 3171 4062 3244 οἶμαι

825 3252 942 3305 dies
965 3251 1331 3319 praeterierint
1365 3270 1376 3304 :
1411 3251 1611 3308 deinde
1647 3251 2040 3318 cessat.Atque
2073 3248 2176 3302 hoc
2209 3249 2391 3316 modo,

827 3351 884 3396 ut
912 3344 1130 3409 opinor,
1171 3342 1362 3410 majori
1413 3349 1498 3395 est
1539 3341 1594 3395 in
1648 3341 1855 3398 honore
1896 3353 1950 3398 et
2006 3342 2389 3408 admiratione,

827 3449 987 3504 quam
1021 3435 1064 3488 sl
1092 3441 1356 3504 perpetuo
1385 3432 1600 3489 ﬂueret.
1630 3431 1897 3501 Quoniam
1923 3435 2001 3490 sic
2024 3450 2241 3490 servare
2276 3449 2393 3488 cer-

827 3539 960 3583 tum.
997 3535 1048 3580 et
1084 3539 1364 3593 nunquam
1389 3524 1650 3579 aberrans
1678 3536 1892 3593 tempus
1924 3525 2128 3579 ﬂuendi
2163 3535 2224 3578 et
2257 3524 2391 3578 deﬂ-

826 3615 1027 3681 ciendi,
1071 3625 1432 3684 przeterquam
1466 3615 1611 3686 quod
1645 3616 1698 3670 id
1737 3617 1943 3688 gratius
1993 3626 2049 3672 et
2094 3617 2393 3672 admirabi-

826 3713 931 3765 lius
959 3713 1049 3773 sit,
1082 3721 1164 3766 est
1194 3711 1362 3766 etiam
1387 3713 1557 3782 magis
1581 3713 1913 3766 venerabile.
1952 3711 2106 3778 Quod
2137 3712 2284 3767 enim
2309 3722 2391 3766 est

828 3813 1176 3870 perpetuum.
1209 3802 1367 3856 affert
1397 3804 1630 3857 fortasse
1661 3803 1826 3856 etiam
1853 3803 2195 3866 satietatem;
2229 3804 2390 3855 satie-

829 3905 912 3949 tas
934 3903 1115 3950 autem
1149 3894 1362 3950 inducit
1386 3899 1874 3966 contemptionem.

897 3987 1078 4043 XXIV.
1115 3990 1226 4044 Hoc
1250 3999 1354 4054 est,
1381 3990 1526 4059 quod
1557 3989 1652 4043 tibi
1684 4004 1713 4040 a
1734 3989 1891 4042 nobis
1917 3989 2143 4042 offertur
2162 3990 2388 4050 donum,

827 4083 1060 4134 maxime
1089 4082 1248 4135 Pater
1285 4082 1574 4150 Sampson,
1623 4080 1812 4135 nescio
1849 4080 2092 4150 quidem,
2133 4095 2199 4135 an
2223 4096 2287 4134 ex
2312 4080 2390 4133 tul

829 4173 997 4228 animi
1024 4173 1318 4236 sententia,
1376 4172 1471 4228 sed
1523 4183 1670 4228 certe
1720 4187 1821 4243 pro
1892 4173 2094 4228 nostris
2159 4171 2391 4226 viribus.

828 4269 984 4335 Quod
1020 4269 1241 4339 quidem
1282 4267 1518 4339 benigne
1558 4279 1612 4323 et
1650 4269 1861 4338 placide
1908 4270 2161 4340 accipias,
2201 4270 2291 4339 qui
2336 4285 2394 4323 es

829 4361 1255 4432 benignissimus
1297 4379 1308 4414 :
1357 4363 1785 4432 morborumque
1832 4373 2179 4422 nostrorum.
2231 4371 2393 4432 atque

830 4455 952 4507 ideo
982 4455 1175 4507 animae
1209 4455 1410 4522 p0tius,
1443 4469 1604 4522 quam
1644 4456 1912 4523 corporis,
1952 4456 2131 4508 bonus
2171 4457 2245 4507 sis
2287 4471 2394 4507 mc-

828 4544 1009 4608 dicus,
1042 4543 1153 4598 dux
1175 4554 1228 4600 et
1255 4554 1440 4600 custos
1477 4546 1643 4600 totius
1685 4557 1884 4601 nostra
1925 4548 2068 4610 vitae,
2113 4545 2391 4601 Christum

830 4636 1066 4691 reddens
1092 4639 1224 4691 mihi
1255 4640 1573 4708 propitium.
1622 4640 1793 4703 Quem
1827 4641 1944 4709 ipse
1989 4640 2209 4710 quidem
2256 4641 2389 4694 insi-

829 4729 1010 4796 gniter
1060 4724 1319 4794 dilexisti,
1370 4746 1470 4799 ego
1510 4741 1690 4784 autem
1743 4742 2092 4798 peccatorum
2141 4733 2392 4784 multitu-

830 4821 978 4885 dine.
1017 4820 1104 4877 hei
1137 4823 1289 4882 mihi,
1318 4823 1604 4892 plusquam
1635 4823 1740 4876 dici
1779 4823 1972 4891 possit,
2005 4824 2298 4893 provocavi
2325 4823 2390 4877 ad

832 4912 969 4963 iratn
1000 4927 1013 4959 ι
1045 4927 1207 4981 quem
1238 4913 1394 4969 decet
1425 4915 1601 4968 omnis
1628 4916 1816 4983 gloria,
1852 4915 2029 4969 honor
2057 4927 2112 4969 et
2145 4916 2393 4971 adoratio

831 5017 977 5058 nunc
1055 5016 1110 5059 et
1183 5019 1434 5073 semper,
1503 5018 1557 5060 et
1633 5012 1684 5059 in
1769 5009 1966 5060 saecula
2050 5009 2393 5065 szeculorum.

834 5098 1030 5150 Amen.

907 5277 1142 5348 (ἥλως
1171 5279 1444 5332 anrtol’atis
1467 5281 1685 5332 minime
1721 5291 2008 5335 contentus
2038 5281 2230 5334 fuisset
2262 5296 2387 5334 eru-

832 5345 980 5419 ditus
1016 5345 1450 5419 Commentator,
1484 5350 1576 5402 sed
1612 5365 1831 5419 quoque
1862 5367 2054 5405 novam
2081 5349 2386 5404 versionem

835 5418 1113 5490 adornare
1153 5418 1439 5485 voluisset,
1493 5421 1536 5490 si
1583 5436 1679 5490 per
1735 5418 1898 5474 vitam
1945 5423 2224 5485 licuisset;
2270 5436 2391 5489 quae

834 5488 1015 5542 versio
1045 5487 1227 5544 minus
1258 5505 1439 5546 presse
1463 5487 1734 5546 inhaérens
1762 5491 2071 5546 Gmcorum
2104 5487 2395 5546 verborum

830 5559 1037 5618 ordini,
1062 5569 1115 5612 et
1149 5559 1390 5628 periodis
1421 5575 1595 5629 usque
1625 5563 1692 5615 ad
1731 5562 2006 5616 fastidium
2043 5561 2256 5616 aurium
2295 5561 2396 5615 La-

837 5629 1080 5682 tinarum
1123 5629 1376 5696 prolixit:
1424 5633 1595 5688 multo
1641 5633 1842 5687 clarius
1887 5633 2228 5688 exhibuisset
2262 5646 2392 5687 sen-

2496 3269 2666 3340 ταύτῃ
2696 3268 3106 3337 Θαυμαςόμενον
3151 3269 3246 3322 καὶ
3275 3272 3616 3337 τιμιώτερον,
3647 3270 3677 3336 ἡ
3715 3270 3763 3318 εί
3802 3265 4058 3334 διηνεκῶς

2497 3362 2590 3413 καὶ
2627 3362 2874 3429 ἀλήκτως
2904 3362 3127 3412 διετέλει
3165 3361 3285 3430 ῥέον
3307 3377 3319 3391 ·
3355 3361 3476 3411 ἐπεὶ
3500 3361 3622 3425 τόγε
3654 3360 3946 3426 συντηρεῖν
3975 3355 4054 3409 οὑ-

2496 3467 2604 3513 τως
2634 3448 2847 3516 ἀπλανῆ
2889 3465 2944 3500 τε
2980 3449 3073 3500 καὶ
3112 3448 3465 3516 ἀδιάψευστον
3498 3447 3587 3498 τὸν
3612 3443 3804 3516 καιρὸν
3837 3444 3932 3496 τὸν
3971 3444 4063 3504 τῆς

2497 3541 2781 3611 ἐπιρροῆς,
2831 3541 2993 3610 φημὶ,
3038 3540 3129 3593 καὶ
3185 3539 3275 3592 τὸν
3319 3541 3416 3608 τῆς
3465 3538 3758 3607 ἐκλείψεως
3791 3537 3937 3605 μετὰ
3974 3533 4063 3586 τοῦ

2499 3631 2945 3703 θαυμασιώτερον
2997 3633 3090 3685 καὶ
3135 3633 3483 3702 χαριέστερον
3513 3625 3673 3689 εἶναι.
3715 3629 3919 3696 μᾶλλον
3954 3629 4060 3680 ἐστι

2497 3725 2590 3777 καὶ
2655 3724 3128 3794 σεϐασμιώτερον·
3183 3725 3240 3773 τὸ
3290 3724 3395 3789 γὰρ
3462 3723 3704 3790 διηνεκὲς
3783 3721 3915 3778 ἴσως
3977 3717 4063 3769 καὶ

2498 3815 2830 3883 προσκορές·
2872 3817 2899 3865 ὁ
2951 3815 3004 3864 δὲ
3065 3813 3220 3879 κόρος
3279 3813 3505 3879 πρᾶγμα
3569 3810 3733 3877 φέρον
3780 3809 3859 3868 εις
3901 3825 4063 3859 κατα-

2500 3906 2783 3974 φρόνησιν.

2570 3993 2692 4048 ΚΔ’.
2731 3993 2898 4047 Τοῦτό
2936 4012 3014 4047 τοι
3050 3995 3106 4047 τὸ
3149 3996 3277 4063 παρ’
3315 3992 3468 4063 ἡμῶν
3504 3992 3919 4063 προσαγόμενον
3965 3985 4060 4038 δὼς

2502 4108 2671 4162 ρημα,
2715 4093 2937 4160 μέγιστε
2985 4091 3234 4159 Πατρῶν,
3283 4089 3661 4156 Σαμψὼν,οὑκ
3704 4081 3821 4139 οἶδα
3853 4086 3977 4155 μὲν,
4017 4087 4061 4135 εἰ

2499 4181 2640 4235 κατὰ
2667 4181 2892 4248 γνώμην
2919 4181 3017 4248 τὴν
3047 4181 3168 4248 σὴν,
3202 4184 3342 4231 κατὰ
3371 4179 3602 4247 δύναμιν
3633 4179 3686 4228 δὲ
3723 4181 3945 4240 πάντως
3971 4177 4060 4245 τὴν

2499 4274 2793 4346 ἡμετέραν,
2824 4275 2850 4324 ὃ
2879 4275 2971 4325 καὶ
3001 4273 3174 4343 δέχοιο
3201 4269 3484 4341 προσηνῶς
3525 4284 3582 4320 τε
3623 4267 3716 4320 καὶ
3759 4267 4062 4336 φιλανθρώι

2499 4383 2634 4433 πως,
2675 4368 2700 4416 ὁ
2729 4365 2999 4433 πανταχοῦ
3033 4363 3431 4433 φιλάνθρωπος,
3480 4357 3704 4414 καὶτῶν
3745 4356 3938 4410 παθῶν
3975 4359 4064 4408 καὶ

2500 4459 2673 4508 νόσων
2712 4457 2818 4507 τῶν
2851 4457 3156 4524 ἡμετέρων,
3193 4457 3282 4508 καὶ
3314 4455 3513 4524 μᾶλλον
3552 4452 3658 4505 τῶν
3683 4449 3957 4521 ψυχικῶν,
3987 4451 4063 4500 ία-

2500 4547 2628 4617 τρδς
2673 4549 2788 4616 εῐης
2829 4547 3084 4620 χρηστὸς,
3129 4547 3350 4616 ἡγεμὼν
3392 4545 3483 4596 καὶ
3516 4545 3689 4613 φύλαξ
3723 4542 3932 4604 παντὸς
3973 4539 4061 4592 τοῦ

2502 4642 2622 4693 καῦ⁹
2652 4643 2795 4711 ἡμᾶς
2844 4642 2990 4710 βίου·
3028 4641 3182 4694 ἶὶεὼν
3220 4657 3307 4708 μοι
3350 4639 3517 4700 τιθεὶς
3560 4638 3651 4690 τὸν
3695 4635 3956 4705 Χριστὸν,
4006 4634 4060 4685 ὃν

2496 4734 2654 4795 αὑτὸς
2709 4735 2805 4802 μὲν
2847 4733 3208 4800 διαφερόντως
3255 4733 3569 4800 ἠγάπησας,
3604 4727 3716 4796 ἑγὼ
3754 4727 3812 4779 δὲ
3865 4726 4061 4793 πλήθει

2499 4825 2801 4895 ἁμαρτιῶν,
2835 4823 3000 4892 οἴμοι,
3032 4823 3335 4892 ἁδιηγήτως
3381 4820 3734 4888 παρώργισαο
3859 4817 4061 4884 πρέπει

2499 4917 2648 4970 πᾶσα
2668 4916 2814 4982 δόξα,
2850 4918 2978 4984 τιμὴ
3012 4917 3102 4968 καὶ
3135 4915 3519 4984 προσκύνησις,
3553 4911 3648 4964 νῦν
3689 4913 3782 4963 καὶ
3822 4912 3932 4974 ds‘,
3971 4909 4064 4961 καὶ

2502 5011 2581 5070 εἰς
2605 5009 2729 5072 τοὺς
2760 5009 2955 5071 αἰῶνας
2986 5008 3091 5059 τῶν
3119 5006 3344 5058 αἰώνων.
3394 5009 3445 5058 ’Λ
3458 5008 3585 5074 μην.

2497 5299 2622 5337 sum
2650 5283 2906 5344 aucturis.
2955 5285 3233 5352 magisque
3266 5281 3517 5333 intercisa
3544 5278 3745 5352 minus
3782 5275 4063 5352 fatigasset

2498 5353 2780 5405 lectorem.
2827 5352 2928 5406 Sed
2960 5349 3103 5420 quoii
3139 5352 3226 5404 hic
3261 5367 3368 5404 non
3405 5350 3601 5420 potuit,
3626 5357 3824 5417 imorte
3869 5349 4061 5420 imma-

2501 5433 2621 5475 tura
2645 5415 2990 5494 prevenieﬁnte'
3014 5441 3026 5486 ;
3058 5436 3233 5491 neque
3250 5436 3348 5474 nos
3379 5415 3541 5494 modo
3567 5416 3880 5486 pOssumus.
3910 5415 4062 5494 prelo

2504 5488 2724 5562 moram
2746 5507 2854 5546 non
2885 5493 3090 5546 ferente
3120 5488 3426 5562 {quamvis
3467 5499 3648 5542 tamen
3683 5500 3880 5562 negare
3920 5488 4062 5562 noli-

2504 5577 2643 5623 mus,
2681 5561 2834 5631 plura
2889 5563 3051 5615 etiam
3102 5558 3209 5616 nos
3255 5562 3307 5614 in
3362 5569 3509 5613 textu
3558 5559 3878 5614 emendasse
3925 5558 4062 5612 inter

2503 5632 2881 5702 corrigendum
2918 5632 3316 5701 typothetarum
3350 5639 3547 5684 errata.
