4188 6310
1106 355 1280 416 VITA
1317 353 1374 411 S.
1417 345 1796 410 STEPHANl
1840 345 1930 402 ET
1975 340 2385 402 SOCIORUM.
3292 329 3408 391 3l0

141 370 237 430 309

151 516 3397 571 Μ

882 737 1662 920 MENSIS
1796 729 2611 912 JULIUS.

271 1271 451 1382 DE
533 1265 731 1380 SS.
831 1262 1579 1376 STEPHANO
1664 1254 2352 1372 EPISCOPO
2446 1247 3218 1366 RHEGIENSI

1446 1498 1594 1587 ET
1663 1494 2080 1595 SOCIIS.

665 1698 921 1761 SUERA
954 1696 1363 1770 EPlSCOPO,
1393 1691 1736 1761 AGNETE,
1771 1690 2249 1753 FELICITATE
2285 1690 2386 1751 ET
2440 1688 2858 1753 PERPETUA

969 1841 1532 1900 MARTYRIBUS
1587 1837 1888 1894 RHEGII
1947 1837 2027 1894 IN
2071 1836 2554 1894 .CALABRIA.

1148 1977 1286 2038 (Julii
1316 1977 1397 2026 die
1424 1977 1453 2025 5
1485 1977 1606 2025 Acta
1631 1975 1721 2024 SS.
1742 1972 1966 2022 Bolland.
1993 1973 2052 2022 ad
2074 1973 2201 2024 hanc
2224 1973 2400 2034 diem.)

228 2274 280 2325 l.
321 2270 572 2324 Notiores
613 2265 745 2320 olim
788 2265 941 2320 fuere
981 2264 1038 2318 hi
1079 2264 1252 2319 sancti
1291 2263 1436 2333 apud
1484 2264 1722 2329 Graecos,
1752 2264 2145 2339 Aepiscopum
2198 2263 2520 2332 Bovensem,
2552 2263 2645 2335 qui
2693 2263 3070 2336 suﬂ‘raganeus
3095 2273 3192 2330 est
3244 2267 3392 2325 Rhe-

150 2378 323 2432 quam
367 2360 509 2430 apud
543 2358 790 2413 Latinos.
825 2359 1193 2413 Meminerant
1224 2374 1414 2413 eorum
1459 2359 1722 2413 nonnulla
1827 2354 2050 2424 gicnsis.

146 2455 362 2508 Menam
398 2453 540 2522 apud
582 2469 702 2518 nos,
737 2453 1137 2509 Chiﬂletianum
1183 2462 1346 2520 atque
1379 2451 1722 2506 Sirmundia-
1893 2445 1946 2499 5.
1982 2446 2369 2502 Ρτεράἱειπιιιη
2415 2447 2823 2517 Scripturarum
2864 2450 2964 2518 (uti
3006 2450 3051 2504 is
3090 2449 3262 2514 addit,
3299 2451 3394 2520 qui

145 2561 330 2610 num;
385 2561 619 2616 quorum
675 2545 806 2597 illud
868 2544 957 2597 die
1002 2559 1032 2595 ν
1075 2543 1205 2596 Julii
1248 2543 1421 2611 legit:
1451 2543 1724 2609 Στεφάνου
1829 2535 1948 2590 illas
2001 2538 2158 2593 nobis
2208 2539 2482 2608 submisit)
2518 2541 2811 2611 archetypa
2843 2551 3192 2598 asservantur
3226 2558 3397 2612 penes

146 2637 410 2707 Κάλαδρ.
447 2641 538 2689 καὶ
564 2636 669 2687 τῶν
715 2636 810 2687 σὺν
858 2635 1006 2703 αὐτῷ
1037 2650 1051 2666 ο
1099 2632 1212 2689 Hoc
1242 2649 1371 2689 vero
1401 2634 1592 2689 eodem
1636 2635 1725 2689 die

145 2729 325 2798 paulo
359 2727 679 2794 explicatius
725 2747 734 2780 :
776 2727 882 2779 Τοῦ
912 2728 1066 2795 ἁγίου
1101 2730 1392 2799 Μάρτυρος
1428 2729 1726 2797 Στεφάνου,

146 2816 257 2868 τοῦ
306 2816 386 2877 εἰς
435 2817 496 2868 τὸ
543 2816 760 2885 Ῥήγιον
801 2819 1116 2886 Καλαῦρίας
1155 2821 1426 2885 κειμένου,
1475 2822 1569 2872 καὶ
1614 2821 1724 2872 τῶν

146 2911 262 2962 σὺν
300 2910 449 2980 αὑτῷ
478 2912 647 2978 ἁγίων
672 2913 1135 2982 μαρτυρησάντων
1154 2930 1165 2943 ·
1208 2932 1224 2965 ι
1253 2912 1435 2968 Sancti
1467 2910 1728 2981 Stephani

145 3002 444 3068 martyris,
479 3001 569 3069 qui
591 3002 734 3069 jacet
763 3001 954 3070 Rhegii
987 3002 1039 3054 in
1080 3002 1347 3067 Calabria,
1373 3015 1429 3057 et
1458 3003 1730 3059 sociorum

141 3091 286 3159 ejus
344 3098 692 3150 sanctorum,
747 3090 838 3159 qui
902 3106 1026 3143 cum
1084 3107 1150 3146 eo
1210 3095 1531 3164 martyrium
1597 3096 1731 3149 sub-

144 3185 378 3234 ierunt.
421 3199 440 3231 ι
474 3181 753 3235 Monachis
773 3199 990 3252 quoque
1010 3183 1223 3254 Cryptae
1242 3186 1497 3250 Ferratce,
1534 3196 1588 3242 et
1615 3189 1734 3244 aliis

143 3273 560 3328 ecclesiasticis
594 3274 764 3329 Graeci
803 3279 960 3343 ritus,
1000 3279 1387 3335 celebrandum
1421 3282 1613 3348 eodem
1646 3267 1751 3338 die

144 3367 549 3437 prznscribitur
594 3366 814 3435 festum,
846 3369 951 3422 Τοῦ
993 3371 1148 3437 ἁγίου
1173 3368 1468 3441 ’Στεφάνου
1515 3375 1735 3444 καὶτῆς

147 3460 423 3519 συνοδίας
457 3459 641 3513 αὑτοῦ.
683 3459 889 3515 Similia
934 3463 1137 3517 habent
1181 3463 1382 3519 Mena‘a
1421 3468 1606 3522 Graeca
1657 3468 1737 3522 bi-

144 3549 464 3603 bliotheca:
488 3550 794 3618 Vaticanae;
820 3561 874 3607 et
901 3554 1031 3608 alibi
1063 3555 1163 3608 alia
1185 3555 1339 3611 facile
1368 3559 1736 3627 invenientur,

146 3657 298 3710 qua:
333 3641 464 3695 mihi
495 3647 604 3696 visa
637 3660 745 3697 non
775 3656 921 3708 sunt,
955 3662 1182 3716 quaeque
1211 3649 1320 3716 jam
1355 3651 1498 3704 dicta
1545 3662 1738 3718 potue-

148 3741 311 3786 runt
343 3733 688 3787 confirmare.

242 3824 305 3876 2.
342 3824 500 3876 Nulla
537 3832 715 3878 tamen
760 3825 903 3894 apud
940 3827 1332 3900 Martyrologos
1361 3831 1581 3888 Latinos
1621 3834 1741 3888 Stc-

1827 2625 2091 2680 Joannem
2145 2627 2422 2682 Simonem
2481 2628 2548 2683 de
2595 2631 2894 2693 Antonillo,
2940 2629 3002 2684 U.
3037 2632 3087 2686 J.
3131 2632 3187 2686 Ι).
3217 2634 3393 2686 virum

1831 2716 2104 2771 eruditum
2139 2727 2194 2773 et
2224 2720 2395 2788 pium,
2429 2728 2484 2774 et
2513 2721 2613 2790 ipsi
2652 2721 2707 2776 S.
2745 2720 3025 2791 Stephano
3062 2724 3197 2778 satis
3242 2725 3398 2778 addi-

1833 2821 2002 2876 ctum,
2043 2813 2199 2883 cujus
2231 2813 2519 2868 devotione
2561 2823 2613 2868 et
2645 2815 2902 2883 expensis
2933 2816 3192 2871 sacellum
3221 2825 3398 2871 exstat

1834 2902 2046 2969 (utique
2089 2912 2209 2970 post
2235 2915 2521 2974 acceptum
2567 2906 2655 2960 illa
2689 2906 2756 2961 de
2792 2923 2848 2961 re
2881 2923 3202 2977 responsum
3234 2925 3402 2964 sacra:

1831 2991 2282 3064 Congregationis
2313 2995 2505 3065 Roma)
2545 3007 2883 3052 exstructum
2918 3000 2970 3051 in
2997 3000 3227 3054 ecclesia
3259 3001 3402 3055 Pra-

1838 3086 2140 3140 dicatorum
2188 3086 2552 3159 S.-Stephano
2587 3088 2852 3155 dicatum,
2879 3091 2932 3144 in
2958 3106 3068 3161 quo
3100 3092 3258 3147 annis
3286 3095 3398 3146 sin-

1838 3178 1977 3246 gulis
2003 3178 2324 3235 condecenti
2363 3195 2486 3234 cum
2523 3181 2924 3250 magniﬁcentia
2967 3183 3139 3259 Missa:
3187 3184 3399 3245 sacrifi-

1839 3268 1980 3320 cium
2013 3277 2068 3320 et
2096 3268 2345 3335 Vespera:
2375 3269 2600 3323 musicis
2630 3287 2752 3335 cum
2786 3273 3147 3329 concentibus
3183 3274 3237 3327 iu
3263 3273 3402 3328 festo

1841 3357 2025 3413 Sancti
2058 3358 2376 3412 solemnitcr
2417 3359 2778 3415 celebrantur.
2824 3364 2977 3415 Circa
3028 3364 3239 3416 iconem
3271 3379 3402 3417 vero

1842 3450 2104 3506 antistitis
2131 3449 2416 3519 Stephani,
2445 3452 2691 3521 ejusdem
2716 3463 2832 3506 acta
2858 3465 2910 3508 et
2929 3455 3245 3527 martyrium
3276 3455 3405 3511 hinc

1846 3542 1972 3597 inde
2015 3544 2204 3613 figuris
2234 3557 2290 3601 et
2323 3548 2575 3602 versibus
2602 3549 2971 3608 declarantur.
3356 3545 3358 3547 ’

1914 3635 1967 3686 4.
1998 3634 2192 3687 Iisdem
2234 3637 2346 3688 fere
2379 3638 2741 3706 temporibus,
2779 3641 2980 3708 quibus
3016 3642 3200 3695 Romae
3237 3642 3404 3710 petita

1845 3738 2212 3794 eonecssaque
2249 3726 2349 3781 fuit
2394 3725 2623 3782 facultas
2653 3732 3010 3786 construendi
3040 3731 3094 3787 S.
3131 3731 3407 3802 Stephano

1848 3817 2058 3882 altaria,
2091 3819 2305 3884 sacella,
2338 3822 2554 3891 templa,
2593 3824 2868 3891 impressit
2893 3825 3179 3899 Ferrarius
3207 3835 3408 3879 utrum-

147 3915 347 3982 pliani
387 3913 550 3984 hujus
582 3924 638 3970 et
669 3919 944 3970 sociorum
979 3931 1278 3990 martyrum
1319 3935 1492 3979 exstat
1539 3944 1743 3982 memo-

141 4005 277 4057 ria.
310 4002 464 4066 Quod
490 4003 749 4059 indicium
776 4021 897 4064 esse
927 4013 1115 4078 possit,
1147 4029 1252 4068 non
1284 4015 1420 4071 adeo
1448 4018 1744 4086 celebrem,

136 4099 513 4167 scriptorum
538 4103 755 4158 illorum
786 4111 1145 4177 temporibus.
1171 4113 1409 4182 viguisse
1448 4118 1653 4170 cultum
1691 4119 1744 4171 in

134 4191 428 4247 Ecclesia
446 4192 658 4251 Latina.
681 4201 857 4268 Atque
888 4200 1016 4254 hinc
1048 4202 1247 4256 factum
1271 4205 1361 4266 sit,
1395 4207 1452 4258 ut
1482 4205 1748 4276 Rhegien-

136 4283 249 4336 sis
305 4285 769 4356 archiepiscopus,
803 4291 1034 4345 Annibal
1079 4293 1142 4346 de
1183 4293 1430 4361 Afﬂictis,
1463 4298 1544 4349 vir
1581 4301 1747 4353 multa

133 4376 549 4432 sanctimonia
579 4381 781 4456 clarus,
814 4381 973 4438 initio
1008 4387 1193 4441 saeculi
1224 4389 1522 4456 superioris
1546 4394 1749 4459 suppli-

127 4469 398 4523 caverit
451 4469 862 4542 congregationi
920 4494 1202 4531 sacrorum
1261 4480 1486 4534 Rituum
1542 4484 1746 4547 Romae,

126 4569 293 4623 quo
363 4572 380 4604 ι
419 4556 523 4609 sibi
577 4558 798 4629 suisque
844 4561 1237 4634 Rbegiensibus
1293 4565 1519 4622 facultas
1571 4568 1746 4632 fieret,

131 4646 411 4718 publice
435 4653 739 4719 exponendi
767 4656 1076 4726 imaginem,
1108 4656 1175 4728 S.
1195 4659 1467 4727 Stephano
1497 4663 1752 4732 episcopo

129 4751 285 4791 suo
322 4752 388 4790 ac
418 4743 660 4807 martyri,
697 4754 859 4813 atque
884 4749 1072 4802 altaria
1103 4759 1154 4800 et
1180 4753 1374 4818 templa
1413 4753 1463 4804 in
1490 4753 1749 4809 honorem

118 4827 435 4898 ejusdem
483 4831 751 4901 erigendi.
795 4853 813 4884 θ
854 4836 1026 4890 An‘crt
1049 4855 1148 4907 pro
1186 4840 1388 4894 motivo
1424 4842 1545 4896 [alia
1588 4845 1754 4915 impe-
1857 4839 2180 4902 discessum,
2212 4839 2339 4891 dum
2365 4853 2562 4892 munus
2603 4838 2913 4908 episcopale
2942 4841 3289 4908 prtedicando
3318 4843 3420 4898 im-

123 4919 398 4979 trandi.
426 4924 570 4988 quod
605 4944 621 4976 ι
660 4926 892 4994 pridem,
921 4940 1082 4998 atque
1118 4932 1281 4984 etiam
1317 4942 1445 4986 tunc
1475 4938 1754 5004 temporis,
1786 4978 1827 5035 Ο
1861 4930 2009 4998 pigre
2033 4940 2450 4998 exsequeretur,
2482 4931 2666 4984 multis
2695 4933 2805 4999 jam
2837 4931 2902 4984 ad
2937 4932 3093 4985 fidem
3116 4933 3418 5001 perductis.

135 5033 154 5035 _
183 5011 578 5035 -.-ι--.ιλλιμς
625 5017 643 5035 γι
799 5021 811 5035 1
1072 5033 1079 5035 .
1149 5024 1179 5035 η
1285 5026 1294 5035 .
1563 5027 1594 5035 ..
1865 5023 1874 5034 ι
1949 5023 1990 5035 ιν
2137 5025 2146 5034 ι
2532 5023 2564 5035 ,ι
2936 5023 2944 5035 ι
3062 5024 3116 5035 --.

117 5011 582 5071 celebrabatur
613 5017 680 5072 de
712 5021 902 5075 eodem
933 5033 1120 5076 sancto
1149 5024 1424 5094 Stephano
1464 5027 1755 5096 sociisque,
1786 5011 1827 5035 υ
1863 5023 1917 5076 in
1949 5023 2256 5077 Neroniana
2297 5023 2675 5091 persecutione
2707 5023 3229 5090 comprehenditur;
3264 5041 3388 5082 cum
3403 5054 3432 5098 ο,

117 5110 261 5163 die
342 5122 376 5158 γ
419 5107 547 5163 Julii
594 5109 750 5166 Missa
808 5124 863 5169 et
905 5117 1007 5170 alia
1043 5117 1246 5174 Ofﬁcia.
1289 5138 1306 5170 ι
1349 5119 1415 5172 Et
1445 5135 1594 5173 sacra
1625 5136 1758 5174 eon-
1866 5131 1970 5184 que
2001 5124 2316 5169 constanter
2362 5111 2414 5167 in
2462 5113 2587 5167 ﬁdei
2625 5114 2972 5168 confessione
3027 5129 3421 5184 perseveraret,

118 5198 469 5270 gregatio,
531 5201 797 5257 referente
851 5205 1128 5262 illustriss.
1187 5218 1240 5262 et
1306 5207 1762 5263 reverendissimo
1867 5219 2029 5278 atque
2088 5211 2273 5263 multis
2323 5209 2551 5262 allectus
2595 5207 2897 5276 suppliciis,
2924 5209 3200 5263 cruciatus
3235 5226 3424 5265 omnes

117 5296 215 5347 Ι).
275 5288 610 5359 Francisc'o,
645 5293 823 5350 Sancti
859 5297 1046 5366 Angeh
1079 5303 1132 5353 in
1167 5299 1305 5354 Foro
1331 5299 1569 5354 Piscium
1600 5298 1758 5354 Card.
1870 5314 2200 5370 superasset,
2234 5301 2453 5354 demum
2499 5300 2694 5367 capitis
2744 5300 3164 5369 obtruncatione
3228 5313 3425 5374 marty-

114 5388 698 5454 Buoncompagno,
750 5390 977 5459 gratiam
1044 5393 1267 5460 petitam
1329 5390 1601 5447 concessit
1672 5407 1766 5446 an—
1871 5397 2012 5449 rium
2041 5395 2455 5449 consummavit.
2495 5393 2603 5446 i-ln
2640 5392 2924 5462 posteriori
2949 5393 3426 5464 autemCatalogo,

115 5497 230 5534 no
292 5474 466 5530 £622.
502 5476 573 5530 De
607 5478 756 5534 hisce
799 5481 932 5535 mihi
986 5492 1217 5546 constat,
1256 5485 1327 5537 ita
1374 5484 1575 5538 factum
1625 5499 1767 5550 esse,
1869 5488 2011 5542 idem
2063 5486 2346 5541 Ferrarius
2394 5486 2473 5541 sic
2525 5484 2744 5538 habet:
2795 5501 2810 5532 ι
2851 5483 3043 5554 llhegii
3108 5485 3160 5537 in
3203 5485 3427 5549 Brutiis,

107 5594 216 5632 εχ
274 5568 616 5623 testimonio
649 5570 853 5626 Nicolai
893 5573 1073 5629 Marize.
1101 5574 1385 5639 Modofari,
1420 5586 1551 5630 tunc
1587 5577 1772 5632 Romae
1868 5578 1926 5634 S.
1967 5579 2249 5648 Stephani,
2307 5576 2468 5650 primi
2507 5574 2750 5647 ejusdem
2795 5575 3034 5645 episcopi
3073 5585 3131 5630 et
3176 5577 3430 5646 martyris

105 5663 452 5728 ecclesiae
488 5663 542 5718 Β.
569 5662 791 5719 Thema:
822 5666 874 5718 in
906 5667 1134 5721 Parione
1168 5669 1424 5732 rectoris,
1457 5676 1512 5723 et
1547 5668 1772 5738 hujusce
1870 5671 1967 5728 sub
2004 5671 2235 5728 Nerone.
2276 5689 2292 5720 ι

105 5774 385 5826 causa:
431 5758 678 5828 Agentis,
711 5766 872 5830 atque
910 5758 1103 5816 eodem
1154 5776 1296 5818 anno
1335 5761 1466 5818 l6‘2‘3
1501 5761 1661 5817 electi
1719 5763 1772 5816 in
1943 5765 1991 5820 5.
2024 5762 2142 5819 Non
2189 5763 2338 5818 omni
2378 5775 2444 5816 ex
2489 5768 2638 5831 parte
2684 5757 2871 5814 isthaec
2928 5755 3263 5813 concordant
3308 5769 3430 5813 cum

1849 3926 1953 3978 que
2010 3912 2316 3983 catalogum
2368 3929 2548 3979 suum,
2579 3916 2811 3970 alterum
2853 3932 3050 3986 nempe
3092 3927 3406 3972 sanctorum

1848 4003 2034 4067 llalite,
2070 4021 2212 4058 anno
2248 4007 2403 4068 1613,
2438 4008 2668 4059 alterum
2701 4007 2915 4060 illorum
2950 4009 3041 4076 qui
3078 4010 3128 4061 in
3163 4011 3408 4063 Romano

1851 4095 2227 4166 Martyrologio
2259 4112 2362 4149 non
2398 4096 2690 4161 habentur,
2719 4112 2861 4152 anno
2893 4097 3046 4152 1625.
3085 4099 3142 4152 In
3177 4089 3410 4166 utroque

1849 4199 2257 4250 commemorat,
2281 4189 2368 4241 die
2396 4190 2427 4240 5
2450 4189 2601 4251 Julii,
2628 4190 2684 4243 S.
2714 4190 3072 4257 Stephanum,
3089 4189 3181 4242 sed
3204 4183 3410 4258 absq'ue

1851 4278 2048 4343 sociis;
2096 4278 2148 4331 in
2206 4281 2375 4348 priori
2412 4281 2628 4350 quidem
2670 4297 2793 4335 cum
2833 4281 3012 4351 elogio
3050 4282 3153 4336 hoc
3187 4299 3199 4336 :
3237 4301 3254 4333 ε
3296 4282 3416 4339 Ste-

1851 4370 2085 4439 phanus,
2123 4373 2258 4426 civis
2293 4373 2587 4443 Rheginus,
2629 4390 2656 4427 a
2688 4373 2743 4428 S.
2778 4374 2947 4427 Paulo
2988 4376 3256 4442 apostolo,
3287 4392 3411 4430 cum

1850 4481 1916 4518 ex
1974 4465 2128 4535 Syria
2183 4467 2409 4518 Romam
2466 4466 2682 4526 ductus,
2746 4465 3035 4534 Rhegium,
3097 4467 3412 4524 Brutiorum

1854 4556 2197 4625 metropolini
2233 4557 2554 4626 appulisset.
2591 4557 2656 4610 ad
2681 4555 2957 4611 Christum
3007 4574 3326 4624 conversus,
3359 4570 3415 4614 et

1854 4651 1909 4703 in
1949 4649 2051 4703 fide
2092 4651 2414 4714 instructus,
2454 4652 2664 4719 primus
2706 4651 3075 4720 Rheginorum
3126 4655 3416 4723 cpiscopus

1856 4744 1922 4797 ab
1967 4742 2156 4796 eodem
2209 4743 2451 4812 apostolo
2495 4744 2799 4795 ordinatur.
2851 4744 2977 4810 Qui,
3017 4753 3138 4814 post
3169 4746 3417 4815 Apostoli
