  <div class='ocr_page' id='page_1' title='image "/cluster/home/n/w/nwhite01/storage/ocr_20150623/115/pst.000005714285/215.png"; bbox 0 0 4188 6310; ppageno 0'>
   <div class='ocr_carea' id='block_1_1' title="bbox 756 362 856 429">
    <p class='ocr_par' dir='ltr' id='par_1_1' title="bbox 756 362 856 429">
     <span class='ocr_line' id='line_1_1' title="bbox 756 362 856 429; baseline -0.01 -1"><span class='ocrx_word' id='word_1_1' title='bbox 756 362 856 429; x_wconf 88' lang='grc'><strong>311</strong></span> 
     </span>
    </p>
   </div>
   <div class='ocr_carea' id='block_1_2' title="bbox 2054 371 2675 434">
    <p class='ocr_par' dir='ltr' id='par_1_2' title="bbox 2054 371 2675 434">
     <span class='ocr_line' id='line_1_2' title="bbox 2054 371 2675 434; baseline -0.003 -1"><span class='ocrx_word' id='word_1_2' title='bbox 2054 371 2337 434; x_wconf 75' lang='lat' dir='ltr'><strong>MENSIS</strong></span> <span class='ocrx_word' id='word_1_3' title='bbox 2377 372 2675 433; x_wconf 71' lang='lat' dir='ltr'><strong>IULIUS.</strong></span> 
     </span>
    </p>
   </div>
   <div class='ocr_carea' id='block_1_3' title="bbox 3895 381 3994 443">
    <p class='ocr_par' dir='ltr' id='par_1_3' title="bbox 3895 381 3994 443">
     <span class='ocr_line' id='line_1_3' title="bbox 3895 381 3994 443; baseline 0.02 -2"><span class='ocrx_word' id='word_1_4' title='bbox 3895 381 3994 443; x_wconf 71' lang='grc'><strong>312</strong></span> 
     </span>
    </p>
   </div>
   <div class='ocr_carea' id='block_1_4' title="bbox 756 482 3995 564">
    <p class='ocr_par' dir='ltr' id='par_1_4' title="bbox 756 482 3995 564">
     <span class='ocr_line' id='line_1_4' title="bbox 756 482 3995 564; baseline 0.003 -26"><span class='ocrx_word' id='word_1_5' title='bbox 756 484 903 539; x_wconf 83' lang='lat' dir='ltr'><strong>Actis</strong></span> <span class='ocrx_word' id='word_1_6' title='bbox 927 482 1147 547; x_wconf 63' lang='lat' dir='ltr'><strong>Grecis,</strong></span> <span class='ocrx_word' id='word_1_7' title='bbox 1183 499 1303 552; x_wconf 72' lang='lat' dir='ltr'><strong>qum</strong></span> <span class='ocrx_word' id='word_1_8' title='bbox 1335 483 1465 537; x_wconf 90' lang='lat' dir='ltr'><strong>mihi</strong></span> <span class='ocrx_word' id='word_1_9' title='bbox 1497 484 1564 536; x_wconf 86' lang='lat' dir='ltr'><strong>ab</strong></span> <span class='ocrx_word' id='word_1_10' title='bbox 1595 483 1743 538; x_wconf 85' lang='lat' dir='ltr'><strong>hisce</strong></span> <span class='ocrx_word' id='word_1_11' title='bbox 1768 484 1957 554; x_wconf 96' lang='lat' dir='ltr'><strong>viginti</strong></span> <span class='ocrx_word' id='word_1_12' title='bbox 1983 487 2164 550; x_wconf 88' lang='lat' dir='ltr'><strong>annis,</strong></span> <span class='ocrx_word' id='word_1_13' title='bbox 2199 495 2330 540; x_wconf 88' lang='lat' dir='ltr'><strong>tunc</strong></span> <span class='ocrx_word' id='word_1_14' title='bbox 2357 489 2405 546; x_wconf 77' lang='grc' dir='ltr'><strong>Α</strong></span> <span class='ocrx_word' id='word_1_15' title='bbox 2434 483 2730 552; x_wconf 86' lang='lat' dir='ltr'><strong>quidquam</strong></span> <span class='ocrx_word' id='word_1_16' title='bbox 2779 482 2983 538; x_wconf 93' lang='lat' dir='ltr'><strong>habent</strong></span> <span class='ocrx_word' id='word_1_17' title='bbox 3027 485 3095 540; x_wconf 87' lang='lat' dir='ltr'><strong>de</strong></span> <span class='ocrx_word' id='word_1_18' title='bbox 3136 489 3416 556; x_wconf 78' lang='lat' dir='ltr'><strong>sepultura</strong></span> <span class='ocrx_word' id='word_1_19' title='bbox 3452 498 3768 545; x_wconf 88' lang='lat' dir='ltr'><strong>sanctorum</strong></span> <span class='ocrx_word' id='word_1_20' title='bbox 3804 509 3995 564; x_wconf 82' lang='lat' dir='ltr'><strong>corpo-</strong></span> 
     </span>
    </p>
   </div>
   <div class='ocr_carea' id='block_1_5' title="bbox 755 576 2323 649">
    <p class='ocr_par' dir='ltr' id='par_1_5' title="bbox 755 576 2323 649">
     <span class='ocr_line' id='line_1_5' title="bbox 755 576 2323 649; baseline 0.001 -17"><span class='ocrx_word' id='word_1_21' title='bbox 755 577 938 632; x_wconf 67' lang='lat' dir='ltr'><strong>Roma</strong></span> <span class='ocrx_word' id='word_1_22' title='bbox 966 577 1168 646; x_wconf 83' lang='lat' dir='ltr'><strong>agenti,</strong></span> <span class='ocrx_word' id='word_1_23' title='bbox 1197 593 1226 631; x_wconf 89' lang='lat' dir='ltr'><strong>a</strong></span> <span class='ocrx_word' id='word_1_24' title='bbox 1252 576 1316 632; x_wconf 71' lang='grc' dir='ltr'>Β.</span> <span class='ocrx_word' id='word_1_25' title='bbox 1344 576 1402 632; x_wconf 87' lang='grc' dir='ltr'>Ρ.</span> <span class='ocrx_word' id='word_1_26' title='bbox 1441 577 1679 646; x_wconf 84' lang='lat' dir='ltr'><strong>Josepho</strong></span> <span class='ocrx_word' id='word_1_27' title='bbox 1733 577 1912 644; x_wconf 91' lang='lat' dir='ltr'><strong>Denti,</strong></span> <span class='ocrx_word' id='word_1_28' title='bbox 1953 581 2149 634; x_wconf 89' lang='lat' dir='ltr'><strong>domus</strong></span> <span class='ocrx_word' id='word_1_29' title='bbox 2195 596 2323 649; x_wconf 85' lang='lat' dir='ltr'><strong>pro-</strong></span> 
     </span>
    </p>
   </div>
   <div class='ocr_carea' id='block_1_6' title="bbox 751 666 2322 736">
    <p class='ocr_par' dir='ltr' id='par_1_6' title="bbox 751 666 2322 736">
     <span class='ocr_line' id='line_1_6' title="bbox 751 666 2322 736; baseline 0 -16"><span class='ocrx_word' id='word_1_30' title='bbox 751 669 1022 722; x_wconf 79' lang='lat' dir='ltr'><strong>fessarum</strong></span> <span class='ocrx_word' id='word_1_31' title='bbox 1049 667 1329 722; x_wconf 75' lang='lat' dir='ltr'><strong>societatis</strong></span> <span class='ocrx_word' id='word_1_32' title='bbox 1359 677 1560 721; x_wconf 77' lang='lat' dir='ltr'><strong>nostrae</strong></span> <span class='ocrx_word' id='word_1_33' title='bbox 1598 669 1908 736; x_wconf 76' lang='lat' dir='ltr'><strong>przeposito,</strong></span> <span class='ocrx_word' id='word_1_34' title='bbox 1946 666 2201 721; x_wconf 77' lang='lat' dir='ltr'><strong>Messana:</strong></span> <span class='ocrx_word' id='word_1_35' title='bbox 2223 682 2322 721; x_wconf 87' lang='lat' dir='ltr'><strong>cu-</strong></span> 
     </span>
    </p>
   </div>
   <div class='ocr_carea' id='block_1_7' title="bbox 755 759 2320 815">
    <p class='ocr_par' dir='ltr' id='par_1_7' title="bbox 755 759 2320 815">
     <span class='ocr_line' id='line_1_7' title="bbox 755 759 2320 815; baseline 0.001 -3"><span class='ocrx_word' id='word_1_36' title='bbox 755 771 870 814; x_wconf 83' lang='lat' dir='ltr'><strong>rata</strong></span> <span class='ocrx_word' id='word_1_37' title='bbox 905 759 1127 814; x_wconf 80' lang='lat' dir='ltr'><strong>ruerunt</strong></span> <span class='ocrx_word' id='word_1_38' title='bbox 1162 759 1396 813; x_wconf 83' lang='lat' dir='ltr'><strong>describi</strong></span> <span class='ocrx_word' id='word_1_39' title='bbox 1451 775 1481 813; x_wconf 90' lang='lat' dir='ltr'><strong>e</strong></span> <span class='ocrx_word' id='word_1_40' title='bbox 1512 759 1796 814; x_wconf 73' lang='lat' dir='ltr'><strong>codicibus</strong></span> <span class='ocrx_word' id='word_1_41' title='bbox 1839 774 1942 814; x_wconf 90' lang='lat' dir='ltr'><strong>ms.</strong></span> <span class='ocrx_word' id='word_1_42' title='bbox 1979 760 2320 815; x_wconf 82' lang='lat' dir='ltr'><strong>celeberrimi</strong></span> 
     </span>
    </p>
   </div>
   <div class='ocr_carea' id='block_1_8' title="bbox 753 851 2316 921">
    <p class='ocr_par' dir='ltr' id='par_1_8' title="bbox 753 851 2316 921">
     <span class='ocr_line' id='line_1_8' title="bbox 753 851 2316 921; baseline -0.001 -16"><span class='ocrx_word' id='word_1_43' title='bbox 753 867 923 921; x_wconf 87' lang='lat' dir='ltr'><strong>prope</strong></span> <span class='ocrx_word' id='word_1_44' title='bbox 963 851 1156 905; x_wconf 88' lang='lat' dir='ltr'><strong>urbem</strong></span> <span class='ocrx_word' id='word_1_45' title='bbox 1204 851 1349 904; x_wconf 84' lang='lat' dir='ltr'><strong>illam</strong></span> <span class='ocrx_word' id='word_1_46' title='bbox 1396 853 1712 906; x_wconf 76' lang='lat' dir='ltr'><strong>monasterii</strong></span> <span class='ocrx_word' id='word_1_47' title='bbox 1770 852 1951 905; x_wconf 92' lang='lat' dir='ltr'><strong>Sancti</strong></span> <span class='ocrx_word' id='word_1_48' title='bbox 1997 851 2316 915; x_wconf 85' lang='lat' dir='ltr'><strong>Salvatoris,</strong></span> 
     </span>
    </p>
   </div>
   <div class='ocr_carea' id='block_1_9' title="bbox 752 942 2320 1014">
    <p class='ocr_par' dir='ltr' id='par_1_9' title="bbox 752 942 2320 1014">
     <span class='ocr_line' id='line_1_9' title="bbox 752 942 2320 1014; baseline 0 -17"><span class='ocrx_word' id='word_1_49' title='bbox 752 944 962 998; x_wconf 83' lang='lat' dir='ltr'><strong>ordinis</strong></span> <span class='ocrx_word' id='word_1_50' title='bbox 1021 943 1075 997; x_wconf 90' lang='lat' dir='ltr'><strong>S.</strong></span> <span class='ocrx_word' id='word_1_51' title='bbox 1129 942 1347 1004; x_wconf 85' lang='lat' dir='ltr'><strong>Basilii;</strong></span> <span class='ocrx_word' id='word_1_52' title='bbox 1407 944 1482 996; x_wconf 90' lang='lat' dir='ltr'><strong>uti</strong></span> <span class='ocrx_word' id='word_1_53' title='bbox 1556 944 1807 1014; x_wconf 85' lang='lat' dir='ltr'><strong>pluribus</strong></span> <span class='ocrx_word' id='word_1_54' title='bbox 1859 943 1970 998; x_wconf 83' lang='lat' dir='ltr'><strong>dixi</strong></span> <span class='ocrx_word' id='word_1_55' title='bbox 2027 944 2093 998; x_wconf 90' lang='lat' dir='ltr'><strong>ad</strong></span> <span class='ocrx_word' id='word_1_56' title='bbox 2142 945 2320 1000; x_wconf 80' lang='lat' dir='ltr'><strong>Vitam</strong></span> 
     </span>
    </p>
   </div>
   <div class='ocr_carea' id='block_1_10' title="bbox 752 1034 2322 1105">
    <p class='ocr_par' dir='ltr' id='par_1_10' title="bbox 752 1034 2322 1105">
     <span class='ocr_line' id='line_1_10' title="bbox 752 1034 2322 1105; baseline -0.002 -14"><span class='ocrx_word' id='word_1_57' title='bbox 752 1036 810 1091; x_wconf 83' lang='lat' dir='ltr'><strong>S.</strong></span> <span class='ocrx_word' id='word_1_58' title='bbox 839 1036 1175 1090; x_wconf 74' lang='lat' dir='ltr'><strong>Sebastianas</strong></span> <span class='ocrx_word' id='word_1_59' title='bbox 1223 1036 1283 1090; x_wconf 84' lang='lat' dir='ltr'><strong>V.</strong></span> <span class='ocrx_word' id='word_1_60' title='bbox 1310 1036 1378 1089; x_wconf 82' lang='grc' dir='ltr'>Μ.</span> <span class='ocrx_word' id='word_1_61' title='bbox 1413 1045 1558 1091; x_wconf 91' lang='lat' dir='ltr'><strong>tomo</strong></span> <span class='ocrx_word' id='word_1_62' title='bbox 1600 1037 1666 1091; x_wconf 84' lang='lat' dir='ltr'><strong>Vl</strong></span> <span class='ocrx_word' id='word_1_63' title='bbox 1699 1036 1868 1101; x_wconf 84' lang='lat' dir='ltr'><strong>Junii,</strong></span> <span class='ocrx_word' id='word_1_64' title='bbox 1913 1051 2033 1105; x_wconf 64' lang='lat' dir='ltr'><strong>quae</strong></span> <span class='ocrx_word' id='word_1_65' title='bbox 2080 1034 2322 1089; x_wconf 84' lang='lat' dir='ltr'><strong>indidem</strong></span> 
     </span>
    </p>
   </div>
   <div class='ocr_carea' id='block_1_11' title="bbox 750 1129 2322 1194">
    <p class='ocr_par' dir='ltr' id='par_1_11' title="bbox 750 1129 2322 1194">
     <span class='ocr_line' id='line_1_11' title="bbox 750 1129 2322 1194; baseline -0.003 -11"><span class='ocrx_word' id='word_1_66' title='bbox 750 1130 821 1184; x_wconf 81' lang='lat' dir='ltr'><strong>sb</strong></span> <span class='ocrx_word' id='word_1_67' title='bbox 850 1130 1068 1194; x_wconf 90' lang='lat' dir='ltr'><strong>eodem,</strong></span> <span class='ocrx_word' id='word_1_68' title='bbox 1131 1130 1209 1182; x_wconf 90' lang='lat' dir='ltr'><strong>uti</strong></span> <span class='ocrx_word' id='word_1_69' title='bbox 1262 1130 1444 1184; x_wconf 71' lang='lat' dir='ltr'><strong>multa:</strong></span> <span class='ocrx_word' id='word_1_70' title='bbox 1493 1130 1634 1191; x_wconf 69' lang='lat' dir='ltr'><strong>alite.</strong></span> <span class='ocrx_word' id='word_1_71' title='bbox 1680 1129 1810 1183; x_wconf 91' lang='lat' dir='ltr'><strong>mihi</strong></span> <span class='ocrx_word' id='word_1_72' title='bbox 1864 1129 2051 1184; x_wconf 67' lang='lat' dir='ltr'><strong>Graece</strong></span> <span class='ocrx_word' id='word_1_73' title='bbox 2101 1129 2322 1182; x_wconf 79' lang='lat' dir='ltr'><strong>luerunt</strong></span> 
     </span>
    </p>
   </div>
   <div class='ocr_carea' id='block_1_12' title="bbox 750 1221 2318 1293">
    <p class='ocr_par' dir='ltr' id='par_1_12' title="bbox 750 1221 2318 1293">
     <span class='ocr_line' id='line_1_12' title="bbox 750 1221 2318 1293; baseline 0.001 -17"><span class='ocrx_word' id='word_1_74' title='bbox 750 1222 1053 1277; x_wconf 66' lang='lat' dir='ltr'><strong>Submissze.</strong></span> <span class='ocrx_word' id='word_1_75' title='bbox 1100 1222 1242 1287; x_wconf 72' lang='lat' dir='ltr'><strong>Haec,</strong></span> <span class='ocrx_word' id='word_1_76' title='bbox 1273 1222 1516 1293; x_wconf 83' lang='lat' dir='ltr'><strong>inquam,</strong></span> <span class='ocrx_word' id='word_1_77' title='bbox 1552 1224 1685 1278; x_wconf 86' lang='lat' dir='ltr'><strong>Acta</strong></span> <span class='ocrx_word' id='word_1_78' title='bbox 1729 1223 1782 1277; x_wconf 91' lang='lat' dir='ltr'><strong>S.</strong></span> <span class='ocrx_word' id='word_1_79' title='bbox 1813 1222 2076 1291; x_wconf 79' lang='lat' dir='ltr'><strong>Stephani</strong></span> <span class='ocrx_word' id='word_1_80' title='bbox 2128 1221 2318 1277; x_wconf 90' lang='lat' dir='ltr'><strong>viden-</strong></span> 
     </span>
    </p>
   </div>
   <div class='ocr_carea' id='block_1_13' title="bbox 749 1312 2315 1383">
    <p class='ocr_par' dir='ltr' id='par_1_13' title="bbox 749 1312 2315 1383">
     <span class='ocr_line' id='line_1_13' title="bbox 749 1312 2315 1383; baseline 0.001 -17"><span class='ocrx_word' id='word_1_81' title='bbox 749 1321 837 1366; x_wconf 87' lang='lat' dir='ltr'><strong>tur</strong></span> <span class='ocrx_word' id='word_1_82' title='bbox 862 1313 983 1368; x_wconf 80' lang='lat' dir='ltr'><strong>fons</strong></span> <span class='ocrx_word' id='word_1_83' title='bbox 1017 1329 1158 1376; x_wconf 88' lang='lat' dir='ltr'><strong>esse,</strong></span> <span class='ocrx_word' id='word_1_84' title='bbox 1184 1329 1250 1367; x_wconf 82' lang='lat' dir='ltr'><strong>ex</strong></span> <span class='ocrx_word' id='word_1_85' title='bbox 1280 1330 1409 1383; x_wconf 91' lang='lat' dir='ltr'><strong>quo,</strong></span> <span class='ocrx_word' id='word_1_86' title='bbox 1440 1314 1798 1383; x_wconf 88' lang='lat' dir='ltr'><strong>quotquotde</strong></span> <span class='ocrx_word' id='word_1_87' title='bbox 1833 1313 1925 1368; x_wconf 89' lang='lat' dir='ltr'><strong>illo</strong></span> <span class='ocrx_word' id='word_1_88' title='bbox 1957 1312 2150 1368; x_wconf 84' lang='lat' dir='ltr'><strong>Latine</strong></span> <span class='ocrx_word' id='word_1_89' title='bbox 2178 1314 2315 1368; x_wconf 73' lang='lat' dir='ltr'><strong>Scri-</strong></span> 
     </span>
    </p>
   </div>
   <div class='ocr_carea' id='block_1_14' title="bbox 747 1406 2315 1473">
    <p class='ocr_par' dir='ltr' id='par_1_14' title="bbox 747 1406 2315 1473">
     <span class='ocr_line' id='line_1_14' title="bbox 747 1406 2315 1473; baseline 0.001 -16"><span class='ocrx_word' id='word_1_90' title='bbox 747 1420 928 1473; x_wconf 91' lang='lat' dir='ltr'><strong>psere,</strong></span> <span class='ocrx_word' id='word_1_91' title='bbox 953 1420 1050 1458; x_wconf 91' lang='lat' dir='ltr'><strong>sua</strong></span> <span class='ocrx_word' id='word_1_92' title='bbox 1085 1406 1409 1468; x_wconf 88' lang='lat' dir='ltr'><strong>hauserunt,</strong></span> <span class='ocrx_word' id='word_1_93' title='bbox 1444 1407 1567 1462; x_wconf 91' lang='lat' dir='ltr'><strong>aliis</strong></span> <span class='ocrx_word' id='word_1_94' title='bbox 1626 1406 1849 1472; x_wconf 83' lang='lat' dir='ltr'><strong>additis,</strong></span> <span class='ocrx_word' id='word_1_95' title='bbox 1905 1407 2028 1462; x_wconf 89' lang='lat' dir='ltr'><strong>aliis</strong></span> <span class='ocrx_word' id='word_1_96' title='bbox 2071 1409 2315 1472; x_wconf 88' lang='lat' dir='ltr'><strong>mutatis,</strong></span> 
     </span>
    </p>
   </div>
   <div class='ocr_carea' id='block_1_15' title="bbox 745 1498 2318 1570">
    <p class='ocr_par' dir='ltr' id='par_1_15' title="bbox 745 1498 2318 1570">
     <span class='ocr_line' id='line_1_15' title="bbox 745 1498 2318 1570; baseline 0.003 -22"><span class='ocrx_word' id='word_1_97' title='bbox 745 1512 850 1566; x_wconf 88' lang='lat' dir='ltr'><strong>pro</strong></span> <span class='ocrx_word' id='word_1_98' title='bbox 903 1512 1005 1551; x_wconf 90' lang='lat' dir='ltr'><strong>suo</strong></span> <span class='ocrx_word' id='word_1_99' title='bbox 1056 1498 1320 1568; x_wconf 85' lang='lat' dir='ltr'><strong>cujusque</strong></span> <span class='ocrx_word' id='word_1_100' title='bbox 1373 1514 1556 1555; x_wconf 89' lang='lat' dir='ltr'><strong>sensu.</strong></span> <span class='ocrx_word' id='word_1_101' title='bbox 1605 1499 1696 1555; x_wconf 91' lang='lat' dir='ltr'><strong>Sic</strong></span> <span class='ocrx_word' id='word_1_102' title='bbox 1753 1499 2084 1570; x_wconf 86' lang='lat' dir='ltr'><strong>Stephanus,</strong></span> <span class='ocrx_word' id='word_1_103' title='bbox 2118 1500 2212 1569; x_wconf 88' lang='lat' dir='ltr'><strong>qui</strong></span> <span class='ocrx_word' id='word_1_104' title='bbox 2263 1500 2318 1553; x_wconf 90' lang='lat' dir='ltr'><strong>in</strong></span> 
     </span>
    </p>
   </div>
   <div class='ocr_carea' id='block_1_16' title="bbox 745 1590 2316 1665">
    <p class='ocr_par' dir='ltr' id='par_1_16' title="bbox 745 1590 2316 1665">
     <span class='ocr_line' id='line_1_16' title="bbox 745 1590 2316 1665; baseline 0.003 -23"><span class='ocrx_word' id='word_1_105' title='bbox 745 1590 898 1644; x_wconf 80' lang='lat' dir='ltr'><strong>Actis</strong></span> <span class='ocrx_word' id='word_1_106' title='bbox 949 1591 1149 1646; x_wconf 70' lang='lat' dir='ltr'><strong>Graecis</strong></span> <span class='ocrx_word' id='word_1_107' title='bbox 1202 1591 1402 1660; x_wconf 83' lang='lat' dir='ltr'><strong>legitur</strong></span> <span class='ocrx_word' id='word_1_108' title='bbox 1451 1594 1625 1662; x_wconf 88' lang='lat' dir='ltr'><strong>patria</strong></span> <span class='ocrx_word' id='word_1_109' title='bbox 1683 1593 1937 1649; x_wconf 70' lang='lat' dir='ltr'><strong>Nicaenus</strong></span> <span class='ocrx_word' id='word_1_110' title='bbox 1979 1595 2034 1648; x_wconf 92' lang='lat' dir='ltr'><strong>in</strong></span> <span class='ocrx_word' id='word_1_111' title='bbox 2067 1593 2316 1665; x_wconf 82' lang='lat' dir='ltr'><strong>Bithynia</strong></span> 
     </span>
    </p>
   </div>
   <div class='ocr_carea' id='block_1_17' title="bbox 746 1682 2316 1755">
    <p class='ocr_par' dir='ltr' id='par_1_17' title="bbox 746 1682 2316 1755">
     <span class='ocr_line' id='line_1_17' title="bbox 746 1682 2316 1755; baseline 0.002 -20"><span class='ocrx_word' id='word_1_112' title='bbox 746 1682 939 1747; x_wconf 78' lang='lat' dir='ltr'><strong>fuisse,</strong></span> <span class='ocrx_word' id='word_1_113' title='bbox 971 1694 1027 1736; x_wconf 91' lang='lat' dir='ltr'><strong>et</strong></span> <span class='ocrx_word' id='word_1_114' title='bbox 1077 1699 1199 1737; x_wconf 88' lang='lat' dir='ltr'><strong>cum</strong></span> <span class='ocrx_word' id='word_1_115' title='bbox 1258 1683 1313 1737; x_wconf 93' lang='lat' dir='ltr'><strong>S.</strong></span> <span class='ocrx_word' id='word_1_116' title='bbox 1369 1685 1538 1739; x_wconf 85' lang='lat' dir='ltr'><strong>Paulo</strong></span> <span class='ocrx_word' id='word_1_117' title='bbox 1597 1686 1846 1754; x_wconf 80' lang='lat' dir='ltr'><strong>apostolo</strong></span> <span class='ocrx_word' id='word_1_118' title='bbox 1898 1686 2164 1755; x_wconf 83' lang='lat' dir='ltr'><strong>Rhegium</strong></span> <span class='ocrx_word' id='word_1_119' title='bbox 2220 1702 2316 1754; x_wconf 89' lang='lat' dir='ltr'><strong>ap-</strong></span> 
     </span>
    </p>
   </div>
   <div class='ocr_carea' id='block_1_18' title="bbox 745 1774 2313 1846">
    <p class='ocr_par' dir='ltr' id='par_1_18' title="bbox 745 1774 2313 1846">
     <span class='ocr_line' id='line_1_18' title="bbox 745 1774 2313 1846; baseline 0.003 -20"><span class='ocrx_word' id='word_1_120' title='bbox 745 1775 984 1843; x_wconf 78' lang='lat' dir='ltr'><strong>pulisse;</strong></span> <span class='ocrx_word' id='word_1_121' title='bbox 1036 1774 1176 1844; x_wconf 87' lang='lat' dir='ltr'><strong>apud</strong></span> <span class='ocrx_word' id='word_1_122' title='bbox 1224 1774 1536 1829; x_wconf 89' lang='lat' dir='ltr'><strong>Ferrarium</strong></span> <span class='ocrx_word' id='word_1_123' title='bbox 1587 1775 1790 1831; x_wconf 85' lang='lat' dir='ltr'><strong>dicitur</strong></span> <span class='ocrx_word' id='word_1_124' title='bbox 1835 1777 1971 1832; x_wconf 82' lang='lat' dir='ltr'><strong>civis</strong></span> <span class='ocrx_word' id='word_1_125' title='bbox 2017 1777 2313 1846; x_wconf 83' lang='lat' dir='ltr'><strong>Rheginus,</strong></span> 
     </span>
    </p>
   </div>
   <div class='ocr_carea' id='block_1_19' title="bbox 2435 577 4002 657">
    <p class='ocr_par' dir='ltr' id='par_1_19' title="bbox 2435 577 4002 657">
     <span class='ocr_line' id='line_1_19' title="bbox 2435 577 4002 657; baseline 0.01 -28"><span class='ocrx_word' id='word_1_126' title='bbox 2435 592 2579 630; x_wconf 88' lang='lat' dir='ltr'><strong>rum.</strong></span> <span class='ocrx_word' id='word_1_127' title='bbox 2643 577 2820 631; x_wconf 85' lang='lat' dir='ltr'><strong>Facile</strong></span> <span class='ocrx_word' id='word_1_128' title='bbox 2881 578 3133 632; x_wconf 90' lang='lat' dir='ltr'><strong>condono</strong></span> <span class='ocrx_word' id='word_1_129' title='bbox 3182 581 3240 634; x_wconf 85' lang='grc' dir='ltr'>Ρ.</span> <span class='ocrx_word' id='word_1_130' title='bbox 3295 579 3569 646; x_wconf 79' lang='lat' dir='ltr'><strong>Cornelio,</strong></span> <span class='ocrx_word' id='word_1_131' title='bbox 3625 584 3907 657; x_wconf 84' lang='lat' dir='ltr'><strong>Theolngo</strong></span> <span class='ocrx_word' id='word_1_132' title='bbox 3950 599 4002 646; x_wconf 83' lang='lat' dir='ltr'><strong>ct</strong></span> 
     </span>
    </p>
   </div>
   <div class='ocr_carea' id='block_1_20' title="bbox 2432 668 3994 747">
    <p class='ocr_par' dir='ltr' id='par_1_20' title="bbox 2432 668 3994 747">
     <span class='ocr_line' id='line_1_20' title="bbox 2432 668 3994 747; baseline 0.006 -23"><span class='ocrx_word' id='word_1_133' title='bbox 2432 668 2862 724; x_wconf 81' lang='lat' dir='ltr'><strong>Commentatori</strong></span> <span class='ocrx_word' id='word_1_134' title='bbox 2901 671 2955 723; x_wconf 89' lang='lat' dir='ltr'><strong>in</strong></span> <span class='ocrx_word' id='word_1_135' title='bbox 2987 686 3199 725; x_wconf 84' lang='lat' dir='ltr'><strong>sacram</strong></span> <span class='ocrx_word' id='word_1_136' title='bbox 3236 671 3573 741; x_wconf 89' lang='lat' dir='ltr'><strong>Scripturam</strong></span> <span class='ocrx_word' id='word_1_137' title='bbox 3598 678 3826 740; x_wconf 81' lang='lat' dir='ltr'><strong>eximio,</strong></span> <span class='ocrx_word' id='word_1_138' title='bbox 3857 682 3994 747; x_wconf 85' lang='lat' dir='ltr'><strong>quod</strong></span> 
     </span>
    </p>
   </div>
   <div class='ocr_carea' id='block_1_21' title="bbox 2434 762 3994 833">
    <p class='ocr_par' dir='ltr' id='par_1_21' title="bbox 2434 762 3994 833">
     <span class='ocr_line' id='line_1_21' title="bbox 2434 762 3994 833; baseline 0.006 -18"><span class='ocrx_word' id='word_1_139' title='bbox 2434 762 2540 816; x_wconf 75' lang='lat' dir='ltr'><strong>fide</strong></span> <span class='ocrx_word' id='word_1_140' title='bbox 2585 770 2641 816; x_wconf 90' lang='lat' dir='ltr'><strong>et</strong></span> <span class='ocrx_word' id='word_1_141' title='bbox 2677 763 3002 816; x_wconf 89' lang='lat' dir='ltr'><strong>auctoritate</strong></span> <span class='ocrx_word' id='word_1_142' title='bbox 3035 763 3447 833; x_wconf 83' lang='lat' dir='ltr'><strong>Rhegiensium,</strong></span> <span class='ocrx_word' id='word_1_143' title='bbox 3481 766 3719 824; x_wconf 83' lang='lat' dir='ltr'><strong>virorum</strong></span> <span class='ocrx_word' id='word_1_144' title='bbox 3753 773 3994 826; x_wconf 78' lang='lat' dir='ltr'><strong>erudito-</strong></span> 
     </span>
    </p>
   </div>
   <div class='ocr_carea' id='block_1_22' title="bbox 2431 856 3995 931">
    <p class='ocr_par' dir='ltr' id='par_1_22' title="bbox 2431 856 3995 931">
     <span class='ocr_line' id='line_1_22' title="bbox 2431 856 3995 931; baseline 0.005 -22"><span class='ocrx_word' id='word_1_145' title='bbox 2431 871 2552 909; x_wconf 88' lang='lat' dir='ltr'><strong>rum</strong></span> <span class='ocrx_word' id='word_1_146' title='bbox 2591 866 2644 910; x_wconf 91' lang='lat' dir='ltr'><strong>et</strong></span> <span class='ocrx_word' id='word_1_147' title='bbox 2676 856 3089 926; x_wconf 88' lang='lat' dir='ltr'><strong>primariorum,</strong></span> <span class='ocrx_word' id='word_1_148' title='bbox 3129 859 3251 910; x_wconf 87' lang='lat' dir='ltr'><strong>talia</strong></span> <span class='ocrx_word' id='word_1_149' title='bbox 3285 861 3590 929; x_wconf 83' lang='lat' dir='ltr'><strong>scripserit.</strong></span> <span class='ocrx_word' id='word_1_150' title='bbox 3628 861 3745 931; x_wconf 80' lang='lat' dir='ltr'><strong>ipse</strong></span> <span class='ocrx_word' id='word_1_151' title='bbox 3779 865 3995 919; x_wconf 87' lang='lat' dir='ltr'><strong>interim</strong></span> 
     </span>
    </p>
   </div>
   <div class='ocr_carea' id='block_1_23' title="bbox 2431 947 3994 1016">
    <p class='ocr_par' dir='ltr' id='par_1_23' title="bbox 2431 947 3994 1016">
     <span class='ocr_line' id='line_1_23' title="bbox 2431 947 3994 1016; baseline 0.005 -15"><span class='ocrx_word' id='word_1_152' title='bbox 2431 947 2569 1002; x_wconf 85' lang='lat' dir='ltr'><strong>nihil</strong></span> <span class='ocrx_word' id='word_1_153' title='bbox 2608 963 2704 1016; x_wconf 86' lang='lat' dir='ltr'><strong>per</strong></span> <span class='ocrx_word' id='word_1_154' title='bbox 2739 963 2795 1001; x_wconf 76' lang='lat' dir='ltr'><strong>se</strong></span> <span class='ocrx_word' id='word_1_155' title='bbox 2824 958 3228 1001; x_wconf 84' lang='lat' dir='ltr'><strong>commentatur</strong></span> <span class='ocrx_word' id='word_1_156' title='bbox 3267 949 3334 1003; x_wconf 90' lang='lat' dir='ltr'><strong>de</strong></span> <span class='ocrx_word' id='word_1_157' title='bbox 3367 965 3516 1003; x_wconf 92' lang='lat' dir='ltr'><strong>mora</strong></span> <span class='ocrx_word' id='word_1_158' title='bbox 3560 962 3653 1005; x_wconf 91' lang='lat' dir='ltr'><strong>aut</strong></span> <span class='ocrx_word' id='word_1_159' title='bbox 3702 970 3810 1007; x_wconf 92' lang='lat' dir='ltr'><strong>non</strong></span> <span class='ocrx_word' id='word_1_160' title='bbox 3848 971 3994 1009; x_wconf 89' lang='lat' dir='ltr'><strong>mora</strong></span> 
     </span>
    </p>
   </div>
   <div class='ocr_carea' id='block_1_24' title="bbox 2431 1035 3996 1111">
    <p class='ocr_par' dir='ltr' id='par_1_24' title="bbox 2431 1035 3996 1111">
     <span class='ocr_line' id='line_1_24' title="bbox 2431 1035 3996 1111; baseline 0.007 -21"><span class='ocrx_word' id='word_1_161' title='bbox 2431 1035 2582 1092; x_wconf 83' lang='lat' dir='ltr'><strong>Pauli</strong></span> <span class='ocrx_word' id='word_1_162' title='bbox 2609 1038 2837 1105; x_wconf 86' lang='lat' dir='ltr'><strong>apostoli</strong></span> <span class='ocrx_word' id='word_1_163' title='bbox 2867 1037 3008 1107; x_wconf 92' lang='lat' dir='ltr'><strong>pud</strong></span> <span class='ocrx_word' id='word_1_164' title='bbox 3037 1038 3327 1110; x_wconf 80' lang='lat' dir='ltr'><strong>Rhegium.</strong></span> <span class='ocrx_word' id='word_1_165' title='bbox 3356 1039 3669 1111; x_wconf 83' lang='lat' dir='ltr'><strong>Supposuit,</strong></span> <span class='ocrx_word' id='word_1_166' title='bbox 3704 1059 3832 1098; x_wconf 76' lang='lat' dir='ltr'><strong>vers</strong></span> <span class='ocrx_word' id='word_1_167' title='bbox 3858 1063 3996 1107; x_wconf 89' lang='lat' dir='ltr'><strong>esse.</strong></span> 
     </span>
    </p>
   </div>
   <div class='ocr_carea' id='block_1_25' title="bbox 2431 1131 3998 1203">
    <p class='ocr_par' dir='ltr' id='par_1_25' title="bbox 2431 1131 3998 1203">
     <span class='ocr_line' id='line_1_25' title="bbox 2431 1131 3998 1203; baseline 0.005 -21"><span class='ocrx_word' id='word_1_168' title='bbox 2431 1145 2552 1200; x_wconf 71' lang='lat' dir='ltr'><strong>qua:</strong></span> <span class='ocrx_word' id='word_1_169' title='bbox 2592 1131 2930 1200; x_wconf 85' lang='lat' dir='ltr'><strong>Rhegienses</strong></span> <span class='ocrx_word' id='word_1_170' title='bbox 2960 1131 3026 1185; x_wconf 89' lang='lat' dir='ltr'><strong>de</strong></span> <span class='ocrx_word' id='word_1_171' title='bbox 3060 1145 3210 1183; x_wconf 88' lang='lat' dir='ltr'><strong>mora</strong></span> <span class='ocrx_word' id='word_1_172' title='bbox 3247 1132 3367 1200; x_wconf 84' lang='lat' dir='ltr'><strong>ejus</strong></span> <span class='ocrx_word' id='word_1_173' title='bbox 3397 1135 3538 1203; x_wconf 89' lang='lat' dir='ltr'><strong>apud</strong></span> <span class='ocrx_word' id='word_1_174' title='bbox 3575 1149 3634 1190; x_wconf 90' lang='lat' dir='ltr'><strong>se</strong></span> <span class='ocrx_word' id='word_1_175' title='bbox 3675 1136 3838 1189; x_wconf 89' lang='lat' dir='ltr'><strong>unius</strong></span> <span class='ocrx_word' id='word_1_176' title='bbox 3869 1137 3998 1200; x_wconf 87' lang='lat' dir='ltr'><strong>diei,</strong></span> 
     </span>
    </p>
   </div>
   <div class='ocr_carea' id='block_1_26' title="bbox 2429 1223 3999 1293">
    <p class='ocr_par' dir='ltr' id='par_1_26' title="bbox 2429 1223 3999 1293">
     <span class='ocr_line' id='line_1_26' title="bbox 2429 1223 3999 1293; baseline 0.001 -16"><span class='ocrx_word' id='word_1_177' title='bbox 2429 1233 2484 1277; x_wconf 85' lang='lat' dir='ltr'><strong>et</strong></span> <span class='ocrx_word' id='word_1_178' title='bbox 2518 1223 2585 1276; x_wconf 86' lang='lat' dir='ltr'><strong>de</strong></span> <span class='ocrx_word' id='word_1_179' title='bbox 2613 1237 2803 1292; x_wconf 88' lang='lat' dir='ltr'><strong>magna</strong></span> <span class='ocrx_word' id='word_1_180' title='bbox 2837 1224 3196 1278; x_wconf 83' lang='lat' dir='ltr'><strong>conversione</strong></span> <span class='ocrx_word' id='word_1_181' title='bbox 3243 1225 3528 1293; x_wconf 78' lang='lat' dir='ltr'><strong>gentilium</strong></span> <span class='ocrx_word' id='word_1_182' title='bbox 3569 1227 3661 1280; x_wconf 92' lang='lat' dir='ltr'><strong>illo</strong></span> <span class='ocrx_word' id='word_1_183' title='bbox 3691 1227 3780 1280; x_wconf 89' lang='lat' dir='ltr'><strong>die</strong></span> <span class='ocrx_word' id='word_1_184' title='bbox 3826 1227 3999 1290; x_wconf 80' lang='lat' dir='ltr'><strong>facta;</strong></span> 
     </span>
    </p>
   </div>
   <div class='ocr_carea' id='block_1_27' title="bbox 2431 1314 3999 1388">
    <p class='ocr_par' dir='ltr' id='par_1_27' title="bbox 2431 1314 3999 1388">
     <span class='ocr_line' id='line_1_27' title="bbox 2431 1314 3999 1388; baseline 0.004 -20"><span class='ocrx_word' id='word_1_185' title='bbox 2431 1316 2562 1371; x_wconf 91' lang='lat' dir='ltr'><strong>item</strong></span> <span class='ocrx_word' id='word_1_186' title='bbox 2601 1315 2670 1369; x_wconf 90' lang='lat' dir='ltr'><strong>de</strong></span> <span class='ocrx_word' id='word_1_187' title='bbox 2700 1315 2850 1370; x_wconf 80' lang='lat' dir='ltr'><strong>Actis</strong></span> <span class='ocrx_word' id='word_1_188' title='bbox 2883 1315 2938 1370; x_wconf 92' lang='lat' dir='ltr'><strong>S.</strong></span> <span class='ocrx_word' id='word_1_189' title='bbox 2975 1314 3262 1384; x_wconf 90' lang='lat' dir='ltr'><strong>Stephani,</strong></span> <span class='ocrx_word' id='word_1_190' title='bbox 3313 1317 3513 1371; x_wconf 59' lang='lat' dir='ltr'><strong>saculo</strong></span> <span class='ocrx_word' id='word_1_191' title='bbox 3568 1316 3771 1372; x_wconf 88' lang='lat' dir='ltr'><strong>Christi</strong></span> <span class='ocrx_word' id='word_1_192' title='bbox 3820 1321 3999 1388; x_wconf 89' lang='lat' dir='ltr'><strong>primo</strong></span> 
     </span>
    </p>
   </div>
   <div class='ocr_carea' id='block_1_28' title="bbox 2429 1403 4002 1474">
    <p class='ocr_par' dir='ltr' id='par_1_28' title="bbox 2429 1403 4002 1474">
     <span class='ocr_line' id='line_1_28' title="bbox 2429 1403 4002 1474; baseline 0.002 -16"><span class='ocrx_word' id='word_1_193' title='bbox 2429 1403 2617 1459; x_wconf 72' lang='lat' dir='ltr'><strong>Graece</strong></span> <span class='ocrx_word' id='word_1_194' title='bbox 2643 1404 2997 1474; x_wconf 85' lang='lat' dir='ltr'><strong>conscriptis,</strong></span> <span class='ocrx_word' id='word_1_195' title='bbox 3029 1403 3393 1458; x_wconf 73' lang='lat' dir='ltr'><strong>afﬁrmabant.</strong></span> <span class='ocrx_word' id='word_1_196' title='bbox 3423 1405 3492 1458; x_wconf 84' lang='lat' dir='ltr'><strong>Et</strong></span> <span class='ocrx_word' id='word_1_197' title='bbox 3529 1406 3573 1459; x_wconf 90' lang='lat' dir='ltr'><strong>si</strong></span> <span class='ocrx_word' id='word_1_198' title='bbox 3616 1407 3746 1474; x_wconf 89' lang='lat' dir='ltr'><strong>quid</strong></span> <span class='ocrx_word' id='word_1_199' title='bbox 3794 1408 3888 1462; x_wconf 85' lang='lat' dir='ltr'><strong>illa</strong></span> <span class='ocrx_word' id='word_1_200' title='bbox 3935 1408 4002 1461; x_wconf 87' lang='lat' dir='ltr'><strong>de</strong></span> 
     </span>
    </p>
   </div>
   <div class='ocr_carea' id='block_1_29' title="bbox 2430 1495 3998 1565">
    <p class='ocr_par' dir='ltr' id='par_1_29' title="bbox 2430 1495 3998 1565">
     <span class='ocr_line' id='line_1_29' title="bbox 2430 1495 3998 1565; baseline 0.003 -17"><span class='ocrx_word' id='word_1_201' title='bbox 2430 1510 2486 1549; x_wconf 89' lang='lat' dir='ltr'><strong>re</strong></span> <span class='ocrx_word' id='word_1_202' title='bbox 2520 1510 2617 1564; x_wconf 92' lang='lat' dir='ltr'><strong>per</strong></span> <span class='ocrx_word' id='word_1_203' title='bbox 2644 1510 2701 1549; x_wconf 86' lang='lat' dir='ltr'><strong>se</strong></span> <span class='ocrx_word' id='word_1_204' title='bbox 2729 1503 3127 1548; x_wconf 89' lang='lat' dir='ltr'><strong>commentatus</strong></span> <span class='ocrx_word' id='word_1_205' title='bbox 3161 1495 3373 1556; x_wconf 82' lang='lat' dir='ltr'><strong>luisset,</strong></span> <span class='ocrx_word' id='word_1_206' title='bbox 3406 1496 3595 1565; x_wconf 85' lang='lat' dir='ltr'><strong>utique</strong></span> <span class='ocrx_word' id='word_1_207' title='bbox 3630 1500 3998 1559; x_wconf 82' lang='lat' dir='ltr'><strong>observasset.</strong></span> 
     </span>
    </p>
   </div>
   <div class='ocr_carea' id='block_1_30' title="bbox 2427 1585 4000 1657">
    <p class='ocr_par' dir='ltr' id='par_1_30' title="bbox 2427 1585 4000 1657">
     <span class='ocr_line' id='line_1_30' title="bbox 2427 1585 4000 1657; baseline 0.004 -17"><span class='ocrx_word' id='word_1_208' title='bbox 2427 1586 2573 1657; x_wconf 86' lang='lat' dir='ltr'><strong>quod</strong></span> <span class='ocrx_word' id='word_1_209' title='bbox 2627 1587 2672 1640; x_wconf 89' lang='lat' dir='ltr'><strong>si</strong></span> <span class='ocrx_word' id='word_1_210' title='bbox 2717 1585 2918 1641; x_wconf 85' lang='lat' dir='ltr'><strong>Paulus</strong></span> <span class='ocrx_word' id='word_1_211' title='bbox 2951 1600 3060 1639; x_wconf 92' lang='lat' dir='ltr'><strong>uno</strong></span> <span class='ocrx_word' id='word_1_212' title='bbox 3091 1585 3179 1640; x_wconf 89' lang='lat' dir='ltr'><strong>die</strong></span> <span class='ocrx_word' id='word_1_213' title='bbox 3220 1586 3415 1657; x_wconf 83' lang='lat' dir='ltr'><strong>Rhegii</strong></span> <span class='ocrx_word' id='word_1_214' title='bbox 3464 1603 3670 1643; x_wconf 89' lang='lat' dir='ltr'><strong>moram</strong></span> <span class='ocrx_word' id='word_1_215' title='bbox 3719 1593 4000 1656; x_wconf 80' lang='lat' dir='ltr'><strong>traxisset,</strong></span> 
     </span>
    </p>
   </div>
   <div class='ocr_carea' id='block_1_31' title="bbox 2429 1678 4001 1752">
    <p class='ocr_par' dir='ltr' id='par_1_31' title="bbox 2429 1678 4001 1752">
     <span class='ocr_line' id='line_1_31' title="bbox 2429 1678 4001 1752; baseline 0.003 -20"><span class='ocrx_word' id='word_1_216' title='bbox 2429 1695 2536 1733; x_wconf 92' lang='lat' dir='ltr'><strong>non</strong></span> <span class='ocrx_word' id='word_1_217' title='bbox 2564 1678 2832 1749; x_wconf 90' lang='lat' dir='ltr'><strong>potuisset</strong></span> <span class='ocrx_word' id='word_1_218' title='bbox 2859 1679 3106 1733; x_wconf 92' lang='lat' dir='ltr'><strong>secundo</strong></span> <span class='ocrx_word' id='word_1_219' title='bbox 3134 1679 3222 1733; x_wconf 90' lang='lat' dir='ltr'><strong>die</strong></span> <span class='ocrx_word' id='word_1_220' title='bbox 3253 1678 3512 1732; x_wconf 85' lang='lat' dir='ltr'><strong>Putoieos</strong></span> <span class='ocrx_word' id='word_1_221' title='bbox 3539 1682 3786 1750; x_wconf 79' lang='lat' dir='ltr'><strong>attigisse</strong></span> <span class='ocrx_word' id='word_1_222' title='bbox 3811 1699 3826 1736; x_wconf 89' lang='lat'><strong>:</strong></span> <span class='ocrx_word' id='word_1_223' title='bbox 3852 1683 4001 1752; x_wconf 91' lang='lat' dir='ltr'><strong>quod</strong></span> 
     </span>
    </p>
   </div>
   <div class='ocr_carea' id='block_1_32' title="bbox 2431 1771 3768 1827">
    <p class='ocr_par' dir='ltr' id='par_1_32' title="bbox 2431 1771 3768 1827">
     <span class='ocr_line' id='line_1_32' title="bbox 2431 1771 3768 1827; baseline 0.001 -2"><span class='ocrx_word' id='word_1_224' title='bbox 2431 1773 2601 1826; x_wconf 88' lang='lat' dir='ltr'><strong>Lucas</strong></span> <span class='ocrx_word' id='word_1_225' title='bbox 2625 1773 2829 1827; x_wconf 72' lang='lat' dir='ltr'><strong>factum</strong></span> <span class='ocrx_word' id='word_1_226' title='bbox 2867 1787 2986 1826; x_wconf 88' lang='lat' dir='ltr'><strong>esse</strong></span> <span class='ocrx_word' id='word_1_227' title='bbox 3019 1773 3114 1827; x_wconf 90' lang='lat' dir='ltr'><strong>ait.</strong></span> <span class='ocrx_word' id='word_1_228' title='bbox 3146 1771 3254 1827; x_wconf 90' lang='lat' dir='ltr'><strong>Sed</strong></span> <span class='ocrx_word' id='word_1_229' title='bbox 3285 1771 3351 1826; x_wconf 94' lang='lat' dir='ltr'><strong>de</strong></span> <span class='ocrx_word' id='word_1_230' title='bbox 3380 1771 3467 1825; x_wconf 90' lang='lat' dir='ltr'><strong>his</strong></span> <span class='ocrx_word' id='word_1_231' title='bbox 3494 1787 3618 1825; x_wconf 83' lang='lat' dir='ltr'><strong>mox</strong></span> <span class='ocrx_word' id='word_1_232' title='bbox 3641 1772 3768 1826; x_wconf 89' lang='lat' dir='ltr'><strong>alia.</strong></span> 
     </span>
    </p>
   </div>
   <div class='ocr_carea' id='block_1_33' title="bbox 746 1837 4000 1936">
    <p class='ocr_par' dir='ltr' id='par_1_33' title="bbox 746 1837 4000 1936">
     <span class='ocr_line' id='line_1_33' title="bbox 746 1837 4000 1936; baseline 0.001 -22"><span class='ocrx_word' id='word_1_233' title='bbox 746 1837 804 1914; x_wconf 74' lang='lat' dir='ltr'><strong>et</strong></span> <span class='ocrx_word' id='word_1_234' title='bbox 855 1861 924 1914; x_wconf 89' lang='lat' dir='ltr'><strong>ab</strong></span> <span class='ocrx_word' id='word_1_235' title='bbox 985 1837 1293 1930; x_wconf 77' lang='lat' dir='ltr'><strong>appellente</strong></span> <span class='ocrx_word' id='word_1_236' title='bbox 1352 1863 1471 1918; x_wconf 86' lang='lat' dir='ltr'><strong>illas</strong></span> <span class='ocrx_word' id='word_1_237' title='bbox 1555 1863 1611 1918; x_wconf 88' lang='lat' dir='ltr'><strong>in</strong></span> <span class='ocrx_word' id='word_1_238' title='bbox 1681 1879 1809 1920; x_wconf 89' lang='lat' dir='ltr'><strong>oras</strong></span> <span class='ocrx_word' id='word_1_239' title='bbox 1870 1865 2060 1932; x_wconf 87' lang='lat' dir='ltr'><strong>Paulo,</strong></span> <span class='ocrx_word' id='word_1_240' title='bbox 2127 1837 2398 1936; x_wconf 45' lang='lat' dir='ltr'><strong>lviliegiiB</strong></span> <span class='ocrx_word' id='word_1_241' title='bbox 2497 1866 2548 1919; x_wconf 89' lang='lat'><strong>8.</strong></span> <span class='ocrx_word' id='word_1_242' title='bbox 2576 1865 2788 1919; x_wconf 86' lang='lat' dir='ltr'><strong>interea</strong></span> <span class='ocrx_word' id='word_1_243' title='bbox 2815 1881 2880 1919; x_wconf 72' lang='lat' dir='ltr'><strong>ex</strong></span> <span class='ocrx_word' id='word_1_244' title='bbox 2914 1864 3097 1919; x_wconf 91' lang='lat' dir='ltr'><strong>citatis</strong></span> <span class='ocrx_word' id='word_1_245' title='bbox 3134 1864 3477 1919; x_wconf 87' lang='lat' dir='ltr'><strong>editionibus</strong></span> <span class='ocrx_word' id='word_1_246' title='bbox 3503 1865 3908 1928; x_wconf 87' lang='lat' dir='ltr'><strong>animadverto,</strong></span> <span class='ocrx_word' id='word_1_247' title='bbox 3944 1866 4000 1919; x_wconf 86' lang='lat' dir='ltr'><strong>in</strong></span> 
     </span>
    </p>
   </div>
   <div class='ocr_carea' id='block_1_34' title="bbox 748 1952 2321 2022">
    <p class='ocr_par' dir='ltr' id='par_1_34' title="bbox 748 1952 2321 2022">
     <span class='ocr_line' id='line_1_34' title="bbox 748 1952 2321 2022; baseline 0.006 -18"><span class='ocrx_word' id='word_1_248' title='bbox 748 1952 1027 2018; x_wconf 87' lang='lat' dir='ltr'><strong>inventus,</strong></span> <span class='ocrx_word' id='word_1_249' title='bbox 1077 1965 1241 2022; x_wconf 80' lang='lat' dir='ltr'><strong>atque</strong></span> <span class='ocrx_word' id='word_1_250' title='bbox 1297 1955 1370 2007; x_wconf 91' lang='lat' dir='ltr'><strong>ibi</strong></span> <span class='ocrx_word' id='word_1_251' title='bbox 1424 1955 1489 2009; x_wconf 90' lang='lat' dir='ltr'><strong>ad</strong></span> <span class='ocrx_word' id='word_1_252' title='bbox 1543 1954 1748 2010; x_wconf 88' lang='lat' dir='ltr'><strong>Christi</strong></span> <span class='ocrx_word' id='word_1_253' title='bbox 1810 1956 1968 2012; x_wconf 80' lang='lat' dir='ltr'><strong>ﬁdem</strong></span> <span class='ocrx_word' id='word_1_254' title='bbox 2021 1974 2321 2015; x_wconf 79' lang='lat' dir='ltr'><strong>conversus</strong></span> 
     </span>
    </p>
   </div>
   <div class='ocr_carea' id='block_1_35' title="bbox 746 2044 941 2099">
    <p class='ocr_par' dir='ltr' id='par_1_35' title="bbox 746 2044 941 2099">
     <span class='ocr_line' id='line_1_35' title="bbox 746 2044 941 2099; baseline 0.01 -2"><span class='ocrx_word' id='word_1_255' title='bbox 746 2044 918 2099; x_wconf 75' lang='lat' dir='ltr'><strong>fuisse</strong></span> <span class='ocrx_word' id='word_1_256' title='bbox 929 2087 941 2098; x_wconf 91' lang='lat'><strong>.</strong></span> 
     </span>
    </p>
   </div>
   <div class='ocr_carea' id='block_1_36' title="bbox 820 2138 2310 2210">
    <p class='ocr_par' dir='ltr' id='par_1_36' title="bbox 820 2138 2310 2210">
     <span class='ocr_line' id='line_1_36' title="bbox 820 2138 2310 2210; baseline 0.004 -19"><span class='ocrx_word' id='word_1_257' title='bbox 820 2138 870 2192; x_wconf 83' lang='lat'><strong>6.</strong></span> <span class='ocrx_word' id='word_1_258' title='bbox 909 2138 1274 2210; x_wconf 83' lang='lat' dir='ltr'><strong>Hieronymus</strong></span> <span class='ocrx_word' id='word_1_259' title='bbox 1316 2138 1582 2194; x_wconf 76' lang='lat' dir='ltr'><strong>Maraﬁoti</strong></span> <span class='ocrx_word' id='word_1_260' title='bbox 1620 2139 1677 2194; x_wconf 91' lang='lat' dir='ltr'><strong>in</strong></span> <span class='ocrx_word' id='word_1_261' title='bbox 1720 2155 1819 2195; x_wconf 89' lang='lat' dir='ltr'><strong>suo</strong></span> <span class='ocrx_word' id='word_1_262' title='bbox 1851 2139 2114 2196; x_wconf 83' lang='lat' dir='ltr'><strong>Calabriae</strong></span> <span class='ocrx_word' id='word_1_263' title='bbox 2142 2143 2310 2199; x_wconf 89' lang='lat' dir='ltr'><strong>Chro-</strong></span> 
     </span>
    </p>
   </div>
   <div class='ocr_carea' id='block_1_37' title="bbox 745 2229 2319 2302">
    <p class='ocr_par' dir='ltr' id='par_1_37' title="bbox 745 2229 2319 2302">
     <span class='ocr_line' id='line_1_37' title="bbox 745 2229 2319 2302; baseline 0.004 -19"><span class='ocrx_word' id='word_1_264' title='bbox 745 2229 890 2292; x_wconf 89' lang='lat' dir='ltr'><strong>nico,</strong></span> <span class='ocrx_word' id='word_1_265' title='bbox 925 2230 1110 2284; x_wconf 88' lang='lat' dir='ltr'><strong>ltalice</strong></span> <span class='ocrx_word' id='word_1_266' title='bbox 1153 2246 1298 2285; x_wconf 89' lang='lat' dir='ltr'><strong>anno</strong></span> <span class='ocrx_word' id='word_1_267' title='bbox 1330 2231 1462 2286; x_wconf 76' lang='grc'><strong>1601</strong></span> <span class='ocrx_word' id='word_1_268' title='bbox 1492 2245 1714 2298; x_wconf 84' lang='lat' dir='ltr'><strong>excuso,</strong></span> <span class='ocrx_word' id='word_1_269' title='bbox 1746 2247 1867 2302; x_wconf 88' lang='lat' dir='ltr'><strong>pag.</strong></span> <span class='ocrx_word' id='word_1_270' title='bbox 1906 2232 1992 2296; x_wconf 75' lang='grc'><strong>47,</strong></span> <span class='ocrx_word' id='word_1_271' title='bbox 2025 2243 2077 2287; x_wconf 90' lang='lat' dir='ltr'><strong>et</strong></span> <span class='ocrx_word' id='word_1_272' title='bbox 2107 2233 2319 2289; x_wconf 80' lang='lat' dir='ltr'><strong>Marcus</strong></span> 
     </span>
    </p>
   </div>
   <div class='ocr_carea' id='block_1_38' title="bbox 747 2321 2319 2388">
    <p class='ocr_par' dir='ltr' id='par_1_38' title="bbox 747 2321 2319 2388">
     <span class='ocr_line' id='line_1_38' title="bbox 747 2321 2319 2388; baseline 0.004 -13"><span class='ocrx_word' id='word_1_273' title='bbox 747 2321 1016 2375; x_wconf 78' lang='lat' dir='ltr'><strong>Antonius</strong></span> <span class='ocrx_word' id='word_1_274' title='bbox 1046 2321 1206 2376; x_wconf 85' lang='lat' dir='ltr'><strong>Politi</strong></span> <span class='ocrx_word' id='word_1_275' title='bbox 1241 2323 1293 2375; x_wconf 91' lang='lat' dir='ltr'><strong>in</strong></span> <span class='ocrx_word' id='word_1_276' title='bbox 1327 2337 1427 2376; x_wconf 87' lang='lat' dir='ltr'><strong>suo</strong></span> <span class='ocrx_word' id='word_1_277' title='bbox 1457 2323 1710 2377; x_wconf 88' lang='lat' dir='ltr'><strong>similiter</strong></span> <span class='ocrx_word' id='word_1_278' title='bbox 1741 2323 2032 2388; x_wconf 88' lang='lat' dir='ltr'><strong>Chronico,</strong></span> <span class='ocrx_word' id='word_1_279' title='bbox 2062 2324 2319 2381; x_wconf 66' lang='lat' dir='ltr'><strong>Messana:</strong></span> 
     </span>
    </p>
   </div>
   <div class='ocr_carea' id='block_1_39' title="bbox 745 2413 2321 2486">
    <p class='ocr_par' dir='ltr' id='par_1_39' title="bbox 745 2413 2321 2486">
     <span class='ocr_line' id='line_1_39' title="bbox 745 2413 2321 2486; baseline 0.004 -19"><span class='ocrx_word' id='word_1_280' title='bbox 745 2413 1014 2482; x_wconf 80' lang='lat' dir='ltr'><strong>impresso</strong></span> <span class='ocrx_word' id='word_1_281' title='bbox 1052 2429 1180 2468; x_wconf 86' lang='lat' dir='ltr'><strong>ann.</strong></span> <span class='ocrx_word' id='word_1_282' title='bbox 1216 2413 1370 2478; x_wconf 87' lang='lat' dir='ltr'><strong>l6l7,</strong></span> <span class='ocrx_word' id='word_1_283' title='bbox 1403 2430 1524 2486; x_wconf 88' lang='lat' dir='ltr'><strong>pag.</strong></span> <span class='ocrx_word' id='word_1_284' title='bbox 1553 2414 1641 2470; x_wconf 89' lang='lat'><strong>80.</strong></span> <span class='ocrx_word' id='word_1_285' title='bbox 1671 2415 1819 2470; x_wconf 86' lang='lat' dir='ltr'><strong>idem</strong></span> <span class='ocrx_word' id='word_1_286' title='bbox 1852 2416 2054 2472; x_wconf 86' lang='lat' dir='ltr'><strong>Paulus</strong></span> <span class='ocrx_word' id='word_1_287' title='bbox 2098 2417 2321 2473; x_wconf 75' lang='lat' dir='ltr'><strong>Gualtc—</strong></span> 
     </span>
    </p>
   </div>
   <div class='ocr_carea' id='block_1_40' title="bbox 750 2504 2315 2579">
    <p class='ocr_par' dir='ltr' id='par_1_40' title="bbox 750 2504 2315 2579">
     <span class='ocr_line' id='line_1_40' title="bbox 750 2504 2315 2579; baseline 0.003 -20"><span class='ocrx_word' id='word_1_288' title='bbox 750 2505 862 2559; x_wconf 86' lang='lat' dir='ltr'><strong>rius</strong></span> <span class='ocrx_word' id='word_1_289' title='bbox 915 2505 968 2559; x_wconf 93' lang='lat' dir='ltr'><strong>in</strong></span> <span class='ocrx_word' id='word_1_290' title='bbox 1027 2505 1230 2559; x_wconf 86' lang='lat' dir='ltr'><strong>sanctis</strong></span> <span class='ocrx_word' id='word_1_291' title='bbox 1277 2504 1559 2572; x_wconf 64' lang='lat' dir='ltr'><strong>Calabria,</strong></span> <span class='ocrx_word' id='word_1_292' title='bbox 1596 2507 1689 2577; x_wconf 91' lang='lat' dir='ltr'><strong>qui</strong></span> <span class='ocrx_word' id='word_1_293' title='bbox 1743 2521 1886 2562; x_wconf 88' lang='lat' dir='ltr'><strong>anno</strong></span> <span class='ocrx_word' id='word_1_294' title='bbox 1917 2507 2053 2564; x_wconf 79' lang='grc'><strong>1630</strong></span> <span class='ocrx_word' id='word_1_295' title='bbox 2089 2508 2315 2579; x_wconf 86' lang='lat' dir='ltr'><strong>Neapoli</strong></span> 
     </span>
    </p>
   </div>
   <div class='ocr_carea' id='block_1_41' title="bbox 744 2596 2316 2670">
    <p class='ocr_par' dir='ltr' id='par_1_41' title="bbox 744 2596 2316 2670">
     <span class='ocr_line' id='line_1_41' title="bbox 744 2596 2316 2670; baseline 0.004 -21"><span class='ocrx_word' id='word_1_296' title='bbox 744 2596 1090 2667; x_wconf 85' lang='lat' dir='ltr'><strong>prodierunt,</strong></span> <span class='ocrx_word' id='word_1_297' title='bbox 1142 2613 1264 2666; x_wconf 87' lang='lat' dir='ltr'><strong>pag.</strong></span> <span class='ocrx_word' id='word_1_298' title='bbox 1306 2597 1394 2662; x_wconf 78' lang='lat'><strong>53,</strong></span> <span class='ocrx_word' id='word_1_299' title='bbox 1441 2607 1497 2652; x_wconf 90' lang='lat' dir='ltr'><strong>et</strong></span> <span class='ocrx_word' id='word_1_300' title='bbox 1549 2597 1924 2654; x_wconf 85' lang='lat' dir='ltr'><strong>Ferdinandus</strong></span> <span class='ocrx_word' id='word_1_301' title='bbox 1955 2599 2214 2670; x_wconf 84' lang='lat' dir='ltr'><strong>Ughellus</strong></span> <span class='ocrx_word' id='word_1_302' title='bbox 2260 2603 2316 2655; x_wconf 90' lang='lat' dir='ltr'><strong>in</strong></span> 
     </span>
    </p>
   </div>
   <div class='ocr_carea' id='block_1_42' title="bbox 745 2687 2317 2757">
    <p class='ocr_par' dir='ltr' id='par_1_42' title="bbox 745 2687 2317 2757">
     <span class='ocr_line' id='line_1_42' title="bbox 745 2687 2317 2757; baseline 0.002 -15"><span class='ocrx_word' id='word_1_303' title='bbox 745 2704 849 2742; x_wconf 84' lang='lat' dir='ltr'><strong>suo</strong></span> <span class='ocrx_word' id='word_1_304' title='bbox 879 2688 1053 2743; x_wconf 70' lang='lat' dir='ltr'><strong>Italiae</strong></span> <span class='ocrx_word' id='word_1_305' title='bbox 1085 2705 1252 2742; x_wconf 80' lang='lat' dir='ltr'><strong>sacrce</strong></span> <span class='ocrx_word' id='word_1_306' title='bbox 1285 2698 1432 2743; x_wconf 88' lang='lat' dir='ltr'><strong>tomo</strong></span> <span class='ocrx_word' id='word_1_307' title='bbox 1459 2687 1530 2743; x_wconf 78' lang='grc' dir='ltr'><strong>ΙΧ</strong></span> <span class='ocrx_word' id='word_1_308' title='bbox 1558 2689 1708 2744; x_wconf 86' lang='lat' dir='ltr'><strong>edito</strong></span> <span class='ocrx_word' id='word_1_309' title='bbox 1738 2705 1882 2744; x_wconf 85' lang='lat' dir='ltr'><strong>anno</strong></span> <span class='ocrx_word' id='word_1_310' title='bbox 1918 2689 2074 2757; x_wconf 72' lang='grc'><strong>1662,</strong></span> <span class='ocrx_word' id='word_1_311' title='bbox 2113 2691 2317 2746; x_wconf 86' lang='lat' dir='ltr'><strong>habent</strong></span> 
     </span>
    </p>
   </div>
   <div class='ocr_carea' id='block_1_43' title="bbox 744 2781 2315 2854">
    <p class='ocr_par' dir='ltr' id='par_1_43' title="bbox 744 2781 2315 2854">
     <span class='ocr_line' id='line_1_43' title="bbox 744 2781 2315 2854; baseline 0.002 -19"><span class='ocrx_word' id='word_1_312' title='bbox 744 2783 923 2836; x_wconf 76' lang='lat' dir='ltr'><strong>Vitam</strong></span> <span class='ocrx_word' id='word_1_313' title='bbox 959 2781 1012 2836; x_wconf 90' lang='lat' dir='ltr'><strong>S.</strong></span> <span class='ocrx_word' id='word_1_314' title='bbox 1045 2781 1328 2852; x_wconf 85' lang='lat' dir='ltr'><strong>Stephani,</strong></span> <span class='ocrx_word' id='word_1_315' title='bbox 1363 2799 1525 2854; x_wconf 89' lang='lat' dir='ltr'><strong>quam</strong></span> <span class='ocrx_word' id='word_1_316' title='bbox 1566 2785 1775 2853; x_wconf 90' lang='lat' dir='ltr'><strong>primus</strong></span> <span class='ocrx_word' id='word_1_317' title='bbox 1805 2799 1870 2838; x_wconf 79' lang='lat' dir='ltr'><strong>ex</strong></span> <span class='ocrx_word' id='word_1_318' title='bbox 1905 2782 2092 2837; x_wconf 88' lang='lat' dir='ltr'><strong>codice</strong></span> <span class='ocrx_word' id='word_1_319' title='bbox 2127 2783 2315 2838; x_wconf 74' lang='lat' dir='ltr'><strong>Graeco</strong></span> 
     </span>
    </p>
   </div>
   <div class='ocr_carea' id='block_1_44' title="bbox 745 2875 2312 2945">
    <p class='ocr_par' dir='ltr' id='par_1_44' title="bbox 745 2875 2312 2945">
     <span class='ocr_line' id='line_1_44' title="bbox 745 2875 2312 2945; baseline 0.001 -17"><span class='ocrx_word' id='word_1_320' title='bbox 745 2876 1144 2945; x_wconf 85' lang='lat' dir='ltr'><strong>interpretatus</strong></span> <span class='ocrx_word' id='word_1_321' title='bbox 1175 2885 1258 2928; x_wconf 87' lang='lat' dir='ltr'><strong>est</strong></span> <span class='ocrx_word' id='word_1_322' title='bbox 1289 2875 1475 2930; x_wconf 88' lang='lat' dir='ltr'><strong>ltalice</strong></span> <span class='ocrx_word' id='word_1_323' title='bbox 1504 2893 1517 2929; x_wconf 87' lang='lat'><strong>:</strong></span> <span class='ocrx_word' id='word_1_324' title='bbox 1551 2875 1828 2930; x_wconf 89' lang='lat' dir='ltr'><strong>secundus</strong></span> <span class='ocrx_word' id='word_1_325' title='bbox 1863 2883 1917 2928; x_wconf 89' lang='lat' dir='ltr'><strong>et</strong></span> <span class='ocrx_word' id='word_1_326' title='bbox 1949 2885 2178 2945; x_wconf 90' lang='lat' dir='ltr'><strong>quartus</strong></span> <span class='ocrx_word' id='word_1_327' title='bbox 2209 2875 2312 2930; x_wconf 84' lang='lat' dir='ltr'><strong>La-</strong></span> 
     </span>
    </p>
   </div>
   <div class='ocr_carea' id='block_1_45' title="bbox 745 2970 2308 3042">
    <p class='ocr_par' dir='ltr' id='par_1_45' title="bbox 745 2970 2308 3042">
     <span class='ocr_line' id='line_1_45' title="bbox 745 2970 2308 3042; baseline 0.001 -17"><span class='ocrx_word' id='word_1_328' title='bbox 745 2972 915 3026; x_wconf 90' lang='lat' dir='ltr'><strong>tinam</strong></span> <span class='ocrx_word' id='word_1_329' title='bbox 948 2970 1241 3026; x_wconf 90' lang='lat' dir='ltr'><strong>ediderunt</strong></span> <span class='ocrx_word' id='word_1_330' title='bbox 1272 2985 1338 3026; x_wconf 84' lang='lat' dir='ltr'><strong>ex</strong></span> <span class='ocrx_word' id='word_1_331' title='bbox 1366 2974 1470 3026; x_wconf 89' lang='lat' dir='ltr'><strong>alia</strong></span> <span class='ocrx_word' id='word_1_332' title='bbox 1508 2980 1671 3042; x_wconf 89' lang='lat' dir='ltr'><strong>atque</strong></span> <span class='ocrx_word' id='word_1_333' title='bbox 1698 2971 1803 3026; x_wconf 89' lang='lat' dir='ltr'><strong>alia</strong></span> <span class='ocrx_word' id='word_1_334' title='bbox 1832 2971 2308 3042; x_wconf 89' lang='lat' dir='ltr'><strong>interpretatione.</strong></span> 
     </span>
    </p>
   </div>
   <div class='ocr_carea' id='block_1_46' title="bbox 743 3061 2312 3119">
    <p class='ocr_par' dir='ltr' id='par_1_46' title="bbox 743 3061 2312 3119">
     <span class='ocr_line' id='line_1_46' title="bbox 743 3061 2312 3119; baseline 0.003 -5"><span class='ocrx_word' id='word_1_335' title='bbox 743 3065 963 3119; x_wconf 84' lang='lat' dir='ltr'><strong>Tertius</strong></span> <span class='ocrx_word' id='word_1_336' title='bbox 1005 3078 1035 3117; x_wconf 90' lang='lat' dir='ltr'><strong>c</strong></span> <span class='ocrx_word' id='word_1_337' title='bbox 1077 3073 1226 3119; x_wconf 81' lang='lat' dir='ltr'><strong>textu</strong></span> <span class='ocrx_word' id='word_1_338' title='bbox 1262 3063 1455 3116; x_wconf 87' lang='lat' dir='ltr'><strong>Latino</strong></span> <span class='ocrx_word' id='word_1_339' title='bbox 1486 3062 1726 3119; x_wconf 86' lang='lat' dir='ltr'><strong>Italicam</strong></span> <span class='ocrx_word' id='word_1_340' title='bbox 1764 3061 2038 3118; x_wconf 88' lang='lat' dir='ltr'><strong>l&#39;ecitcum</strong></span> <span class='ocrx_word' id='word_1_341' title='bbox 2072 3064 2312 3118; x_wconf 87' lang='lat' dir='ltr'><strong>oratoria</strong></span> 
     </span>
    </p>
   </div>
   <div class='ocr_carea' id='block_1_47' title="bbox 2427 1956 4000 2026">
    <p class='ocr_par' dir='ltr' id='par_1_47' title="bbox 2427 1956 4000 2026">
     <span class='ocr_line' id='line_1_47' title="bbox 2427 1956 4000 2026; baseline 0.001 -15"><span class='ocrx_word' id='word_1_342' title='bbox 2427 1966 2574 2014; x_wconf 80' lang='lat' dir='ltr'><strong>textu</strong></span> <span class='ocrx_word' id='word_1_343' title='bbox 2611 1957 2802 2012; x_wconf 70' lang='lat' dir='ltr'><strong>Graeco</strong></span> <span class='ocrx_word' id='word_1_344' title='bbox 2847 1967 3037 2013; x_wconf 89' lang='lat' dir='ltr'><strong>nostro</strong></span> <span class='ocrx_word' id='word_1_345' title='bbox 3071 1956 3373 2025; x_wconf 89' lang='lat' dir='ltr'><strong>sphalmata</strong></span> <span class='ocrx_word' id='word_1_346' title='bbox 3405 1960 3656 2026; x_wconf 70' lang='lat' dir='ltr'><strong>qumdam</strong></span> <span class='ocrx_word' id='word_1_347' title='bbox 3704 1959 4000 2012; x_wconf 82' lang='lat' dir='ltr'><strong>commissa</strong></span> 
     </span>
    </p>
   </div>
   <div class='ocr_carea' id='block_1_48' title="bbox 2421 2049 3995 2115">
    <p class='ocr_par' dir='ltr' id='par_1_48' title="bbox 2421 2049 3995 2115">
     <span class='ocr_line' id='line_1_48' title="bbox 2421 2049 3995 2115; baseline 0.001 -12"><span class='ocrx_word' id='word_1_348' title='bbox 2421 2065 2563 2113; x_wconf 89' lang='lat' dir='ltr'><strong>esse,</strong></span> <span class='ocrx_word' id='word_1_349' title='bbox 2598 2050 2983 2105; x_wconf 85' lang='lat' dir='ltr'><strong>verosimiiiter</strong></span> <span class='ocrx_word' id='word_1_350' title='bbox 3010 2049 3300 2104; x_wconf 88' lang='lat' dir='ltr'><strong>oscitantia</strong></span> <span class='ocrx_word' id='word_1_351' title='bbox 3327 2050 3560 2115; x_wconf 87' lang='lat' dir='ltr'><strong>librarii,</strong></span> <span class='ocrx_word' id='word_1_352' title='bbox 3599 2051 3707 2106; x_wconf 91' lang='lat' dir='ltr'><strong>illis</strong></span> <span class='ocrx_word' id='word_1_353' title='bbox 3741 2052 3794 2105; x_wconf 93' lang='lat' dir='ltr'><strong>in</strong></span> <span class='ocrx_word' id='word_1_354' title='bbox 3834 2052 3995 2115; x_wconf 82' lang='lat' dir='ltr'><strong>locis,</strong></span> 
     </span>
    </p>
   </div>
   <div class='ocr_carea' id='block_1_49' title="bbox 2425 2139 3998 2213">
    <p class='ocr_par' dir='ltr' id='par_1_49' title="bbox 2425 2139 3998 2213">
     <span class='ocr_line' id='line_1_49' title="bbox 2425 2139 3998 2213; baseline 0.003 -21"><span class='ocrx_word' id='word_1_355' title='bbox 2425 2139 2516 2192; x_wconf 89' lang='lat' dir='ltr'><strong>ubi</strong></span> <span class='ocrx_word' id='word_1_356' title='bbox 2557 2153 2658 2209; x_wconf 85' lang='lat' dir='ltr'><strong>ego</strong></span> <span class='ocrx_word' id='word_1_357' title='bbox 2690 2154 2788 2207; x_wconf 88' lang='lat' dir='ltr'><strong>per</strong></span> <span class='ocrx_word' id='word_1_358' title='bbox 2824 2139 3034 2193; x_wconf 86' lang='lat' dir='ltr'><strong>inclusa</strong></span> <span class='ocrx_word' id='word_1_359' title='bbox 3061 2140 3215 2194; x_wconf 88' lang='lat' dir='ltr'><strong>hisce</strong></span> <span class='ocrx_word' id='word_1_360' title='bbox 3245 2140 3417 2209; x_wconf 88' lang='lat' dir='ltr'><strong>signis</strong></span> <span class='ocrx_word' id='word_1_361' title='bbox 3448 2139 3501 2212; x_wconf 70' lang='grc' dir='ltr'><strong>ι]</strong></span> <span class='ocrx_word' id='word_1_362' title='bbox 3529 2142 3693 2196; x_wconf 91' lang='lat' dir='ltr'><strong>verba</strong></span> <span class='ocrx_word' id='word_1_363' title='bbox 3734 2145 3998 2213; x_wconf 86' lang='lat' dir='ltr'><strong>supplere</strong></span> 
     </span>
    </p>
   </div>
   <div class='ocr_carea' id='block_1_50' title="bbox 2421 2231 3997 2302">
    <p class='ocr_par' dir='ltr' id='par_1_50' title="bbox 2421 2231 3997 2302">
     <span class='ocr_line' id='line_1_50' title="bbox 2421 2231 3997 2302; baseline 0 -15"><span class='ocrx_word' id='word_1_364' title='bbox 2421 2241 2653 2287; x_wconf 86' lang='lat' dir='ltr'><strong>conatus</strong></span> <span class='ocrx_word' id='word_1_365' title='bbox 2685 2245 2827 2286; x_wconf 88' lang='lat' dir='ltr'><strong>sum.</strong></span> <span class='ocrx_word' id='word_1_366' title='bbox 2878 2231 3026 2287; x_wconf 82' lang='lat' dir='ltr'><strong>inter</strong></span> <span class='ocrx_word' id='word_1_367' title='bbox 3075 2248 3211 2302; x_wconf 86' lang='lat' dir='ltr'><strong>quas</strong></span> <span class='ocrx_word' id='word_1_368' title='bbox 3264 2234 3641 2289; x_wconf 89' lang='lat' dir='ltr'><strong>correctiones</strong></span> <span class='ocrx_word' id='word_1_369' title='bbox 3681 2235 3848 2289; x_wconf 91' lang='lat' dir='ltr'><strong>etiam</strong></span> <span class='ocrx_word' id='word_1_370' title='bbox 3891 2245 3997 2300; x_wconf 84' lang='lat' dir='ltr'><strong>est,</strong></span> 
     </span>
    </p>
   </div>
   <div class='ocr_carea' id='block_1_51' title="bbox 2420 2323 3996 2398">
    <p class='ocr_par' dir='ltr' id='par_1_51' title="bbox 2420 2323 3996 2398">
     <span class='ocr_line' id='line_1_51' title="bbox 2420 2323 3996 2398; baseline 0.004 -23"><span class='ocrx_word' id='word_1_371' title='bbox 2420 2323 2564 2392; x_wconf 91' lang='lat' dir='ltr'><strong>quod</strong></span> <span class='ocrx_word' id='word_1_372' title='bbox 2599 2327 2819 2378; x_wconf 90' lang='lat' dir='ltr'><strong>tertium</strong></span> <span class='ocrx_word' id='word_1_373' title='bbox 2869 2340 3068 2380; x_wconf 87' lang='lat' dir='ltr'><strong>nomen</strong></span> <span class='ocrx_word' id='word_1_374' title='bbox 3111 2325 3428 2391; x_wconf 90' lang='lat' dir='ltr'><strong>mulierum,</strong></span> <span class='ocrx_word' id='word_1_375' title='bbox 3471 2328 3631 2382; x_wconf 87' lang='lat' dir='ltr'><strong>simul</strong></span> <span class='ocrx_word' id='word_1_376' title='bbox 3682 2345 3996 2398; x_wconf 84' lang='lat' dir='ltr'><strong>passarum,</strong></span> 
     </span>
    </p>
   </div>
   <div class='ocr_carea' id='block_1_52' title="bbox 2421 2415 3998 2484">
    <p class='ocr_par' dir='ltr' id='par_1_52' title="bbox 2421 2415 3998 2484">
     <span class='ocr_line' id='line_1_52' title="bbox 2421 2415 3998 2484; baseline 0.004 -17"><span class='ocrx_word' id='word_1_377' title='bbox 2421 2415 2692 2484; x_wconf 83' lang='lat' dir='ltr'><strong>Perpetua</strong></span> <span class='ocrx_word' id='word_1_378' title='bbox 2738 2415 3175 2480; x_wconf 86' lang='lat' dir='ltr'><strong>desiderabatur,</strong></span> <span class='ocrx_word' id='word_1_379' title='bbox 3227 2433 3348 2484; x_wconf 66' lang='lat' dir='ltr'><strong>quae</strong></span> <span class='ocrx_word' id='word_1_380' title='bbox 3399 2417 3454 2471; x_wconf 93' lang='lat' dir='ltr'><strong>in</strong></span> <span class='ocrx_word' id='word_1_381' title='bbox 3493 2418 3680 2474; x_wconf 89' lang='lat' dir='ltr'><strong>italico</strong></span> <span class='ocrx_word' id='word_1_382' title='bbox 3710 2428 3768 2474; x_wconf 87' lang='lat' dir='ltr'><strong>et</strong></span> <span class='ocrx_word' id='word_1_383' title='bbox 3799 2421 3998 2475; x_wconf 84' lang='lat' dir='ltr'><strong>Latino</strong></span> 
     </span>
    </p>
   </div>
   <div class='ocr_carea' id='block_1_53' title="bbox 2420 2505 3996 2576">
    <p class='ocr_par' dir='ltr' id='par_1_53' title="bbox 2420 2505 3996 2576">
     <span class='ocr_line' id='line_1_53' title="bbox 2420 2505 3996 2576; baseline 0.003 -16"><span class='ocrx_word' id='word_1_384' title='bbox 2420 2505 2605 2560; x_wconf 72' lang='lat' dir='ltr'><strong>Sueraa</strong></span> <span class='ocrx_word' id='word_1_385' title='bbox 2634 2506 2917 2576; x_wconf 85' lang='lat' dir='ltr'><strong>episcopo,</strong></span> <span class='ocrx_word' id='word_1_386' title='bbox 2943 2509 3137 2576; x_wconf 84' lang='lat' dir='ltr'><strong>Agneti</strong></span> <span class='ocrx_word' id='word_1_387' title='bbox 3155 2516 3208 2562; x_wconf 86' lang='lat' dir='ltr'><strong>et</strong></span> <span class='ocrx_word' id='word_1_388' title='bbox 3227 2507 3497 2562; x_wconf 84' lang='lat' dir='ltr'><strong>Felicitati</strong></span> <span class='ocrx_word' id='word_1_389' title='bbox 3526 2510 3996 2564; x_wconf 77' lang='lat' dir='ltr'><strong>subnectitur.Ex</strong></span> 
     </span>
    </p>
   </div>
   <div class='ocr_carea' id='block_1_54' title="bbox 2421 2603 3997 2674">
    <p class='ocr_par' dir='ltr' id='par_1_54' title="bbox 2421 2603 3997 2674">
     <span class='ocr_line' id='line_1_54' title="bbox 2421 2603 3997 2674; baseline 0.003 -19"><span class='ocrx_word' id='word_1_390' title='bbox 2421 2603 2505 2656; x_wconf 86' lang='lat' dir='ltr'><strong>his</strong></span> <span class='ocrx_word' id='word_1_391' title='bbox 2542 2611 2724 2657; x_wconf 88' lang='lat' dir='ltr'><strong>autem</strong></span> <span class='ocrx_word' id='word_1_392' title='bbox 2758 2603 2894 2672; x_wconf 90' lang='lat' dir='ltr'><strong>ipsis</strong></span> <span class='ocrx_word' id='word_1_393' title='bbox 2923 2604 3240 2657; x_wconf 89' lang='lat' dir='ltr'><strong>nominibus</strong></span> <span class='ocrx_word' id='word_1_394' title='bbox 3277 2603 3505 2658; x_wconf 90' lang='lat' dir='ltr'><strong>dubium</strong></span> <span class='ocrx_word' id='word_1_395' title='bbox 3536 2604 3670 2659; x_wconf 91' lang='lat' dir='ltr'><strong>oriri</strong></span> <span class='ocrx_word' id='word_1_396' title='bbox 3697 2604 3897 2674; x_wconf 85' lang='lat' dir='ltr'><strong>possit,</strong></span> <span class='ocrx_word' id='word_1_397' title='bbox 3930 2622 3997 2659; x_wconf 87' lang='lat' dir='ltr'><strong>an</strong></span> 
     </span>
    </p>
   </div>
   <div class='ocr_carea' id='block_1_55' title="bbox 2418 2693 4000 2766">
    <p class='ocr_par' dir='ltr' id='par_1_55' title="bbox 2418 2693 4000 2766">
     <span class='ocr_line' id='line_1_55' title="bbox 2418 2693 4000 2766; baseline 0.003 -21"><span class='ocrx_word' id='word_1_398' title='bbox 2418 2709 2608 2746; x_wconf 88' lang='lat' dir='ltr'><strong>omnes</strong></span> <span class='ocrx_word' id='word_1_399' title='bbox 2653 2693 2741 2747; x_wconf 89' lang='lat' dir='ltr'><strong>isti</strong></span> <span class='ocrx_word' id='word_1_400' title='bbox 2779 2710 2884 2746; x_wconf 88' lang='lat' dir='ltr'><strong>una</strong></span> <span class='ocrx_word' id='word_1_401' title='bbox 2921 2709 3044 2747; x_wconf 91' lang='lat' dir='ltr'><strong>cum</strong></span> <span class='ocrx_word' id='word_1_402' title='bbox 3073 2695 3348 2764; x_wconf 87' lang='lat' dir='ltr'><strong>Stephano</strong></span> <span class='ocrx_word' id='word_1_403' title='bbox 3379 2698 3525 2766; x_wconf 89' lang='lat' dir='ltr'><strong>passi</strong></span> <span class='ocrx_word' id='word_1_404' title='bbox 3558 2695 3764 2751; x_wconf 82' lang='lat' dir='ltr'><strong>fuerint</strong></span> <span class='ocrx_word' id='word_1_405' title='bbox 3795 2698 4000 2751; x_wconf 59' lang='lat' dir='ltr'><strong>saculo</strong></span> 
     </span>
    </p>
   </div>
   <div class='ocr_carea' id='block_1_56' title="bbox 2416 2783 3998 2858">
    <p class='ocr_par' dir='ltr' id='par_1_56' title="bbox 2416 2783 3998 2858">
     <span class='ocr_line' id='line_1_56' title="bbox 2416 2783 3998 2858; baseline 0.001 -18"><span class='ocrx_word' id='word_1_406' title='bbox 2416 2783 2618 2840; x_wconf 88' lang='lat' dir='ltr'><strong>Christi</strong></span> <span class='ocrx_word' id='word_1_407' title='bbox 2652 2785 2846 2858; x_wconf 90' lang='lat' dir='ltr'><strong>primo.</strong></span> <span class='ocrx_word' id='word_1_408' title='bbox 2878 2788 3013 2840; x_wconf 83' lang='lat' dir='ltr'><strong>Acta</strong></span> <span class='ocrx_word' id='word_1_409' title='bbox 3037 2787 3283 2856; x_wconf 89' lang='lat' dir='ltr'><strong>quidem,</strong></span> <span class='ocrx_word' id='word_1_410' title='bbox 3309 2790 3474 2842; x_wconf 90' lang='lat' dir='ltr'><strong>etiam</strong></span> <span class='ocrx_word' id='word_1_411' title='bbox 3508 2789 3714 2854; x_wconf 69' lang='lat' dir='ltr'><strong>Grzeca,</strong></span> <span class='ocrx_word' id='word_1_412' title='bbox 3743 2806 3856 2843; x_wconf 91' lang='lat' dir='ltr'><strong>non</strong></span> <span class='ocrx_word' id='word_1_413' title='bbox 3890 2802 3998 2843; x_wconf 90' lang='lat' dir='ltr'><strong>tam</strong></span> 
     </span>
    </p>
   </div>
   <div class='ocr_carea' id='block_1_57' title="bbox 2417 2879 3998 2950">
    <p class='ocr_par' dir='ltr' id='par_1_57' title="bbox 2417 2879 3998 2950">
     <span class='ocr_line' id='line_1_57' title="bbox 2417 2879 3998 2950; baseline 0.004 -18"><span class='ocrx_word' id='word_1_414' title='bbox 2417 2879 2642 2948; x_wconf 89' lang='lat' dir='ltr'><strong>antiqua</strong></span> <span class='ocrx_word' id='word_1_415' title='bbox 2684 2889 2832 2944; x_wconf 89' lang='lat' dir='ltr'><strong>sunt,</strong></span> <span class='ocrx_word' id='word_1_416' title='bbox 2861 2894 2962 2934; x_wconf 91' lang='lat' dir='ltr'><strong>nec</strong></span> <span class='ocrx_word' id='word_1_417' title='bbox 3012 2881 3158 2944; x_wconf 89' lang='lat' dir='ltr'><strong>talia,</strong></span> <span class='ocrx_word' id='word_1_418' title='bbox 3201 2891 3260 2935; x_wconf 92' lang='lat' dir='ltr'><strong>ut</strong></span> <span class='ocrx_word' id='word_1_419' title='bbox 3304 2881 3437 2935; x_wconf 93' lang='lat' dir='ltr'><strong>illud</strong></span> <span class='ocrx_word' id='word_1_420' title='bbox 3485 2884 3617 2950; x_wconf 89' lang='lat' dir='ltr'><strong>ipsis</strong></span> <span class='ocrx_word' id='word_1_421' title='bbox 3666 2892 3786 2936; x_wconf 89' lang='lat' dir='ltr'><strong>tuto</strong></span> <span class='ocrx_word' id='word_1_422' title='bbox 3842 2883 3998 2938; x_wconf 89' lang='lat' dir='ltr'><strong>credi</strong></span> 
     </span>
    </p>
   </div>
   <div class='ocr_carea' id='block_1_58' title="bbox 2416 2969 3989 3043">
    <p class='ocr_par' dir='ltr' id='par_1_58' title="bbox 2416 2969 3989 3043">
     <span class='ocr_line' id='line_1_58' title="bbox 2416 2969 3989 3043; baseline 0.003 -21"><span class='ocrx_word' id='word_1_423' title='bbox 2416 2971 2604 3039; x_wconf 88' lang='lat' dir='ltr'><strong>possit.</strong></span> <span class='ocrx_word' id='word_1_424' title='bbox 2639 2969 2976 3025; x_wconf 87' lang='lat' dir='ltr'><strong>Testimonia</strong></span> <span class='ocrx_word' id='word_1_425' title='bbox 3015 2971 3501 3043; x_wconf 80' lang='lat' dir='ltr'><strong>Martyrologorum</strong></span> <span class='ocrx_word' id='word_1_426' title='bbox 3527 2973 3675 3026; x_wconf 88' lang='lat' dir='ltr'><strong>nulla</strong></span> <span class='ocrx_word' id='word_1_427' title='bbox 3703 2975 3989 3042; x_wconf 86' lang='lat' dir='ltr'><strong>reperiun-</strong></span> 
     </span>
    </p>
   </div>
   <div class='ocr_carea' id='block_1_59' title="bbox 2417 3059 3998 3133">
    <p class='ocr_par' dir='ltr' id='par_1_59' title="bbox 2417 3059 3998 3133">
     <span class='ocr_line' id='line_1_59' title="bbox 2417 3059 3998 3133; baseline 0.003 -20"><span class='ocrx_word' id='word_1_428' title='bbox 2417 3071 2524 3113; x_wconf 93' lang='lat' dir='ltr'><strong>tur.</strong></span> <span class='ocrx_word' id='word_1_429' title='bbox 2559 3059 2756 3115; x_wconf 90' lang='lat' dir='ltr'><strong>Cultus</strong></span> <span class='ocrx_word' id='word_1_430' title='bbox 2788 3076 2891 3115; x_wconf 90' lang='lat' dir='ltr'><strong>nec</strong></span> <span class='ocrx_word' id='word_1_431' title='bbox 2924 3063 3079 3116; x_wconf 91' lang='lat' dir='ltr'><strong>valde</strong></span> <span class='ocrx_word' id='word_1_432' title='bbox 3111 3064 3373 3132; x_wconf 89' lang='lat' dir='ltr'><strong>antiquus</strong></span> <span class='ocrx_word' id='word_1_433' title='bbox 3420 3064 3564 3133; x_wconf 91' lang='lat' dir='ltr'><strong>apud</strong></span> <span class='ocrx_word' id='word_1_434' title='bbox 3605 3064 3858 3128; x_wconf 88' lang='lat' dir='ltr'><strong>Latinos,</strong></span> <span class='ocrx_word' id='word_1_435' title='bbox 3896 3082 3998 3118; x_wconf 78' lang='lat' dir='ltr'><strong>nec</strong></span> 
     </span>
    </p>
   </div>
   <div class='ocr_carea' id='block_1_60' title="bbox 745 3152 3999 3235">
    <p class='ocr_par' dir='ltr' id='par_1_60' title="bbox 745 3152 3999 3235">
     <span class='ocr_line' id='line_1_60' title="bbox 745 3152 3999 3235; baseline 0.002 -28"><span class='ocrx_word' id='word_1_436' title='bbox 745 3155 1189 3226; x_wconf 85' lang='lat' dir='ltr'><strong>interpolatione.</strong></span> <span class='ocrx_word' id='word_1_437' title='bbox 1221 3154 1428 3209; x_wconf 87' lang='lat' dir='ltr'><strong>Horum</strong></span> <span class='ocrx_word' id='word_1_438' title='bbox 1469 3169 1572 3225; x_wconf 86' lang='lat' dir='ltr'><strong>ego</strong></span> <span class='ocrx_word' id='word_1_439' title='bbox 1602 3155 1938 3210; x_wconf 85' lang='lat' dir='ltr'><strong>editionibus</strong></span> <span class='ocrx_word' id='word_1_440' title='bbox 1971 3155 2115 3211; x_wconf 89' lang='lat' dir='ltr'><strong>inter</strong></span> <span class='ocrx_word' id='word_1_441' title='bbox 2158 3170 2215 3211; x_wconf 87' lang='lat' dir='ltr'><strong>se</strong></span> <span class='ocrx_word' id='word_1_442' title='bbox 2258 3165 2313 3213; x_wconf 89' lang='lat' dir='ltr'><strong>et</strong></span> <span class='ocrx_word' id='word_1_443' title='bbox 2343 3180 2385 3235; x_wconf 70' lang='grc' dir='ltr'>ο</span> <span class='ocrx_word' id='word_1_444' title='bbox 2419 3154 2576 3208; x_wconf 82' lang='lat' dir='ltr'><strong>valde</strong></span> <span class='ocrx_word' id='word_1_445' title='bbox 2605 3153 2839 3208; x_wconf 87' lang='lat' dir='ltr'><strong>celebris</strong></span> <span class='ocrx_word' id='word_1_446' title='bbox 2877 3152 2980 3209; x_wconf 78' lang='lat' dir='ltr'><strong>fuit</strong></span> <span class='ocrx_word' id='word_1_447' title='bbox 3015 3163 3142 3208; x_wconf 88' lang='lat' dir='ltr'><strong>ante</strong></span> <span class='ocrx_word' id='word_1_448' title='bbox 3173 3156 3429 3210; x_wconf 80' lang='lat' dir='ltr'><strong>saeculum</strong></span> <span class='ocrx_word' id='word_1_449' title='bbox 3462 3172 3571 3210; x_wconf 82' lang='lat' dir='ltr'><strong>xvn</strong></span> <span class='ocrx_word' id='word_1_450' title='bbox 3619 3157 3850 3224; x_wconf 83' lang='lat' dir='ltr'><strong>quando</strong></span> <span class='ocrx_word' id='word_1_451' title='bbox 3880 3159 3999 3227; x_wconf 83' lang='lat' dir='ltr'><strong>ejus</strong></span> 
     </span>
    </p>
   </div>
   <div class='ocr_carea' id='block_1_61' title="bbox 748 3246 2315 3319">
    <p class='ocr_par' dir='ltr' id='par_1_61' title="bbox 748 3246 2315 3319">
     <span class='ocr_line' id='line_1_61' title="bbox 748 3246 2315 3319; baseline 0.001 -18"><span class='ocrx_word' id='word_1_452' title='bbox 748 3263 868 3301; x_wconf 89' lang='lat' dir='ltr'><strong>cum</strong></span> <span class='ocrx_word' id='word_1_453' title='bbox 902 3256 1049 3301; x_wconf 79' lang='lat' dir='ltr'><strong>textu</strong></span> <span class='ocrx_word' id='word_1_454' title='bbox 1085 3255 1272 3302; x_wconf 89' lang='lat' dir='ltr'><strong>nostro</strong></span> <span class='ocrx_word' id='word_1_455' title='bbox 1311 3246 1495 3302; x_wconf 68' lang='lat' dir='ltr'><strong>Gnaeo</strong></span> <span class='ocrx_word' id='word_1_456' title='bbox 1525 3247 1756 3314; x_wconf 86' lang='lat' dir='ltr'><strong>collatis,</strong></span> <span class='ocrx_word' id='word_1_457' title='bbox 1786 3263 2096 3319; x_wconf 88' lang='lat' dir='ltr'><strong>quanquam</strong></span> <span class='ocrx_word' id='word_1_458' title='bbox 2122 3249 2315 3304; x_wconf 90' lang='lat' dir='ltr'><strong>eodem</strong></span> 
     </span>
    </p>
   </div>
   <div class='ocr_carea' id='block_1_62' title="bbox 743 3339 2315 3412">
    <p class='ocr_par' dir='ltr' id='par_1_62' title="bbox 743 3339 2315 3412">
     <span class='ocr_line' id='line_1_62' title="bbox 743 3339 2315 3412; baseline 0.001 -18"><span class='ocrx_word' id='word_1_459' title='bbox 743 3340 859 3400; x_wconf 72' lang='lat' dir='ltr'><strong>fere</strong></span> <span class='ocrx_word' id='word_1_460' title='bbox 894 3340 1140 3394; x_wconf 85' lang='lat' dir='ltr'><strong>recidant</strong></span> <span class='ocrx_word' id='word_1_461' title='bbox 1169 3339 1373 3404; x_wconf 86' lang='lat' dir='ltr'><strong>omnia,</strong></span> <span class='ocrx_word' id='word_1_462' title='bbox 1400 3339 1563 3393; x_wconf 88' lang='lat' dir='ltr'><strong>malui</strong></span> <span class='ocrx_word' id='word_1_463' title='bbox 1599 3350 1778 3394; x_wconf 85' lang='lat' dir='ltr'><strong>tamen</strong></span> <span class='ocrx_word' id='word_1_464' title='bbox 1814 3357 2012 3396; x_wconf 88' lang='lat' dir='ltr'><strong>novam</strong></span> <span class='ocrx_word' id='word_1_465' title='bbox 2046 3341 2315 3412; x_wconf 87' lang='lat' dir='ltr'><strong>interpre-</strong></span> 
     </span>
    </p>
   </div>
   <div class='ocr_carea' id='block_1_63' title="bbox 744 3431 2314 3500">
    <p class='ocr_par' dir='ltr' id='par_1_63' title="bbox 744 3431 2314 3500">
     <span class='ocr_line' id='line_1_63' title="bbox 744 3431 2314 3500; baseline 0.001 -14"><span class='ocrx_word' id='word_1_466' title='bbox 744 3432 1010 3486; x_wconf 78' lang='lat' dir='ltr'><strong>tationem</strong></span> <span class='ocrx_word' id='word_1_467' title='bbox 1040 3431 1238 3495; x_wconf 87' lang='lat' dir='ltr'><strong>l‘acere,</strong></span> <span class='ocrx_word' id='word_1_468' title='bbox 1270 3433 1614 3487; x_wconf 81' lang='lat' dir='ltr'><strong>consimilem</strong></span> <span class='ocrx_word' id='word_1_469' title='bbox 1650 3443 1836 3487; x_wconf 90' lang='lat' dir='ltr'><strong>nostro</strong></span> <span class='ocrx_word' id='word_1_470' title='bbox 1870 3449 1975 3488; x_wconf 91' lang='lat' dir='ltr'><strong>ms.</strong></span> <span class='ocrx_word' id='word_1_471' title='bbox 2007 3432 2215 3500; x_wconf 76' lang='lat' dir='ltr'><strong>Graeco,</strong></span> <span class='ocrx_word' id='word_1_472' title='bbox 2248 3435 2314 3488; x_wconf 90' lang='lat' dir='ltr'><strong>il-</strong></span> 
     </span>
    </p>
   </div>
   <div class='ocr_carea' id='block_1_64' title="bbox 748 3523 2315 3596">
    <p class='ocr_par' dir='ltr' id='par_1_64' title="bbox 748 3523 2315 3596">
     <span class='ocr_line' id='line_1_64' title="bbox 748 3523 2315 3596; baseline 0 -16"><span class='ocrx_word' id='word_1_473' title='bbox 748 3526 964 3592; x_wconf 78' lang='lat' dir='ltr'><strong>iamque</strong></span> <span class='ocrx_word' id='word_1_474' title='bbox 1003 3523 1164 3577; x_wconf 89' lang='lat' dir='ltr'><strong>simul</strong></span> <span class='ocrx_word' id='word_1_475' title='bbox 1200 3524 1540 3593; x_wconf 85' lang='lat' dir='ltr'><strong>imprimere,</strong></span> <span class='ocrx_word' id='word_1_476' title='bbox 1585 3533 1645 3578; x_wconf 92' lang='lat' dir='ltr'><strong>ut</strong></span> <span class='ocrx_word' id='word_1_477' title='bbox 1675 3525 1860 3579; x_wconf 88' lang='lat' dir='ltr'><strong>omnia</strong></span> <span class='ocrx_word' id='word_1_478' title='bbox 1891 3527 2060 3596; x_wconf 87' lang='lat' dir='ltr'><strong>magis</strong></span> <span class='ocrx_word' id='word_1_479' title='bbox 2084 3528 2315 3580; x_wconf 80' lang='lat' dir='ltr'><strong>authen-</strong></span> 
     </span>
    </p>
   </div>
   <div class='ocr_carea' id='block_1_65' title="bbox 749 3615 2311 3689">
    <p class='ocr_par' dir='ltr' id='par_1_65' title="bbox 749 3615 2311 3689">
     <span class='ocr_line' id='line_1_65' title="bbox 749 3615 2311 3689; baseline 0.003 -19"><span class='ocrx_word' id='word_1_480' title='bbox 749 3618 853 3671; x_wconf 90' lang='lat' dir='ltr'><strong>tica</strong></span> <span class='ocrx_word' id='word_1_481' title='bbox 878 3617 1006 3671; x_wconf 87' lang='lat' dir='ltr'><strong>sint.</strong></span> <span class='ocrx_word' id='word_1_482' title='bbox 1042 3616 1223 3673; x_wconf 87' lang='lat' dir='ltr'><strong>Editio</strong></span> <span class='ocrx_word' id='word_1_483' title='bbox 1248 3615 1459 3687; x_wconf 86' lang='lat' dir='ltr'><strong>Ughelli</strong></span> <span class='ocrx_word' id='word_1_484' title='bbox 1497 3619 1725 3689; x_wconf 86' lang='lat' dir='ltr'><strong>propius</strong></span> <span class='ocrx_word' id='word_1_485' title='bbox 1748 3618 1952 3674; x_wconf 88' lang='lat' dir='ltr'><strong>insistit</strong></span> <span class='ocrx_word' id='word_1_486' title='bbox 1991 3631 2181 3676; x_wconf 87' lang='lat' dir='ltr'><strong>nostro</strong></span> <span class='ocrx_word' id='word_1_487' title='bbox 2211 3637 2311 3675; x_wconf 87' lang='lat' dir='ltr'><strong>ms.</strong></span> 
     </span>
    </p>
   </div>
   <div class='ocr_carea' id='block_1_66' title="bbox 748 3708 2315 3782">
    <p class='ocr_par' dir='ltr' id='par_1_66' title="bbox 748 3708 2315 3782">
     <span class='ocr_line' id='line_1_66' title="bbox 748 3708 2315 3782; baseline 0.001 -18"><span class='ocrx_word' id='word_1_488' title='bbox 748 3708 933 3764; x_wconf 74' lang='lat' dir='ltr'><strong>Graeco</strong></span> <span class='ocrx_word' id='word_1_489' title='bbox 970 3727 984 3763; x_wconf 87' lang='lat'><strong>:</strong></span> <span class='ocrx_word' id='word_1_490' title='bbox 1020 3709 1357 3766; x_wconf 80' lang='lat' dir='ltr'><strong>Mar-allatina</strong></span> <span class='ocrx_word' id='word_1_491' title='bbox 1389 3720 1444 3764; x_wconf 90' lang='lat' dir='ltr'><strong>et</strong></span> <span class='ocrx_word' id='word_1_492' title='bbox 1475 3710 1744 3764; x_wconf 86' lang='lat' dir='ltr'><strong>Politiana</strong></span> <span class='ocrx_word' id='word_1_493' title='bbox 1773 3709 1826 3764; x_wconf 91' lang='lat' dir='ltr'><strong>in</strong></span> <span class='ocrx_word' id='word_1_494' title='bbox 1853 3712 2044 3780; x_wconf 86' lang='lat' dir='ltr'><strong>paucis</strong></span> <span class='ocrx_word' id='word_1_495' title='bbox 2065 3711 2315 3782; x_wconf 69' lang='lat' dir='ltr'><strong>aliquano</strong></span> 
     </span>
    </p>
   </div>
   <div class='ocr_carea' id='block_1_67' title="bbox 748 3801 2316 3873">
    <p class='ocr_par' dir='ltr' id='par_1_67' title="bbox 748 3801 2316 3873">
     <span class='ocr_line' id='line_1_67' title="bbox 748 3801 2316 3873; baseline -0.004 -12"><span class='ocrx_word' id='word_1_496' title='bbox 748 3803 862 3861; x_wconf 75' lang='lat' dir='ltr'><strong>tum</strong></span> <span class='ocrx_word' id='word_1_497' title='bbox 885 3801 1234 3868; x_wconf 86' lang='lat' dir='ltr'><strong>discordant;</strong></span> <span class='ocrx_word' id='word_1_498' title='bbox 1258 3810 1313 3856; x_wconf 90' lang='lat' dir='ltr'><strong>et</strong></span> <span class='ocrx_word' id='word_1_499' title='bbox 1343 3802 1396 3855; x_wconf 94' lang='lat' dir='ltr'><strong>in</strong></span> <span class='ocrx_word' id='word_1_500' title='bbox 1419 3801 1512 3856; x_wconf 92' lang='lat' dir='ltr'><strong>illo</strong></span> <span class='ocrx_word' id='word_1_501' title='bbox 1533 3803 1830 3872; x_wconf 62' lang='lat' dir='ltr'><strong>pracipue.</strong></span> <span class='ocrx_word' id='word_1_502' title='bbox 1855 3804 1999 3873; x_wconf 89' lang='lat' dir='ltr'><strong>quod</strong></span> <span class='ocrx_word' id='word_1_503' title='bbox 2029 3804 2316 3872; x_wconf 88' lang='lat' dir='ltr'><strong>designent</strong></span> 
     </span>
    </p>
   </div>
   <div class='ocr_carea' id='block_1_68' title="bbox 743 3890 2313 3964">
    <p class='ocr_par' dir='ltr' id='par_1_68' title="bbox 743 3890 2313 3964">
     <span class='ocr_line' id='line_1_68' title="bbox 743 3890 2313 3964; baseline -0.003 -14"><span class='ocrx_word' id='word_1_504' title='bbox 743 3895 889 3950; x_wconf 87' lang='lat' dir='ltr'><strong>diem</strong></span> <span class='ocrx_word' id='word_1_505' title='bbox 961 3893 1211 3964; x_wconf 77' lang='lat' dir='ltr'><strong>martyrii</strong></span> <span class='ocrx_word' id='word_1_506' title='bbox 1264 3893 1557 3964; x_wconf 88' lang='lat' dir='ltr'><strong>septimum</strong></span> <span class='ocrx_word' id='word_1_507' title='bbox 1608 3893 1770 3960; x_wconf 83' lang='lat' dir='ltr'><strong>Julii;</strong></span> <span class='ocrx_word' id='word_1_508' title='bbox 1826 3907 1988 3963; x_wconf 91' lang='lat' dir='ltr'><strong>quem</strong></span> <span class='ocrx_word' id='word_1_509' title='bbox 2033 3890 2313 3964; x_wconf 86' lang='lat' dir='ltr'><strong>Ughellus,</strong></span> 
     </span>
    </p>
   </div>
   <div class='ocr_carea' id='block_1_69' title="bbox 748 3983 2310 4053">
    <p class='ocr_par' dir='ltr' id='par_1_69' title="bbox 748 3983 2310 4053">
     <span class='ocr_line' id='line_1_69' title="bbox 748 3983 2310 4053; baseline -0.003 -13"><span class='ocrx_word' id='word_1_510' title='bbox 748 3997 934 4042; x_wconf 88' lang='lat' dir='ltr'><strong>noster</strong></span> <span class='ocrx_word' id='word_1_511' title='bbox 971 3995 1151 4039; x_wconf 79' lang='lat' dir='ltr'><strong>textus</strong></span> <span class='ocrx_word' id='word_1_512' title='bbox 1182 3983 1424 4050; x_wconf 73' lang='lat' dir='ltr'><strong>Grazcus,</strong></span> <span class='ocrx_word' id='word_1_513' title='bbox 1459 3983 1660 4039; x_wconf 70' lang='lat' dir='ltr'><strong>Menses</strong></span> <span class='ocrx_word' id='word_1_514' title='bbox 1699 3996 1756 4040; x_wconf 85' lang='lat' dir='ltr'><strong>et</strong></span> <span class='ocrx_word' id='word_1_515' title='bbox 1794 3985 2093 4053; x_wconf 79' lang='lat' dir='ltr'><strong>Menologia</strong></span> <span class='ocrx_word' id='word_1_516' title='bbox 2124 3986 2310 4048; x_wconf 83' lang='lat' dir='ltr'><strong>citata,</strong></span> 
     </span>
    </p>
   </div>
   <div class='ocr_carea' id='block_1_70' title="bbox 749 4078 1819 4147">
    <p class='ocr_par' dir='ltr' id='par_1_70' title="bbox 749 4078 1819 4147">
     <span class='ocr_line' id='line_1_70' title="bbox 749 4078 1819 4147; baseline -0.006 -10"><span class='ocrx_word' id='word_1_517' title='bbox 749 4079 1082 4137; x_wconf 81' lang='lat' dir='ltr'><strong>unanimiter</strong></span> <span class='ocrx_word' id='word_1_518' title='bbox 1110 4085 1370 4134; x_wconf 85' lang='lat' dir='ltr'><strong>asserunt</strong></span> <span class='ocrx_word' id='word_1_519' title='bbox 1391 4078 1644 4147; x_wconf 88' lang='lat' dir='ltr'><strong>quintum</strong></span> <span class='ocrx_word' id='word_1_520' title='bbox 1670 4078 1819 4134; x_wconf 78' lang='lat' dir='ltr'><strong>Julii.</strong></span> 
     </span>
    </p>
   </div>
   <div class='ocr_carea' id='block_1_71' title="bbox 816 4167 2312 4238">
    <p class='ocr_par' dir='ltr' id='par_1_71' title="bbox 816 4167 2312 4238">
     <span class='ocr_line' id='line_1_71' title="bbox 816 4167 2312 4238; baseline -0.001 -17"><span class='ocrx_word' id='word_1_521' title='bbox 816 4171 853 4221; x_wconf 86' lang='grc'>7</span> <span class='ocrx_word' id='word_1_522' title='bbox 898 4168 1186 4225; x_wconf 86' lang='lat' dir='ltr'><strong>Cornelius</strong></span> <span class='ocrx_word' id='word_1_523' title='bbox 1232 4183 1261 4224; x_wconf 87' lang='lat' dir='ltr'><strong>a</strong></span> <span class='ocrx_word' id='word_1_524' title='bbox 1291 4167 1495 4238; x_wconf 86' lang='lat' dir='ltr'><strong>Lapide</strong></span> <span class='ocrx_word' id='word_1_525' title='bbox 1531 4169 1584 4221; x_wconf 89' lang='lat' dir='ltr'><strong>in</strong></span> <span class='ocrx_word' id='word_1_526' title='bbox 1617 4169 1749 4222; x_wconf 86' lang='lat' dir='ltr'><strong>Acta</strong></span> <span class='ocrx_word' id='word_1_527' title='bbox 1780 4170 2148 4237; x_wconf 84' lang='lat' dir='ltr'><strong>apostolorum</strong></span> <span class='ocrx_word' id='word_1_528' title='bbox 2193 4185 2312 4237; x_wconf 68' lang='lat' dir='ltr'><strong>cap.</strong></span> 
     </span>
    </p>
   </div>
   <div class='ocr_carea' id='block_1_72' title="bbox 744 4259 2314 4326">
    <p class='ocr_par' dir='ltr' id='par_1_72' title="bbox 744 4259 2314 4326">
     <span class='ocr_line' id='line_1_72' title="bbox 744 4259 2314 4326; baseline -0.004 -8"><span class='ocrx_word' id='word_1_529' title='bbox 744 4264 939 4318; x_wconf 88' lang='lat' dir='ltr'><strong>ultimo</strong></span> <span class='ocrx_word' id='word_1_530' title='bbox 986 4262 1051 4315; x_wconf 92' lang='lat' dir='ltr'><strong>ad</strong></span> <span class='ocrx_word' id='word_1_531' title='bbox 1096 4259 1186 4316; x_wconf 88' lang='lat' dir='ltr'><strong>illa</strong></span> <span class='ocrx_word' id='word_1_532' title='bbox 1236 4262 1427 4324; x_wconf 83' lang='lat' dir='ltr'><strong>verba,</strong></span> <span class='ocrx_word' id='word_1_533' title='bbox 1485 4259 1792 4314; x_wconf 68' lang='lat' dir='ltr'><strong>Dct&#39;ettt&#39;mus</strong></span> <span class='ocrx_word' id='word_1_534' title='bbox 1843 4259 2124 4326; x_wconf 74' lang='lat' dir='ltr'><strong>Rhegium,</strong></span> <span class='ocrx_word' id='word_1_535' title='bbox 2166 4278 2314 4315; x_wconf 85' lang='lat' dir='ltr'><strong>com—</strong></span> 
     </span>
    </p>
   </div>
   <div class='ocr_carea' id='block_1_73' title="bbox 749 4337 2316 4420">
    <p class='ocr_par' dir='ltr' id='par_1_73' title="bbox 749 4337 2316 4420">
     <span class='ocr_line' id='line_1_73' title="bbox 749 4337 2316 4420; baseline -0.004 -10"><span class='ocrx_word' id='word_1_536' title='bbox 749 4363 1022 4419; x_wconf 86' lang='lat' dir='ltr'><strong>mentans,</strong></span> <span class='ocrx_word' id='word_1_537' title='bbox 1049 4355 1199 4408; x_wconf 90' lang='lat' dir='ltr'><strong>varia</strong></span> <span class='ocrx_word' id='word_1_538' title='bbox 1251 4351 1436 4416; x_wconf 86' lang='lat' dir='ltr'><strong>habet,</strong></span> <span class='ocrx_word' id='word_1_539' title='bbox 1473 4367 1592 4420; x_wconf 68' lang='lat' dir='ltr'><strong>quae</strong></span> <span class='ocrx_word' id='word_1_540' title='bbox 1635 4352 1758 4412; x_wconf 86' lang='lat' dir='ltr'><strong>sibi,</strong></span> <span class='ocrx_word' id='word_1_541' title='bbox 1791 4363 1918 4405; x_wconf 92' lang='lat' dir='ltr'><strong>tunc</strong></span> <span class='ocrx_word' id='word_1_542' title='bbox 1953 4337 2134 4406; x_wconf 65' lang='lat' dir='ltr'><strong>Romae</strong></span> <span class='ocrx_word' id='word_1_543' title='bbox 2166 4368 2316 4405; x_wconf 80' lang='lat' dir='ltr'><strong>com-</strong></span> 
     </span>
    </p>
   </div>
   <div class='ocr_carea' id='block_1_74' title="bbox 750 4443 2319 4514">
    <p class='ocr_par' dir='ltr' id='par_1_74' title="bbox 750 4443 2319 4514">
     <span class='ocr_line' id='line_1_74' title="bbox 750 4443 2319 4514; baseline -0.004 -10"><span class='ocrx_word' id='word_1_544' title='bbox 750 4451 1009 4511; x_wconf 88' lang='lat' dir='ltr'><strong>moranti,</strong></span> <span class='ocrx_word' id='word_1_545' title='bbox 1041 4446 1311 4501; x_wconf 89' lang='lat' dir='ltr'><strong>submissa</strong></span> <span class='ocrx_word' id='word_1_546' title='bbox 1357 4447 1579 4501; x_wconf 81' lang='lat' dir='ltr'><strong>fuerunt</strong></span> <span class='ocrx_word' id='word_1_547' title='bbox 1639 4462 1667 4498; x_wconf 90' lang='lat' dir='ltr'><strong>a</strong></span> <span class='ocrx_word' id='word_1_548' title='bbox 1722 4443 2143 4514; x_wconf 77' lang='lat' dir='ltr'><strong>Rhegiensibus.</strong></span> <span class='ocrx_word' id='word_1_549' title='bbox 2191 4445 2319 4498; x_wconf 70' lang='lat' dir='ltr'><strong>viris</strong></span> 
     </span>
    </p>
   </div>
   <div class='ocr_carea' id='block_1_75' title="bbox 2420 3247 3999 3319">
    <p class='ocr_par' dir='ltr' id='par_1_75' title="bbox 2420 3247 3999 3319">
     <span class='ocr_line' id='line_1_75' title="bbox 2420 3247 3999 3319; baseline 0.001 -18"><span class='ocrx_word' id='word_1_550' title='bbox 2420 3247 2772 3317; x_wconf 89' lang='lat' dir='ltr'><strong>amplilicatio</strong></span> <span class='ocrx_word' id='word_1_551' title='bbox 2805 3249 2976 3318; x_wconf 90' lang='lat' dir='ltr'><strong>petita</strong></span> <span class='ocrx_word' id='word_1_552' title='bbox 3011 3249 3114 3304; x_wconf 81' lang='lat' dir='ltr'><strong>fuit</strong></span> <span class='ocrx_word' id='word_1_553' title='bbox 3155 3265 3184 3303; x_wconf 89' lang='lat' dir='ltr'><strong>a</strong></span> <span class='ocrx_word' id='word_1_554' title='bbox 3220 3249 3274 3304; x_wconf 89' lang='lat' dir='ltr'><strong>S.</strong></span> <span class='ocrx_word' id='word_1_555' title='bbox 3311 3250 3534 3304; x_wconf 85' lang='lat' dir='ltr'><strong>Rituum</strong></span> <span class='ocrx_word' id='word_1_556' title='bbox 3567 3248 3999 3319; x_wconf 86' lang='lat' dir='ltr'><strong>congregatione</strong></span> 
     </span>
    </p>
   </div>
   <div class='ocr_carea' id='block_1_76' title="bbox 2420 3339 4001 3410">
    <p class='ocr_par' dir='ltr' id='par_1_76' title="bbox 2420 3339 4001 3410">
     <span class='ocr_line' id='line_1_76' title="bbox 2420 3339 4001 3410; baseline 0.003 -18"><span class='ocrx_word' id='word_1_557' title='bbox 2420 3339 2606 3393; x_wconf 69' lang='lat' dir='ltr'><strong>Romae</strong></span> <span class='ocrx_word' id='word_1_558' title='bbox 2634 3350 2688 3392; x_wconf 92' lang='lat' dir='ltr'><strong>et</strong></span> <span class='ocrx_word' id='word_1_559' title='bbox 2712 3341 2957 3403; x_wconf 88' lang='lat' dir='ltr'><strong>obtenta,</strong></span> <span class='ocrx_word' id='word_1_560' title='bbox 2979 3355 3076 3408; x_wconf 90' lang='lat' dir='ltr'><strong>per</strong></span> <span class='ocrx_word' id='word_1_561' title='bbox 3099 3341 3412 3395; x_wconf 81' lang='lat' dir='ltr'><strong>facultatem</strong></span> <span class='ocrx_word' id='word_1_562' title='bbox 3439 3341 3749 3410; x_wconf 82' lang='lat' dir='ltr'><strong>exponendi</strong></span> <span class='ocrx_word' id='word_1_563' title='bbox 3777 3342 4001 3410; x_wconf 81' lang='lat' dir='ltr'><strong>publice</strong></span> 
     </span>
    </p>
   </div>
   <div class='ocr_carea' id='block_1_77' title="bbox 2421 3430 4000 3502">
    <p class='ocr_par' dir='ltr' id='par_1_77' title="bbox 2421 3430 4000 3502">
     <span class='ocr_line' id='line_1_77' title="bbox 2421 3430 4000 3502; baseline -0.001 -18"><span class='ocrx_word' id='word_1_564' title='bbox 2421 3430 2712 3500; x_wconf 87' lang='lat' dir='ltr'><strong>imaginem</strong></span> <span class='ocrx_word' id='word_1_565' title='bbox 2742 3431 2940 3496; x_wconf 88' lang='lat' dir='ltr'><strong>sancti,</strong></span> <span class='ocrx_word' id='word_1_566' title='bbox 2984 3433 3212 3502; x_wconf 87' lang='lat' dir='ltr'><strong>ejusque</strong></span> <span class='ocrx_word' id='word_1_567' title='bbox 3236 3431 3444 3484; x_wconf 87' lang='lat' dir='ltr'><strong>nomini</strong></span> <span class='ocrx_word' id='word_1_568' title='bbox 3485 3434 3677 3486; x_wconf 90' lang='lat' dir='ltr'><strong>altaria</strong></span> <span class='ocrx_word' id='word_1_569' title='bbox 3709 3443 3768 3486; x_wconf 84' lang='lat' dir='ltr'><strong>et</strong></span> <span class='ocrx_word' id='word_1_570' title='bbox 3796 3433 4000 3501; x_wconf 87' lang='lat' dir='ltr'><strong>templa</strong></span> 
     </span>
    </p>
   </div>
   <div class='ocr_carea' id='block_1_78' title="bbox 2419 3523 4000 3594">
    <p class='ocr_par' dir='ltr' id='par_1_78' title="bbox 2419 3523 4000 3594">
     <span class='ocr_line' id='line_1_78' title="bbox 2419 3523 4000 3594; baseline -0.001 -16"><span class='ocrx_word' id='word_1_571' title='bbox 2419 3523 2757 3578; x_wconf 90' lang='lat' dir='ltr'><strong>dedicandi:</strong></span> <span class='ocrx_word' id='word_1_572' title='bbox 2794 3540 2916 3594; x_wconf 72' lang='lat' dir='ltr'><strong>qua:</strong></span> <span class='ocrx_word' id='word_1_573' title='bbox 2967 3534 3195 3578; x_wconf 89' lang='lat' dir='ltr'><strong>eatenus</strong></span> <span class='ocrx_word' id='word_1_574' title='bbox 3255 3523 3402 3577; x_wconf 91' lang='lat' dir='ltr'><strong>nulla</strong></span> <span class='ocrx_word' id='word_1_575' title='bbox 3455 3525 3733 3578; x_wconf 83' lang='lat' dir='ltr'><strong>habuerit.</strong></span> <span class='ocrx_word' id='word_1_576' title='bbox 3796 3524 4000 3587; x_wconf 85' lang='lat' dir='ltr'><strong>Locus,</strong></span> 
     </span>
    </p>
   </div>
   <div class='ocr_carea' id='block_1_79' title="bbox 2419 3618 4004 3688">
    <p class='ocr_par' dir='ltr' id='par_1_79' title="bbox 2419 3618 4004 3688">
     <span class='ocr_line' id='line_1_79' title="bbox 2419 3618 4004 3688; baseline -0.001 -15"><span class='ocrx_word' id='word_1_577' title='bbox 2419 3619 2512 3673; x_wconf 89' lang='lat' dir='ltr'><strong>ubi</strong></span> <span class='ocrx_word' id='word_1_578' title='bbox 2545 3618 2814 3688; x_wconf 90' lang='lat' dir='ltr'><strong>sepultum</strong></span> <span class='ocrx_word' id='word_1_579' title='bbox 2841 3618 2942 3672; x_wconf 80' lang='lat' dir='ltr'><strong>fuit</strong></span> <span class='ocrx_word' id='word_1_580' title='bbox 2966 3633 3164 3687; x_wconf 87' lang='lat' dir='ltr'><strong>corpus</strong></span> <span class='ocrx_word' id='word_1_581' title='bbox 3191 3619 3243 3671; x_wconf 91' lang='lat' dir='ltr'><strong>in</strong></span> <span class='ocrx_word' id='word_1_582' title='bbox 3274 3618 3602 3674; x_wconf 88' lang='lat' dir='ltr'><strong>hodiernum</strong></span> <span class='ocrx_word' id='word_1_583' title='bbox 3629 3635 3806 3687; x_wconf 88' lang='lat' dir='ltr'><strong>usque</strong></span> <span class='ocrx_word' id='word_1_584' title='bbox 3828 3621 4004 3681; x_wconf 88' lang='lat' dir='ltr'><strong>diem,</strong></span> 
     </span>
    </p>
   </div>
   <div class='ocr_carea' id='block_1_80' title="bbox 2421 3711 3999 3781">
    <p class='ocr_par' dir='ltr' id='par_1_80' title="bbox 2421 3711 3999 3781">
     <span class='ocr_line' id='line_1_80' title="bbox 2421 3711 3999 3781; baseline -0.003 -15"><span class='ocrx_word' id='word_1_585' title='bbox 2421 3713 2497 3766; x_wconf 92' lang='lat' dir='ltr'><strong>uti</strong></span> <span class='ocrx_word' id='word_1_586' title='bbox 2533 3711 2725 3767; x_wconf 90' lang='lat' dir='ltr'><strong>scribit</strong></span> <span class='ocrx_word' id='word_1_587' title='bbox 2753 3711 3049 3766; x_wconf 88' lang='lat' dir='ltr'><strong>historicus</strong></span> <span class='ocrx_word' id='word_1_588' title='bbox 3085 3711 3410 3781; x_wconf 80' lang='lat' dir='ltr'><strong>Rhegiensis</strong></span> <span class='ocrx_word' id='word_1_589' title='bbox 3442 3712 3651 3766; x_wconf 87' lang='lat' dir='ltr'><strong>Poiitus</strong></span> <span class='ocrx_word' id='word_1_590' title='bbox 3686 3725 3838 3766; x_wconf 87' lang='lat' dir='ltr'><strong>anno</strong></span> <span class='ocrx_word' id='word_1_591' title='bbox 3871 3711 3999 3766; x_wconf 84' lang='lat' dir='ltr'><strong>l6l7</strong></span> 
     </span>
    </p>
   </div>
   <div class='ocr_carea' id='block_1_81' title="bbox 2422 3803 3017 3872">
    <p class='ocr_par' dir='ltr' id='par_1_81' title="bbox 2422 3803 3017 3872">
     <span class='ocr_line' id='line_1_81' title="bbox 2422 3803 3017 3872; baseline -0.007 -15"><span class='ocrx_word' id='word_1_592' title='bbox 2422 3805 2651 3872; x_wconf 88' lang='lat' dir='ltr'><strong>reperiri</strong></span> <span class='ocrx_word' id='word_1_593' title='bbox 2681 3818 2788 3855; x_wconf 86' lang='lat' dir='ltr'><strong>non</strong></span> <span class='ocrx_word' id='word_1_594' title='bbox 2819 3803 3017 3870; x_wconf 91' lang='lat' dir='ltr'><strong>potuit.</strong></span> 
     </span>
    </p>
   </div>
   <div class='ocr_carea' id='block_1_82' title="bbox 2488 3889 4000 3961">
    <p class='ocr_par' dir='ltr' id='par_1_82' title="bbox 2488 3889 4000 3961">
     <span class='ocr_line' id='line_1_82' title="bbox 2488 3889 4000 3961; baseline 0.001 -13"><span class='ocrx_word' id='word_1_595' title='bbox 2488 3895 2540 3949; x_wconf 88' lang='lat'><strong>9.</strong></span> <span class='ocrx_word' id='word_1_596' title='bbox 2574 3892 2652 3948; x_wconf 83' lang='lat' dir='ltr'><strong>Ex</strong></span> <span class='ocrx_word' id='word_1_597' title='bbox 2707 3891 2812 3956; x_wconf 89' lang='lat' dir='ltr'><strong>his,</strong></span> <span class='ocrx_word' id='word_1_598' title='bbox 2850 3892 3097 3960; x_wconf 85' lang='lat' dir='ltr'><strong>inquam,</strong></span> <span class='ocrx_word' id='word_1_599' title='bbox 3134 3889 3373 3945; x_wconf 89' lang='lat' dir='ltr'><strong>dubitari</strong></span> <span class='ocrx_word' id='word_1_600' title='bbox 3415 3892 3610 3961; x_wconf 82' lang='lat' dir='ltr'><strong>possit,</strong></span> <span class='ocrx_word' id='word_1_601' title='bbox 3647 3908 3718 3946; x_wconf 86' lang='lat' dir='ltr'><strong>an</strong></span> <span class='ocrx_word' id='word_1_602' title='bbox 3775 3891 3838 3948; x_wconf 88' lang='lat' dir='ltr'><strong>S.</strong></span> <span class='ocrx_word' id='word_1_603' title='bbox 3878 3893 4000 3949; x_wconf 86' lang='lat' dir='ltr'><strong>Ste-</strong></span> 
     </span>
    </p>
   </div>
   <div class='ocr_carea' id='block_1_83' title="bbox 2420 3982 4003 4055">
    <p class='ocr_par' dir='ltr' id='par_1_83' title="bbox 2420 3982 4003 4055">
     <span class='ocr_line' id='line_1_83' title="bbox 2420 3982 4003 4055; baseline 0 -17"><span class='ocrx_word' id='word_1_604' title='bbox 2420 3987 2633 4055; x_wconf 89' lang='lat' dir='ltr'><strong>phanus</strong></span> <span class='ocrx_word' id='word_1_605' title='bbox 2656 3999 2777 4039; x_wconf 90' lang='lat' dir='ltr'><strong>cum</strong></span> <span class='ocrx_word' id='word_1_606' title='bbox 2805 3982 2969 4037; x_wconf 91' lang='lat' dir='ltr'><strong>sociis</strong></span> <span class='ocrx_word' id='word_1_607' title='bbox 2995 3983 3106 4037; x_wconf 91' lang='lat' dir='ltr'><strong>suis</strong></span> <span class='ocrx_word' id='word_1_608' title='bbox 3136 3982 3452 4052; x_wconf 81' lang='lat' dir='ltr'><strong>martyrium</strong></span> <span class='ocrx_word' id='word_1_609' title='bbox 3483 3997 3674 4051; x_wconf 90' lang='lat' dir='ltr'><strong>passus</strong></span> <span class='ocrx_word' id='word_1_610' title='bbox 3706 3982 4003 4039; x_wconf 72' lang='lat' dir='ltr'><strong>sitsaeculo</strong></span> 
     </span>
    </p>
   </div>
   <div class='ocr_carea' id='block_1_84' title="bbox 2423 4075 4001 4145">
    <p class='ocr_par' dir='ltr' id='par_1_84' title="bbox 2423 4075 4001 4145">
     <span class='ocr_line' id='line_1_84' title="bbox 2423 4075 4001 4145; baseline 0.002 -16"><span class='ocrx_word' id='word_1_611' title='bbox 2423 4079 2631 4145; x_wconf 88' lang='lat' dir='ltr'><strong>primo;</strong></span> <span class='ocrx_word' id='word_1_612' title='bbox 2659 4091 2832 4144; x_wconf 88' lang='lat' dir='ltr'><strong>coque</strong></span> <span class='ocrx_word' id='word_1_613' title='bbox 2868 4075 3058 4144; x_wconf 85' lang='lat' dir='ltr'><strong>magis,</strong></span> <span class='ocrx_word' id='word_1_614' title='bbox 3095 4076 3238 4143; x_wconf 90' lang='lat' dir='ltr'><strong>quod</strong></span> <span class='ocrx_word' id='word_1_615' title='bbox 3278 4075 3408 4128; x_wconf 90' lang='lat' dir='ltr'><strong>totis</strong></span> <span class='ocrx_word' id='word_1_616' title='bbox 3445 4076 3623 4129; x_wconf 90' lang='lat' dir='ltr'><strong>tribus</strong></span> <span class='ocrx_word' id='word_1_617' title='bbox 3661 4077 3867 4143; x_wconf 89' lang='lat' dir='ltr'><strong>primis</strong></span> <span class='ocrx_word' id='word_1_618' title='bbox 3901 4093 4001 4132; x_wconf 67' lang='lat' dir='ltr'><strong>sae-</strong></span> 
     </span>
    </p>
   </div>
   <div class='ocr_carea' id='block_1_85' title="bbox 2419 4165 4001 4238">
    <p class='ocr_par' dir='ltr' id='par_1_85' title="bbox 2419 4165 4001 4238">
     <span class='ocr_line' id='line_1_85' title="bbox 2419 4165 4001 4238; baseline 0.001 -18"><span class='ocrx_word' id='word_1_619' title='bbox 2419 4167 2559 4221; x_wconf 87' lang='lat' dir='ltr'><strong>culis</strong></span> <span class='ocrx_word' id='word_1_620' title='bbox 2603 4167 2915 4236; x_wconf 89' lang='lat' dir='ltr'><strong>episcopus.</strong></span> <span class='ocrx_word' id='word_1_621' title='bbox 2957 4180 3068 4220; x_wconf 73' lang='lat' dir='ltr'><strong>sua:</strong></span> <span class='ocrx_word' id='word_1_622' title='bbox 3113 4165 3354 4220; x_wconf 87' lang='lat' dir='ltr'><strong>civitatis</strong></span> <span class='ocrx_word' id='word_1_623' title='bbox 3392 4166 3552 4229; x_wconf 90' lang='lat' dir='ltr'><strong>alius,</strong></span> <span class='ocrx_word' id='word_1_624' title='bbox 3587 4166 4001 4238; x_wconf 83' lang='lat' dir='ltr'><strong>Rhegiensibus</strong></span> 
     </span>
    </p>
   </div>
   <div class='ocr_carea' id='block_1_86' title="bbox 2423 4256 4000 4327">
    <p class='ocr_par' dir='ltr' id='par_1_86' title="bbox 2423 4256 4000 4327">
     <span class='ocr_line' id='line_1_86' title="bbox 2423 4256 4000 4327; baseline 0.001 -13"><span class='ocrx_word' id='word_1_625' title='bbox 2423 4280 2529 4317; x_wconf 90' lang='lat' dir='ltr'><strong>non</strong></span> <span class='ocrx_word' id='word_1_626' title='bbox 2584 4264 2655 4315; x_wconf 88' lang='lat' dir='ltr'><strong>sit</strong></span> <span class='ocrx_word' id='word_1_627' title='bbox 2697 4272 2879 4315; x_wconf 89' lang='lat' dir='ltr'><strong>notus.</strong></span> <span class='ocrx_word' id='word_1_628' title='bbox 2919 4259 2977 4314; x_wconf 84' lang='lat' dir='ltr'><strong>Si</strong></span> <span class='ocrx_word' id='word_1_629' title='bbox 3029 4258 3203 4323; x_wconf 86' lang='lat' dir='ltr'><strong>dicas,</strong></span> <span class='ocrx_word' id='word_1_630' title='bbox 3246 4272 3343 4327; x_wconf 90' lang='lat' dir='ltr'><strong>per</strong></span> <span class='ocrx_word' id='word_1_631' title='bbox 3393 4256 3747 4313; x_wconf 88' lang='lat' dir='ltr'><strong>traditionem</strong></span> <span class='ocrx_word' id='word_1_632' title='bbox 3805 4273 4000 4315; x_wconf 90' lang='lat' dir='ltr'><strong>notum</strong></span> 
     </span>
    </p>
   </div>
   <div class='ocr_carea' id='block_1_87' title="bbox 2421 4349 3999 4421">
    <p class='ocr_par' dir='ltr' id='par_1_87' title="bbox 2421 4349 3999 4421">
     <span class='ocr_line' id='line_1_87' title="bbox 2421 4349 3999 4421; baseline -0.001 -13"><span class='ocrx_word' id='word_1_633' title='bbox 2421 4371 2540 4408; x_wconf 83' lang='lat' dir='ltr'><strong>esse</strong></span> <span class='ocrx_word' id='word_1_634' title='bbox 2587 4352 2642 4404; x_wconf 90' lang='lat' dir='ltr'><strong>S.</strong></span> <span class='ocrx_word' id='word_1_635' title='bbox 2679 4351 3017 4420; x_wconf 86' lang='lat' dir='ltr'><strong>Stephanum</strong></span> <span class='ocrx_word' id='word_1_636' title='bbox 3076 4365 3174 4418; x_wconf 89' lang='lat' dir='ltr'><strong>pro</strong></span> <span class='ocrx_word' id='word_1_637' title='bbox 3205 4349 3403 4404; x_wconf 64' lang='lat' dir='ltr'><strong>saeculo</strong></span> <span class='ocrx_word' id='word_1_638' title='bbox 3455 4352 3672 4419; x_wconf 89' lang='lat' dir='ltr'><strong>primo,</strong></span> <span class='ocrx_word' id='word_1_639' title='bbox 3727 4368 3999 4421; x_wconf 67' lang='lat' dir='ltr'><strong>quaeram,</strong></span> 
     </span>
    </p>
   </div>
   <div class='ocr_carea' id='block_1_88' title="bbox 2424 4441 4000 4513">
    <p class='ocr_par' dir='ltr' id='par_1_88' title="bbox 2424 4441 4000 4513">
     <span class='ocr_line' id='line_1_88' title="bbox 2424 4441 4000 4513; baseline -0.001 -13"><span class='ocrx_word' id='word_1_640' title='bbox 2424 4463 2521 4500; x_wconf 85' lang='lat' dir='ltr'><strong>cur</strong></span> <span class='ocrx_word' id='word_1_641' title='bbox 2557 4445 2694 4500; x_wconf 88' lang='lat' dir='ltr'><strong>alius</strong></span> <span class='ocrx_word' id='word_1_642' title='bbox 2723 4444 3013 4513; x_wconf 89' lang='lat' dir='ltr'><strong>episcopus</strong></span> <span class='ocrx_word' id='word_1_643' title='bbox 3047 4456 3145 4512; x_wconf 92' lang='lat' dir='ltr'><strong>pro</strong></span> <span class='ocrx_word' id='word_1_644' title='bbox 3187 4441 3380 4496; x_wconf 88' lang='lat' dir='ltr'><strong>eodem</strong></span> <span class='ocrx_word' id='word_1_645' title='bbox 3427 4442 3627 4495; x_wconf 74' lang='lat' dir='ltr'><strong>szecuio</strong></span> <span class='ocrx_word' id='word_1_646' title='bbox 3677 4451 3734 4494; x_wconf 88' lang='lat' dir='ltr'><strong>et</strong></span> <span class='ocrx_word' id='word_1_647' title='bbox 3779 4443 4000 4498; x_wconf 84' lang='lat' dir='ltr'><strong>duobus</strong></span> 
     </span>
    </p>
   </div>
   <div class='ocr_carea' id='block_1_89' title="bbox 750 4517 4000 4608">
    <p class='ocr_par' dir='ltr' id='par_1_89' title="bbox 750 4517 4000 4608">
     <span class='ocr_line' id='line_1_89' title="bbox 750 4517 4000 4608; baseline -0.002 -12"><span class='ocrx_word' id='word_1_648' title='bbox 750 4540 982 4596; x_wconf 88' lang='lat' dir='ltr'><strong>eruditis</strong></span> <span class='ocrx_word' id='word_1_649' title='bbox 1025 4551 1079 4595; x_wconf 91' lang='lat' dir='ltr'><strong>et</strong></span> <span class='ocrx_word' id='word_1_650' title='bbox 1133 4538 1410 4608; x_wconf 83' lang='lat' dir='ltr'><strong>primariis</strong></span> <span class='ocrx_word' id='word_1_651' title='bbox 1447 4556 1457 4590; x_wconf 92' lang='lat'>:</span> <span class='ocrx_word' id='word_1_652' title='bbox 1495 4549 1656 4606; x_wconf 80' lang='lat' dir='ltr'><strong>atque.</strong></span> <span class='ocrx_word' id='word_1_653' title='bbox 1694 4553 1756 4592; x_wconf 84' lang='lat' dir='ltr'><strong>cx</strong></span> <span class='ocrx_word' id='word_1_654' title='bbox 1792 4538 2008 4591; x_wconf 88' lang='lat' dir='ltr'><strong>illorum</strong></span> <span class='ocrx_word' id='word_1_655' title='bbox 2055 4539 2156 4592; x_wconf 61' lang='lat' dir='ltr'><strong>title</strong></span> <span class='ocrx_word' id='word_1_656' title='bbox 2206 4540 2318 4593; x_wconf 73' lang='lat' dir='ltr'><strong>inec</strong></span> <span class='ocrx_word' id='word_1_657' title='bbox 2357 4517 2395 4567; x_wconf 70' lang='grc' dir='ltr'>θ</span> <span class='ocrx_word' id='word_1_658' title='bbox 2426 4537 2805 4607; x_wconf 83' lang='lat' dir='ltr'><strong>sequentibus,</strong></span> <span class='ocrx_word' id='word_1_659' title='bbox 2838 4537 3090 4592; x_wconf 90' lang='lat' dir='ltr'><strong>similiter</strong></span> <span class='ocrx_word' id='word_1_660' title='bbox 3126 4545 3288 4594; x_wconf 89' lang='lat' dir='ltr'><strong>notus</strong></span> <span class='ocrx_word' id='word_1_661' title='bbox 3315 4552 3424 4591; x_wconf 91' lang='lat' dir='ltr'><strong>non</strong></span> <span class='ocrx_word' id='word_1_662' title='bbox 3458 4536 3547 4590; x_wconf 85' lang='lat' dir='ltr'><strong>sit.</strong></span> <span class='ocrx_word' id='word_1_663' title='bbox 3590 4536 3835 4605; x_wconf 83' lang='lat' dir='ltr'><strong>inquies.</strong></span> <span class='ocrx_word' id='word_1_664' title='bbox 3873 4540 4000 4606; x_wconf 85' lang='lat' dir='ltr'><strong>quia</strong></span> 
     </span>
    </p>
   </div>
   <div class='ocr_carea' id='block_1_90' title="bbox 750 4627 2314 4698">
    <p class='ocr_par' dir='ltr' id='par_1_90' title="bbox 750 4627 2314 4698">
     <span class='ocr_line' id='line_1_90' title="bbox 750 4627 2314 4698; baseline -0.003 -11"><span class='ocrx_word' id='word_1_665' title='bbox 750 4641 982 4687; x_wconf 86' lang='lat' dir='ltr'><strong>narrat:</strong></span> <span class='ocrx_word' id='word_1_666' title='bbox 1033 4651 1050 4682; x_wconf 73' lang='grc' dir='ltr'>ι</span> <span class='ocrx_word' id='word_1_667' title='bbox 1097 4631 1232 4686; x_wconf 84' lang='lat' dir='ltr'><strong>Silet</strong></span> <span class='ocrx_word' id='word_1_668' title='bbox 1290 4630 1379 4685; x_wconf 86' lang='lat' dir='ltr'><strong>hic</strong></span> <span class='ocrx_word' id='word_1_669' title='bbox 1435 4629 1600 4682; x_wconf 87' lang='lat' dir='ltr'><strong>multa</strong></span> <span class='ocrx_word' id='word_1_670' title='bbox 1652 4627 1846 4688; x_wconf 81' lang='lat' dir='ltr'><strong>Lucas,</strong></span> <span class='ocrx_word' id='word_1_671' title='bbox 1906 4647 1966 4683; x_wconf 89' lang='lat' dir='ltr'><strong>ac</strong></span> <span class='ocrx_word' id='word_1_672' title='bbox 2015 4635 2314 4698; x_wconf 49' lang='lat' dir='ltr'><strong>praesertim</strong></span> 
     </span>
    </p>
   </div>
   <div class='ocr_carea' id='block_1_91' title="bbox 752 4721 2316 4796">
    <p class='ocr_par' dir='ltr' id='par_1_91' title="bbox 752 4721 2316 4796">
     <span class='ocr_line' id='line_1_91' title="bbox 752 4721 2316 4796; baseline -0.005 -13"><span class='ocrx_word' id='word_1_673' title='bbox 752 4724 1142 4796; x_wconf 74' lang='lat' dir='ltr'><strong>Rhegiensium</strong></span> <span class='ocrx_word' id='word_1_674' title='bbox 1175 4738 1203 4776; x_wconf 91' lang='lat' dir='ltr'><strong>a</strong></span> <span class='ocrx_word' id='word_1_675' title='bbox 1232 4722 1404 4776; x_wconf 86' lang='lat' dir='ltr'><strong>Paulo</strong></span> <span class='ocrx_word' id='word_1_676' title='bbox 1435 4721 1870 4784; x_wconf 72' lang='lat' dir='ltr'><strong>conversionem,</strong></span> <span class='ocrx_word' id='word_1_677' title='bbox 1915 4737 2023 4776; x_wconf 88' lang='lat' dir='ltr'><strong>uno</strong></span> <span class='ocrx_word' id='word_1_678' title='bbox 2065 4723 2170 4784; x_wconf 86' lang='lat' dir='ltr'><strong>die,</strong></span> <span class='ocrx_word' id='word_1_679' title='bbox 2210 4741 2316 4791; x_wconf 79' lang='grc' dir='ltr'>(ιυυ</span> 
     </span>
    </p>
   </div>
   <div class='ocr_carea' id='block_1_92' title="bbox 751 4815 2317 4889">
    <p class='ocr_par' dir='ltr' id='par_1_92' title="bbox 751 4815 2317 4889">
     <span class='ocr_line' id='line_1_92' title="bbox 751 4815 2317 4889; baseline -0.003 -18"><span class='ocrx_word' id='word_1_680' title='bbox 751 4818 893 4889; x_wconf 85' lang='lat' dir='ltr'><strong>apud</strong></span> <span class='ocrx_word' id='word_1_681' title='bbox 915 4831 1009 4869; x_wconf 87' lang='lat' dir='ltr'><strong>eos</strong></span> <span class='ocrx_word' id='word_1_682' title='bbox 1040 4816 1214 4880; x_wconf 75' lang='lat' dir='ltr'><strong>haesit,</strong></span> <span class='ocrx_word' id='word_1_683' title='bbox 1242 4815 1440 4868; x_wconf 81' lang='lat' dir='ltr'><strong>factam</strong></span> <span class='ocrx_word' id='word_1_684' title='bbox 1471 4832 1481 4865; x_wconf 91' lang='lat'>:</span> <span class='ocrx_word' id='word_1_685' title='bbox 1510 4829 1631 4883; x_wconf 68' lang='lat' dir='ltr'><strong>quae</strong></span> <span class='ocrx_word' id='word_1_686' title='bbox 1662 4830 1727 4868; x_wconf 73' lang='lat' dir='ltr'><strong>ex</strong></span> <span class='ocrx_word' id='word_1_687' title='bbox 1756 4815 2008 4868; x_wconf 60' lang='lat' dir='ltr'><strong>Ecclesiae</strong></span> <span class='ocrx_word' id='word_1_688' title='bbox 2043 4816 2317 4885; x_wconf 79' lang='lat' dir='ltr'><strong>Rlicgien-</strong></span> 
     </span>
    </p>
   </div>
   <div class='ocr_carea' id='block_1_93' title="bbox 745 4907 2315 4973">
    <p class='ocr_par' dir='ltr' id='par_1_93' title="bbox 745 4907 2315 4973">
     <span class='ocr_line' id='line_1_93' title="bbox 745 4907 2315 4973; baseline -0.003 -9"><span class='ocrx_word' id='word_1_689' title='bbox 745 4913 823 4965; x_wconf 83' lang='lat' dir='ltr'><strong>sis</strong></span> <span class='ocrx_word' id='word_1_690' title='bbox 848 4907 1241 4970; x_wconf 86' lang='lat' dir='ltr'><strong>monumentis,</strong></span> <span class='ocrx_word' id='word_1_691' title='bbox 1268 4907 1459 4960; x_wconf 91' lang='lat' dir='ltr'><strong>eodem</strong></span> <span class='ocrx_word' id='word_1_692' title='bbox 1486 4921 1600 4958; x_wconf 63' lang='lat' dir='ltr'><strong>navo</strong></span> <span class='ocrx_word' id='word_1_693' title='bbox 1639 4908 1856 4973; x_wconf 77' lang='lat' dir='ltr'><strong>(nempe</strong></span> <span class='ocrx_word' id='word_1_694' title='bbox 1889 4907 2088 4959; x_wconf 71' lang='lat' dir='ltr'><strong>saeculo</strong></span> <span class='ocrx_word' id='word_1_695' title='bbox 2114 4909 2315 4962; x_wconf 61' lang='grc' dir='ltr'><strong>(λιι-ἱδιί</strong></span> 
     </span>
    </p>
   </div>
   <div class='ocr_carea' id='block_1_94' title="bbox 752 4998 2318 5073">
    <p class='ocr_par' dir='ltr' id='par_1_94' title="bbox 752 4998 2318 5073">
     <span class='ocr_line' id='line_1_94' title="bbox 752 4998 2318 5073; baseline -0.003 -16"><span class='ocrx_word' id='word_1_696' title='bbox 752 5002 944 5073; x_wconf 87' lang='lat' dir='ltr'><strong>primo)</strong></span> <span class='ocrx_word' id='word_1_697' title='bbox 981 4999 1168 5056; x_wconf 67' lang='lat' dir='ltr'><strong>Graece</strong></span> <span class='ocrx_word' id='word_1_698' title='bbox 1222 4999 1568 5066; x_wconf 86' lang='lat' dir='ltr'><strong>conscriptis,</strong></span> <span class='ocrx_word' id='word_1_699' title='bbox 1608 5013 1670 5052; x_wconf 88' lang='lat' dir='ltr'><strong>ac</strong></span> <span class='ocrx_word' id='word_1_700' title='bbox 1721 4998 1920 5051; x_wconf 83' lang='lat' dir='ltr'><strong>deinde</strong></span> <span class='ocrx_word' id='word_1_701' title='bbox 1975 5000 2026 5052; x_wconf 87' lang='lat' dir='ltr'><strong>in</strong></span> <span class='ocrx_word' id='word_1_702' title='bbox 2065 4998 2318 5053; x_wconf 87' lang='lat' dir='ltr'><strong>Latinum</strong></span> 
     </span>
    </p>
   </div>
   <div class='ocr_carea' id='block_1_95' title="bbox 751 5091 2320 5162">
    <p class='ocr_par' dir='ltr' id='par_1_95' title="bbox 751 5091 2320 5162">
     <span class='ocr_line' id='line_1_95' title="bbox 751 5091 2320 5162; baseline -0.002 -12"><span class='ocrx_word' id='word_1_703' title='bbox 751 5096 953 5150; x_wconf 88' lang='lat' dir='ltr'><strong>idioma</strong></span> <span class='ocrx_word' id='word_1_704' title='bbox 1004 5093 1301 5150; x_wconf 86' lang='lat' dir='ltr'><strong>translatis.</strong></span> <span class='ocrx_word' id='word_1_705' title='bbox 1337 5102 1392 5146; x_wconf 90' lang='lat' dir='ltr'><strong>ct</strong></span> <span class='ocrx_word' id='word_1_706' title='bbox 1440 5093 1493 5145; x_wconf 92' lang='lat' dir='ltr'><strong>in</strong></span> <span class='ocrx_word' id='word_1_707' title='bbox 1561 5091 2012 5162; x_wconf 87' lang='lat' dir='ltr'><strong>archiepiscopali</strong></span> <span class='ocrx_word' id='word_1_708' title='bbox 2074 5094 2320 5148; x_wconf 75' lang='lat' dir='ltr'><strong>archivio</strong></span> 
     </span>
    </p>
   </div>
   <div class='ocr_carea' id='block_1_96' title="bbox 753 5183 2322 5257">
    <p class='ocr_par' dir='ltr' id='par_1_96' title="bbox 753 5183 2322 5257">
     <span class='ocr_line' id='line_1_96' title="bbox 753 5183 2322 5257; baseline 0 -14"><span class='ocrx_word' id='word_1_709' title='bbox 753 5188 1068 5252; x_wconf 82' lang='lat' dir='ltr'><strong>asservatis,</strong></span> <span class='ocrx_word' id='word_1_710' title='bbox 1094 5201 1121 5239; x_wconf 91' lang='lat' dir='ltr'><strong>a</strong></span> <span class='ocrx_word' id='word_1_711' title='bbox 1151 5183 1558 5254; x_wconf 81' lang='lat' dir='ltr'><strong>Rhegicnsibus</strong></span> <span class='ocrx_word' id='word_1_712' title='bbox 1606 5187 1738 5238; x_wconf 85' lang='lat' dir='ltr'><strong>viris</strong></span> <span class='ocrx_word' id='word_1_713' title='bbox 1768 5188 2002 5242; x_wconf 85' lang='lat' dir='ltr'><strong>eruditis</strong></span> <span class='ocrx_word' id='word_1_714' title='bbox 2031 5199 2084 5241; x_wconf 90' lang='lat' dir='ltr'><strong>ct</strong></span> <span class='ocrx_word' id='word_1_715' title='bbox 2123 5189 2322 5257; x_wconf 85' lang='lat' dir='ltr'><strong>prima-</strong></span> 
     </span>
    </p>
   </div>
   <div class='ocr_carea' id='block_1_97' title="bbox 753 5276 2312 5338">
    <p class='ocr_par' dir='ltr' id='par_1_97' title="bbox 753 5276 2312 5338">
     <span class='ocr_line' id='line_1_97' title="bbox 753 5276 2312 5338; baseline -0.004 -4"><span class='ocrx_word' id='word_1_716' title='bbox 753 5282 850 5334; x_wconf 85' lang='lat' dir='ltr'><strong>riis</strong></span> <span class='ocrx_word' id='word_1_717' title='bbox 888 5279 954 5332; x_wconf 86' lang='lat' dir='ltr'><strong>ad</strong></span> <span class='ocrx_word' id='word_1_718' title='bbox 992 5293 1077 5332; x_wconf 90' lang='lat' dir='ltr'><strong>me</strong></span> <span class='ocrx_word' id='word_1_719' title='bbox 1105 5276 1330 5332; x_wconf 81' lang='lat' dir='ltr'><strong>Romam</strong></span> <span class='ocrx_word' id='word_1_720' title='bbox 1363 5276 1702 5338; x_wconf 82' lang='lat' dir='ltr'><strong>transmissa,</strong></span> <span class='ocrx_word' id='word_1_721' title='bbox 1737 5276 1826 5330; x_wconf 91' lang='lat' dir='ltr'><strong>hic</strong></span> <span class='ocrx_word' id='word_1_722' title='bbox 1878 5278 2255 5331; x_wconf 77' lang='lat' dir='ltr'><strong>rranscribam.</strong></span> <span class='ocrx_word' id='word_1_723' title='bbox 2297 5297 2312 5328; x_wconf 70' lang='grc' dir='ltr'><strong>ι</strong></span> 
     </span>
    </p>
   </div>
   <div class='ocr_carea' id='block_1_98' title="bbox 753 5367 2322 5439">
    <p class='ocr_par' dir='ltr' id='par_1_98' title="bbox 753 5367 2322 5439">
     <span class='ocr_line' id='line_1_98' title="bbox 753 5367 2322 5439; baseline -0.004 -10"><span class='ocrx_word' id='word_1_724' title='bbox 753 5370 1094 5429; x_wconf 84' lang='lat' dir='ltr'><strong>Transcribit</strong></span> <span class='ocrx_word' id='word_1_725' title='bbox 1151 5379 1332 5422; x_wconf 88' lang='lat' dir='ltr'><strong>autem</strong></span> <span class='ocrx_word' id='word_1_726' title='bbox 1397 5370 1469 5424; x_wconf 90' lang='lat' dir='ltr'><strong>ibi</strong></span> <span class='ocrx_word' id='word_1_727' title='bbox 1521 5370 1651 5423; x_wconf 83' lang='lat' dir='ltr'><strong>Acta</strong></span> <span class='ocrx_word' id='word_1_728' title='bbox 1704 5367 1891 5423; x_wconf 85' lang='lat' dir='ltr'><strong>Latina</strong></span> <span class='ocrx_word' id='word_1_729' title='bbox 1949 5370 2002 5424; x_wconf 87' lang='lat' dir='ltr'><strong>S.</strong></span> <span class='ocrx_word' id='word_1_730' title='bbox 2058 5370 2322 5439; x_wconf 85' lang='lat' dir='ltr'><strong>Stephani</strong></span> 
     </span>
    </p>
   </div>
   <div class='ocr_carea' id='block_1_99' title="bbox 754 5460 2317 5534">
    <p class='ocr_par' dir='ltr' id='par_1_99' title="bbox 754 5460 2317 5534">
     <span class='ocr_line' id='line_1_99' title="bbox 754 5460 2317 5534; baseline -0.001 -15"><span class='ocrx_word' id='word_1_731' title='bbox 754 5463 1024 5534; x_wconf 71' lang='lat' dir='ltr'><strong>episcopi,</strong></span> <span class='ocrx_word' id='word_1_732' title='bbox 1063 5478 1092 5517; x_wconf 86' lang='lat' dir='ltr'><strong>a</strong></span> <span class='ocrx_word' id='word_1_733' title='bbox 1123 5461 1292 5522; x_wconf 86' lang='lat' dir='ltr'><strong>Paulo</strong></span> <span class='ocrx_word' id='word_1_734' title='bbox 1321 5461 1567 5531; x_wconf 82' lang='lat' dir='ltr'><strong>apostolo</strong></span> <span class='ocrx_word' id='word_1_735' title='bbox 1597 5460 2018 5528; x_wconf 82' lang='lat' dir='ltr'><strong>Rhegiensihus,</strong></span> <span class='ocrx_word' id='word_1_736' title='bbox 2054 5474 2108 5516; x_wconf 89' lang='lat' dir='ltr'><strong>ut</strong></span> <span class='ocrx_word' id='word_1_737' title='bbox 2144 5463 2317 5526; x_wconf 82' lang='lat' dir='ltr'><strong>aiunt,</strong></span> 
     </span>
    </p>
   </div>
   <div class='ocr_carea' id='block_1_100' title="bbox 757 5554 2323 5624">
    <p class='ocr_par' dir='ltr' id='par_1_100' title="bbox 757 5554 2323 5624">
     <span class='ocr_line' id='line_1_100' title="bbox 757 5554 2323 5624; baseline -0.004 -11"><span class='ocrx_word' id='word_1_738' title='bbox 757 5561 813 5613; x_wconf 86' lang='lat' dir='ltr'><strong>in</strong></span> <span class='ocrx_word' id='word_1_739' title='bbox 845 5556 1084 5611; x_wconf 79' lang='lat' dir='ltr'><strong>transitu</strong></span> <span class='ocrx_word' id='word_1_740' title='bbox 1103 5555 1360 5615; x_wconf 82' lang='lat' dir='ltr'><strong>ordinati,</strong></span> <span class='ocrx_word' id='word_1_741' title='bbox 1389 5569 1506 5622; x_wconf 79' lang='lat' dir='ltr'><strong>qua:</strong></span> <span class='ocrx_word' id='word_1_742' title='bbox 1552 5554 1654 5609; x_wconf 81' lang='lat' dir='ltr'><strong>alia</strong></span> <span class='ocrx_word' id='word_1_743' title='bbox 1693 5567 1798 5606; x_wconf 87' lang='lat' dir='ltr'><strong>non</strong></span> <span class='ocrx_word' id='word_1_744' title='bbox 1842 5567 1968 5610; x_wconf 81' lang='lat' dir='ltr'><strong>sunt</strong></span> <span class='ocrx_word' id='word_1_745' title='bbox 2011 5571 2173 5624; x_wconf 84' lang='lat' dir='ltr'><strong>quam</strong></span> <span class='ocrx_word' id='word_1_746' title='bbox 2203 5573 2323 5624; x_wconf 67' lang='lat' dir='ltr'><strong>quae</strong></span> 
     </span>
    </p>
   </div>
   <div class='ocr_carea' id='block_1_101' title="bbox 756 5643 2323 5709">
    <p class='ocr_par' dir='ltr' id='par_1_101' title="bbox 756 5643 2323 5709">
     <span class='ocr_line' id='line_1_101' title="bbox 756 5643 2323 5709; baseline -0.002 -4"><span class='ocrx_word' id='word_1_747' title='bbox 756 5665 854 5706; x_wconf 87' lang='lat' dir='ltr'><strong>nos</strong></span> <span class='ocrx_word' id='word_1_748' title='bbox 885 5648 1024 5704; x_wconf 75' lang='lat' dir='ltr'><strong>intra</strong></span> <span class='ocrx_word' id='word_1_749' title='bbox 1047 5648 1237 5702; x_wconf 82' lang='lat' dir='ltr'><strong>damus</strong></span> <span class='ocrx_word' id='word_1_750' title='bbox 1265 5643 1706 5709; x_wconf 55' lang='lat' dir='ltr'><strong>Caeco-Latina;</strong></span> <span class='ocrx_word' id='word_1_751' title='bbox 1745 5663 1847 5698; x_wconf 79' lang='lat' dir='ltr'><strong>nec</strong></span> <span class='ocrx_word' id='word_1_752' title='bbox 1877 5658 2054 5703; x_wconf 84' lang='lat' dir='ltr'><strong>tamen</strong></span> <span class='ocrx_word' id='word_1_753' title='bbox 2091 5646 2162 5702; x_wconf 83' lang='lat' dir='ltr'><strong>ibi</strong></span> <span class='ocrx_word' id='word_1_754' title='bbox 2198 5659 2323 5702; x_wconf 86' lang='lat' dir='ltr'><strong>sunt</strong></span> 
     </span>
    </p>
   </div>
   <div class='ocr_carea' id='block_1_102' title="bbox 759 5738 2319 5812">
    <p class='ocr_par' dir='ltr' id='par_1_102' title="bbox 759 5738 2319 5812">
     <span class='ocr_line' id='line_1_102' title="bbox 759 5738 2319 5812; baseline -0.004 -13"><span class='ocrx_word' id='word_1_755' title='bbox 759 5748 1006 5812; x_wconf 81' lang='lat' dir='ltr'><strong>integra;</strong></span> <span class='ocrx_word' id='word_1_756' title='bbox 1059 5757 1179 5793; x_wconf 87' lang='lat' dir='ltr'><strong>nam</strong></span> <span class='ocrx_word' id='word_1_757' title='bbox 1239 5738 1491 5794; x_wconf 65' lang='lat' dir='ltr'><strong>desinunt</strong></span> <span class='ocrx_word' id='word_1_758' title='bbox 1551 5743 1603 5794; x_wconf 92' lang='lat' dir='ltr'><strong>in</strong></span> <span class='ocrx_word' id='word_1_759' title='bbox 1655 5743 1911 5811; x_wconf 69' lang='lat' dir='ltr'><strong>martyrio</strong></span> <span class='ocrx_word' id='word_1_760' title='bbox 1975 5742 2057 5794; x_wconf 77' lang='lat' dir='ltr'><strong>his</strong></span> <span class='ocrx_word' id='word_1_761' title='bbox 2101 5741 2319 5796; x_wconf 78' lang='lat' dir='ltr'><strong>verbis:</strong></span> 
     </span>
    </p>
   </div>
   <div class='ocr_carea' id='block_1_103' title="bbox 774 5834 2323 5908">
    <p class='ocr_par' dir='ltr' id='par_1_103' title="bbox 774 5834 2323 5908">
     <span class='ocr_line' id='line_1_103' title="bbox 774 5834 2323 5908; baseline 0.001 -18"><span class='ocrx_word' id='word_1_762' title='bbox 774 5835 979 5904; x_wconf 74' lang='lat' dir='ltr'><strong>iQuod</strong></span> <span class='ocrx_word' id='word_1_763' title='bbox 1034 5837 1176 5908; x_wconf 78' lang='lat' dir='ltr'><strong>digni</strong></span> <span class='ocrx_word' id='word_1_764' title='bbox 1234 5837 1453 5892; x_wconf 72' lang='lat' dir='ltr'><strong>luerunt</strong></span> <span class='ocrx_word' id='word_1_765' title='bbox 1508 5853 1608 5908; x_wconf 84' lang='lat' dir='ltr'><strong>pro</strong></span> <span class='ocrx_word' id='word_1_766' title='bbox 1667 5834 1880 5891; x_wconf 72' lang='lat' dir='ltr'><strong>Christo</strong></span> <span class='ocrx_word' id='word_1_767' title='bbox 1940 5837 2106 5903; x_wconf 70' lang='lat' dir='ltr'><strong>mori;</strong></span> <span class='ocrx_word' id='word_1_768' title='bbox 2154 5859 2165 5886; x_wconf 78' lang='grc' dir='ltr'><strong><em>ι</em></strong></span> <span class='ocrx_word' id='word_1_769' title='bbox 2223 5852 2323 5890; x_wconf 83' lang='lat' dir='ltr'><strong>nec</strong></span> 
     </span>
    </p>
   </div>
   <div class='ocr_carea' id='block_1_104' title="bbox 2429 4626 4002 4698">
    <p class='ocr_par' dir='ltr' id='par_1_104' title="bbox 2429 4626 4002 4698">
     <span class='ocr_line' id='line_1_104' title="bbox 2429 4626 4002 4698; baseline -0.002 -15"><span class='ocrx_word' id='word_1_770' title='bbox 2429 4631 2651 4698; x_wconf 86' lang='lat' dir='ltr'><strong>antiqua</strong></span> <span class='ocrx_word' id='word_1_771' title='bbox 2707 4629 2945 4683; x_wconf 84' lang='lat' dir='ltr'><strong>Civitatis</strong></span> <span class='ocrx_word' id='word_1_772' title='bbox 3001 4628 3203 4696; x_wconf 89' lang='lat' dir='ltr'><strong>scripta</strong></span> <span class='ocrx_word' id='word_1_773' title='bbox 3257 4626 3692 4690; x_wconf 82' lang='lat' dir='ltr'><strong>interciderunt;</strong></span> <span class='ocrx_word' id='word_1_774' title='bbox 3746 4641 4002 4697; x_wconf 82' lang='lat' dir='ltr'><strong>superest</strong></span> 
     </span>
    </p>
   </div>
   <div class='ocr_carea' id='block_1_105' title="bbox 2426 4717 4003 4790">
    <p class='ocr_par' dir='ltr' id='par_1_105' title="bbox 2426 4717 4003 4790">
     <span class='ocr_line' id='line_1_105' title="bbox 2426 4717 4003 4790; baseline -0.002 -12"><span class='ocrx_word' id='word_1_775' title='bbox 2426 4737 2603 4778; x_wconf 88' lang='lat' dir='ltr'><strong>autem</strong></span> <span class='ocrx_word' id='word_1_776' title='bbox 2639 4725 2746 4777; x_wconf 82' lang='lat' dir='ltr'><strong>vita</strong></span> <span class='ocrx_word' id='word_1_777' title='bbox 2779 4723 2833 4777; x_wconf 90' lang='lat' dir='ltr'><strong>S.</strong></span> <span class='ocrx_word' id='word_1_778' title='bbox 2878 4719 3163 4790; x_wconf 87' lang='lat' dir='ltr'><strong>Stephani,</strong></span> <span class='ocrx_word' id='word_1_779' title='bbox 3200 4735 3321 4790; x_wconf 75' lang='lat' dir='ltr'><strong>quas</strong></span> <span class='ocrx_word' id='word_1_780' title='bbox 3364 4717 3628 4788; x_wconf 68' lang='lat' dir='ltr'><strong>ipsum&#39;S.</strong></span> <span class='ocrx_word' id='word_1_781' title='bbox 3663 4719 3816 4774; x_wconf 88' lang='lat' dir='ltr'><strong>Pauli</strong></span> <span class='ocrx_word' id='word_1_782' title='bbox 3873 4737 4003 4790; x_wconf 84' lang='lat' dir='ltr'><strong>apo-</strong></span> 
     </span>
    </p>
   </div>
   <div class='ocr_carea' id='block_1_106' title="bbox 2426 4811 4000 4882">
    <p class='ocr_par' dir='ltr' id='par_1_106' title="bbox 2426 4811 4000 4882">
     <span class='ocr_line' id='line_1_106' title="bbox 2426 4811 4000 4882; baseline -0.001 -14"><span class='ocrx_word' id='word_1_783' title='bbox 2426 4816 2550 4869; x_wconf 81' lang='lat' dir='ltr'><strong>stoli</strong></span> <span class='ocrx_word' id='word_1_784' title='bbox 2576 4815 2903 4882; x_wconf 91' lang='lat' dir='ltr'><strong>discipulum</strong></span> <span class='ocrx_word' id='word_1_785' title='bbox 2929 4813 3081 4879; x_wconf 83' lang='lat' dir='ltr'><strong>facit,</strong></span> <span class='ocrx_word' id='word_1_786' title='bbox 3113 4812 3313 4866; x_wconf 86' lang='lat' dir='ltr'><strong>Audio.</strong></span> <span class='ocrx_word' id='word_1_787' title='bbox 3348 4813 3453 4868; x_wconf 90' lang='lat' dir='ltr'><strong>Sed</strong></span> <span class='ocrx_word' id='word_1_788' title='bbox 3486 4813 3575 4865; x_wconf 91' lang='lat' dir='ltr'><strong>illa</strong></span> <span class='ocrx_word' id='word_1_789' title='bbox 3607 4811 3724 4880; x_wconf 87' lang='lat' dir='ltr'><strong>ipsa</strong></span> <span class='ocrx_word' id='word_1_790' title='bbox 3751 4814 3866 4866; x_wconf 89' lang='lat' dir='ltr'><strong>vita</strong></span> <span class='ocrx_word' id='word_1_791' title='bbox 3895 4828 4000 4867; x_wconf 92' lang='lat' dir='ltr'><strong>non</strong></span> 
     </span>
    </p>
   </div>
   <div class='ocr_carea' id='block_1_107' title="bbox 2426 4903 4000 4974">
    <p class='ocr_par' dir='ltr' id='par_1_107' title="bbox 2426 4903 4000 4974">
     <span class='ocr_line' id='line_1_107' title="bbox 2426 4903 4000 4974; baseline 0.001 -17"><span class='ocrx_word' id='word_1_792' title='bbox 2426 4905 2564 4974; x_wconf 83' lang='lat' dir='ltr'><strong>sapit</strong></span> <span class='ocrx_word' id='word_1_793' title='bbox 2612 4903 2826 4974; x_wconf 81' lang='lat' dir='ltr'><strong>longam</strong></span> <span class='ocrx_word' id='word_1_794' title='bbox 2859 4903 3262 4972; x_wconf 88' lang='lat' dir='ltr'><strong>antiquitatem,</strong></span> <span class='ocrx_word' id='word_1_795' title='bbox 3298 4917 3399 4955; x_wconf 91' lang='lat' dir='ltr'><strong>nec</strong></span> <span class='ocrx_word' id='word_1_796' title='bbox 3446 4910 3623 4971; x_wconf 89' lang='lat' dir='ltr'><strong>potest</strong></span> <span class='ocrx_word' id='word_1_797' title='bbox 3661 4909 3791 4956; x_wconf 83' lang='lat' dir='ltr'><strong>ante</strong></span> <span class='ocrx_word' id='word_1_798' title='bbox 3828 4920 4000 4958; x_wconf 63' lang='lat' dir='ltr'><strong>smcu-</strong></span> 
     </span>
    </p>
   </div>
   <div class='ocr_carea' id='block_1_108' title="bbox 2426 4993 4001 5064">
    <p class='ocr_par' dir='ltr' id='par_1_108' title="bbox 2426 4993 4001 5064">
     <span class='ocr_line' id='line_1_108' title="bbox 2426 4993 4001 5064; baseline -0.001 -14"><span class='ocrx_word' id='word_1_799' title='bbox 2426 5001 2538 5051; x_wconf 85' lang='lat' dir='ltr'><strong>iutn</strong></span> <span class='ocrx_word' id='word_1_800' title='bbox 2575 4995 2847 5050; x_wconf 87' lang='lat' dir='ltr'><strong>decimum</strong></span> <span class='ocrx_word' id='word_1_801' title='bbox 2887 4997 3090 5064; x_wconf 84' lang='lat' dir='ltr'><strong>scripta</strong></span> <span class='ocrx_word' id='word_1_802' title='bbox 3124 4993 3314 5057; x_wconf 80' lang='lat' dir='ltr'><strong>fuisse,</strong></span> <span class='ocrx_word' id='word_1_803' title='bbox 3345 4993 3389 5046; x_wconf 90' lang='lat' dir='ltr'><strong>si</strong></span> <span class='ocrx_word' id='word_1_804' title='bbox 3419 5009 3525 5047; x_wconf 90' lang='lat' dir='ltr'><strong>non</strong></span> <span class='ocrx_word' id='word_1_805' title='bbox 3561 4993 3653 5048; x_wconf 90' lang='lat' dir='ltr'><strong>diu</strong></span> <span class='ocrx_word' id='word_1_806' title='bbox 3681 5005 3828 5064; x_wconf 82' lang='lat' dir='ltr'><strong>post.</strong></span> <span class='ocrx_word' id='word_1_807' title='bbox 3865 4995 4001 5064; x_wconf 84' lang='lat' dir='ltr'><strong>Spa-</strong></span> 
     </span>
    </p>
   </div>
   <div class='ocr_carea' id='block_1_109' title="bbox 2429 5085 4000 5156">
    <p class='ocr_par' dir='ltr' id='par_1_109' title="bbox 2429 5085 4000 5156">
     <span class='ocr_line' id='line_1_109' title="bbox 2429 5085 4000 5156; baseline -0.003 -12"><span class='ocrx_word' id='word_1_808' title='bbox 2429 5093 2505 5144; x_wconf 87' lang='lat' dir='ltr'><strong>tio</strong></span> <span class='ocrx_word' id='word_1_809' title='bbox 2530 5100 2711 5143; x_wconf 88' lang='lat' dir='ltr'><strong>autem</strong></span> <span class='ocrx_word' id='word_1_810' title='bbox 2744 5103 2961 5152; x_wconf 70' lang='lat' dir='ltr'><strong>novem,</strong></span> <span class='ocrx_word' id='word_1_811' title='bbox 3000 5086 3210 5151; x_wconf 89' lang='lat' dir='ltr'><strong>decem,</strong></span> <span class='ocrx_word' id='word_1_812' title='bbox 3240 5095 3335 5140; x_wconf 89' lang='lat' dir='ltr'><strong>aut</strong></span> <span class='ocrx_word' id='word_1_813' title='bbox 3385 5085 3624 5156; x_wconf 90' lang='lat' dir='ltr'><strong>plurium</strong></span> <span class='ocrx_word' id='word_1_814' title='bbox 3670 5087 4000 5141; x_wconf 61' lang='lat' dir='ltr'><strong>seculorum</strong></span> 
     </span>
    </p>
   </div>
   <div class='ocr_carea' id='block_1_110' title="bbox 2431 5179 3999 5252">
    <p class='ocr_par' dir='ltr' id='par_1_110' title="bbox 2431 5179 3999 5252">
     <span class='ocr_line' id='line_1_110' title="bbox 2431 5179 3999 5252; baseline -0.002 -15"><span class='ocrx_word' id='word_1_815' title='bbox 2431 5196 2559 5237; x_wconf 91' lang='lat' dir='ltr'><strong>tunc</strong></span> <span class='ocrx_word' id='word_1_816' title='bbox 2595 5183 2799 5252; x_wconf 89' lang='lat' dir='ltr'><strong>elapso,</strong></span> <span class='ocrx_word' id='word_1_817' title='bbox 2837 5179 3056 5250; x_wconf 84' lang='lat' dir='ltr'><strong>quando</strong></span> <span class='ocrx_word' id='word_1_818' title='bbox 3104 5181 3305 5250; x_wconf 87' lang='lat' dir='ltr'><strong>scripta</strong></span> <span class='ocrx_word' id='word_1_819' title='bbox 3356 5181 3477 5244; x_wconf 77' lang='lat' dir='ltr'><strong>fuit,</strong></span> <span class='ocrx_word' id='word_1_820' title='bbox 3528 5188 3710 5250; x_wconf 80' lang='lat' dir='ltr'><strong>potest</strong></span> <span class='ocrx_word' id='word_1_821' title='bbox 3761 5181 3999 5250; x_wconf 88' lang='lat' dir='ltr'><strong>scriptor</strong></span> 
     </span>
    </p>
   </div>
   <div class='ocr_carea' id='block_1_111' title="bbox 2429 5272 4000 5345">
    <p class='ocr_par' dir='ltr' id='par_1_111' title="bbox 2429 5272 4000 5345">
     <span class='ocr_line' id='line_1_111' title="bbox 2429 5272 4000 5345; baseline -0.003 -14"><span class='ocrx_word' id='word_1_822' title='bbox 2429 5276 2598 5331; x_wconf 88' lang='lat' dir='ltr'><strong>multa</strong></span> <span class='ocrx_word' id='word_1_823' title='bbox 2630 5277 2909 5345; x_wconf 87' lang='lat' dir='ltr'><strong>ignorasse</strong></span> <span class='ocrx_word' id='word_1_824' title='bbox 2927 5275 2994 5327; x_wconf 91' lang='lat' dir='ltr'><strong>de</strong></span> <span class='ocrx_word' id='word_1_825' title='bbox 3013 5274 3176 5343; x_wconf 88' lang='lat' dir='ltr'><strong>gestis</strong></span> <span class='ocrx_word' id='word_1_826' title='bbox 3203 5272 3376 5328; x_wconf 89' lang='lat' dir='ltr'><strong>sancti</strong></span> <span class='ocrx_word' id='word_1_827' title='bbox 3407 5274 3511 5335; x_wconf 90' lang='lat' dir='ltr'><strong>sui,</strong></span> <span class='ocrx_word' id='word_1_828' title='bbox 3532 5274 4000 5342; x_wconf 88' lang='lat' dir='ltr'><strong>quemadmodum</strong></span> 
     </span>
    </p>
   </div>
   <div class='ocr_carea' id='block_1_112' title="bbox 2431 5364 4002 5434">
    <p class='ocr_par' dir='ltr' id='par_1_112' title="bbox 2431 5364 4002 5434">
     <span class='ocr_line' id='line_1_112' title="bbox 2431 5364 4002 5434; baseline -0.005 -10"><span class='ocrx_word' id='word_1_829' title='bbox 2431 5387 2575 5425; x_wconf 89' lang='lat' dir='ltr'><strong>nunc</strong></span> <span class='ocrx_word' id='word_1_830' title='bbox 2605 5367 2739 5422; x_wconf 85' lang='lat' dir='ltr'><strong>nihil</strong></span> <span class='ocrx_word' id='word_1_831' title='bbox 2775 5369 2843 5422; x_wconf 90' lang='lat' dir='ltr'><strong>de</strong></span> <span class='ocrx_word' id='word_1_832' title='bbox 2873 5367 2976 5420; x_wconf 87' lang='lat' dir='ltr'><strong>illis</strong></span> <span class='ocrx_word' id='word_1_833' title='bbox 3009 5365 3182 5421; x_wconf 88' lang='lat' dir='ltr'><strong>scitur</strong></span> <span class='ocrx_word' id='word_1_834' title='bbox 3223 5378 3291 5418; x_wconf 78' lang='lat' dir='ltr'><strong>ex</strong></span> <span class='ocrx_word' id='word_1_835' title='bbox 3340 5364 3668 5434; x_wconf 81' lang='lat' dir='ltr'><strong>antiquitate</strong></span> <span class='ocrx_word' id='word_1_836' title='bbox 3707 5373 3916 5432; x_wconf 83' lang='lat' dir='ltr'><strong>praeter</strong></span> <span class='ocrx_word' id='word_1_837' title='bbox 3941 5364 4002 5417; x_wconf 86' lang='lat' dir='ltr'><strong>id</strong></span> 
     </span>
    </p>
   </div>
   <div class='ocr_carea' id='block_1_113' title="bbox 2430 5456 4002 5532">
    <p class='ocr_par' dir='ltr' id='par_1_113' title="bbox 2430 5456 4002 5532">
     <span class='ocr_line' id='line_1_113' title="bbox 2430 5456 4002 5532; baseline -0.004 -14"><span class='ocrx_word' id='word_1_838' title='bbox 2430 5462 2576 5532; x_wconf 85' lang='lat' dir='ltr'><strong>quod</strong></span> <span class='ocrx_word' id='word_1_839' title='bbox 2611 5462 2800 5516; x_wconf 82' lang='lat' dir='ltr'><strong>invita</strong></span> <span class='ocrx_word' id='word_1_840' title='bbox 2837 5468 3131 5513; x_wconf 85' lang='lat' dir='ltr'><strong>narrantur</strong></span> <span class='ocrx_word' id='word_1_841' title='bbox 3163 5476 3174 5510; x_wconf 97' lang='lat'>:</span> <span class='ocrx_word' id='word_1_842' title='bbox 3212 5467 3266 5511; x_wconf 91' lang='lat' dir='ltr'><strong>ct</strong></span> <span class='ocrx_word' id='word_1_843' title='bbox 3304 5456 3473 5527; x_wconf 81' lang='lat' dir='ltr'><strong>magis</strong></span> <span class='ocrx_word' id='word_1_844' title='bbox 3508 5466 3688 5525; x_wconf 90' lang='lat' dir='ltr'><strong>potest</strong></span> <span class='ocrx_word' id='word_1_845' title='bbox 3719 5456 4002 5525; x_wconf 77' lang='lat' dir='ltr'><strong>ignorasse</strong></span> 
     </span>
    </p>
   </div>
   <div class='ocr_carea' id='block_1_114' title="bbox 2430 5547 4006 5620">
    <p class='ocr_par' dir='ltr' id='par_1_114' title="bbox 2430 5547 4006 5620">
     <span class='ocr_line' id='line_1_114' title="bbox 2430 5547 4006 5620; baseline -0.006 -13"><span class='ocrx_word' id='word_1_846' title='bbox 2430 5564 2641 5608; x_wconf 85' lang='lat' dir='ltr'><strong>certum</strong></span> <span class='ocrx_word' id='word_1_847' title='bbox 2675 5565 2892 5620; x_wconf 87' lang='lat' dir='ltr'><strong>tempus</strong></span> <span class='ocrx_word' id='word_1_848' title='bbox 2911 5566 3021 5618; x_wconf 88' lang='lat' dir='ltr'><strong>quo</strong></span> <span class='ocrx_word' id='word_1_849' title='bbox 3048 5549 3268 5613; x_wconf 76' lang='lat' dir='ltr'><strong>vixerit,</strong></span> <span class='ocrx_word' id='word_1_850' title='bbox 3303 5547 3672 5619; x_wconf 70' lang='lat' dir='ltr'><strong>martyt‘loque</strong></span> <span class='ocrx_word' id='word_1_851' title='bbox 3707 5560 4006 5602; x_wconf 83' lang='lat' dir='ltr'><strong>coronatus</strong></span> 
     </span>
    </p>
   </div>
   <div class='ocr_carea' id='block_1_115' title="bbox 2431 5640 4002 5712">
    <p class='ocr_par' dir='ltr' id='par_1_115' title="bbox 2431 5640 4002 5712">
     <span class='ocr_line' id='line_1_115' title="bbox 2431 5640 4002 5712; baseline -0.003 -12"><span class='ocrx_word' id='word_1_852' title='bbox 2431 5648 2612 5704; x_wconf 77' lang='lat' dir='ltr'><strong>fuerit.</strong></span> <span class='ocrx_word' id='word_1_853' title='bbox 2657 5646 2713 5699; x_wconf 89' lang='lat' dir='ltr'><strong>In</strong></span> <span class='ocrx_word' id='word_1_854' title='bbox 2759 5644 2858 5698; x_wconf 90' lang='lat' dir='ltr'><strong>hac</strong></span> <span class='ocrx_word' id='word_1_855' title='bbox 2895 5658 3055 5712; x_wconf 83' lang='lat' dir='ltr'><strong>porro</strong></span> <span class='ocrx_word' id='word_1_856' title='bbox 3103 5642 3442 5712; x_wconf 87' lang='lat' dir='ltr'><strong>ignoratione</strong></span> <span class='ocrx_word' id='word_1_857' title='bbox 3480 5650 3576 5695; x_wconf 91' lang='lat' dir='ltr'><strong>aut</strong></span> <span class='ocrx_word' id='word_1_858' title='bbox 3604 5640 3841 5711; x_wconf 80' lang='lat' dir='ltr'><strong>maligna</strong></span> <span class='ocrx_word' id='word_1_859' title='bbox 3895 5646 4002 5695; x_wconf 79' lang='lat' dir='ltr'><strong>tra-</strong></span> 
     </span>
    </p>
   </div>
   <div class='ocr_carea' id='block_1_116' title="bbox 2431 5732 4004 5807">
    <p class='ocr_par' dir='ltr' id='par_1_116' title="bbox 2431 5732 4004 5807">
     <span class='ocr_line' id='line_1_116' title="bbox 2431 5732 4004 5807; baseline -0.005 -15"><span class='ocrx_word' id='word_1_860' title='bbox 2431 5740 2656 5799; x_wconf 80' lang='lat' dir='ltr'><strong>ditionis</strong></span> <span class='ocrx_word' id='word_1_861' title='bbox 2701 5737 2842 5807; x_wconf 80' lang='lat' dir='ltr'><strong>vulgi</strong></span> <span class='ocrx_word' id='word_1_862' title='bbox 2881 5732 3002 5791; x_wconf 83' lang='lat' dir='ltr'><strong>luce</strong></span> <span class='ocrx_word' id='word_1_863' title='bbox 3041 5735 3281 5790; x_wconf 78' lang='lat' dir='ltr'><strong>scribere</strong></span> <span class='ocrx_word' id='word_1_864' title='bbox 3331 5748 3530 5788; x_wconf 71' lang='lat' dir='ltr'><strong>exorso</strong></span> <span class='ocrx_word' id='word_1_865' title='bbox 3580 5733 3757 5788; x_wconf 73' lang='lat' dir='ltr'><strong>visum</strong></span> <span class='ocrx_word' id='word_1_866' title='bbox 3814 5733 4004 5794; x_wconf 77' lang='lat' dir='ltr'><strong>fuerit,</strong></span> 
     </span>
    </p>
   </div>
   <div class='ocr_carea' id='block_1_117' title="bbox 2429 5826 4002 5905">
    <p class='ocr_par' dir='ltr' id='par_1_117' title="bbox 2429 5826 4002 5905">
     <span class='ocr_line' id='line_1_117' title="bbox 2429 5826 4002 5905; baseline -0.003 -21"><span class='ocrx_word' id='word_1_867' title='bbox 2429 5836 2623 5905; x_wconf 81' lang='lat' dir='ltr'><strong>aptiori</strong></span> <span class='ocrx_word' id='word_1_868' title='bbox 2664 5843 2901 5903; x_wconf 83' lang='lat' dir='ltr'><strong>tempore</strong></span> <span class='ocrx_word' id='word_1_869' title='bbox 2953 5829 3288 5901; x_wconf 78' lang='lat' dir='ltr'><strong>Stephanum</strong></span> <span class='ocrx_word' id='word_1_870' title='bbox 3334 5826 3530 5882; x_wconf 81' lang='lat' dir='ltr'><strong>adduci</strong></span> <span class='ocrx_word' id='word_1_871' title='bbox 3581 5828 3859 5898; x_wconf 72' lang='lat' dir='ltr'><strong>Rhegium</strong></span> <span class='ocrx_word' id='word_1_872' title='bbox 3893 5842 4002 5882; x_wconf 72' lang='lat' dir='ltr'><strong>non</strong></span> 
     </span>
    </p>
   </div>
  </div>
