4188 6310
228 405 323 467 313

1155 402 1331 465 VITA
1373 401 1435 463 S.
1486 399 1865 459 STEPHANI
1905 398 2000 457 ET
2040 397 2455 460 SOCIORUM.

3339 402 3447 464 31‘

227 532 392 586 posse,
429 531 590 584 quam
616 531 724 584 quo
748 514 945 569 Paulus
969 514 1248 583 apostolus
1274 515 1466 569 eodem
1497 517 1772 584 appulisse
1802 521 1848 575 Α
1877 527 2004 568 runt
2039 514 2328 584 Rhegium.
2365 515 2482 570 Non
2533 513 2794 568 dicuntur
2835 514 3029 568 urbem
3064 514 3317 577 intrasse,
3349 532 3448 571 ne-

226 609 491 662 sciebatur
516 628 533 673 ;
562 618 616 661 et
660 608 913 676 prazsumi
952 617 1190 675 poterat,
1223 607 1401 677 ipsum
1440 609 1640 663 ibidem
1678 624 1778 677 pro

225 715 280 754 se
308 701 537 768 aliquem
570 701 849 767 reliquisse
873 700 1212 768 episcopum.

297 793 376 845 lO.
409 793 544 845 Tum
587 808 714 846 vero
741 793 908 859 quaeri
944 801 1121 859 potest
1151 792 1217 846 de
1249 792 1411 846 sociis
1449 803 1776 864 symmarty-

227 885 367 940 ribus
407 884 461 938 S.
495 884 778 952 Stephani,
811 883 981 936 Suera
1010 885 1289 952 episcopo,
1324 894 1378 937 et
1411 887 1774 947 mulieribus,

225 982 442 1042 Agnete.
477 976 756 1028 Felicitate
784 984 838 1026 et
869 976 1159 1044 Perpetua,
1183 979 1322 1031 unde
1349 978 1469 1031 illos
1500 979 1778 1044 acceperit

223 1077 311 1120 aut
365 1077 643 1120 mutuatus
691 1066 828 1119 forte
876 1068 948 1120 sit
993 1069 1228 1135 scriptor
1264 1068 1618 1136 Vitam/Eque.
1666 1073 1779 1121 haac

221 1159 445 1211 obscura
479 1155 696 1208 aliunde
721 1168 849 1209 sunt
879 1174 890 1207 :
932 1173 1031 1210 nec
1062 1157 1216 1210 facile
1243 1158 1476 1223 capiam,
1505 1160 1779 1225 quomodo

226 1250 326 1302 illis
363 1248 596 1300 inducta:
629 1249 909 1318 religionis
932 1249 1251 1302 ChriSIianae
1279 1248 1466 1307 initiis.
1497 1249 1607 1303 duo
1635 1251 1781 1304 Rhe-

219 1339 287 1407 gii
333 1338 536 1390 fuerint
577 1338 842 1406 episcopi,
872 1339 1090 1405 quando
1125 1340 1191 1392 de
1224 1354 1332 1392 uno
1359 1341 1475 1392 solo
1505 1355 1612 1394 non
1642 1357 1777 1395 con-

222 1439 324 1484 stat
356 1440 532 1482 certo.
569 1430 638 1482 De
674 1431 999 1482 mulieribus
1028 1444 1247 1498 quoque
1281 1433 1516 1486 certiora
1559 1432 1777 1487 deside-

221 1520 321 1571 rari
353 1530 599 1586 possunt,
635 1535 700 1572 ne
735 1520 858 1587 quis
884 1530 1109 1589 cogatur
1133 1521 1423 1587 suspicari,
1456 1523 1777 1589 Perpetuam

219 1619 376 1674 atque
401 1607 759 1671 Felicitatem,
780 1611 1022 1661 omnium
1046 1609 1158 1662 fere
1179 1610 1527 1678 antiquorum
1558 1612 1778 1664 Patrum

219 1695 435 1762 Scriptis
465 1695 786 1757 celebratas,
817 1699 868 1749 in
893 1698 1070 1751 Africa
1098 1715 1218 1752 cum
1247 1701 1366 1751 aliis
1387 1701 1550 1752 sociis
1576 1713 1779 1769 marty-

221 1801 324 1852 res,
361 1787 582 1840 ineunte
612 1790 809 1842 saeculo
848 1791 1005 1843 tertio
1044 1806 1248 1859 passas,
1282 1793 1549 1862 Rhegium
1586 1795 1779 1849 tradu-

221 1888 332 1931 ctas
357 1877 543 1932 fuisse.

290 1969 372 2021 il.
409 1969 517 2037 Ego
544 1970 760 2037 quidem
796 1987 894 2040 per
927 1973 1040 2027 inec
1079 1975 1243 2028 dubia
1288 1992 1403 2030 mea
1436 1977 1570 2030 nihil
1616 1977 1779 2033 dero-

220 2070 398 2125 gatum
447 2059 604 2111 velim
645 2061 897 2126 veritati;
930 2062 1022 2116 sed
1068 2067 1238 2131 magis
1269 2066 1453 2132 cupio.
1490 2068 1776 2119 veritatem

218 2164 285 2200 ex
324 2147 429 2202 illis
477 2149 828 2206 illustriOrem
874 2153 989 2206 fieri
1031 2170 1127 2221 per
1161 2165 1314 2223 aptas
1348 2157 1414 2212 ad
1450 2156 1614 2210 dubia
1660 2174 1779 2212 mea

219 2240 605 2309 Rhegiensium
637 2245 956 2299 solutiones.
986 2247 1142 2302 Aliud
1171 2263 1388 2316 quoque
1415 2249 1642 2302 dubium
1675 2251 1781 2305 huc

217 2333 479 2399 pertinet,
522 2335 608 2386 ubi
645 2336 710 2389 de
745 2338 918 2405 prima
947 2339 1338 2409 Rhegiensium
1383 2343 1448 2394 ad
1483 2342 1684 2396 Christi
1721 2346 1782 2396 li-

217 2420 342 2473 dem
393 2425 751 2479 Conversione
801 2443 894 2494 per
943 2427 1170 2482 Paulum
1224 2432 1551 2499 apostolum,
1603 2450 1781 2488 sermo

215 2520 321 2565 est.
351 2515 698 2582 Papularium
738 2533 858 2578 vox,
887 2529 942 2570 et
974 2523 1374 2586 quodammodo
1405 2523 1780 2592 Evangelium,

217 2604 287 2656 de
310 2619 415 2672 quo
444 2606 692 2659 dubitare
727 2607 874 2658 nefas
901 2609 990 2668 sit.
1022 2612 1233 2663 insonat
1255 2613 1504 2673 auribus.
1533 2615 1778 2679 Paulum,

215 2710 340 2747 cum
374 2711 400 2746 e
427 2696 578 2765 Syria
608 2698 871 2767 Rhegium
897 2703 1218 2768 appulisset,
1241 2704 1524 2759 dueendus
1555 2707 1779 2760 Romam

215 2800 244 2836 a
280 2789 604 2842 centurione
651 2799 703 2843 et
740 2793 1062 2848 custodibus
1091 2797 1205 2848 suis
1237 2794 1301 2852 ad
1339 2799 1577 2852 tribunal
1609 2798 1786 2854 Cresa-

213 2877 314 2938 ris.
367 2879 421 2931 in
464 2879 712 2950 ingressu
759 2885 909 2937 urbis
956 2886 1299 2954 Rhegieusis,
1346 2891 1575 2958 coepisse
1621 2890 1783 2944 Citri-

214 2978 362 3021 stum
400 2973 728 3026 annnntiare
765 2991 777 3024 :
819 2975 1022 3026 incolas
1061 2988 1242 3030 autem
1293 2979 1568 3033 obstinato
1598 2981 1782 3034 animo

211 3063 263 3112 ei
296 3062 641 3127 prohibuisse
671 3062 978 3118 istiusmodi
1010 3077 1222 3122 anuuut
1245 3070 1525 3139 ationem;
1563 3074 1779 3129 tandem

217 3159 423 3212 tamen,
458 3152 785 3221 deprecante
817 3156 1002 3221 Paulo,
1038 3171 1097 3214 ut
1130 3177 1186 3214 se
1226 3163 1494 3217 dicentem
1529 3166 1781 3222 audirent

213 3242 432 3294 tantillo
461 3253 724 3312 terupore,
757 3262 865 3315 quo
889 3252 1171 3316 parvulum
1197 3254 1437 3306 candela
1464 3255 1777 3322 frustulum,

211 3335 362 3403 quod
393 3345 552 3390 t'nanu
582 3340 802 3393 tenebat
836 3357 1149 3408 accensum,
1183 3344 1551 3414 deflagrasset,
1586 3349 1636 3401 id
1665 3364 1782 3417 per-

214 3430 453 3483 misisse.
521 3430 657 3483 Tuin
720 3450 850 3487 vero
922 3436 1152 3489 Paulum
1220 3441 1461 3494 candela:
1542 3444 1783 3498 ardentis

212 3519 509 3571 frustulum
536 3521 860 3587 imposuisse
890 3525 1211 3590 columellae,
1245 3544 1362 3595 quae
1385 3530 1521 3585 forte
1547 3536 1776 3597 astabat,

210 3628 574 3677 marmoreae;
611 3625 665 3667 et
713 3614 850 3669 hanc
895 3618 1228 3686 columnam,
1262 3634 1580 3692 consumpta
1629 3626 1780 3678 brevi

211 3701 502 3756 candelula
568 3703 837 3762 ﬂammam
881 3712 1199 3779 concepisse
1257 3721 1311 3766 et
1354 3716 1659 3781 perrexisse
1694 3732 1784 3769 ar-

212 3793 371 3848 dere.
405 3793 525 3860 Quo
557 3797 672 3866 viso
703 3799 973 3871 prodigio,
1013 3804 1218 3857 incolas
1246 3803 1405 3859 fidem
1437 3805 1639 3862 Christi
1668 3824 1785 3862 am-

209 3887 465 3956 plexatos
493 3886 682 3943 fuisse.

290 3977 378 4030 12.
417 3976 532 4033 Hoc
567 3980 790 4046 factum,
823 3999 930 4038 non
964 3996 1172 4040 tantum
1203 3987 1348 4058 vulgi
1377 4003 1654 4052 sermone,
1686 3989 1781 4045 sed

209 4068 386 4124 etiam
428 4072 634 4141 scripto
668 4075 980 4132 celebratur
1014 4097 1042 4134 a
1071 4080 1245 4135 Marco
1270 4081 1507 4136 Antonio
1540 4082 1698 4137 Politi
1728 4083 1783 4136 in

209 4158 494 4216 Chronico
528 4162 815 4234 Rhegieusi
865 4184 987 4236 pag.
1019 4170 1108 4234 80,
1163 4171 1258 4224 sed
1305 4173 1485 4226 obiter
1541 4179 1781 4225 tantum.

207 4251 462 4307 Primum
499 4255 631 4308 mihi
676 4258 732 4309 in
767 4257 850 4311 bis
886 4260 1111 4314 dubium
1157 4268 1264 4322 est,
1311 4273 1496 4315 utrum
1550 4261 1779 4318 Paulum

211 4343 416 4414 Bbegii
455 4346 716 4402 miracula
749 4348 961 4413 fecerit,
997 4360 1090 4406 aut
1125 4352 1337 4424 aliquos
1367 4354 1433 4407 ad
1460 4354 1620 4408 fidem
1651 4371 1781 4409 con-

210 4437 473 4497 verterit.
510 4439 616 4493 imo
663 4457 730 4494 an
763 4442 917 4497 istam
952 4445 1144 4499 urbem
1183 4462 1248 4500 ex
1293 4446 1637 4516 navigatione
1691 4448 1781 4504 illa

1877 605 2004 659 dum
2053 620 2262 658 moram
2311 605 2565 659 diurnam
2617 605 2691 659 ibi
2739 605 2964 670 fecisse;
2999 607 3092 660 sed
3129 608 3312 674 potius
3343 609 3448 662 iter

1877 697 2174 767 prosecuti,
2200 714 2228 750 e
2253 707 2550 766 conspectu
2587 696 2800 767 Rhegii,
2832 697 3048 752 favente
3079 711 3289 763 austro,
3325 710 3450 767 post

1881 808 2046 846 unum
2110 791 2254 845 diem
2315 791 2701 860 navigationis,
2751 801 3015 845 venerunt
3066 792 3156 846 die
3201 795 3446 847 secundo

1878 882 2154 938 Puteolos.
2202 882 2388 950 Neque
2418 883 2590 944 enim,
2623 883 2668 935 si
2703 898 2810 935 uno
2833 883 2921 935 ilic
2949 883 3140 950 Rhegii
3173 885 3450 938 substitis-

1879 983 2022 1036 sent,
2070 975 2376 1042 potuissent
2428 974 2517 1026 die
2581 975 2820 1027 secundo
2867 975 3123 1029 Puteolos
3179 976 3447 1043 attigisse,

1878 1067 2296 1136 quibuscunque
2328 1066 2603 1119 stantibus
2632 1067 2829 1131 ventis,
2851 1077 3070 1136 propter
3095 1067 3446 1136 longinquam

1878 1160 2121 1215 locorum
2159 1158 2493 1212 distantiam.

1954 1251 2036 1304 15.
2071 1251 2145 1304 lta
2181 1252 2458 1304 intellecto
2489 1250 2626 1305 sacri
2658 1250 2941 1319 scriptoris
2976 1260 3148 1307 textu.
3177 1251 3253 1303 uti
3288 1250 3448 1318 plano

1876 1341 2095 1395 videtur
2135 1342 2360 1409 intelligi
2397 1343 2597 1396 debere
2621 1381 2636 1403 ,
2675 1342 2951 1395 evanescit
2987 1341 3295 1409 prodigium
3351 1355 3450 1392 co-

1879 1433 2078 1486 lumna:
2122 1449 2442 1488 marmoreae
2493 1434 2737 1487 ardentis
2767 1433 2816 1485 in
2846 1433 3260 1486 conversionem
3300 1430 3452 1484 Rbe-

1878 1525 2168 1595 giensium.
2206 1527 2316 1577 imo
2349 1535 2400 1577 et
2451 1525 2737 1578 conversio
2777 1525 3019 1592 ipsorum
3059 1539 3155 1590 per
3191 1521 3446 1584 Paulum,

1879 1626 1932 1668 et
1968 1615 2240 1668 ordinatio
2276 1613 2537 1681 Stephani
2572 1621 2701 1665 tunc
2726 1614 2988 1679 temporis
3015 1612 3066 1663 in
3102 1612 3448 1678 episcopum.

1881 1706 2032 1769 Quod
2064 1704 2107 1756 si
2146 1704 2269 1777 quis
2292 1703 2455 1756 etiam
2488 1702 2764 1754 sustinere
2804 1699 2953 1758 velit,
2994 1697 3220 1749 Paulum
3252 1698 3450 1750 civita-

1886 1804 1991 1849 tem
2048 1795 2350 1864 ingressuri)
2413 1794 2599 1852 fuisse.
2650 1792 2834 1860 ibique
2880 1779 2969 1842 die
3007 1804 3116 1841 uno
3159 1787 3448 1848 mansisse,

1809 1859 1850 1914 Β
1884 1887 2126 1940 nondum
2181 1887 2434 1939 columna
2485 1900 2790 1938 marmorea
2837 1885 3056 1936 arserit.
3084 1880 3223 1947 Quid
3265 1877 3451 1933 enim?

1883 1977 1934 2030 Si
1977 1978 2026 2028 id
2071 1976 2272 2030 factum
2311 1976 2523 2036 fuisset,
2563 1977 2756 2038 Lucas,
2811 1974 2961 2028 Pauli
3010 1976 3214 2034 socius,
3261 1972 3452 2038 utique

1881 2070 2152 2124 scivisset.
2213 2069 2269 2122 Si
2319 2070 2588 2129 scivisset.
2636 2069 2825 2135 utique
2875 2067 3210 2132 scripsisset.
3252 2061 3449 2129 Utpote

1880 2162 1973 2230 qui
2010 2164 2180 2214 multo
2214 2162 2423 2215 minora
2458 2159 2606 2213 Pauli
2656 2169 2806 2228 gesta
2859 2157 2913 2211 in
2957 2157 3136 2210 Melita
3178 2155 3352 2208 insula
3394 2160 3450 2207 et

1881 2254 2030 2313 alibi,
2066 2265 2170 2304 tam
2208 2252 2398 2304 sedulo
2429 2252 2481 2303 in
2513 2250 2836 2306 memoriam
2876 2249 3214 2318 posteritatis
3245 2245 3452 2313 scripto

1883 2346 2247 2415 consignavir.
2281 2343 2464 2412 Utitur
2503 2343 2556 2395 in
2599 2358 2654 2395 re
2688 2340 2877 2400 simili,
2908 2341 3069 2394 simili
3107 2346 3452 2404 argumenta-

1886 2439 2031 2492 tione
2063 2436 2118 2492 S.
2147 2436 2531 2504 Hieronymus.
2570 2432 2876 2501 Legebatur
2904 2431 3078 2500 ipsius
3108 2429 3289 2483 adhuc
3316 2437 3453 2480 tem-

1884 2540 2014 2597 pore
2046 2528 2186 2580 liber
2223 2527 2287 2580 de
2324 2526 2491 2595 gestis
2521 2524 2670 2579 Pauli
2705 2534 2757 2577 et
2783 2523 3020 2583 Thecla.
3063 2522 3115 2575 in
3151 2536 3260 2589 quo
3299 2520 3450 2573 etde

1885 2617 2156 2685 baptizato
2187 2618 2343 2669 leone
2372 2617 2716 2668 narrabatur.
2743 2614 2898 2678 Quod
2940 2613 3278 2666 refutaturus
3309 2612 3447 2680 ipse,

1881 2711 1962 2765 sic
1993 2711 2069 2763 ait
2107 2727 2118 2760 :
2159 2729 2176 2760 ι
2214 2709 2382 2778 Igitur
2415 2708 2700 2775 Περιόδους
2756 2706 2904 2761 Pauli
2935 2715 2990 2760 et
3013 2705 3244 2761 Theclae.
3281 2704 3334 2756 et
3365 2712 3450 2755 to-

1883 2811 1992 2856 tam
2044 2801 2298 2870 baptizati
2357 2801 2535 2855 leonis
2592 2800 2854 2861 fabulam,
2917 2798 3059 2851 inter
3103 2796 3449 2866 apocryphas

1883 2898 2182 2964 scripturas
2213 2907 2609 2964 computamus.
2640 2894 2806 2960 Quale
2841 2893 2985 2948 enim
3022 2901 3126 2952 est,
3155 2901 3215 2945 ut
3245 2889 3448 2944 indivi-

1883 2989 2025 3044 duus
2048 3003 2233 3040 comes
2268 2988 2512 3054 Apostoli
2549 2991 2742 3048 Lucas.
2773 2989 2913 3042 inter
2941 2992 3166 3040 caeteras
3194 2985 3314 3054 ejus
3342 2997 3448 3046 res.

1885 3080 1988 3134 boc
2013 3079 2189 3133 solum
2219 3079 2592 3147 ignoraverit?
2637 3099 2654 3131 ι
2692 3081 2956 3134 Similiter
2990 3078 3264 3146 quomodo
3301 3076 3450 3128 idem

1809 3199 1850 3254 ρ
1887 3173 2237 3245 ignoraverit,
2289 3189 2575 3228 accensam
2624 3187 2652 3226 a
2700 3188 2864 3242 parva
2902 3169 3210 3226 candelnla.
3249 3167 3450 3237 praedi-

1884 3277 2043 3320 cante
2083 3267 2270 3334 Rhegii
2319 3267 2506 3328 Paulo,
2544 3266 2850 3319 columnam
2887 3276 3245 3316 marmoream
3280 3261 3450 3314 arsise

1885 3358 1984 3410 se?
2015 3376 2033 3408 ι
2072 3358 2236 3410 Addit
2265 3355 2630 3426 Hieronymus
2659 3371 2724 3408 ex
2758 3354 3117 3416 Tertulliano,
3156 3371 3174 3401 ι
3218 3351 3451 3420 Presby-

1888 3459 2062 3504 terum
2088 3448 2377 3516 quemdam
2407 3448 2460 3499 in
2492 3447 2619 3500 Asia
2652 3446 2994 3512 σπουδαστήν
3017 3443 3245 3512 apostoli
3276 3442 3448 3504 Pauli,

1886 3536 2197 3590 convictum
2226 3550 2346 3589 esse
2376 3534 2519 3604 apud
2547 3534 2834 3597 Joannem,
2870 3532 3015 3602 quod
3058 3541 3252 3584 auctor
3305 3540 3451 3586 esset

1885 3628 2031 3690 libri,
2063 3639 2117 3680 et
2150 3628 2482 3685 confessum.
2507 3641 2565 3679 se
2595 3627 2697 3679 hoc
2729 3625 2879 3679 Pauli
2915 3639 3102 3677 amore
3133 3622 3327 3676 fecisse
3352 3637 3367 3678 :
3394 3627 3451 3672 et

1885 3720 1954 3772 ob
1981 3719 2032 3772 id
2062 3719 2129 3772 de
2158 3721 2276 3773 loco
2303 3717 2592 3771 excidisse.
2630 3734 2647 3766 i
2681 3716 2846 3784 Digna
2882 3714 3164 3766 lictoribus
3199 3714 3252 3764 in
3286 3711 3452 3765 rebus

1885 3811 2055 3865 sacris
2081 3825 2146 3864 ac
2177 3812 2336 3865 seriis
2360 3825 2538 3877 paena,
2563 3809 2678 3863 sive
2712 3805 2966 3860 finxerint
2988 3818 3173 3858 amore
3204 3817 3452 3872 persona

1884 3901 2130 3970 privatae,
2155 3899 2269 3952 sive
2296 3913 2479 3951 amore
2503 3897 2712 3966 patriae,
2737 3904 2794 3948 ut
2818 3911 2903 3948 res
2933 3896 3052 3962 ejus
3087 3905 3263 3962 gestas
3286 3907 3451 3962 quam

1884 3993 2150 4047 altissime
2179 4000 2450 4059 repetant.
2481 4001 2577 4044 aut
2601 3988 3021 4044 conversionem
3051 3986 3170 4057 ejus
3199 3985 3264 4039 ad
3293 3983 3454 4039 Chri-

1885 4087 1953 4140 sti
1993 4085 2153 4140 fidem
2190 4088 2256 4137 ab
2287 4083 2552 4151 apostolis
2583 4080 2880 4134 deducant.

1958 4179 2042 4232 Η.
2076 4175 2443 4231 Procedauius
2476 4187 2663 4243 porro.
2703 4171 2823 4226 Non
2861 4179 3072 4226 tantum
3112 4169 3266 4225 Pauli
3315 4177 3456 4222 tem-

1883 4282 2016 4337 pore
2062 4267 2306 4335 ignotum
2360 4263 2465 4316 fuit
2516 4262 2826 4332 prodigium
2873 4261 3119 4315 ardentis
3163 4260 3452 4322 columnae.

1881 4372 2072 4413 verum
2113 4357 2278 4412 etiam
2318 4355 2467 4410 mille
2509 4353 2670 4410 annis
2709 4363 2852 4424 post,
2884 4367 3058 4422 usque
3103 4354 3170 4405 ad
3217 4362 3450 4420 tempus,

1884 4468 1992 4520 quo
2047 4449 2307 4517 primaria
2361 4447 2420 4501 S.
2474 4447 2734 4517 Stephani
2794 4447 2936 4510 vita,
3000 4459 3163 4514 quam
3230 4442 3451 4498 Graeco-

209 4531 528 4584 intraverit.
562 4531 761 4586 Scribit
791 4535 982 4599 Lucas,
1014 4552 1196 4591 comes
1233 4537 1288 4593 S.
1334 4539 1486 4593 Pauli
1526 4540 1582 4594 in
1629 4541 1783 4595 navi-
1816 4546 1863 4604 D
1893 4543 2138 4596 Latinam
2170 4542 2387 4602 damus,
2421 4541 2728 4605 conscripta
2767 4537 2888 4589 fuit.
2931 4537 3060 4606 Ejus
3103 4535 3305 4605 quippe
3361 4549 3456 4587 au-

207 4623 440 4692 gatione
491 4622 1011 4696 Syriacoolioniano,
1066 4646 1186 4699 qua:
1229 4631 1399 4695 vidit;
1443 4641 1497 4685 et
1531 4643 1782 4690 accurate

206 4724 375 4769 notat
403 4731 607 4770 moram
659 4734 818 4786 quam
849 4721 901 4773 in
931 4722 1242 4776 civitatibus
1275 4723 1452 4777 obviis
1479 4733 1780 4788 traxerunt,

206 4807 312 4863 Sic
345 4806 555 4872 Melitae,
583 4808 676 4871 ait,
709 4809 1028 4867 hibernasse
1059 4816 1289 4880 Paulum
1327 4826 1437 4871 tres
1463 4834 1698 4882 menses,
1731 4827 1785 4871 et

204 4913 345 4966 qua:
379 4898 580 4954 ibidem
616 4901 823 4956 interea
854 4903 983 4956 fecit
1021 4905 1279 4958 miracula
1308 4916 1361 4960 et
1397 4909 1786 4964 conversiones

198 4991 530 5065 gentilium,
586 4994 865 5052 describit.
927 4996 1211 5067 Syracusis
1279 4999 1462 5053 triduo
1519 5001 1783 5054 substite-

202 5098 388 5153 runt;
441 5088 684 5143 Puteolis
743 5098 930 5157 rogatu
992 5089 1221 5144 fratrum
1283 5101 1604 5145 manserunt
1667 5092 1786 5146 dies

198 5195 450 5253 septem.
492 5182 564 5235 De
584 5181 790 5251 Rhegio
819 5191 998 5236 autem
1030 5182 1164 5235 nihil
1196 5183 1374 5238 simile
1404 5184 1656 5239 meminit
1679 5183 1785 5237 Lu-

195 5291 287 5327 ea:
328 5282 527 5328 textus.
572 5272 649 5326 En
686 5275 869 5334 verba,
899 5278 1160 5326 Actorum
1204 5289 1324 5342 cap.
1358 5275 1437 5327 ult
1472 5293 1486 5327 :
1516 5294 1532 5325 ‹
1570 5276 1783 5328 Etcum

195 5366 561 5420 venissemus
599 5365 945 5435 Syracusam,
983 5366 1284 5419 mansimus
1317 5367 1390 5419 ibi
1426 5368 1625 5421 triduo.
1656 5368 1785 5420 Inde

193 5459 697 5526 circumlegentes,
726 5458 1047 5512 devenimus
1075 5459 1364 5526 Rhegium,
1388 5468 1583 5527 etpost
1615 5475 1782 5512 unum

194 5555 387 5611 diem.
418 5560 597 5605 stante
633 5559 856 5615 austro;
899 5549 1141 5602 secundo
1184 5549 1271 5603 die
1302 5549 1552 5602 venimus
1595 5551 1787 5603 Puteo-

190 5645 318 5704 los,
359 5643 449 5696 ubi
500 5641 738 5696 inventis
786 5641 1068 5704 fratribus,
1113 5641 1283 5710 rogati
1332 5656 1520 5696 sumus
1568 5657 1785 5696 manere

192 5738 358 5817 apud
395 5751 511 5797 eos,
550 5736 670 5790 dies
696 5744 902 5804 septem
936 5752 948 5786 :
990 5745 1044 5789 et
1074 5733 1153 5789 sic
1191 5735 1440 5789 venimus
1474 5735 1718 5789 Romam.
1761 5753 1778 5786 ι

192 5832 381 5902 Igitur
410 5829 616 5885 Paulus
649 5838 703 5883 et
727 5829 920 5896 Lucas,
960 5829 1276 5899 navigantes
1313 5828 1578 5896 Syracusa
1614 5844 1782 5886 vene-

1893 4642 2032 4697 ctor,
2060 4632 2315 4702 quamvis
2339 4630 2562 4684 Paulum
2593 4629 2812 4685 inducat
2849 4626 3152 4696 Rhegium:
3180 4625 3365 4692 ibique
3392 4623 3456 4676 ﬁ-

1893 4728 2016 4781 dem
2059 4725 2436 4784 annuntiasse,
2475 4723 2676 4776 multos
2711 4720 3039 4788 baptizasse,
3080 4727 3244 4787 atque
3287 4715 3455 4770 etiam

1893 4821 2243 4890 presbyteros
2279 4825 2334 4870 et
2363 4816 2650 4884 episcopos
2688 4813 2969 4866 ordinasse
3002 4811 3171 4873 dicat,
3207 4810 3456 4877 adeoque

1894 4913 2087 4965 innuat
2119 4910 2422 4978 longiorem
2458 4921 2664 4960 moram
2709 4904 2911 4958 ibidem
2953 4908 3228 4965 traxisse;
3273 4909 3456 4955 tamen

1893 5017 1995 5055 suo
2027 5013 2271 5069 tempore
2301 4999 2541 5052 nondum
2575 4996 2756 5054 scivit.
2789 4993 2934 5063 quod
2963 4994 3152 5047 incolae
3178 4992 3458 5063 Rhegion-

1896 5109 1982 5147 ses
2014 5092 2170 5145 initio
2203 5089 2556 5158 pertinaciter
2591 5085 2975 5156 prohibuerint
3007 5083 3173 5138 Paulo
3195 5084 3446 5152 praadica-

1894 5202 1952 5239 re
2005 5184 2187 5245 fidem,
2241 5181 2440 5236 deinde
2491 5194 2622 5231 vero
2672 5193 2768 5246 per
2828 5176 3134 5245 prodigium
3189 5176 3460 5229 columna

1896 5290 2214 5331 marmoreae
2241 5273 2486 5327 ardentis
2530 5270 2779 5324 conversi
2810 5269 2877 5321 ab
2901 5270 3020 5336 ipso
3051 5266 3278 5322 fuerint.
3313 5264 3457 5331 Quin

1898 5370 2007 5422 imo
2041 5367 2173 5420 satis
2212 5365 2454 5419 declarat
2487 5371 2680 5416 auctor
2711 5361 2853 5422 vitae,
2885 5359 3221 5428 Rhegienses
3245 5356 3321 5411 ab
3353 5355 3460 5410 ini-

1897 5461 1993 5521 tio,
2030 5458 2238 5526 absque
2280 5455 2391 5509 ullo
2433 5451 2694 5521 singulari
2735 5449 3022 5511 miraculo,
3068 5447 3294 5501 Paulum
3327 5461 3460 5500 con-

1894 5552 2203 5604 cionantem
2229 5559 2432 5616 pronos
2459 5544 2794 5598 auscultasse
2827 5557 2840 5595 :
2875 5550 2930 5593 et
2954 5539 3118 5594 sicuti
3153 5549 3295 5592 terra
3318 5536 3459 5590 bona

1895 5649 2213 5708 susceptum
2243 5650 2429 5690 semen
2464 5632 2790 5701 multiplicat
2828 5630 3165 5699 centuplum.
3217 5627 3288 5681 ita
3338 5628 3460 5682 illos

1895 5730 2200 5800 suscepisse
2239 5726 2473 5782 verbum
2511 5725 2606 5780 Dei
2644 5740 2709 5778 ex
2738 5739 2834 5777 ore
2865 5721 3044 5777 Pauli.
3081 5719 3252 5775 Debet
3294 5721 3461 5788 igitur

1897 5826 2079 5883 fabula
2111 5824 2211 5880 ista
2240 5821 2477 5891 primum
2511 5830 2639 5875 nata
2662 5817 2829 5873 fuisse
2857 5816 2912 5872 in
2947 5813 3156 5884 vulgus,
3181 5821 3301 5883 post
3330 5821 3454 5868 aeta-
