4188 6310
726 403 836 465 315

2059 396 2338 456 ΜΕΝὸῐὸ
2370 391 2664 451 JULIUS.

3869 373 3970 438 316

727 524 839 569 tem
871 513 1004 568 dicti
1037 514 1324 580 scriptoris
1357 524 1411 567 et
1443 514 1586 568 forte
1622 514 1714 568 diu
1749 523 1888 584 post,
1922 530 1988 567 ex
2019 513 2178 568 otiosi
2206 513 2304 565 ali-
2332 513 2378 569 Α
2408 503 2660 574 discipuli
2693 513 2786 556 aut
2821 501 3028 554 Christi
3058 497 3296 560 Domini,
3330 505 3425 550 aut
3452 504 3769 548 sanctorum
3799 491 3968 555 Petri,

729 610 887 677 cujus
941 606 1193 671 cerebro,
1243 622 1362 676 qua:
1406 623 1534 660 mox
1587 609 1746 676 vulgo
1797 608 2082 677 placuerit,
2135 617 2299 676 atque

728 702 892 754 etiam
934 715 964 753 a
1001 701 1257 768 praedicto
1293 701 1716 771 chronographo
1756 702 2079 778 Rhegiensi,
2116 701 2300 754 Marco

730 790 968 843 Antonio
1000 790 1182 851 Politi,
1227 801 1446 859 recepta
1496 792 1678 846 fuerit.
1739 793 2117 862 Scriptor-ibus
2154 794 2300 855 aliis,

731 881 1033 937 Maratiotio
1067 883 1118 935 in
1154 883 1431 938 Chronico
1458 884 1746 947 Calabriae,
1784 898 1949 957 atque
1993 888 2219 957 Ughello
2249 887 2302 939 in

732 972 1003 1040 episcopis
1048 973 1488 1040 Rhcgicnsibus;
1528 977 1655 1030 item
1689 979 1859 1032 Paulo
1915 978 2191 1033 Gualterio
2249 979 2301 1031 in

732 1061 995 1116 Calabriae
1038 1063 1272 1128 Sanctis,
1306 1074 1359 1120 et
1402 1068 1523 1121 Vita
1552 1067 1606 1122 S.
1637 1068 1922 1137 Stephani,
1956 1071 2048 1138 qui
2091 1078 2217 1122 ante
2253 1078 2308 1122 et

736 1164 859 1223 post
926 1156 1184 1215 Politum.
1251 1174 1347 1212 sua
1396 1159 1728 1224 ediderunt,
1786 1178 1894 1214 non
1958 1163 2106 1216 ausis
2168 1178 2308 1231 prze-

737 1247 871 1300 dicti
930 1249 1188 1317 prodigii,
1239 1265 1302 1304 ac
1336 1251 1456 1306 talis
1505 1253 1880 1307 conversionis
1917 1255 2306 1325 Rhegiensium

738 1337 803 1390 ad
856 1338 1016 1392 fidem
1058 1339 1290 1404 Christi,
1345 1342 1428 1394 vel
1464 1341 1632 1394 verbo
1677 1344 2007 1404 meminisse.
2044 1353 2186 1416 quod
2234 1349 2310 1402 fa-

741 1445 903 1483 ctam.

816 1521 897 1573 15.
933 1520 1220 1591 Superest,
1260 1535 1320 1578 ut
1351 1524 1418 1578 de
1453 1537 1611 1581 mtate
1645 1527 1699 1581 S.
1733 1528 1997 1598 Stephani
2044 1542 2100 1585 et
2136 1536 2313 1589 socio-

743 1627 862 1664 rum
909 1615 1027 1683 ejus
1057 1627 1382 1687 martyrum,
1412 1619 1638 1674 verbum
1676 1622 1960 1678 addamus.
2005 1625 2146 1681 Satis
2181 1644 2313 1682 cono

745 1712 892 1755 stare
965 1716 1146 1772 potest
1198 1725 1265 1762 cx
1326 1710 1595 1763 hactenus
1663 1713 1985 1779 disputatis,
2054 1717 2230 1782 ipsum
2286 1735 2315 1772 a

2404 599 2556 654 Pauli
2586 605 2679 649 aut
2699 592 3018 654 Clementis,
3045 599 3177 651 etc.,
3209 587 3467 656 quodque
3495 585 3747 638 venerint
3775 582 3972 652 praedi-

2405 705 2528 743 care
2563 684 2915 753 Evangelium
2947 681 3002 732 in
3035 690 3212 732 vastas
3242 677 3405 730 hasce
3433 673 3745 743 provincias
3774 673 3973 726 smeulo

2408 781 2582 848 primo
2631 772 3058 836 Christianismi,
3116 770 3168 824 S.
3221 768 3478 823 Ursinum
3521 765 3970 825 Bituricensium,

2411 872 2467 924 S.
2501 868 2947 924 Austremonium
2992 867 3390 923 Arvernorum,
3429 860 3483 914 S.
3525 857 3824 912 Martialem
3874 857 3974 908 Le-

2412 960 2831 1018 movicensium,
2891 957 2947 1010 S.
2977 1009 2986 1017 ,
3018 955 3349 1009 Frontonem
3418 945 3975 1005 Petrocoricensium,

2413 1050 2467 1104 S.
2500 1049 2860 1115 Eutrophium
2887 1044 3335 1106 Santonensium,
3376 1061 3393 1092 ι
3436 1049 3490 1093 et
3524 1052 3660 1107 quos
3694 1051 3862 1105 porro
3894 1051 3981 1087 re-

2413 1148 2599 1192 censet
2627 1152 2819 1206 tnagno
2846 1149 3074 1188 numero
3106 1133 3240 1185 alios
3277 1148 3288 1182 :
3328 1149 3346 1181 ι
3382 1144 3519 1199 quos
3550 1128 3748 1194 inquit,
3775 1124 3984 1177 doctis-

2415 1228 2538 1282 simi
2602 1227 2725 1290 viri,
2787 1226 2982 1286 Faber,
3043 1224 3369 1291 Bosquetus,
3419 1219 3726 1286 Launoyus,
3797 1216 3984 1267 Patres

2418 1319 2747 1372 Sirmundus
2780 1328 2834 1371 et
2866 1316 3141 1377 Petavius,
3175 1314 3376 1381 aliique
3404 1311 3610 1379 plures,
3645 1314 3987 1362 censuerunt

2417 1428 2522 1466 non
2582 1412 2799 1465 venisse
2863 1409 2968 1462 nisi
3022 1408 3222 1462 saeculo
3255 1405 3415 1458 tertio
3462 1416 3556 1457 aut
3590 1413 3810 1471 quarto.
3845 1419 3861 1450 ι
3911 1397 3985 1451 De

2417 1502 2698 1556 nonnullis
2732 1509 3045 1556 sanctorum
3078 1497 3291 1550 illorum
3323 1503 3378 1548 et
3407 1511 3507 1548 nos
3533 1493 3894 1546 tractavimus
3932 1490 3986 1541 in

2418 1595 2566 1650 Actis
2623 1594 2847 1654 nostris,
2901 1603 2954 1647 et
3003 1592 3118 1645 fere
3175 1588 3552 1643 consentimus
3613 1600 3735 1638 cum
3805 1585 3990 1638 citatis

2421 1687 2762 1742 auctoribus.

745 1796 803 1850 S.
831 1798 1000 1850 Paulo
1028 1817 1058 1852 e
1093 1801 1442 1871 navigatione
1469 1803 1971 1872 Syriaco-Romana
2001 1811 2315 1878 episcopum

747 1883 812 1903 ..ι
910 1891 941 1902 ..
1157 1894 1187 1903 ,ν
1807 1900 1818 1903 _
1845 1900 1854 1903 _
1904 1901 1912 1903 _

2493 1802 2578 1855 17.
2614 1801 2670 1853 ln
2713 1798 2898 1853 Sicilia
2939 1814 3157 1867 quoth
3202 1792 3548 1865 Syracusani,
3600 1793 3693 1860 qui
3739 1801 3993 1844 sanctum

747 1883 943 1957 Rhegii
993 1894 1355 1946 constitutum
1407 1911 1515 1948 non
1561 1887 1731 1951 fuisse
1764 1917 1777 1952 :
1806 1900 1857 1952 id
1903 1901 2120 1956 interim
2167 1905 2319 1958 aiunt

756 1979 1114 2046 lthegienses,
1148 1994 1312 2051 atque
1347 1984 1485 2038 adeo
1527 2001 1588 2039 ex
1639 1987 1856 2040 illorum
1891 1991 2150 2058 opinione
2191 2009 2322 2048 con-

753 2072 981 2126 stitutus
1013 2074 1117 2128 fuit
1146 2091 1293 2129 anno
1325 2076 1528 2131 Christi
1560 2079 1625 2131 56
1657 2096 1766 2148 quo
1797 2081 1916 2135 illac
1948 2086 2160 2137 transiit
2191 2087 2324 2141 I’au-

754 2161 861 2214 lus.
890 2163 963 2215 De
1001 2179 1144 2215 anno
1171 2175 1355 2218 autem
1394 2167 1758 2222 determinato
1782 2174 2021 2242 martyrii
2055 2176 2324 2230 nihildum

757 2251 899 2319 apud
946 2253 1092 2321 ipsos
1147 2255 1271 2322 h-gi.
1333 2255 1621 2312 Ferrarius
1671 2262 1883 2326 scribit,
1931 2280 2147 2332 passum
2206 2285 2326 2323 esse

758 2342 1098 2411 Stephanum
1129 2348 1230 2400 sub
1255 2348 1474 2402 Nerone
1501 2367 1513 2402 :
1546 2352 1692 2418 quod
1730 2363 1904 2406 certat
1927 2371 2048 2406 cum
2072 2358 2243 2422 Actis,
2276 2362 2328 2413 in

757 2435 964 2502 quibus
991 2436 1214 2504 legitur,
1249 2439 1427 2506 ipsum
1469 2442 1749 2508 praefuisse
1795 2444 2114 2512 episcopum
2158 2463 2331 2505 annos

759 2526 951 2580 decem
1007 2538 1064 2581 et
1121 2540 1352 2598 septem.
1389 2533 1464 2583 Ex
1496 2547 1607 2601 quo
1654 2536 2031 2604 consequitur,
2069 2543 2332 2613 martyrio

760 2618 1084 2673 defunctum
1111 2636 1230 2676 esse
1264 2639 1412 2678 anno
1443 2624 1533 2686 75,
1574 2627 1717 2694 quod
1742 2645 1896 2696 aeque
1934 2633 2190 2688 sustineri
2223 2653 2330 2690 non

763 2719 963 2777 potest.
988 2711 1124 2774 Quia
1159 2713 1354 2776 scitur,
1392 2731 1492 2767 nec
1523 2715 1612 2767 illo
1644 2732 1808 2780 anno,
1839 2735 1937 2772 nec
1964 2722 2168 2791 aliquot
2196 2743 2334 2793 pra:-

763 2801 1112 2867 cedentibus,
1144 2819 1247 2858 nec
1297 2805 1507 2874 aliquot
1543 2809 2031 2878 subsequentibus,
2074 2832 2336 2884 persecu-

763 2894 971 2948 tionem
1032 2897 1196 2950 ullam
1256 2898 1430 2954 fuisse
1479 2912 1682 2955 metant
1734 2913 1924 2959 contra
1971 2907 2331 2966 Christianos.

763 2983 1132 3049 Quamobrem
1168 2990 1314 3043 aliud
1342 3001 1557 3060 tempus
1577 2996 1930 3062 quaerendum
1955 3007 2059 3062 est,
2079 3016 2188 3068 quo
2218 3003 2335 3070 epi-

763 3091 964 3145 scopus
994 3078 1192 3144 factus,
1215 3097 1436 3152 quoque
1465 3087 1785 3155 tnartyrium
1812 3105 2006 3154 passus
2035 3093 2100 3144 sit
2135 3092 2188 3146 S.
2218 3094 2337 3148 Ste-

2424 1908 2581 1946 suum
2624 1892 2980 1953 Marcianum,
3010 1891 3245 1958 primum
3279 1888 3516 1942 civitatis
3539 1886 3861 1953 episcopum
3892 1896 3994 1934 no-

2427 1984 2655 2046 minant,
2690 1983 3162 2049 eontenduntque,
3197 1980 3484 2034 Antiochia
3516 1979 3618 2032 sibi
3668 1994 3696 2030 a
3743 1977 3799 2030 S.
3835 1975 3995 2028 Petro

2427 2075 2671 2143 apostolo
2699 2075 3030 2128 submissum
3070 2073 3258 2137 fuisse,
3279 2071 3645 2125 ostenduntur
3668 2068 3733 2121 ad
3758 2069 3903 2121 diem
3933 2066 3998 2124 M

2426 2167 2570 2221 Junii
2609 2167 2803 2225 nostri,
2838 2165 3145 2227 aberrasse,
3177 2165 3466 2233 ipsumque
3507 2171 3782 2223 sanctum,
3827 2161 3998 2229 impe-

2431 2260 2683 2312 rantibus
2707 2258 2998 2312 Valeriano
3026 2266 3080 2310 et
3108 2257 3378 2318 Gallieno,
3412 2255 3608 2309 saeculo
3632 2253 3814 2314 tertio,
3851 2267 4000 2303 mar-

2433 2351 2631 2418 tyrium
2664 2349 3011 2402 sustinuisse.
3042 2348 3231 2401 Umbri
3261 2348 3534 2407 similiter,
3567 2355 3624 2398 ut
3649 2360 3826 2412 nuper
3861 2343 4004 2395 dixi-

2433 2457 2576 2506 mus,
2627 2442 2680 2494 itt
2740 2450 2976 2495 tractatu
3028 2439 3384 2510 praeliminari
3434 2438 3498 2490 ad
3547 2447 3753 2493 tomum
3794 2436 3811 2488 l
3848 2436 4002 2499 Julii,

2434 2536 2689 2590 affectant
2725 2535 3106 2603 antiquitatem
3143 2533 3443 2602 primorum
3475 2530 3682 2596 aliquot
3715 2529 4007 2597 episcopo-

2435 2643 2552 2680 rum
2580 2641 2826 2689 suorum,
2853 2639 2990 2694 quos
3015 2625 3167 2677 aiunt
3194 2640 3222 2676 a
3248 2622 3301 2675 S.
3333 2623 3494 2676 Petro
3521 2620 3766 2690 apostolo
3792 2635 3822 2672 e
3850 2619 4008 2686 Syria

2437 2717 2502 2770 ad
2537 2733 2593 2770 se
2628 2717 2820 2771 missos
2857 2718 3060 2780 fuisse;
3099 2716 3192 2784 qui
3229 2730 3334 2767 non
3366 2713 3470 2767 nisi
3499 2712 3840 2781 temporibus
3882 2711 4010 2766 Dio-

2439 2805 2657 2858 cletiani
2710 2815 2763 2857 et
2798 2805 3108 2857 Maximiani
3156 2807 3413 2857 vixerunt
3457 2819 3519 2856 ac
3567 2814 3836 2872 martyres
3883 2801 4008 2853 facti

2438 2905 2584 2952 sunt.
2616 2897 2762 2951 Nihil
2790 2897 2982 2951 attinet
3026 2896 3182 2966 plura
3234 2910 3532 2965 congerere
3577 2893 3843 2961 exempla.
3903 2893 4011 2946 Res

2438 2989 2672 3044 eruditis
2726 2990 3012 3043 notissima
3073 2997 3174 3042 est.
3242 2988 3314 3041 De
3370 2988 3426 3041 S.
3482 2985 3782 3054 Stephano,
3834 2983 4012 3053 primo

2442 3079 2831 3148 Rhegiensium
2863 3079 3140 3145 episcopo,
3171 3077 3278 3146 jam
3305 3076 3607 3129 ostendisse
3635 3074 3765 3126 mihi
3797 3072 4009 3134 videor,

767 3165 1005 3232 phanus.
1043 3170 1177 3223 lllud
1212 3183 1395 3226 autem
1440 3175 1690 3230 invenire
1725 3193 1832 3231 non
1860 3180 1966 3234 erit
1994 3182 2188 3238 facile:
2214 3200 2337 3241 cum
2367 3176 2409 3233 C
2445 3170 2622 3240 ipsum
2658 3185 2759 3224 nec
2785 3169 2985 3224 3330"“)
3010 3169 3208 3238 Primo»
3240 3181 3339 3222 nec
3384 3182 3414 3220 ³
3450 3167 3505 3221 So
3542 3165 3711 3220 ΡειυῙο
3737 3164 4012 3232 ³Ροειοὶο,

770 3255 1030 3326 Ughellus
1062 3261 1228 3330 dicat,
1268 3282 1286 3314 ‹
1316 3273 1439 3333 post
1476 3265 1817 3337 Stephanum
1865 3289 2042 3343 usque
2091 3278 2157 3330 ad
2197 3278 2339 3334 Con-

774 3352 1000 3406 stantini
1049 3353 1224 3423 Magni
1261 3366 1498 3426 tempus,
1540 3361 1846 3429 episcopos,
1879 3367 1973 3434 qui
2017 3367 2073 3418 in
2124 3369 2344 3425 civitate

775 3439 1072 3511 Rhegiensi
1097 3445 1422 3514 ﬂoruerunt,
1449 3450 1769 3510 desiderari.
1793 3473 1811 3506 ι
1842 3455 1991 3527 Rogo
2015 3457 2182 3528 igitur
2207 3461 2346 3518 Ithe-

772 3540 1012 3601 gtenses,
1047 3546 1106 3590 ut
1135 3540 1238 3608 ipsi
1276 3557 1414 3597 nova
1450 3559 1582 3597 cura
1630 3545 1685 3598 in
1725 3562 1839 3600 rem
1889 3549 2034 3603 illam
2083 3559 2342 3621 tanquam

772 3642 950 3689 suam,
981 3630 1210 3697 propius
1238 3633 1541 3701 inquirant.

846 3716 935 3769 16.
979 3718 1150 3774 Nobis
1198 3723 1420 3792 quidem
1477 3730 1821 3795 experientia
1863 3723 2096 3801 constat,
2144 3736 2346 3806 ubique

773 3811 1020 3875 gentium
1081 3813 1388 3869 obtinuisse
1438 3827 1494 3872 et
1542 3819 1813 3887 obtinere,
1857 3831 2051 3893 estque
2097 3827 2349 3895 pluribus

776 3896 1184 3964 quodammodo
1216 3903 1488 3972 innatum,
1514 3915 1574 3962 ut
1600 3925 1781 3964 rerum
1809 3928 2028 3969 suarum
2055 3917 2350 3987 antiquita-

779 4000 886 4042 tem
921 3990 1204 4055 affectent,
1233 4009 1467 4065 eamque
1521 4014 1680 4068 quam
1739 4003 2002 4059 altissime
2055 4010 2346 4064 attollant:

777 4083 926 4148 quod
968 4092 1024 4136 et
1057 4083 1379 4155 frequenter
1412 4106 1514 4146 usu
1542 4095 1694 4148 venit
1726 4094 1781 4148 in
1817 4098 1968 4152 Actis
2012 4108 2347 4167 sanctorum,

779 4189 902 4239 quae
936 4187 1059 4244 post
1100 4176 1261 4249 longa
1305 4191 1553 4251 tempora
1604 4200 1670 4239 ex
1711 4187 2006 4258 caliginosa
2051 4192 2352 4250 traditione

781 4271 878 4313 aut
919 4266 1248 4334 apocryphis
1296 4271 1519 4340 scriptis
1574 4274 1929 4346 colliguntur.
1979 4278 2036 4333 Id
2087 4282 2352 4340 accidisse

785 4357 991 4410 sanctis
1014 4356 1199 4414 Galliae
1225 4361 1506 4429 prioribus
1530 4366 1823 4437 episcopis,
1849 4369 2159 4425 luculenter
2191 4383 2356 4429 testa-

787 4453 876 4499 tur
908 4447 1193 4518 Philippus
1232 4453 1439 4521 Labbe,
1474 4458 1818 4528 antiquitatis
1849 4461 2120 4530 eruditus,
2152 4465 2197 4520 si
2229 4467 2356 4538 quis

787 4538 948 4602 alius,
980 4541 1033 4593 in
1063 4542 1342 4600 Breviario
1366 4563 1467 4602 suo
1491 4551 1882 4622 chronologico
1912 4554 2163 4611 Historiae
2187 4572 2354 4614 sacrae

785 4637 842 4681 et
875 4631 1116 4697 profante
1140 4641 1206 4686 ad
1240 4649 1444 4714 annum
1474 4636 1677 4692 Christi
1712 4640 1800 4704 69,
1833 4641 1907 4694 ita
1933 4644 2183 4698 scribens
2215 4662 2359 4701 anno

788 4723 965 4777 1665:
1003 4743 1021 4774 ‹
1050 4725 1131 4778 Ab
1157 4727 1316 4783 annis
1336 4729 1493 4783 facile
1522 4731 1853 4802 octingentis
1875 4734 2066 4804 plures
2091 4739 2359 4809 majorum

789 4825 1102 4870 nostrorum
1133 4819 1511 4888 crediderunt,
1537 4824 1685 4892 quod
1713 4825 1874 4893 primi
1898 4828 2140 4897 episcopi
2166 4831 2363 4887 funda-

792 4913 941 4961 tores
971 4907 1339 4965 Ecclesiarum
1380 4925 1694 4968 nostrarum
1740 4929 1839 4986 per
1878 4915 2129 4984 Galliam,
2157 4920 2363 4978 fuerint

2444 3260 2664 3330 quando
2697 3261 2741 3315 is
2775 3261 3048 3328 navigavit
3073 3260 3323 3321 Romam,
3349 3255 3662 3310 ordinatum
3696 3253 3868 3309 fuisse
3902 3254 4019 3322 epi-

2446 3367 2673 3420 sc0pum
2711 3368 2724 3404 :
2761 3352 2981 3421 quando
3026 3361 3208 3404 autem
3252 3349 3539 3402 ordinatus
3581 3346 3766 3408 fuerit,
3801 3360 4018 3412 nequeo

2448 3442 2727 3507 divinare;
2763 3442 2889 3511 quia
2922 3441 2989 3495 de
3024 3441 3129 3495 hoc
3167 3439 3445 3509 Stephano
3472 3438 3637 3492 silent
3672 3445 3778 3489 tam
3813 3435 4016 3505 Marty-

2449 3536 2618 3606 rologi
2655 3535 2854 3597 Latini,
2896 3550 3057 3604 quam
3100 3533 3191 3587 alii
3228 3535 3527 3601 scriptores
3559 3528 3794 3598 antiqui,
3827 3529 4018 3582 saltem

2449 3626 2542 3695 qui
2587 3636 2711 3679 ante
2742 3625 2920 3680 Vitam
2971 3625 3089 3694 ejus
3136 3623 3395 3690 scriptam
3442 3621 3696 3673 vixerint.
3747 3618 4022 3672 Fortassis

2449 3726 2633 3784 posset
2681 3715 2800 3782 ejus
2830 3713 3152 3783 martyrium
3209 3711 3274 3763 ad
3309 3719 3555 3777 tempora
3597 3705 3925 3759 Diocletiani
3971 3713 4024 3757 et

2450 3805 2762 3861 Maximiani
2794 3804 3008 3869 referri,
3043 3804 3172 3872 quia
3203 3801 3336 3856 nulli
3362 3801 3452 3854 alii
3483 3808 3608 3853 ante
3636 3797 3769 3851 illud
3807 3807 4026 3866 tempus

2452 3898 2566 3954 noti
2598 3907 2726 3952 sunt
2757 3897 3002 3968 episcopi
3031 3895 3393 3966 Rbegienses.
3426 3893 3628 3948 Verum
3671 3891 3920 3944 certiora
3961 3889 4024 3942 de

2451 3991 2539 4044 his
2590 3991 3029 4061 exspectabimus
3078 4005 3107 4043 a
3154 3988 3552 4058 Rhegiensibus
3596 3985 3747 4053 ipsis,
3803 3993 3867 4037 ut
3920 3983 4025 4053 jam

2453 4083 2586 4138 dixi.

2523 4189 2611 4245 18.
2656 4187 2906 4245 Diximus
2953 4202 3196 4258 quoque,
3243 4184 3387 4240 unde
3436 4182 3813 4254 acceperimus
3897 4184 4027 4238 Acta

2453 4283 2659 4349 Graeca,
2695 4291 2751 4338 et
2780 4283 2909 4352 quia
2939 4281 3091 4336 tarde
3129 4281 3354 4334 fuerunt
3392 4278 3638 4340 collecta,
3674 4276 4028 4344 comperiun-

2459 4383 2549 4427 tur
2579 4389 2687 4428 non
2720 4387 2928 4442 magna!
2958 4370 3084 4424 ﬁdei
3112 4385 3254 4425 esse.
3290 4367 3368 4422 En
3397 4368 3532 4436 ipsa,
3563 4381 3688 4419 cum
3719 4375 3911 4418 nostra
3949 4366 4028 4418 in-

2463 4465 2875 4534 terpretatione.
2902 4462 3118 4517 Titulus
3153 4461 3277 4516 talis
3312 4457 3694 4529 praeﬁgebatur
3721 4474 3734 4510 :
3767 4455 4030 4526 Ἀθλησις

2459 4554 2554 4610 τοῦ
2585 4556 2735 4609 ὁσίου
2761 4556 2971 4627 Πατρὸς
2997 4555 3152 4626 ἡμῶν
3179 4555 3576 4630 ῥερομάρτυρος
3603 4550 3903 4618 Στεφάνου,
3933 4567 4033 4619 μη-

2457 4650 2776 4720 τροπολίτου
2805 4652 2907 4719 τῆς
2941 4648 3260 4718 Καλαϐριας
3292 4666 3304 4699 :
3336 4646 3615 4707 Certamen
3645 4643 3820 4696 sancti
3856 4640 4032 4695 Patris

2463 4744 2648 4804 nostri,
2674 4743 2814 4795 sacri
2846 4744 3095 4811 martyris
3128 4738 3403 4812 Stephani,
3427 4734 3779 4807 metropolita:
3811 4735 4033 4787 civitatis

2464 4832 2645 4904 Rhegii
2667 4835 2718 4888 in
2742 4833 3016 4889 Calabria.
