  <div class='ocr_page' id='page_1' title='image "/cluster/home/n/w/nwhite01/storage/ocr_20150623/115/pst.000005714285/218.png"; bbox 0 0 4188 6310; ppageno 0'>
   <div class='ocr_carea' id='block_1_1' title="bbox 227 378 318 444">
    <p class='ocr_par' dir='ltr' id='par_1_1' title="bbox 227 378 318 444">
     <span class='ocr_line' id='line_1_1' title="bbox 227 378 318 444; baseline 0 -1"><span class='ocrx_word' id='word_1_1' title='bbox 227 378 318 444; x_wconf 84' lang='lat'><strong>317</strong></span> 
     </span>
    </p>
   </div>
   <div class='ocr_carea' id='block_1_2' title="bbox 1171 391 2458 456">
    <p class='ocr_par' dir='ltr' id='par_1_2' title="bbox 1171 391 2458 456">
     <span class='ocr_line' id='line_1_2' title="bbox 1171 391 2458 456; baseline 0.006 -8"><span class='ocrx_word' id='word_1_2' title='bbox 1171 391 1342 450; x_wconf 74' lang='lat' dir='ltr'><strong>VlTA</strong></span> <span class='ocrx_word' id='word_1_3' title='bbox 1383 393 1441 453; x_wconf 87' lang='lat' dir='ltr'><strong>S.</strong></span> <span class='ocrx_word' id='word_1_4' title='bbox 1485 391 1868 452; x_wconf 76' lang='lat' dir='ltr'><strong>STEPHANI</strong></span> <span class='ocrx_word' id='word_1_5' title='bbox 1909 391 2003 452; x_wconf 85' lang='lat' dir='ltr'><strong>ET</strong></span> <span class='ocrx_word' id='word_1_6' title='bbox 2045 393 2458 456; x_wconf 82' lang='lat' dir='ltr'><strong>SOCIORUM.</strong></span> 
     </span>
    </p>
   </div>
   <div class='ocr_carea' id='block_1_3' title="bbox 3343 396 3448 456">
    <p class='ocr_par' dir='ltr' id='par_1_3' title="bbox 3343 396 3448 456">
     <span class='ocr_line' id='line_1_3' title="bbox 3343 396 3448 456; baseline 0.019 -2"><span class='ocrx_word' id='word_1_7' title='bbox 3343 396 3448 456; x_wconf 72' lang='grc'><strong>313</strong></span> 
     </span>
    </p>
   </div>
   <div class='ocr_carea' id='block_1_4' title="bbox 237 509 2003 537">
    <p class='ocr_par' dir='ltr' id='par_1_4' title="bbox 237 509 2003 537">
     <span class='ocr_line' id='line_1_4' title="bbox 237 509 2003 537; baseline 0.002 -9"><span class='ocrx_word' id='word_1_8' title='bbox 237 509 2003 537; x_wconf 59' lang='lat' dir='ltr'><strong>W—</strong></span> 
     </span>
    </p>
   </div>
   <div class='ocr_carea' id='block_1_5' title="bbox 875 664 2796 785">
    <p class='ocr_par' dir='ltr' id='par_1_5' title="bbox 875 664 2796 785">
     <span class='ocr_line' id='line_1_5' title="bbox 875 664 2796 785; baseline 0.003 -9"><span class='ocrx_word' id='word_1_9' title='bbox 875 664 1238 776; x_wconf 89' lang='lat' dir='ltr'><strong>ACTA</strong></span> <span class='ocrx_word' id='word_1_10' title='bbox 1332 665 1991 785; x_wconf 82' lang='lat' dir='ltr'><strong>AUCTORE</strong></span> <span class='ocrx_word' id='word_1_11' title='bbox 2081 666 2796 782; x_wconf 87' lang='lat' dir='ltr'><strong>ANONYMO</strong></span> 
     </span>
    </p>
   </div>
   <div class='ocr_carea' id='block_1_6' title="bbox 1353 867 2325 946">
    <p class='ocr_par' dir='ltr' id='par_1_6' title="bbox 1353 867 2325 946">
     <span class='ocr_line' id='line_1_6' title="bbox 1353 867 2325 946; baseline 0.004 -18"><span class='ocrx_word' id='word_1_12' title='bbox 1353 868 1482 929; x_wconf 82' lang='lat' dir='ltr'><strong>Nisi</strong></span> <span class='ocrx_word' id='word_1_13' title='bbox 1523 867 1684 928; x_wconf 80' lang='lat' dir='ltr'><strong>forte</strong></span> <span class='ocrx_word' id='word_1_14' title='bbox 1719 868 1803 930; x_wconf 90' lang='lat' dir='ltr'><strong>sit</strong></span> <span class='ocrx_word' id='word_1_15' title='bbox 1840 869 2325 946; x_wconf 75' lang='lat' dir='ltr'><strong>Memphi-astes.</strong></span> 
     </span>
    </p>
   </div>
   <div class='ocr_carea' id='block_1_7' title="bbox 585 1013 3055 1091">
    <p class='ocr_par' dir='ltr' id='par_1_7' title="bbox 585 1013 3055 1091">
     <span class='ocr_line' id='line_1_7' title="bbox 585 1013 3055 1091; baseline 0.004 -24"><span class='ocrx_word' id='word_1_16' title='bbox 585 1013 661 1067; x_wconf 71' lang='lat' dir='ltr'><strong>Ex</strong></span> <span class='ocrx_word' id='word_1_17' title='bbox 694 1013 882 1070; x_wconf 87' lang='lat' dir='ltr'><strong>codice</strong></span> <span class='ocrx_word' id='word_1_18' title='bbox 915 1032 1014 1070; x_wconf 90' lang='lat' dir='ltr'><strong>ms.</strong></span> <span class='ocrx_word' id='word_1_19' title='bbox 1044 1016 1358 1071; x_wconf 67' lang='lat' dir='ltr'><strong>monasterii</strong></span> <span class='ocrx_word' id='word_1_20' title='bbox 1390 1016 1574 1071; x_wconf 86' lang='lat' dir='ltr'><strong>Sancti</strong></span> <span class='ocrx_word' id='word_1_21' title='bbox 1621 1015 1940 1080; x_wconf 85' lang='lat' dir='ltr'><strong>Salvatoris,</strong></span> <span class='ocrx_word' id='word_1_22' title='bbox 1979 1015 2192 1072; x_wconf 83' lang='lat' dir='ltr'><strong>ordinis</strong></span> <span class='ocrx_word' id='word_1_23' title='bbox 2227 1019 2282 1074; x_wconf 94' lang='lat' dir='ltr'><strong>S.</strong></span> <span class='ocrx_word' id='word_1_24' title='bbox 2315 1019 2497 1073; x_wconf 79' lang='lat' dir='ltr'><strong>Basilii</strong></span> <span class='ocrx_word' id='word_1_25' title='bbox 2520 1036 2691 1091; x_wconf 86' lang='lat' dir='ltr'><strong>prope</strong></span> <span class='ocrx_word' id='word_1_26' title='bbox 2727 1021 3055 1077; x_wconf 80' lang='lat' dir='ltr'><strong>Messanam.</strong></span> 
     </span>
    </p>
   </div>
   <div class='ocr_carea' id='block_1_8' title="bbox 285 1300 1777 1388">
    <p class='ocr_par' dir='ltr' id='par_1_8' title="bbox 285 1300 1777 1384">
     <span class='ocr_line' id='line_1_8' title="bbox 285 1300 1777 1384; baseline 0.004 -24"><span class='ocrx_word' id='word_1_27' title='bbox 285 1311 360 1360; x_wconf 78' lang='lat' dir='ltr'><strong>A’.</strong></span> <span class='ocrx_word' id='word_1_28' title='bbox 396 1300 564 1371; x_wconf 78' lang='grc' dir='ltr'>Οὗτος</span> <span class='ocrx_word' id='word_1_29' title='bbox 593 1310 620 1361; x_wconf 99' lang='lat'><strong>6</strong></span> <span class='ocrx_word' id='word_1_30' title='bbox 650 1307 803 1376; x_wconf 72' lang='grc' dir='ltr'>ἅγιος</span> <span class='ocrx_word' id='word_1_31' title='bbox 847 1311 1178 1380; x_wconf 84' lang='grc' dir='ltr'>ίερομὰρτυς</span> <span class='ocrx_word' id='word_1_32' title='bbox 1224 1312 1493 1378; x_wconf 80' lang='grc' dir='ltr'>Στέφανος</span> <span class='ocrx_word' id='word_1_33' title='bbox 1533 1314 1777 1384; x_wconf 79' lang='grc' dir='ltr'><strong>ὑπῆρχεν</strong></span> 
     </span>
    </p>
   </div>
   <div class='ocr_carea' id='block_1_9' title="bbox 1878 1300 3444 1388">
    <p class='ocr_par' dir='ltr' id='par_1_9' title="bbox 1951 1316 3444 1388">
     <span class='ocr_line' id='line_1_9' title="bbox 1951 1316 3444 1388; baseline 0.001 -18"><span class='ocrx_word' id='word_1_34' title='bbox 1951 1318 1992 1370; x_wconf 85' lang='grc' dir='ltr'><strong>Ι.</strong></span> <span class='ocrx_word' id='word_1_35' title='bbox 2025 1318 2257 1372; x_wconf 86' lang='lat' dir='ltr'><strong>Sanctus</strong></span> <span class='ocrx_word' id='word_1_36' title='bbox 2290 1316 2377 1371; x_wconf 90' lang='lat' dir='ltr'><strong>hic</strong></span> <span class='ocrx_word' id='word_1_37' title='bbox 2410 1326 2612 1388; x_wconf 80' lang='lat' dir='ltr'><strong>martyr</strong></span> <span class='ocrx_word' id='word_1_38' title='bbox 2649 1316 2980 1385; x_wconf 90' lang='lat' dir='ltr'><strong>Stephanus,</strong></span> <span class='ocrx_word' id='word_1_39' title='bbox 3017 1317 3237 1371; x_wconf 79' lang='lat' dir='ltr'><strong>civitate</strong></span> <span class='ocrx_word' id='word_1_40' title='bbox 3265 1318 3444 1372; x_wconf 66' lang='lat' dir='ltr'><strong>Nicaea</strong></span> 
     </span>
    </p>
   </div>
   <div class='ocr_carea' id='block_1_10' title="bbox 217 1402 1773 1475">
    <p class='ocr_par' dir='ltr' id='par_1_10' title="bbox 217 1402 1773 1475">
     <span class='ocr_line' id='line_1_10' title="bbox 217 1402 1773 1475; baseline 0.003 -18"><span class='ocrx_word' id='word_1_41' title='bbox 217 1404 322 1457; x_wconf 76' lang='grc' dir='ltr'>ἀπὸ</span> <span class='ocrx_word' id='word_1_42' title='bbox 350 1403 555 1465; x_wconf 86' lang='grc' dir='ltr'>πόλεως</span> <span class='ocrx_word' id='word_1_43' title='bbox 584 1402 821 1464; x_wconf 78' lang='grc' dir='ltr'><strong>Νικαίας</strong></span> <span class='ocrx_word' id='word_1_44' title='bbox 842 1419 855 1434; x_wconf 77' lang='grc'><strong>⁸</strong></span> <span class='ocrx_word' id='word_1_45' title='bbox 899 1409 1299 1475; x_wconf 82' lang='grc' dir='ltr'>κατερχομένου</span> <span class='ocrx_word' id='word_1_46' title='bbox 1341 1408 1396 1460; x_wconf 80' lang='grc' dir='ltr'>δὲ</span> <span class='ocrx_word' id='word_1_47' title='bbox 1435 1407 1644 1460; x_wconf 79' lang='grc' dir='ltr'>Παύλου</span> <span class='ocrx_word' id='word_1_48' title='bbox 1678 1408 1773 1461; x_wconf 82' lang='grc' dir='ltr'><strong>τοῦ</strong></span> 
     </span>
    </p>
   </div>
   <div class='ocr_carea' id='block_1_11' title="bbox 215 1494 1774 1570">
    <p class='ocr_par' dir='ltr' id='par_1_11' title="bbox 215 1494 1774 1570">
     <span class='ocr_line' id='line_1_11' title="bbox 215 1494 1774 1570; baseline 0.004 -22"><span class='ocrx_word' id='word_1_49' title='bbox 215 1494 514 1548; x_wconf 77' lang='grc' dir='ltr'><strong>ἀποστόλου</strong></span> <span class='ocrx_word' id='word_1_50' title='bbox 545 1497 602 1546; x_wconf 82' lang='grc' dir='ltr'>ὲν</span> <span class='ocrx_word' id='word_1_51' title='bbox 628 1496 694 1564; x_wconf 80' lang='grc' dir='ltr'>τῇ</span> <span class='ocrx_word' id='word_1_52' title='bbox 739 1494 947 1565; x_wconf 84' lang='grc' dir='ltr'>Ῥώμῃ,</span> <span class='ocrx_word' id='word_1_53' title='bbox 972 1499 1438 1568; x_wconf 73' lang='grc' dir='ltr'>συνηκολούθησεν</span> <span class='ocrx_word' id='word_1_54' title='bbox 1469 1501 1618 1568; x_wconf 87' lang='grc' dir='ltr'><strong>αὑτῷ</strong></span> <span class='ocrx_word' id='word_1_55' title='bbox 1647 1500 1774 1570; x_wconf 77' lang='grc' dir='ltr'>ἄχρι</span> 
     </span>
    </p>
   </div>
   <div class='ocr_carea' id='block_1_12' title="bbox 216 1589 1775 1662">
    <p class='ocr_par' dir='ltr' id='par_1_12' title="bbox 216 1589 1775 1662">
     <span class='ocr_line' id='line_1_12' title="bbox 216 1589 1775 1662; baseline 0.003 -22"><span class='ocrx_word' id='word_1_56' title='bbox 216 1591 417 1650; x_wconf 82' lang='grc' dir='ltr'>πόλεως</span> <span class='ocrx_word' id='word_1_57' title='bbox 450 1589 668 1658; x_wconf 82' lang='grc' dir='ltr'>Ῥηγίου</span> <span class='ocrx_word' id='word_1_58' title='bbox 697 1591 793 1659; x_wconf 86' lang='grc' dir='ltr'><strong>τῆς</strong></span> <span class='ocrx_word' id='word_1_59' title='bbox 819 1589 1154 1660; x_wconf 79' lang='grc' dir='ltr'>Καλαὸρίας.</span> <span class='ocrx_word' id='word_1_60' title='bbox 1186 1592 1373 1662; x_wconf 82' lang='grc' dir='ltr'>Εὑρὼν</span> <span class='ocrx_word' id='word_1_61' title='bbox 1398 1595 1425 1645; x_wconf 89' lang='lat'><strong>6</strong></span> <span class='ocrx_word' id='word_1_62' title='bbox 1455 1594 1775 1656; x_wconf 67' lang='grc' dir='ltr'>Ἀπῦστολος</span> 
     </span>
    </p>
   </div>
   <div class='ocr_carea' id='block_1_13' title="bbox 215 1680 1771 1756">
    <p class='ocr_par' dir='ltr' id='par_1_13' title="bbox 215 1680 1771 1756">
     <span class='ocr_line' id='line_1_13' title="bbox 215 1680 1771 1756; baseline 0.003 -24"><span class='ocrx_word' id='word_1_63' title='bbox 215 1681 309 1748; x_wconf 82' lang='grc' dir='ltr'>τὴν</span> <span class='ocrx_word' id='word_1_64' title='bbox 340 1681 494 1734; x_wconf 85' lang='grc' dir='ltr'>πόλιν</span> <span class='ocrx_word' id='word_1_65' title='bbox 520 1680 685 1734; x_wconf 83' lang='grc' dir='ltr'>οὖσαν</span> <span class='ocrx_word' id='word_1_66' title='bbox 717 1682 1062 1746; x_wconf 77' lang='grc' dir='ltr'><strong>κατείδωλον,</strong></span> <span class='ocrx_word' id='word_1_67' title='bbox 1103 1684 1369 1754; x_wconf 80' lang='grc' dir='ltr'><strong>ἐκήρυξεν</strong></span> <span class='ocrx_word' id='word_1_68' title='bbox 1411 1687 1471 1738; x_wconf 74' lang='grc' dir='ltr'>ιν</span> <span class='ocrx_word' id='word_1_69' title='bbox 1504 1687 1638 1756; x_wconf 79' lang='grc' dir='ltr'>αὑτῇ</span> <span class='ocrx_word' id='word_1_70' title='bbox 1685 1685 1771 1737; x_wconf 81' lang='grc' dir='ltr'>λόο</span> 
     </span>
    </p>
   </div>
   <div class='ocr_carea' id='block_1_14' title="bbox 213 1772 1772 1850">
    <p class='ocr_par' dir='ltr' id='par_1_14' title="bbox 213 1772 1772 1850">
     <span class='ocr_line' id='line_1_14' title="bbox 213 1772 1772 1850; baseline 0.003 -26"><span class='ocrx_word' id='word_1_71' title='bbox 213 1789 305 1840; x_wconf 90' lang='grc' dir='ltr'><strong>γον</strong></span> <span class='ocrx_word' id='word_1_72' title='bbox 332 1773 558 1843; x_wconf 82' lang='grc' dir='ltr'>Κυρίου,</span> <span class='ocrx_word' id='word_1_73' title='bbox 591 1773 686 1825; x_wconf 79' lang='grc' dir='ltr'><strong>καὶ</strong></span> <span class='ocrx_word' id='word_1_74' title='bbox 715 1772 903 1842; x_wconf 78' lang='grc' dir='ltr'>ὥσπερ</span> <span class='ocrx_word' id='word_1_75' title='bbox 943 1776 1123 1845; x_wconf 74' lang='grc' dir='ltr'>ἀγαθὴ</span> <span class='ocrx_word' id='word_1_76' title='bbox 1154 1777 1245 1828; x_wconf 78' lang='grc' dir='ltr'><strong>τὸν</strong></span> <span class='ocrx_word' id='word_1_77' title='bbox 1285 1779 1485 1848; x_wconf 82' lang='grc' dir='ltr'>σπόρον</span> <span class='ocrx_word' id='word_1_78' title='bbox 1507 1778 1772 1850; x_wconf 77' lang='grc' dir='ltr'><strong>δεχομένη</strong></span> 
     </span>
    </p>
   </div>
   <div class='ocr_carea' id='block_1_15' title="bbox 211 1864 1776 1937">
    <p class='ocr_par' dir='ltr' id='par_1_15' title="bbox 211 1864 1776 1937">
     <span class='ocr_line' id='line_1_15' title="bbox 211 1864 1776 1937; baseline 0.006 -21"><span class='ocrx_word' id='word_1_79' title='bbox 211 1865 302 1916; x_wconf 69' lang='grc' dir='ltr'>καὶ</span> <span class='ocrx_word' id='word_1_80' title='bbox 329 1864 782 1929; x_wconf 78' lang='grc' dir='ltr'>ἑκατοστεὺουσα,</span> <span class='ocrx_word' id='word_1_81' title='bbox 814 1864 988 1930; x_wconf 74' lang='grc' dir='ltr'>οὕτως</span> <span class='ocrx_word' id='word_1_82' title='bbox 1021 1868 1069 1920; x_wconf 84' lang='grc' dir='ltr'>οἱ</span> <span class='ocrx_word' id='word_1_83' title='bbox 1095 1871 1150 1919; x_wconf 84' lang='grc' dir='ltr'>ὲν</span> <span class='ocrx_word' id='word_1_84' title='bbox 1179 1869 1316 1937; x_wconf 82' lang='grc' dir='ltr'>αὑτῇ</span> <span class='ocrx_word' id='word_1_85' title='bbox 1349 1871 1438 1921; x_wconf 79' lang='grc' dir='ltr'><strong>τὸν</strong></span> <span class='ocrx_word' id='word_1_86' title='bbox 1469 1871 1626 1937; x_wconf 85' lang='grc' dir='ltr'>λόγον</span> <span class='ocrx_word' id='word_1_87' title='bbox 1665 1874 1776 1925; x_wconf 70' lang='grc' dir='ltr'><strong>ἐδέ-</strong></span> 
     </span>
    </p>
   </div>
   <div class='ocr_carea' id='block_1_16' title="bbox 210 1953 1775 2035">
    <p class='ocr_par' dir='ltr' id='par_1_16' title="bbox 210 1953 1775 2035">
     <span class='ocr_line' id='line_1_16' title="bbox 210 1953 1775 2035; baseline 0.006 -26"><span class='ocrx_word' id='word_1_88' title='bbox 210 1958 403 2022; x_wconf 77' lang='grc' dir='ltr'><strong>ξαντο⁹</strong></span> <span class='ocrx_word' id='word_1_89' title='bbox 434 1959 754 2029; x_wconf 76' lang='grc' dir='ltr'>κατηχῄσας</span> <span class='ocrx_word' id='word_1_90' title='bbox 788 1953 941 2022; x_wconf 71' lang='grc' dir='ltr'>οὗτος</span> <span class='ocrx_word' id='word_1_91' title='bbox 973 1961 1171 2024; x_wconf 83' lang='grc' dir='ltr'>αὑτοὺς</span> <span class='ocrx_word' id='word_1_92' title='bbox 1207 1963 1234 2013; x_wconf 90' lang='lat'><strong>6</strong></span> <span class='ocrx_word' id='word_1_93' title='bbox 1280 1962 1509 2029; x_wconf 79' lang='grc' dir='ltr'><strong>Παῦλος,</strong></span> <span class='ocrx_word' id='word_1_94' title='bbox 1548 1965 1640 2017; x_wconf 73' lang='grc' dir='ltr'>καὶ</span> <span class='ocrx_word' id='word_1_95' title='bbox 1677 1965 1775 2035; x_wconf 88' lang='grc' dir='ltr'><strong>βα-</strong></span> 
     </span>
    </p>
   </div>
   <div class='ocr_carea' id='block_1_17' title="bbox 210 2051 1771 2124">
    <p class='ocr_par' dir='ltr' id='par_1_17' title="bbox 210 2051 1771 2124">
     <span class='ocr_line' id='line_1_17' title="bbox 210 2051 1771 2124; baseline 0.005 -21"><span class='ocrx_word' id='word_1_96' title='bbox 210 2053 404 2114; x_wconf 82' lang='grc' dir='ltr'>πτίσας</span> <span class='ocrx_word' id='word_1_97' title='bbox 437 2051 724 2116; x_wconf 80' lang='grc' dir='ltr'><strong>πλείστους</strong></span> <span class='ocrx_word' id='word_1_98' title='bbox 745 2055 822 2114; x_wconf 76' lang='grc' dir='ltr'>εἰς</span> <span class='ocrx_word' id='word_1_99' title='bbox 861 2052 922 2105; x_wconf 82' lang='grc' dir='ltr'><strong>τὸ</strong></span> <span class='ocrx_word' id='word_1_100' title='bbox 957 2053 1126 2120; x_wconf 88' lang='grc' dir='ltr'>δνομα</span> <span class='ocrx_word' id='word_1_101' title='bbox 1161 2055 1252 2106; x_wconf 90' lang='grc' dir='ltr'><strong>τοῦ</strong></span> <span class='ocrx_word' id='word_1_102' title='bbox 1293 2057 1524 2124; x_wconf 73' lang='grc' dir='ltr'>Πατρός,</span> <span class='ocrx_word' id='word_1_103' title='bbox 1555 2060 1647 2110; x_wconf 74' lang='grc' dir='ltr'><strong>καὶ</strong></span> <span class='ocrx_word' id='word_1_104' title='bbox 1685 2059 1771 2111; x_wconf 86' lang='grc' dir='ltr'><strong>τοῦ</strong></span> 
     </span>
    </p>
   </div>
   <div class='ocr_carea' id='block_1_18' title="bbox 211 2144 1774 2218">
    <p class='ocr_par' dir='ltr' id='par_1_18' title="bbox 211 2144 1774 2218">
     <span class='ocr_line' id='line_1_18' title="bbox 211 2144 1774 2218; baseline 0.003 -22"><span class='ocrx_word' id='word_1_105' title='bbox 211 2144 360 2211; x_wconf 82' lang='grc' dir='ltr'>Υίοῦ,</span> <span class='ocrx_word' id='word_1_106' title='bbox 403 2144 496 2198; x_wconf 81' lang='grc' dir='ltr'><strong>καὶ</strong></span> <span class='ocrx_word' id='word_1_107' title='bbox 528 2145 621 2199; x_wconf 86' lang='grc' dir='ltr'><strong>τοῦ</strong></span> <span class='ocrx_word' id='word_1_108' title='bbox 662 2147 816 2212; x_wconf 82' lang='grc' dir='ltr'>ἁγίου</span> <span class='ocrx_word' id='word_1_109' title='bbox 847 2147 1179 2214; x_wconf 81' lang='grc' dir='ltr'>Πνεὺματος,</span> <span class='ocrx_word' id='word_1_110' title='bbox 1221 2148 1553 2218; x_wconf 78' lang='grc' dir='ltr'>προχειρίζει</span> <span class='ocrx_word' id='word_1_111' title='bbox 1592 2151 1774 2212; x_wconf 66' lang='grc' dir='ltr'>αὐτοῖς</span> 
     </span>
    </p>
   </div>
   <div class='ocr_carea' id='block_1_19' title="bbox 210 2239 1775 2312">
    <p class='ocr_par' dir='ltr' id='par_1_19' title="bbox 210 2239 1775 2312">
     <span class='ocr_line' id='line_1_19' title="bbox 210 2239 1775 2312; baseline 0.003 -22"><span class='ocrx_word' id='word_1_112' title='bbox 210 2239 638 2308; x_wconf 71' lang='grc' dir='ltr'>ἀρχιεπίσκοπον</span> <span class='ocrx_word' id='word_1_113' title='bbox 684 2239 974 2305; x_wconf 78' lang='grc' dir='ltr'>Στέφανον.</span> <span class='ocrx_word' id='word_1_114' title='bbox 1014 2241 1108 2301; x_wconf 80' lang='grc' dir='ltr'>’ος</span> <span class='ocrx_word' id='word_1_115' title='bbox 1141 2241 1323 2303; x_wconf 83' lang='grc' dir='ltr'>καλῶς</span> <span class='ocrx_word' id='word_1_116' title='bbox 1363 2242 1634 2309; x_wconf 84' lang='grc' dir='ltr'>ποιμάνας</span> <span class='ocrx_word' id='word_1_117' title='bbox 1675 2243 1775 2312; x_wconf 80' lang='grc' dir='ltr'>τὴν</span> 
     </span>
    </p>
   </div>
   <div class='ocr_carea' id='block_1_20' title="bbox 209 2329 1774 2407">
    <p class='ocr_par' dir='ltr' id='par_1_20' title="bbox 209 2329 1774 2407">
     <span class='ocr_line' id='line_1_20' title="bbox 209 2329 1774 2407; baseline 0.003 -25"><span class='ocrx_word' id='word_1_118' title='bbox 209 2329 666 2401; x_wconf 70' lang='grc' dir='ltr'>ὲμπιστευθὲῖσαν</span> <span class='ocrx_word' id='word_1_119' title='bbox 701 2332 849 2401; x_wconf 84' lang='grc' dir='ltr'><strong>αὑτῷ</strong></span> <span class='ocrx_word' id='word_1_120' title='bbox 875 2333 1132 2403; x_wconf 72' lang='grc' dir='ltr'>ποίμνην,</span> <span class='ocrx_word' id='word_1_121' title='bbox 1164 2335 1393 2396; x_wconf 78' lang='grc' dir='ltr'>πολλοὺς</span> <span class='ocrx_word' id='word_1_122' title='bbox 1427 2334 1504 2404; x_wconf 80' lang='grc' dir='ltr'>τῷ</span> <span class='ocrx_word' id='word_1_123' title='bbox 1534 2336 1774 2407; x_wconf 81' lang='grc' dir='ltr'>ἑσπερίῳ</span> 
     </span>
    </p>
   </div>
   <div class='ocr_carea' id='block_1_21' title="bbox 209 2425 1775 2497">
    <p class='ocr_par' dir='ltr' id='par_1_21' title="bbox 209 2425 1775 2497">
     <span class='ocr_line' id='line_1_21' title="bbox 209 2425 1775 2497; baseline 0.004 -21"><span class='ocrx_word' id='word_1_124' title='bbox 209 2425 417 2494; x_wconf 83' lang='grc' dir='ltr'><strong>(μέρει)</strong></span> <span class='ocrx_word' id='word_1_125' title='bbox 481 2425 820 2493; x_wconf 69' lang='grc' dir='ltr'><strong>ὑπέστρεψεν</strong></span> <span class='ocrx_word' id='word_1_126' title='bbox 878 2427 958 2487; x_wconf 85' lang='grc' dir='ltr'><strong>είς</strong></span> <span class='ocrx_word' id='word_1_127' title='bbox 1005 2427 1103 2494; x_wconf 83' lang='grc' dir='ltr'><strong>τὴν</strong></span> <span class='ocrx_word' id='word_1_128' title='bbox 1158 2426 1252 2478; x_wconf 64' lang='grc' dir='ltr'><strong>τεῦ</strong></span> <span class='ocrx_word' id='word_1_129' title='bbox 1302 2428 1537 2497; x_wconf 77' lang='grc' dir='ltr'>Χριστοῦ</span> <span class='ocrx_word' id='word_1_130' title='bbox 1593 2429 1775 2484; x_wconf 87' lang='grc' dir='ltr'>πίστιν</span> 
     </span>
    </p>
   </div>
   <div class='ocr_carea' id='block_1_22' title="bbox 207 2513 1776 2590">
    <p class='ocr_par' dir='ltr' id='par_1_22' title="bbox 207 2513 1776 2590">
     <span class='ocr_line' id='line_1_22' title="bbox 207 2513 1776 2590; baseline 0.004 -23"><span class='ocrx_word' id='word_1_131' title='bbox 207 2518 330 2576; x_wconf 86' lang='grc' dir='ltr'>ταῖς</span> <span class='ocrx_word' id='word_1_132' title='bbox 364 2516 530 2568; x_wconf 83' lang='grc' dir='ltr'>αὑτοῦ</span> <span class='ocrx_word' id='word_1_133' title='bbox 569 2517 959 2576; x_wconf 81' lang='grc' dir='ltr'><strong>διδασκαλίαις.</strong></span> <span class='ocrx_word' id='word_1_134' title='bbox 1009 2516 1310 2584; x_wconf 69' lang='grc' dir='ltr'>Διατρίψας</span> <span class='ocrx_word' id='word_1_135' title='bbox 1356 2513 1447 2569; x_wconf 73' lang='grc' dir='ltr'>οὖν</span> <span class='ocrx_word' id='word_1_136' title='bbox 1501 2520 1559 2570; x_wconf 88' lang='grc' dir='ltr'>ὲν</span> <span class='ocrx_word' id='word_1_137' title='bbox 1599 2521 1776 2590; x_wconf 79' lang='grc' dir='ltr'>ταύτῃ</span> 
     </span>
    </p>
   </div>
   <div class='ocr_carea' id='block_1_23' title="bbox 1880 1408 3444 1478">
    <p class='ocr_par' dir='ltr' id='par_1_23' title="bbox 1880 1408 3444 1478">
     <span class='ocr_line' id='line_1_23' title="bbox 1880 1408 3444 1478; baseline -0.003 -14"><span class='ocrx_word' id='word_1_138' title='bbox 1880 1421 2055 1473; x_wconf 90' lang='lat' dir='ltr'><strong>ortus,</strong></span> <span class='ocrx_word' id='word_1_139' title='bbox 2098 1425 2222 1462; x_wconf 90' lang='lat' dir='ltr'><strong>cum</strong></span> <span class='ocrx_word' id='word_1_140' title='bbox 2269 1409 2469 1463; x_wconf 79' lang='lat' dir='ltr'><strong>Paulus</strong></span> <span class='ocrx_word' id='word_1_141' title='bbox 2516 1408 2797 1478; x_wconf 84' lang='lat' dir='ltr'><strong>apostolus</strong></span> <span class='ocrx_word' id='word_1_142' title='bbox 2835 1408 3276 1476; x_wconf 79' lang='lat' dir='ltr'><strong>proﬁcisceretur</strong></span> <span class='ocrx_word' id='word_1_143' title='bbox 3336 1409 3444 1460; x_wconf 77' lang='lat' dir='ltr'><strong>Bo-</strong></span> 
     </span>
    </p>
   </div>
   <div class='ocr_carea' id='block_1_24' title="bbox 1883 1498 3446 1568">
    <p class='ocr_par' dir='ltr' id='par_1_24' title="bbox 1883 1498 3446 1568">
     <span class='ocr_line' id='line_1_24' title="bbox 1883 1498 3446 1568; baseline -0.001 -16"><span class='ocrx_word' id='word_1_144' title='bbox 1883 1517 2044 1563; x_wconf 89' lang='lat' dir='ltr'><strong>mam,</strong></span> <span class='ocrx_word' id='word_1_145' title='bbox 2095 1500 2271 1568; x_wconf 92' lang='lat' dir='ltr'><strong>ipsum</strong></span> <span class='ocrx_word' id='word_1_146' title='bbox 2326 1500 2617 1553; x_wconf 84' lang='lat' dir='ltr'><strong>comitatus</strong></span> <span class='ocrx_word' id='word_1_147' title='bbox 2662 1499 2764 1552; x_wconf 78' lang='lat' dir='ltr'><strong>fuit</strong></span> <span class='ocrx_word' id='word_1_148' title='bbox 2821 1513 2993 1567; x_wconf 89' lang='lat' dir='ltr'><strong>usque</strong></span> <span class='ocrx_word' id='word_1_149' title='bbox 3047 1499 3113 1552; x_wconf 90' lang='lat' dir='ltr'><strong>ad</strong></span> <span class='ocrx_word' id='word_1_150' title='bbox 3169 1498 3446 1552; x_wconf 83' lang='lat' dir='ltr'><strong>civitatem</strong></span> 
     </span>
    </p>
   </div>
   <div class='ocr_carea' id='block_1_25' title="bbox 1878 1590 3444 1660">
    <p class='ocr_par' dir='ltr' id='par_1_25' title="bbox 1878 1590 3444 1660">
     <span class='ocr_line' id='line_1_25' title="bbox 1878 1590 3444 1660; baseline -0.001 -15"><span class='ocrx_word' id='word_1_151' title='bbox 1878 1593 2145 1660; x_wconf 81' lang='lat' dir='ltr'><strong>Rhegium</strong></span> <span class='ocrx_word' id='word_1_152' title='bbox 2187 1591 2472 1645; x_wconf 76' lang='lat' dir='ltr'><strong>Calabrizc.</strong></span> <span class='ocrx_word' id='word_1_153' title='bbox 2507 1590 2796 1645; x_wconf 81' lang='lat' dir='ltr'><strong>Inveniens</strong></span> <span class='ocrx_word' id='word_1_154' title='bbox 2833 1600 3014 1643; x_wconf 85' lang='lat' dir='ltr'><strong>autem</strong></span> <span class='ocrx_word' id='word_1_155' title='bbox 3045 1591 3337 1659; x_wconf 80' lang='lat' dir='ltr'><strong>Apostolus</strong></span> <span class='ocrx_word' id='word_1_156' title='bbox 3370 1592 3444 1644; x_wconf 88' lang='lat' dir='ltr'><strong>ci-</strong></span> 
     </span>
    </p>
   </div>
   <div class='ocr_carea' id='block_1_26' title="bbox 1875 1681 3446 1751">
    <p class='ocr_par' dir='ltr' id='par_1_26' title="bbox 1875 1681 3446 1751">
     <span class='ocr_line' id='line_1_26' title="bbox 1875 1681 3446 1751; baseline -0.002 -13"><span class='ocrx_word' id='word_1_157' title='bbox 1875 1686 2097 1738; x_wconf 89' lang='lat' dir='ltr'><strong>vitatem</strong></span> <span class='ocrx_word' id='word_1_158' title='bbox 2145 1684 2312 1748; x_wconf 85' lang='lat' dir='ltr'><strong>illam,</strong></span> <span class='ocrx_word' id='word_1_159' title='bbox 2371 1694 2538 1738; x_wconf 88' lang='lat' dir='ltr'><strong>totam</strong></span> <span class='ocrx_word' id='word_1_160' title='bbox 2593 1684 2958 1746; x_wconf 84' lang='lat' dir='ltr'><strong>idololatram,</strong></span> <span class='ocrx_word' id='word_1_161' title='bbox 3013 1683 3325 1751; x_wconf 64' lang='lat' dir='ltr'><strong>praedicavit</strong></span> <span class='ocrx_word' id='word_1_162' title='bbox 3368 1681 3446 1735; x_wconf 87' lang='lat' dir='ltr'><strong>ibi</strong></span> 
     </span>
    </p>
   </div>
   <div class='ocr_carea' id='block_1_27' title="bbox 1880 1776 3447 1844">
    <p class='ocr_par' dir='ltr' id='par_1_27' title="bbox 1880 1776 3447 1844">
     <span class='ocr_line' id='line_1_27' title="bbox 1880 1776 3447 1844; baseline 0.001 -16"><span class='ocrx_word' id='word_1_163' title='bbox 1880 1777 2102 1830; x_wconf 84' lang='lat' dir='ltr'><strong>verbum</strong></span> <span class='ocrx_word' id='word_1_164' title='bbox 2138 1776 2231 1829; x_wconf 89' lang='lat' dir='ltr'><strong>Dei</strong></span> <span class='ocrx_word' id='word_1_165' title='bbox 2269 1795 2280 1828; x_wconf 94' lang='lat'><strong>:</strong></span> <span class='ocrx_word' id='word_1_166' title='bbox 2318 1787 2373 1829; x_wconf 90' lang='lat' dir='ltr'><strong>et</strong></span> <span class='ocrx_word' id='word_1_167' title='bbox 2403 1777 2862 1844; x_wconf 81' lang='lat' dir='ltr'><strong>quemadmodum</strong></span> <span class='ocrx_word' id='word_1_168' title='bbox 2910 1777 3050 1832; x_wconf 88' lang='lat' dir='ltr'><strong>bona</strong></span> <span class='ocrx_word' id='word_1_169' title='bbox 3080 1786 3220 1831; x_wconf 89' lang='lat' dir='ltr'><strong>terra</strong></span> <span class='ocrx_word' id='word_1_170' title='bbox 3256 1790 3447 1830; x_wconf 88' lang='lat' dir='ltr'><strong>semen</strong></span> 
     </span>
    </p>
   </div>
   <div class='ocr_carea' id='block_1_28' title="bbox 1879 1868 3446 1938">
    <p class='ocr_par' dir='ltr' id='par_1_28' title="bbox 1879 1868 3446 1938">
     <span class='ocr_line' id='line_1_28' title="bbox 1879 1868 3446 1938; baseline 0.001 -18"><span class='ocrx_word' id='word_1_171' title='bbox 1879 1868 2072 1936; x_wconf 89' lang='lat' dir='ltr'><strong>recipit</strong></span> <span class='ocrx_word' id='word_1_172' title='bbox 2101 1869 2536 1938; x_wconf 87' lang='lat' dir='ltr'><strong>multiplicatque</strong></span> <span class='ocrx_word' id='word_1_173' title='bbox 2567 1869 2906 1938; x_wconf 87' lang='lat' dir='ltr'><strong>centuplum.</strong></span> <span class='ocrx_word' id='word_1_174' title='bbox 2937 1869 3009 1922; x_wconf 89' lang='lat' dir='ltr'><strong>ita</strong></span> <span class='ocrx_word' id='word_1_175' title='bbox 3035 1869 3226 1922; x_wconf 71' lang='lat' dir='ltr'><strong>incola:</strong></span> <span class='ocrx_word' id='word_1_176' title='bbox 3253 1869 3446 1922; x_wconf 87' lang='lat' dir='ltr'><strong>civita-</strong></span> 
     </span>
    </p>
   </div>
   <div class='ocr_carea' id='block_1_29' title="bbox 1880 1957 3448 2028">
    <p class='ocr_par' dir='ltr' id='par_1_29' title="bbox 1880 1957 3448 2028">
     <span class='ocr_line' id='line_1_29' title="bbox 1880 1957 3448 2028; baseline 0.002 -18"><span class='ocrx_word' id='word_1_177' title='bbox 1880 1958 1948 2010; x_wconf 92' lang='lat' dir='ltr'><strong>tis</strong></span> <span class='ocrx_word' id='word_1_178' title='bbox 1990 1957 2214 2010; x_wconf 72' lang='lat' dir='ltr'><strong>verbum</strong></span> <span class='ocrx_word' id='word_1_179' title='bbox 2265 1968 2614 2026; x_wconf 84' lang='lat' dir='ltr'><strong>receperunt.</strong></span> <span class='ocrx_word' id='word_1_180' title='bbox 2651 1957 2864 2012; x_wconf 89' lang='lat' dir='ltr'><strong>Interea</strong></span> <span class='ocrx_word' id='word_1_181' title='bbox 2901 1957 3249 2012; x_wconf 87' lang='lat' dir='ltr'><strong>catechizans</strong></span> <span class='ocrx_word' id='word_1_182' title='bbox 3299 1959 3448 2028; x_wconf 82' lang='lat' dir='ltr'><strong>ipsos</strong></span> 
     </span>
    </p>
   </div>
   <div class='ocr_carea' id='block_1_30' title="bbox 1879 2049 3448 2119">
    <p class='ocr_par' dir='ltr' id='par_1_30' title="bbox 1879 2049 3448 2119">
     <span class='ocr_line' id='line_1_30' title="bbox 1879 2049 3448 2119; baseline 0 -15"><span class='ocrx_word' id='word_1_183' title='bbox 1879 2049 2098 2108; x_wconf 86' lang='lat' dir='ltr'><strong>Paulus,</strong></span> <span class='ocrx_word' id='word_1_184' title='bbox 2133 2049 2428 2119; x_wconf 84' lang='lat' dir='ltr'><strong>baptizavit</strong></span> <span class='ocrx_word' id='word_1_185' title='bbox 2478 2049 2746 2118; x_wconf 90' lang='lat' dir='ltr'><strong>plurimos</strong></span> <span class='ocrx_word' id='word_1_186' title='bbox 2797 2051 2848 2104; x_wconf 92' lang='lat' dir='ltr'><strong>in</strong></span> <span class='ocrx_word' id='word_1_187' title='bbox 2901 2050 3123 2104; x_wconf 88' lang='lat' dir='ltr'><strong>nomine</strong></span> <span class='ocrx_word' id='word_1_188' title='bbox 3166 2049 3346 2105; x_wconf 85' lang='lat' dir='ltr'><strong>Patris</strong></span> <span class='ocrx_word' id='word_1_189' title='bbox 3389 2058 3448 2104; x_wconf 89' lang='lat' dir='ltr'><strong>et</strong></span> 
     </span>
    </p>
   </div>
   <div class='ocr_carea' id='block_1_31' title="bbox 1878 2140 3444 2212">
    <p class='ocr_par' dir='ltr' id='par_1_31' title="bbox 1878 2140 3444 2212">
     <span class='ocr_line' id='line_1_31' title="bbox 1878 2140 3444 2212; baseline -0.001 -17"><span class='ocrx_word' id='word_1_190' title='bbox 1878 2142 1998 2195; x_wconf 85' lang='lat' dir='ltr'><strong>Filii</strong></span> <span class='ocrx_word' id='word_1_191' title='bbox 2042 2151 2097 2195; x_wconf 88' lang='lat' dir='ltr'><strong>et</strong></span> <span class='ocrx_word' id='word_1_192' title='bbox 2138 2141 2374 2210; x_wconf 89' lang='lat' dir='ltr'><strong>Spiritus</strong></span> <span class='ocrx_word' id='word_1_193' title='bbox 2407 2144 2580 2196; x_wconf 88' lang='lat' dir='ltr'><strong>sancti</strong></span> <span class='ocrx_word' id='word_1_194' title='bbox 2606 2159 2619 2206; x_wconf 89' lang='lat'>;</span> <span class='ocrx_word' id='word_1_195' title='bbox 2648 2153 2816 2212; x_wconf 90' lang='lat' dir='ltr'><strong>atque</strong></span> <span class='ocrx_word' id='word_1_196' title='bbox 2846 2141 3122 2196; x_wconf 91' lang='lat' dir='ltr'><strong>ordinavit</strong></span> <span class='ocrx_word' id='word_1_197' title='bbox 3153 2140 3226 2196; x_wconf 89' lang='lat' dir='ltr'><strong>ibi</strong></span> <span class='ocrx_word' id='word_1_198' title='bbox 3257 2141 3444 2195; x_wconf 84' lang='lat' dir='ltr'><strong>archi-</strong></span> 
     </span>
    </p>
   </div>
   <div class='ocr_carea' id='block_1_32' title="bbox 1875 2233 3446 2305">
    <p class='ocr_par' dir='ltr' id='par_1_32' title="bbox 1875 2233 3446 2305">
     <span class='ocr_line' id='line_1_32' title="bbox 1875 2233 3446 2305; baseline 0.001 -19"><span class='ocrx_word' id='word_1_199' title='bbox 1875 2235 2194 2303; x_wconf 90' lang='lat' dir='ltr'><strong>episcopum</strong></span> <span class='ocrx_word' id='word_1_200' title='bbox 2231 2234 2589 2302; x_wconf 85' lang='lat' dir='ltr'><strong>Stephanum,</strong></span> <span class='ocrx_word' id='word_1_201' title='bbox 2626 2237 2720 2304; x_wconf 88' lang='lat' dir='ltr'><strong>qui</strong></span> <span class='ocrx_word' id='word_1_202' title='bbox 2747 2245 2894 2290; x_wconf 90' lang='lat' dir='ltr'><strong>rccte</strong></span> <span class='ocrx_word' id='word_1_203' title='bbox 2927 2250 3155 2305; x_wconf 88' lang='lat' dir='ltr'><strong>pascens</strong></span> <span class='ocrx_word' id='word_1_204' title='bbox 3189 2233 3446 2289; x_wconf 82' lang='lat' dir='ltr'><strong>commis-</strong></span> 
     </span>
    </p>
   </div>
   <div class='ocr_carea' id='block_1_33' title="bbox 1877 2325 3446 2396">
    <p class='ocr_par' dir='ltr' id='par_1_33' title="bbox 1877 2325 3446 2396">
     <span class='ocr_line' id='line_1_33' title="bbox 1877 2325 3446 2396; baseline -0.003 -14"><span class='ocrx_word' id='word_1_205' title='bbox 1877 2342 1994 2382; x_wconf 87' lang='lat' dir='ltr'><strong>sum</strong></span> <span class='ocrx_word' id='word_1_206' title='bbox 2029 2325 2133 2379; x_wconf 85' lang='lat' dir='ltr'><strong>sibi</strong></span> <span class='ocrx_word' id='word_1_207' title='bbox 2165 2341 2404 2396; x_wconf 77' lang='lat' dir='ltr'><strong>gregem,</strong></span> <span class='ocrx_word' id='word_1_208' title='bbox 2447 2327 2649 2381; x_wconf 90' lang='lat' dir='ltr'><strong>multos</strong></span> <span class='ocrx_word' id='word_1_209' title='bbox 2697 2327 2751 2379; x_wconf 91' lang='lat' dir='ltr'><strong>in</strong></span> <span class='ocrx_word' id='word_1_210' title='bbox 2783 2326 3222 2380; x_wconf 84' lang='lat' dir='ltr'><strong>occidentalibus</strong></span> <span class='ocrx_word' id='word_1_211' title='bbox 3252 2326 3446 2396; x_wconf 76' lang='lat' dir='ltr'><strong>plagis,</strong></span> 
     </span>
    </p>
   </div>
   <div class='ocr_carea' id='block_1_34' title="bbox 1877 2415 3445 2484">
    <p class='ocr_par' dir='ltr' id='par_1_34' title="bbox 1877 2415 3445 2484">
     <span class='ocr_line' id='line_1_34' title="bbox 1877 2415 3445 2484; baseline -0.002 -15"><span class='ocrx_word' id='word_1_212' title='bbox 1877 2417 2150 2470; x_wconf 88' lang='lat' dir='ltr'><strong>convertit</strong></span> <span class='ocrx_word' id='word_1_213' title='bbox 2178 2416 2428 2470; x_wconf 88' lang='lat' dir='ltr'><strong>doctrina</strong></span> <span class='ocrx_word' id='word_1_214' title='bbox 2460 2432 2557 2470; x_wconf 89' lang='lat' dir='ltr'><strong>sua</strong></span> <span class='ocrx_word' id='word_1_215' title='bbox 2589 2415 2656 2468; x_wconf 92' lang='lat' dir='ltr'><strong>ad</strong></span> <span class='ocrx_word' id='word_1_216' title='bbox 2689 2415 2850 2469; x_wconf 84' lang='lat' dir='ltr'><strong>iidem</strong></span> <span class='ocrx_word' id='word_1_217' title='bbox 2885 2415 3111 2470; x_wconf 90' lang='lat' dir='ltr'><strong>Christi.</strong></span> <span class='ocrx_word' id='word_1_218' title='bbox 3148 2415 3445 2484; x_wconf 84' lang='lat' dir='ltr'><strong>Postquam</strong></span> 
     </span>
    </p>
   </div>
   <div class='ocr_carea' id='block_1_35' title="bbox 1879 2507 3449 2578">
    <p class='ocr_par' dir='ltr' id='par_1_35' title="bbox 1879 2507 3449 2578">
     <span class='ocr_line' id='line_1_35' title="bbox 1879 2507 3449 2578; baseline 0 -18"><span class='ocrx_word' id='word_1_219' title='bbox 1879 2507 2043 2577; x_wconf 90' lang='lat' dir='ltr'><strong>igitur</strong></span> <span class='ocrx_word' id='word_1_220' title='bbox 2076 2509 2468 2578; x_wconf 84' lang='lat' dir='ltr'><strong>septemdecim</strong></span> <span class='ocrx_word' id='word_1_221' title='bbox 2501 2523 2676 2563; x_wconf 88' lang='lat' dir='ltr'><strong>annos</strong></span> <span class='ocrx_word' id='word_1_222' title='bbox 2707 2507 2782 2562; x_wconf 91' lang='lat' dir='ltr'><strong>ibi</strong></span> <span class='ocrx_word' id='word_1_223' title='bbox 2806 2509 3099 2578; x_wconf 74' lang='lat' dir='ltr'><strong>exegisset,</strong></span> <span class='ocrx_word' id='word_1_224' title='bbox 3129 2508 3449 2576; x_wconf 54' lang='lat' dir='ltr'><strong>episcopos.</strong></span> 
     </span>
    </p>
   </div>
   <div class='ocr_carea' id='block_1_36' title="bbox 207 2600 1777 2678">
    <p class='ocr_par' dir='ltr' id='par_1_36' title="bbox 207 2608 1775 2678">
     <span class='ocr_line' id='line_1_36' title="bbox 207 2608 1775 2678; baseline 0.001 -16"><span class='ocrx_word' id='word_1_225' title='bbox 207 2612 273 2678; x_wconf 81' lang='grc' dir='ltr'>τῇ</span> <span class='ocrx_word' id='word_1_226' title='bbox 301 2610 454 2660; x_wconf 84' lang='grc' dir='ltr'>πόλει</span> <span class='ocrx_word' id='word_1_227' title='bbox 502 2609 640 2661; x_wconf 69' lang='grc' dir='ltr'>ἑπτά</span> <span class='ocrx_word' id='word_1_228' title='bbox 685 2608 781 2660; x_wconf 75' lang='grc' dir='ltr'><strong>καὶ</strong></span> <span class='ocrx_word' id='word_1_229' title='bbox 811 2609 940 2661; x_wconf 81' lang='grc' dir='ltr'>δέκα</span> <span class='ocrx_word' id='word_1_230' title='bbox 970 2609 1267 2673; x_wconf 79' lang='grc' dir='ltr'>ἐνιαυτοὺς,</span> <span class='ocrx_word' id='word_1_231' title='bbox 1315 2609 1407 2662; x_wconf 77' lang='grc' dir='ltr'>καὶ</span> <span class='ocrx_word' id='word_1_232' title='bbox 1443 2611 1775 2674; x_wconf 75' lang='grc' dir='ltr'>ἐπισκόπους</span> 
     </span>
    </p>
   </div>
   <div class='ocr_carea' id='block_1_37' title="bbox 1878 2600 3448 2678">
    <p class='ocr_par' dir='ltr' id='par_1_37' title="bbox 1878 2600 3448 2670">
     <span class='ocr_line' id='line_1_37' title="bbox 1878 2600 3448 2670; baseline -0.001 -18"><span class='ocrx_word' id='word_1_233' title='bbox 1878 2617 1983 2669; x_wconf 91' lang='lat' dir='ltr'><strong>que</strong></span> <span class='ocrx_word' id='word_1_234' title='bbox 2007 2610 2061 2652; x_wconf 88' lang='lat' dir='ltr'><strong>et</strong></span> <span class='ocrx_word' id='word_1_235' title='bbox 2096 2600 2443 2670; x_wconf 83' lang='lat' dir='ltr'><strong>presbyteros</strong></span> <span class='ocrx_word' id='word_1_236' title='bbox 2463 2609 2853 2662; x_wconf 84' lang='lat' dir='ltr'><strong>consecrasset,</strong></span> <span class='ocrx_word' id='word_1_237' title='bbox 2883 2611 3047 2668; x_wconf 87' lang='lat' dir='ltr'><strong>atque</strong></span> <span class='ocrx_word' id='word_1_238' title='bbox 3077 2600 3318 2654; x_wconf 86' lang='lat' dir='ltr'><strong>Ecclesia</strong></span> <span class='ocrx_word' id='word_1_239' title='bbox 3349 2614 3448 2667; x_wconf 86' lang='lat' dir='ltr'><strong>per</strong></span> 
     </span>
    </p>
   </div>
   <div class='ocr_carea' id='block_1_38' title="bbox 206 2671 1777 2773">
    <p class='ocr_par' dir='ltr' id='par_1_38' title="bbox 206 2698 1775 2773">
     <span class='ocr_line' id='line_1_38' title="bbox 206 2698 1775 2773; baseline 0.003 -24"><span class='ocrx_word' id='word_1_240' title='bbox 206 2699 303 2750; x_wconf 73' lang='grc' dir='ltr'>καὶ</span> <span class='ocrx_word' id='word_1_241' title='bbox 337 2698 743 2768; x_wconf 67' lang='grc' dir='ltr'>πρεσϐυτέρους</span> <span class='ocrx_word' id='word_1_242' title='bbox 773 2701 1177 2770; x_wconf 68' lang='grc' dir='ltr'>χειροτονήσας,</span> <span class='ocrx_word' id='word_1_243' title='bbox 1206 2703 1296 2753; x_wconf 73' lang='grc' dir='ltr'>καὶ</span> <span class='ocrx_word' id='word_1_244' title='bbox 1322 2701 1423 2769; x_wconf 87' lang='grc' dir='ltr'><strong>τῆς</strong></span> <span class='ocrx_word' id='word_1_245' title='bbox 1451 2703 1775 2773; x_wconf 85' lang='grc' dir='ltr'>Ἐκκλησίας</span> 
     </span>
    </p>
   </div>
   <div class='ocr_carea' id='block_1_39' title="bbox 1878 2671 3448 2773">
    <p class='ocr_par' dir='ltr' id='par_1_39' title="bbox 1879 2690 3448 2762">
     <span class='ocr_line' id='line_1_39' title="bbox 1879 2690 3448 2762; baseline 0.001 -18"><span class='ocrx_word' id='word_1_246' title='bbox 1879 2691 1972 2744; x_wconf 85' lang='lat' dir='ltr'><strong>Dei</strong></span> <span class='ocrx_word' id='word_1_247' title='bbox 2012 2693 2244 2758; x_wconf 81' lang='lat' dir='ltr'><strong>gratiam</strong></span> <span class='ocrx_word' id='word_1_248' title='bbox 2291 2690 2565 2758; x_wconf 85' lang='lat' dir='ltr'><strong>perampla</strong></span> <span class='ocrx_word' id='word_1_249' title='bbox 2596 2699 2740 2746; x_wconf 82' lang='lat' dir='ltr'><strong>esset</strong></span> <span class='ocrx_word' id='word_1_250' title='bbox 2770 2708 2785 2745; x_wconf 91' lang='lat'><strong>:</strong></span> <span class='ocrx_word' id='word_1_251' title='bbox 2818 2701 2963 2746; x_wconf 90' lang='lat' dir='ltr'><strong>mota</strong></span> <span class='ocrx_word' id='word_1_252' title='bbox 2998 2691 3102 2746; x_wconf 76' lang='lat' dir='ltr'><strong>fuit</strong></span> <span class='ocrx_word' id='word_1_253' title='bbox 3137 2691 3448 2762; x_wconf 84' lang='lat' dir='ltr'><strong>persecutio</strong></span> 
     </span>
    </p>
   </div>
   <div class='ocr_carea' id='block_1_40' title="bbox 206 2786 1777 2862">
    <p class='ocr_par' dir='ltr' id='par_1_40' title="bbox 206 2786 1777 2862">
     <span class='ocr_line' id='line_1_40' title="bbox 206 2786 1777 2862; baseline 0.006 -24"><span class='ocrx_word' id='word_1_254' title='bbox 206 2786 344 2839; x_wconf 84' lang='grc' dir='ltr'>Θεοῦ</span> <span class='ocrx_word' id='word_1_255' title='bbox 377 2789 560 2857; x_wconf 82' lang='grc' dir='ltr'>χάριτι</span> <span class='ocrx_word' id='word_1_256' title='bbox 607 2789 1062 2862; x_wconf 85' lang='grc' dir='ltr'>μεγαλυνθείσης,</span> <span class='ocrx_word' id='word_1_257' title='bbox 1094 2792 1322 2861; x_wconf 80' lang='grc' dir='ltr'>ἐκινήθη</span> <span class='ocrx_word' id='word_1_258' title='bbox 1356 2793 1595 2862; x_wconf 76' lang='grc' dir='ltr'><strong>διωγμὸς</strong></span> <span class='ocrx_word' id='word_1_259' title='bbox 1636 2795 1777 2847; x_wconf 67' lang='grc' dir='ltr'>κατὰ</span> 
     </span>
    </p>
   </div>
   <div class='ocr_carea' id='block_1_41' title="bbox 206 2881 707 2950">
    <p class='ocr_par' dir='ltr' id='par_1_41' title="bbox 206 2881 707 2950">
     <span class='ocr_line' id='line_1_41' title="bbox 206 2881 707 2950; baseline 0.004 -18"><span class='ocrx_word' id='word_1_260' title='bbox 206 2881 315 2932; x_wconf 81' lang='grc' dir='ltr'><strong>τῶν</strong></span> <span class='ocrx_word' id='word_1_261' title='bbox 345 2882 707 2950; x_wconf 75' lang='grc' dir='ltr'>Χριστιανῶν.</span> 
     </span>
    </p>
   </div>
   <div class='ocr_carea' id='block_1_42' title="bbox 279 2970 1776 3045">
    <p class='ocr_par' dir='ltr' id='par_1_42' title="bbox 279 2970 1776 3045">
     <span class='ocr_line' id='line_1_42' title="bbox 279 2970 1776 3045; baseline 0.005 -23"><span class='ocrx_word' id='word_1_262' title='bbox 279 2970 356 3025; x_wconf 85' lang='lat' dir='ltr'><strong>B’.</strong></span> <span class='ocrx_word' id='word_1_263' title='bbox 412 2972 724 3041; x_wconf 74' lang='grc' dir='ltr'>Ἐκρατήθη</span> <span class='ocrx_word' id='word_1_264' title='bbox 783 2973 886 3025; x_wconf 79' lang='grc' dir='ltr'><strong>ὑπὸ</strong></span> <span class='ocrx_word' id='word_1_265' title='bbox 922 2973 1168 3044; x_wconf 85' lang='grc' dir='ltr'>Ἰέρακος</span> <span class='ocrx_word' id='word_1_266' title='bbox 1226 2976 1492 3045; x_wconf 78' lang='grc' dir='ltr'>ἡγεμόνος</span> <span class='ocrx_word' id='word_1_267' title='bbox 1531 2978 1558 3028; x_wconf 89' lang='lat'><strong>6</strong></span> <span class='ocrx_word' id='word_1_268' title='bbox 1587 2977 1776 3044; x_wconf 74' lang='grc' dir='ltr'>’Ἄγιος</span> 
     </span>
    </p>
   </div>
   <div class='ocr_carea' id='block_1_43' title="bbox 203 3063 1779 3140">
    <p class='ocr_par' dir='ltr' id='par_1_43' title="bbox 203 3063 1779 3140">
     <span class='ocr_line' id='line_1_43' title="bbox 203 3063 1779 3140; baseline 0.006 -26"><span class='ocrx_word' id='word_1_269' title='bbox 203 3064 523 3134; x_wconf 75' lang='grc' dir='ltr'>προσαίτιος</span> <span class='ocrx_word' id='word_1_270' title='bbox 565 3063 659 3114; x_wconf 88' lang='grc' dir='ltr'><strong>τοῦ</strong></span> <span class='ocrx_word' id='word_1_271' title='bbox 697 3065 1153 3133; x_wconf 79' lang='grc' dir='ltr'>Χριστιανισμοῦ,</span> <span class='ocrx_word' id='word_1_272' title='bbox 1188 3068 1281 3120; x_wconf 80' lang='grc' dir='ltr'>καὶ</span> <span class='ocrx_word' id='word_1_273' title='bbox 1324 3069 1643 3139; x_wconf 77' lang='grc' dir='ltr'>ἠναγκάσθη</span> <span class='ocrx_word' id='word_1_274' title='bbox 1681 3072 1779 3140; x_wconf 75' lang='grc' dir='ltr'><strong>ἀρ-</strong></span> 
     </span>
    </p>
   </div>
   <div class='ocr_carea' id='block_1_44' title="bbox 204 3155 1780 3226">
    <p class='ocr_par' dir='ltr' id='par_1_44' title="bbox 204 3155 1780 3226">
     <span class='ocr_line' id='line_1_44' title="bbox 204 3155 1780 3226; baseline 0.006 -19"><span class='ocrx_word' id='word_1_275' title='bbox 204 3155 474 3224; x_wconf 78' lang='grc' dir='ltr'>νήσασθαι</span> <span class='ocrx_word' id='word_1_276' title='bbox 498 3155 588 3208; x_wconf 76' lang='grc' dir='ltr'><strong>τὸν</strong></span> <span class='ocrx_word' id='word_1_277' title='bbox 609 3157 864 3226; x_wconf 70' lang='grc' dir='ltr'>Χριστόν,</span> <span class='ocrx_word' id='word_1_278' title='bbox 887 3159 981 3210; x_wconf 74' lang='grc' dir='ltr'>καὶ</span> <span class='ocrx_word' id='word_1_279' title='bbox 1006 3159 1164 3210; x_wconf 89' lang='grc' dir='ltr'>θῦσαι</span> <span class='ocrx_word' id='word_1_280' title='bbox 1192 3162 1306 3221; x_wconf 83' lang='grc' dir='ltr'>τοῖς</span> <span class='ocrx_word' id='word_1_281' title='bbox 1333 3162 1569 3224; x_wconf 72' lang='grc' dir='ltr'>εἰδώλοις</span> <span class='ocrx_word' id='word_1_282' title='bbox 1589 3179 1602 3192; x_wconf 82' lang='grc'><em>’</em></span> <span class='ocrx_word' id='word_1_283' title='bbox 1636 3166 1692 3226; x_wconf 81' lang='grc' dir='ltr'>ὃς</span> <span class='ocrx_word' id='word_1_284' title='bbox 1721 3165 1780 3216; x_wconf 72' lang='grc' dir='ltr'>δὲ</span> 
     </span>
    </p>
   </div>
   <div class='ocr_carea' id='block_1_45' title="bbox 202 3245 1776 3321">
    <p class='ocr_par' dir='ltr' id='par_1_45' title="bbox 202 3245 1776 3321">
     <span class='ocr_line' id='line_1_45' title="bbox 202 3245 1776 3321; baseline 0.004 -23"><span class='ocrx_word' id='word_1_285' title='bbox 202 3246 304 3298; x_wconf 78' lang='grc' dir='ltr'><strong>οὑκ</strong></span> <span class='ocrx_word' id='word_1_286' title='bbox 337 3245 614 3316; x_wconf 71' lang='grc' dir='ltr'>ἠνέσχετο,</span> <span class='ocrx_word' id='word_1_287' title='bbox 650 3247 786 3299; x_wconf 77' lang='grc' dir='ltr'>ἀλλὰ</span> <span class='ocrx_word' id='word_1_288' title='bbox 833 3247 1033 3318; x_wconf 79' lang='grc' dir='ltr'>μᾶλλον</span> <span class='ocrx_word' id='word_1_289' title='bbox 1081 3250 1364 3321; x_wconf 74' lang='grc' dir='ltr'>παρρησίᾳ</span> <span class='ocrx_word' id='word_1_290' title='bbox 1409 3252 1499 3304; x_wconf 84' lang='grc' dir='ltr'><strong>τὸν</strong></span> <span class='ocrx_word' id='word_1_291' title='bbox 1540 3253 1776 3321; x_wconf 78' lang='grc' dir='ltr'>Χριστὸν</span> 
     </span>
    </p>
   </div>
   <div class='ocr_carea' id='block_1_46' title="bbox 197 3339 1777 3413">
    <p class='ocr_par' dir='ltr' id='par_1_46' title="bbox 197 3339 1777 3413">
     <span class='ocr_line' id='line_1_46' title="bbox 197 3339 1777 3413; baseline 0.003 -22"><span class='ocrx_word' id='word_1_292' title='bbox 197 3339 568 3408; x_wconf 73' lang='grc' dir='ltr'>ὁμολογήσας,</span> <span class='ocrx_word' id='word_1_293' title='bbox 602 3339 733 3391; x_wconf 73' lang='grc' dir='ltr'>Θεὸν</span> <span class='ocrx_word' id='word_1_294' title='bbox 764 3341 892 3393; x_wconf 85' lang='grc' dir='ltr'>δντα</span> <span class='ocrx_word' id='word_1_295' title='bbox 927 3341 1021 3395; x_wconf 71' lang='grc' dir='ltr'>καὶ</span> <span class='ocrx_word' id='word_1_296' title='bbox 1054 3342 1295 3413; x_wconf 82' lang='grc' dir='ltr'>Ποιητὴν</span> <span class='ocrx_word' id='word_1_297' title='bbox 1320 3345 1540 3397; x_wconf 81' lang='grc' dir='ltr'>πάντων</span> <span class='ocrx_word' id='word_1_298' title='bbox 1565 3358 1578 3373; x_wconf 80' lang='grc'>⁸</span> <span class='ocrx_word' id='word_1_299' title='bbox 1619 3345 1685 3396; x_wconf 72' lang='grc' dir='ltr'>τὰ</span> <span class='ocrx_word' id='word_1_300' title='bbox 1721 3345 1777 3396; x_wconf 85' lang='grc' dir='ltr'>δὲ</span> 
     </span>
    </p>
   </div>
   <div class='ocr_carea' id='block_1_47' title="bbox 203 3427 1779 3505">
    <p class='ocr_par' dir='ltr' id='par_1_47' title="bbox 203 3427 1779 3505">
     <span class='ocr_line' id='line_1_47' title="bbox 203 3427 1779 3505; baseline 0.004 -25"><span class='ocrx_word' id='word_1_301' title='bbox 203 3428 426 3488; x_wconf 77' lang='grc' dir='ltr'>εἴδωλα,</span> <span class='ocrx_word' id='word_1_302' title='bbox 478 3427 609 3491; x_wconf 79' lang='grc' dir='ltr'>ξύλα</span> <span class='ocrx_word' id='word_1_303' title='bbox 648 3428 742 3481; x_wconf 76' lang='grc' dir='ltr'><strong>καὶ</strong></span> <span class='ocrx_word' id='word_1_304' title='bbox 787 3431 964 3492; x_wconf 78' lang='grc' dir='ltr'>λίθους</span> <span class='ocrx_word' id='word_1_305' title='bbox 1008 3432 1333 3501; x_wconf 80' lang='grc' dir='ltr'>ἀναίσθητα,</span> <span class='ocrx_word' id='word_1_306' title='bbox 1384 3434 1522 3504; x_wconf 71' lang='grc' dir='ltr'>ἔργα</span> <span class='ocrx_word' id='word_1_307' title='bbox 1578 3434 1779 3505; x_wconf 83' lang='grc' dir='ltr'>χειρῶν</span> 
     </span>
    </p>
   </div>
   <div class='ocr_carea' id='block_1_48' title="bbox 201 3519 1777 3592">
    <p class='ocr_par' dir='ltr' id='par_1_48' title="bbox 201 3519 1777 3592">
     <span class='ocr_line' id='line_1_48' title="bbox 201 3519 1777 3592; baseline 0.005 -20"><span class='ocrx_word' id='word_1_308' title='bbox 201 3519 535 3589; x_wconf 80' lang='grc' dir='ltr'>ἀνθρώπων,</span> <span class='ocrx_word' id='word_1_309' title='bbox 567 3520 660 3570; x_wconf 84' lang='grc' dir='ltr'><strong>τοῦ</strong></span> <span class='ocrx_word' id='word_1_310' title='bbox 699 3520 947 3574; x_wconf 75' lang='grc' dir='ltr'>διαϐόλου</span> <span class='ocrx_word' id='word_1_311' title='bbox 985 3526 1364 3592; x_wconf 80' lang='grc' dir='ltr'>ὲφευρήματα.</span> <span class='ocrx_word' id='word_1_312' title='bbox 1390 3526 1481 3576; x_wconf 82' lang='grc' dir='ltr'><strong>Διὸ</strong></span> <span class='ocrx_word' id='word_1_313' title='bbox 1515 3526 1777 3580; x_wconf 86' lang='grc' dir='ltr'>τύπτεται</span> 
     </span>
    </p>
   </div>
   <div class='ocr_carea' id='block_1_49' title="bbox 201 3609 1778 3686">
    <p class='ocr_par' dir='ltr' id='par_1_49' title="bbox 201 3609 1778 3686">
     <span class='ocr_line' id='line_1_49' title="bbox 201 3609 1778 3686; baseline 0.003 -26"><span class='ocrx_word' id='word_1_314' title='bbox 201 3609 446 3686; x_wconf 44' lang='grc' dir='ltr'>ἀφειδῶς</span> <span class='ocrx_word' id='word_1_315' title='bbox 493 3609 616 3675; x_wconf 78' lang='grc' dir='ltr'>(σὺν</span> <span class='ocrx_word' id='word_1_316' title='bbox 659 3609 736 3681; x_wconf 84' lang='grc' dir='ltr'>τῷ</span> <span class='ocrx_word' id='word_1_317' title='bbox 773 3611 986 3682; x_wconf 78' lang='grc' dir='ltr'>Σουηρᾷ</span> <span class='ocrx_word' id='word_1_318' title='bbox 1019 3613 1321 3683; x_wconf 83' lang='grc' dir='ltr'>ὲπισκόπῳ)</span> <span class='ocrx_word' id='word_1_319' title='bbox 1351 3614 1442 3666; x_wconf 75' lang='grc' dir='ltr'>καὶ</span> <span class='ocrx_word' id='word_1_320' title='bbox 1470 3612 1638 3676; x_wconf 83' lang='grc' dir='ltr'>λίθοις</span> <span class='ocrx_word' id='word_1_321' title='bbox 1678 3615 1778 3675; x_wconf 75' lang='grc' dir='ltr'>τὰς</span> 
     </span>
    </p>
   </div>
   <div class='ocr_carea' id='block_1_50' title="bbox 200 3702 1777 3776">
    <p class='ocr_par' dir='ltr' id='par_1_50' title="bbox 200 3702 1777 3776">
     <span class='ocr_line' id='line_1_50' title="bbox 200 3702 1777 3776; baseline 0.001 -20"><span class='ocrx_word' id='word_1_322' title='bbox 200 3704 360 3773; x_wconf 69' lang='grc' dir='ltr'>δψεις</span> <span class='ocrx_word' id='word_1_323' title='bbox 391 3702 749 3769; x_wconf 84' lang='grc' dir='ltr'>συνθλῶνται,</span> <span class='ocrx_word' id='word_1_324' title='bbox 784 3705 877 3757; x_wconf 69' lang='grc' dir='ltr'><strong>καὶ</strong></span> <span class='ocrx_word' id='word_1_325' title='bbox 906 3706 985 3768; x_wconf 85' lang='grc' dir='ltr'><strong>είς</strong></span> <span class='ocrx_word' id='word_1_326' title='bbox 1020 3706 1248 3776; x_wconf 71' lang='grc' dir='ltr'>κάμινον</span> <span class='ocrx_word' id='word_1_327' title='bbox 1278 3706 1449 3776; x_wconf 81' lang='grc' dir='ltr'>πυρὸς</span> <span class='ocrx_word' id='word_1_328' title='bbox 1477 3705 1777 3776; x_wconf 64' lang='grc' dir='ltr'>ἐμϐληθέν-</span> 
     </span>
    </p>
   </div>
   <div class='ocr_carea' id='block_1_51' title="bbox 199 3793 1778 3863">
    <p class='ocr_par' dir='ltr' id='par_1_51' title="bbox 199 3793 1778 3863">
     <span class='ocr_line' id='line_1_51' title="bbox 199 3793 1778 3863; baseline 0.001 -17"><span class='ocrx_word' id='word_1_329' title='bbox 199 3812 319 3860; x_wconf 77' lang='grc' dir='ltr'>τες,</span> <span class='ocrx_word' id='word_1_330' title='bbox 373 3794 596 3863; x_wconf 77' lang='grc' dir='ltr'>ἐξῆλθον</span> <span class='ocrx_word' id='word_1_331' title='bbox 646 3793 937 3854; x_wconf 74' lang='grc' dir='ltr'>ἀϐλασεῗς·</span> <span class='ocrx_word' id='word_1_332' title='bbox 997 3795 1117 3846; x_wconf 80' lang='grc' dir='ltr'>ὅθεν</span> <span class='ocrx_word' id='word_1_333' title='bbox 1158 3796 1399 3847; x_wconf 84' lang='grc' dir='ltr'>πλεῖστοι</span> <span class='ocrx_word' id='word_1_334' title='bbox 1448 3797 1778 3848; x_wconf 80' lang='grc' dir='ltr'>ἐπίστευσαν</span> 
     </span>
    </p>
   </div>
   <div class='ocr_carea' id='block_1_52' title="bbox 199 3884 1779 3959">
    <p class='ocr_par' dir='ltr' id='par_1_52' title="bbox 199 3884 1779 3959">
     <span class='ocr_line' id='line_1_52' title="bbox 199 3884 1779 3959; baseline 0.001 -21"><span class='ocrx_word' id='word_1_335' title='bbox 199 3887 284 3954; x_wconf 80' lang='grc' dir='ltr'>τῷ</span> <span class='ocrx_word' id='word_1_336' title='bbox 315 3885 555 3953; x_wconf 76' lang='grc' dir='ltr'>Χριστῷ,</span> <span class='ocrx_word' id='word_1_337' title='bbox 589 3884 703 3949; x_wconf 77' lang='grc' dir='ltr'>καὶ,</span> <span class='ocrx_word' id='word_1_338' title='bbox 744 3886 932 3954; x_wconf 73' lang='grc' dir='ltr'>Μέγας</span> <span class='ocrx_word' id='word_1_339' title='bbox 982 3886 1008 3936; x_wconf 89' lang='lat'><strong>6</strong></span> <span class='ocrx_word' id='word_1_340' title='bbox 1039 3885 1196 3952; x_wconf 83' lang='grc' dir='ltr'>Θεὸς,</span> <span class='ocrx_word' id='word_1_341' title='bbox 1245 3886 1570 3959; x_wconf 71' lang='grc' dir='ltr'>ἀνεϐόησαν,</span> <span class='ocrx_word' id='word_1_342' title='bbox 1607 3890 1634 3940; x_wconf 94' lang='lat'><strong>6</strong></span> <span class='ocrx_word' id='word_1_343' title='bbox 1675 3888 1779 3940; x_wconf 73' lang='grc' dir='ltr'>ὑπὸ</span> 
     </span>
    </p>
   </div>
   <div class='ocr_carea' id='block_1_53' title="bbox 1879 2780 2457 2836">
    <p class='ocr_par' dir='ltr' id='par_1_53' title="bbox 1879 2780 2457 2836">
     <span class='ocr_line' id='line_1_53' title="bbox 1879 2780 2457 2836; baseline -0.003 0"><span class='ocrx_word' id='word_1_344' title='bbox 1879 2791 2067 2836; x_wconf 85' lang='lat' dir='ltr'><strong>contra</strong></span> <span class='ocrx_word' id='word_1_345' title='bbox 2093 2780 2457 2836; x_wconf 82' lang='lat' dir='ltr'><strong>Christianos.</strong></span> 
     </span>
    </p>
   </div>
   <div class='ocr_carea' id='block_1_54' title="bbox 1949 2963 3449 3034">
    <p class='ocr_par' dir='ltr' id='par_1_54' title="bbox 1949 2963 3449 3034">
     <span class='ocr_line' id='line_1_54' title="bbox 1949 2963 3449 3034; baseline 0 -15"><span class='ocrx_word' id='word_1_346' title='bbox 1949 2966 2013 3019; x_wconf 91' lang='lat' dir='ltr'><strong>ll.</strong></span> <span class='ocrx_word' id='word_1_347' title='bbox 2047 2966 2103 3018; x_wconf 87' lang='lat' dir='ltr'><strong>In</strong></span> <span class='ocrx_word' id='word_1_348' title='bbox 2134 2966 2226 3020; x_wconf 86' lang='lat' dir='ltr'><strong>illa</strong></span> <span class='ocrx_word' id='word_1_349' title='bbox 2263 2974 2446 3020; x_wconf 89' lang='lat' dir='ltr'><strong>autem</strong></span> <span class='ocrx_word' id='word_1_350' title='bbox 2481 2966 2914 3034; x_wconf 87' lang='lat' dir='ltr'><strong>comprehensus</strong></span> <span class='ocrx_word' id='word_1_351' title='bbox 2936 2963 3005 3018; x_wconf 90' lang='lat' dir='ltr'><strong>ab</strong></span> <span class='ocrx_word' id='word_1_352' title='bbox 3042 2963 3271 3018; x_wconf 84' lang='lat' dir='ltr'><strong>Hierace</strong></span> <span class='ocrx_word' id='word_1_353' title='bbox 3309 2979 3449 3032; x_wconf 76' lang='lat' dir='ltr'><strong>pra:-</strong></span> 
     </span>
    </p>
   </div>
   <div class='ocr_carea' id='block_1_55' title="bbox 1879 3056 3449 3128">
    <p class='ocr_par' dir='ltr' id='par_1_55' title="bbox 1879 3056 3449 3128">
     <span class='ocr_line' id='line_1_55' title="bbox 1879 3056 3449 3128; baseline -0.003 -16"><span class='ocrx_word' id='word_1_354' title='bbox 1879 3059 1995 3113; x_wconf 87' lang='lat' dir='ltr'><strong>side</strong></span> <span class='ocrx_word' id='word_1_355' title='bbox 2026 3057 2083 3112; x_wconf 92' lang='lat' dir='ltr'><strong>S.</strong></span> <span class='ocrx_word' id='word_1_356' title='bbox 2115 3057 2448 3127; x_wconf 85' lang='lat' dir='ltr'><strong>Stephanus,</strong></span> <span class='ocrx_word' id='word_1_357' title='bbox 2483 3070 2737 3128; x_wconf 89' lang='lat' dir='ltr'><strong>tanquam</strong></span> <span class='ocrx_word' id='word_1_358' title='bbox 2780 3066 2974 3110; x_wconf 87' lang='lat' dir='ltr'><strong>auctor</strong></span> <span class='ocrx_word' id='word_1_359' title='bbox 3011 3056 3449 3119; x_wconf 88' lang='lat' dir='ltr'><strong>Christianismi,</strong></span> 
     </span>
    </p>
   </div>
   <div class='ocr_carea' id='block_1_56' title="bbox 1881 3145 3448 3219">
    <p class='ocr_par' dir='ltr' id='par_1_56' title="bbox 1881 3145 3448 3219">
     <span class='ocr_line' id='line_1_56' title="bbox 1881 3145 3448 3219; baseline -0.003 -14"><span class='ocrx_word' id='word_1_360' title='bbox 1881 3159 2104 3205; x_wconf 90' lang='lat' dir='ltr'><strong>coactus</strong></span> <span class='ocrx_word' id='word_1_361' title='bbox 2136 3148 2236 3202; x_wconf 81' lang='lat' dir='ltr'><strong>fuit</strong></span> <span class='ocrx_word' id='word_1_362' title='bbox 2275 3164 2476 3219; x_wconf 87' lang='lat' dir='ltr'><strong>negare</strong></span> <span class='ocrx_word' id='word_1_363' title='bbox 2515 3148 2797 3203; x_wconf 90' lang='lat' dir='ltr'><strong>Christum</strong></span> <span class='ocrx_word' id='word_1_364' title='bbox 2830 3155 2885 3202; x_wconf 87' lang='lat' dir='ltr'><strong>et</strong></span> <span class='ocrx_word' id='word_1_365' title='bbox 2915 3147 3225 3202; x_wconf 77' lang='lat' dir='ltr'><strong>sacriﬁcare</strong></span> <span class='ocrx_word' id='word_1_366' title='bbox 3263 3145 3448 3201; x_wconf 84' lang='lat' dir='ltr'><strong>idolis.</strong></span> 
     </span>
    </p>
   </div>
   <div class='ocr_carea' id='block_1_57' title="bbox 1879 3239 3450 3309">
    <p class='ocr_par' dir='ltr' id='par_1_57' title="bbox 1879 3239 3450 3309">
     <span class='ocr_line' id='line_1_57' title="bbox 1879 3239 3450 3309; baseline -0.004 -13"><span class='ocrx_word' id='word_1_367' title='bbox 1879 3242 2034 3309; x_wconf 82' lang='lat' dir='ltr'><strong>Quod</strong></span> <span class='ocrx_word' id='word_1_368' title='bbox 2101 3243 2191 3296; x_wconf 90' lang='lat' dir='ltr'><strong>ille</strong></span> <span class='ocrx_word' id='word_1_369' title='bbox 2247 3257 2355 3295; x_wconf 90' lang='lat' dir='ltr'><strong>non</strong></span> <span class='ocrx_word' id='word_1_370' title='bbox 2417 3244 2718 3303; x_wconf 87' lang='lat' dir='ltr'><strong>sustinens,</strong></span> <span class='ocrx_word' id='word_1_371' title='bbox 2794 3240 2978 3308; x_wconf 88' lang='lat' dir='ltr'><strong>potius</strong></span> <span class='ocrx_word' id='word_1_372' title='bbox 3034 3239 3318 3292; x_wconf 81' lang='lat' dir='ltr'><strong>confessus</strong></span> <span class='ocrx_word' id='word_1_373' title='bbox 3366 3246 3450 3291; x_wconf 87' lang='lat' dir='ltr'><strong>est</strong></span> 
     </span>
    </p>
   </div>
   <div class='ocr_carea' id='block_1_58' title="bbox 1877 3328 3448 3396">
    <p class='ocr_par' dir='ltr' id='par_1_58' title="bbox 1877 3328 3448 3396">
     <span class='ocr_line' id='line_1_58' title="bbox 1877 3328 3448 3396; baseline -0.004 -8"><span class='ocrx_word' id='word_1_374' title='bbox 1877 3333 2160 3388; x_wconf 83' lang='lat' dir='ltr'><strong>Chriswm</strong></span> <span class='ocrx_word' id='word_1_375' title='bbox 2204 3334 2373 3387; x_wconf 88' lang='lat' dir='ltr'><strong>Deum</strong></span> <span class='ocrx_word' id='word_1_376' title='bbox 2417 3349 2538 3388; x_wconf 89' lang='lat' dir='ltr'><strong>esse</strong></span> <span class='ocrx_word' id='word_1_377' title='bbox 2572 3343 2627 3387; x_wconf 92' lang='lat' dir='ltr'><strong>et</strong></span> <span class='ocrx_word' id='word_1_378' title='bbox 2657 3340 2958 3388; x_wconf 88' lang='lat' dir='ltr'><strong>creatorem</strong></span> <span class='ocrx_word' id='word_1_379' title='bbox 2997 3331 3278 3396; x_wconf 90' lang='lat' dir='ltr'><strong>omnium;</strong></span> <span class='ocrx_word' id='word_1_380' title='bbox 3307 3328 3448 3382; x_wconf 90' lang='lat' dir='ltr'><strong>idola</strong></span> 
     </span>
    </p>
   </div>
   <div class='ocr_carea' id='block_1_59' title="bbox 1880 3424 3448 3496">
    <p class='ocr_par' dir='ltr' id='par_1_59' title="bbox 1880 3424 3448 3496">
     <span class='ocr_line' id='line_1_59' title="bbox 1880 3424 3448 3496; baseline -0.004 -16"><span class='ocrx_word' id='word_1_381' title='bbox 1880 3442 2013 3482; x_wconf 90' lang='lat' dir='ltr'><strong>vero</strong></span> <span class='ocrx_word' id='word_1_382' title='bbox 2045 3442 2164 3480; x_wconf 90' lang='lat' dir='ltr'><strong>esse</strong></span> <span class='ocrx_word' id='word_1_383' title='bbox 2207 3428 2348 3496; x_wconf 89' lang='lat' dir='ltr'><strong>ligna</strong></span> <span class='ocrx_word' id='word_1_384' title='bbox 2397 3435 2455 3480; x_wconf 91' lang='lat' dir='ltr'><strong>et</strong></span> <span class='ocrx_word' id='word_1_385' title='bbox 2498 3426 2728 3494; x_wconf 87' lang='lat' dir='ltr'><strong>lapides,</strong></span> <span class='ocrx_word' id='word_1_386' title='bbox 2767 3439 2930 3478; x_wconf 89' lang='lat' dir='ltr'><strong>sensu</strong></span> <span class='ocrx_word' id='word_1_387' title='bbox 2961 3424 3205 3477; x_wconf 88' lang='lat' dir='ltr'><strong>carentia</strong></span> <span class='ocrx_word' id='word_1_388' title='bbox 3231 3461 3244 3484; x_wconf 91' lang='lat'><strong>,</strong></span> <span class='ocrx_word' id='word_1_389' title='bbox 3283 3435 3448 3488; x_wconf 90' lang='lat' dir='ltr'><strong>opera</strong></span> 
     </span>
    </p>
   </div>
   <div class='ocr_carea' id='block_1_60' title="bbox 1881 3514 3450 3580">
    <p class='ocr_par' dir='ltr' id='par_1_60' title="bbox 1881 3514 3450 3580">
     <span class='ocr_line' id='line_1_60' title="bbox 1881 3514 3450 3580; baseline -0.003 -7"><span class='ocrx_word' id='word_1_390' title='bbox 1881 3534 2140 3574; x_wconf 88' lang='lat' dir='ltr'><strong>manuum</strong></span> <span class='ocrx_word' id='word_1_391' title='bbox 2187 3517 2495 3580; x_wconf 88' lang='lat' dir='ltr'><strong>hominum,</strong></span> <span class='ocrx_word' id='word_1_392' title='bbox 2528 3527 2584 3571; x_wconf 90' lang='lat' dir='ltr'><strong>et</strong></span> <span class='ocrx_word' id='word_1_393' title='bbox 2622 3516 2828 3572; x_wconf 89' lang='lat' dir='ltr'><strong>diaboli</strong></span> <span class='ocrx_word' id='word_1_394' title='bbox 2864 3517 3108 3571; x_wconf 85' lang='lat' dir='ltr'><strong>inventa.</strong></span> <span class='ocrx_word' id='word_1_395' title='bbox 3153 3515 3292 3569; x_wconf 84' lang='lat' dir='ltr'><strong>Hinc</strong></span> <span class='ocrx_word' id='word_1_396' title='bbox 3331 3514 3450 3568; x_wconf 83' lang='lat' dir='ltr'><strong>sine</strong></span> 
     </span>
    </p>
   </div>
   <div class='ocr_carea' id='block_1_61' title="bbox 1879 3607 3452 3678">
    <p class='ocr_par' dir='ltr' id='par_1_61' title="bbox 1879 3607 3452 3678">
     <span class='ocr_line' id='line_1_61' title="bbox 1879 3607 3452 3678; baseline -0.004 -11"><span class='ocrx_word' id='word_1_397' title='bbox 1879 3612 2187 3668; x_wconf 89' lang='lat' dir='ltr'><strong>cessatione</strong></span> <span class='ocrx_word' id='word_1_398' title='bbox 2212 3612 2542 3666; x_wconf 87' lang='lat' dir='ltr'><strong>verberatur</strong></span> <span class='ocrx_word' id='word_1_399' title='bbox 2575 3627 2682 3664; x_wconf 90' lang='lat' dir='ltr'><strong>una</strong></span> <span class='ocrx_word' id='word_1_400' title='bbox 2712 3608 2837 3663; x_wconf 82' lang='lat' dir='ltr'><strong>cum</strong></span> <span class='ocrx_word' id='word_1_401' title='bbox 2872 3609 3134 3678; x_wconf 88' lang='lat' dir='ltr'><strong>episcopo</strong></span> <span class='ocrx_word' id='word_1_402' title='bbox 3170 3607 3366 3670; x_wconf 88' lang='lat' dir='ltr'><strong>Sucra,</strong></span> <span class='ocrx_word' id='word_1_403' title='bbox 3394 3614 3452 3660; x_wconf 86' lang='lat' dir='ltr'><strong>et</strong></span> 
     </span>
    </p>
   </div>
   <div class='ocr_carea' id='block_1_62' title="bbox 1879 3699 3451 3772">
    <p class='ocr_par' dir='ltr' id='par_1_62' title="bbox 1879 3699 3451 3772">
     <span class='ocr_line' id='line_1_62' title="bbox 1879 3699 3451 3772; baseline -0.005 -13"><span class='ocrx_word' id='word_1_404' title='bbox 1879 3706 2047 3759; x_wconf 79' lang='lat' dir='ltr'><strong>facies</strong></span> <span class='ocrx_word' id='word_1_405' title='bbox 2076 3720 2265 3757; x_wconf 90' lang='lat' dir='ltr'><strong>eorum</strong></span> <span class='ocrx_word' id='word_1_406' title='bbox 2294 3704 2570 3772; x_wconf 84' lang='lat' dir='ltr'><strong>lapidibus</strong></span> <span class='ocrx_word' id='word_1_407' title='bbox 2591 3711 2976 3768; x_wconf 89' lang='lat' dir='ltr'><strong>conteruntur,</strong></span> <span class='ocrx_word' id='word_1_408' title='bbox 3009 3711 3064 3756; x_wconf 85' lang='lat' dir='ltr'><strong>et</strong></span> <span class='ocrx_word' id='word_1_409' title='bbox 3091 3700 3144 3754; x_wconf 91' lang='lat' dir='ltr'><strong>in</strong></span> <span class='ocrx_word' id='word_1_410' title='bbox 3173 3699 3451 3754; x_wconf 83' lang='lat' dir='ltr'><strong>caminum</strong></span> 
     </span>
    </p>
   </div>
   <div class='ocr_carea' id='block_1_63' title="bbox 1881 3791 3451 3870">
    <p class='ocr_par' dir='ltr' id='par_1_63' title="bbox 1881 3791 3451 3870">
     <span class='ocr_line' id='line_1_63' title="bbox 1881 3791 3451 3870; baseline -0.006 -17"><span class='ocrx_word' id='word_1_411' title='bbox 1881 3799 2020 3870; x_wconf 88' lang='lat' dir='ltr'><strong>ignis</strong></span> <span class='ocrx_word' id='word_1_412' title='bbox 2075 3796 2282 3867; x_wconf 84' lang='lat' dir='ltr'><strong>injecti,</strong></span> <span class='ocrx_word' id='word_1_413' title='bbox 2336 3797 2465 3850; x_wconf 89' lang='lat' dir='ltr'><strong>inde</strong></span> <span class='ocrx_word' id='word_1_414' title='bbox 2512 3798 2767 3850; x_wconf 79' lang='lat' dir='ltr'><strong>exierunt</strong></span> <span class='ocrx_word' id='word_1_415' title='bbox 2806 3795 2980 3848; x_wconf 66' lang='lat' dir='ltr'><strong>illaesi.</strong></span> <span class='ocrx_word' id='word_1_416' title='bbox 3016 3794 3136 3860; x_wconf 84' lang='lat' dir='ltr'><strong>Quo</strong></span> <span class='ocrx_word' id='word_1_417' title='bbox 3183 3791 3451 3845; x_wconf 88' lang='lat' dir='ltr'><strong>miraculo</strong></span> 
     </span>
    </p>
   </div>
   <div class='ocr_carea' id='block_1_64' title="bbox 1881 3885 3448 3960">
    <p class='ocr_par' dir='ltr' id='par_1_64' title="bbox 1881 3885 3448 3960">
     <span class='ocr_line' id='line_1_64' title="bbox 1881 3885 3448 3960; baseline -0.004 -16"><span class='ocrx_word' id='word_1_418' title='bbox 1881 3892 2104 3960; x_wconf 90' lang='lat' dir='ltr'><strong>plurimi</strong></span> <span class='ocrx_word' id='word_1_419' title='bbox 2158 3889 2517 3944; x_wconf 86' lang='lat' dir='ltr'><strong>crediderunt</strong></span> <span class='ocrx_word' id='word_1_420' title='bbox 2576 3888 2629 3942; x_wconf 92' lang='lat' dir='ltr'><strong>in</strong></span> <span class='ocrx_word' id='word_1_421' title='bbox 2678 3885 2983 3952; x_wconf 87' lang='lat' dir='ltr'><strong>Christum,</strong></span> <span class='ocrx_word' id='word_1_422' title='bbox 3028 3887 3448 3939; x_wconf 75' lang='lat' dir='ltr'><strong>exclamantes:</strong></span> 
     </span>
    </p>
   </div>
   <div class='ocr_carea' id='block_1_65' title="bbox 197 3976 1777 4063">
    <p class='ocr_par' dir='ltr' id='par_1_65' title="bbox 197 3978 1774 4052">
     <span class='ocr_line' id='line_1_65' title="bbox 197 3978 1774 4052; baseline 0.003 -21"><span class='ocrx_word' id='word_1_423' title='bbox 197 3979 502 4046; x_wconf 72' lang='grc' dir='ltr'>Στεφάνου,</span> <span class='ocrx_word' id='word_1_424' title='bbox 531 3978 625 4032; x_wconf 70' lang='grc' dir='ltr'>καὶ</span> <span class='ocrx_word' id='word_1_425' title='bbox 648 3979 863 4051; x_wconf 78' lang='grc' dir='ltr'>Σουηρᾶ</span> <span class='ocrx_word' id='word_1_426' title='bbox 891 3981 1000 4034; x_wconf 83' lang='grc' dir='ltr'>τῶν</span> <span class='ocrx_word' id='word_1_427' title='bbox 1021 3983 1325 4052; x_wconf 83' lang='grc' dir='ltr'>ἀρχιερέων</span> <span class='ocrx_word' id='word_1_428' title='bbox 1349 3983 1774 4052; x_wconf 84' lang='grc' dir='ltr'>κηρυττόμενος.</span> 
     </span>
    </p>
   </div>
   <div class='ocr_carea' id='block_1_66' title="bbox 1878 3976 3452 4063">
    <p class='ocr_par' dir='ltr' id='par_1_66' title="bbox 1881 3976 3452 4051">
     <span class='ocr_line' id='line_1_66' title="bbox 1881 3976 3452 4051; baseline -0.004 -16"><span class='ocrx_word' id='word_1_429' title='bbox 1881 3984 2105 4051; x_wconf 79' lang='lat' dir='ltr'><strong>Magnus</strong></span> <span class='ocrx_word' id='word_1_430' title='bbox 2154 3990 2239 4034; x_wconf 91' lang='lat' dir='ltr'><strong>est</strong></span> <span class='ocrx_word' id='word_1_431' title='bbox 2283 3982 2444 4044; x_wconf 86' lang='lat' dir='ltr'><strong>Deus,</strong></span> <span class='ocrx_word' id='word_1_432' title='bbox 2478 3996 2641 4050; x_wconf 89' lang='lat' dir='ltr'><strong>quem</strong></span> <span class='ocrx_word' id='word_1_433' title='bbox 2685 3979 2997 4049; x_wconf 89' lang='lat' dir='ltr'><strong>Stephanus</strong></span> <span class='ocrx_word' id='word_1_434' title='bbox 3035 3987 3093 4034; x_wconf 90' lang='lat' dir='ltr'><strong>et</strong></span> <span class='ocrx_word' id='word_1_435' title='bbox 3120 3977 3292 4033; x_wconf 87' lang='lat' dir='ltr'><strong>Suera</strong></span> <span class='ocrx_word' id='word_1_436' title='bbox 3333 3976 3452 4045; x_wconf 85' lang='lat' dir='ltr'><strong>epi-</strong></span> 
     </span>
    </p>
   </div>
   <div class='ocr_carea' id='block_1_67' title="bbox 211 4063 1770 4144">
    <p class='ocr_par' dir='ltr' id='par_1_67' title="bbox 211 4063 1770 4144">
     <span class='ocr_line' id='line_1_67' title="bbox 211 4063 1770 4144; baseline 0.001 -20"><span class='ocrx_word' id='word_1_437' title='bbox 211 4069 310 4124; x_wconf 82' lang='lat' dir='ltr'><strong>&#39;Ev</strong></span> <span class='ocrx_word' id='word_1_438' title='bbox 340 4063 422 4132; x_wconf 77' lang='grc' dir='ltr'>οἷς</span> <span class='ocrx_word' id='word_1_439' title='bbox 453 4069 698 4140; x_wconf 81' lang='grc' dir='ltr'>ὑπῆρχον</span> <span class='ocrx_word' id='word_1_440' title='bbox 737 4075 997 4138; x_wconf 87' lang='grc' dir='ltr'>γυναῖκες</span> <span class='ocrx_word' id='word_1_441' title='bbox 1028 4076 1244 4142; x_wconf 86' lang='grc' dir='ltr'>σεμναὶ,</span> <span class='ocrx_word' id='word_1_442' title='bbox 1291 4075 1511 4143; x_wconf 81' lang='grc' dir='ltr'>’Δγνῆς,</span> <span class='ocrx_word' id='word_1_443' title='bbox 1545 4075 1770 4144; x_wconf 75' lang='grc' dir='ltr'>Φιλικη-</span> 
     </span>
    </p>
   </div>
   <div class='ocr_carea' id='block_1_68' title="bbox 197 4162 1775 4238">
    <p class='ocr_par' dir='ltr' id='par_1_68' title="bbox 197 4162 1775 4238">
     <span class='ocr_line' id='line_1_68' title="bbox 197 4162 1775 4238; baseline 0.002 -22"><span class='ocrx_word' id='word_1_444' title='bbox 197 4164 309 4226; x_wconf 80' lang='grc' dir='ltr'>τὰς</span> <span class='ocrx_word' id='word_1_445' title='bbox 354 4163 470 4231; x_wconf 75' lang='grc' dir='ltr'><strong>(καὶ</strong></span> <span class='ocrx_word' id='word_1_446' title='bbox 498 4162 841 4234; x_wconf 63' lang='lat' dir='ltr'><strong>[lepus-.061)</strong></span> <span class='ocrx_word' id='word_1_447' title='bbox 874 4167 1441 4235; x_wconf 85' lang='grc' dir='ltr'>προσαγορευόμεναι,</span> <span class='ocrx_word' id='word_1_448' title='bbox 1476 4169 1775 4238; x_wconf 85' lang='grc' dir='ltr'>μαθήτριαι</span> 
     </span>
    </p>
   </div>
   <div class='ocr_carea' id='block_1_69' title="bbox 197 4253 1775 4327">
    <p class='ocr_par' dir='ltr' id='par_1_69' title="bbox 197 4253 1775 4327">
     <span class='ocr_line' id='line_1_69' title="bbox 197 4253 1775 4327; baseline 0.003 -21"><span class='ocrx_word' id='word_1_449' title='bbox 197 4254 303 4306; x_wconf 85' lang='grc' dir='ltr'><strong>τοῦ</strong></span> <span class='ocrx_word' id='word_1_450' title='bbox 348 4255 497 4307; x_wconf 82' lang='grc' dir='ltr'>ὁσίου</span> <span class='ocrx_word' id='word_1_451' title='bbox 544 4253 814 4324; x_wconf 77' lang='grc' dir='ltr'>Στεφάνου</span> <span class='ocrx_word' id='word_1_452' title='bbox 853 4255 1214 4325; x_wconf 81' lang='grc' dir='ltr'>ὑπάρχουσαι,</span> <span class='ocrx_word' id='word_1_453' title='bbox 1254 4258 1775 4327; x_wconf 72' lang='grc' dir='ltr'>παρρησιασάμεναι</span> 
     </span>
    </p>
   </div>
   <div class='ocr_carea' id='block_1_70' title="bbox 196 4347 1776 4420">
    <p class='ocr_par' dir='ltr' id='par_1_70' title="bbox 196 4347 1776 4420">
     <span class='ocr_line' id='line_1_70' title="bbox 196 4347 1776 4420; baseline 0 -18"><span class='ocrx_word' id='word_1_454' title='bbox 196 4347 519 4418; x_wconf 72' lang='grc' dir='ltr'>ἔμπροσθεν</span> <span class='ocrx_word' id='word_1_455' title='bbox 579 4349 774 4401; x_wconf 80' lang='grc' dir='ltr'>στᾶσαι</span> <span class='ocrx_word' id='word_1_456' title='bbox 819 4347 1059 4418; x_wconf 81' lang='grc' dir='ltr'>Ἱέρακος</span> <span class='ocrx_word' id='word_1_457' title='bbox 1095 4349 1384 4420; x_wconf 80' lang='grc' dir='ltr'>ἡγεμόνος,</span> <span class='ocrx_word' id='word_1_458' title='bbox 1417 4349 1776 4420; x_wconf 85' lang='grc' dir='ltr'>ὡμολόγησαν</span> 
     </span>
    </p>
   </div>
   <div class='ocr_carea' id='block_1_71' title="bbox 195 4440 1776 4513">
    <p class='ocr_par' dir='ltr' id='par_1_71' title="bbox 195 4440 1776 4513">
     <span class='ocr_line' id='line_1_71' title="bbox 195 4440 1776 4513; baseline 0 -19"><span class='ocrx_word' id='word_1_459' title='bbox 195 4444 264 4494; x_wconf 84' lang='grc' dir='ltr'>τὸ</span> <span class='ocrx_word' id='word_1_460' title='bbox 301 4441 474 4510; x_wconf 78' lang='grc' dir='ltr'>ὄνομα</span> <span class='ocrx_word' id='word_1_461' title='bbox 509 4440 603 4492; x_wconf 87' lang='grc' dir='ltr'><strong>τοῦ</strong></span> <span class='ocrx_word' id='word_1_462' title='bbox 646 4442 906 4510; x_wconf 81' lang='grc' dir='ltr'>Χριστοῦ,</span> <span class='ocrx_word' id='word_1_463' title='bbox 936 4442 1068 4497; x_wconf 84' lang='grc' dir='ltr'>Θεὸν</span> <span class='ocrx_word' id='word_1_464' title='bbox 1115 4442 1366 4512; x_wconf 81' lang='grc' dir='ltr'>ἀληθινὸν</span> <span class='ocrx_word' id='word_1_465' title='bbox 1406 4443 1500 4496; x_wconf 74' lang='grc' dir='ltr'><strong>καὶ</strong></span> <span class='ocrx_word' id='word_1_466' title='bbox 1538 4442 1776 4513; x_wconf 84' lang='grc' dir='ltr'>Ποιητῆν</span> 
     </span>
    </p>
   </div>
   <div class='ocr_carea' id='block_1_72' title="bbox 197 4531 902 4600">
    <p class='ocr_par' dir='ltr' id='par_1_72' title="bbox 197 4531 902 4600">
     <span class='ocr_line' id='line_1_72' title="bbox 197 4531 902 4600; baseline 0 -18"><span class='ocrx_word' id='word_1_467' title='bbox 197 4533 428 4583; x_wconf 72' lang='grc' dir='ltr'>πάντων</span> <span class='ocrx_word' id='word_1_468' title='bbox 461 4531 902 4600; x_wconf 81' lang='grc' dir='ltr'>άνακηρὺξασαι.</span> 
     </span>
    </p>
   </div>
   <div class='ocr_carea' id='block_1_73' title="bbox 276 4620 1773 4692">
    <p class='ocr_par' dir='ltr' id='par_1_73' title="bbox 276 4620 1773 4692">
     <span class='ocr_line' id='line_1_73' title="bbox 276 4620 1773 4692; baseline 0.001 -19"><span class='ocrx_word' id='word_1_469' title='bbox 276 4621 354 4675; x_wconf 89' lang='grc' dir='ltr'><strong>Γ¹.</strong></span> <span class='ocrx_word' id='word_1_470' title='bbox 386 4621 520 4674; x_wconf 83' lang='grc' dir='ltr'>Τότε</span> <span class='ocrx_word' id='word_1_471' title='bbox 562 4620 738 4692; x_wconf 87' lang='grc' dir='ltr'>θυμοῦ</span> <span class='ocrx_word' id='word_1_472' title='bbox 790 4621 1073 4691; x_wconf 85' lang='grc' dir='ltr'>πλησθεὶς,</span> <span class='ocrx_word' id='word_1_473' title='bbox 1102 4622 1392 4677; x_wconf 66' lang='grc' dir='ltr'>ἐκέλευσεν</span> <span class='ocrx_word' id='word_1_474' title='bbox 1418 4626 1589 4686; x_wconf 71' lang='grc' dir='ltr'>αὑτάς</span> <span class='ocrx_word' id='word_1_475' title='bbox 1630 4625 1773 4692; x_wconf 77' lang='grc' dir='ltr'>ξίφει</span> 
     </span>
    </p>
   </div>
   <div class='ocr_carea' id='block_1_74' title="bbox 196 4713 1776 4787">
    <p class='ocr_par' dir='ltr' id='par_1_74' title="bbox 196 4713 1776 4787">
     <span class='ocr_line' id='line_1_74' title="bbox 196 4713 1776 4787; baseline 0.001 -19"><span class='ocrx_word' id='word_1_476' title='bbox 196 4713 596 4784; x_wconf 82' lang='grc' dir='ltr'>ἀποτμηθῆναι</span> <span class='ocrx_word' id='word_1_477' title='bbox 647 4715 763 4784; x_wconf 68' lang='grc' dir='ltr'>ἅμα</span> <span class='ocrx_word' id='word_1_478' title='bbox 794 4715 1050 4784; x_wconf 73' lang='grc' dir='ltr'>Στεφάνῳ</span> <span class='ocrx_word' id='word_1_479' title='bbox 1091 4717 1185 4768; x_wconf 71' lang='grc' dir='ltr'>καὶ</span> <span class='ocrx_word' id='word_1_480' title='bbox 1222 4714 1438 4787; x_wconf 75' lang='grc' dir='ltr'>Σουηρᾷ</span> <span class='ocrx_word' id='word_1_481' title='bbox 1486 4718 1598 4778; x_wconf 80' lang='grc' dir='ltr'>τοῖς</span> <span class='ocrx_word' id='word_1_482' title='bbox 1636 4717 1776 4786; x_wconf 87' lang='grc' dir='ltr'>άρχ-</span> 
     </span>
    </p>
   </div>
   <div class='ocr_carea' id='block_1_75' title="bbox 201 4797 1778 4878">
    <p class='ocr_par' dir='ltr' id='par_1_75' title="bbox 201 4797 1778 4878">
     <span class='ocr_line' id='line_1_75' title="bbox 201 4797 1778 4878; baseline 0.003 -20"><span class='ocrx_word' id='word_1_483' title='bbox 201 4807 476 4878; x_wconf 80' lang='grc' dir='ltr'>ιερεῦσιν.</span> <span class='ocrx_word' id='word_1_484' title='bbox 519 4797 593 4858; x_wconf 78' lang='grc' dir='ltr'><strong>Οὖ</strong></span> <span class='ocrx_word' id='word_1_485' title='bbox 635 4808 945 4876; x_wconf 81' lang='grc' dir='ltr'>γινομένου,</span> <span class='ocrx_word' id='word_1_486' title='bbox 990 4809 1305 4875; x_wconf 86' lang='grc' dir='ltr'>παραυτίκα</span> <span class='ocrx_word' id='word_1_487' title='bbox 1352 4809 1640 4863; x_wconf 76' lang='grc' dir='ltr'>ἀπέδωκαν</span> <span class='ocrx_word' id='word_1_488' title='bbox 1679 4810 1778 4870; x_wconf 85' lang='grc' dir='ltr'>τὰς</span> 
     </span>
    </p>
   </div>
   <div class='ocr_carea' id='block_1_76' title="bbox 201 4899 1780 4971">
    <p class='ocr_par' dir='ltr' id='par_1_76' title="bbox 201 4899 1780 4971">
     <span class='ocr_line' id='line_1_76' title="bbox 201 4899 1780 4971; baseline 0.003 -21"><span class='ocrx_word' id='word_1_489' title='bbox 201 4901 376 4966; x_wconf 81' lang='grc' dir='ltr'>ἁγίας</span> <span class='ocrx_word' id='word_1_490' title='bbox 423 4899 602 4953; x_wconf 81' lang='grc' dir='ltr'>αὑτῶν</span> <span class='ocrx_word' id='word_1_491' title='bbox 639 4899 818 4969; x_wconf 72' lang='grc' dir='ltr'>ψυχὰς</span> <span class='ocrx_word' id='word_1_492' title='bbox 842 4901 918 4969; x_wconf 81' lang='grc' dir='ltr'>τῷ</span> <span class='ocrx_word' id='word_1_493' title='bbox 948 4899 1159 4971; x_wconf 77' lang='grc' dir='ltr'>Κυρίῳ,</span> <span class='ocrx_word' id='word_1_494' title='bbox 1191 4901 1644 4970; x_wconf 83' lang='grc' dir='ltr'>εὐχαριστοῦντες</span> <span class='ocrx_word' id='word_1_495' title='bbox 1689 4903 1780 4955; x_wconf 73' lang='grc' dir='ltr'><strong>καὶ</strong></span> 
     </span>
    </p>
   </div>
   <div class='ocr_carea' id='block_1_77' title="bbox 190 4985 1778 5068">
    <p class='ocr_par' dir='ltr' id='par_1_77' title="bbox 190 4985 1778 5068">
     <span class='ocr_line' id='line_1_77' title="bbox 190 4985 1778 5068; baseline 0.002 -20"><span class='ocrx_word' id='word_1_496' title='bbox 190 4985 636 5063; x_wconf 80' lang='grc' dir='ltr'>ἀγαλλιώμενοι,</span> <span class='ocrx_word' id='word_1_497' title='bbox 688 4995 770 5048; x_wconf 80' lang='grc' dir='ltr'>ὅτι</span> <span class='ocrx_word' id='word_1_498' title='bbox 816 4995 1128 5065; x_wconf 66' lang='grc' dir='ltr'>ἠξιώθησαν</span> <span class='ocrx_word' id='word_1_499' title='bbox 1179 4995 1319 5066; x_wconf 72' lang='grc' dir='ltr'>ὑπὲρ</span> <span class='ocrx_word' id='word_1_500' title='bbox 1353 4996 1593 5068; x_wconf 85' lang='grc' dir='ltr'>Χριστοῦ</span> <span class='ocrx_word' id='word_1_501' title='bbox 1639 5001 1778 5051; x_wconf 61' lang='grc' dir='ltr'>ἀπο.</span> 
     </span>
    </p>
   </div>
   <div class='ocr_carea' id='block_1_78' title="bbox 201 5087 1781 5162">
    <p class='ocr_par' dir='ltr' id='par_1_78' title="bbox 201 5087 1781 5162">
     <span class='ocr_line' id='line_1_78' title="bbox 201 5087 1781 5162; baseline 0.004 -22"><span class='ocrx_word' id='word_1_502' title='bbox 201 5091 416 5140; x_wconf 83' lang='grc' dir='ltr'>θανεῖν.</span> <span class='ocrx_word' id='word_1_503' title='bbox 446 5087 518 5138; x_wconf 85' lang='lat' dir='ltr'><em>T6</em></span> <span class='ocrx_word' id='word_1_504' title='bbox 548 5088 604 5156; x_wconf 67' lang='lat'><strong>61-,</strong></span> <span class='ocrx_word' id='word_1_505' title='bbox 649 5089 832 5157; x_wconf 84' lang='grc' dir='ltr'>τίμιον</span> <span class='ocrx_word' id='word_1_506' title='bbox 873 5090 1034 5159; x_wconf 87' lang='grc' dir='ltr'>σῶμα</span> <span class='ocrx_word' id='word_1_507' title='bbox 1072 5089 1166 5144; x_wconf 87' lang='grc' dir='ltr'><strong>τοῦ</strong></span> <span class='ocrx_word' id='word_1_508' title='bbox 1196 5092 1342 5144; x_wconf 81' lang='grc' dir='ltr'>ὁσίου</span> <span class='ocrx_word' id='word_1_509' title='bbox 1389 5092 1781 5162; x_wconf 83' lang='grc' dir='ltr'>ίερομάρτυρος</span> 
     </span>
    </p>
   </div>
   <div class='ocr_carea' id='block_1_79' title="bbox 201 5180 1779 5255">
    <p class='ocr_par' dir='ltr' id='par_1_79' title="bbox 201 5180 1779 5255">
     <span class='ocr_line' id='line_1_79' title="bbox 201 5180 1779 5255; baseline 0.004 -24"><span class='ocrx_word' id='word_1_510' title='bbox 201 5181 524 5248; x_wconf 71' lang='grc' dir='ltr'>Στεφάνου,</span> <span class='ocrx_word' id='word_1_511' title='bbox 557 5180 647 5231; x_wconf 82' lang='grc' dir='ltr'>ὑπ’</span> <span class='ocrx_word' id='word_1_512' title='bbox 691 5181 901 5252; x_wconf 83' lang='grc' dir='ltr'>ἀνδρῶν</span> <span class='ocrx_word' id='word_1_513' title='bbox 956 5183 1194 5236; x_wconf 79' lang='grc' dir='ltr'>εὑσιδῶν</span> <span class='ocrx_word' id='word_1_514' title='bbox 1238 5185 1377 5253; x_wconf 75' lang='grc' dir='ltr'>ἀωρὶ</span> <span class='ocrx_word' id='word_1_515' title='bbox 1430 5186 1528 5255; x_wconf 88' lang='grc' dir='ltr'><strong>τῆς</strong></span> <span class='ocrx_word' id='word_1_516' title='bbox 1589 5187 1779 5248; x_wconf 74' lang='grc' dir='ltr'>νυκτός</span> 
     </span>
    </p>
   </div>
   <div class='ocr_carea' id='block_1_80' title="bbox 201 5273 1775 5347">
    <p class='ocr_par' dir='ltr' id='par_1_80' title="bbox 201 5273 1775 5347">
     <span class='ocr_line' id='line_1_80' title="bbox 201 5273 1775 5347; baseline 0.004 -23"><span class='ocrx_word' id='word_1_517' title='bbox 201 5274 476 5339; x_wconf 74' lang='grc' dir='ltr'>κομισθὲν</span> <span class='ocrx_word' id='word_1_518' title='bbox 519 5273 576 5326; x_wconf 65' lang='grc' dir='ltr'>ἐν</span> <span class='ocrx_word' id='word_1_519' title='bbox 610 5273 687 5342; x_wconf 80' lang='grc' dir='ltr'>τῷ</span> <span class='ocrx_word' id='word_1_520' title='bbox 727 5276 944 5344; x_wconf 79' lang='grc' dir='ltr'>νοτιαίῳ</span> <span class='ocrx_word' id='word_1_521' title='bbox 980 5277 1139 5345; x_wconf 84' lang='grc' dir='ltr'>μέρει</span> <span class='ocrx_word' id='word_1_522' title='bbox 1180 5279 1277 5347; x_wconf 88' lang='grc' dir='ltr'><strong>τῆς</strong></span> <span class='ocrx_word' id='word_1_523' title='bbox 1337 5277 1507 5347; x_wconf 82' lang='grc' dir='ltr'>αὐτῆς</span> <span class='ocrx_word' id='word_1_524' title='bbox 1547 5278 1775 5343; x_wconf 87' lang='grc' dir='ltr'>πόλεως,</span> 
     </span>
    </p>
   </div>
   <div class='ocr_carea' id='block_1_81' title="bbox 1880 4071 3452 4144">
    <p class='ocr_par' dir='ltr' id='par_1_81' title="bbox 1880 4071 3452 4144">
     <span class='ocr_line' id='line_1_81' title="bbox 1880 4071 3452 4144; baseline -0.003 -15"><span class='ocrx_word' id='word_1_525' title='bbox 1880 4074 2030 4143; x_wconf 90' lang='lat' dir='ltr'><strong>scopi</strong></span> <span class='ocrx_word' id='word_1_526' title='bbox 2063 4073 2382 4144; x_wconf 57' lang='lat' dir='ltr'><strong>pradicant.</strong></span> <span class='ocrx_word' id='word_1_527' title='bbox 2426 4073 2572 4126; x_wconf 92' lang='lat' dir='ltr'><strong>lnter</strong></span> <span class='ocrx_word' id='word_1_528' title='bbox 2603 4073 2702 4126; x_wconf 89' lang='lat' dir='ltr'><strong>hos</strong></span> <span class='ocrx_word' id='word_1_529' title='bbox 2733 4088 2952 4141; x_wconf 87' lang='lat' dir='ltr'><strong>quoque</strong></span> <span class='ocrx_word' id='word_1_530' title='bbox 3001 4081 3160 4126; x_wconf 89' lang='lat' dir='ltr'><strong>erant</strong></span> <span class='ocrx_word' id='word_1_531' title='bbox 3207 4071 3452 4125; x_wconf 64' lang='lat' dir='ltr'><strong>honesta</strong></span> 
     </span>
    </p>
   </div>
   <div class='ocr_carea' id='block_1_82' title="bbox 1879 4161 3450 4237">
    <p class='ocr_par' dir='ltr' id='par_1_82' title="bbox 1879 4161 3450 4237">
     <span class='ocr_line' id='line_1_82' title="bbox 1879 4161 3450 4237; baseline -0.004 -15"><span class='ocrx_word' id='word_1_532' title='bbox 1879 4169 2118 4228; x_wconf 69' lang='lat' dir='ltr'><strong>feminas,</strong></span> <span class='ocrx_word' id='word_1_533' title='bbox 2151 4168 2332 4237; x_wconf 77' lang='lat' dir='ltr'><strong>Agnes</strong></span> <span class='ocrx_word' id='word_1_534' title='bbox 2366 4175 2422 4220; x_wconf 89' lang='lat' dir='ltr'><strong>et</strong></span> <span class='ocrx_word' id='word_1_535' title='bbox 2453 4164 2706 4220; x_wconf 83' lang='lat' dir='ltr'><strong>Felicitas</strong></span> <span class='ocrx_word' id='word_1_536' title='bbox 2735 4173 2792 4219; x_wconf 90' lang='lat' dir='ltr'><strong>et</strong></span> <span class='ocrx_word' id='word_1_537' title='bbox 2834 4164 3102 4233; x_wconf 87' lang='lat' dir='ltr'><strong>Perpetua</strong></span> <span class='ocrx_word' id='word_1_538' title='bbox 3133 4161 3450 4226; x_wconf 68' lang='lat' dir='ltr'><strong>nominate,</strong></span> 
     </span>
    </p>
   </div>
   <div class='ocr_carea' id='block_1_83' title="bbox 1880 4256 3456 4327">
    <p class='ocr_par' dir='ltr' id='par_1_83' title="bbox 1880 4256 3456 4327">
     <span class='ocr_line' id='line_1_83' title="bbox 1880 4256 3456 4327; baseline -0.005 -14"><span class='ocrx_word' id='word_1_539' title='bbox 1880 4259 2160 4327; x_wconf 63' lang='lat' dir='ltr'><strong>discipula:</strong></span> <span class='ocrx_word' id='word_1_540' title='bbox 2189 4258 2362 4311; x_wconf 88' lang='lat' dir='ltr'><strong>sancti</strong></span> <span class='ocrx_word' id='word_1_541' title='bbox 2385 4256 2647 4325; x_wconf 89' lang='lat' dir='ltr'><strong>Stephani</strong></span> <span class='ocrx_word' id='word_1_542' title='bbox 2674 4273 2690 4323; x_wconf 87' lang='lat'><strong>;</strong></span> <span class='ocrx_word' id='word_1_543' title='bbox 2714 4271 2834 4325; x_wconf 70' lang='lat' dir='ltr'><strong>quae</strong></span> <span class='ocrx_word' id='word_1_544' title='bbox 2857 4257 3028 4310; x_wconf 88' lang='lat' dir='ltr'><strong>libera</strong></span> <span class='ocrx_word' id='word_1_545' title='bbox 3061 4269 3216 4316; x_wconf 88' lang='lat' dir='ltr'><strong>voce,</strong></span> <span class='ocrx_word' id='word_1_546' title='bbox 3243 4260 3456 4308; x_wconf 84' lang='lat' dir='ltr'><strong>stantes</strong></span> 
     </span>
    </p>
   </div>
   <div class='ocr_carea' id='block_1_84' title="bbox 1879 4343 3454 4420">
    <p class='ocr_par' dir='ltr' id='par_1_84' title="bbox 1879 4343 3454 4420">
     <span class='ocr_line' id='line_1_84' title="bbox 1879 4343 3454 4420; baseline -0.006 -15"><span class='ocrx_word' id='word_1_547' title='bbox 1879 4365 2064 4405; x_wconf 88' lang='lat' dir='ltr'><strong>coram</strong></span> <span class='ocrx_word' id='word_1_548' title='bbox 2096 4349 2322 4403; x_wconf 80' lang='lat' dir='ltr'><strong>llierace</strong></span> <span class='ocrx_word' id='word_1_549' title='bbox 2345 4347 2595 4420; x_wconf 60' lang='lat' dir='ltr'><strong>preside,</strong></span> <span class='ocrx_word' id='word_1_550' title='bbox 2618 4348 2883 4401; x_wconf 70' lang='lat' dir='ltr'><strong>confessae</strong></span> <span class='ocrx_word' id='word_1_551' title='bbox 2910 4354 3038 4399; x_wconf 91' lang='lat' dir='ltr'><strong>sunt</strong></span> <span class='ocrx_word' id='word_1_552' title='bbox 3065 4359 3263 4398; x_wconf 90' lang='lat' dir='ltr'><strong>nomen</strong></span> <span class='ocrx_word' id='word_1_553' title='bbox 3290 4343 3454 4398; x_wconf 83' lang='lat' dir='ltr'><strong>Chri-</strong></span> 
     </span>
    </p>
   </div>
   <div class='ocr_carea' id='block_1_85' title="bbox 1880 4441 3457 4518">
    <p class='ocr_par' dir='ltr' id='par_1_85' title="bbox 1880 4441 3457 4518">
     <span class='ocr_line' id='line_1_85' title="bbox 1880 4441 3457 4518; baseline -0.005 -15"><span class='ocrx_word' id='word_1_554' title='bbox 1880 4449 1971 4512; x_wconf 90' lang='lat' dir='ltr'><strong>sti,</strong></span> <span class='ocrx_word' id='word_1_555' title='bbox 2004 4449 2179 4518; x_wconf 91' lang='lat' dir='ltr'><strong>ipsum</strong></span> <span class='ocrx_word' id='word_1_556' title='bbox 2214 4448 2384 4502; x_wconf 91' lang='lat' dir='ltr'><strong>Deum</strong></span> <span class='ocrx_word' id='word_1_557' title='bbox 2413 4442 2602 4500; x_wconf 88' lang='lat' dir='ltr'><strong>verum</strong></span> <span class='ocrx_word' id='word_1_558' title='bbox 2640 4451 2694 4499; x_wconf 87' lang='lat' dir='ltr'><strong>et</strong></span> <span class='ocrx_word' id='word_1_559' title='bbox 2724 4441 3012 4498; x_wconf 87' lang='lat' dir='ltr'><strong>Factorem</strong></span> <span class='ocrx_word' id='word_1_560' title='bbox 3035 4443 3280 4496; x_wconf 90' lang='lat' dir='ltr'><strong>omnium</strong></span> <span class='ocrx_word' id='word_1_561' title='bbox 3309 4455 3457 4512; x_wconf 70' lang='lat' dir='ltr'><strong>pra:-</strong></span> 
     </span>
    </p>
   </div>
   <div class='ocr_carea' id='block_1_86' title="bbox 1881 4542 2148 4597">
    <p class='ocr_par' dir='ltr' id='par_1_86' title="bbox 1881 4542 2148 4597">
     <span class='ocr_line' id='line_1_86' title="bbox 1881 4542 2148 4597; baseline -0.004 -1"><span class='ocrx_word' id='word_1_562' title='bbox 1881 4542 2148 4597; x_wconf 88' lang='lat' dir='ltr'><strong>dicantcs.</strong></span> 
     </span>
    </p>
   </div>
   <div class='ocr_carea' id='block_1_87' title="bbox 1953 4626 3454 4700">
    <p class='ocr_par' dir='ltr' id='par_1_87' title="bbox 1953 4626 3454 4700">
     <span class='ocr_line' id='line_1_87' title="bbox 1953 4626 3454 4700; baseline -0.005 -13"><span class='ocrx_word' id='word_1_563' title='bbox 1953 4633 2044 4687; x_wconf 91' lang='lat' dir='ltr'><strong>lll.</strong></span> <span class='ocrx_word' id='word_1_564' title='bbox 2083 4633 2240 4687; x_wconf 85' lang='lat' dir='ltr'><strong>Tunc</strong></span> <span class='ocrx_word' id='word_1_565' title='bbox 2289 4645 2510 4700; x_wconf 70' lang='lat' dir='ltr'><strong>praeses,</strong></span> <span class='ocrx_word' id='word_1_566' title='bbox 2564 4629 2850 4684; x_wconf 86' lang='lat' dir='ltr'><strong>iracundia</strong></span> <span class='ocrx_word' id='word_1_567' title='bbox 2913 4627 3130 4696; x_wconf 88' lang='lat' dir='ltr'><strong>plenus,</strong></span> <span class='ocrx_word' id='word_1_568' title='bbox 3191 4626 3454 4694; x_wconf 63' lang='lat' dir='ltr'><strong>praecepit</strong></span> 
     </span>
    </p>
   </div>
   <div class='ocr_carea' id='block_1_88' title="bbox 1883 4717 3450 4796">
    <p class='ocr_par' dir='ltr' id='par_1_88' title="bbox 1883 4717 3450 4796">
     <span class='ocr_line' id='line_1_88' title="bbox 1883 4717 3450 4796; baseline -0.008 -16"><span class='ocrx_word' id='word_1_569' title='bbox 1883 4727 2016 4796; x_wconf 89' lang='lat' dir='ltr'><strong>ipsis</strong></span> <span class='ocrx_word' id='word_1_570' title='bbox 2071 4724 2250 4796; x_wconf 86' lang='lat' dir='ltr'><strong>gladio</strong></span> <span class='ocrx_word' id='word_1_571' title='bbox 2297 4723 2568 4794; x_wconf 84' lang='lat' dir='ltr'><strong>amputari</strong></span> <span class='ocrx_word' id='word_1_572' title='bbox 2623 4732 2806 4792; x_wconf 87' lang='lat' dir='ltr'><strong>caput,</strong></span> <span class='ocrx_word' id='word_1_573' title='bbox 2861 4721 2940 4774; x_wconf 94' lang='lat' dir='ltr'><strong>uti</strong></span> <span class='ocrx_word' id='word_1_574' title='bbox 2976 4729 3033 4774; x_wconf 88' lang='lat' dir='ltr'><strong>et</strong></span> <span class='ocrx_word' id='word_1_575' title='bbox 3071 4717 3352 4785; x_wconf 88' lang='lat' dir='ltr'><strong>Stephano</strong></span> <span class='ocrx_word' id='word_1_576' title='bbox 3393 4726 3450 4771; x_wconf 82' lang='lat' dir='ltr'><strong>et</strong></span> 
     </span>
    </p>
   </div>
   <div class='ocr_carea' id='block_1_89' title="bbox 1883 4811 3456 4889">
    <p class='ocr_par' dir='ltr' id='par_1_89' title="bbox 1883 4811 3456 4889">
     <span class='ocr_line' id='line_1_89' title="bbox 1883 4811 3456 4889; baseline -0.01 -13"><span class='ocrx_word' id='word_1_577' title='bbox 1883 4821 2069 4877; x_wconf 75' lang='lat' dir='ltr'><strong>Suerae</strong></span> <span class='ocrx_word' id='word_1_578' title='bbox 2124 4818 2421 4889; x_wconf 88' lang='lat' dir='ltr'><strong>episcopis.</strong></span> <span class='ocrx_word' id='word_1_579' title='bbox 2454 4816 2572 4883; x_wconf 85' lang='lat' dir='ltr'><strong>Quo</strong></span> <span class='ocrx_word' id='word_1_580' title='bbox 2627 4815 2792 4880; x_wconf 81' lang='lat' dir='ltr'><strong>facto,</strong></span> <span class='ocrx_word' id='word_1_581' title='bbox 2841 4811 3202 4868; x_wconf 90' lang='lat' dir='ltr'><strong>reddiderunt</strong></span> <span class='ocrx_word' id='word_1_582' title='bbox 3235 4817 3456 4864; x_wconf 83' lang='lat' dir='ltr'><strong>sanctas</strong></span> 
     </span>
    </p>
   </div>
   <div class='ocr_carea' id='block_1_90' title="bbox 1883 4898 3450 4977">
    <p class='ocr_par' dir='ltr' id='par_1_90' title="bbox 1883 4898 3450 4977">
     <span class='ocr_line' id='line_1_90' title="bbox 1883 4898 3450 4977; baseline -0.011 -10"><span class='ocrx_word' id='word_1_583' title='bbox 1883 4913 2096 4967; x_wconf 89' lang='lat' dir='ltr'><strong>animas</strong></span> <span class='ocrx_word' id='word_1_584' title='bbox 2133 4926 2261 4965; x_wconf 88' lang='lat' dir='ltr'><strong>suas</strong></span> <span class='ocrx_word' id='word_1_585' title='bbox 2294 4910 2546 4971; x_wconf 91' lang='lat' dir='ltr'><strong>Domino,</strong></span> <span class='ocrx_word' id='word_1_586' title='bbox 2583 4908 2786 4977; x_wconf 76' lang='lat' dir='ltr'><strong>gratias</strong></span> <span class='ocrx_word' id='word_1_587' title='bbox 2820 4912 3044 4974; x_wconf 86' lang='lat' dir='ltr'><strong>agentes</strong></span> <span class='ocrx_word' id='word_1_588' title='bbox 3079 4909 3136 4955; x_wconf 86' lang='lat' dir='ltr'><strong>et</strong></span> <span class='ocrx_word' id='word_1_589' title='bbox 3166 4898 3450 4954; x_wconf 82' lang='lat' dir='ltr'><strong>exsultan-</strong></span> 
     </span>
    </p>
   </div>
   <div class='ocr_carea' id='block_1_91' title="bbox 1887 4990 3452 5074">
    <p class='ocr_par' dir='ltr' id='par_1_91' title="bbox 1887 4990 3452 5074">
     <span class='ocr_line' id='line_1_91' title="bbox 1887 4990 3452 5074; baseline -0.01 -15"><span class='ocrx_word' id='word_1_590' title='bbox 1887 5014 1987 5070; x_wconf 84' lang='lat' dir='ltr'><strong>tes,</strong></span> <span class='ocrx_word' id='word_1_591' title='bbox 2013 5002 2160 5074; x_wconf 89' lang='lat' dir='ltr'><strong>quod</strong></span> <span class='ocrx_word' id='word_1_592' title='bbox 2187 5000 2336 5072; x_wconf 87' lang='lat' dir='ltr'><strong>digni</strong></span> <span class='ocrx_word' id='word_1_593' title='bbox 2377 4999 2583 5055; x_wconf 84' lang='lat' dir='ltr'><strong>fuerint</strong></span> <span class='ocrx_word' id='word_1_594' title='bbox 2624 5013 2722 5069; x_wconf 87' lang='lat' dir='ltr'><strong>pro</strong></span> <span class='ocrx_word' id='word_1_595' title='bbox 2761 4996 2982 5050; x_wconf 78' lang='lat' dir='ltr'><strong>Christo</strong></span> <span class='ocrx_word' id='word_1_596' title='bbox 3021 4992 3180 5047; x_wconf 90' lang='lat' dir='ltr'><strong>mori.</strong></span> <span class='ocrx_word' id='word_1_597' title='bbox 3211 4990 3452 5045; x_wconf 82' lang='lat' dir='ltr'><strong>Venera-</strong></span> 
     </span>
    </p>
   </div>
   <div class='ocr_carea' id='block_1_92' title="bbox 1885 5083 3453 5162">
    <p class='ocr_par' dir='ltr' id='par_1_92' title="bbox 1885 5083 3453 5162">
     <span class='ocr_line' id='line_1_92' title="bbox 1885 5083 3453 5162; baseline -0.011 -9"><span class='ocrx_word' id='word_1_598' title='bbox 1885 5101 1993 5154; x_wconf 90' lang='lat' dir='ltr'><strong>bile</strong></span> <span class='ocrx_word' id='word_1_599' title='bbox 2025 5107 2206 5152; x_wconf 90' lang='lat' dir='ltr'><strong>autem</strong></span> <span class='ocrx_word' id='word_1_600' title='bbox 2234 5094 2409 5150; x_wconf 91' lang='lat' dir='ltr'><strong>sancti</strong></span> <span class='ocrx_word' id='word_1_601' title='bbox 2445 5091 2708 5162; x_wconf 85' lang='lat' dir='ltr'><strong>Stephani</strong></span> <span class='ocrx_word' id='word_1_602' title='bbox 2731 5104 2931 5158; x_wconf 91' lang='lat' dir='ltr'><strong>corpus</strong></span> <span class='ocrx_word' id='word_1_603' title='bbox 2955 5103 2985 5142; x_wconf 89' lang='lat' dir='ltr'><strong>a</strong></span> <span class='ocrx_word' id='word_1_604' title='bbox 3017 5087 3150 5141; x_wconf 89' lang='lat' dir='ltr'><strong>viris</strong></span> <span class='ocrx_word' id='word_1_605' title='bbox 3182 5083 3453 5153; x_wconf 79' lang='lat' dir='ltr'><strong>religiosis</strong></span> 
     </span>
    </p>
   </div>
   <div class='ocr_carea' id='block_1_93' title="bbox 1883 5173 3450 5256">
    <p class='ocr_par' dir='ltr' id='par_1_93' title="bbox 1883 5173 3450 5256">
     <span class='ocr_line' id='line_1_93' title="bbox 1883 5173 3450 5256; baseline -0.013 -10"><span class='ocrx_word' id='word_1_606' title='bbox 1883 5199 2043 5246; x_wconf 88' lang='lat' dir='ltr'><strong>nocte</strong></span> <span class='ocrx_word' id='word_1_607' title='bbox 2101 5189 2427 5256; x_wconf 83' lang='lat' dir='ltr'><strong>intempesta</strong></span> <span class='ocrx_word' id='word_1_608' title='bbox 2481 5185 2825 5253; x_wconf 89' lang='lat' dir='ltr'><strong>deportatum</strong></span> <span class='ocrx_word' id='word_1_609' title='bbox 2885 5180 2990 5232; x_wconf 79' lang='lat' dir='ltr'><strong>fuit</strong></span> <span class='ocrx_word' id='word_1_610' title='bbox 3039 5179 3094 5231; x_wconf 85' lang='lat' dir='ltr'><strong>in</strong></span> <span class='ocrx_word' id='word_1_611' title='bbox 3151 5173 3450 5228; x_wconf 84' lang='lat' dir='ltr'><strong>australem</strong></span> 
     </span>
    </p>
   </div>
   <div class='ocr_carea' id='block_1_94' title="bbox 1885 5268 3454 5355">
    <p class='ocr_par' dir='ltr' id='par_1_94' title="bbox 1885 5268 3454 5355">
     <span class='ocr_line' id='line_1_94' title="bbox 1885 5268 3454 5355; baseline -0.012 -16"><span class='ocrx_word' id='word_1_612' title='bbox 1885 5293 2100 5355; x_wconf 86' lang='lat' dir='ltr'><strong>partem</strong></span> <span class='ocrx_word' id='word_1_613' title='bbox 2128 5281 2375 5352; x_wconf 86' lang='lat' dir='ltr'><strong>ejusdem</strong></span> <span class='ocrx_word' id='word_1_614' title='bbox 2404 5277 2665 5340; x_wconf 90' lang='lat' dir='ltr'><strong>civitatis,</strong></span> <span class='ocrx_word' id='word_1_615' title='bbox 2703 5289 2766 5329; x_wconf 88' lang='lat' dir='ltr'><strong>ac</strong></span> <span class='ocrx_word' id='word_1_616' title='bbox 2797 5272 3109 5341; x_wconf 89' lang='lat' dir='ltr'><strong>depositum</strong></span> <span class='ocrx_word' id='word_1_617' title='bbox 3152 5268 3206 5322; x_wconf 94' lang='lat' dir='ltr'><strong>in</strong></span> <span class='ocrx_word' id='word_1_618' title='bbox 3237 5274 3454 5322; x_wconf 76' lang='lat' dir='ltr'><strong>secreto</strong></span> 
     </span>
    </p>
   </div>
   <div class='ocr_carea' id='block_1_95' title="bbox 202 5354 1777 5449">
    <p class='ocr_par' dir='ltr' id='par_1_95' title="bbox 202 5365 1777 5442">
     <span class='ocr_line' id='line_1_95' title="bbox 202 5365 1777 5442; baseline 0.002 -23"><span class='ocrx_word' id='word_1_619' title='bbox 202 5366 480 5434; x_wconf 83' lang='grc' dir='ltr'>κατετέθη</span> <span class='ocrx_word' id='word_1_620' title='bbox 521 5368 578 5419; x_wconf 83' lang='grc' dir='ltr'>ὲν</span> <span class='ocrx_word' id='word_1_621' title='bbox 627 5365 704 5434; x_wconf 82' lang='grc' dir='ltr'>τῷ</span> <span class='ocrx_word' id='word_1_622' title='bbox 755 5369 1110 5438; x_wconf 80' lang='grc' dir='ltr'>ἡσυχαστικῷ</span> <span class='ocrx_word' id='word_1_623' title='bbox 1157 5369 1321 5422; x_wconf 82' lang='grc' dir='ltr'>αὑτοῦ</span> <span class='ocrx_word' id='word_1_624' title='bbox 1373 5371 1663 5442; x_wconf 82' lang='grc' dir='ltr'>εὑκτηρίῳ,</span> <span class='ocrx_word' id='word_1_625' title='bbox 1707 5371 1777 5433; x_wconf 86' lang='grc' dir='ltr'>ὼς</span> 
     </span>
    </p>
   </div>
   <div class='ocr_carea' id='block_1_96' title="bbox 1878 5354 3452 5449">
    <p class='ocr_par' dir='ltr' id='par_1_96' title="bbox 1887 5354 3452 5449">
     <span class='ocr_line' id='line_1_96' title="bbox 1887 5354 3452 5449; baseline -0.017 -15"><span class='ocrx_word' id='word_1_626' title='bbox 1887 5354 2008 5449; x_wconf 83' lang='lat' dir='ltr'><strong>ejus</strong></span> <span class='ocrx_word' id='word_1_627' title='bbox 2037 5375 2299 5438; x_wconf 91' lang='lat' dir='ltr'><strong>oratorio,</strong></span> <span class='ocrx_word' id='word_1_628' title='bbox 2331 5373 2478 5443; x_wconf 88' lang='lat' dir='ltr'><strong>quod</strong></span> <span class='ocrx_word' id='word_1_629' title='bbox 2515 5372 2740 5426; x_wconf 84' lang='lat' dir='ltr'><strong>circiter</strong></span> <span class='ocrx_word' id='word_1_630' title='bbox 2773 5364 2996 5422; x_wconf 89' lang='lat' dir='ltr'><strong>milliari</strong></span> <span class='ocrx_word' id='word_1_631' title='bbox 3031 5377 3141 5418; x_wconf 91' lang='lat' dir='ltr'><strong>uno</strong></span> <span class='ocrx_word' id='word_1_632' title='bbox 3174 5376 3203 5412; x_wconf 88' lang='lat' dir='ltr'><strong>a</strong></span> <span class='ocrx_word' id='word_1_633' title='bbox 3231 5358 3452 5413; x_wconf 78' lang='lat' dir='ltr'><strong>civitate</strong></span> 
     </span>
    </p>
   </div>
   <div class='ocr_carea' id='block_1_97' title="bbox 200 5458 1780 5532">
    <p class='ocr_par' dir='ltr' id='par_1_97' title="bbox 200 5458 1780 5532">
     <span class='ocr_line' id='line_1_97' title="bbox 200 5458 1780 5532; baseline 0.003 -20"><span class='ocrx_word' id='word_1_634' title='bbox 200 5459 321 5512; x_wconf 80' lang='grc' dir='ltr'>ἀπὸ</span> <span class='ocrx_word' id='word_1_635' title='bbox 384 5460 616 5525; x_wconf 81' lang='grc' dir='ltr'>σημείου</span> <span class='ocrx_word' id='word_1_636' title='bbox 670 5458 787 5522; x_wconf 72' lang='grc' dir='ltr'>ἑνὸς</span> <span class='ocrx_word' id='word_1_637' title='bbox 845 5461 943 5532; x_wconf 90' lang='grc' dir='ltr'><strong>τῆς</strong></span> <span class='ocrx_word' id='word_1_638' title='bbox 990 5462 1232 5526; x_wconf 90' lang='grc' dir='ltr'>πόλεως,</span> <span class='ocrx_word' id='word_1_639' title='bbox 1289 5463 1548 5527; x_wconf 88' lang='grc' dir='ltr'>πλείστας</span> <span class='ocrx_word' id='word_1_640' title='bbox 1609 5464 1780 5526; x_wconf 77' lang='grc' dir='ltr'>ἰάσεις</span> 
     </span>
    </p>
   </div>
   <div class='ocr_carea' id='block_1_98' title="bbox 198 5549 1774 5627">
    <p class='ocr_par' dir='ltr' id='par_1_98' title="bbox 198 5549 1774 5627">
     <span class='ocr_line' id='line_1_98' title="bbox 198 5549 1774 5627; baseline 0.005 -25"><span class='ocrx_word' id='word_1_641' title='bbox 198 5549 512 5604; x_wconf 74' lang='grc' dir='ltr'>ἐπιτελοῦν.</span> <span class='ocrx_word' id='word_1_642' title='bbox 563 5550 645 5604; x_wconf 73' lang='grc' dir='ltr'><strong>Τὰ</strong></span> <span class='ocrx_word' id='word_1_643' title='bbox 695 5551 752 5604; x_wconf 77' lang='grc' dir='ltr'>δὲ</span> <span class='ocrx_word' id='word_1_644' title='bbox 793 5554 901 5604; x_wconf 80' lang='grc' dir='ltr'><strong>τῶν</strong></span> <span class='ocrx_word' id='word_1_645' title='bbox 944 5553 1146 5608; x_wconf 83' lang='grc' dir='ltr'>λοιπῶν</span> <span class='ocrx_word' id='word_1_646' title='bbox 1190 5557 1360 5624; x_wconf 82' lang='grc' dir='ltr'>ἁγίων</span> <span class='ocrx_word' id='word_1_647' title='bbox 1408 5558 1476 5610; x_wconf 69' lang='grc' dir='ltr'>τὰ</span> <span class='ocrx_word' id='word_1_648' title='bbox 1525 5557 1774 5627; x_wconf 85' lang='grc' dir='ltr'>σώματα,</span> 
     </span>
    </p>
   </div>
   <div class='ocr_carea' id='block_1_99' title="bbox 201 5643 1778 5720">
    <p class='ocr_par' dir='ltr' id='par_1_99' title="bbox 201 5643 1778 5720">
     <span class='ocr_line' id='line_1_99' title="bbox 201 5643 1778 5720; baseline 0.004 -24"><span class='ocrx_word' id='word_1_649' title='bbox 201 5644 433 5714; x_wconf 76' lang='grc' dir='ltr'>Σουηρᾱ</span> <span class='ocrx_word' id='word_1_650' title='bbox 459 5643 786 5711; x_wconf 73' lang='grc' dir='ltr'>ιπισκόπου,</span> <span class='ocrx_word' id='word_1_651' title='bbox 817 5647 1024 5716; x_wconf 81' lang='grc' dir='ltr'>σεμνῆς</span> <span class='ocrx_word' id='word_1_652' title='bbox 1063 5649 1255 5718; x_wconf 74' lang='grc' dir='ltr'>Ἁγνῆς</span> <span class='ocrx_word' id='word_1_653' title='bbox 1289 5651 1380 5701; x_wconf 82' lang='grc' dir='ltr'><strong>καὶ</strong></span> <span class='ocrx_word' id='word_1_654' title='bbox 1411 5649 1778 5720; x_wconf 77' lang='grc' dir='ltr'>Φιλικητάτης</span> 
     </span>
    </p>
   </div>
   <div class='ocr_carea' id='block_1_100' title="bbox 198 5742 1773 5816">
    <p class='ocr_par' dir='ltr' id='par_1_100' title="bbox 198 5742 1773 5816">
     <span class='ocr_line' id='line_1_100' title="bbox 198 5742 1773 5816; baseline 0.003 -19"><span class='ocrx_word' id='word_1_655' title='bbox 198 5745 332 5812; x_wconf 74' lang='grc' dir='ltr'><strong>(καὶ</strong></span> <span class='ocrx_word' id='word_1_656' title='bbox 366 5742 760 5812; x_wconf 77' lang='grc' dir='ltr'>Περπετοὺας),</span> <span class='ocrx_word' id='word_1_657' title='bbox 801 5744 930 5798; x_wconf 73' lang='grc' dir='ltr'>ἔνθα</span> <span class='ocrx_word' id='word_1_658' title='bbox 965 5745 1388 5816; x_wconf 74' lang='grc' dir='ltr'>ἀπετμήθησαν,</span> <span class='ocrx_word' id='word_1_659' title='bbox 1425 5747 1528 5800; x_wconf 74' lang='grc' dir='ltr'><strong>ὑπὸ</strong></span> <span class='ocrx_word' id='word_1_660' title='bbox 1567 5743 1773 5801; x_wconf 82' lang='grc' dir='ltr'>πιστῶν</span> 
     </span>
    </p>
   </div>
   <div class='ocr_carea' id='block_1_101' title="bbox 199 5835 1573 5910">
    <p class='ocr_par' dir='ltr' id='par_1_101' title="bbox 199 5835 1573 5910">
     <span class='ocr_line' id='line_1_101' title="bbox 199 5835 1573 5910; baseline 0.003 -16"><span class='ocrx_word' id='word_1_661' title='bbox 199 5835 605 5910; x_wconf 77' lang='grc' dir='ltr'>κατετέθησαν,</span> <span class='ocrx_word' id='word_1_662' title='bbox 640 5837 778 5908; x_wconf 77' lang='grc' dir='ltr'>ὑπὲρ</span> <span class='ocrx_word' id='word_1_663' title='bbox 807 5837 900 5892; x_wconf 85' lang='grc' dir='ltr'><strong>τοῦ</strong></span> <span class='ocrx_word' id='word_1_664' title='bbox 930 5838 1134 5909; x_wconf 79' lang='grc' dir='ltr'>κόσμον</span> <span class='ocrx_word' id='word_1_665' title='bbox 1161 5839 1573 5910; x_wconf 76' lang='grc' dir='ltr'>πρεσϐεύοντες,</span> 
     </span>
    </p>
   </div>
   <div class='ocr_carea' id='block_1_102' title="bbox 1883 5454 3449 5539">
    <p class='ocr_par' dir='ltr' id='par_1_102' title="bbox 1883 5454 3449 5539">
     <span class='ocr_line' id='line_1_102' title="bbox 1883 5454 3449 5539; baseline -0.017 -11"><span class='ocrx_word' id='word_1_666' title='bbox 1883 5474 2057 5535; x_wconf 90' lang='lat' dir='ltr'><strong>abest,</strong></span> <span class='ocrx_word' id='word_1_667' title='bbox 2109 5468 2374 5539; x_wconf 89' lang='lat' dir='ltr'><strong>plurimas</strong></span> <span class='ocrx_word' id='word_1_668' title='bbox 2420 5479 2656 5535; x_wconf 83' lang='lat' dir='ltr'><strong>operans</strong></span> <span class='ocrx_word' id='word_1_669' title='bbox 2708 5462 3039 5517; x_wconf 87' lang='lat' dir='ltr'><strong>curationes.</strong></span> <span class='ocrx_word' id='word_1_670' title='bbox 3093 5454 3449 5524; x_wconf 78' lang='lat' dir='ltr'><strong>Reliquorum</strong></span> 
     </span>
    </p>
   </div>
   <div class='ocr_carea' id='block_1_103' title="bbox 1880 5542 3450 5625">
    <p class='ocr_par' dir='ltr' id='par_1_103' title="bbox 1880 5542 3450 5625">
     <span class='ocr_line' id='line_1_103' title="bbox 1880 5542 3450 5625; baseline -0.015 -9"><span class='ocrx_word' id='word_1_671' title='bbox 1880 5579 2012 5619; x_wconf 84' lang='lat' dir='ltr'><strong>vero</strong></span> <span class='ocrx_word' id='word_1_672' title='bbox 2033 5569 2346 5616; x_wconf 83' lang='lat' dir='ltr'><strong>sanctorum</strong></span> <span class='ocrx_word' id='word_1_673' title='bbox 2377 5571 2625 5625; x_wconf 85' lang='lat' dir='ltr'><strong>corpora.</strong></span> <span class='ocrx_word' id='word_1_674' title='bbox 2653 5553 2839 5609; x_wconf 78' lang='lat' dir='ltr'><strong>Suera:</strong></span> <span class='ocrx_word' id='word_1_675' title='bbox 2858 5548 3126 5620; x_wconf 87' lang='lat' dir='ltr'><strong>episcopi,</strong></span> <span class='ocrx_word' id='word_1_676' title='bbox 3157 5542 3450 5600; x_wconf 84' lang='lat' dir='ltr'><strong>venerabi-</strong></span> 
     </span>
    </p>
   </div>
   <div class='ocr_carea' id='block_1_104' title="bbox 1878 5633 3450 5725">
    <p class='ocr_par' dir='ltr' id='par_1_104' title="bbox 1878 5633 3450 5725">
     <span class='ocr_line' id='line_1_104' title="bbox 1878 5633 3450 5725; baseline -0.016 -14"><span class='ocrx_word' id='word_1_677' title='bbox 1878 5659 1948 5711; x_wconf 86' lang='lat' dir='ltr'><strong>lis</strong></span> <span class='ocrx_word' id='word_1_678' title='bbox 1978 5653 2228 5725; x_wconf 86' lang='lat' dir='ltr'><strong>Agnetis,</strong></span> <span class='ocrx_word' id='word_1_679' title='bbox 2269 5646 2570 5704; x_wconf 84' lang='lat' dir='ltr'><strong>Felicitatis</strong></span> <span class='ocrx_word' id='word_1_680' title='bbox 2609 5655 2669 5700; x_wconf 88' lang='lat' dir='ltr'><strong>et</strong></span> <span class='ocrx_word' id='word_1_681' title='bbox 2697 5645 3002 5712; x_wconf 64' lang='lat' dir='ltr'><strong>Perpetua),</strong></span> <span class='ocrx_word' id='word_1_682' title='bbox 3035 5640 3107 5694; x_wconf 83' lang='lat' dir='ltr'><strong>ibi</strong></span> <span class='ocrx_word' id='word_1_683' title='bbox 3139 5654 3169 5692; x_wconf 87' lang='lat' dir='ltr'><strong>a</strong></span> <span class='ocrx_word' id='word_1_684' title='bbox 3197 5633 3450 5690; x_wconf 78' lang='lat' dir='ltr'><strong>ﬁdelibus</strong></span> 
     </span>
    </p>
   </div>
   <div class='ocr_carea' id='block_1_105' title="bbox 1878 5729 3451 5815">
    <p class='ocr_par' dir='ltr' id='par_1_105' title="bbox 1878 5729 3451 5815">
     <span class='ocr_line' id='line_1_105' title="bbox 1878 5729 3451 5815; baseline -0.015 -12"><span class='ocrx_word' id='word_1_685' title='bbox 1878 5745 2127 5815; x_wconf 90' lang='lat' dir='ltr'><strong>deposita</strong></span> <span class='ocrx_word' id='word_1_686' title='bbox 2155 5743 2329 5809; x_wconf 81' lang='lat' dir='ltr'><strong>luere,</strong></span> <span class='ocrx_word' id='word_1_687' title='bbox 2360 5738 2453 5796; x_wconf 91' lang='lat' dir='ltr'><strong>ubi</strong></span> <span class='ocrx_word' id='word_1_688' title='bbox 2479 5736 2890 5803; x_wconf 86' lang='lat' dir='ltr'><strong>occubuerant;</strong></span> <span class='ocrx_word' id='word_1_689' title='bbox 2919 5731 3260 5805; x_wconf 85' lang='lat' dir='ltr'><strong>pro.mundo</strong></span> <span class='ocrx_word' id='word_1_690' title='bbox 3286 5729 3451 5783; x_wconf 86' lang='lat' dir='ltr'><strong>inter-</strong></span> 
     </span>
    </p>
   </div>
   <div class='ocr_carea' id='block_1_106' title="bbox 1877 5841 2154 5896">
    <p class='ocr_par' dir='ltr' id='par_1_106' title="bbox 1877 5841 2154 5896">
     <span class='ocr_line' id='line_1_106' title="bbox 1877 5841 2154 5896; baseline -0.014 0"><span class='ocrx_word' id='word_1_691' title='bbox 1877 5841 2154 5896; x_wconf 82' lang='lat' dir='ltr'><strong>cedentes.</strong></span> 
     </span>
    </p>
   </div>
  </div>
