4188 6310
765 392 866 454 319
2053 386 2336 447 MENSIS
2374 390 2664 452 JULlUS.
3897 388 3998 452 320

762 536 1909 566 Μ

2737 538 3999 573 ww

1236 745 1414 855 DE
1504 741 2107 855 SANCTIS
2206 744 2500 856 XLV
2591 741 3521 857 MARTYRIBUS

1929 967 2304 1029 NICOPOLI
2341 969 2420 1030 IN
2454 969 2820 1029 ARMENIA

1561 1154 2515 1247 COMMENTARIUS
2597 1159 3194 1250 PRJEVIUS.

1927 1347 2070 1411 (Acta
2104 1351 2187 1401 SS.
2215 1351 2462 1412 Bolland.,
2487 1353 2598 1404 Maii
2622 1355 2703 1403 die
2731 1353 2827 1412 l0.)

824 1665 874 1716 1.
908 1665 1185 1731 Nicopolis
1212 1666 1263 1718 in
1289 1665 1564 1728 Armenia,
1590 1667 1657 1719 ab
1684 1667 1804 1720 aliis
1832 1665 2080 1733 pluribus
2112 1667 2356 1734 ejusdem
2377 1667 2618 1718 nominis
2649 1663 2964 1718 civitatibus
2983 1663 3261 1716 additionc
3288 1663 3450 1732 hujus
3472 1664 3768 1730 pravlncla:
3807 1663 4006 1716 distin-

753 1764 864 1813 eta,
899 1769 926 1805 a
963 1753 1221 1822 Pompeio
1253 1754 1443 1822 Magno
1471 1757 1690 1809 condita
1719 1757 1787 1807 ob
1817 1755 2186 1809 Mithridatem
2223 1755 2296 1807 ibi
2333 1755 2692 1814 debellatum,
2723 1764 2946 1807 auclore
2982 1754 3151 1806 Dione
3195 1751 3403 1814 Cassio,
3457 1750 3552 1803 lib.
3593 1767 3750 1804 xxxvi
3815 1753 3999 1807 Hisro-

758 1843 966 1894 riarum
1007 1843 1403 1906 Romanorum,
1430 1845 1642 1897 exstitit
1674 1843 2100 1897 clarissimorum
2137 1853 2437 1911 martyrum
2479 1841 2616 1896 XLV
2647 1842 2914 1910 palwstra,
2945 1841 3266 1895 constantia:
3298 1855 3486 1893 eorum
3522 1841 3674 1893 testis
3702 1851 3753 1892 et
3787 1850 4004 1906 specta-

756 1930 888 1985 trix.
931 1943 996 1980 ac
1026 1930 1215 1996 glorite
1236 1931 1546 1994 theatrum;
1584 1931 1779 1983 civitas
1812 1947 1938 1984 sane
1966 1942 2076 1983 tum
2110 1932 2308 2000 insigni
2343 1932 2442 1984 hoc
2485 1932 2764 1998 triumpho
2795 1931 3012 1988 nobilis.
3047 1941 3160 1983 tum
3197 1929 3424 1982 miriﬁce
3468 1928 3752 1996 praedicari
3789 1929 4006 1989 merita,

756 2016 902 2083 quod
937 2018 1277 2080 temporibus
1307 2018 1545 2072 Valentis
1573 2017 1923 2085 imperatoris
1960 2019 2285 2073 inconcussa
2315 2020 2528 2073 steterit
2555 2019 2821 2072 adversus
2847 2020 3168 2072 Arianorum
3199 2017 3486 2085 procellas,
3523 2027 3580 2070 ut
3612 2016 3868 2084 pluribus
3899 2030 4007 2067 me-

758 2105 916 2156 minit
944 2103 1000 2158 S.
1035 2104 1265 2159 Basilius
1296 2106 1349 2158 in
1383 2108 1602 2174 epistol.
1632 2108 1829 2167 addit,
1859 2107 2003 2159 sicut
2039 2109 2217 2175 signat
2250 2107 2518 2161 Baronius
2553 2111 2604 2161 in
2639 2109 3013 2162 notationibus
3043 2107 3151 2164 hic,
3181 2106 3232 2166 6.
3258 2105 3310 2165 9.
3346 2106 3426 2166 l0,
3456 2109 3514 2158 it
3545 2113 3599 2158 et
3626 2104 3687 2157 12
3709 2104 3846 2157 edit.
3877 2102 4004 2156 Nut.

759 2192 1256 2244 celebratissimatn
1281 2210 1413 2245 vero
1442 2205 1754 2248 sanctorum
1795 2204 2093 2266 martyrum
2129 2197 2449 2249 memoriam
2478 2197 2644 2249 fuisse
2680 2197 2732 2248 in
2766 2198 2938 2249 sacris
2976 2196 3198 2258 tabulis,
3233 2194 3452 2246 abunde
3504 2193 3778 2248 constabit
3833 2207 3899 2245 ex
3947 2191 4011 2244 iis

764 2293 886 2346 qua:
921 2278 987 2332 de
1009 2295 1199 2333 eorum
1235 2283 1382 2333 cultu
1409 2283 1812 2338 subnectimus.

829 2367 884 2420 2.
923 2366 1284 2437 Menologium
1317 2369 1674 2427 Basilianum.
1699 2372 1764 2423 ad
1799 2371 2002 2424 calcem
2038 2371 2165 2424 tomi
2193 2370 2352 2439 primi
2393 2370 2558 2438 hujus
2588 2371 2791 2424 mensis
2836 2380 2955 2438 post
2999 2370 3473 2424 annuntiationem
3508 2387 3520 2421 :
3560 2370 3763 2424 Eodem
3824 2385 4009 2423 mense

763 2453 932 2522 (Iulio
961 2454 1047 2507 die
1074 2461 1150 2522 ι),
1197 2458 1380 2525 passio
1407 2469 1722 2510 sanctorum
1757 2457 1896 2511 XLV
1929 2470 2249 2530 martyrum,
2280 2461 2370 2528 qui
2405 2460 2455 2512 in
2493 2461 2739 2528 Nicopoli
2772 2461 3034 2531 martyrio
3069 2460 3246 2515 affecti
3287 2471 3434 2521 sunt,
3483 2479 3500 2510 υ
3542 2460 3612 2512 ita
3649 2460 3714 2513 tle
3745 2460 3853 2512 illis
3874 2473 4012 2526 pras-

766 2541 911 2595 dicat
946 2561 958 2596 :
992 2562 1016 2597 it
1054 2543 1426 2616 Quadraginta
1468 2546 1711 2618 quinque
1737 2546 1938 2600 Christi
1973 2558 2240 2618 martyres
2267 2550 2518 2601 vixerunt
2549 2549 2651 2600 sub
2690 2564 2856 2616 regno
2889 2550 3078 2602 Licinii
3113 2559 3166 2602 et
3197 2551 3516 2617 praefectura
3542 2547 3732 2617 Lysiae.
3774 2560 4008 2614 quorum

761 2628 1039 2696 principes
1073 2630 1224 2684 fuere
1290 2631 1573 2695 Leontius,
1617 2634 1924 2694 Mauritius,
1963 2635 2152 2689 Daniel
2183 2648 2236 2690 et
2268 2637 2558 2687 Antonius.
2585 2635 2977 2706 Comprehensi
3016 2639 3197 2699 itaque
3241 2637 3534 2688 astiterunt
3557 2636 3680 2688 duci
3741 2635 3914 2701 Lysiae
3958 2633 4011 2682 in

760 2715 1009 2784 Nicopoli
1048 2718 1340 2781 Armeniw,
1377 2719 1772 2790 Christumque
1806 2724 2044 2776 confessi
2079 2735 2133 2776 et
2171 2724 2311 2775 idola
2344 2725 2632 2786 exsecrati,
2669 2727 2905 2791 czesiquc
2936 2739 2996 2774 ac
3019 2723 3290 2786 lapidibus
3325 2738 3418 2775 ora
3445 2733 3498 2775 et
3537 2721 3729 2773 faciem
3760 2717 4009 2778 contriti,

764 2802 820 2854 in
849 2819 1126 2859 carcerein
1151 2808 1395 2859 conclusi
1431 2819 1579 2869 sunt,
1607 2826 1702 2877 per
1732 2811 1848 2862 dies
1882 2813 2065 2878 plures
2104 2812 2310 2880 absque
2343 2813 2467 2865 cibo
2501 2821 2908 2880 permanentes.
2951 2811 3169 2870 Milites,
3205 2825 3395 2862 eorum
3466 2809 3831 2862 constantiam
3876 2820 4011 2858 con-

765 2891 984 2958 spicati.
1026 2892 1247 2950 Christo
1279 2896 1638 2951 credideruot
1692 2899 1896 2956 Deinde
1922 2915 1950 2951 e
1979 2916 2198 2953 carcere
2234 2903 2416 2969 ejecti,
2444 2913 2498 2955 et
2526 2916 2686 2954 crura
2718 2899 3006 2952 securibus
3029 2899 3277 2961 abscissi,
3305 2899 3356 2951 hi
3388 2896 3609 2966 quidem
3637 2897 3746 2961 jam
3779 2893 4009 2949 mortui.

767 2981 845 3034 illi
891 2992 1071 3036 autem
1112 2986 1292 3040 adhuc
1349 2989 1644 3055 Spirantcs,
1695 2991 1748 3042 in
1787 2994 2059 3044 caminum
2085 2993 2224 3060 ignis
2285 2991 2492 3059 injecti.
2524 3002 2746 3041 cursum
2793 2996 3264 3048 consunnnarunt,
3311 2987 3641 3052 accipientes
3701 2981 4011 3037 immortale

771 3083 1021 3139 regnum,
1056 3073 1200 3140 quod
1231 3077 1479 3140 paratum
1509 3077 1640 3143 ipsis
1673 3079 1776 3129 fuit
1803 3094 1830 3130 τι
1863 3079 2086 3131 Christo
2110 3091 2234 3131 ante.
2271 3080 2457 3132 mundi
2495 3080 2965 3132 constitutionem.
3004 3096 3020 3127 ι
3056 3077 3198 3131 Alibi
3228 3079 3424 3145 sapius
3462 3077 3654 3129 horum
3705 3083 4009 3138 martyrum

768 3161 1010 3211 recurrit
1043 3163 1306 3214 memoria
1340 3165 1389 3214 in
1412 3161 1617 3216 Grzecis
1653 3164 1828 3226 fastis,
1862 3181 1923 3218 ac
1947 3168 2266 3235 plerumque
2289 3184 2411 3220 cum
2453 3185 2618 3237 parvo
2645 3170 2836 3235 elogio,
2872 3167 3126 3221 videlicet
3153 3169 3204 3218 in
3232 3167 3445 3219 Memeis
3477 3165 3755 3231 impressis
3781 3179 4009 3215 eorum-

769 3263 876 3316 que
911 3249 1090 3302 indice
1119 3261 1168 3306 et
1203 3250 1497 3322 llorologio
1537 3253 1894 3318 Grtecorum;
1947 3257 2072 3309 item
2119 3258 2168 3310 in
2221 3257 2612 3327 Supplemento
2660 3256 2724 3308 ad
2766 3256 2962 3308 Mentha
3018 3271 3083 3307 ex
3137 3253 3436 3321 Synaxario
3492 3251 3772 3303 Sirmondi
3824 3259 3878 3299 et
3911 3262 4012 3302 ms.

768 3336 1134 3398 Chimetii,in
1164 3339 1383 3394 Meineis
1417 3343 1761 3398 bibliotheca:
1792 3346 2188 3404 Aiubrosianm,
2243 3345 2446 3399 Menteo
2503 3346 2782 3407 Chimetii,
2847 3344 3151 3410 Menologio
3200 3341 3360 3393 Slavo
3396 3339 3645 3397 Russico,
3713 3336 3860 3402 quod
3919 3350 4015 3404 pro

771 3423 987 3478 Leontio
1010 3428 1200 3481 scribit
1235 3428 1447 3485 Leonis.
1481 3431 1713 3488 Maximo
1739 3433 2098 3503 Cythetornm
2129 3434 2426 3502 episcopo;
2455 3437 2653 3501 quibus
2683 3434 2806 3484 addi
2837 3441 3015 3498 potest
3041 3445 3141 3482 ms.
3178 3444 3242 3482 ex
3279 3429 3418 3482 libro
3449 3429 3647 3496 linguae
3671 3424 3924 3476 Arabica:
3948 3422 4014 3477 de

771 3512 884 3564 vita
916 3516 1306 3566 nonnullorum
1341 3528 1680 3579 sanctorum,
1709 3521 1974 3588 Typicuin
2015 3521 2071 3573 S.
2103 3520 2279 3578 Saba.
2313 3536 2414 3572 nec
2451 3536 2556 3571 non
2594 3521 2834 3587 epitome
2861 3532 3061 3570 excusa
3118 3507 3405 3586 Menologii
3442 3531 3454 3568 :
3497 3514 3736 3581 denique
3768 3510 4014 3564 Menolo-

771 3602 919 3671 gium
958 3602 1139 3655 Sirleti
1182 3618 1255 3657 :e
1283 3619 1392 3671 quo
1421 3617 1604 3673 postea
1635 3622 1828 3660 eorum
1864 3610 2128 3663 memoria
2191 3608 2406 3661 transiit
2437 3609 2501 3659 ad
2543 3606 2984 3676 Martyrologium
3041 3605 3366 3665 Romanum,
3427 3603 3507 3656 sic
3546 3601 3669 3654 illos
3727 3599 4012 3653 referens:

777 3707 798 3741 ι
837 3689 1082 3757 Nicopoli
1138 3695 1191 3745 in
1230 3694 1509 3756 Armenia,
1542 3707 1855 3751 sanctorum
1897 3710 2194 3768 martyrum
2228 3697 2464 3759 Leontii,
2490 3695 2749 3752 Mauritii.
2790 3696 3026 3750 Dauielis
3061 3703 3116 3748 et
3164 3695 3462 3750 sociorum.
3512 3693 3601 3759 qui
3649 3691 3753 3744 sub
3807 3688 4016 3744 Licinio

771 3773 1110 3843 imperatore
1135 3788 1190 3833 et
1220 3779 1373 3848 Lysia
1406 3784 1637 3851 praeside
1679 3786 1827 3836 varie
1860 3787 2184 3849 excruciati,
2219 3787 2437 3839 tandem
2470 3787 2524 3838 in
2553 3786 2728 3856 ignem
2763 3785 3018 3852 conjecti,
3043 3782 3290 3850 martyrii
3320 3794 3540 3832 cursum
3569 3778 3951 3832 confecerunt.
3992 3795 4011 3828 ι

774 3863 1024 3920 Halanus
1053 3867 1171 3921 illos
1201 3871 1363 3920 etiam
1387 3872 1568 3927 habet.
1597 3871 1996 3926 etGalesinius.

851 3953 905 4006 5.
930 3953 1131 4008 Menaaa
1161 3955 1444 4024 impressa,
1480 3958 1556 4011 uti
1584 3961 1747 4012 etiam
1780 3959 1984 4014 dictum
2011 3975 2200 4016 eorum
2228 3961 2701 4030 Supplementum,
2730 3974 2885 4012 sacro
2913 3967 3212 4030 martyrum
3244 3955 3442 4028 agmini
3469 3954 3542 4009 ita
3566 3951 3832 4010 accinunt
3866 3969 3880 4005 :

1627 4121 1954 4186 Παρεμϐολή
1981 4138 2062 4173 τις
2096 4120 2293 4187 εὑρέθη
2323 4121 2400 4188 τῷ
2435 4122 2551 4188 Θεῷ
2591 4123 2683 4172 νέα

1625 4189 1810 4257 Τό).μῃ
1845 4189 2270 4257 παρεμϐαλοῦσα
2303 4197 2392 4242 καὶ
2423 4193 2592 4257 πυρὸς
2629 4192 2815 4255 μέσον.

1632 4260 1856 4313 κτεῖνεν
1891 4259 2216 4331 ἁρισϐενέας
2247 4261 2446 4331 δεκάτη
2476 4264 2582 4331 πῦρ
2613 4261 3004 4326 Νικοπολίτης.

1626 4371 1773 4426 Nova
1803 4381 1980 4426 castra
2018 4374 2222 4427 Numen
2250 4375 2471 4428 militent
2504 4375 2699 4428 invenit
2741 4390 2930 4428 norum

1621 4444 1881 4512 Andacter
1913 4459 2097 4494 ausum
2127 4447 2338 4495 tendere
2362 4447 2413 4496 in
2438 4449 2606 4496 medio
2635 4460 2808 4512 rogos.

1635 4510 1888 4565 Flamma
1915 4524 2058 4566 necat
2086 4514 2285 4568 decima
2312 4530 2562 4584 generosa
2586 4510 2924 4584 Nicepolitas.

785 4667 933 4724 Idem
968 4665 1419 4736 Supplementum
1451 4666 1615 4724 habet
1651 4665 1753 4720 hoc
1801 4667 2076 4736 singulare
2105 4667 2172 4722 de
2221 4684 2410 4722 eorum

2366 4685 2410 4722 m
2445 4668 2592 4723 cultu
2629 4689 2639 4722 :
2693 4669 2935 4721 Τελεῖτκι
2971 4669 3023 4720 δὲ
3065 4670 3092 4736 ἡ
3125 4667 3304 4720 αὐτῶν
3337 4670 3554 4734 admei;
3585 4680 3640 4719 εν
3685 4668 3762 4736 τῷ
3788 4668 3906 4735 ναῷ
3929 4669 4020 4737 τῆς

786 4757 945 4822 ἁγίας
996 4754 1280 4822 nimum;
1306 4755 1531 4821 πληςεον
1553 4753 1646 4807 τοῦ
1671 4755 1859 4822 φόρου.
1904 4754 2227 4808 Celebratur
2265 4765 2440 4811 autem

2365 4772 2444 4811 em
2475 4774 2664 4811 eorum
2717 4758 3033 4811 solemnitas
3095 4759 3146 4810 in
3197 4759 3400 4828 templo
3432 4757 3487 4812 S.
3547 4756 3821 4827 Aquilius
3853 4771 4019 4825 prope

784 4842 1008 4900 Forum.
1051 4863 1071 4896 ι
1106 4843 1180 4899 De
1207 4844 1407 4913 templo
1434 4843 1490 4899 S.
1517 4844 1784 4914 Aquilinze
1813 4845 1924 4914 agit
1948 4843 2184 4906 Cangius
2213 4845 2306 4899 lib.
2343 4863 2394 4900 iv
2431 4845 2611 4901 CPolis
2643 4845 2972 4908 Christiania,
3003 4861 3116 4914 pag.
3149 4847 3269 4900 Hl.

854 4934 909 4988 ι.
942 4933 1209 4986 Baronius
1233 4943 1363 4986 tom.
1397 4932 1480 4992 ΙΙΙ,
1517 4949 1635 5001 pag.
1679 4933 1796 4991 162,
1823 4948 1975 4986 num.
2000 4933 2087 4995 ιϐ,
2122 4949 2286 5006 agens
2303 4935 2368 4988 de
2401 4937 2551 4989 hisce
2590 4938 2945 5003 Ittartyribus,
2979 4950 3203 5004 agonem
3235 4951 3425 4988 eorum
3453 4936 3624 5007 afﬁgit
3647 4951 3791 4989 anno
3817 4935 3943 4990 316.
3966 4936 4020 4989 In

788 5019 1098 5088 Menologio
1136 5018 1558 5075 Slavo-Russico
1589 5029 1870 5091 ponuntur
1901 5021 2042 5090 passi
2065 5037 2208 5075 anno
2234 5023 2356 5076 507.
2387 5021 2551 5076 Liber
2583 5025 2778 5094 lingue
2825 5025 3085 5086 Arabicze,
3113 5026 3179 5078 de
3213 5041 3322 5093 quo
3365 5041 3552 5092 supra,
3590 5025 3810 5079 videtur
3874 5026 4020 5090 ipsos

788 5107 1012 5177 alligare
1036 5108 1377 5176 temporibus
1405 5109 1762 5171 Diocletiani;
1801 5124 1923 5162 Cum
1964 5121 2087 5179 post
2117 5110 2596 5164 annuntiationem
2624 5114 2825 5165 ibidem
2863 5112 3094 5164 addatur
3127 5111 3384 5166 Actorum
3427 5114 3551 5164 ritie
3605 5120 3702 5163 aut
3727 5110 3917 5180 eIOgii,
3963 5118 4019 5162 ut

790 5207 1042 5259 autumo,
1081 5197 1411 5265 principium
1440 5214 1457 5246 ι
1498 5196 1550 5249 in
1586 5195 1783 5249 diebus
1821 5197 2141 5252 Diocletiani
2184 5220 2194 5251 :
2225 5219 2242 5250 ι
2273 5211 2326 5252 et
2362 5202 2678 5264 ascribitur,
2710 5204 2802 5257 fol.
2841 5203 2924 5255 15.
2958 5201 3129 5256 Toino
3163 5202 3202 5256 ν
3229 5202 3374 5264 Maii,
3408 5218 3530 5271 pag.
3564 5201 3682 5260 151.
3721 5202 3774 5254 in
3826 5211 4015 5255 annot.

787 5285 853 5339 ad
886 5300 1004 5354 cap.
1041 5287 1072 5338 ὅ
1105 5287 1364 5340 Actorum
1391 5287 1447 5342 S.
1489 5289 1680 5342 Donati
1713 5287 2063 5342 etsociorum
2093 5301 2391 5361 martyrum
2417 5291 2499 5343 lit.
2539 5291 2575 5349 f.
2607 5293 2827 5360 ponitur
2863 5291 3104 5344 Licinius
3138 5291 3367 5358 coepisse
3394 5290 3649 5359 persequi
3671 5286 4019 5344 Christianos

794 5387 940 5426 anno
973 5373 1097 5427 516.
1136 5373 1308 5429 Secus
1337 5377 1594 5444 opinatur
1619 5376 1817 5444 Pagius
1842 5378 1893 5430 in
1925 5375 2128 5430 Critica
2157 5377 2284 5430 hist.
2322 5375 2586 5432 Chronol.
2622 5391 2753 5434 tom.
2792 5380 2833 5442 l,
2862 5394 2978 5448 pag.
3015 5379 3141 5442 581,
3179 5395 3428 5439 censetis,
3463 5378 3643 5431 nullos
3669 5387 3941 5446 martyres
3969 5378 4016 5432 in

793 5468 1182 5534 persecutione
1207 5467 1494 5522 Liciniana
1531 5468 1699 5522 fuisse
1736 5485 1923 5538 passos
1951 5479 2074 5522 ante
2103 5485 2305 5522 annum
2338 5469 2463 5530 δίε),
2486 5482 2661 5535 neque
2686 5477 2809 5520 ante
2847 5468 2978 5520 illud
3027 5478 3241 5535 tempus
3273 5467 3543 5521 Licinium
3581 5466 4017 5535 persecutionem

795 5553 1057 5608 Ecclesia:
1089 5556 1360 5610 intulisse.
1393 5557 1779 5612 Tillemontius
1815 5569 1946 5610 tom.
1973 5559 2035 5622 V,
2065 5574 2183 5627 pag.
2221 5558 2344 5618 ijlﬂ,
2378 5557 2556 5609 obiter
2587 5572 2651 5608 ex
2681 5555 2882 5610 Graecis
2915 5555 3113 5609 tabulis
3137 5565 3353 5608 sanctos
3377 5553 3582 5607 Christi
3643 5555 3854 5623 pugiles
3873 5569 4021 5607 com-

798 5657 1130 5705 memorans,
1155 5660 1358 5700 annum
1388 5647 1629 5716 martyrii
1664 5663 1770 5700 non
1803 5647 2153 5701 determinat.
2181 5647 2245 5700 lit
2280 5661 2406 5699 vero
2430 5661 2490 5696 ea
2541 5646 2800 5716 temporis
2846 5651 3002 5701 ratio,
3046 5659 3207 5712 quam
3251 5642 3361 5708 figit
3408 5641 3622 5712 Pagius,
3674 5657 3780 5696 non
3808 5642 4020 5700 videtur

798 5731 1175 5804 improbabilis
1213 5753 1224 5786 :
1257 5751 1432 5806 neque
1458 5739 1602 5793 enim
1642 5747 1884 5806 apparet,
1923 5752 2082 5806 quem
2113 5737 2455 5806 potissimum
2489 5737 2750 5804 martyrio
2778 5752 2918 5804 saepe
2956 5736 3101 5788 dicto
3142 5734 3386 5802 assignes
3408 5749 3635 5792 annum.
3665 5748 3826 5802 quam
3871 5732 4019 5786 illum

798 5839 906 5892 quo
979 5824 1218 5880 Licinius
1248 5826 1391 5880 varia
1427 5826 1476 5879 in
1510 5828 1849 5883 Christianos
1887 5827 2230 5883 machinatus
2263 5838 2364 5888 ρει,
2400 5841 2491 5879 eos
2521 5842 2547 5879 e
2577 5825 2770 5894 palatio
2802 5839 2898 5879 suo
2925 5824 3150 5894 pellens,
3174 5821 3406 5877 concilia
3442 5822 3747 5887 celebrare,
3787 5835 3884 5878 eos
3932 5837 4020 5878 ve-
