4188 6310
194 318 290 380 321
1140 317 1607 379 MARTYRIUM
1649 318 1754 377 SS.
1795 319 1838 376 X

1795 319 1936 377 XLV
1983 318 2430 381 MARTYRUH.
3317 317 3427 377 322

191 445 329 493 tam,
369 430 586 501 aliaquo
609 445 767 504 quam
792 431 1023 502 plurima
1072 442 1262 486 contra
1293 446 1388 486 eos
1415 441 1664 486 statuens
1697 451 1759 486 ac
1797 446 1990 504 gerens
2025 436 2077 488 in
2108 435 2292 490 odium
2321 436 2664 490 Constantini
2698 437 2762 491 de
2803 435 3001 504 quibus
3030 434 3301 490 Eusebius
3325 433 3418 490 lib.

189 520 306 574 ID:
339 517 454 574 Vita
479 519 833 584 Constantini,
865 521 1040 588 capite
1071 519 1159 582 51,
1195 520 1260 574 52
1288 530 1342 573 et
1371 537 1524 589 seqq.
1561 523 1704 589 agit;
1736 538 1854 590 qu.e
1887 523 2139 576 Petavius
2171 525 2353 593 alligat
2389 540 2534 576 anno
2560 523 2761 579 CitriSti
2795 523 2918 586 5l9,
2955 533 3012 575 ut
3037 522 3222 575 videre
3253 524 3419 574 estin

192 617 343 674 parte
381 611 549 662 altera
594 608 666 660 De
692 610 928 660 doctrina
968 619 1148 673 temp..
1172 623 1290 676 pag.
1326 609 1447 671 7l8;
1486 609 1711 663 addens.
1753 624 1938 678 passos
1962 628 2079 664 esse
2115 618 2166 664 in
2191 628 2251 664 ea
2291 617 2680 681 persecutione
2706 611 2796 665 XL
2835 621 3100 680 martyres
3128 611 3179 662 in
3213 608 3424 677 Cappa-

188 695 367 756 docia,
402 696 601 765 frigore
632 706 874 753 enectos.
907 694 1260 754 etBasiliuni,
1291 697 1519 748 Amasis:
1549 697 1785 750 Pontica:
1836 702 2183 767 episcopum,
2243 700 2506 769 martyrio
2558 699 2838 762 affectum,
2898 701 3138 766 citatque
3197 698 3417 750 Eusebii

184 781 515 836 Chronicon.
562 786 752 837 Actum
785 783 851 835 de
889 783 980 834 illo
1012 792 1096 835 est
1132 793 1261 836 tom.
1295 784 1356 836 Ill
1394 785 1614 852 Aprilis.
1652 802 1772 854 pag.
1800 786 1922 845 “ti,
1966 790 2209 854 apposita
2244 789 2474 856 epiieha,
2501 789 2650 842 circa
2672 804 2796 840 ann.
2828 787 2963 849 5‘22;
2995 786 3062 838 de
3120 787 3185 838 iis
3234 798 3418 837 autem

186 871 272 922 die
305 865 582 925 lO‘Martii.
625 871 687 922 ad
727 871 838 923 biec
877 869 1095 922 Eusebii
1122 869 1432 925 Chronieon
1473 872 1660 925 Latine
1711 889 1927 926 versum
1948 879 2088 943 apud
2123 877 2418 944 losepltum
2470 874 2809 941 Scaligerum
2865 890 2985 943 pag.
3050 873 3169 934 l80,
3221 874 3284 925 ad
3328 888 3417 924 an.

185 978 368 1021 (αλιι
395 966 592 1026 habet;
620 963 890 1017 «Licinius
914 964 1252 1016 Christianos
1276 965 1341 1015 de
1362 966 1561 1032 palatio
1587 982 1682 1016 sua
1706 967 1878 1033 pellit.
1898 988 1912 1015 ›
1935 968 2187 1022 Dicamus
2206 985 2352 1038 ergo,
2373 979 2538 1038 marty
2555 985 2641 1022 res
2667 971 2870 1023 abiisse
2898 970 3039 1021 circa
3066 983 3267 1020 annum
3295 965 3420 1020 519.

256 1052 308 1106 5.
345 1053 481 1116 Quid
504 1051 736 1103 sentiam
777 1051 843 1104 de
874 1052 1095 1109 Actis,.c
1127 1051 1314 1103 Cra-co
1359 1055 1409 1102 iit
1439 1050 1690 1103 Latinum
1725 1069 2027 1105 set-nionem
2065 1071 2092 1107 θ
2121 1059 2523 1115 meram-orsis,
2548 1057 2736 1123 paucis
2766 1057 3031 1120 ίηιειιιιεζθ,
3057 1054 3171 1106 Non
3205 1055 3423 1107 sint-era

187 1139 274 1191 illa
301 1154 445 1200 esse,
480 1143 570 1194 sed
596 1138 844 1206 episndio
875 1139 992 1204 plus
1023 1153 1132 1188 uno
1175 1139 1436 1194 adornata
1491 1139 1900 1208 dramaticeque
1965 1145 2289 1210 composita,
2341 1144 2710 1199 indubitatum
2764 1143 2896 1195 mihi
2950 1142 3181 1195 videtur.
3238 1141 3424 1208 Spirat

182 1227 470 1278 enimvero
502 1227 553 1278 in
581 1227 689 1279 illis
719 1224 998 1292 ingenium
1027 1224 1430 1292 Metaphrastis.
1464 1226 1548 1277 vel
1578 1227 1766 1279 saltem
1804 1231 2028 1284 alterius
2050 1230 2331 1300 cujusdam
2357 1231 2407 1283 ei
2435 1246 2539 1282 non
2575 1231 2861 1286 absimilis.
2898 1227 3123 1295 tragutdi
3153 1227 3292 1279 sacri
3329 1243 3425 1294 p0-

184 1313 293 1365 tius
349 1327 510 1380 quain
556 1312 752 1364 sinceri
783 1311 1024 1363 historici
1055 1326 1251 1363 nomen
1285 1314 1590 1379 promeriti.
1622 1312 1957 1382 Argutnento
1997 1326 2444 1383 suutsequentes
2477 1317 2914 1368 observationes.
2958 1313 3163 1374 Primo,
3211 1326 3421 1380 preces,

179 1401 368 1454 Verbis
409 1404 741 1468 psalmorum
771 1401 933 1453 nimis
965 1401 1289 1468 composita
1324 1402 1684 1457 Ctlnt'illlttllat.
1723 1412 1782 1456 ut
1815 1403 2016 1454 videsis
2045 1419 2194 1454 num.
2239 1405 2270 1454 8
2305 1413 2358 1455 et
2389 1403 2472 1455 i2.
2505 1401 2782 1464 Secundo,
2831 1403 3080 1455 inductio
3123 1411 3422 1470 martyrum

187 1490 479 1554 utriusque
510 1501 674 1539 sexus
703 1502 802 1539 nec
829 1501 938 1539 non
977 1488 1287 1554 exemplum
1322 1485 1376 1541 S.
1412 1487 1763 1548 Potamienie,
1790 1490 2130 1557 temporibus
2162 1490 2473 1544 Maximiani
2497 1508 2595 1559 pro
2627 1493 2826 1542 tuenda
2865 1490 3127 1557 pudicitia
3177 1492 3230 1540 in
3265 1490 3420 1541 lebe-

181 1583 316 1634 tem,
358 1577 476 1640 pice
501 1575 855 1634 instructum,
882 1590 910 1628 a
945 1590 1043 1628 suo
1074 1575 1297 1629 domino
1333 1577 1567 1644 injectae.
1599 1592 1795 1628 nonnae
1841 1578 2114 1629 theatrum
2149 1577 2398 1645 spirant?
2432 1576 2488 1630 S.
2515 1577 2803 1634 Leontius.
2828 1589 2890 1629 ea
2926 1585 3154 1628 narrans
3200 1584 3258 1626 ttt
3299 1575 3422 1626 ani-

178 1675 302 1712 mos
329 1664 532 1715 excitet
562 1669 626 1714 ait
667 1663 883 1716 fortiter
923 1680 1020 1730 pro
1054 1663 1274 1717 Christo
1298 1664 1695 1724 dimicandum,
1725 1666 1858 1717 dicit
1899 1679 1956 1716 sp.
1990 1677 2051 1714 ea
2084 1663 2362 1731 accepisse
2405 1685 2420 1712 4
2451 1679 2477 1715 a
2501 1668 2758 1732 magistro
2788 1678 2908 1723 suo,
2943 1663 3035 1731 qui
3067 1661 3321 1714 veniebat
3353 1677 3424 1715 ex

174 1748 409 1819 Egypto,
456 1760 511 1803 et
542 1751 762 1803 audisse
795 1767 848 1803 se
875 1751 1058 1803 aiebat
1092 1767 1119 1807 υ
1142 1750 1199 1804 S.
1225 1752 1465 1803 Antonio
1497 1762 1700 1805 ascela.
1736 1777 1750 1799 ο
1786 1752 1981 1816 Quare
2009 1752 2102 1817 qui
2128 1752 2216 1803 hic
2242 1752 2512 1803 Antonius
2538 1751 2730 1803 aceta?
2769 1752 3040 1804 Antonius
3089 1766 3331 1819 magnus.
3365 1762 3424 1804 ttt

175 1837 401 1904 opinor.
441 1838 830 1892 celeberrimus
867 1839 1106 1906 plurium
1142 1841 1536 1896 monachorum
1575 1839 1740 1894 abbas
1774 1858 1786 1893 :
1819 1840 1863 1892 si
1899 1839 1984 1892 ille
2017 1847 2121 1898 est,
2157 1854 2320 1907 quem
2353 1839 2604 1900 co'njtcio.
2629 1839 2762 1890 satis
2792 1838 3064 1904 disparata
3095 1851 3422 1892 connectere

177 1926 404 1980 videtur
438 1929 712 1995 scriptor;
749 1942 872 1978 cum
909 1929 952 1980 is
997 1937 1102 1980 tam
1133 1929 1223 1985 diu
1256 1928 1455 1982 obierit
1486 1939 1605 1998 post
1641 1930 1697 1983 S.
1721 1929 2032 1990 Leontium,
2065 1941 2208 1980 anno
2232 1933 2423 1995 utique
2453 1925 2576 1980 556.
2609 1925 2717 1979 Res
2745 1926 2846 1978 illa-
2871 1936 3182 1989 narrantur,
3212 1943 3238 1979 a
3267 1941 3421 1979 num.

173 2013 207 2064 8
249 2013 305 2066 in
358 2015 485 2067 line.
527 2013 734 2073 Tertio,
771 2013 1044 2072 diabolus,
1076 2012 1453 2082 (Esculapium
1489 2020 1772 2080 mentitus,
1804 2021 2110 2085 ducemque
2145 2016 2359 2085 Lysiam
2407 2026 2598 2070 eontra
2630 2025 2897 2085 martyres
2931 2016 3234 2078 concitans,
3260 2015 3425 2084 quid-

177 2114 308 2152 nam
341 2109 422 2151 cst
451 2100 552 2153 nisi
585 2115 746 2152 scena
776 2099 1097 2164 dramatica,
1137 2117 1286 2153 num.
1318 2102 1432 2154 1‘2?

245 2187 300 2239 6.
331 2185 555 2250 Quinto,
589 2202 735 2240 mors
765 2197 1086 2258 martyrum,
1122 2189 1225 2243 hoc
1250 2190 1415 2243 modo
1443 2188 1765 2251 accelerata,
1794 2187 1886 2256 qui
1923 2187 2161 2242 refertur
2181 2204 2332 2242 num.
2355 2187 2443 2252 16,
2473 2187 2630 2241 fallor
2656 2187 2698 2241 si
2725 2186 2938 2256 plenam
2971 2185 3131 2241 fidem
3157 2188 3419 2245 inveniat.

173 2272 364 2329 Sexto.
397 2274 578 2341 prodit
607 2275 658 2328 in
687 2292 904 2330 scenam
940 2279 1160 2342 mulier,
1197 2280 1405 2332 sanctis
1434 2295 1628 2351 aquam
1661 2277 1763 2330 sub
1795 2276 2035 2331 vestibus
2066 2277 2202 2330 clam
2237 2277 2290 2330 in
2319 2291 2537 2338 carcere
2570 2276 2844 2334 deferens,
2874 2292 3026 2330 num.
3066 2278 3119 2328 ll
3147 2293 3161 2341 ;
3186 2264 3306 2346 q'uae
3329 2277 3424 2332 de-

172 2375 291 2413 nuo
319 2359 458 2420 redit
495 2379 645 2416 num.
677 2365 758 2418 19.
781 2365 975 2425 Erunt,
1014 2376 1071 2418 ut
1095 2368 1313 2433 opinor,
1345 2366 1546 2432 quibus
1584 2381 1772 2432 preces
1793 2376 1848 2417 et
1881 2381 2020 2433 aqua
2043 2381 2073 2415 e
2103 2380 2237 2432 rupe
2261 2365 2446 2418 elicita
2476 2380 2583 2417 non
2614 2368 2839 2417 omnino
2875 2367 3222 2429 arridebunt,
3269 2383 3425 2424 num.

167 2446 262 2502 22.
299 2449 544 2519 Deniqui:
575 2453 834 2504 Actorum
867 2453 1168 2504 sinceritati
1204 2468 1310 2502 non
1337 2454 1683 2505 mediocriter
1708 2452 1877 2504 ofﬁcit
1911 2470 2144 2520 sequens
2179 2453 2444 2514 clausula,
2472 2469 2500 2505 a
2541 2456 2795 2520 genuinis
2839 2457 2987 2508 Actis
3052 2456 3242 2509 abesse
3289 2471 3420 2508 con-

167 2550 357 2594 sueta.
394 2555 512 2606 quin
544 2539 787 2591 habetur.
811 2555 962 2592 num.
996 2542 1084 2596 9.3.
1125 2540 1176 2591 in
1220 2555 1325 2607 qua
1368 2539 1643 2593 Sisinnius
1672 2539 1744 2592 ita
1771 2539 1936 2592 Deum
1967 2551 2084 2593 orat
2107 2541 2326 2609 jamjam
2371 2540 2690 2592 moriturus.
2731 2559 2752 2590 ι
2787 2541 2919 2608 Opis
2956 2553 3060 2594 tute
3085 2543 3318 2611 indigus,
3346 2555 3423 2596 te-

175 2638 289 2691 que
311 2636 504 2677 nostro
533 2626 843 2678 interventu
875 2628 1216 2684 invocantes.
1246 2628 1428 2680 statim
1455 2628 1673 2682 exaudi.
1707 2627 2024 2691 Domine,iu
2051 2642 2378 2695 quacunque
2419 2627 2744 2679 necessitate
2775 2637 2828 2678 et
2866 2629 3194 2695 indigentia;
3225 2644 3422 2696 quam-

168 2718 258 2766 vis
294 2713 348 2764 in
389 2713 654 2767 viduitate
689 2724 744 2767 et
775 2717 1047 2778 orbitate;
1083 2717 1332 2783 quamvis
1373 2716 1425 2768 in
1474 2717 1957 2784 peregrinatione;
2007 2716 2259 2782 quamvis
2311 2715 2364 2766 iti
2420 2715 2736 2766 infirmitate
2791 2729 3042 2781 corporis
3088 2726 3146 2766 et
3191 2717 3416 2776 animm;

165 2803 432 2870 quamvis
461 2805 514 2854 in
543 2817 648 2856 aere
681 2803 861 2856 alieno
893 2812 944 2856 et
986 2803 1318 2866 calumniis;
1363 2808 1612 2870 quamvis
1645 2806 1696 2855 in
1723 2805 1920 2856 acerba
1954 2805 2255 2868 servitute;
2290 2803 2542 2871 quamvis
2576 2804 2630 2854 iu
2695 2803 2981 2854 hominum
3033 2817 3095 2854 ae
3143 2805 3420 2871 pecudum

165 2893 506 2959 contagione
530 2910 542 2954 ;
569 2895 824 2958 quamvis
859 2890 910 2942 in
945 2892 1080 2942 mari
1107 2891 1377 2957 quispiam
1411 2891 1480 2942 sit
1515 2891 1830 2960 naufragus,
1868 2901 1976 2942 etc.
2008 2891 2084 2943 Tu
2114 2891 2213 2952 illi,
2279 2906 2396 2951 rex,
2437 2905 2533 2957 per
2569 2904 2671 2942 nos
2721 2892 2922 2943 solatio
2961 2891 3057 2950 sis,
3102 2900 3155 2942 et
3237 2895 3420 2943 statim

163 2980 398 3038 exaudi,
428 2989 838 3046 utc0gnoscant
863 2978 1052 3031 mundi
1093 2978 1255 3047 hujus
1289 2979 1499 3042 incolae,
1530 2981 1760 3031 multum
1787 2993 1885 3032 nos
1919 2977 2070 3045 diligi
2098 2977 2196 3029 abs
2239 2985 2311 3038 te,
2341 2983 2397 3028 et
2440 2975 2713 3037 exaudiri,
2776 2992 2839 3028 ac
2882 2975 3023 3026 malo
3059 2977 3286 3029 cuilibet
3329 2981 3420 3030 fiat

162 3080 318 3135 aqua
353 3067 540 3119 lizecin
564 3066 851 3126 medelam.
878 3083 999 3120 nam
1027 3069 1091 3120 ad
1129 3068 1532 3120 invocationem
1565 3068 1639 3119 tui
1664 3065 1878 3120 ebulliit
1915 3064 2309 3117 etiunovatuut
2353 3071 2435 3115 est
2480 3071 2640 3116 vetus
2689 3061 3022 3138 miraculum
3080 3064 3134 3114 in
3190 3064 3418 3132 gloriam

160 3153 358 3207 Patris
386 3162 439 3205 et
466 3151 587 3205 Filii
639 3164 693 3206 et
722 3151 962 3221 Spiritus
994 3154 1192 3214 sancti,
1229 3155 1280 3204 iit
1309 3153 1523 3204 laudent
1548 3162 1603 3205 et
1628 3154 1947 3205 memoriam
1979 3164 2280 3222 martyrum
2321 3165 2540 3206 tuorum
2569 3155 2814 3221 quinque
2837 3163 2894 3206 et
2924 3153 3307 3220 quadraginta.

238 3243 292 3294 7.
334 3241 479 3294 Inter
506 3251 770 3312 martyres
796 3241 1008 3296 XXXVI
1043 3241 1385 3295 Alexandria:
1413 3255 1618 3308 passos,
1643 3239 1712 3293 de
1742 3239 2058 3308 quibushoc
2077 3241 2266 3293 itidem
2288 3240 2377 3292 die
2404 3243 2583 3308 agitur
2603 3240 2878 3306 superius,
2913 3240 3022 3291 duo
3050 3241 3212 3306 primi
3238 3241 3418 3295 Leon-

156 3331 282 3384 tius
311 3341 368 3382 et
395 3330 702 3393 Mauritius,
725 3341 780 3384 et
813 3333 1042 3399 quintus
1074 3330 1287 3391 Daniel,
1319 3331 1498 3382 tribus
1522 3327 1724 3382 nostris
1752 3327 2087 3397 martyribus
2117 3327 2532 3397 Neopolitanis,
2569 3340 2803 3396 quorum
2830 3342 3150 3396 expressum
3181 3329 3420 3382 vidimus

155 3434 401 3484 nomen,
433 3434 660 3488 prorsus
692 3419 1181 3485 hoinonymisuut.
1213 3418 1342 3482 Quae
1396 3417 1744 3487 homonymia
1788 3415 2162 3484 suspicionem
2215 3414 2447 3468 fortasse
2496 3415 2747 3467 nonnulli
2799 3415 3045 3482 praebere
3083 3416 3303 3483 poterit,
3330 3417 3419 3469 hic

155 3524 353 3579 aeque,
388 3524 452 3560 ac
475 3507 629 3569 alibi,
668 3507 790 3574 plus
816 3505 1006 3568 semel,
1035 3507 1274 3560 inductae
1304 3507 1557 3574 alicujus,
1602 3505 1961 3566 confusionis,
1995 3519 2102 3556 una
2129 3503 2362 3556 fortasse
2393 3511 2694 3571 martyrum
2745 3512 2920 3554 turnia
2957 3502 3011 3554 in
3047 3502 3187 3555 duas
3223 3505 3423 3557 distra-

155 3607 277 3659 cta,
313 3596 423 3657 vel,
457 3596 502 3647 si
530 3594 634 3648 hoc
662 3611 772 3649 non
800 3597 904 3658 vis,
934 3595 1163 3647 alterius
1201 3594 1255 3645 in
1317 3595 1548 3645 alteram
1600 3592 1923 3644 nominibus
1947 3591 2232 3644 derivatis.
2281 3590 2478 3642 Verum
2524 3589 2783 3658 quoniam
2817 3588 2948 3658 quid
2983 3583 3252 3643 hiciateat
3306 3606 3419 3660 my-

151 3684 349 3743 sterii,
395 3684 554 3738 nobis
578 3685 797 3752 assequi
836 3699 943 3735 non
984 3692 1068 3735 est
1111 3693 1450 3750 promptum,
1503 3680 1557 3732 in
1595 3679 1735 3734 duas
1778 3694 1876 3732 eos
1895 3679 2104 3733 classes
2143 3676 2522 3739 distinximus,
2573 3680 2748 3731 secuti
2790 3676 3174 3746 Martyrologia
3222 3678 3419 3732 Hiero-

153 3772 433 3840 nymiana
467 3790 477 3823 :
513 3772 590 3823 uti
635 3771 996 3824 indicavimus
1022 3784 1211 3838 supra,
1249 3769 1341 3822 ubi
1373 3769 1442 3822 de
1483 3767 1645 3822 dictis
1685 3769 1909 3838 triginta
1953 3782 2046 3822 sex
2081 3765 2417 3834 martyribus
2456 3765 2692 3834 egimus,
2735 3772 2792 3817 et
2837 3765 3214 3818 dillieultatein
3274 3765 3418 3820 hanc

150 3874 271 3910 non
315 3857 798 3926 praetermisimus.

223 3946 284 3997 8.
336 3941 611 4014 Tamayus
638 3945 814 4003 solius
843 3943 898 3998 S.
927 3944 1143 3999 Leontii
1170 3959 1368 3998 nomen
1402 3944 1701 4012 exprimit,
1749 3955 1805 4000 et
1851 3946 2034 4000 socios
2078 3952 2349 4013 martyres
2388 3943 2613 3996 confuse
2645 3961 2657 3996 :
2701 3961 2718 3991 ς
2761 3941 3005 4008 NicOpoli
3056 3942 3108 3993 in
3136 3942 3416 4008 Armenia,

146 4033 210 4087 S.
251 4033 481 4087 Leontii
514 4035 792 4104 martyris,
840 4035 933 4102 qui
966 4050 1092 4088 cum
1130 4035 1253 4088 aliis
1297 4035 1463 4088 sociis
1493 4048 1722 4103 agonem
1765 4032 2145 4086 admirabilem
2187 4030 2500 4099 complevit.
2543 4049 2560 4081 ι
2596 4030 2712 4082 lloc
2765 4039 2947 4091 recte;
2987 4030 3079 4082 sed
3116 4029 3417 4084 elaUsulam

144 4131 527 4189 sequentem,
582 4141 598 4171 ε
629 4127 786 4190 cujus
816 4124 1027 4174 exuviae
1063 4138 1231 4174 sacrae
1278 4124 1331 4172 in
1372 4124 1576 4188 oppido
1608 4123 1913 4176 Alt-audete
1935 4163 1950 4184 ,
1999 4122 2253 4175 dioecesis
2277 4119 2605 4175 Giennensis
2637 4121 2689 4171 in
2721 4118 2973 4172 (mnobio
3005 4119 3322 4171 monialiunt
3356 4119 3416 4176 Β.

139 4208 338 4263 Clara:
370 4208 558 4261 debita
591 4211 776 4262 cultus
802 4207 1222 4262 honorificentia
1253 4217 1566 4272 servantur,
1603 4227 1620 4258 ι
1653 4225 1916 4276 quorsum
1946 4209 2230 4278 adjunxit?
2261 4208 2394 4262 Cum
2439 4208 2491 4259 in
2528 4209 2671 4258 notis
2699 4206 2762 4256 ad
2795 4207 2942 4258 hunc
2973 4210 3152 4257 locum
3183 4207 3416 4258 candide

141 4296 498 4364 proﬁteatur
535 4316 551 4346 ι
590 4298 862 4366 suspicari
895 4312 973 4360 se,
1018 4311 1177 4350 erase
1237 4297 1473 4350 amicum
1511 4295 1823 4354 eruditum,
1864 4311 1880 4342 ›
1919 4292 2181 4345 nimirum
2217 4289 2276 4343 Ρ.
2313 4289 2604 4342 Martinum
2641 4285 2878 4340 Xemena
2907 4287 3134 4342 Jurado.
3166 4303 3232 4340 ex
3259 4289 3419 4357 cujus

140 4384 440 4436 relatione
471 4384 743 4450 praailictis
792 4383 976 4437 Sancti
1025 4384 1273 4451 reliquiis
1314 4384 1476 4436 istum
1531 4384 1711 4438 locum
1758 4382 2082 4454 assignarat,
2131 4397 2149 4428 ι
2198 4388 2252 4430 et
2308 4378 2421 4431 htEC
2471 4378 2702 4446 pignora
2750 4391 2873 4429 esse
2919 4377 3150 4430 alterius
3199 4375 3415 4429 Leontii

140 4471 432 4541 martyris
466 4473 649 4524 Roma:
681 4472 855 4540 passi;
892 4473 957 4525 de
980 4487 1090 4539 quo
1117 4483 1284 4540 agunt
1315 4471 1682 4540 Maurolycus,
1707 4470 2042 4524 Galesinius.
2063 4478 2121 4520 ct
2150 4467 2438 4532 Philippus
2471 4464 2765 4517 Ferrarius
2791 4464 2843 4515 in
2884 4464 3128 4527 generali
3154 4461 3416 4531 Catulogo

136 4555 504 4611 Sanctorum
559 4554 648 4608 die
691 4555 725 4610 9
777 4555 911 4610 Julii
960 4555 1053 4607 fol.
1088 4555 1216 4619 ΞΜ,
1277 4564 1332 4609 et
1361 4557 1660 4609 suadentur
1713 4569 1779 4608 ex
1822 4571 1889 4609 eo
1939 4553 2084 4622 quod
2140 4553 2326 4606 comiti
2358 4551 2744 4604 Beneventano
2778 4551 2900 4618 ejus
2935 4550 3164 4602 exuvias
3212 4549 3417 4602 obtulit

137 4645 367 4698 Paulus
428 4643 490 4705 γ,
527 4643 686 4698 Pont.
723 4644 864 4697 Max.
916 4652 1191 4698 extractas
1237 4659 1300 4696 ex
1343 4643 1606 4696 Romanis
1651 4642 2010 4703 eameteriis;
2048 4655 2145 4693 nec
2196 4640 2303 4692 huc
2339 4654 2514 4705 usque
2565 4639 2772 4690 sciatur
2815 4637 3181 4703 Nicopolitani
3231 4637 3416 4691 [tutum

136 4733 432 4785 advectas
460 4730 653 4784 fuisse.
697 4748 715 4781 ι
753 4731 948 4794 Recte,
984 4741 1042 4783 ut
1081 4733 1298 4798 Opinor,
1332 4731 1421 4785 hic
1447 4746 1502 4784 se
1535 4731 1778 4785 etalium
1811 4745 1972 4783 suum
2008 4728 2204 4782 ducem
2231 4726 2456 4795 corrigit
2484 4723 2774 4796 Tamayus.
2813 4723 3031 4780 Utinam
3077 4726 3132 4777 in
3163 4724 3417 4792 pluribus
3453 4768 3458 4772 .

136 4821 276 4874 aliis
302 4820 516 4874 cadent
545 4818 808 4872 felicitate
843 4830 899 4872 et
927 4820 1190 4872 facilitate
1211 4834 1268 4872 se
1301 4818 1673 4872 correxissetl
1707 4819 1794 4874 Sic
1824 4821 1992 4890 pluris
2013 4819 2209 4872 tierent
2233 4816 2352 4887 ejus
2377 4829 2586 4870 merces
2607 4814 2752 4883 apud
2774 4814 3021 4868 eruditos
3049 4811 3415 4883 hagiopbilos,

132 4912 323 4964 etiam
351 4907 662 4974 [iiSpanos,
691 4906 1072 4976 indignatione
1102 4906 1286 4973 potius
1313 4920 1376 4959 ac
1409 4907 1524 4958 risu
1565 4921 1708 4975 sape
1732 4907 2034 4975 digniores,
2064 4919 2227 4972 quain
2264 4903 2460 4972 pretio.
