4188 6310
761 314 870 382 323

2071 317 2356 380 MENSIS
2393 316 2689 378 IULIUS.
3904 319 3999 381 3.3,

1886 639 2855 774 ΜΑΡΤΥΡΙΟΝ

1589 882 1806 969 ΤΩΝ
1888 881 2232 968 ΑΓῘΩΝ
2305 873 2478 965 ΜΕ
2555 881 3176 968 ΜΑΡΤΥΡΩΝ.

1955 1245 2818 1362 MARTYRIUM

1452 1491 2175 1581 SANCTORUM
2256 1492 2500 1578 XLV
2590 1484 3311 1574 MARTYBUM.

2334 1709 2406 1723 ..-

2217 1858 2442 1914 CAPUT
2486 1860 2526 1912 Ι.

1041 1999 1270 2068 Vulgata
1296 2014 1327 2050 a
1363 1994 1565 2048 Licinio
1596 1995 1764 2048 edicto
1795 2004 1979 2046 contra
2011 1990 2364 2055 Christianos,
2395 1991 2660 2043 sistuntur
2685 2004 2864 2041 coram
2889 1985 3020 2040 duce
3057 1985 3216 2056 Lysia
3241 1988 3412 2038 sancti
3442 1995 3722 2056 martyres.

836 2131 873 2183 l.
908 2128 1154 2184 Licinius
1194 2128 1495 2194 imperator
1521 2139 1962 2194 quaquaversum
2000 2124 2182 2178 edicta
2210 2121 2332 2174 vul-
2362 2125 2383 2181 Δ

2512 2118 2590 2172 A'.
2641 2119 2882 2181 Λικίνιος
2935 2120 2962 2170 ὁ
3019 2117 3274 2186 βασιλεὺς
3329 2117 3613 2170 ἀπέστειλε
3661 2117 4008 2186 διατάγματα

766 2226 935 2294 gavit.
967 2231 1026 2275 ut
1049 2221 1092 2275 si
1122 2220 1212 2288 qui
1250 2218 1630 2287 reperirentur
1656 2216 1978 2279 Christiani,
2006 2214 2336 2268 omnimodis

767 2317 1162 2385 plecterentur.
1192 2310 1368 2364 Edieti
1408 2324 1537 2362 vero
1560 2309 1840 2377 exemplar
1870 2323 2188 2376 expressum
2217 2314 2334 2360 crat

765 2407 846 2460 sic
880 2422 893 2459 :
925 2403 1169 2458 Licinius
1211 2403 1529 2471 imperator,
1589 2400 1879 2461 maximus,
1906 2410 2189 2469 angustus,
2227 2399 2332 2460 his,

765 2496 857 2565 qui
887 2510 983 2562 per
1025 2493 1214 2546 orbem
1245 2502 1517 2544 terrarum
1544 2497 1812 2558 praesunt,
1849 2488 2077 2541 salutem
2114 2504 2126 2542 :
2181 2486 2336 2539 Post-

765 2603 932 2656 quam
986 2586 1248 2640 divinitas
1299 2591 1486 2637 nostra
1516 2583 1657 2634 facta
1687 2592 1770 2634 est
1795 2579 1995 2633 certior
2027 2578 2125 2646 (Ι),
2175 2592 2337 2646 quos-

765 2680 890 2733 dam
932 2691 1123 2730 eorum
1183 2676 1274 2742 qui
1296 2671 1596 2727 Christiani
1628 2672 1995 2740 appellantur.
2017 2684 2127 2720 non
2160 2667 2334 2720 solum

763 2768 1025 2824 beneﬁcis
1052 2767 1158 2820 diis
1191 2781 1298 2818 non
1318 2765 1650 2826 sacriﬁcare,
1681 2763 1774 2814 sed
1794 2760 1958 2814 etiam
1989 2758 2080 2829 pio
2109 2757 2334 2811 deorum

766 2860 940 2916 cultui
982 2859 1212 2929 injurias
1244 2858 1521 2925 irrogare;
1572 2855 1704 2924 quin
1760 2854 1870 2908 imo
1928 2861 2196 2923 prietextu
2255 2853 2336 2904 eis

763 2952 1133 3014 sacriﬁcandi,
1173 2951 1440 3020 plurimos
1475 2949 1608 3002 deos
1639 2948 1723 3001 vel
1754 2948 2167 3016 ipsonocturno
2195 2952 2334 2996 tem-

763 3061 900 3116 pore
935 3043 1258 3098 contrivisse
1278 3083 1292 3106 ,
1329 3043 1657 3109 punitosque
1680 3039 1878 3106 saepius
1903 3053 2011 3090 non
2041 3037 2335 3104 resipuisse

764 3146 858 3190 aut
894 3135 1199 3190 honoribus
1229 3133 1476 3190 allectos.
1508 3142 1602 3187 aut
1635 3141 1780 3184 metu
1814 3130 2175 3194 absterritos;
2212 3127 2336 3181 ideo

761 3237 1007 3300 potestas
1055 3236 1242 3281 nostra
1295 3226 1470 3294 jubet,
1508 3234 1566 3278 ut
1617 3225 1929 3292 ubicunque
1989 3209 2336 3275 invenientur

761 3321 1088 3383 Christiani,
1120 3319 1225 3372 diis
1254 3319 1307 3370 hi
1335 3317 1663 3376 sacriﬁcent,
1689 3316 2005 3384 magnisque
2035 3313 2334 3367 honoribus

763 3429 828 3470 ac
850 3413 1009 3468 donis
1039 3411 1340 3465 fruantur:
1401 3410 1735 3464 reluctantes
1791 3416 1995 3471 autem,
2050 3422 2155 3461 una
2210 3422 2333 3460 cum

763 3505 1034 3562 uxoribus
1066 3502 1362 3563 acliberis,
1400 3501 1509 3570 igni
1566 3515 1625 3553 ac
1655 3499 1802 3552 ferro
1840 3500 2144 3562 tradantur;
2165 3496 2337 3551 facul-

763 3607 905 3651 tates
935 3599 1162 3664 insuper
1189 3595 1409 3646 illorum
1441 3606 1631 3644 omnes
1693 3591 2066 3658 publicentur,
2105 3591 2160 3644 in
2200 3599 2338 3644 tem-

754 3690 1007 3763 ‘plorum,
1031 3686 1218 3741 furtim
1246 3685 1314 3739 ab
1353 3683 1484 3749 ipsis
1506 3697 1847 3748 eversorum,
1880 3698 1982 3736 nec
2011 3698 2119 3736 non
2149 3697 2338 3736 muro-

765 3799 890 3838 rum
950 3793 1004 3836 et
1029 3781 1372 3848 publicorum
1431 3778 1751 3830 balneorum
1794 3777 2104 3830 utilitatem.
2157 3777 2335 3829 Invio-

762 3875 930 3928 labile
969 3874 1151 3941 itaque
1184 3868 1478 3939 imperium
1525 3877 1775 3922 nostrum
1810 3867 2012 3931 edocti,
2069 3877 2335 3936 quantum

764 3966 971 4021 conniti
1005 3963 1253 4032 potestis,
1286 3962 1341 4014 id
1384 3961 1530 4030 quod
1563 3961 1880 4014 mandatum
1920 3970 2023 4023 est,
2068 3973 2337 4029 exsequa-

764 4057 920 4120 mini,
961 4071 1029 4110 ne
1056 4071 1162 4110 una
1215 4069 1312 4109 vos
1351 4069 1477 4109 cum
1537 4055 1875 4123 impiissimis
1925 4052 2333 4121 perielitemini.

765 4150 929 4205 Hisce
959 4151 1142 4218 itaque
1176 4149 1406 4219 vulgatis
1431 4148 1485 4201 in
1507 4149 1701 4217 plateis
1724 4147 1942 4201 urbium
1976 4146 2188 4210 edictis,
2215 4160 2338 4199 san-

764 4245 840 4298 cti
872 4243 966 4297 Dei
1017 4243 1204 4296 famuli
1228 4242 1398 4312 gavisi
1435 4253 1584 4305 sunt,
1609 4242 1846 4296 oblatam
1868 4241 2107 4309 martyrii
2138 4255 2338 4308 oppor-

767 4336 1058 4390 tunitatem
1086 4334 1528 4390 considerantes.

836 4513 904 4569 ll.
935 4515 1083 4568 Inter
1115 4515 1230 4568 hate
1252 4514 1536 4581 publicato
1569 4514 2000 4582 Nicopolitarum
2032 4515 2085 4567 in
2117 4515 2336 4570 civitate

767 4605 969 4668 edicto,
999 4605 1222 4673 quando
1250 4608 1475 4660 timores
1507 4606 1847 4676 ingruerent,
1875 4614 1930 4658 et
1957 4605 2237 4660 instructae
2253 4621 2339 4659 es-

766 4705 890 4752 sent
952 4696 1302 4759 carniﬁcinte,
1345 4706 1526 4750 erecta
1582 4698 1725 4767 ligna
1773 4699 1840 4751 ad
1897 4697 2333 4767 suspensionem,

2439 2211 2579 2262 κατὰ
2617 2213 2800 2261 πᾶσαν
2831 2209 2926 2279 τὴν
2953 2210 3305 2278 οίκουμένην,
3345 2211 3420 2272 ὡς
3464 2213 3518 2264 el’
3548 2228 3691 2272 τινες
3732 2212 4010 2280 εὑρεθεῖεν

2437 2302 2776 2373 Χριστιανοὶ,
2815 2303 3039 2362 τούτους
3089 2302 3250 2353 παντὶ
3308 2301 3492 2370 τρύπ;›
3547 2303 3895 2364 κολάζεσθαι.
3955 2303 4009 2355 Ὀ

2436 2397 2493 2450 δὲ
2527 2398 2695 2459 τύπος
2745 2397 2837 2448 τοῦ
2888 2396 3256 2462 διατάγματος
3295 2394 3483 2446 τοῦτον
3524 2389 3635 2463 εἶχε
3681 2395 3774 2447 τὸν
3831 2415 4001 2470 χαρα-

2437 2488 2617 2557 κτῆρα
2652 2505 2665 2519 '
2695 2491 2934 2550 Λικίνιος
2963 2489 3342 2556 αὐτοκράτωρ,
3395 2487 3672 2556 μέγιστος,
3717 2487 4005 2548 σεδαστδς,

2438 2583 2549 2642 τοῖς
2579 2582 2716 2632 κατὰ
2739 2580 2834 2649 τὴν
2868 2583 3192 2648 οἰκουμένην
3224 2581 3482 2649 ἄρχουσιν
3513 2581 3724 2648 χαίρειν
3747 2597 3760 2608 ·
3793 2580 4012 2646 Ἐπειδὴ

2440 2674 2694 2743 ἐδιδάχθη
2733 2674 2764 2741 ἡ
2801 2673 3050 2741 ἡμετέρα
3082 2673 3313 2740 θειότης,
3348 2674 3427 2724 ὄτι
3460 2673 3601 2733 τινὲς
3636 2673 3746 2724 τῶν
3779 2672 4012 2740 λεγομέ-

2439 2783 2544 2817 νων
2577 2765 2921 2836 Χριστιανῶν
2956 2765 3016 2817 ού
3083 2764 3243 2834 μόνον
3294 2765 3355 2816 οὐ
3388 2764 3574 2816 Θύουσι
3631 2767 3742 2824 τοῖς
3784 2764 4012 2832 εὐεργέ-

2437 2876 2558 2919 ταις
2590 2857 2752 2920 θεοῖς,
2790 2859 2924 2912 ἀλλὰ
2979 2861 3070 2911 καὶ
3118 2857 3460 2924 ἐνυϐρίζουσι
3511 2859 3610 2930 τὴν
3665 2858 3869 2928 εὐσεϐῆ
3903 2858 4013 2910 τῶν

2441 2949 2578 3001 θεῶν
2641 2950 2967 3018 θρησκείαν,
3005 2951 3294 3012 πλείστους
3349 2949 3406 3000 δὲ
3452 2949 3608 3012 Θεοὺς
3657 2952 3753 3004 καὶ⁵
3798 2953 3857 3003 ὲν
3898 2949 4014 3013 νυξὶ

2441 3040 2767 3111 συνέτριψαν
2794 3041 3060 3110 προφάσει
3093 3042 3184 3093 τοῦ
3223 3041 3369 3093 θύειν
3396 3042 3599 3107 αὐτοῖς,
3629 3044 3724 3094 καὶ
3749 3043 4013 3102 πολλάκις

2441 3133 2796 3195 κολασθέντες
2825 3135 2886 3186 ού
2918 3135 3306 3205 μετετέθησαν,
3340 3136 3400 3186 οὐ
3432 3139 3618 3204 τιμαῖς
3645 3138 3910 3200 εἴξαντες,
3953 3139 4013 3188 οὐ

2441 3225 2590 3294 φόϐῳ
2625 3227 3100 3294 μεταπεισθέντες,
3141 3228 3229 3279 διὰ
3270 3227 3427 3279 τοῦτο
3474 3229 3684 3279 κελεύει
3726 3231 3788 3278 τδ
3817 3230 4014 3295 ἡμέτε-

2444 3335 2535 3388 ρον
2585 3319 2805 3389 κράτος,
2836 3319 2972 3372 ὅπου
3001 3318 3046 3370 δ’
3077 3319 3143 3372 ἂν
3193 3317 3467 3387 εὑρεθεῖεν
3506 3319 3845 3385 Χριστιανοὶ,
3892 3319 4015 3370 τού-

2442 3427 2564 3473 τους
2627 3411 2787 3464 θῦσαι
2851 3415 2962 3474 τοῖς
3016 3414 3177 3476 θεοῖς,
3224 3412 3320 3466 καὶ¹
3371 3413 3546 3482 τιμῶν
3588 3413 3866 3481 μεγίστων
3922 3413 4014 3464 καὶ

2439 3502 2656 3569 δωρεῶν
2695 3503 2988 3557 ἀπολαύειν
3022 3521 3036 3534 ·
3071 3506 3197 3566 τοὺς
3227 3506 3282 3558 δὲ
3321 3505 3393 3575 μὴ
3423 3507 3746 3567 πεισθέντας
3790 3506 3892 3558 σὺν
3922 3523 4016 3573 γυ-

2441 3596 2584 3659 ναιξὶ
2623 3599 2717 3648 καὶ
2771 3598 2980 3657 τέκνοις
3012 3600 3145 3664 πυρὶ
3177 3600 3267 3649 καὶ
3310 3599 3554 3668 μαχαίρᾳ
3593 3597 4012 3667 παραδίδοσθαι,

2439 3688 2536 3756 τὴν
2567 3689 2620 3740 δέ
2659 3703 2722 3754 γε
2751 3686 2985 3757 ὓπαρξιν
3030 3689 3210 3740 αὐτῶν
3257 3691 3435 3741 πᾶσαν
3470 3688 3901 3756 δημοσιευθῆναι
3937 3690 4016 3748 είς

2440 3780 2758 3848 ἐπιμέλειαν
2796 3781 2959 3844 ναῶν,
2989 3779 3097 3831 τῶν
3126 3781 3218 3833 ὑπ’
3249 3780 3428 3833 αὐτῶν
3455 3781 3626 3850 κλοπῇ
3657 3778 4016 3848 καθαιρεθέν-

2439 3887 2569 3934 των,
2599 3871 2691 3922 καὶ
2720 3871 2915 3939 τειχῶν
2948 3871 3041 3923 καὶ
3067 3871 3304 3940 λουτρῶν
3335 3869 3634 3938 δημοσίων.
3673 3868 3895 3928 nam;
3926 3862 4016 3919 οὖν

2439 3966 2500 4017 τὸ
2530 3962 2888 4030 ἀπαράϐατον
2913 3963 3010 4030 τῆς
3039 3963 3316 4030 ἡμετέρας
3345 3962 3649 4022 κελεύσεως
3694 3961 3861 4010 παντὶ
3894 3959 4010 4011 σθέ-

2441 4071 2520 4106 νει
2549 4054 2610 4105 τὸ
2659 4053 2999 4124 προσταχθὲν
3046 4056 3127 4117 είς
3166 4055 3324 4123 ἔργον
3377 4055 3659 4120 ἐνέγκατε,
3693 4053 3770 4115 ὡς
3815 4055 3890 4121 μὴ
3927 4055 4014 4105 καὶ

2441 4147 2585 4217 ὑμᾶς
2636 4149 3083 4216 συγκινδυνεύσαι
3125 4151 3236 4208 τοῖς
3275 4146 3627 4208 ἁθεωτάτοις.
3653 4144 3878 4198 Τούτων
3912 4147 4017 4199 τῶν

2439 4243 2878 4310 προσταγμάτων
2911 4240 3283 4309 προτεθέντων
3329 4243 3386 4291 ὲν
3423 4243 3542 4300 ταῖς
3571 4238 3862 4299 πλατείαις
3911 4239 4018 4289 τῶν

2441 4330 2672 4394 πόλεων,
2723 4332 2771 4380 οἱ
2827 4329 2972 4397 ἆγιοι
3025 4329 3320 4383 δούλοιτοῦ
3368 4329 3606 4400 Χριστοῦ
3651 4329 3898 4400 ἔχαιρον,
3930 4329 4019 4381 τὸν

2441 4424 2633 4489 καιρὸν
2658 4421 2750 4474 τοῦ
2786 4423 3089 4492 μαρτυρίου
3127 4423 3478 4490 σκοποῦντες.

2513 4515 2584 4568 B'.
2618 4517 2726 4568 Καὶ
2749 4516 2811 4584 δὴ
2835 4517 2928 4567 καὶ
2961 4519 3103 4587 ἐν’τῇ
3139 4515 3507 4569 Νικοπολιτῶν
3530 4515 3894 4584 προτεθέντος
3929 4515 4017 4565 τοῦ

2441 4610 2833 4677 διατάγματος,
2867 4612 2961 4662 καὶ
2990 4611 3098 4662 τῶν
3134 4610 3312 4677 φόϐων
3339 4611 3754 4678 ἐπισειομένων,
3793 4611 3886 4662 καὶ
3913 4611 4016 4661 τῶν

2444 4702 2816 4772 κολαστηρίων
2883 4701 3383 4770 εὐτρεπισθέντων,
3429 4700 3601 4767 ξύλων
3669 4700 3875 4770 ὀρθίων
3939 4705 4016 4762 εἰς

771 4789 983 4858 ungula:
998 4789 1189 4844 ferreae
1209 4799 1382 4843 acutae
1403 4789 1468 4842 ad
1488 4789 2110 4852 abrasionem,cassides
2134 4791 2332 4862 ignitae,
2364 4801 2383 4857 (

2443 4795 2978 4865 ἁνὰρτησιν,ὀνύχων
2998 4811 3054 4846 τε
3092 4794 3326 4862 σιδηρῶν
3361 4794 3614 4862 ἀκμαίων
3642 4794 3721 4856 εἰς
3755 4793 4012 4857 εῖσξεσιν,

768 4881 889 4934 olla:
921 4884 1214 4942 l'crventes,
1248 4891 1403 4942 rotae,
1432 4882 1593 4943 elavi,
1631 4884 1784 4935 nervi
1845 4882 2036 4936 bubuli
2071 4883 2332 4946 indurati,

768 4975 968 5042 aliique
992 4974 1270 5027 cruciatus
1299 4975 1626 5039 atrociores;
1651 4983 1706 5028 et
1733 4975 1862 5028 dum
1890 4976 2200 5030 advenisset
2226 4975 2334 5029 dux

769 5067 975 5134 Lysias,
1002 5067 1092 5120 ubi
1132 5065 1383 5120 universa
1407 5067 1830 5138 Armenimlegio
1863 5069 2054 5122 sortito
2084 5069 2333 5123 eratdis-

768 5159 996 5220 tributa,
1047 5161 1429 5227 comprehensi
1473 5171 1598 5214 sunt
1646 5162 1913 5226 nonnulli,
1945 5162 2038 5230 qui
2072 5161 2338 5216 Christia-

767 5263 869 5302 nos
888 5267 943 5305 se
965 5251 1338 5316 declarabant,
1379 5253 1636 5307 Leontius
1661 5263 1714 5306 et
1749 5254 2035 5308 Mauritius
2067 5265 2121 5308 et
2149 5255 2336 5309 Daniel

769 5340 872 5394 viri
911 5345 1172 5396 natalium
1199 5344 1490 5412 splendore
1539 5346 1846 5414 conspicui,
1876 5356 1930 5400 et
1965 5347 2335 5401 doctrinarum

767 5435 1098 5500 eruditione,
1139 5436 1367 5504 vitaaque
1402 5436 1468 5490 ad
1500 5437 1703 5492 Christi
1733 5437 1876 5506 leges
1904 5439 2337 5493 conformatione

839 5591 915 5655 (l)
969 5589 1079 5642 Isto
1120 5593 1393 5664 quondam
1431 5594 1588 5646 titulo
1623 5596 1982 5664 imperatores
2006 5595 2172 5649 fuisse
2199 5611 2336 5648 nun-

770 5671 1030 5733 cupatos,
1089 5663 1364 5731 colligitur
1425 5680 1488 5716 ex
1558 5663 1786 5733 epistola
1848 5665 2204 5718 Valentiniani
2271 5666 2336 5718 all

767 5731 1137 5785 Theodosium
1191 5731 1759 5804 imperatorem'data,
1810 5752 1928 5804 qum
1984 5745 2069 5789 cst
2112 5752 2338 5788 numero

2446 4888 2540 4940 καὶ
2571 4887 2840 4940 κασσίδων
2874 4887 3415 4955 πεπυρακτωμένων,
3458 4886 3709 4955 τηγάνων
3754 4887 3852 4936 καὶ
3896 4903 4015 4954 τρο-

2443 4979 2576 5049 χῶν,
2629 4980 2720 5030 καὶ
2761 4978 2924 5047 ἥλων,
2959 4980 3050 5030 καὶ
3081 4977 3384 5048 βουνεύρων
3430 4977 3630 5046 ξηρῶν,
3679 4978 3773 5028 καὶ
3807 4977 4013 5046 ἑτέρων

2443 5069 2836 5140 χαλεπωτέρων
2872 5071 3263 5139 κολαστηρίων,
3301 5073 3395 5122 καὶ
3435 5069 3886 5140 παραγενομένου
3923 5068 4010 5120 τοῦ

2443 5162 2632 5223 δουκδς
2660 5162 2856 5221 Λυσία,
2903 5155 3055 5228 ᾧπερ
3085 5158 3151 5230 ἦν
3188 5161 3692 5230 ἁποκεκληρωμένη
3735 5163 3766 5229 ὴ
3811 5161 4013 5226 λεγεὼν

2443 5256 2591 5306 πᾶσα
2649 5256 2680 5322 ἠ
2729 5255 3044 5323 Ἀρμενίας,
3103 5255 3514 5324 συνελήφθησάν
3565 5273 3729 5319 τινες,
3781 5258 4011 5318 ἑαυτοὺς

2443 5347 2778 5416 καταδήλους
2809 5350 3156 5416 ποιήσαντες,
3191 5349 3270 5399 ὅτι
3303 5350 3620 5418 Χριστιανοί
3646 5350 3807 5411 alat-2,
3847 5351 4012 5402 Λεόν-

2439 5456 2554 5502 τιος
2608 5439 2701 5492 καὶ
2743 5441 3067 5508 Μαυρίκιος,
3120 5441 3212 5492 καὶ
3257 5442 3476 5513 Δανιὴλ,
3513 5443 3704 5513 ἄνδρες
3751 5445 4015 5514 ἐπίσημοι

2448 5597 2941 5724 ξίςὲἓὶηιέιηρὶηιο,
2962 5610 3015 5653 et
3035 5599 3269 5656 habetur
3284 5611 3436 5671 parte
3466 5604 3720 5659 Iconcilii
3755 5604 4017 5661 Chalced.
