4188 6310
181 307 284 370 325

1135 310 1598 371 MARTYRIUM
1643 310 1746 371 SS.
1791 312 1939 369 XLV
1983 309 2437 370 MAR'I‘YRUM.

3307 309 3415 373 326

176 419 284 472 τῶν
319 420 377 472 ὲν
407 421 472 490 τῇ
501 419 649 474 πόλει
681 422 828 489 γένει
878 437 934 473 τε
975 422 1066 474 καὶ
1115 423 1392 476 παιδεύσει
1443 423 1619 490 λόγων
1652 425 1738 476 καὶ

1853 424 2190 485 illustres,ct
2223 439 2328 476 una
2353 437 2476 475 cum
2517 421 2648 491 ipsis
2695 421 3052 492 quadraginta
3087 422 3199 488 alii,
3259 420 3421 478 Chri-

179 510 280 580 βίῳ
313 512 452 565 κατά
484 513 718 583 Χριστὸν
757 511 1170 582 διαπρέποντες,
1207 514 1303 566 σὺν
1331 514 1516 575 αὐτοῖς
1564 514 1621 565 δὲ
1653 516 1744 565 καὶ

176 602 351 672 ἕτεροί
385 620 443 655 τε
501 603 553 671 μ’
586 604 834 672 λέγοντες
893 605 1119 668 ἑαυτοὺς
1169 601 1312 658 εἶναι
1359 606 1742 675 Χριστιανοὺς,

177 696 270 746 καὶ
320 696 792 766 αὖτοπροαιρέτως
846 697 1201 765 προελθόντες
1259 700 1334 768 τῷ
1398 700 1594 770 Λυσίᾳ.
1644 702 1739 762 Ὃς

178 784 513 854 θεασάμενος
555 788 650 856 τὴν
691 788 961 856 τοσαύτην
1013 789 1120 841 τῶν
1150 791 1361 860 ἀνδρῶν
1413 792 1740 859 προθυμίαν,

174 875 360 945 ἠρώτα
399 879 613 942 αὐτοὺς,
645 879 818 945 λέγων
843 895 857 908 ⁸
891 880 1062 933 Πόθεν
1096 881 1219 934 ἐστέ
1251 901 1264 948 ;
1297 883 1391 936 καὶ
1431 885 1511 946 τίς
1541 886 1685 936 ἐστιν
1715 883 1742 934 6

175 969 370 1030 πείσας
396 970 538 1036 ὑμᾶς
575 970 649 1040 μὴ
697 971 962 1035 εὐσεϐεῖν,
997 976 1130 1040 μήτε
1159 972 1305 1025 θύειν
1328 977 1439 1036 τοῖς
1467 974 1606 1037 θεοῖς
1630 978 1741 1038 τοῖς

173 1061 485 1130 οὐρανίοιςς
544 1062 600 1113 '0
635 1064 785 1129 ἅγιος
822 1065 1068 1125 Λεόντιος
1088 1064 1236 1130 λέγει
1260 1082 1273 1096 ·
1325 1066 1513 1133 Ἡμεῖς
1544 1068 1742 1130 πάντες

174 1154 490 1220 Χριστιανοί
550 1157 737 1223 ἐσμεν.
795 1157 904 1209 Καὶ
938 1157 986 1208 οἱ
1049 1155 1150 1223 μὲν
1185 1158 1283 1226 τὴν
1330 1160 1486 1212 πόλιν
1539 1159 1742 1227 ταύτην

172 1246 448 1313 οἰκοῦμεν,
478 1249 525 1299 οῖ
559 1248 614 1300 δὲ
636 1249 728 1300 καὶ
761 1249 822 1300 ἐκ
855 1248 952 1316 τῆς
986 1251 1168 1320 χώρας
1208 1253 1304 1319 τῆς
1337 1250 1440 1303 ὑπὸ
1469 1251 1563 1321 τὴν
1591 1248 1741 1302 πόλιν

172 1335 480 1407 ῶρμηνται.
535 1339 643 1392 Καὶ
675 1341 875 1407 πατρὶς
921 1341 1020 1408 μὲν
1054 1343 1182 1410 ἡμῖν
1222 1340 1359 1409 αὕτη
1401 1343 1431 1408 ἠ
1477 1340 1738 1404 ἐπίγειος,

173 1430 352 1498 πατὴρ
382 1430 438 1482 δὲ
469 1430 705 1500 Χριστὸς
733 1434 758 1483 ὀ
790 1431 1113 1499 ἐπουράνιος
1137 1448 1151 1461 ⁸
1185 1433 1279 1485 καὶ
1311 1433 1472 1494 αὑτός
1523 1434 1670 1483 ἐστιν
1714 1433 1741 1482 6

168 1518 386 1582 διδάξας
420 1523 569 1590 ἡμᾶς
597 1524 689 1573 καὶ
723 1521 916 1582 πείσας
975 1522 1115 1584 θεοῖς
1151 1524 1372 1589 κούφοις
1404 1525 1495 1574 καὶ
1518 1522 1740 1590 τυφλοῖς

173 1612 248 1679 μή
279 1611 586 1677 λατρεύειν,
619 1615 756 1681 μήτε
789 1614 972 1683 ἔργοις
1006 1614 1203 1684 χειρῶν
1225 1613 1530 1683 ἀνθρώπων
1567 1630 1738 1682 προσ-

171 1719 376 1756 κννειν.

241 1793 316 1844 Γ’.
381 1795 586 1857 Λυσίας
637 1792 830 1848 εἶπεν·
867 1796 977 1849 Καὶ
1027 1797 1130 1850 ποῦ
1197 1800 1347 1851 ἐστιν
1399 1801 1426 1852 6
1469 1798 1738 1868 Χριστός;
1777 1785 1816 1838 Β

170 1886 307 1953 Οὐχὶ
343 1887 663 1958 ἐσταυρώθη
704 1890 796 1941 καὶ
830 1890 1131 1956 ἀπέθανεν;
1175 1891 1233 1942 '0
1290 1892 1445 1958 ἅγιος
1493 1893 1740 1952 Λεόντιος

169 1976 319 2042 λέγει
349 1992 363 2006 ”
391 1978 480 2047 Μὴ
510 1979 670 2047 μόνον
709 1979 770 2032 τὸ
800 1978 1071 2033 ἀπέθανεν
1103 1979 1378 2042 ἀκούσεις,
1409 1980 1525 2033 ἀλλ’
1556 1981 1738 2049 ἐννοή-

169 2068 294 2138 θητι
326 2070 406 2122 ὅτι
439 2073 530 2123 καὶ
562 2070 771 2141 ἠγέρθη
806 2073 899 2123 καὶ
930 2071 1037 2133 ζῶν
1062 2072 1209 2124 ἐστιν
1239 2073 1295 2124 ὲν
1325 2075 1435 2134 τοῖς
1456 2073 1702 2142 οὐρανοῖς
1725 2088 1737 2102 ·

168 2161 313 2213 ἑκὼν
343 2162 448 2231 γὰρ
476 2163 751 2215 ἀπέθανεν
791 2163 855 2214 δι’
884 2164 1053 2234 ἡμᾶς,
1082 2165 1176 2216 καὶ
1207 2166 1369 2219 πάλιν
1405 2167 1634 2236 ἠγέρθη,
1667 2167 1740 2228 ὡς

170 2253 283 2311 υἱὸς
309 2252 382 2306 ῶν
413 2254 518 2305 τοῦ·
535 2253 694 2307 Θεοῦ.
718 2254 922 2318 Λυσίας
953 2252 1105 2308 εἶπεν
1131 2274 1144 2286 ·
1183 2258 1394 2310 Οὐκοῦν
1422 2257 1485 2327 ζῇ
1517 2257 1646 2319 νῦν;
1686 2258 1740 2311 Ὀ

168 2345 327 2414 ἆγιος
382 2346 634 2408 Λεόντιος
680 2346 860 2409 λέγει·
893 2340 937 2399 ὦ
976 2348 1274 2410 Λυσία,-οῖ
1329 2350 1581 2417 ὑμέτεροι
1629 2350 1741 2402 θεοὶ

167 2436 536 2499 ἀποθανόντες
567 2439 629 2490 οὐ
661 2438 829 2502 ζῶσιν
857 2455 870 2469 ο
899 2441 926 2491 6
967 2440 1021 2491 δὲ
1051 2442 1318 2510 ἡμέτερος
1341 2441 1617 2509 Δεσπότης
1648 2442 1742 2493 καὶ

166 2530 324 2592 Θεὸς,
356 2532 383 2581 6
429 2530 495 2580 τὰ
532 2530 710 2580 πάντα
743 2532 808 2599 τῇ
847 2530 950 2599 ἰδίᾳ
975 2529 1124 2600 δεξιᾷ
1172 2534 1546 2601 καταρτήσας,
1579 2533 1742 2602 οὐρα-

166 2617 279 2682 νὸν,
314 2617 438 2686 γῆν,
478 2617 775 2680 θάλασσαν,
820 2620 915 2669 καὶ
956 2621 1166 2681 πάντας
1204 2620 1548 2689 ἀνθρώπους,
1601 2623 1739 2692 ὑπὲρ

168 2707 331 2776 ἡμῶν
379 2708 674 2773 ἀπέθανεν,
710 2707 793 2758 ἵνα
825 2709 973 2776 ἡμᾶς
999 2708 1296 2778 ἀποσπάσῃ
1332 2708 1431 2776 τῆς
1457 2708 1739 2760 εἰδωλολα-

167 2799 397 2869 τρείας’
450 2800 656 2860 ἐκεῖνος
710 2799 801 2867 ζῇ,
835 2799 929 2851 καὶ
970 2800 1115 2867 ἡμᾶς
1170 2797 1408 2861 ἐδίδαξεν
1463 2799 1739 2866 ὑπεραπο-

165 2888 422 2957 θνήσκειν
470 2887 659 2953 αὑτοῦ,
688 2890 774 2940 ἵνα
826 2890 918 2940 καὶ
965 2892 1149 2960 ἡμεῖς,
1185 2891 1567 2956 ἀποθανόντες,
1612 2909 1738 2943 συν-

165 2979 430 3047 ζήσωμεν
461 2978 631 3046 αὐτῷ.
665 2980 871 3040 Λυσίας
926 2977 1079 3031 εἶπεν
1105 2998 1118 3010 ·
1183 2983 1315 3050 Οὐχὶ
1355 2981 1560 3036 δώδεκά
1601 2985 1739 3036 εἰσιν

166 3070 286 3124 θεοὶ
320 3070 603 3140 οὐράνιοι;
647 3071 798 3121 ποῖον
833 3066 924 3122 οὖν
963 3072 1027 3123 σὺ
1069 3070 1247 3138 λέγεις
1281 3073 1465 3141 ἕτερον
1491 3074 1642 3137 Θεὸν,
1680 3075 1738 3138 ὃς

164 3168 425 3237 ἐποίησεν
447 3164 698 3235 οὐρανὸν,
729 3165 822 3217 καὶ
849 3163 975 3234 γῆν,
1011 3166 1105 3217 καὶ
1133 3164 1407 3218 θάλασσαν
1436 3184 1450 3232 ;
1493 3165 1549 3218 '0
1585 3167 1738 3232 ᾶγιος

164 3263 423 3323 Λεόντιος
449 3260 596 3328 λέγει
624 3277 638 3291 ο
671 3260 820 3312 Ποῖοί
848 3261 986 3311 εέσιν
1046 3260 1093 3310 οῖ
1146 3257 1257 3311 θεοὶ
1313 3259 1499 3326 ὑμῶν;
1535 3261 1738 3324 Λυσίας

163 3353 317 3418 λέγει
347 3366 360 3379 ·
397 3352 551 3413 Ζεὺς,
590 3351 683 3402 καὶ
716 3349 1014 3413 Ἁπόλλων,
1043 3350 1137 3402 καὶ
1179 3351 1526 3421 ’Λσκληπιὸς,
1567 3355 1659 3405 καὶ
1691 3353 1738 3404 οἱ

162 3445 341 3505 ἄλλοι,
372 3440 465 3502 οὓς
506 3441 654 3492 σέϐει
700 3442 730 3508 ἡ
767 3439 1050 3509 σύμπασα.
1098 3441 1157 3492 '0
1182 3439 1337 3506 ἅγιος
1370 3443 1620 3504 Λεόντιος
1655 3444 1738 3495 λέ-

161 3550 252 3601 γει
281 3549 295 3563 ’
329 3532 463 3594 Ζεὺς
512 3526 604 3584 οὖν
661 3531 780 3593 θεός
841 3530 1031 3596 tactv;
1092 3530 1297 3592 Λυσίας
1343 3525 1532 3583 εἶπεν·
1579 3533 1734 3595 Οὐαὶ,

161 3625 446 3696 ιμμάνης,
483 3623 736 3693 ἄνθρωπε
771 3621 1132 3691 βλασφημῶν
1173 3622 1334 3683 αὑτός
1370 3623 1516 3673 ἐστιν
1549 3624 1574 3674 6
1604 3640 1739 3693 κρα-

159 3717 274 3769 τῶν
307 3718 434 3776 τοὺς
474 3716 762 3783 οὐρανοὺς,
799 3714 983 3781 πατὴρ
1015 3712 1227 3782 ἀνδρῶν
1264 3731 1320 3765 τε
1360 3715 1452 3765 καὶ
1482 3715 1638 3768 θεῶν.
1682 3715 1738 3768 '0

161 3812 322 3877 ἅγιος
381 3810 633 3868 Λεόντιος
683 3808 831 3872 λέγει
862 3825 874 3838 ι
909 3807 968 3857 Εἰ
1015 3803 1107 3859 οὖν
1153 3806 1272 3868 θεός
1332 3811 1480 3860 ἐστιν
1532 3811 1560 3861 6
1603 3810 1737 3872 Ζεὺς

162 3901 410 3964 πάντως,
446 3901 527 3951 ὅτι
561 3899 654 3948 καὶ
686 3897 903 3966 ἰσχιδρός
939 3899 1104 3960 ἐστιν,
1140 3901 1231 3947 καὶ
1265 3898 1418 3964 ὑμῶν
1450 3901 1554 3949 τῶν
1593 3901 1736 3951 ἐκδί-

160 4010 278 4047 κων
311 3989 370 4044 οὐ
399 3988 593 4059 χρῄζει
620 3987 988 4056 ἀσεϐούμενος
1013 4003 1025 4015 ’
1065 3986 1281 4050 πάντως
1311 3987 1366 4040 δὲ
1406 3991 1497 4041 καὶ
1529 3988 1738 4053 δίκαιός

159 4088 301 4148 ἐστι,
367 4085 461 4136 καὶ
523 4081 928 4150 μισοπόνηρος,
984 4078 1160 4143 μισῶν
1234 4081 1500 4150 μοιχείαν,
1566 4080 1736 4149 μισῶν

160 4176 447 4246 πορνείαν,
517 4171 690 4242 μισῶν
739 4169 1150 4240 ἀρῤητοποιίαν.
1211 4171 1384 4237 μισῶν
1441 4173 1739 4239 ἀδελφογα-

161 4270 320 4339 μίαν,
353 4264 525 4336 μισῶν
557 4262 848 4332 πολέμους,
892 4259 984 4314 καὶ
1015 4259 1188 4328 φιλῶν
1237 4262 1483 4332 εἰρήνην.
1530 4261 1586 4316 'U
1630 4265 1737 4334 γὰρ

158 4364 296 4422 Θεὸς
344 4357 552 4426 ὀφείλει
604 4355 808 4416 τέλειος
841 4349 1005 4417 εἶναι,
1035 4356 1128 4406 καὶ
1157 4356 1486 4425 ἀπροσδεὴς,
1523 4358 1613 4410 καί
1640 4358 1735 4408 ἀν-

1849 516 2057 570 stianos
2085 533 2141 570 se
2167 517 2484 570 dictitantes
2519 518 2663 570 ultro
2686 517 2752 569 ad
2804 516 3017 586 Lysiam
3041 527 3418 572 accesserunt.

1845 607 1946 672 Qui
1977 610 2140 662 talem
2175 609 2228 661 in
2253 608 2382 661 viris
2408 609 2808 676 contemplatus
2833 609 2998 661 animi
3036 606 3416 662 celsitudinem

1845 708 2221 768 percontatus,
2246 699 2368 754 illos
2396 707 2501 760 est,
2537 698 2727 752 dicens
2754 716 2766 752 :
2790 697 3010 769 Cujates
3038 700 3194 762 estis,
3213 707 3269 752 et
3294 698 3432 767 quis,

1845 799 2039 844 auctor
2064 791 2224 844 vobis
2250 799 2352 853 est,
2388 805 2456 844 ne
2484 791 2690 844 cultum
2735 799 2830 844 aut
2881 791 3212 845 sacrificium
3250 790 3418 845 defe-

1845 879 1978 934 ratis
2013 879 2116 933 diis
2139 879 2490 935 cmlestibus?
2522 877 2622 934 Cui
2678 889 2898 934 sanctus
2926 879 3192 934 Leontius
3233 899 3247 934 :
3285 880 3419 933 Om-

1844 983 1942 1022 nes
1974 983 2076 1021 nos
2128 967 2428 1023 Christiani
2482 984 2693 1036 sumus,
2731 981 2788 1025 et
2821 985 2923 1025 nos
2967 971 3188 1040 quidem
3225 971 3418 1025 urbem

1845 1058 1985 1112 hanc
2008 1059 2321 1123 incolimus,
2343 1060 2419 1114 illi
2445 1075 2575 1114 vero
2593 1077 2621 1113 e
2653 1062 2894 1130 regione,
2921 1079 3040 1129 qua:
3061 1063 3183 1116 urbi
3205 1063 3414 1125 subest,

1844 1150 2208 1206 advenerunt.
2249 1152 2314 1204 Et
2347 1153 2521 1222 patria
2551 1151 2771 1222 quidem
2816 1156 3093 1210 terrestris
3134 1156 3296 1211 nobis
3329 1173 3418 1212 ea-

1843 1241 1965 1295 dem
2003 1250 2104 1306 est,
2140 1243 2300 1297 Pater
2344 1258 2475 1298 vero
2509 1245 2748 1299 caelestis
2777 1243 3058 1311 Christus;
3107 1257 3270 1316 atque
3326 1249 3418 1303 hic

1842 1345 1946 1400 est,
1970 1336 2063 1405 qui
2094 1352 2193 1392 nos
2216 1336 2421 1400 docuit,
2454 1346 2510 1393 et
2538 1340 2812 1408 persuasit
2837 1342 2969 1396 deos
2995 1350 3176 1396 mutos
3220 1358 3282 1397 ac
3316 1358 3420 1397 ca:-

1842 1443 1936 1482 cos
1963 1443 2073 1482 non
2107 1428 2309 1495 colere,
2339 1445 2442 1485 nec
2471 1446 2636 1500 opera
2695 1449 2954 1487 manuum
2990 1435 3274 1489 hominum
3312 1436 3416 1489 ad-

1842 1537 2018 1580 orare.

1918 1789 2007 1844 Ill.
2032 1791 2177 1846 Dixit
2204 1792 2393 1863 Lysias
2432 1793 2703 1848 :Ubinam
2756 1801 2838 1846 est
2904 1793 3194 1848 Christus?
3241 1794 3416 1848 Num-

1843 1883 1974 1949 quid
1993 1887 2141 1937 cruci
2163 1884 2360 1938 afftxus
2377 1894 2428 1939 et
2446 1895 2694 1938 mortuus
2721 1884 2843 1939 est?
2866 1885 2965 1938 Cui
2990 1894 3213 1940 sanctus
3237 1886 3413 1940 Leon-

1844 1973 1991 2026 tius:
2031 1973 2149 2028 Non
2180 1975 2358 2030 solum
2388 1975 2516 2030 audi
2561 1985 2839 2029 mortuum
2865 1991 3006 2040 esse,
3069 1977 3164 2032 sed
3223 1993 3414 2032 resur-

1842 2065 2048 2119 rcxissc
2077 2066 2386 2131 considera,
2425 2076 2479 2120 et
2531 2069 2717 2121 vivere
2781 2068 2838 2120 in
2881 2069 3066 2132 cmlis;
3125 2069 3221 2121 sed
3264 2069 3411 2121 enim

1843 2167 2094 2211 mortuus
2115 2166 2198 2211 est
2234 2158 2414 2212 libens
2440 2167 2663 2227 propter
2695 2173 2814 2222 nos,
2840 2166 2893 2212 et
2941 2159 3139 2212 iterum
3170 2175 3415 2214 resurre-

1842 2248 1940 2312 xit,
1998 2259 2254 2317 tanquam
2301 2251 2570 2304 exsistens
2608 2250 2777 2304 Filius
2828 2251 2943 2305 Dei.
2991 2251 3137 2305 Dixit
3179 2252 3412 2322 Lysias:

1841 2341 2048 2410 Nempe
2077 2343 2243 2395 etiam
2277 2357 2423 2395 nunc
2454 2341 2630 2395 vivit?
2657 2343 2753 2396 Cui
2786 2351 3008 2397 sanctus
3045 2343 3306 2396 Leontius
3333 2342 3415 2398 :0

1842 2433 2022 2506 Lysia,
2051 2435 2124 2488 dii
2154 2433 2352 2494 vestri,
2383 2443 2671 2504 postquam
2724 2435 2926 2489 mortui
2965 2446 3117 2500 sunt,
3181 2452 3289 2489 non
3335 2436 3416 2490 vi-

1843 2535 2016 2590 vunt;
2044 2536 2096 2578 at
2126 2542 2255 2579 vero
2285 2527 2548 2580 Dominus
2579 2535 2764 2580 noster
2790 2541 2852 2580 ac
2878 2527 3043 2589 Deus,
3069 2527 3162 2596 qui
3189 2527 3414 2581 dextera

1842 2632 1938 2671 sua
1965 2619 2233 2687 gubernat
2268 2620 2474 2680 omnia.
2512 2619 2736 2684 caelum,
2771 2626 2995 2681 terram,
3029 2635 3177 2672 mare
3206 2629 3260 2672 et
3308 2619 3414 2673 ho-

1841 2712 2018 2765 mines
2052 2726 2264 2774 omnes,
2291 2727 2390 2779 pro
2421 2711 2599 2774 nobis,
2667 2720 2918 2764 mortuus
2947 2721 3051 2774 ρει,
3109 2719 3163 2762 ιιι
3198 2726 3298 2764 nos
3347 2726 3414 2764 ex

1841 2799 2115 2852 idolorum
2145 2801 2293 2855 cultu
2326 2801 2658 2854 extraheret.
2714 2800 2860 2853 Vivit
2895 2801 2963 2862 is,
3011 2790 3274 2853 etdocuit
3315 2815 3416 2855 nos

1841 2906 1941 2961 pro
1970 2907 2027 2946 se
2059 2894 2220 2956 mori,
2250 2903 2310 2946 ut
2341 2893 2566 2956 mortui,
2615 2907 2737 2946 cum
2791 2892 2884 2944 illo
2946 2892 3210 2944 vivamus.
3270 2891 3414 2945 Dixit

1840 2980 2030 3053 Lysias
2073 2999 2088 3033 :
2133 2983 2325 3037 Nonne
2362 2982 2652 3036 duodecim
2682 2981 2757 3035 dii
2784 2983 3037 3037 caelestes
3075 2983 3235 3037 sunt?
3269 2983 3412 3049 Qua-

1843 3074 1951 3128 lem
1982 3090 2111 3145 ergo
2137 3086 2192 3128 tu
2211 3075 2379 3129 alium
2417 3075 2557 3128 dicis
2583 3075 2777 3141 Deum,
2818 3077 2910 3144 qui
2953 3074 3081 3128 fecit
3112 3075 3311 3129 callum
3360 3083 3416 3128 et

1849 3176 2046 3220 terram
2082 3177 2138 3220 et
2168 3165 2354 3220 mare?
2391 3165 2624 3220 Sanctus
2658 3166 2922 3220 Leontius
2965 3167 3141 3219 dixit:
3179 3166 3415 3230 Quinam

1841 3257 1918 3310 dii
1952 3258 2113 3310 vestri
2139 3257 2309 3311 sunt?
2340 3257 2528 3326 Lysias
2555 3258 2725 3310 dixit:
2762 3259 2990 3326 insuper
3017 3267 3071 3311 et
3113 3259 3304 3326 Apollo
3359 3267 3417 3311 et

1839 3347 2209 3418 IEsculapius,
2229 3347 2454 3416 aliique,
2474 3363 2614 3418 quos
2636 3347 2784 3402 orbis
2799 3348 2929 3402 colit
2949 3348 3258 3401 universus.
3280 3347 3416 3402 Sau-

1842 3452 1962 3497 ctus
1990 3442 2253 3496 Leontius
2284 3443 2423 3495 dixit
2459 3461 2471 3495 :
2500 3441 2714 3510 Jupiter
2740 3456 2872 3511 ergo
2907 3441 3052 3496 Deus
3077 3442 3197 3495 est?
3226 3440 3416 3511 Lysias

1840 3536 1976 3587 dixit
1999 3552 2014 3588 :
2040 3537 2181 3587 Vah!
2219 3535 2445 3598 insanis,
2473 3535 2637 3586 homo
2665 3535 2982 3601 blaspheme
3011 3552 3022 3586 :
3051 3536 3167 3601 ipse
3189 3545 3293 3594 est,
3320 3533 3413 3602 qui

1840 3627 2011 3682 caelos
2038 3635 2206 3688 tenet.
2239 3626 2636 3695 hominumque
2670 3635 2822 3696 pater
2873 3635 2928 3680 et
2958 3626 3208 3680 deorum.
3275 3625 3414 3680 San-

1839 3732 1958 3774 ctus
1987 3721 2249 3775 Leontius
2269 3722 2443 3774 dixit:
2480 3720 2534 3773 Si
2559 3721 2724 3790 igitur
2749 3719 2884 3773 deus
2914 3730 2996 3774 est
3018 3719 3255 3789 Jupiter,
3285 3720 3412 3789 quia

1839 3812 2064 3866 omnino
2093 3813 2376 3880 fortis.est,
2403 3812 2560 3865 vobis
2589 3811 2994 3872 defensoribus,
3028 3810 3246 3878 quando
3275 3811 3412 3877 inju-

1840 3906 1924 3959 ria
1957 3905 2197 3971 latditur,
2228 3921 2339 3958 non
2369 3906 2609 3974 indiget;
2646 3904 3066 3973 omninojustus
3092 3912 3176 3958 est
3205 3914 3260 3957 et
3285 3903 3412 3957 mali

1839 4013 1987 4062 osor,
2021 4013 2148 4052 osor
2176 3999 2575 4062 fornicationis,
2634 4013 2762 4052 osor
2807 3996 3085 4060 adulterii,
3139 4011 3268 4050 osor
3311 3996 3412 4050 ob-

1840 4093 2126 4145 scenitatis
2161 4091 2430 4153 nefandae,
2486 4105 2615 4142 osor
2649 4091 2911 4151 incestus,
2954 4103 3082 4142 osor
3141 4089 3411 4142 bellorum

1839 4194 1894 4238 et
1915 4199 2105 4239 amans
2135 4184 2302 4253 pacis.
2337 4182 2552 4236 Etenim
2587 4182 2729 4235 Deus
2759 4182 3033 4250 perfectus
3067 4183 3139 4237 sit
3171 4192 3410 4251 oportet,

1838 4278 2210 4347 egestatisque
2265 4291 2329 4330 ac
2384 4276 2591 4344 peccati
2651 4290 2888 4343 expers:
2954 4291 3079 4327 nam
3119 4275 3164 4329 si
3226 4283 3412 4344 peccat

1841 4374 1976 4426 deus
2005 4379 2208 4433 vester,
2239 4377 2493 4438 peccator
2516 4377 2632 4431 est;
2658 4377 2712 4419 et
2759 4367 2868 4419 Deo
2896 4378 3018 4435 eget
3068 4369 3239 4423 altero
3288 4383 3414 4437 pee—

158 4452 506 4522 αμάρτητος.
556 4446 681 4500 Ἐὰν
731 4447 839 4514 γὰρ
884 4445 1106 4516 ἁμάρτῃ
1147 4448 1174 4496 6
1211 4446 1328 4506 θεὸς
1359 4446 1532 4514 ὑμῶν,
1581 4449 1731 4501 ἐστὶν

1841 4478 1963 4518 care
1994 4462 2200 4524 nescio,
2240 4461 2306 4513 ad
2342 4458 2781 4514 emendationem
2810 4474 2987 4512 suam.

158 4543 510 4616 ἁμαρτωλὸς,
536 4541 627 4593 καὶ
654 4539 814 4594 ἄλλου
842 4537 975 4591 Θεοῦ
1001 4538 1186 4607 χρείαν
1214 4538 1326 4608 ἔχει
1349 4538 1734 4608 ἀναμαρτητου

157 4641 237 4699 εἰς
273 4636 559 4703 διόρθωσιν
589 4631 801 4684 ἑαυτοῦ.

227 4733 305 4782 Δ’.
339 4728 546 4788 Λυσίας
576 4720 729 4776 εἷπεν
752 4739 765 4753 ·
797 4724 867 4774 Σὺ
919 4717 972 4774 εἴ
999 4724 1025 4773 6
1057 4722 1294 4786 δικάζων
1330 4724 1398 4777 τὰ
1427 4724 1537 4778 τῶν
1573 4725 1735 4792 θεῶν,

154 4816 312 4889 κακὴ
340 4817 581 4885 κεφαλῆς
614 4814 705 4868 M1
738 4815 836 4882 τὴν
869 4812 1143 4883 σωτηρίαν
1174 4811 1281 4863 τῶν
1313 4811 1474 4880 θεῶν,
1515 4815 1608 4867 καὶ
1637 4816 1736 4885 τὴν

153 4911 326 4981 ἐμὴν,
354 4907 537 4968 κακῶς
568 4907 1015 4981 ἀπολέσω-ὑμᾶς.
1068 4906 1124 4958 'U
1172 4905 1327 4974 ἆγιος
1362 4907 1612 4970 Λεόντιος
1648 4908 1735 4960 λέ-

152 5019 287 5070 γει’
340 5000 432 5070 Μὴ
495 4978 792 5065 ἀγανάκτει
850 4999 947 5063 τὴν
1005 4997 1264 5066 ἀλήθειαν
1313 5000 1564 5052 ἀκούων
1623 5002 1736 5063 τοῖς

151 5093 473 5161 ἀνθρώποις
501 5093 634 5144 πᾶσι
670 5091 823 5156 νόμοι
877 5091 1166 5154 τέθεινται,
1198 5092 1245 5144 ot
1282 5092 1379 5161 μὲν
1420 5091 1651 5157 λογικοὶ,
1685 5094 1735 5145 οἱ

150 5186 212 5239 δὲ
269 5186 513 5252 φυσικοὶ,
571 5185 647 5246 ὼς
696 5184 754 5236 οὐ
804 5182 909 5252 χρὴ
957 5182 1242 5252 ἄνθρωπον
1278 5184 1561 5251 ἀλλοτρίαν
1593 5183 1736 5253 ἔχειν

151 5279 420 5346 γυναῖκα,
449 5273 573 5327 οὔτε
597 5275 1013 5343 ἀδελφογαμεῖν,
1045 5274 1165 5327 οὗτε
1192 5274 1462 5344 πολέμους
1492 5277 1734 5346 ἀγαπᾷν,

153 5372 256 5424 καὶ
291 5370 568 5438 προξενεῖν
598 5367 818 5437 ὄλεθρον
851 5370 960 5430 τοῖς
989 5368 1323 5435 ἀνθρώποις.
1353 5370 1520 5437 Εἴπερ
1556 5370 1734 5435 σωτῆ-

157 5477 266 5532 ρας
313 5462 511 5520 αὐτοὺς
552 5457 765 5518 -καλεῖς,
798 5457 1027 5524 ῶφειλον
1053 5459 1254 5524 μᾶλλον
1287 5461 1349 5508 ἐκ
1378 5461 1471 5527 τῆς
1511 5461 1733 5526 εἰρήνης

152 5552 381 5613 σώζειν,
428 5553 521 5600 καὶ
554 5549 958 5614 περιποιεῖσθαι
987 5551 1110 5609 τοὺς
1142 5549 1484 5615 σεϐομένους.
1526 5550 1583 5598 Ei
1609 5551 1661 5599 δὲ
1705 5552 1731 5600 6

147 5644 281 5701 θεὸς
335 5641 489 5706 ὑμῶν
529 5639 751 5688 τοιαῦτα
799 5637 1208 5704 διαπράττεται,
1245 5637 1488 5692 καὶτοὺς
1525 5637 1730 5702 ἀνθρώ-

147 5747 292 5790 πους
325 5729 571 5782 πεισάτω
597 5727 755 5777 λῦσαι
785 5728 909 5785 τοὺς
945 5727 1139 5791 νόμους
1166 5743 1178 5754 ·
1271 5728 1360 5776 καὶ
1401 5726 1474 5784 ὡς
1517 5724 1720 5792 ἄνθρω-

1907 4729 1993 4784 ιν.
2032 4727 2218 4799 Lysias
2244 4727 2379 4780 dixit
2413 4744 2425 4779 :
2454 4725 2533 4780 Tu
2583 4741 2802 4781 causam
2852 4725 3000 4784 dicis
3047 4743 3241 4784 eorum
3289 4745 3411 4800 quae

1838 4820 1904 4874 ad
1940 4821 2074 4875 deos
2100 4820 2354 4881 attinent,
2416 4819 2616 4871 malum
2681 4817 2887 4888 caput?
2919 4819 3020 4873 Per
3075 4820 3305 4875 deorum
3355 4835 3410 4877 et

1838 4927 2015 4966 meam
2049 4913 2305 4976 salutem,
2349 4911 2486 4964 male
2517 4925 2610 4965 vos
2648 4913 2890 4979 perdam.
2948 4911 3179 4967 Sanetus
3231 4913 3409 4969 Leon-

1839 5005 1949 5060 tius
1977 5005 2111 5060 dicit
2148 5025 2162 5060 :
2191 5005 2508 5074 Neindignc
2549 5006 2694 5060 feras
2735 5006 2924 5061 audire
2956 5007 3266 5065 veritatem.
3301 5010 3411 5064 Ho-

1839 5097 2083 5150 minibus
2118 5098 2374 5151 omnihus
2411 5108 2517 5151 tam
2544 5097 2683 5150 ratio
2735 5111 2898 5165 quam
2932 5107 3125 5152 natura
3159 5102 3406 5167 praescri-

1837 5189 2134 5257 psitlcges,
2167 5204 2276 5241 non
2308 5203 2430 5242 esse
2459 5204 2576 5258 par,
2626 5197 2687 5241 ut
2730 5188 2896 5243 homo
2951 5190 3183 5244 alienam
3212 5191 3410 5247 habeat

1839 5295 2090 5345 uxorem,
2124 5290 2292 5349 utque
2324 5283 2632 5336 committat
2666 5281 2961 5344 incestum,
2989 5292 3081 5337 aut
3106 5283 3244 5339 bella
3279 5285 3408 5339 dili-

1837 5377 1946 5438 gat,
1969 5378 2062 5422 aut
2086 5369 2405 5422 hominibus
2436 5369 2732 5435 perniciem
2765 5370 2986 5424 inferat.
3032 5370 3087 5424 Si
3120 5387 3215 5426 eos
3248 5387 3410 5429 vocas

1835 5462 2215 5528 sospitatores,
2246 5461 2514 5514 deberent
2541 5462 2725 5527 potius
2749 5477 2812 5513 ex
2849 5477 2976 5528 pace
3008 5478 3224 5515 servare
3249 5473 3304 5515 et
3337 5465 3405 5517 de

1834 5551 2139 5602 cultoribus
2162 5553 2275 5603 suis
2309 5552 2445 5602 bene
2478 5552 2696 5602 mereri.
2728 5550 2782 5602 Si
2806 5551 2941 5602 deus
2967 5559 3147 5603 vester
3178 5554 3278 5604 ista
3312 5553 3401 5604 fa-

1832 5643 1926 5701 cit,
1987 5641 2216 5691 suadeat
2258 5640 2576 5690 hominibus
2624 5642 2836 5691 solvere
2895 5641 3068 5706 leges;
3113 5641 3193 5691 vel
3250 5641 3396 5693 sicut

1829 5728 2010 5788 homo,
2048 5728 2180 5778 deus
2210 5738 2386 5778 vester
2421 5735 2559 5794 agat,
2599 5738 2651 5779 et
2684 5727 2929 5780 homines
2962 5728 3224 5780 imitetur.
3253 5728 3384 5779 Nam
