4188 6310
171 350 267 414 329

1095 345 1564 408 MARTYRIUM
1602 345 1711 407 SS.
1754 344 1904 404 XLV
1939 342 2394 404 MARTYRUM.

3290 347 3392 411 330

168 465 352 533 κόραξι
402 467 496 518 καὶ
553 466 664 528 τοῖς
706 463 829 516 κυσὶ
879 462 1042 533 βορὰν
1077 461 1400 532 παραθήσω,
1434 461 1531 514 καὶ
1568 460 1721 513 οὐδὲν

1839 458 1958 515 iihil
1991 458 2145 512 vobis
2177 458 2427 528 proderit
2451 458 2615 513 stulta
2656 458 2977 528 pervicacia.
3033 460 3267 518 Sanctus
3286 467 3399 520 An-

167 558 299 625 ὑμᾶς
331 556 597 628 ὠφελήσει
632 559 664 627 ἡ
695 557 899 625 ματαία
931 555 1203 618 ἔνστασις.
1243 555 1299 607 '0
1329 554 1484 622 ἅγιος
1526 553 1723 607 Ἀντιῦ-

164 666 270 711 νιος
320 648 503 715 λέγει’
544 648 725 709 Ποίοις
766 647 903 709 Θεοῖς
934 645 1175 705 κελεύεις
1208 643 1367 699 θῦσαι
1400 645 1542 713 ἡμᾶς
1568 661 1581 709 ;
1612 647 1722 697 Λυ-

167 739 283 801 σίας
336 739 482 804 λέγει
508 754 522 769 ⁶
567 740 777 791 Θύσατε
820 737 895 806 τῷ
926 736 1010 789 Διῒ
1042 738 1134 790 καὶ
1166 736 1242 807 τῷ
1288 736 1606 790 Ἀπόλλωνι.
1662 737 1723 787 '0

163 832 312 897 ἅγιος
352 832 599 892 Λεόντιος
628 826 778 882 εἶπεν
805 845 816 857 ·
862 830 923 882 '0
953 830 1084 893 Θεδς
1118 829 1292 899 ὑμῶν,
1327 828 1522 881 ἑαυτὸν
1555 827 1725 880 σῶσαι

164 923 238 993 μὴ
264 925 581 993 δυνάμενος,
620 920 892 974 Ἀπόλλων
919 921 1167 990 λέγεται·
1198 920 1357 973 τοῦτο
1393 921 1551 990 ὑμεῖς
1587 936 1728 989 μαρ-

158 1018 394 1082 τυρεῖτε.

233 1108 305 1158 Z'.
341 1108 755 1178 Ἀγανακτήσας
777 1106 869 1163 οῦν
899 1112 926 1161 ό
956 1107 1181 1171 Λυσίας,
1213 1108 1306 1161 καὶ
1334 1106 1398 1160 ἐκ
1426 1105 1518 1158 τοῦ
1550 1103 1724 1174 θυμοῦ

156 1195 284 1257 τοὺς
314 1196 626 1266 ὀφθαλμοὺς
656 1199 951 1267 διαπύρους
985 1199 1235 1268 ποιήσας,
1270 1196 1362 1249 καὶ
1388 1196 1579 1264 τρὶσας
1598 1193 1727 1256 τοὺς

157 1288 398 1353 ὀδόντας,
422 1290 707 1343 ἐκέλευσεν
729 1292 930 1361 σιδήρῳ
949 1290 1166 1360 δεθῆναι
1190 1289 1369 1342 αὐτῶν
1391 1288 1489 1351 τὰς
1511 1290 1723 1357 χεῖρας,

159 1380 254 1430 καὶ
287 1383 412 1441 τοὺς
451 1380 638 1444 πόδας,
674 1380 767 1433 καὶ
802 1380 1000 1443 κλοιοῖς
1053 1380 1383 1449 βαρυτάτοις
1419 1394 1728 1446 κατασφιγ-

154 1471 389 1538 χθέντας
442 1474 774 1543 ἀποτεθῆναι
834 1476 915 1537 είς
972 1473 1032 1527 τὸ
1080 1473 1452 1544 δεσμωτήριον
1504 1472 1584 1535 είς
1638 1469 1729 1524 τὸν

154 1560 369 1631 πύργον
425 1562 522 1633 τῆς
574 1565 779 1629 πόλεως
816 1565 918 1635 τῆς
957 1565 1263 1636 βλεπούσης
1312 1565 1453 1617 κατὰ
1512 1564 1726 1635 βορέαν,

152 1652 287 1705 ἔνθα
323 1655 414 1707 καὶ
445 1655 597 1723 πηγὴ
626 1656 976 1726 ὑπεκτρέχει,
1022 1657 1223 1725 ῥέουσα
1254 1656 1455 1722 εξωθεν
1493 1656 1589 1724 τῆς
1630 1652 1731 1709 πύ-

152 1743 254 1814 λης
286 1745 385 1815 τῆς
415 1747 653 1809 πόλεως·
681 1749 1059 1817 παραγγείλας
1089 1750 1202 1810 τοῖς
1236 1748 1603 1816 φυλάσσουσιν
1629 1748 1728 1800 αὖ·

1831 551 2013 607 tonius
2042 551 2182 605 dixit
2214 566 2227 604 :
2263 549 2585 621 Cujusmodi
2610 551 2719 606 diis
2739 550 3049 608 sacriﬁcare
3076 570 3176 611 nos
3203 549 3401 627 iubes?

1829 644 2019 715 Lysias
2048 643 2183 697 dicit
2234 661 2248 698 :
2301 642 2616 699 Sacriﬁcate
2641 644 2763 701 Jovi
2786 656 2839 700 et
2858 646 3119 714 Apollini.
3164 648 3400 707 Sanctus

1830 736 2093 791 Leontius
2123 737 2293 791 dixit:
2328 737 2476 793 Deus
2514 745 2719 801 vester,
2757 740 2850 809 qui
2894 740 3245 811 semetipsum
3280 759 3403 800 ser-

1832 845 1960 885 vare
1998 845 2111 884 non
2151 839 2348 899 potest,
2383 830 2577 900 Apollo
2600 831 2819 887 dicitur.
2846 830 2903 886 Id
2942 833 3279 889 conﬁtemini
3308 851 3406 890 vos

1832 940 1960 995 ψει.

1906 1108 2013 1162 γη.
2044 1104 2361 1177 indignatus
2406 1121 2537 1176 ergo
2572 1103 2782 1176 Lysias,
2829 1105 3004 1160 oculis
3054 1103 3417 1161 inﬂammatis

1834 1214 1946 1269 pra:
1977 1199 2165 1252 furore
2201 1214 2265 1253 ac
2313 1199 2572 1253 dentibus
2601 1198 2885 1263 frendens,
2913 1214 3105 1253 manus
3129 1214 3321 1253 eorum
3344 1215 3409 1253 ac

1832 1290 2000 1359 pedes
2024 1289 2232 1343 catenis
2273 1288 2468 1343 vinciri
2497 1289 2696 1359 jussit;
2733 1299 2789 1343 et
2826 1290 3036 1343 catenis
3069 1289 3409 1359 gravissimis

1834 1377 2270 1443 excarniﬁcatos,
2307 1378 2360 1432 in
2394 1393 2671 1433 carcerem
2692 1380 2964 1450 compingi
2998 1379 3051 1433 in
3089 1379 3228 1434 turri
3265 1380 3407 1435 clvi-

1838 1471 1990 1535 tatis,
2031 1486 2153 1540 quae
2176 1470 2404 1525 Boream
2430 1469 2675 1540 respicit.
2699 1470 2855 1526 Unde
2878 1471 3042 1525 etiam
3069 1470 3192 1525 l'ons
3211 1484 3410 1527 excur-

1837 1563 1929 1627 rit,
1957 1562 2136 1617 ﬂuens
2165 1572 2319 1617 extra
2339 1570 2554 1631 portam
2577 1561 2837 1617 civitatis.
2872 1560 3137 1616 Militibus
3191 1562 3287 1630 qui
3313 1576 3409 1615 eos

1835 1656 2245 1718 custodiebant,
2276 1654 2491 1708 Menam
2517 1663 2572 1707 et
2604 1652 2897 1716 Belcradaa,
2931 1653 2983 1706 id
3026 1654 3268 1707 mandati
3309 1652 3409 1708 de-

1837 1748 1938 1812 dit,
1973 1746 2162 1801 dicens
2192 1762 2206 1799 :
2242 1744 2454 1809 Videte,
2490 1744 2693 1799 Mensas
2726 1752 2782 1797 et
2813 1743 3101 1810 Bclerade,
3134 1742 3412 1813 quomodo

150 1834 281 1895 τοὺς
339 1837 723 1904 στρατιώταις,
772 1838 986 1906 Μεναίᾳ
1048 1839 1142 1890 καὶ
1198 1838 1507 1910 Βηληράδῃ,
1557 1838 1732 1908 λέγων

1842 1842 1989 1910 ipsos
2014 1838 2358 1893 custodiatis.
2401 1836 2537 1892 Nam
2572 1851 2672 1907 per
2724 1833 3126 1907 Esculapium,
3166 1834 3212 1891 si
3245 1837 3414 1891 resci-

151 1923 347 1986 αὐτοῖς
371 1939 387 1955 ⁸
417 1924 674 1989 Βλέπετε,
704 1918 750 1979 ὦ
774 1927 985 1980 Μεναῖα
1014 1928 1109 1979 καὶ
1135 1927 1445 1998 Βηληράδη,
1483 1928 1598 1990 πῶς
1627 1928 1726 1980 αὺ-

149 2015 284 2079 τοὺς
335 2017 667 2087 φυλάττετεο
720 2028 799 2090 μα
844 2019 938 2073 τὸν
978 2019 1087 2089 γὰρ
1125 2019 1476 2091 Ἀσκληπιὸν,
1504 2019 1586 2072 ὅτι
1632 2018 1728 2071 ἐὰν

151 2108 343 2178 μάθω,
376 2110 460 2163 ὅτι
514 2112 679 2182 ἄρτος
716 2112 751 2183 ἢ
787 2112 933 2184 ὓδωρ
974 2113 1127 2181 ὲδόθη
1158 2114 1341 2174 αὐτοῖς
1370 2112 1523 2181 παρά
1562 2127 1728 2177 τινος,

148 2202 257 2272 τὴν
288 2204 514 2259 ἐκείνων
554 2206 826 2276 τιμωρίαν
863 2207 993 2275 ὑμῖν
1031 2206 1296 2276 ἐπιθήσω,
1330 2207 1426 2259 καὶ
1471 2206 1606 2275 πυρὶ
1636 2206 1733 2257 σὺν

148 2296 389 2359 ἐκείνοις
422 2296 565 2364 ὑμᾶς
596 2296 879 2351 ἀναλώσω.
914 2299 975 2351 Οἱ
998 2298 1056 2350 δὲ
1085 2298 1439 2369 στρατιῶται,
1463 2297 1529 2349 τὰ
1559 2296 1734 2366 δεσμὰ

146 2388 485 2459 περιθέντες
514 2392 625 2450 τοῖς
657 2390 855 2456 ἁγίοις,
886 2390 1141 2442 ὲνέὸαλον
1168 2393 1248 2451 εἰς
1279 2389 1371 2440 τὸν
1400 2390 1625 2455 πύργον.
1666 2390 1733 2443 Ol

144 2484 212 2536 δὲ
239 2482 386 2549 ἆγιοι
415 2482 489 2546 ὡς
519 2484 577 2547 ἐξ
599 2485 715 2543 ἐνὸς
748 2482 1009 2549 στόματος
1035 2481 1247 2548 ἔλεγον*
1273 2480 1618 2549 Εὑλογοῦμέν
1649 2499 1730 2545 σε,

143 2573 357 2642 Κύριε,
391 2574 481 2626 τὸν
508 2572 742 2625 Βασιλέα
776 2573 873 2642 τῆς
894 2572 1076 2642 δόξης,
1117 2570 1209 2625 τὸν
1243 2570 1338 2624 ἐπὶ
1372 2571 1592 2624 Ποντίου
1638 2571 1734 2623 Πι-

142 2663 321 2715 λάτου
365 2664 727 2733 παραστάντα
760 2665 840 2728 είς
888 2668 1173 2734 κριτήριον
1212 2663 1303 2717 διὰ
1332 2664 1430 2726 τὰς
1462 2663 1737 2735 ἡμετέρας

146 2751 442 2820 ἁμαρτίας
466 2767 479 2781 ⁸
518 2754 580 2805 σὺ
614 2756 721 2821 γὰρ
758 2748 809 2804 εί
848 2754 880 2821 ἡ
917 2750 1147 2821 ἀληθινὴ
1180 2751 1316 2817 ζωὴ,
1345 2755 1372 2803 ὁ
1403 2752 1543 2820 ὑπὲρ
1577 2752 1736 2820 ήμῶν

140 2846 266 2899 τῶν
295 2846 638 2916 ἁμαρτωλῶν
676 2845 832 2901 θυσία
861 2844 1056 2910 δοθεὶς,
1090 2846 1117 2897 ὁ
1153 2843 1249 2898 τοῦ
1287 2844 1565 2916 Ἀληθινοῦ
1600 2845 1734 2899 Θεοῦ

147 2939 289 3001 Υἱὸς
322 2938 596 3006 ἀληθινὸς,
626 2939 721 2992 καὶ
766 2937 863 2992 τοῦ
913 2938 1008 2992 σοῦ
1042 2938 1252 3009 Πατρὺς
1294 2937 1585 3009 ἀρχιερεύς
1614 2954 1627 2969 ⁸
1663 2938 1739 3009 μὴ

140 3031 419 3100 χωρήσῃς
479 3030 626 3099 ἡμᾶς
676 3028 772 3081 τοῦ
828 3029 979 3081 ἐλέου
1044 3046 1160 3093 σου,
1216 3032 1353 3098 μήτε
1397 3030 1603 3099 ταύτης
1641 3032 1739 3099 τῆς

140 3121 547 3191 ἀδελφότητος,
582 3120 790 3185 ἑνώσας
819 3124 853 3193 ὴ
865 3122 971 3189 μᾶς
1011 3123 1221 3184 πάντας
1256 3124 1323 3192 τῇ
1359 3124 1423 3191 σῇ
1452 3122 1734 3193 ὁμολογίᾳ,

139 3211 254 3264 καὶ
285 3219 518 3281 ποιήσας
552 3211 699 3281 ἡμᾶς
729 3212 1063 3282 ὀμοψύχους,
1088 3212 1291 3265 ἐνωσον
1325 3212 1480 3283 ἡμῶν
1518 3213 1612 3265 καὶ
1640 3215 1739 3283 τὴν

135 3303 470 3356 τελείωσινο
503 3304 596 3355 καὶ
624 3307 699 3373 μὴ
722 3307 953 3374 ποιήσῃς
983 3305 1132 3374 ἡμᾶς
1157 3307 1216 3357 ὲν
1248 3305 1436 3375 μηδενὶ
1462 3305 1740 3377 χωρισθῆ-

133 3412 245 3448 var
283 3393 382 3447 ἀπ’
423 3392 688 3461 ἀλλήλων,
719 3394 867 3455 ὅπως
929 3394 1133 3457 ίδόντες
1190 3396 1346 3466 ἡμῶν
1398 3399 1505 3468 τὴν
1566 3398 1739 3467 καλὴν

136 3485 480 3556 προθυμίαν
529 3485 577 3537 ol
619 3484 835 3549 ἀσεϐεῖς
869 3487 1123 3557 ἐργάται,
1167 3473 1599 3557 ὲπῖθυμήσουσιν
1635 3490 1735 3558 τὴν

129 3580 338 3647 καλὴν
379 3578 537 3649 ἡμῶν
575 3580 793 3650 πρᾶξιν.
846 3580 976 3631 Ἰδοὺ
1009 3582 1118 3648 γὰρ
1149 3581 1206 3631 ἐν
1242 3581 1425 3633 σκότει
1465 3581 1730 3651 κατεϐλή-

131 3672 208 3739 οη
220 3687 341 3742 μεν
373 3671 664 3733 πεινῶντες
692 3672 784 3724 καὶ
811 3671 1092 3739 διψῶντες,
1129 3671 1221 3725 καὶ
1258 3674 1288 3743 ἡ
1316 3672 1461 3743 ψυχὴ
1485 3673 1643 3745 ἡμῶν
1677 3676 1733 3727 ὲν

1832 1947 1985 1995 vero,
2019 1939 2113 1985 aut
2157 1945 2357 2000 panem
2388 1938 2483 1983 aut
2525 1942 2721 1999 aquam
2764 1926 2847 1982 eis
2896 1941 2927 1981 δ
2970 1927 3231 1997 quopiam
3285 1927 3414 1982 data

1832 2034 1972 2083 esse,
1993 2034 2153 2088 paena
2190 2018 2412 2071 illorum
2437 2032 2537 2071 vos
2562 2015 2829 2083 multabo,
2864 2023 2920 2072 et
2946 2014 3071 2087 igne
3088 2015 3249 2071 simul
3286 2032 3412 2071 cum

1834 2111 1942 2166 illis
1982 2126 2082 2165 vos
2131 2110 2381 2181 perdam.
2447 2110 2647 2165 Milites
2686 2123 2895 2177 autem,
2949 2113 3167 2166 vincula
3205 2112 3413 2166 sanctis

1832 2203 2339 2273 circumponentes,
2380 2201 2435 2256 in
2465 2202 2659 2256 turrim
2692 2204 3070 2274 conjecerunt.
3112 2201 3296 2257 Sancti
3346 2216 3415 2256 ex

1838 2312 1951 2351 uno
1972 2295 2128 2366 quasi
2153 2310 2249 2350 ore
2288 2294 2546 2349 dicebant
2577 2310 2591 2348 :
2622 2294 3021 2352 Benedicamus
3043 2306 3120 2360 te.
3161 2296 3415 2357 Domine.

1836 2384 2037 2457 Regem
2085 2387 2292 2457 gloriae,
2330 2386 2423 2455 qui
2475 2394 2700 2455 propter
2742 2397 2962 2456 peccata
3000 2397 3188 2444 nostra
3229 2402 3416 2443 coram

1837 2479 2032 2532 Pontio
2061 2478 2236 2532 Pilato
2266 2481 2487 2533 astitisti
2515 2481 2863 2548 judicandus.
2900 2481 2978 2535 Tu
3006 2483 3152 2536 enim
3191 2499 3317 2536 vera
3354 2500 3416 2538 es

1837 2570 1968 2631 vita,
2024 2584 2125 2638 pro
2186 2569 2350 2624 nobis
2397 2571 2780 2639 peccatoribus
2830 2572 2883 2625 in
2922 2572 3156 2626 hostiam
3229 2574 3413 2632 datus.

1838 2660 1956 2715 veri
1985 2662 2081 2716 Dei
2107 2677 2270 2717 verus
2288 2663 2480 2726 Filius,
2513 2663 2800 2736 Patrisque
2832 2665 2910 2721 tui
2930 2665 3216 2733 Pontifex;
3242 2683 3311 2723 ne
3330 2683 3419 2722 se-

1840 2768 1969 2822 para
2007 2768 2153 2808 nosa
2187 2753 2562 2810 misericordia
2593 2765 2707 2820 tua,
2729 2772 2906 2827 neque
2942 2758 3009 2812 ab
3042 2758 3145 2813 hac
3178 2758 3416 2815 fraterna

1839 2842 2255 2911 conjunctione,
2304 2845 2399 2912 qui
2433 2860 2624 2898 omnes
2647 2861 2747 2900 nos
2776 2847 2901 2901 unis
2930 2847 3008 2901 tui
3049 2849 3416 2915 confessione,

1839 2945 1896 2990 ct
1927 2936 2089 2990 unius
2109 2936 2279 2990 silicis
2317 2936 2637 2999 voluntatis,
2660 2946 2890 2990 mortem
2925 2955 3141 3008 quoque
3164 2952 3415 2997 nostram

1844 3030 1962 3096 uni;
1992 3046 2091 3086 nec
2122 3029 2381 3101 permitte
2415 3038 2474 3083 ut
2503 3028 2642 3083 alter
2672 3029 2742 3084 ab
2768 3030 2944 3086 altero
2972 3031 3030 3086 in
3055 3032 3241 3105 aliquo
3266 3048 3421 3104 sepa-

1843 3137 2051 3187 remur,
2086 3130 2145 3174 ut
2179 3121 2431 3176 videntes
2467 3121 2739 3191 egregiam
2782 3133 3048 3177 nostram'
3077 3126 3416 3184 alacritatem

1844 3214 1998 3284 impii
2063 3213 2301 3267 ministri
2346 3216 2597 3283 exemplo
2641 3223 2836 3269 nostro
2887 3227 3231 3272 moveantur.
3276 3219 3418 3275 Ecce

1843 3308 1991 3362 enim
2026 3305 2081 3360 in
2116 3304 2373 3360 tenebras
2405 3305 2612 3359 detrusi
2644 3321 2858 3369 sumus,
2886 3309 3198 3363 esurientes
3240 3322 3303 3365 ac
3334 3312 3417 3364 si-

1844 3401 2065 3463 tientes.
2088 3409 2141 3455 et
2181 3400 2397 3455 animus
2422 3407 2612 3454 noster
2650 3399 2707 3453 in
2739 3400 2971 3457 vinculis
3004 3401 3265 3469 tabescit;
3318 3404 3415 3459 sed

1844 3505 1923 3559 tu,
1989 3494 2240 3555 Domine,
2302 3492 2627 3561 patientiam
2700 3493 2861 3546 nobis
2920 3493 3008 3553 da.
3085 3510 3421 3566 cursumque

1840 3594 2090 3638 nostrum
2139 3585 2361 3653 perﬁce,
2402 3592 2460 3638 ut
2512 3583 2724 3637 nullum
2753 3598 2784 3638 e
2822 3584 2983 3639 nobis
3026 3584 3256 3641 Satanas
3316 3602 3408 3641 ca-

1840 3678 1977 3748 piat.

123 3767 384 3835 δεσμοῖς
422 3766 716 3835 ἐκτήκεται
741 3781 755 3795 ⁹
788 3764 926 3818 ἀλλὰ
979 3765 1067 3828 σὺ.
1135 3766 1329 3837 Κύριε,
1376 3769 1599 3836 χάρισαι
1645 3769 1776 3838 Ίίῖμῖν
1814 3772 1913 3841 τὴν
1954 3769 2232 3841 ὑπομονὴν
2260 3768 2355 3821 καὶ
2391 3766 2677 3821 τελείωσον
2741 3766 2898 3837 ἡμῶν
2939 3767 3031 3820 τὸν
3066 3767 3286 3837 δρόμον,
3332 3771 3418 3823 ἴνα

124 3865 376 3934 μηδένα
417 3863 474 3926 ἐξ
510 3861 666 3928 ἡμῶν
691 3864 718 3913 ὁ
752 3862 997 3925 Σατανᾶς
1026 3864 1383 3933 χειρώσηται.

205 3960 311 4011 H’.
370 3955 482 4009 Καὶ
528 3954 810 4017 κλίναντες
863 3954 933 4009 τὰ
965 3958 1170 4023 γόνατα
1211 3956 1606 4027 προσηύξαντο,
1648 3962 1740 4013 καὶ

118 4051 500 4111 ἀναστάντες
532 4048 923 4119 ἐκαθέσθησαν,
946 4050 1033 4102 διὰ
1060 4051 1119 4102 τὸ
1161 4050 1509 4119 μὴδύνασθαι
1540 4053 1737 4115 αὐτοὺς

116 4143 365 4217 ὀρθοὺς
406 4142 633 4210 στῆναι·
685 4134 828 4211 ἦσαν
866 4140 972 4206 γὰρ
1028 4142 1087 4189 ὲν
1135 4142 1244 4198 τοῖς
1299 4139 1517 4208 δεσμοῖς
1567 4158 1739 4195 κατα.

118 4237 575 4308 καμπτόμενοι,
622 4230 717 4283 καὶ
789 4228 1020 4299 ἔψαλλον
1081 4231 1385 4300 συμφώνως
1453 4234 1740 4303 λέγοντες.

124 4329 504 4397 ’Υπομένων
560 4324 828 4395 ὑπέμεινα
884 4324 974 4377 τὸν
1028 4325 1267 4394 Κύριον,
1316 4327 1409 4379 καὶ
1470 4329 1738 4399 προσέσχε

113 4440 254 4495 μοι,
300 4420 414 4473 καὶ
446 4416 734 4488 είσήκουσε
767 4420 863 4487 τῆς
892 4402 1133 4485 δεήσεῶς
1170 4435 1294 4483 μου,
1316 4419 1420 4471 καὶ
1461 4419 1738 4488 ἀνήγαγέν

1918 3958 2055 4029 Vlll.
2088 3957 2155 4010 Et
2188 3953 2342 4008 flexis
2362 3952 2597 4023 genibus
2624 3952 2890 4016 orabant;
2918 3960 2971 4004 et
2999 3962 3286 4021 postquam
3306 3968 3427 4008 sur-

1846 4052 2137 4113 rexissent,
2175 4047 2566 4107 consederunt.
2584 4060 2651 4099 eo
2672 4044 2819 4115 quod
2844 4054 2995 4098 recto
3021 4058 3251 4114 corpore
3279 4054 3423 4103 stare

1850 4159 1960 4198 non
1996 4149 2252 4211 poterant
2288 4142 2466 4208 (erant
2496 4139 2699 4206 quippe
2749 4136 2805 4190 in
2847 4136 3082 4189 vinculis
3125 4137 3420 4199 incurvati)

1852 4250 1909 4293 et
1942 4250 2049 4291 una
2080 4248 2213 4288 voce
2263 4231 2555 4296 canebant,
2583 4230 2829 4285 dicentes
2864 4245 2878 4283 :
2919 4248 2936 4279 ι
2974 4228 3308 4299 Exspectans
3326 4244 3422 4285 ex-

1849 4324 2093 4396 Spectavi
2125 4324 2436 4386 Dominum,
2477 4329 2532 4375 et
2570 4319 2807 4374 intendit
2837 4318 2991 4381 mihi,
3048 4328 3103 4373 et
3145 4317 3425 4374 exaudivit

1847 4419 2152 4471 orationem
2184 4429 2383 4476 meam,
2420 4422 2477 4466 et
2505 4412 2695 4465 eduxit
2732 4426 2816 4464 me
2862 4410 2930 4463 de
2964 4410 3084 4463 lacu
3113 4410 3347 4465 miseria:
3365 4422 3425 4464 et

111 4494 196 4585 με
238 4516 322 4567 ἐκ
366 4511 577 4564 λάκκου
628 4507 1003 4575 ταλαιπωρίας
1053 4508 1148 4560 καὶ
1189 4510 1297 4561 ἀπὸ
1332 4511 1501 4580 πηλοῦ
1550 4512 1735 4576 ἰλεύος.

1852 4514 1921 4568 de
1959 4513 2075 4566 luto
2104 4509 2238 4565 fecis
2269 4510 2310 4563 ¹.
2346 4526 2363 4558 ι
2391 4506 2567 4575 Atque
2597 4504 2815 4573 expleto
2839 4503 3069 4574 psalmo.
3099 4503 3423 4560 ceciderunt

105 4613 245 4664 Καὶ
276 4603 695 4673 πληρώσαντες
716 4602 806 4651 τὸν
830 4599 1068 4669 ψαλμὸν,
1092 4602 1293 4655 ἔπεσαν
1316 4603 1407 4655 ἐπὶ
1431 4604 1740 4672 πρόσωπον,

102 4706 218 4756 καὶ
253 4694 622 4754 ἀναστάντες
654 4692 815 4745 πάλιν
840 4692 1068 4762 ἔψαλλον
1088 4693 1355 4761 λέγοντες·
1386 4695 1740 4763 Εξσάκουσον,

97 4800 130 4849 ὁ
165 4795 333 4855 Θεὸς
382 4785 698 4856 προσευχῆς
732 4802 853 4853 μου,
887 4788 942 4835 ὲν
971 4786 1048 4852 τῷ
1089 4783 1305 4837 δέεσθαί
1357 4804 1422 4854 με
1458 4787 1595 4856 πρὸς
1643 4790 1703 4839 σέ
1725 4805 1739 4818 .

97 4890 233 4945 ἀπὸ
276 4884 483 4955 φόῦου
518 4880 717 4951 ἐχθροῦ
750 4876 935 4942 ἐξελοῦ
974 4878 1069 4948 τὴν
1099 4878 1275 4948 ψυχήν
1304 4895 1430 4948 μου.
1474 4880 1743 4931 Ἐσκέπα-

100 4987 221 5046 σάς
276 4994 368 5051 με
423 4975 533 5027 ἀπὸ
574 4976 882 5045 συστροφῆς
930 4972 1402 5041 πονηρευομένων,
1454 4972 1560 5025 ἀπὸ
1604 4972 1743 5042 πλή-

1851 4607 1907 4660 in
1942 4606 2157 4667 faciem,
2182 4614 2238 4655 et
2268 4609 2553 4670 surgentes
2584 4613 2803 4652 rursum
2844 4597 3182 4658 cecinerunt,
3232 4596 3422 4651 dicen-

1853 4709 1934 4753 tes
1964 4716 1977 4751 :
2015 4695 2279 4758 «Exaudi,
2310 4694 2475 4755 Deus,
2507 4691 2807 4745 orationem
2845 4704 3047 4751 meam,
3081 4704 3204 4742 cum
3228 4689 3427 4761 deprc-

1852 4808 1947 4846 cor
1978 4790 2043 4844 ad
2076 4799 2127 4842 te
2157 4806 2170 4841 :
2200 4803 2231 4840 a
2268 4786 2461 4840 timore
2492 4783 2700 4841 inimici
2734 4784 2887 4852 eripe
2920 4785 3157 4837 animam
3221 4798 3420 4837 meam.

1852 4882 2142 4938 Protexisti
2172 4895 2257 4935 me
2292 4895 2321 4933 a
2348 4886 2619 4933 conventu
2654 4874 3093 4944 malignantium,
3114 4891 3141 4928 a
3170 4874 3422 4929 multitu-

1850 4976 1978 5030 dine
1994 4975 2337 5043 operantium
2356 4971 2697 5039 iniquitatem
2713 4968 2751 5021 ³.
2766 4968 2970 5037 »Αιιιυε
2986 4968 3199 5036 expleto
3214 4969 3424 5036 psalmo

95 5080 256 5140 θους
332 5067 746 5143 ἐργαζομένων
800 5068 1037 5122 ἀδικίαν.
1091 5067 1198 5119 Καὶ
1226 5066 1613 5135 πληρώσαντες
1656 5065 1735 5117 τοι.

1847 5076 1902 5119 et
1931 5064 2091 5119 tertia
2141 5062 2281 5115 facta
2325 5060 2571 5115 oratione
2628 5056 2948 5119 consedere,
3017 5058 3155 5111 alter
3196 5056 3425 5111 alterius

92 5166 397 5240 ψαλμὸν,
436 5161 531 5213 κάι
577 5160 903 5228 ποιήσαντες
932 5161 1125 5229 τρίτην
1167 5155 1353 5226 εὐχὴν,
1399 5154 1741 5217 ἐκαθέζοντο,

94 5260 413 5329 ἀλλήλων
465 5256 534 5305 τὰ
566 5252 739 5321 δεσμὰ
781 5250 1229 5320 καταφιλοῦντες,
1264 5248 1358 5301 καὶ
1386 5248 1743 5315 προσέχοντες

1848 5160 2064 5214 vincula
2088 5157 2418 5217 osculantes,
2447 5162 2502 5207 et
2525 5167 2583 5206 se.
2607 5160 2795 5205 mutuo
2818 5150 3151 5219 stringentes
3178 5150 3422 5205 exsulta-

1850 5252 2000 5306 bant.
2042 5249 2276 5303 Sanctus
2308 5261 2435 5299 vero
2474 5244 2740 5297 Leontius
2803 5242 3007 5294 hortari
3053 5240 3199 5309 ipsos
3254 5243 3424 5309 cmpit

91 5351 416 5426 ἀλλήλοις
452 5344 809 5413 ὴγαλλιῶντο.
862 5341 919 5394 '0
957 5344 1013 5395 δὲ
1049 5342 1204 5409 ἅγιος
1246 5340 1495 5398 Λεόντιος
1543 5336 1735 5406 ἤρξατε

1847 5353 1904 5395 et
1942 5342 2125 5395 dicere
2156 5356 2168 5390 :
2194 5337 2414 5391 Fratres
2447 5330 2769 5397 venerandi,
2806 5329 3114 5399 l‘amulique
3150 5345 3214 5384 ac
3272 5330 3419 5383 servi

89 5420 518 5522 παρακαλεῖν
547 5438 744 5500 αὐτοὺς
773 5438 864 5490 καὶ
898 5436 1076 5502 λέγειν
1100 5454 1112 5466 ·
1159 5432 1402 5502 Ἀδελφοὶ
1424 5433 1594 5501 τίμιοι
1649 5435 1735 5482 καὶ

1843 5431 2070 5493 Christi,
2099 5442 2367 5498 generoso
2394 5424 2578 5478 animo
2609 5421 2790 5476 omnia
2850 5422 3144 5475 toleremus
3189 5437 3203 5473 :
3246 5420 3425 5474 nostis

86 5510 505 5618 θερἀποντες
534 5531 629 5583 καὶ
655 5530 830 5583 δοῦλοι
856 5528 945 5583 τοῦ
970 5528 1231 5599 Χριστοῦ,
1251 5526 1510 5595 γενναίως
1534 5524 1735 5577 ἅπαντα

1849 5527 1996 5579 enim
2028 5540 2057 5578 ο
2114 5522 2285 5575 sacris
2312 5518 2556 5581 Litteris,
2594 5523 2800 5585 quanta
2824 5510 3149 5569 sustinuerit
3180 5510 3281 5565 Job
3307 5512 3422 5583 (sed

89 5603 562 5707 ὑπομείνωμεν
580 5641 593 5655 ·
627 5622 805 5692 οἴδατε
834 5624 941 5695 γὰρ
971 5623 1034 5676 ἐκ
1058 5621 1166 5675 τῶν
1191 5620 1349 5673 θείων
1377 5617 1628 5687 Γραφῶν,
1655 5617 1735 5671 ὃσι

1857 5613 2005 5668 enim
2042 5627 2139 5667 vos
2162 5626 2271 5664 non
2301 5609 2434 5663 latet
2464 5603 2585 5661 ﬁnis
2614 5603 2852 5674 Domini)
2908 5615 3181 5657 memores
3229 5609 3425 5662 estote,

174 5791 198 5820 ¹
248 5781 434 5844 Psal.
482 5789 667 5828 xxxix.
714 5773 770 5829 Ξ.
801 5772 853 5825 3.
889 5770 908 5799 ³
942 5769 1083 5823 Psal.
1113 5784 1258 5830 um,
1295 5765 1348 5831 ει,
1395 5765 1445 5817 5.

525 5872 793 5930 ΡΑτιιοι.
844 5866 960 5928 Gn.
1013 5863 1186 5925 CXV.

2938 5837 2999 5898 ll
