4188 6310
774 357 875 423 331

2061 334 2345 396 MENSlS
2387 332 2555 391 JULI
2571 328 2682 391 US.

3920 315 4017 379 333

772 471 918 541 quod
950 468 1187 525 Joannes
1220 461 1461 531 Baptista
1489 458 1669 528 capite
1726 462 2009 511 truncatus
2077 452 2170 513 sit,
2229 448 2355 504 Ste-

2467 447 2749 513 5πέμεινεν
2794 444 2935 507 Ἰώϐ,
2971 441 3103 496 ἀλλὰ
3131 442 3225 493 καὶ
3261 439 3317 492 τὸ
3354 438 3503 500 τέλος
3542 435 3746 507 Κυρίου
3780 435 3983 501 ἔγνωτε
4005 451 4017 464 ’

771 538 987 633 phauus
1022 567 1209 611 autem
1244 552 1541 623 lapidatus,
1573 550 1771 603 Petrus
1819 544 2101 614 apostolus
2158 538 2343 592 Romae

773 654 1088 714 crucifixus,
1119 647 1324 702 Paulus
1352 644 1533 710 capite
1560 642 1829 703 minutus,
1872 635 2114 689 Thomas
2161 630 2346 700 spicu-

774 748 843 802 lis
866 744 1174 799 confossus.
1206 738 1351 804 Quot
1400 750 1530 790 vero
1556 735 1731 787 sancti
1786 727 2125 797 temporibus
2177 721 2344 775 Maxi-

775 838 939 893 miani
967 831 1336 903 imperatoris.
1364 827 1511 882 Decii
1538 834 1591 879 et
1610 823 1855 885 Adriani,
1876 820 2215 885 aliorumque
2244 815 2344 865 im-

773 930 992 998 piorum
1034 902 1451 989 imperatorum,
1488 913 1751 982 martyrio
1785 919 1892 965 suit
1916 906 2119 967 aﬂ'ecli,
2153 918 2206 956 et
2231 902 2347 969 glo-

774 1022 920 1075 riose
952 1028 1181 1069 coronas
1210 1008 1518 1068 consecuti,
1578 1016 1633 1059 et
1667 1000 1929 1058 fortunati
1981 999 2049 1050 ab
2092 993 2349 1049 omnibus

776 1109 1166 1183 praedicentur,
1196 1111 1253 1156 et
1282 1100 1458 1155 nostis
1480 1097 1705 1152 omnino
1736 1104 1790 1147 et
1816 1088 2067 1145 audistis.

844 1375 942 1434 IX.
974 1373 1249 1441 Quorsum
1278 1375 1461 1422 autem
1490 1364 1638 1418 viros
1673 1361 1883 1431 pugiles
1919 1367 2350 1412 commemorare

778 1467 1015 1526 attinet?
1047 1464 1145 1521 Ubi
1198 1460 1460 1516 mulieres
1498 1471 1738 1524 quoque,
1799 1452 2061 1520 religione
2101 1456 2157 1501 et
2206 1443 2351 1499 virili

778 1561 964 1616 animo
998 1562 1339 1625 praestantes,
1397 1545 1774 1601 imbecillitate
1800 1555 1962 1594 sexus
1980 1536 2249 1605 deposita,
2298 1532 2352 1585 in

777 1624 1011 1706 Christo
1056 1649 1362 1713 posuerunt
1412 1650 1586 1704 spem,
1620 1634 1691 1686 ob
1748 1630 2040 1699 repositam
2083 1627 2139 1680 in
2199 1624 2354 1679 cmlis

779 1744 1032 1812 gloriam.
1066 1736 1209 1790 Dicit
1235 1732 1382 1786 enim
1414 1727 1678 1784 Dominus
1714 1724 1767 1776 in
1800 1718 2107 1788 Evangeliis
2136 1733 2151 1771 :
2191 1733 2209 1766 ι
2249 1713 2352 1778 Qui

2456 538 2736 608 μέμνησθε
2794 539 3007 598 πάντως
3058 536 3138 587 ὅτι
3182 533 3437 600 Ἰωάννης
3491 530 3591 599 μὲν
3638 532 3664 582 ὁ
3710 529 4019 596 Βατττιστής

2452 630 2885 699 ἀπεκεφαλίσθη,
2920 630 3190 695 Στέφανος
3229 628 3283 679 δὲ
3331 623 3705 693 ὲλιθοϐολήοη,
3741 622 3949 689 Πέτρος
3994 623 4021 671 ὁ

2453 722 2751 782 ἀπόστολος
2782 723 2837 773 ὲν
2880 721 3070 792 Ῥώμῃ
3103 717 3449 787 ἐσταυρώθη,
3486 715 3696 776 Παῦλος
3740 714 4022 776 ἀπεκεφά-

2453 812 2633 880 λίσϐη,
2664 814 2864 881 Θωμᾶς
2892 814 3161 880 ὲκεντήοη
3186 827 3198 839 ·
3231 814 3344 861 ὅσοι
3392 809 3449 861 δὲ
3483 808 3628 875 ἆγεοι
3678 809 3735 857 ἐν
3765 808 3876 865 τοῖς
3910 802 4024 871 χρό-

2456 918 2565 963 νοις
2626 901 2974 969 Μαξιμιανοῦ
3025 901 3118 953 τοῦ
3181 898 3464 969 βασιλέως,
3515 899 3608 949 καὶ
3661 894 3881 955 Δεκίου,
3936 892 4024 943 καὶ

2470 994 2749 1063 Ἀδριανοῦ
2797 994 3028 1046 καὶτῶν
3065 994 3238 1046 ἄλλων
3284 991 3494 1044 ἀσεϐῶν
3528 990 3814 1057 βασιλέων,
3865 986 4027 1053 ἐμαρ-

2455 1084 2720 1156 τύρησαν,
2756 1085 3014 1149 ὲπιδόξως
3066 1087 3159 1139 καὶ
3214 1088 3339 1146 τοὺς
3388 1083 3686 1151 στεφάνους
3729 1077 4026 1135 ἀπέλαὸον,

2458 1180 2548 1230 καὶ
2584 1180 2979 1246 μακαρίζονται
3008 1177 3157 1248 παρὰ
3189 1179 3427 1240 πάντων,
3461 1178 3553 1228 καὶ
3578 1175 3780 1240 ἔγνωτε
3812 1172 4029 1231 πάντως

2458 1272 2552 1321 καὶ
2582 1269 2831 1323 ἀκούετε.

2529 1362 2605 1414 Θ¹.
2648 1363 2753 1413 Καὶ
2802 1363 2854 1413 τί
2902 1361 2984 1414 δεῖ
3015 1362 3144 1431 περὶ
3177 1362 3387 1433 ἀνδρῶν
3429 1361 3781 1431 ἀολησάντων
3812 1356 4030 1423 λέγειν;

2460 1446 2635 1506 Ὅπου
2660 1468 2722 1517 γε
2743 1454 2837 1503 καὶ
2854 1456 3107 1519 γυναῖκες
3133 1452 3403 1513 Θεοσεόεῖς
3432 1454 3524 1504 καὶ
3541 1452 3808 1521 ἀνδρεῖαι,
3830 1446 4031 1501 ἀποοέο

2462 1559 2622 1612 μεναι
2651 1544 2708 1595 τὸ
2740 1545 2839 1610 τῆς
2870 1544 3084 1611 φύσεως
3113 1544 3301 1595 ἄτονον
3334 1544 3427 1595 καὶ
3464 1543 3707 1604 ἀσθενὲς,
3740 1544 4033 1608 ἐνίσχυσαν

2460 1634 2557 1705 τὴν
2583 1636 2664 1697 εἰς
2699 1636 2932 1704 Χριστὸν
2966 1635 3156 1687 ἐλπίδα
3212 1636 3299 1686 διὰ
3330 1636 3426 1703 τὴν
3457 1636 3829 1702 ἀποκειμένην
3863 1633 3921 1681 ἐν
3946 1630 4035 1681 οὺ-

2465 1732 2645 1795 ρανοῖς
2679 1727 2856 1792 δάξαν.
2900 1728 2960 1781 Ὀ
2988 1729 3093 1799 γὰρ
3124 1728 3324 1798 Κύριος
3361 1726 3513 1780 εἶπεν
3547 1730 3604 1778 ἐν
3644 1728 3757 1788 τοῖς
3790 1726 4035 1790 Εὑαγγε-

778 1850 866 1888 me
895 1827 1250 1886 confitebitur
1317 1836 1500 1876 coram
1556 1814 1896 1873 hominibus,
1945 1807 2250 1863 conﬁtebor
2300 1814 2356 1857 et

2467 1820 2611 1879 λίοιςε
2640 1821 2770 1881 «Ὃς
2802 1819 2866 1871 ἂν
2892 1820 3205 1890 ὁμολογήσῃ
3240 1838 3308 1888 με
3358 1818 3667 1889 ἔμπροσθεν
3698 1813 4034 1884 ἀνθρώπων,

782 1942 884 1994 ego
915 1938 1038 1977 eum
1062 1933 1245 1974 coram
1268 1915 1433 1971 Patre
1464 1924 1610 1973 meo,
1639 1907 1811 1976 quiin
1838 1902 1995 1957 coelis
2026 1909 2145 1953 est:
2177 1906 2232 1952 et
2261 1896 2356 1965 qui

783 2014 1070 2087 negaverit
1114 2026 1199 2065 me
1230 2021 1414 2062 coram
1444 2001 1790 2063 hominibus,
1814 1994 2106 2066 negabitur
2136 2000 2190 2045 et
2241 1990 2358 2059 ipse

781 2122 967 2164 coram
1002 2102 1209 2173 angelis
1235 2098 1330 2154 Dei
1353 2098 1394 2150 ⁸.
1442 2115 1461 2147 ι
1498 2095 1687 2164 itaque
1726 2092 1770 2146 si
1821 2090 2100 2149 mulieres,
2127 2097 2359 2154 quarum

780 2212 978 2254 natura
1018 2194 1232 2247 inﬁrma
1264 2198 1369 2253 est,
1418 2188 1651 2241 viriliter
1715 2183 2089 2242 decertarunt,
2154 2184 2361 2246 quanto

782 2290 955 2357 magis
989 2302 1087 2341 nos
1112 2285 1249 2340 tales
1301 2296 1364 2336 ac
1423 2287 1604 2334 tantos
1657 2289 1758 2345 pro
1818 2272 2044 2326 Christo
2096 2266 2361 2337 martyrio

782 2379 1040 2454 pertungi
1098 2374 1353 2446 oportet?
1406 2370 1655 2425 Audistis
1704 2367 1772 2420 de
1814 2376 2003 2419 sancta
2035 2360 2359 2429 Euphemia,

783 2451 1094 2541 Capitolina
1126 2466 1421 2525 etJulitta,
1463 2461 1695 2530 aliisque
1749 2457 1958 2511 sanctis
2010 2451 2359 2515 mulieribus,

784 2577 1015 2633 quarum
1039 2559 1258 2613 nomina
1304 2556 1507 2623 scripta
1552 2560 1681 2606 sunt
1743 2550 1797 2603 in
1853 2547 2011 2602 libris
2070 2545 2361 2605 caelorum,

785 2668 951 2724 quam
992 2662 1214 2705 strenue
1249 2646 1589 2709 dimicarint,
1617 2652 1670 2697 et
1694 2642 1974 2696 diabolum
2008 2636 2360 2691 debellarint.

787 2748 830 2801 Ε
866 2745 1069 2815 quibus
1097 2738 1594 2795 dilectionivestrze
1626 2732 1927 2787 recensebo
1973 2729 2199 2797 dignum
2247 2739 2365 2777 scr-

789 2853 1033 2900 monem,
1085 2844 1521 2888 commemorans
1545 2842 1608 2880 ea
1641 2840 1761 2895 quae
1792 2822 1978 2891 accepi
2013 2837 2041 2873 a
2078 2821 2218 2881 viro,
2249 2832 2364 2869 ma-

789 2932 963 3001 gistro
990 2934 1198 2985 nostro,
1238 2922 1329 2991 qui
1369 2918 1623 2973 veniebat
1660 2932 1726 2969 ex
1758 2913 2010 2985 Egyplo,
2035 2921 2090 2967 et
2143 2910 2363 2964 audisse

789 3040 847 3078 se
880 3020 1057 3076 aiebat
1084 3035 1113 3071 a
1142 3025 1331 3072 saneto
1366 3012 1603 3066 Antonio
1630 3018 1833 3063 asceta.

860 3302 929 3361 Χ.
964 3300 1326 3372 Temporibus
1348 3296 1655 3353 Maximiani
1689 3294 2055 3365 persecutoris
2089 3291 2364 3359 fuitpuel-

790 3399 841 3452 la
867 3396 1114 3466 quadam
1159 3393 1520 3452 Alexandriae,
1563 3389 1794 3455 alicujus
1848 3400 1877 3437 a
1931 3382 2195 3437 divitibus
2244 3381 2369 3434 istic

794 3488 1141 3557 degentibus,
1170 3483 1392 3537 ancilla.
1456 3481 1661 3533 Nomen
1716 3476 1820 3547 ipsi
1875 3485 1991 3530 erat
2050 3475 2367 3529 Polamiena

794 3582 893 3649 (2).
926 3578 1282 3649 Cogebatura
1311 3588 1411 3627 suo
1434 3572 1652 3625 domino
1707 3571 1773 3622 ad
1834 3567 2211 3621 concubitum.
2278 3563 2368 3617 Illa

796 3674 976 3728 dixit:
1023 3671 1239 3724 Ancilla
1274 3666 1479 3719 Christi
1506 3677 1650 3725 sum,
1680 3675 1789 3714 non
1832 3669 2064 3713 scortor.
2105 3656 2367 3710 Dominus

794 3780 926 3820 vero
950 3763 1016 3817 ad
1044 3774 1258 3829 tempus
1281 3756 1505 3826 aliquod
1564 3754 1665 3824 ipsi
1715 3752 1960 3806 insultat.
2011 3749 2133 3816 Ipsa
2184 3759 2367 3799 autem

795 3873 904 3912 non
937 3856 1103 3924 gessit
1137 3865 1366 3903 morem.
1402 3849 1450 3899 Is
1487 3848 1670 3913 itaque
1693 3842 1855 3897 simul
1891 3842 2140 3913 diligens,
2203 3840 2366 3893 simul

797 3950 1090 4007 miserans,
1116 3957 1224 3994 non
1262 3937 1485 3999 cecidit,
1530 3936 1623 3991 sed
1656 3936 1915 4006 praefecto
1967 3948 2088 3986 eam
2141 3929 2366 3984 tradidit

797 4040 991 4095 dicens
1023 4054 1034 4087 :
1071 4035 1128 4088 Si
1163 4030 1447 4101 proposito
1477 4042 1601 4081 meo
1643 4024 2006 4087 obsecundct,
2061 4022 2365 4084 annuntiat;

796 4134 882 4187 sin
914 4130 1116 4184 minus.
1175 4124 1305 4195 puni
1343 4123 1510 4184 illam,
1575 4129 1633 4174 ut
1680 4118 2057 4172 christianam.
2106 4114 2368 4169 Praefecto

796 4225 982 4290 itaque
1032 4219 1255 4277 tradita,
1318 4214 1613 4281 multisque
1664 4210 2072 4263 adulationibus
2124 4210 2191 4262 ab
2251 4208 2367 4276 ipso

798 4321 1025 4372 tentata,
1056 4319 1113 4363 ut
1164 4306 1278 4361 lteri
1316 4306 1484 4374 jussis
1536 4304 1961 4370 obtemperaret,
2031 4300 2369 4365 respondens

797 4405 935 4459 dixit
969 4402 1084 4454 :l\'e
1120 4400 1240 4457 talis
1278 4411 1514 4465 unquam
1548 4394 1845 4462 tiatjudex,
1881 4392 1974 4460 qui
2007 4391 2164 4463 jubet
2193 4390 2361 4445 ancil-

2459 1913 2782 1981 ὁμολογήσω
2827 1914 2990 1965 αὑτὸν
3033 1914 3189 1981 κάγὼ
3221 1914 3528 1982 ὲμπροσθεν
3563 1912 3655 1965 τοῦ
3687 1910 3906 1979 Πατρός
3933 1923 4036 1977 μου

2459 2005 2553 2057 τοῦ
2581 2007 2638 2056 ὲν
2666 2007 2946 2075 οὐρανοῖς’
2982 2010 3075 2059 καὶ
3119 2007 3178 2069 ὃς
3210 2006 3274 2059 ἂν
3301 2004 3685 2075 ἀπαρνήσηταί
3725 2020 3792 2072 με
3828 2002 4035 2068 ἔμπρο-

2465 2100 2590 2153 σθεν
2622 2100 2731 2153 τῶν
2756 2100 3083 2170 ἀνθρώπων,
3115 2100 3571 2170 ἀπαρνεθήσηται
3611 2097 3705 2149 καὶ
3738 2094 3901 2154 αὐτὸς
3940 2093 4035 2155 Ep.-

2463 2190 2698 2259 προσθεν
2715 2192 2821 2242 τῶν
2840 2193 3085 2257 ἀγγέλων
3103 2191 3194 2244 τοῦ
3215 2192 3371 2246 Θεοῦ.
3385 2212 3402 2243 ι
3428 2193 3486 2244 Εἰ
3504 2191 3596 2244 οὖν
3614 2191 3894 2259 γυναῖκες,
3911 2179 4036 2252 ὧνὴ

2464 2281 2624 2348 φύσις
2650 2281 2926 2346 ἀσθένεια,
2960 2282 3226 2350 ἀνδρικῶς
3255 2282 3614 2349 ἠγωνίσαντο,
3649 2282 3798 2348 πόσῳ
3835 2275 4039 2347 μᾶλλον

2463 2374 2747 2443 ὀφείλομεν
2788 2377 2946 2446 ἡμεῖς
2974 2376 3022 2427 οἱ
3054 2374 3285 2427 τοιοῦτοι
3317 2376 3408 2427 καὶ
3450 2390 3692 2425 τοσο.τοι
3731 2372 3872 2441 ὑπὲρ
3909 2374 4041 2441 Χρι-

2465 2469 2591 2521 στοῦ
2628 2470 3010 2539 μαρτυρῆσαις
3061 2469 3311 2521 Ἀκούετε
3357 2468 3611 2536 περὶτῆς
3644 2467 3806 2534 ἁγίας
3847 2469 4055 2535 Εὐφηδ

2469 2562 2617 2630 μὶας,
2656 2563 2750 2613 καὶ
2788 2561 3217 2628 Καπιτουλίνης,
3272 2562 3363 2612 καὶ
3408 2559 3716 2629 Ἰουλίττης,
3776 2561 3875 2614 καὶ
3930 2564 4041 2615 τῶν

2466 2649 2640 2701 ἄλλων
2676 2651 2847 2715 ἀγῐωι
2878 2649 3176 2716 γυναικῶν,
3227 2642 3299 2699 ὧν
3329 2650 3396 2700 τὰ
3442 2651 3680 2717 ὀνόματα
3729 2652 3788 2702 ὲν
3834 2651 4042 2720 βίϐλοις

2465 2741 2572 2792 τῶν
2601 2741 2847 2805 οὐρανῶν
2888 2742 3026 2792 εἰσιν
3060 2742 3408 2810 ἀνάγραπτοι,
3443 2741 3559 2801 πῶς
3591 2740 3860 2811 λαμπρῶς
3894 2746 4043 2810 tn”.

2467 2832 2704 2896 νίσαντο,
2737 2830 2829 2884 καὶ
2866 2832 3121 2901 ὲνίκησσιν
3145 2834 3235 2882 τὸν
3269 2831 3515 2883 διάϐολον
3538 2847 3549 2861 ·
3577 2834 3635 2884 ἐν
3673 2828 3754 2896 οἷς
3786 2834 4043 2904 διηγησο-

2471 2940 2567 2990 μαι
2600 2926 2662 2992 τῇ
2698 2923 2881 2992 ἀγάπῃ
2922 2923 3071 2991 ὑμῶν
3133 2923 3288 2989 λόγον
3336 2925 3505 2987 ἀξιον,
3574 2928 3954 2993 μνημονεύων.
4012 2929 4044 2979 ἃ

2468 3017 2680 3083 ἀκήκοα
2734 3017 2883 3083 παρὰ
2929 3017 3140 3083 ἀνδρὸς,
3197 3017 3516 3069 διδασκάλου
3574 3020 3754 3087 ἡμῶν,
3792 3020 4043 3083 ἐλθόντος

2469 3107 2575 3159 ἀπὸ
2603 3109 2699 3178 τῆς
2725 3107 3025 3175 Αξγύπτου,
3048 3108 3144 3161 καὶ
3167 3109 3327 3171 αὐτὸς
3353 3110 3540 3178 ἔλεγεν
3562 3113 3864 3181 ἀκηκοέναι
3892 3118 4044 3182 παρὰ

2468 3199 2561 3252 τοῦ
2588 3200 2746 3266 ἁγίου
2791 3201 3077 3253 Ἀντωνίου
3104 3200 3195 3254 τοῦ
3229 3202 3492 3267 ἀσκητοῦ.

2542 3294 2595 3346 l'.
2622 3295 2743 3346 Ὅτι
2759 3295 2937 3353 ἐντοῖς
2955 3295 3165 3362 καιροῖς
3184 3293 3528 3361 Μαξιμιανοῦ
3544 3292 3635 3347 τοῦ
3653 3295 3888 3348 διώκτου
3907 3300 4041 3367 κόρη

2468 3401 2551 3447 τις
2571 3389 2625 3437 ὲν
2655 3385 3053 3456 Ἀλεξανδρείᾳ,
3068 3386 3226 3454 δούλη
3248 3387 3388 3449 τινὸς
3407 3388 3722 3457 ὑπάρχουσα
3740 3389 3850 3441 τὼν
3869 3394 4045 3443 ἐκεῖσε

2470 3477 2761 3532 πλουσίων·
2797 3478 2936 3549 αὕτη
2974 3480 3028 3533 δὲ
3064 3481 3281 3549 ἐλέγετο
3310 3480 3648 3550 Ποταμιήνα.
3702 3485 4044 3555 Ηναγκάσθη

2470 3572 2620 3641 παρὰ
2652 3573 2743 3623 τοῦ
2772 3573 2902 3624 ἰδίου
2932 3573 3191 3624 δεσπότου
3251 3574 3638 3639 συγκαθεύδειν
3678 3576 3851 3645 αὐτῷ.
3904 3577 3964 3630 ’11
3993 3581 4046 3630 δὲ

2470 3659 2625 3714 εἶπεν
2652 3679 2665 3693 ·
2708 3663 2829 3713 Ὅτι
2868 3663 3104 3730 Χριστοῦ
3150 3665 3265 3731 ειμι
3318 3665 3501 3735 δούλη,
3536 3668 3627 3717 καὶ
3667 3669 3729 3718 οὐ
3769 3672 4043 3737 πορνεύω.

2483 3753 2540 3807 Ὀ
2567 3754 2621 3806 δὲ
2653 3754 2915 3824 δεσπότης
2951 3754 3180 3829 ἐφήδετο
3216 3755 3387 3823 αὐτῆς
3426 3757 3529 3819 ἕως
3560 3759 3703 3818 τινό;
3726 3772 3739 3785 ·
3778 3759 3811 3828 ἠ
3846 3760 3903 3810 δὲ
3949 3762 4047 3813 οὐκ

2470 3845 2730 3914 ἐπείσθη·
2764 3847 2924 3907 αὐτὸς
2960 3849 3057 3915 μὲν
3082 3848 3199 3915 ἅμα
3227 3849 3474 3915 ἀγαπῶν,
3502 3848 3617 3918 ἅμα
3648 3850 3704 3903 δὲ
3734 3854 3833 3904 καὶ
3861 3853 4044 3917 ἐλεῶν,

2468 3942 2569 3992 οὐκ
2603 3939 2853 4003 ἔτυπτεν,
2907 3941 3042 3993 ἀλλὰ
3076 3942 3392 4009 παρέδωκεν
3440 3945 3609 4010 αὐτὴν
3660 3944 3737 4011 τῷ
3790 3948 4041 4014 ἡγεμόνι,

2468 4032 2674 4097 λέγων·
2728 4031 2849 4082 Ἑάν
2887 4032 3113 4099 συνοῆτε
3147 4033 3224 4100 τῷ
3265 4032 3450 4102 σκοπῷ
3503 4050 3627 4101 μου,
3664 4036 3842 4105 φῆσαι
3888 4040 4043 4108 αὐτῇ.

2470 4124 2519 4175 εἰ
2546 4123 2599 4175 δὲ
2630 4123 2728 4193 μὴ,
2751 4122 2978 4175 κόλασον
3002 4123 3169 4195 αὐτὴν
3192 4123 3264 4185 ὡς
3290 4125 3643 4194 Χριστιανήν.
3671 4127 4050 4196 Παραδοθεῐσα

2470 4216 2523 4268 δὲ
2554 4216 2629 4284 τῷ
2662 4218 2912 4285 ἡγεμόνι,
2948 4221 3035 4268 και
3069 4216 3238 4269 πολλά
3271 4218 3405 4285 παρ’
3438 4216 3601 4269 αὐτοῦ
3637 4219 4044 4273 κολακευθείσα

2471 4308 2563 4358 τοῦ
2592 4308 2879 4373 πεισθῆναι
2908 4311 3019 4368 τοῖς
3047 4309 3139 4358 τοῦ
3170 4311 3430 4361 δεσπότου
3462 4312 3787 4380 κελεύμασι,
3814 4313 4043 4384 ἀποκριο

2475 4396 2628 4447 θεῖσα
2657 4394 2808 4449 εἶπεν
2830 4414 2842 4426 ·
2873 4399 2963 4467 Μὴ
2998 4402 3203 4465 γένοιτο
3234 4399 3472 4462 τοιοῦτός
3508 4418 3632 4453 ποτε
3666 4404 3956 4476 δικαστὴς,
3990 4407 4048 4468 ὃς

795 4498 903 4553 lant
936 4494 1158 4547 obedire
1181 4491 1393 4543 libidini
1420 4488 1645 4539 domini.
1686 4485 1932 4553 Cumque
1977 4488 2266 4553 prtel’ectus
2295 4483 2360 4535 ti-

2474 4491 2681 4545 κελεύει
2712 4489 2917 4560 ἀσωτίᾳ
2951 4490 3213 4543 δεσπότου
3243 4493 3437 4561 δούλην
3472 4494 3907 4550 ὑποτάσσεσθαι.
3947 4498 4047 4549 Τοῦ

797 4601 1006 4642 morem
1033 4586 1304 4636 incuteret
1334 4598 1346 4633 :
1379 4580 1437 4633 In
1465 4580 1700 4633 lebetem
1740 4590 1788 4632 te
1821 4578 2129 4647 conjiciam,
2162 4586 2219 4628 ut
2245 4578 2363 4644 pice

797 4675 1154 4737 comburaris,
1200 4687 1323 4726 cum
1376 4672 1678 4725 christiana
1734 4670 1842 4731 sis;
1896 4670 2009 4723 hinc
2049 4669 2187 4722 dixit
2233 4668 2309 4721 illi
2347 4687 2360 4722 :

797 4769 902 4822 Per
935 4771 1099 4835 caput
1138 4764 1488 4831 imperatoris
1518 4764 1770 4830 (multum
1796 4762 1940 4813 enim
1968 4764 2111 4814 hunc
2141 4776 2362 4815 revere-

799 4858 894 4931 ris)
930 4876 995 4911 ne
1023 4859 1215 4926 jubcas
1241 4856 1401 4910 simul
1428 4866 1482 4907 et
1511 4854 1677 4907 semel
1700 4869 1781 4907 me
1820 4855 2006 4923 projici
2031 4856 2082 4907 in
2103 4856 2359 4917 lebetem,

798 4950 891 5002 sed
929 4948 1187 5018 paulatim
1220 4947 1456 5009 demitti,
1486 4954 1543 4998 ut
1580 4947 1731 4999 noris
1771 4950 2033 5016 quantum
2087 4946 2363 5023 patientia:

798 5040 1053 5096 Cbrisuus
1088 5037 1219 5090 mihi
1255 5037 1443 5090 donet.

871 5262 960 5315 XI.
996 5263 1117 5330 lpsa
1150 5262 1334 5331 itaque
1366 5262 1418 5316 in
1458 5261 1689 5316 lebetem
1731 5263 1948 5333 injecta,
1978 5265 2141 5317 simul
2206 5274 2371 5334 atque

799 5355 890 5423 pix
916 5354 979 5407 ad
1013 5355 1207 5405 collum
1235 5355 1507 5421 pervenit,
1541 5355 1790 5421 spiritum
1822 5372 1977 5409 suum
2012 5357 2251 5410 tradidit.
2284 5359 2375 5411 Vi-

800 5449 961 5509 detis,
994 5446 1141 5516 quod
1176 5446 1395 5510 mulier,
1448 5462 1570 5515 quae
1623 5456 1741 5501 erat
1807 5447 1922 5501 sola
1981 5459 2035 5501 et
2072 5450 2267 5503 ancilla
2320 5460 2374 5503 et

844 5614 860 5640 "
910 5614 1099 5668 Matth.
1161 5630 1212 5680 κ,
1257 5615 1346 5682 39,
1397 5616 1488 5671 53.

2473 4586 2530 4637 δὲ
2573 4584 2838 4654 ἡγεμόνος
2877 4584 3241 4654 φοϐήσαντος,
3266 4587 3345 4637 ὅτι
3376 4589 3431 4637 ὲν
3467 4586 3541 4651 τῷ
3570 4586 3759 4654 λέὁητί
3788 4606 3847 4640 σε
3880 4591 4049 4659 ἐμεά-

2473 4677 2567 4738 λω,
2604 4677 2961 4742 συγκαίεσυαι
2992 4681 3053 4743 τῇ
3090 4677 3256 4743 πίσσῃ
3292 4676 3365 4737 ὡς
3394 4677 3728 4745 Χριστιανὴν
3773 4678 3943 4731 οὖσιν
3969 4698 3982 4709 ·
4017 4684 4049 4750 η

2470 4770 2526 4819 δὲ
2554 4764 2704 4823 εἶπεν
2740 4767 2886 4835 αὐτῷ
2917 4768 3014 4835 τὴν
3047 4769 3290 4835 κεφαλήν
3316 4784 3396 4819 σοι
3424 4768 3515 4820 τοῦ
3543 4770 3835 4837 βασιλέως,
3863 4774 4049 4843 ἐπειδὴ

2476 4860 2608 4911 πολὺ
2646 4859 2780 4929 φοϐῇ
2817 4861 2997 4922 αὑτὸν,
3037 4863 3110 4929 μὴ
3149 4862 3426 4922 κελεύσεις
3466 4863 3572 4914 ἀπὸ
3612 4864 3765 4928 ἅπαξ
3822 4868 4048 4935 ῥιφῆναί

2478 4969 2543 5020 με
2593 4954 2649 5002 ἐν
2707 4952 2781 5019 τῷ
2845 4951 3061 5018 λέϐητι,
3117 4952 3251 5005 ἀλλὰ
3306 4956 3444 5005 κατὰ
3505 4956 3703 5022 μικρὸν
3774 4960 4053 5027 χαλασυή-

2477 5062 2584 5105 ναι,
2639 5046 2721 5094 ἵνα
2782 5043 2946 5112 γνῷς,
3000 5045 3171 5112 πόσην
3241 5062 3332 5112 μοι
3384 5046 3658 5115 ὑπομονὴν
3723 5050 3750 5097 ό
3815 5050 4051 5117 Χριστὸς

2470 5140 2781 5207 χαρίζεται.

2540 5259 2641 5311 IA'.
2672 5260 2778 5311 Καὶ
2818 5258 3108 5328 βληθείσης
3145 5261 3312 5329 αὐτῆς
3337 5261 3393 5312 ἐν
3417 5261 3493 5329 τῷ
3516 5260 3726 5330 λέϐητι,
3765 5261 3843 5325 ὡς
3888 5258 4053 5331 ἦλθεν

2632 5352 2723 5403 τὸν
2754 5354 3027 5421 τράχηλον
3071 5358 3102 5421 η
3169 5354 3358 5418 πίσπα,
3418 5354 3670 5406 ἀπέδωκε
3717 5356 3817 5423 τὴν
3868 5356 4049 5423 ψυχὴν

2473 5447 2664 5516 αὐτῆς.
2716 5448 2931 5518 Ὀρᾶτε,
2965 5448 3048 5499 ὅτι
3083 5447 3218 5517 γυνὴ
3250 5447 3385 5517 μόνη
3433 5446 3523 5499 καὶ
3556 5446 3725 5519 δούλη
3771 5449 4051 5517 ὑπάρχου-

874 5769 948 5831 (:2;
993 5771 1062 5823 De
1096 5773 1193 5827 hac
1227 5772 1263 5828 S
1320 5773 1637 5832 Potamicna
1667 5778 1886 5845 juniore
1916 5787 2095 5832 actum
2129 5786 2260 5831 toto.
2304 5777 2365 5831 ll.
2410 5779 2553 5832 Junii
2583 5797 2703 5848 pag.
2736 5782 2788 5837 6.
