4188 6310
179 329 266 390 333

1066 322 1537 383 MARTYRIUM
1579 322 1685 382 SS.
1731 323 1876 381 XLV
1915 319 2369 384 MARTYRUM.

3254 323 3354 387 334

169 455 242 498 σα,
267 438 343 490 καὶ
374 436 446 506 μὴ
476 435 672 506 ἔχουσα
701 438 897 505 ἐαυτῆς
923 436 1194 502 ἐξουσίαν,
1225 436 1396 498 οὕτως
1426 439 1490 505 τῇ
1520 435 1694 505 μεγά-
1723 489 1727 498 ,

1808 453 1914 505 quae
1937 453 2043 491 non
2083 438 2318 492 habebat
2350 445 2675 508 potestatem
2701 439 2784 493 sui
2820 439 3014 509 ipsius,
3037 452 3142 496 tam
3170 456 3362 513 magna

167 527 222 594 λῇ
264 527 484 595 ὑπομονῇ
550 527 850 596 κατῄσχυνε
883 526 972 577 τὸν
1005 527 1289 595 τύραννον.
1327 525 1390 577 Τί
1436 525 1500 577 ἂν
1533 525 1697 576 εἴποι-

167 635 252 688 μεν
279 620 462 688 ὴμεῖςς
501 618 530 688 ἢ
569 620 699 672 ποία
733 616 1025 687 ὑπέρθεσις
1062 619 1213 669 ἔσται
1267 617 1363 670 τοῦ
1399 617 1473 686 μὴ
1504 617 1701 670 ἀποθαο

167 715 257 764 νεῖν
291 714 414 782 ὑπὲρ
451 712 542 766 τοῦ
578 712 782 781 Κυρίου
819 709 975 779 ἡμῶν
1017 709 1186 780 Ἰησοῦ
1228 711 1502 781 Χριστοῦ;
1545 711 1696 763 Μετὰ

166 809 260 876 γὰρ
294 806 381 876 τὴν
420 806 704 858 τελείωσιν
746 803 901 870 ἡμῶν
965 804 1020 856 αἱ
1064 803 1164 874 μὲν
1196 802 1364 872 ψυχαὶ
1404 804 1560 872 ἡμῶν
1599 802 1700 854 ὑπὸ

166 900 311 966 ἁγίων
344 899 588 964 ἀγγέλων
624 894 1074 964 δορυφοροῦνται,
1115 895 1207 947 καὶ
1251 897 1308 947 ἐν
1339 897 1403 963 τῇ
1451 894 1699 964 βασιλείᾳ

163 989 257 1041 τῶν
302 989 536 1057 οὐρανῶν
592 989 848 1053 στέφανοι
897 988 990 1039 καὶ
1044 988 1202 1054 τιμαὶ
1255 987 1499 1037 ἔσονται⁶
1537 987 1606 1036 τὰ
1644 985 1699 1038 δὲ

163 1081 360 1149 λείψανα
416 1079 574 1147 ἡμῶν
623 1078 763 1146 μετὰ
814 1080 986 1146 χαρᾶς
1036 1079 1128 1130 καὶ
1152 1077 1311 1146 δόξης
1342 1078 1481 1129 κατὰ
1518 1078 1700 1129 πᾶσαν

164 1172 249 1240 τὴν
287 1170 601 1240 οἰκουμένην
660 1169 1059 1236 ἐκπέμπονται.
1121 1167 1231 1219 Καὶ
1276 1166 1452 1218 ταῦτα
1504 1165 1695 1227 εἰπὼν,

165 1263 346 1322 πάντας
379 1257 972 1330 παρεθάρρυνεν,ὣστε
1009 1258 1104 1310 καὶ
1136 1259 1334 1314 αὐτοὺς
1363 1258 1561 1310 εἰπεῖν.
1595 1257 1700 1308 Τοῦ

163 1356 344 1420 Κυρίου
398 1353 459 1405 τὸ
511 1353 721 1423 θέλημα
769 1352 1032 1419 γενέσθω.
1099 1351 1395 1412 Καύσωνος
1443 1350 1499 1401 δὲ
1551 1349 1703 1411 ὄντος

159 1446 428 1514 ἀφορήτου,
453 1445 618 1516 ἡνίκα
671 1444 842 1496 ταῦτα
896 1447 1013 1505 τοῖς
1061 1443 1238 1509 ἁγίοις
1269 1443 1573 1503 συνέϐαινε,
1609 1440 1705 1493 καὶ

161 1537 511 1606 ἐκκαιομένων
557 1535 734 1587 αὐτῶν
781 1539 845 1604 τῇ
891 1534 1038 1602 δίψη,
1067 1534 1160 1584 καὶ
1202 1531 1559 1600 κωλυομένων
1595 1530 1703 1581 τῶν

157 1627 350 1680 οἰκείων
379 1626 655 1680 ἐπιδοῦναι
703 1628 884 1690 αὐτοῖς
925 1627 1109 1696 ἄρτον,
1161 1625 1193 1695 ἢ
1233 1624 1398 1693 ὕδωρ,
1442 1624 1578 1693 γυνή
1620 1639 1705 1683 τις

157 1720 394 1790 θεοσεσης
432 1721 656 1788 ὀνόματι
692 1720 959 1788 Βασιανὴ,
985 1717 1334 1786 εὐσχημόνως
1365 1715 1700 1785 ἐνδυσαμένη

1801 529 2064 598 patientia
2101 537 2387 599 tyrannum
2422 529 2754 584 confuderit.
2787 531 2926 596 Quid
2959 548 3091 602 ergo
3121 547 3222 588 nos
3281 536 3368 588 di-

1802 623 2024 675 eemus?
2047 632 2140 675 aut
2174 622 2351 692 qualis
2376 623 2564 678 dilatio
2585 624 2691 677 erit
2717 639 2824 678 non
2849 625 2987 678 mori
3015 640 3112 695 pro
3133 626 3366 681 Domino

1804 725 1991 769 nostro
2020 716 2147 769 Jesu
2190 715 2446 772 Christo?
2478 716 2610 769 Nam
2644 725 2766 784 post
2813 727 3044 770 mortem
3097 728 3366 781 nostram,

1803 808 1999 860 animae
2034 817 2235 862 nostrae
2265 818 2578 862 sanctorum
2619 809 2936 878 angelorum
2977 811 3236 864 satellitio
3270 813 3368 865 sti-

1803 900 2113 968 pabuntur;
2145 911 2200 953 et
2227 900 2278 952 in
2316 915 2485 969 regno
2511 899 2773 953 ctelorum
2812 915 3032 955 coronte
3059 911 3112 955 et
3136 903 3371 955 honores

1801 1001 2002 1044 erunt:
2036 992 2281 1059 reliquiae
2314 1000 2495 1043 autem
2521 1002 2721 1049 nostra!
2743 1008 2865 1046 cum
2917 993 3115 1061 gaudio
3165 1004 3223 1047 et
3271 994 3374 1047 ho-

1804 1096 1938 1135 nore
1963 1097 2059 1150 per
2081 1083 2397 1136 universum
2424 1081 2614 1136 orbem
2643 1084 3110 1137 trausmittentur.
3137 1082 3262 1138 Hac
3293 1085 3373 1138 la-

1805 1179 1918 1233 tus,
1977 1172 2234 1225 omnibus
2256 1172 2469 1224 animos
2501 1172 2734 1235 addidit,
2794 1173 2930 1229 adeo
2961 1181 3018 1226 ut
3081 1175 3180 1244 ipsi
3233 1189 3375 1242 quo-

1806 1280 1912 1334 que
1952 1264 2242 1318 dicerent:
2276 1265 2491 1319 Domini
2523 1265 2776 1319 voluntas
2826 1265 2942 1318 fiat.
2997 1267 3134 1322 Cum
3192 1277 3374 1321 autent

1805 1373 1915 1427 quo
1957 1366 2199 1426 tempore
2232 1357 2347 1411 haec
2379 1359 2704 1413 eveniebant
2751 1359 2975 1423 sanctis,
3027 1369 3193 1415 aestus
3233 1373 3379 1416 esset

1809 1449 2192 1513 intolerabilis,
2222 1459 2277 1503 et
2316 1466 2426 1518 pra:
2459 1450 2547 1504 siti
2577 1461 2977 1515 exurerentur;
3016 1467 3251 1521 eumque
3295 1452 3380 1506 in-

1805 1555 1972 1610 super
2000 1541 2358 1595 interdictum
2381 1541 2700 1595 domesticis
2733 1552 2880 1596 esset
2906 1542 3152 1610 praebere
3178 1541 3257 1594 eis
3285 1556 3382 1611 pa-

1807 1645 1932 1685 nem
1965 1639 2061 1683 aut
2096 1645 2315 1698 aquam,
2350 1630 2546 1684 mulier
2576 1629 2822 1699 quaedam
2856 1632 2962 1698 pia,
3006 1631 3231 1685 nomine
3275 1631 3381 1684 Ba-

1809 1725 1984 1786 siana,
2008 1723 2264 1777 muliebri
2291 1724 2491 1778 amictu
2547 1723 2748 1778 decore
2779 1723 2989 1786 induta,
3022 1723 3252 1777 maiorio
3301 1724 3381 1793 t5)

156 1812 247 1882 τὴν
290 1813 596 1879 γυναικείαν
651 1812 864 1882 στολὴν,
905 1812 1001 1865 καὶ
1049 1811 1314 1880 μαφόριον
1370 1808 1708 1877 πλατύτερον

1811 1819 2028 1879 latiore,
2093 1831 2256 1886 quam
2319 1815 2548 1879 solebat,
2593 1815 2953 1880 circumdata,
2992 1816 3200 1883 poculis
3229 1829 3384 1884 aqua:

157 1906 248 1973 τῆς
275 1904 551 1975 συνηθείας
580 1904 1036 1974 περιϐαλλομένη,
1074 1902 1328 1962 κώθωνας
1359 1900 1549 1963 ὓδατος
1573 1900 1708 1968 πλή-

157 2015 265 2067 ρεις
296 1997 690 2067 διαζωσαμένη,
747 1997 839 2050 καὶ
892 1997 966 2058 ὼς
999 1993 1338 2061 ἐπισκέψεως
1381 1993 1541 2061 χάριν
1571 1994 1702 2043 ἀνυ-

155 2094 363 2152 nemo);
388 2091 520 2160 πρὸς
544 2091 735 2150 αὐτοὺς
761 2087 1208 2157 είσπορευομένη,
1232 2084 1477 2146 ἐπότιζεν
1506 2083 1704 2144 αὐτοὺς

154 2183 528 2245 λανθανόντως.

1813 1910 1990 1980 plenis
2014 1910 2192 1962 cincta
2225 1917 2279 1962 et
2310 1919 2564 1975 tanquam
2596 1908 2807 1962 visendi
2834 1909 3004 1976 gratia
3033 1907 3152 1961 sine
3204 1905 3384 1975 suspi-

1814 2004 1971 2056 cione
2005 2001 2072 2054 ad
2103 2015 2197 2054 eos
2225 1999 2490 2070 profecta,
2517 2000 2655 2053 clam
2690 1999 2824 2068 ipsis
2849 2010 3036 2068 potum
3069 1998 3239 2052 dedit.

1578 2329 1805 2386 CAPUT
1847 2329 1938 2384 lli.

574 2457 759 2514 Sancti
797 2459 999 2526 {rustra
1043 2455 1116 2508 ad
1158 2454 1359 2526 cultum
1408 2451 1626 2526 deorum
1663 2452 1993 2526 incitantur;
2125 2446 2249 2502 deos
2283 2457 2332 2501 et
2379 2457 2666 2518 tyranuum
2695 2448 2956 2501 invehitur

1073 2536 1290 2579 sanctus
1324 2523 1602 2587 Leontius;
1647 2523 1789 2576 clam
1845 2539 1877 2573 α
1919 2522 2137 2573 muliere
2177 2527 2451 2589 potautur.

225 2658 324 2715 lB’.
371 2653 937 2724 Διανυκτερεύσαντες
993 2653 1050 2705 δὲ
1102 2653 1158 2704 ἐν
1206 2652 1284 2719 τῷ
1341 2651 1521 2702 σκότει
1575 2643 1716 2718 ἦσαν

151 2750 569 2821 ἀγαλλιώμενοι,
602 2747 678 2810 ὡς
705 2748 760 2800 ἐν
793 2747 997 2817 ἡμέρᾳ,
1025 2744 1118 2797 καὶ
1152 2743 1379 2811 ἔψαλλον
1408 2742 1545 2811 ὁμοῦ
1578 2743 1718 2794 πάν-

151 2862 241 2907 τες
264 2844 528 2909 λέγοντες
548 2859 567 2892 ‹
595 2837 807 2903 Ἐξελοῦ
830 2855 894 2907 με
919 2839 983 2888 ἐκ
1004 2836 1112 2887 τῶν
1131 2834 1340 2904 ἐχθρῶν
1370 2850 1493 2903 μου,
1511 2833 1539 2884 ὁ
1564 2832 1714 2896 Θεὸς,

151 2938 245 2988 καὶ
307 2937 369 2986 ἐκ
415 2935 522 2984 τών
553 2931 1007 2999 ἐπανισταμένων
1039 2928 1124 2980 ἐπ’
1154 2928 1254 2996 ἐμὲ
1298 2925 1569 2996 λύτρωσαὶ
1617 2938 1716 2994 με’

153 3027 313 3096 ῥῦσαί
345 3042 410 3090 με
447 3027 512 3076 ἐκ
542 3023 652 3074 τῶν
681 3021 1069 3090 ἐργαζομένων
1113 3021 1210 3088 τὴν
1242 3021 1497 3088 ἀνομίαν,
1530 3019 1624 3070 καὶ
1656 3017 1717 3081 ἐξ

146 3117 356 3187 ἀνδρῶν
404 3117 650 3185 αἱμάτων
687 3113 856 3166 σῶσόν
902 3130 989 3181 με,
1019 3131 1036 3161 ι
1080 3113 1173 3163 καὶ
1229 3112 1296 3163 τὰ
1323 3112 1469 3176 ἑξῆς.
1503 3113 1566 3162 Ol
1612 3111 1719 3181 γὰρ

148 3212 396 3264 πλεῖστοι
419 3210 596 3266 αὐτῶν
626 3209 825 3279 νεαρᾶς
846 3207 1062 3279 ἡλικίας
1097 3200 1236 3278 ἦσαν
1268 3203 1718 3276 ἐκμεμαθηκότες

145 3306 273 3368 τοὺς
304 3306 575 3374 ψαλμοὺς.
612 3302 727 3356 Καὶ
762 3301 1082 3359 τελέσαντες
1121 3300 1221 3366 τὴν
1268 3297 1588 3365 νυκτερινὴν
1631 3296 1722 3345 es.

144 3402 270 3470 χὴν,
307 3397 574 3462 ἐκάθηντο
622 3395 964 3464 ἐκδεχόμενοι
993 3393 1087 3461 τὴν
1119 3390 1269 3460 παρὰ
1299 3389 1391 3440 τοῦ
1425 3387 1559 3439 Θεοῦ
1597 3386 1721 3457 βοή-

140 3495 324 3545 θειαν.
390 3488 450 3539 ’0
501 3488 557 3538 δὲ
612 3487 771 3548 δοὺξ,
808 3489 864 3536 ἐν
918 3485 1160 3552 φροντίδι
1217 3482 1527 3548 γενόμενος,
1592 3479 1722 3549 ποίᾳ

147 3579 397 3652 τιμωρία
452 3577 670 3630 κολάσει
713 3577 840 3638 τοὺς
889 3575 1099 3642 ἁγίους,
1134 3573 1336 3634 ἄϋπνος
1365 3573 1590 3624 διετέλει
1625 3574 1724 3640 τὴν

139 3674 348 3727 νύκτα.
403 3673 534 3740 Περὶ
580 3670 636 3722 δὲ
694 3671 783 3723 τὸν
817 3666 1011 3738 ὄρθρον
1064 3664 1490 3733 ἀφυπνώσαντος
1532 3663 1722 3729 αὑτοῦ,

142 3769 406 3837 παρέστη
451 3765 599 3831 αὐτῷ
642 3766 670 3816 ό
706 3765 968 3826 Σατανᾶς,
1002 3765 1213 3828 λέγων·
1259 3760 1561 3829 Ἀνδρίζου,
1609 3760 1720 3811 Λυ-

143 3863 282 3915 σία·
346 3857 456 3924 ἐγὼ
509 3859 617 3924 γάρ
671 3858 783 3924 είμι
840 3859 868 3908 ὁ
930 3856 1277 3924 Ἀσκληπιὸς,
1342 3858 1422 3917 εἰς
1478 3855 1535 3906 ὃν
1595 3853 1723 3921 χθὲς

137 3952 374 4021 ὤμνυες
399 3965 412 3978 ·
448 3949 584 4001 ἀλλὰ
632 3948 870 4012 ἀναστὰς
901 3949 1214 4017 τιμώρησον
1255 3948 1377 4009 τοὺς
1408 3946 1726 4018 ἀνθρώπους

136 4045 418 4105 τούτουςσ
451 4041 596 4106 ἅπαξ
663 4044 770 4111 γὰρ
828 4043 1319 4111 βλασφημήσαντες
1369 4043 1461 4093 καὶ
1508 4039 1726 4108 ἐνυϐρί-

139 4153 354 4200 σαντες
405 4133 505 4188 ούκ
543 4136 680 4187 είσιν
707 4133 846 4196 ἄξιοι
887 4135 983 4201 τῆς
1016 4134 1286 4201 ἡμετέρας
1321 4132 1573 4200 θεότητος
1597 4147 1614 4162 .
1643 4130 1727 4194 ξέ,

138 4249 244 4285 σον
279 4227 378 4284 οῦν
399 4227 623 4289 αὐτούς’
653 4223 768 4278 οἰδα
811 4225 920 4296 γὰρ
959 4225 1058 4293 τὴν
1106 4225 1356 4276 ἔνστασιν
1403 4223 1604 4290 αὐτῶν,
1647 4224 1728 4276 ὅτι

129 4321 274 4375 οὔτε
310 4321 533 4373 θύουσιν
560 4321 711 4389 ἡμῖν,
744 4315 865 4370 οὕτε
911 4315 1306 4386 προσκυνοῦσιν
1331 4330 1346 4346 ο
1408 4314 1580 4367 πολλὰ
1621 4314 1728 4381 γὰρ

1885 2645 2000 2700 Xll.
2030 2646 2166 2700 Dum
2202 2661 2334 2701 vero
2373 2653 2780 2716 pernoctarent,
2810 2645 2864 2700 in
2901 2647 3141 2703 tenebris
3161 2657 3270 2703 tam
3293 2665 3388 2704 ex-

1817 2741 2094 2796 sultabant
2129 2755 2292 2809 quam
2335 2739 2388 2792 in
2415 2741 2557 2804 luce,
2589 2739 2988 2808 cantabantque
3023 2757 3128 2795 una
3159 2757 3383 2797 omnes:

1824 2851 1841 2883 ι
1877 2833 2039 2900 Eripe
2073 2848 2157 2887 me
2183 2833 2249 2886 dc
2280 2831 2539 2893 inimicis,
2575 2832 2717 2884 Deus
2763 2846 2938 2895 meus,
2975 2841 3030 2886 et
3080 2834 3148 2888 ab
3201 2836 3387 2890 insur-

1817 2924 2073 2995 gentibus
2102 2927 2153 2976 in
2190 2938 2275 2976 me
2305 2923 2511 2977 redime
2538 2937 2644 2976 me.
2681 2922 2875 2978 Libera
2926 2940 3010 2978 me
3043 2927 3110 2980 ab
3153 2942 3388 2996 operan-

1825 3017 1973 3070 tibus
1991 3015 2358 3085 iniquitatem,
2391 3015 2529 3068 etde
2553 3015 2685 3069 viris
2703 3017 3027 3086 sanguinum
3043 3020 3190 3074 salva
3206 3036 3291 3077 me
3308 3022 3349 3085 ',
3364 3041 3383 3072 ο

1824 3120 1930 3164 etc.
1955 3109 2168 3178 Quippe
2205 3110 2426 3177 plurimi
2464 3109 2680 3161 illorum
2707 3111 2775 3163 ab
2813 3111 3037 3165 ineunte
3060 3123 3218 3168 aetate
3245 3116 3391 3184 psal-

1824 3215 1944 3258 mos
2002 3201 2426 3273 perdidiceranl.
2473 3199 2766 3260 Nocturnis
2821 3205 3076 3277 precibus
3125 3206 3392 3265 absolutis

1826 3295 2111 3356 sedebant,
2164 3308 2545 3365 exspectantes
2595 3314 2623 3352 a
2678 3299 2786 3352 Deo
2841 3301 3126 3354 auxilium.
3167 3303 3386 3365 Atdux.

1825 3401 1954 3440 cura
1985 3385 2272 3441 confectus
2325 3403 2563 3458 quonam
2593 3385 2859 3459 supplicio
2882 3399 3101 3448 sanctos
3129 3393 3389 3453 alliceret.

1828 3489 2042 3531 noctem
2076 3479 2405 3549 transigebat
2435 3480 2719 3535 insomnis.
2746 3482 2850 3536 Sed
2883 3484 2973 3537 ubi
3007 3485 3110 3539 sub
3139 3502 3392 3541 auroram

1827 3572 2275 3634 obdormivisset,
2328 3570 2539 3626 adstitit
2603 3573 2736 3642 ipsis
2783 3575 3035 3641 Satanas,
3099 3593 3163 3633 ac
3226 3579 3390 3635 dixit:

1828 3661 1997 3715 Macte
2049 3661 2266 3724 animis,
2338 3663 2536 3732 Lysia:
2594 3680 2695 3736 ego
2753 3683 2990 3737 namque
3046 3669 3392 3742 Esculapius

1829 3769 1972 3812 sum,
2002 3769 2100 3820 per
2129 3769 2290 3822 quem
2335 3754 2593 3808 hesterno
2639 3757 2726 3810 die
2775 3760 2997 3827 jurasti,
3047 3773 3295 3817 atstrato
3342 3773 3394 3817 te

1828 3846 2072 3914 proripe,
2102 3856 2157 3899 et
2187 3847 2307 3899 illos
2332 3847 2582 3902 homines
2620 3849 2827 3917 plecte:
2886 3867 3009 3905 nam
3058 3854 3226 3909 semel
3279 3856 3396 3909 bla—

1830 3939 2098 4009 sphcmiis
2126 3947 2180 3992 et
2207 3938 2426 4009 injuriis
2478 3940 2561 3992 usi
2609 3942 2894 3997 divinitate
2945 3958 3131 3998 nosua
3186 3947 3394 4018 indigni

1831 4043 1979 4087 sunt.
2007 4032 2168 4087 Proin
2196 4032 2342 4085 caede
2397 4031 2552 4093 illos;
2616 4032 2730 4086 scio
2791 4033 2992 4102 quippe
3032 4037 3396 4104 pervicaciam

1833 4126 2095 4193 ipsorum,
2129 4122 2276 4190 quod
2311 4137 2411 4176 nec
2436 4123 2594 4175 nobis
2617 4125 2728 4178 sint
2751 4124 3132 4191 sacrificaturi,
3157 4143 3258 4184 nec
3281 4129 3401 4184 cul-

1832 4225 1947 4269 tum
1988 4214 2243 4278 delatori,
2269 4229 2390 4268 nam
2411 4213 2582 4267 multa
2612 4215 2898 4269 adversum
2945 4231 3030 4271 me
3061 4220 3320 4274 dixerunt
3344 4222 3399 4276 in

1833 4325 2076 4365 carcere.
2105 4309 2224 4362 Mox
2249 4323 2378 4377 ergo
2405 4309 2682 4364 confracta
2716 4309 2954 4378 ipsorum
2997 4326 3119 4365 ossa
3167 4311 3399 4371 ﬂammis

130 4409 346 4474 ελεγον
395 4407 512 4457 κατ’
545 4407 678 4473 ἐμοῦ
713 4409 769 4457 ἐν
799 4409 864 4476 τῇ
902 4406 1142 4474 φυλακῇ.
1175 4405 1350 4466 Εὐθὺς
1374 4403 1490 4468 οὖν,
1519 4403 1724 4465 κλάσας

1831 4402 2115 4462 combure,
2146 4411 2203 4455 et
2222 4400 2444 4452 ﬂuvium
2471 4399 2668 4469 Lycum
2696 4401 2932 4468 inquire,
2955 4410 3010 4456 et
3041 4402 3116 4456 ibi
3139 4404 3253 4458 haec
3283 4405 3400 4461 dis-

130 4498 339 4552 αύτῶν
369 4500 436 4552 τὰ
473 4498 626 4564 ὀστᾶ,
665 4499 869 4551 καῦσον
905 4499 1043 4551 αὐτὰ
1078 4500 1230 4566 πυρὶ,
1265 4501 1359 4550 καὶ
1400 4498 1728 4567 ἐπιζήτησον

127 4593 239 4646 τὸν
284 4589 470 4644 Λύκον
504 4590 770 4658 ποταμὸν,
824 4589 917 4642 καὶ
964 4591 1080 4643 ἐκεῖ
1117 4588 1258 4642 αὐτὰ
1297 4588 1596 4642 ἀπόλεσον·
1639 4603 1733 4654 φο-

123 4686 365 4755 ϐοῦμαι
392 4686 500 4754 γὰρ
530 4686 601 4754 μή
637 4701 774 4748 πως,
807 4685 902 4736 ἐὰν
929 4682 1162 4753 εὕρωσιν
1195 4684 1335 4736 αὐτὰ
1371 4682 1419 4735 oi
1463 4682 1732 4752 Χριστια-

122 4781 248 4842 νοὶ,
295 4779 762 4848 οίκοδομήσαντες
805 4783 988 4840 οὶκους
1044 4775 1313 4846 μεγάλους
1367 4776 1457 4826 καὶ
1494 4791 1729 4844 περιφα-

121 4872 283 4932 νεῖς,
333 4871 456 4920 ἐκεῖ
481 4869 677 4932 αὐτοὺς
710 4868 1106 4938 κατορύξωσιν,
1151 4867 1436 4926 κάκείνους
1478 4865 1729 4923 σέϐοντες

121 4965 241 5018 καὶ
278 4959 576 5032 τιμῶντες,
617 4963 714 5030 ἐμὲ
746 4959 1206 5025 ἑξουθενίσουσιν’
1246 4957 1448 5028 σπουδῇ
1493 4953 1586 5010 οὖν
1630 4958 1733 5010 ἁπ-

116 5059 345 5111 ὁλεσον
368 5051 586 5115 αὐτούς.

205 5147 329 5202 ll".
380 5143 645 5207 Ἀναστὰς
685 5138 779 5194 οὖν
814 5145 841 5193 ό
887 5141 1016 5207 δουξ
1048 5142 1106 5193 τδ
1137 5139 1282 5209 πρωϊ
1332 5139 1468 5209 μετὰ
1503 5139 1738 5208 σπουδῆς

115 5239 364 5306 πολλῆς
419 5239 512 5290 καὶ
564 5235 887 5305 φαντασίας,
933 5235 1027 5287 καὶ
1069 5233 1310 5304 πλήθους
1361 5231 1736 5300 στρατιωτῶν,

113 5336 232 5386 καὶ
277 5329 534 5397 ἐξελθὼν
572 5329 676 5392 ἔξω
701 5330 802 5398 τῆς
834 5329 1042 5391 πόλεως
1081 5327 1158 5390 ὡς
1191 5328 1299 5381 ἀπὸ
1340 5325 1602 5396 βημάτων
1638 5319 1734 5394 ρν’,

111 5429 232 5480 καὶ
277 5425 475 5491 εὑρὼν
504 5426 669 5478 τόπον
713 5423 1066 5492 ὑψηλότερον,
1110 5420 1344 5484 καθίσας
1386 5421 1478 5473 ἐπὶ
1511 5418 1602 5470 τοῦ
1637 5417 1732 5487 βή-

156 5591 185 5623 ⁵
233 5589 405 5645 Psal.
447 5601 602 5650 Lvtu,
656 5584 798 5655 ΜΞ,
841 5585 895 5641 '5.

1835 4493 2024 4563 perde.
2063 4493 2132 4547 At
2165 4492 2313 4547 enim
2341 4505 2555 4553 vereor,
2581 4507 2672 4555 ne,
2706 4491 2750 4545 si
2771 4489 3065 4549 Christiani
3097 4495 3398 4561 inveniant,

1837 4588 1930 4658 qui
1965 4586 2158 4640 domos
2183 4600 2402 4655 magnas
2435 4583 2778 4638 :ediiicarunt
2809 4595 2862 4638 et
2889 4586 3152 4651 illustres,
3197 4588 3402 4642 ibidem

1838 4693 1933 4732 eos
1963 4677 2267 4742 dcfodiant,
2302 4677 2535 4747 illosque
2589 4679 2899 4732 reverentia
2927 4688 2982 4734 et
3019 4679 3227 4734 honore
3281 4697 3405 4751 per-

1837 4783 2133 4842 sequentes
2167 4787 2250 4825 me
2279 4771 2635 4840 pessumdent
2662 4787 2675 4822 :
2702 4770 2871 4839 perde
2905 4771 3085 4840 itaque
3111 4773 3258 4841 ipsos
3285 4775 3404 4829 sine

1842 4881 2014 4918 mora.

1907 5132 2046 5188 λιιι.
2097 5132 2215 5186 Dux
2263 5127 2444 5197 itaque
2495 5141 2617 5181 cum
2651 5140 2808 5181 mane
2853 5126 3182 5182 surrexisset
3237 5129 3405 5182 multa

1836 5243 1961 5283 cum
2033 5222 2408 5283 festinatione,
2487 5219 2718 5275 visionis
2777 5218 3013 5289 imagine
3051 5233 3115 5274 ac
3167 5218 3403 5279 militum

1839 5318 2215 5383 multitudine,
2247 5328 2412 5388 atque
2431 5329 2687 5386 egressus
2737 5319 2884 5367 esset
2936 5320 3083 5366 extra
3127 5311 3404 5365 civitatem

1841 5415 1994 5482 quasi
2022 5409 2089 5466 ad
2139 5411 2371 5481 spatium
2396 5423 2653 5479 passuum
2681 5414 2902 5461 centum
2933 5413 2988 5460 et
3017 5402 3410 5475 quinquaginta

195 5751 294 5818 ('5)
346 5747 466 5802 Vox
527 5746 628 5798 ista
697 5743 966 5812 signiﬁcat
1043 5743 1446 5810 operimentum
1505 5735 1733 5806 capitis,
1778 5735 2008 5788 maxime
2037 5733 2383 5793 feminarum,
2422 5728 2487 5783 de
2522 5746 2623 5797 qua
2655 5727 2910 5795 Cangius.
