4188 6310
782 358 884 422 335

776 566 985 631 bunali,
1022 577 1242 622 sanctos
1289 569 1499 622 accersi
1553 569 1739 638 jussit.
1774 568 1884 620 Nec
1928 584 2076 621 mura
2104 587 2115 619 :
2146 570 2348 623 milites

772 661 1049 729 t'jt‘N‘I’Ulll
1078 661 1243 728 ipsos,
1283 676 1345 714 ac
1406 661 1617 715 vinctos
1653 661 1934 715 stiterunt.
1991 661 2102 715 Dux
2162 671 2343 716 autem

775 752 880 803 liso
906 752 1101 805 obtutu
1131 752 1253 805 illos
1279 767 1585 820 pererrans,
1614 752 1696 806 sic
1734 752 1882 805 fatur
1913 768 1925 804 :
1960 752 2122 805 Scitis
2146 768 2345 821 peper-

770 847 914 901 cisse
944 862 1032 900 me
1062 848 1219 901 vobis
1251 846 1396 911 beri,
1431 861 1500 900 ne
1541 848 1836 900 tormentis
1866 844 2346 909 cruciaremiui,et

771 940 823 992 in
867 939 1194 993 hodiernum
1225 953 1397 1007 usque
1427 936 1571 991 diem
1598 936 1929 998 connivisse,
1965 948 2024 989 ut
2058 935 2219 990 hodie
2236 935 2344 990 diis

766 1030 1162 1092 sacriﬁcantes,
1206 1029 1633 1097 imperatoribus
1668 1028 1808 1083 ﬁatis
1841 1027 2025 1090 amici,
2051 1036 2107 1082 et
2158 1027 2339 1092 nobis;

765 1135 820 1179 et
850 1133 1137 1194 postquam
1172 1130 1416 1177 vestrum
1448 1120 1683 1191 quilibet
1710 1119 2105 1175 sacriﬁcaverit
2139 1119 2205 1174 ad
2236 1119 2344 1173 du-

764 1228 956 1272 centos
991 1231 1190 1271 aureos
1211 1215 1466 1286 accipiat,
1497 1224 1788 1284 vestesque
1818 1223 1875 1268 et
1921 1214 2064 1267 dona
2098 1212 2205 1266 alia
2240 1212 2343 1265 im-

763 1310 1061 1380 peratoria.
1105 1308 1244 1363 Ecce
1270 1309 1443 1373 enim,
1468 1308 1760 1378 plerosque
1790 1314 2032 1361 vestrum
2069 1303 2342 1360 sacriﬁca-

762 1417 820 1454 re.
860 1402 995 1454 velle
1027 1399 1216 1465 video;
1251 1399 1295 1453 si
1321 1415 1450 1469 ergo
1501 1413 1709 1452 morem
1765 1397 1901 1451 mibi
1960 1396 2184 1465 geratis,
2216 1410 2342 1449 mox

761 1504 950 1548 tauros
972 1493 1078 1547 huc
1100 1491 1299 1550 adduci
1326 1490 1601 1552 mandavi,
1629 1498 1687 1542 ut
1708 1488 1816 1543 diis
1840 1488 2157 1548 immoletis,
2181 1502 2345 1556 pran-

759 1585 912 1640 dium
945 1584 1103 1639 vobis
1158 1592 1404 1653 paretur,
1464 1590 1522 1637 et
1606 1580 1751 1635 inter
1808 1579 2000 1649 epulas
2055 1576 2344 1647 splendida

758 1692 981 1747 quoque
1012 1675 1299 1744 accipiatis
1327 1675 1488 1727 dona.
1525 1670 1621 1726 Sin
1664 1670 1892 1725 obedire
1947 1669 2236 1730 recusatis.
2272 1665 2339 1721 ad

756 1769 905 1823 aliud
936 1767 1333 1821 tormentorum
1356 1777 1551 1835 genus,
1584 1760 1881 1831 procedere
1901 1766 2140 1829 oportet.
2171 1757 2337 1812 Proin

2077 360 2364 420 MENSIS
2400 361 2694 425 IULIUS.

780 478 1072 540 locumque
1106 471 1481 527 sublimiorem
1537 471 1859 537 invenisset,
1886 472 2086 527 sedens
2137 475 2190 532 in
2258 475 2336 528 tri-

2466 494 2653 546 ματος,
2712 479 3003 533 ἐκέλευσεν
3048 479 3279 551 ἀχθῆναι
3343 482 3468 547 τοὺς
3528 483 3760 552 ἄγξους’

3925 373 4019 437 336

3820 487 3917 538 καὶ
3980 491 4021 539 οξ

2455 570 2791 639 στρατιῶται
2822 571 2881 624 τὸ
2910 574 3070 640 τάχος
3101 572 3422 638 ἐκϐαλόντες
3453 577 3647 638 αὐτοὺς
3676 575 4021 647 παρέστησαν

2448 660 2788 731 δεδεμένους.
2826 665 2935 718 Καὶ
2984 666 3237 729 ἀτενίσας
3268 668 3348 730 είς
3380 670 3575 732 αὐτοὺς
3601 671 3629 722 ὁ
3659 669 3803 735 δοὺε,
3833 668 4016 724 εἷπεν

2449 754 2664 816 Οἴδατε,
2717 755 2799 808 ὅτι
2859 756 3005 826 χθὲς,
3041 760 3371 826 φεισάμενος
3418 763 3576 832 ἡμῶν
3610 760 3704 815 τοῦ
3741 764 3815 834 μὴ
3848 780 4019 833 προσ.

2452 848 2609 915 ἀγειν
2658 850 2788 918 ὑμῖν
2824 850 3113 920 βασάνους,
3150 857 3230 917 είς
3273 856 3373 926 τὴν
3411 860 3652 925 σήμερον
3692 857 4023 923 ἑταμιευσά-

2458 956 2590 1008 μην,
2633 941 2719 993 ἵνα
2754 940 2852 1012 τὴν
2886 944 3128 1015 σήμερον
3180 944 3445 1008 θύσαντες
3498 948 3612 1008 τοῖς
3656 945 3823 1011 θεοῖς,
3882 946 4022 1014 φίλοι

2451 1031 2685 1100 γένησθε
2725 1036 2835 1086 τῶν
2873 1034 3290 1107 αὐτοκρατόρων
3329 1042 3423 1093 καὶ
3472 1039 3650 1109 ἡμῶν,
3704 1040 3798 1092 καὶ
3856 1038 4023 1099 θύσας

2446 1122 2673 1184 ἕκαστος
2702 1125 2857 1194 ὑμῶν
2889 1125 3031 1197 λάϐῃ
3071 1128 3207 1197 πρὸς
3243 1126 3287 1181 σ¹
3323 1129 3584 1199 χρυσοῦς,
3628 1131 3722 1183 καὶ
3756 1129 4019 1199 ἐσθῆτας,

2446 1215 2542 1265 καὶ
2576 1213 2740 1275 ἄλλας
2790 1216 3001 1286 δωρεὰς
3045 1217 3367 1288 βασιλικάς·
3416 1220 3525 1273 Maii
3570 1223 3699 1291 γὰρ,
3734 1222 3850 1292 ὁρῶ
3895 1222 4020 1285 τους

2446 1304 2735 1367 πλείστους
2767 1306 2919 1375 ὑμῶν
2950 1307 3203 1373 θέλοντας
3240 1309 3420 1364 θῦσαι.
3464 1311 3588 1364 Ἐὰν
3618 1308 3711 1365 οὖν
3752 1312 4019 1381 πεισθῆτέ

2449 1411 2558 1462 μοι,
2616 1395 2869 1449 ἐντεῦθεν
2912 1398 3010 1469 ἠδη
3054 1400 3315 1455 ἐκέλευσα
3361 1400 3593 1471 ἀχθῆναι
3637 1402 3895 1473 ταύρους,
3935 1404 4020 1457 ἵνα

2446 1485 2647 1556 θύσητε
2680 1491 2791 1552 τοῖς
2814 1490 2975 1555 θεοῖς,
3010 1494 3106 1544 καὶ
3144 1495 3368 1565 γένηται
3401 1496 3529 1564 ὑμῖν
3560 1495 3805 1564 ἄριστον,
3830 1497 3931 1551 καὶ
3964 1500 4021 1550 ὲν

2444 1583 2510 1650 τῇ
2570 1581 2778 1653 εὐωχίᾳ
2831 1581 3068 1653 λήψεσθε
3134 1589 3226 1638 καὶ
3287 1586 3386 1648 τὰς
3448 1587 3661 1655 δωρεὰς
3722 1587 4009 1660 λαμπράς.

2456 1671 2582 1725 Ἐὰν
2626 1673 2683 1725 δὲ
2733 1674 2808 1744 μὴ
2857 1677 3118 1746 πεισθῆτέ
3172 1696 3286 1746 μοι,
3338 1678 3553 1748 ἀνάγκη
3588 1678 3681 1731 ἐπὶ
3725 1679 3786 1732 τὸ
3831 1680 4021 1747 ἓτερον

2443 1759 2582 1827 εἶδος
2619 1764 2726 1817 τῶν
2761 1765 3014 1835 βασάνων
3044 1768 3239 1824 ἐλθεῖν.
3284 1771 3596 1839 Παρακαλῶ
3627 1767 3719 1823 οὖν
3753 1772 3903 1841 ὑμᾶς
3943 1775 4018 1842 μὴ

757 1870 949 1917 auctor
970 1859 1125 1913 vobis
1148 1874 1267 1912 sum
1298 1871 1365 1911 ne
1385 1856 1716 1911 dulcissimae
1742 1852 1883 1907 lucis
1915 1865 2081 1904 usura
2111 1847 2336 1919 privari,

2444 1856 2775 1928 στερηθῆναι
2804 1857 2898 1912 τοῦ
2930 1860 3267 1927 γλυκυτάτου
3298 1864 3494 1931 φωτὸς,
3515 1864 3649 1934 μηδὲ
3676 1862 4019 1934 χωρισθῆναι

756 1971 825 2010 ne
856 1954 925 2009 ab
954 1953 1217 2007 uxoribus
1246 1961 1301 2006 et
1336 1950 1527 2004 liberis
1547 1958 1601 2003 et
1626 1946 1818 2002 amicis
1836 1944 2084 2014 separari
2118 1958 2215 1996 vos
2239 1956 2330 2011 pa-

759 2048 1013 2109 tiamini;
1048 2045 1144 2101 sed
1174 2043 1504 2100 sacriﬁcium
1545 2039 1815 2104 offeratis,
1842 2044 1920 2098 et.
1963 2035 2050 2090 cui
2110 2033 2337 2092 libuerit

756 2136 881 2200 deo.
922 2140 1050 2192 rhus
1077 2138 1361 2192 adoleatis.

826 2230 964 2286 XIV.
1008 2230 1163 2284 Tune
1200 2245 1310 2283 uno
1345 2226 1498 2296 quasi
1533 2241 1598 2281 ex
1648 2240 1745 2279 ore
1784 2223 1961 2278 sancti
2020 2221 2282 2276 dixerunt
2316 2235 2331 2273 :

755 2326 1061 2380 Anathema
1101 2322 1223 2385 tibi,
1262 2331 1515 2391 tyranne,
1557 2332 1863 2386 congruum
1903 2315 2073 2368 furori
2108 2320 2207 2367 tuo
2239 2328 2332 2365 co-

754 2428 1113 2487 gnomentum
1140 2415 1333 2469 sortite
1355 2432 1368 2478 ;
1394 2414 1555 2483 jubes
1576 2411 1722 2464 enim
1766 2423 1868 2463 nos
1893 2425 1920 2461 a
1944 2407 2056 2461 Deo
2113 2406 2332 2459 vivente

754 2509 1011 2570 deﬁcere,
1046 2520 1101 2561 et
1124 2506 1353 2576 impuris
1377 2515 1434 2559 et
1464 2502 1849 2558 abominandis
1880 2498 2222 2555 daemonibus
2243 2513 2331 2551 sa-

754 2604 1019 2658 criﬁcare.
1045 2602 1335 2657 Enimvero
1358 2608 1411 2652 et
1439 2597 1845 2655 indumentum,
1865 2600 1918 2647 et
1942 2591 2123 2655 cibus,
2153 2599 2208 2644 et
2235 2603 2330 2658 po-

756 2708 867 2761 tus,
898 2707 957 2753 et
985 2697 1299 2754 thesaurus,
1322 2700 1377 2744 et
1411 2698 1589 2759 pater,
1621 2696 1676 2740 et
1697 2688 1932 2750 amicus,
1954 2694 2011 2738 et
2039 2684 2208 2737 frater
2229 2698 2329 2734 no—

754 2790 838 2845 bis
867 2797 950 2843 est
985 2788 1246 2841 Dominus
1271 2797 1457 2839 noster
1484 2782 1643 2837 Jesus
1674 2778 1950 2837 Chrisms,
1985 2777 2077 2847 qui
2105 2790 2203 2829 nos
2232 2789 2330 2827 vo-

754 2882 919 2936 cavit.
954 2881 1067 2934 Dux
1100 2878 1233 2931 dicit
1269 2895 1280 2929 :
1320 2876 1633 2930 Etiamnum
1676 2872 1832 2925 vobis
1871 2884 2036 2940 parco
2067 2867 2149 2921 vel
2182 2866 2326 2935 inju-

756 2974 837 3025 ria
880 2969 1186 3031 laeessitus,
1246 2982 1370 3020 nam
1427 2976 1480 3018 ct
1533 2965 1834 3017 amicorum
1882 2961 2023 3014 icrre
2075 2960 2328 3013 deiectus

751 3072 1111 3132 tequumcst;
1160 3058 1477 3125 relictisque
1530 3054 1807 3115 omnibus,
1854 3060 2043 3107 sancto
2093 3049 2327 3102 Leontio

752 3156 889 3208 dixit
913 3196 921 3205 .
948 3154 1063 3208 Prae
1091 3152 1316 3222 reliquis
1342 3149 1601 3221 mysteria
1620 3145 1906 3217 gentilium
1933 3140 2103 3213 probe
2124 3139 2323 3194 callere
2350 3180 2393 3238 c

754 3256 804 3299 te
838 3244 1017 3305 video,
1051 3243 1206 3312 plane
1251 3259 1277 3294 a
1321 3255 1494 3311 puero
1530 3239 1724 3293 iisdem
1792 3234 2128 3289 institutum.
2180 3230 2319 3297 Quid

750 3333 1396 3406 ergoiQuandoquidem
1458 3330 1693 3398 Jupiter,
1721 3328 1913 3397 Apollo
1960 3335 2016 3379 et
2072 3324 2322 3378 Aiscula-

752 3431 875 3499 pius
904 3428 977 3483 dii
1015 3427 1111 3481 tibi
1137 3441 1256 3481 esse
1293 3439 1400 3478 non
1417 3423 1698 3485 videntur;
1720 3420 1977 3489 Neptuno
2006 3428 2101 3472 aut
2136 3417 2321 3471 Dianae

750 3522 986 3575 hostiam
1043 3520 1216 3572 litate.
1276 3516 1510 3569 Sanctus
1558 3511 1824 3566 Leontius
1863 3510 2033 3563 dicit:
2085 3508 2317 3568 Erratis,

749 3616 880 3669 dum
919 3626 1013 3664 eos
1042 3609 1225 3663 dicitis
1250 3622 1370 3661 esse
1396 3606 1550 3660 deos.
1570 3602 1639 3657 At
1661 3603 1805 3657 enim
1839 3599 2172 3654 immortales
2219 3595 2317 3649 ho-

752 3704 959 3757 minum
989 3714 1198 3755 mentes
1231 3698 1336 3751 diis
1363 3696 1687 3748 mortalibus
1712 3700 2007 3761 prmstant',
2041 3689 2244 3743 etenim
2271 3686 2315 3740 si

749 3815 779 3848 ιι
842 3795 979 3847 crelo
1033 3802 1088 3844 et
1117 3802 1259 3844 terra
1307 3789 1535 3843 deorum
1573 3796 1886 3839 vestrorum
1924 3796 2044 3835 esse
2092 3794 2319 3848 genera-

748 3889 948 3941 tionem
985 3886 1199 3948 dicunt,
1231 3883 1538 3951 caelumque
1592 3894 1657 3933 ac
1709 3886 1855 3932 terra
1902 3873 2138 3930 obnoxia
2188 3877 2318 3925 sunt

746 3978 1086 4044 corruptioni
1114 3976 1384 4027 elementa
1412 3991 1425 4038 ;
1463 3986 1711 4042 prorsus,
1744 3970 2003 4041 quoniam
2040 3964 2317 4037 genitores

747 4087 877 4124 suos
901 4070 1187 4122 imitantur
1217 4066 1336 4129 ﬁlii,
1367 4073 1800 4133 corrumpuntur
1831 4062 1958 4131 ipsi,
1993 4069 2051 4113 ut
2104 4057 2315 4129 genito-

748 4182 853 4219 res.
889 4164 1005 4219 Jam
1030 4178 1159 4216 vero
1182 4163 1224 4215 si
1253 4158 1594 4228 corruptioni
1636 4156 1859 4212 obnoxii
1894 4161 2043 4219 sunt,
2085 4165 2318 4223 quomo-

745 4259 816 4312 do
841 4257 912 4309 dii
944 4253 1326 4325 appellantur?
1354 4253 1477 4307 Etsi
1497 4260 1710 4305 mentes
1737 4249 2044 4309 hominum,
2076 4244 2316 4300 vinculis

746 4348 1027 4415 corporeis
1060 4346 1269 4408 solutxe,
1323 4358 1432 4396 non
1487 4344 1764 4395 sustinent
1823 4352 2165 4410 permanere,
2191 4349 2313 4388 cum

746 4454 947 4509 corpus
994 4452 1102 4491 non
1134 4436 1369 4499 exsistit,
1401 4442 1457 4489 at
1488 4434 1737 4488 divinum
1794 4431 2085 4501 quemdam
2129 4428 2309 4482 locum

2442 1952 2717 2018 γυναικῶν
2744 1955 2838 2007 καὶ
2874 1954 3122 2020 παιδίων,
3162 1959 3255 2009 καὶ
3288 1959 3478 2026 φίλων,
3516 1958 3651 2013 ἀλλὰ
3692 1958 3879 2022 θῦσαι,
3924 1959 4019 2011 καί

2440 2045 2710 2116 θυμιᾶσαι
2731 2046 2949 2101 λίϐανον
2974 2050 3070 2120 οἴῳ
3101 2048 3356 2119 βούλεσθε
3385 2049 3514 2120 θεῷ.

2506 2228 2604 2281 1Δ’.
2646 2226 2779 2280 Τότε
2834 2229 3033 2292 πάντες
3070 2230 3118 2280 ei
3168 2229 3311 2297 ἅγιοι
3361 2230 3435 2290 ὡς
3480 2230 3538 2294 ἐξ
3583 2230 3701 2293 ἐνὸς
3742 2246 4016 2299 στοματος

2435 2315 2618 2372 εἷπον·
2657 2318 2934 2389 Ἀνάθεμά
2976 2337 3077 2383 σοι,
3127 2320 3379 2389 τύραννε,
3412 2322 3510 2388 τῆς
3550 2322 3761 2382 οἰκείας
3804 2322 4017 2388 λύσσης

2434 2412 2690 2482 ἐπώνυμε
2715 2431 2728 2442 ·
2768 2414 3006 2475 κελεύεις
3047 2415 3193 2482 ἡμᾶς
3233 2414 3538 2482 ἀποστῆναι
3567 2413 3673 2465 ἀπὸ
3701 2408 3841 2464 Θεοῦ
3875 2412 4014 2474 ξῶνο

2430 2521 2542 2566 τος,
2572 2506 2667 2557 καὶ
2699 2503 2861 2557 θῦσαι
2891 2505 3143 2573 δαίμοσιν
3178 2505 3513 2574 ἀκαθάρτοις
3544 2505 3635 2557 καὶ
3673 2503 4013 2573 βδε).υκτοίς’

2431 2598 2565 2665 ἡμῖν
2618 2598 2729 2665 γὰρ
2785 2598 2878 2650 καὶ
2921 2598 3145 2664 ἔνδυμα,
3181 2599 3275 2650 καὶ
3311 2597 3514 2666 βρῶσις
3560 2598 3656 2650 καὶ
3701 2600 3886 2661 πόσις,
3919 2597 4015 2647 καὶ

2432 2687 2727 2758 θησαυρὸς,
2784 2689 2877 2739 καὶ
2929 2690 3131 2755 πατὴρ,
3190 2689 3280 2737 καὶ
3329 2689 3500 2754 φίλος,
3553 2692 3645 2741 καὶ
3700 2689 3952 2756 ἁδελφὸς,
3985 2692 4015 2740 ὁ

2432 2783 2635 2851 Κύριος
2698 2781 2856 2851 ἡμῶν
2926 2780 3129 2851 Ἰησοῦς
3195 2781 3431 2851 Χριστός
3493 2783 3642 2834 ἐστιν
3698 2784 3726 2833 ὁ
3772 2782 4014 2842 καλέσας

2428 2876 2598 2944 ἡμᾶς.
2669 2875 2729 2927 Ὀ
2780 2872 2908 2936 δοὺξ
2964 2874 3149 2941 λέγει·
3216 2874 3337 2925 Ἔτι
3398 2872 3550 2941 ὑμῶν
3603 2872 3857 2941 φείδομαι
3916 2874 4014 2924 καὶ

2430 2967 2824 3034 ὑϐριζόμενοςο
2864 2967 3074 3019 δίκαιον
3137 2968 3244 3036 γάρ
3291 2969 3408 3019 ἐστι
3458 2968 3551 3020 καὶ
3585 2966 3652 3019 τὰ
3686 2966 3795 3019 τῶν
3838 2966 4013 3035 φίλων

2430 3059 2789 3127 ἐλαττώματα
2843 3048 3165 3127 βαστάζειν·
3227 3060 3320 3112 καὶ
3387 3058 3705 3113 καταλιπὼν
3770 3062 4009 3123 πάντας,

2430 3148 2579 3218 λέγει
2611 3151 2687 3221 τῷ
2722 3149 2863 3219 ἁγίῳ
2897 3153 3164 3220 Λεοντίῳ’
3208 3151 3352 3222 Ὀρῶ
3392 3169 3450 3204 σε
3485 3153 3689 3221 μᾶλλον
3737 3150 3799 3205 εὖ
3827 3152 4010 3204 εἰδότα

2431 3242 2498 3296 τὰ
2534 3244 2640 3296 τῶν
2683 3243 2953 3312 Ἑλλήνων
2988 3245 3284 3313 μυστήρια,
3312 3245 3529 3304 πάντως
3578 3245 3662 3294 ὅτι
3706 3244 3773 3295 ὲκ
3814 3244 4009 3305 παιδὸς

2429 3334 2695 3402 ἐμυήθης.
2767 3333 2833 3384 Τί
2898 3329 3035 3393 οὖν;
3090 3332 3279 3400 ἐπειδὴ
3329 3332 3389 3384 οὐ
3450 3332 3669 3385 δοκοῦσί
3718 3350 3801 3386 σοι
3864 3330 4009 3386 εἶναι

2430 3424 2544 3476 θεοὶ
2579 3423 2711 3485 Ζεὺς
2744 3426 2838 3475 καὶ
2876 3422 3149 3475 Ἀπόλλων
3194 3424 3286 3476 καὶ
3326 3423 3688 3493 Ἀσκληπιὸς,
3738 3425 4005 3478 καθίσατε

2428 3515 2504 3583 τῷ
2538 3513 2846 3578 Ποσειδῶνι,
2879 3514 2912 3585 ἧ
2945 3516 3012 3586 τῇ
3053 3516 3344 3584 Ἀρτέμιδι.
3376 3514 3432 3568 '0
3454 3515 3607 3582 ἅγιος
3633 3516 3890 3580 Λεόντιος
3910 3519 4004 3572 λέο

2427 3622 2540 3674 γει·
2572 3605 2948 3675 Πεπλάνησθε,
2985 3605 3139 3667 θεοὺς
3180 3607 3404 3669 τούτους
3428 3608 3718 3675 λέγοντες·
3738 3610 3904 3662 ὁπότε
3945 3613 4003 3662 αἱ

2424 3700 2593 3766 ψυχαὶ
2638 3700 2744 3751 τῶν
2776 3698 3078 3765 ἀνθρώπων
3108 3698 3366 3749 ἀθάνατοι
3391 3698 3569 3761 οὖσαι,
3603 3700 3893 3767 κρείττους
3924 3704 4005 3751 εἱ-

2427 3795 2479 3839 σι
2516 3788 2622 3839 τῶν
2671 3787 2808 3838 θεῶν
2839 3787 2945 3838 τῶν
2982 3786 3211 3854 θνητῶν.
3263 3787 3323 3839 Εί
3374 3787 3484 3858 γὰρ
3532 3788 3590 3855 ἐξ
3633 3789 3873 3859 οὐρανοῦ
3905 3791 4003 3843 καὶ

2426 3879 2530 3949 γῆς
2582 3878 2829 3946 λέγουσιν
2868 3876 3006 3931 εἶναι
3063 3880 3160 3949 τὴν
3210 3879 3461 3949 γέννησιν
3492 3880 3602 3934 τῶν
3644 3880 3786 3935 θεῶν
3820 3883 4000 3950 ὑμῶν,

2423 3973 2650 4045 οὐρανὸς
2685 3972 2743 4025 δὲ
2791 3972 2885 4024 καὶ
2926 3974 2997 4041 γῆ
3029 3973 3241 4042 φθαρτὰ
3276 3976 3515 4043 στοιχεῖά
3553 3977 3695 4027 εἰσι’
3758 3978 4001 4040 πάντως,

2423 4064 2505 4115 ὅτι
2561 4064 2655 4114 καὶ
2697 4063 2764 4115 τὰ
2810 4063 2975 4114 τέκνα
3025 4066 3318 4133 μιμοῦνται
3367 4068 3493 4129 τοὺς
3536 4071 3856 4138 γενήτορας,
3910 4073 4001 4123 καὶ

2424 4154 2735 4225 φθείρονται
2790 4158 2880 4209 καὶ
2947 4157 3135 4222 αὐτοὶ,
3193 4157 3269 4221 ὡς
3320 4160 3371 4211 οἱ
3422 4163 3635 4227 γονεῖς·
3702 4161 3754 4211 εί
3797 4162 3856 4212 δέ
3896 4165 4004 4214 εἰσι

2423 4250 2671 4316 φθαρτοὶ,
2704 4249 2819 4311 πῶς
2845 4249 3201 4318 ὀνομάζονται
3232 4252 3368 4316 Osci;
3396 4252 3502 4303 Καὶ
3530 4253 3580 4302 εί
3610 4252 3666 4304 al
3690 4251 3869 4322 ψυχαὶ
3898 4255 4001 4306 τῶν

2421 4339 2747 4408 ἀνθρώπων,
2770 4339 3173 4407 ἀποσπώμεναι
3215 4340 3323 4392 τῶν
3371 4344 3659 4411 σωμάτων,
3694 4345 3799 4397 ούκ
3832 4348 4004 4397 ἐπανι

2422 4433 2635 4500 ἔχονται
2669 4431 2739 4489 ὡς
2770 4430 2842 4500 μὴ
2873 4432 3121 4498 σώματος
3154 4432 3508 4501 παραμένειν,
3540 4434 3677 4487 ἀλλὰ
3703 4453 3831 4489 τινα
3862 4438 4001 4492 θεῖον

744 4540 1051 4593 occupant;
1086 4530 1235 4582 diine
1267 4538 1427 4581 erant
1455 4528 1509 4580 hi
1540 4528 1629 4595 qui
1673 4533 1921 4593 quaerunt
1959 4538 2020 4577 ea
2050 4538 2171 4591 qua:
2223 4522 2315 4573 ho-

2429 4524 2584 4573 τόπον
2613 4519 3145 4591 καταλαμϐάνουσιν,
3173 4524 3221 4575 εί
3254 4526 3365 4577 θεοὶ
3398 4522 3536 4594 ἦσαν
3566 4528 3793 4593 ἐκεῖνοι,
3826 4532 3879 4581 oi
3911 4534 4003 4600 ζηο

746 4623 955 4676 minum
986 4630 1196 4675 mentes
1221 4619 1488 4683 oderunt,
1519 4628 1575 4673 et
1607 4631 1855 4671 venerea:
1887 4614 2135 4668 libidinis
2186 4629 2317 4681 pru-

744 4716 853 4768 ritu
890 4711 1160 4781 gaudent?
1206 4711 1393 4778 ltaque
1432 4712 1475 4764 si
1530 4710 1818 4779 quisquam
1850 4708 2049 4761 audeat
2082 4703 2266 4757 dicere
2298 4718 2311 4754 :

744 4808 891 4863 Deus
919 4820 1020 4877 ego
1059 4818 1201 4868 sum,
1236 4810 1433 4873 praeter
1468 4816 1637 4856 unum
1703 4800 1994 4854 Dominum
2064 4804 2311 4850 nostrum

741 4898 930 4955 Iesum
967 4894 1269 4960 Christum,
1314 4896 1480 4949 alium
1509 4908 1726 4963 quoque
1759 4890 2024 4946 mundum
2062 4890 2151 4942 ille
2179 4902 2311 4941 con-

743 4994 857 5055 dat,
878 4993 1130 5060 dicatque
1167 5006 1181 5043 :
1212 4990 1369 5042 Hunc
1397 5004 1497 5055 ego
1528 4986 1791 5039 mundum
1824 4984 2065 5046 condidi,
2097 4997 2160 5036 ac
2201 4991 2310 5035 tum

743 5087 963 5140 demum
991 5086 1133 5137 Deus
1162 5091 1530 5148 nuncupatur,
1572 5081 1618 5133 is
1650 5077 1795 5132 enim
1841 5076 2058 5131 Domini
2106 5091 2170 5131 ac
2220 5090 2311 5129 re-

743 5180 825 5246 gis
851 5176 1022 5230 nostri
1047 5174 1176 5230 Jesu
1205 5171 1410 5226 Christi
1444 5186 1537 5225 ars
1566 5180 1623 5226 et
1649 5170 1929 5239 upilieium
1957 5178 2064 5222 est.

810 5350 927 5411 XV.
968 5349 1198 5404 Sanctus
1257 5348 1520 5402 Leontius
1571 5347 1769 5400 iratum
1820 5361 1881 5398 ac
1928 5344 2308 5415 perturbatum

742 5444 1093 5511 conspicatus
1138 5440 1333 5493 ducem
1397 5442 1475 5493 sic
1530 5436 1759 5491 inﬁtzo
1805 5436 1934 5499 dux,
1981 5438 2107 5489 audi
2153 5452 2310 5507 :cquo

743 5534 924 5588 animo
952 5549 963 5584 :
990 5530 1116 5599 quia
1139 5544 1224 5583 me
1260 5529 1440 5583 dixisti
1470 5528 1635 5583 rebus
1683 5528 1966 5595 gentiliqu
2008 5529 2306 5593 initiatum,

740 5624 892 5681 audi.
924 5638 1043 5691 qum
1073 5622 1248 5674 dicam
1268 5630 1460 5675 contra
1497 5629 1620 5673 tuos
1645 5619 1796 5673 deos.
1830 5620 2307 5685 Quemadmodum

741 5729 796 5774 tu
836 5717 878 5770 si
940 5714 1117 5767 Caesar
1168 5714 1552 5775 nominareris,
1586 5723 1639 5766 et
1664 5713 2163 5782 impcratoribilcm
2194 5731 2307 5767 mo-

738 5826 916 5876 veres,
950 5807 1215 5878 supplicio
1249 5808 1447 5878 dignus
1471 5808 1635 5875 fores;
1657 5808 1737 5862 sic
1760 5807 1848 5863 dei
1878 5823 2097 5879 quoque
2120 5812 2302 5877 vestri,

2421 4611 2605 4663 τούσιν
2635 4609 2677 4665 ὃ.
2697 4614 2751 4663 αἱ
2782 4612 2952 4679 ψυχοιί
2990 4615 3096 4664 τῶν
3155 4615 3458 4681 ἀνθρώπων
3486 4616 3731 4683 μισοῦσι,
3767 4622 3864 4670 καὶ
3892 4624 4002 4689 γαί-

2425 4720 2608 4772 ρουσιν
2670 4703 2947 4771 πορνείαις
3003 4705 3098 4755 καὶ
3151 4705 3369 4775 κνήσει;
3428 4706 3489 4759 Εί
3543 4707 3637 4761 οὖν
3684 4711 3865 4779 τολμᾷ
3919 4729 4002 4774 τις

2421 4795 2594 4845 εἰπεῖν
2617 4810 2628 4823 ·
2661 4795 2781 4845 Ὀτι
2805 4794 2934 4856 Θεός
2963 4798 3100 4863 εἰμι,
3124 4799 3297 4863 παρὲξ
3330 4800 3445 4862 ἐνὸς
3476 4800 3569 4854 τοῦ
3599 4804 3807 4869 Κυρίου
3844 4804 4007 4874 ἡμῶν

2432 4886 2606 4953 Ἰησνοῦ
2637 4887 2897 4957 Χριστοῦ,
2946 4895 3160 4958 ποιήσει
3214 4892 3304 4944 καὶ
3353 4891 3505 4955 οὗτος
3548 4894 3736 4963 ἕτερον
3768 4901 3998 4966 κόσμον,

2419 4977 2515 5028 καὶ
2546 4977 2677 5047 εἴπῃ
2714 4979 2796 5029 ὅτι
2828 4977 3030 5030 Τοῦτον
3074 4980 3164 5031 τὸν
3204 4984 3409 5051 κόσμον
3445 4982 3555 5049 ἐγὼ
3593 4984 3855 5054 ἑποίηεα,
3907 4992 4002 5040 καὶ

2417 5070 2539 5120 τότε
2596 5070 2837 5135 λεγέσθω
2890 5070 3057 5131 θεόςο
3105 5068 3260 5135 οὗτος
3316 5074 3422 5141 γὰρ
3474 5073 3569 5126 τοῦ
3634 5077 3848 5143 Κυρίου
3904 5082 4001 5131 καὶ

2421 5162 2683 5231 βασιλέως
2735 5163 2892 5231 ἡμῶν
2949 5163 3122 5233 Ἰησοῦ
3176 5166 3412 5235 Χριστοῦ
3488 5172 3603 5221 ἐστι
3668 5169 3835 5237 τέχνη
3901 5176 3998 5223 καὶ

2417 5254 2826 5324 δημιούργημα.

2490 5344 2591 5397 ω’.
2631 5349 2735 5397 hat
2766 5345 3105 5413 θεασάμενος
3146 5348 3172 5397 ὀ
3213 5346 3365 5413 ἅγιος
3406 5348 3656 5412 Λεόντιος
3698 5354 3791 5403 τὸν
3830 5354 3999 5409 δοῦκει

2418 5440 2736 5507 θυμωθέντα
2761 5443 2855 5521 καὶ
2880 5442 3329 5509 στρεϐλούμενον,
3355 5443 3500 5510 λέγει
3534 5446 3682 5515 αὐτῷ
3700 5463 3712 5475 ·
3754 5443 3825 5498 Ἦ
3849 5451 3998 5517 eos;

2415 5536 2752 5598 ἀνεξικάκως
2795 5535 3059 5587 ἄκουσον⁸
3110 5538 3291 5605 ἐπειδὴ
3332 5538 3439 5606 γὰρ
3476 5534 3628 5598 εἶπές
3676 5557 3744 5609 με
3779 5544 4002 5616 μύστην

2416 5622 2551 5678 εἶναι
2594 5628 2698 5678 τῶν
2730 5626 3072 5695 Ἑλληνικῶν
3106 5630 3466 5698 πραγμάτων,
3522 5633 3688 5685 ἄκουε
3733 5638 3799 5687 τὰ
3851 5640 4001 5689 κατὰ

2414 5721 2520 5771 τῶν
2574 5721 2712 5772 θεῶν
2772 5738 2900 5773 σου⁵
2956 5722 3015 5774 ὃν
3083 5726 3281 5791 τρόπον
3342 5724 3449 5792 γὰρ
3504 5726 3567 5778 σὺ
3615 5729 3712 5778 ἐὰν
3772 5726 3999 5799 Καῖσαρ

2416 5814 2667 5882 κληθεῖς,
2708 5815 2799 5867 καὶ
2844 5817 3184 5886 παροργίσας
3233 5818 3324 5869 τὸν
3380 5817 3631 5886 βασιλέα,
3692 5824 3999 5893 ’τιμωρίαις
