4188 6310
193 323 277 387 337

1080 325 1552 386 MARTYRIUM
1596 327 1698 387 SS.
1744 328 1892 388 XLV
1935 331 2394 396 MARTYRUM.

3287 335 3391 401 338

185 440 308 502 ἄξιος
332 436 410 490 εἱ·
433 436 605 499 οὕτως
634 439 720 490 κα“·
761 442 809 492 ot
841 440 953 492 θεοὶ
978 439 1129 507 ὑμῶν
1151 442 1196 491 οἱ
1222 439 1713 511 δαίμονες,τολμὴ-

1825 444 2097 504 daemones
2125 487 2139 509 .
2169 448 2302 502 deos
2328 462 2447 504 sese
2482 462 2801 516 nuncupare
2834 445 2973 510 ausi,
3012 447 3259 502 maxima:
3284 466 3393 517 pm-

187 548 347 593 σειντες
387 532 613 594 ἑαυτοὺς
648 533 803 595 θεοὺς
840 533 1041 595 καλεῖν,
1081 532 1256 603 ἔνοχοί
1304 534 1410 585 εισι
1460 534 1719 602 μεγίστης

185 625 449 689 κολάσεως.
486 628 627 696 Ὀρα
667 627 724 680 δὲ
770 628 866 680 καὶ
898 628 1084 698 ἕτερον
1132 629 1472 700 παράδοξον
1527 631 1616 684 διά
1668 630 1721 683 τί

184 718 319 785 ὑμεῖς
355 720 402 770 οί
435 718 636 772 ἔκδικοι
671 719 778 771 τῶν
815 718 952 772 θεῶν
988 721 1141 789 ὑμῶν
1170 722 1518 790 καθεκάστην
1560 722 1720 775 ἐλατ-

182 810 380 875 τοῦσθες
412 813 574 881 ἡμεῖς
593 811 648 863 δὲ
677 812 725 863 οι
755 811 894 882 ὑπὲρ
928 811 1164 881 Χριστοῦ
1204 812 1379 865 δοῦλοι
1405 813 1721 882 διωκόμενοι

180 902 263 953 καὶ
296 900 714 968 ἀποθνήσκοντες
744 901 1120 970 πληθύνομεν;
1158 902 1265 955 Καὶ
1294 902 1451 956 τοῦτο
1482 905 1722 957 πεισάτω

178 1011 251 1060 σε,
273 995 512 1064 τύραννε,
555 994 637 1046 ὅτι
667 994 843 1047 δοῦλοί
881 998 1045 1065 ἐσμεν
1080 995 1171 1048 τοῦ
1204 997 1338 1049 Θεοῦ
1370 996 1462 1049 τοῦ
1499 998 1718 1066 ἠγαπη-

178 1090 337 1155 μένον.
395 1087 503 1139 Καὶ
560 1087 833 1153 θυμωθεὶς
889 1089 917 1139 6
964 1088 1088 1153 δἰυξ
1139 1088 1320 1155 λέγει·
1357 1088 1567 1140 Θύσατε
1610 1092 1723 1152 τοῖς

180 1178 303 1239 θεοῖς
330 1194 341 1207 ο
373 1178 515 1240 ἐπεὶ,
556 1179 630 1246 μά
694 1179 784 1231 τὸν
850 1180 1177 1247 Ἀσκληπιὸν
1235 1183 1328 1233 καὶ
1371 1180 1463 1232 τὸν
1510 1181 1717 1245 ”11λιον,

173 1271 264 1338 οὐχ
293 1270 657 1339 ὑπερδὴσεσθε
693 1272 789 1340 τὴν
820 1270 1024 1338 αὔριον.
1063 1273 1127 1323 Οἱ
1151 1271 1205 1322 δὲ
1231 1272 1378 1338 ἅγιοι
1411 1272 1610 1333 πάντες
1644 1272 1720 1335 ὡς

173 1359 228 1421 ἐξ
273 1360 378 1423 ἐνὸς
437 1363 702 1430 στόματος
763 1358 951 1414 εἷπον·
1027 1362 1217 1430 Ἡμεῖς
1290 1364 1479 1432 Κυρίῳ
1544 1363 1717 1433 Ἰησοῦ

171 1452 534 1522 προσςέρομεν
592 1453 816 1522 λογικὴν
888 1454 1169 1524 λατρείαν,
1210 1456 1423 1526 καρπον
1496 1457 1722 1525 χειλέων

170 1543 331 1611 ἡμῶν,
366 1548 455 1595 καὶ
496 1547 719 1607 ἑαυτοὺς
746 1546 1071 1617 ὁλοκλήρους
1111 1548 1219 1600 τῶν
1261 1549 1542 1617 ῥυομένων
1577 1551 1722 1619 ἡμᾶς

168 1636 257 1702 τῆς
310 1637 605 1705 μελλούσης
661 1638 929 1707 κρίσεωςο
982 1638 1041 1692 σὲ
1078 1639 1157 1699 δὲ,
1204 1639 1400 1703 Λυσία,
1446 1640 1562 1709 ἅμα
1614 1645 1719 1705 τοῖς

169 1726 298 1785 θεοῖς
326 1744 415 1777 σου
448 1730 745 1793 κολάζοντα
782 1732 839 1783 ὲν
865 1731 1057 1801 γεέννῃ
1090 1732 1260 1802 πυρὸς
1291 1732 1577 1786 ἀσϐέστου.

1823 553 1907 591 me
1940 538 2018 591 rei
2048 547 2196 593 sunt.
2239 539 2383 605 Quin
2413 540 2522 595 imo
2552 540 2785 595 alteram
2810 554 3028 609 quoque
3064 554 3178 593 rem
3221 540 3400 594 incre-

1823 628 2047 684 dibilem
2076 630 2220 686 vide.
2247 632 2359 686 Cur
2391 649 2508 697 vos,
2536 633 2763 688 deorum
2798 642 3103 691 vestrorum
3126 633 3397 694 vindices,

1825 720 1879 774 in
1909 722 2027 776 dies
2054 723 2317 791 deﬁcitis;
2355 740 2455 781 nos
2485 734 2675 781 contra
2710 726 2853 781 servi
2886 741 2982 795 pro
3005 724 3223 779 Christo
3268 740 3397 794 per-

1824 816 2164 869 secutionem
2213 820 2507 887 patientes.
2566 828 2623 873 et
2682 820 3006 882 morientes,
3056 818 3391 872 crescimus?

1824 908 1920 962 Vel
1950 910 2078 963 illud
2111 911 2206 965 tibi
2258 913 2606 980 persuadeat,
2640 922 2891 983 tyranne,
2928 912 3113 966 dilecti
3149 927 3246 965 nos
3293 911 3386 963 Dei

1825 1015 2013 1057 servos
2038 1017 2181 1059 esse.
2208 1004 2325 1058 Dux
2349 1003 2534 1058 furore
2558 1019 2824 1060 accensus
2844 1004 2979 1057 dicit
3009 1023 3021 1057 :
3049 1004 3166 1057 Diis
3203 1003 3395 1055 intutu-

1822 1092 1967 1150 late:
2001 1097 2127 1164 quia
2151 1113 2245 1165 per
2275 1096 2649 1165 .Esculapium
2671 1105 2726 1151 et
2755 1098 3080 1160 solem,non
3110 1096 3252 1147 ultra
3279 1109 3398 1148 cra-

1824 1190 2030 1241 Stinum
2085 1189 2300 1242 vivetis.
2365 1187 2552 1241 Sancti
2604 1200 2787 1240 autem
2828 1201 2892 1238 es
2949 1200 3057 1238 uno
3088 1184 3247 1252 quasi
3304 1199 3400 1236 ore

1824 1279 2080 1332 dixerunt
2113 1281 2258 1334 :Nos
2286 1280 2516 1333 Domino
2545 1279 2674 1334 Jesu
2728 1278 3015 1332 oﬂ'erimus
3074 1276 3400 1330 rationabile

1822 1371 2170 1438 obsequium,
2206 1372 2444 1424 fructum
2476 1372 2747 1424 labiorum
2782 1382 3115 1432 nostrorum,
3145 1384 3266 1437 qua:
3300 1381 3399 1421 nos

1824 1462 1971 1531 ipsos
1997 1463 2209 1531 integre
2236 1462 2549 1517 liberabunt
2580 1479 2608 1515 a
2641 1464 2825 1515 futuro
2848 1462 3095 1531 judicio;
3135 1470 3187 1514 te
3245 1476 3397 1519 vero,

1824 1555 2004 1625 Lysia,
2035 1571 2138 1609 una
2164 1572 2286 1609 cum
2311 1556 2418 1610 diis
2446 1556 2578 1619 tuis,
2610 1554 2826 1625 ignibus
2845 1554 3109 1623 gehenna:
3139 1552 3395 1605 addiccnt

1822 1647 2384 1717 inexstinguibilibus.

237 1815 339 1883 ις’.
368 1819 475 1869 Καὶ
501 1820 733 1887 χολάσας
756 1823 782 1871 6
807 1822 931 1884 δοὺξ
959 1821 1209 1872 ἐκέλευσε
1254 1822 1462 1885 πάντας
1510 1840 1725 1893 γυμνω.

1895 1820 2031 1876 XVI.
2069 1821 2185 1875 Dux
2214 1821 2387 1875 iratus
2415 1821 2480 1875 ad
2511 1821 2655 1891 ligna
2683 1821 2917 1894 oblonga
2953 1819 3147 1873 nudari
3210 1832 3400 1873 omnes

166 1910 311 1978 θῆναι
341 1911 415 1970 εἰς
443 1910 579 1975 ξύλα
626 1913 833 1981 μακρά,
868 1912 964 1964 καὶ
1024 1912 1243 1975 ξέεσθαι
1274 1913 1422 1977 δνυξι
1459 1914 1717 1986 σιδηροῖς,

164 2003 560 2069 καὶόστράκοις
613 2002 826 2064 ὀξέσιν·
888 2004 980 2056 καὶ
1014 2004 1264 2056 ἐκέλευσε
1322 2005 1448 2076 βοᾷν
1500 2007 1591 2059 τον
1623 2009 1723 2077 κή⁴

169 2107 336 2157 ρυκα·
367 2090 427 2142 01
469 2093 582 2152 τοῖς
618 2090 759 2155 θεοῖς
802 2093 876 2164 μὴ
918 2093 1158 2158 θύοντες,
1210 2096 1345 2148 ἀλλὰ
1379 2099 1468 2150 καὶ
1505 2098 1721 2167 ἐνυϐρί-

160 2183 355 2243 {WE}.
387 2181 558 2235 ταῦτα
588 2186 909 2255 πάσχουσιν.
937 2189 999 2241 υἱ
1029 2188 1085 2240 δὲ
1113 2188 1279 2256 ἅγιοι,
1309 2189 1573 2260 ξεὸμενοι,
1610 2193 1725 2246 ἐλε-

160 2289 285 2343 γον·
321 2270 389 2326 Ὦ
448 2276 703 2346 τύραννε,
758 2281 805 2332 εί
853 2280 998 2349 ἔχεις
1041 2280 1316 2351 δεινότερα
1362 2283 1720 2356 κολαστήρια,

162 2368 474 2437 προσάγαγε
497 2384 512 2400 ο
555 2371 727 2423 ταῦτα
762 2372 868 2440 γὰρ
895 2374 1027 2440 ἡμῖν
1070 2374 1216 2426 ἐστιν
1246 2375 1721 2447 εὐκαταφρόνητα.

162 2459 269 2518 Καὶ
316 2462 412 2531 ἤδη
454 2462 602 2531 ὥρας
634 2462 800 2530 ἕκτης
836 2465 1270 2534 καταλαϐούσης,
1300 2468 1391 2518 καὶ
1433 2467 1527 2519 τοῦ
1570 2468 1722 2538 ἡλίου

162 2551 592 2619 καταφλέξαντος
622 2552 718 2621 τὴν
756 2552 861 2623 γῆν
909 2554 1113 2617 πᾶσαν,
1151 2551 1293 2627 ἦσαν
1332 2558 1381 2609 οἱ
1414 2555 1561 2625 ἅγιοι
1602 2557 1719 2623 €56-

158 2659 328 2709 μενοι.
371 2640 436 2695 ὐ
464 2641 520 2694 δὲ
553 2640 699 2706 δοὺξ,
735 2644 1016 2708 πεινάσας,
1049 2647 1336 2701 ἐκέλευσεν
1371 2648 1566 2711 αὐτοὺς
1591 2665 1722 2702 κατ-

154 2733 439 2804 ενεχθῆναι
477 2736 572 2789 καὶ
602 2736 936 2806 ἁποτεθῆναι
963 2739 1018 2789 ὲν
1047 2742 1110 2808 τῇ
1139 2740 1375 2809 φυλακῇ,
1407 2742 1723 2811 ἐντειλάμεο

154 2845 245 2889 νος
273 2828 478 2897 μηδένα
508 2827 701 2882 θεάσαι
749 2830 965 2894 αὐτοὺς,
999 2831 1136 2901 μήτε
1172 2829 1316 2900 ὕδωρ
1355 2830 1538 2893 αὐτοῖς
1585 2833 1721 2885 ἀπο-

151 2923 398 2993 δοθῆναι.
434 2917 540 2973 Ἦν
574 2922 631 2976 δέ
664 2939 747 2985 τις
772 2923 1087 2993 πολιτευτὴς
1116 2924 1174 2976 ὲν
1195 2925 1259 2995 τῇ
1298 2922 1449 2978 πόλει
1485 2923 1723 2995 τοῦνομα

168 3011 416 3081 ’1ν1ρώδης
448 3011 797 3079 Χριστιανὸς,
831 3011 1260 3083 ὑποκρινόμενος
1290 3016 1347 3067 δὲ
1392 3015 1481 3068 τὸν
1516 3016 1720 3088 ἑλληνι·

1817 1912 1985 1980 jussit
2009 1924 2064 1967 et
2090 1915 2309 1982 ungulis
2333 1913 2529 1967 ferreis
2564 1929 2626 1966 ac
2657 1912 2835 1966 acutis
2881 1912 3038 1964 testis
3073 1911 3212 1973 radi,
3257 1926 3398 1979 prte-

1822 2016 2126 2071 concmque
2153 2006 2386 2059 clamare
2426 2024 2437 2055 :
2466 2006 2568 2070 Qui
2597 2021 2703 2058 non
2734 2004 3070 2067 sacriﬁcant,
3099 2005 3192 2057 sed
3222 2003 3403 2072 potius

1824 2091 2076 2163 iniuriam
2119 2094 2382 2154 inferunt.
2437 2096 2549 2147 huic
2582 2095 2886 2162 patiuntur.
2914 2095 3048 2146 Dum
3078 2095 3253 2147 sancti
3306 2111 3404 2147 ex-

1824 2185 2298 2249 carniticarentur,
2321 2185 2619 2239 dixerunt:
2651 2184 2696 2240 Ο
2729 2194 2979 2256 tyranne,
3012 2185 3055 2239 si
3117 2185 3400 2239 acerbiora

1826 2277 1923 2331 tibi
1950 2278 2062 2331 sint
2088 2285 2381 2337 tormenta,
2411 2276 2627 2346 profer:
2652 2279 2768 2331 haec
2796 2277 2944 2330 enim
2970 2278 3399 2331 contemnimus.

1823 2369 1959 2424 Cum
1988 2371 2097 2439 jam
2121 2380 2271 2424 esset
2299 2370 2432 2422 hora
2455 2378 2604 2424 sexta
2634 2378 2689 2423 et
2710 2369 2789 2423 sol
2820 2369 3150 2424 accenderet
3181 2385 3400 2421 omnem

1826 2469 2046 2525 terram,
2078 2462 2252 2515 sancti
2289 2461 2645 2515 radebantur.
2678 2461 2826 2516 Inter
2869 2463 2985 2516 haec
3015 2462 3150 2525 dux,
3184 2462 3403 2515 consilii

1824 2550 2191 2620 iuops,jussit
2214 2567 2310 2606 eos
2348 2553 2546 2606 abduci
2579 2562 2632 2605 et
2659 2553 2869 2605 carceri
2904 2553 3230 2620 mancipari,
3265 2569 3404 2620 pra:-

1823 2643 2039 2712 cipiens
2068 2658 2137 2698 ne
2162 2645 2289 2714 quis
2317 2659 2415 2698 eos
2441 2644 2669 2707 viseret,
2718 2659 2824 2697 neu
2863 2659 3060 2712 aquam
3106 2643 3402 2712 praeberet.

1826 2737 1957 2791 Erat
1982 2736 2206 2807 quidam
2247 2737 2563 2808 reipublicae
2610 2736 3024 2792 administrator
3064 2736 3118 2789 in
3159 2735 3403 2797 civitate.

1826 2830 2049 2882 nomine
2084 2829 2351 2893 Herodes,
2385 2830 2742 2894 cbristianus,
2771 2829 2865 2885 sed
2912 2829 3203 2899 gentilium
3246 2843 3403 2882 sacra

1825 2918 2148 2981 simulabat,
2178 2920 2322 2988 apud
2351 2936 2514 2989 quem
2545 2921 2657 2973 dux
2700 2921 3003 2975 habitabat.
3058 2920 3304 2975 Habebat
3360 2922 3406 2974 is

1828 3011 2127 3073 notarium,
2158 3010 2380 3065 nomine
2417 3010 2716 3075 Philinum,
2760 3012 2852 3082 qui
2886 3028 2915 3065 a
2946 3022 3138 3066 sancto
3169 3012 3404 3066 Leontio

151 3103 312 3171 σμδν,
367 3100 495 3172 παρ’
523 3097 567 3169 ᾧ
615 3102 806 3172 ἔμενεν
856 3105 884 3157 6
928 3103 1072 3167 δούξ,
1146 3104 1314 3174 Ἔσχε
1372 3105 1430 3158 δὲ
1480 3107 1726 3175 νοτάριον

1830 3104 2178 3174 diligebatur.
2210 3104 2503 3174 Postquam
2539 3105 2692 3159 illum
2730 3106 3133 3171 accersivisset,
3178 3117 3406 3161 sanctus

144 3197 364 3253 Φίλινον
420 3196 667 3267 ὀνόματι.
710 3191 877 3259 Οὗτος
930 3192 997 3267 ἦν
1041 3197 1407 3268 ἀγαπώμενος
1449 3197 1601 3270 παρὰ
1638 3199 1730 3252 τοῦ

147 3292 309 3358 ἁγέου
343 3290 595 3343 Λεοντίου
616 3305 631 3323 ·
668 3292 760 3344 καὶ
786 3291 1279 3359 μεταστειλάμενος
1307 3293 1474 3347 αὑτὸν
1516 3294 1544 3346 6
1579 3293 1732 3361 ἆγιος

150 3383 410 3443 Λεόντιος
476 3380 655 3448 λέγει·
722 3378 941 3449 ’Λδελφὲ
1001 3380 1213 3445 Φίλινε,
1283 3381 1532 3434 ἀπελθὼν
1604 3384 1726 3437 εἰπὲ

158 3473 403 3543 Ἡρώδῃ,
439 3473 546 3535 ἵνα,
583 3474 630 3523 εἰ
660 3469 771 3542 ἔχει
798 3471 921 3525 τινὰ
962 3474 1040 3536 εἰς
1072 3474 1161 3526 τὸν
1192 3472 1356 3526 δοῦκα
1397 3475 1727 3545 παρρησίαν,

150 3565 349 3632 αὔριον
380 3563 525 3632 ἡμᾶς
557 3563 851 3636 τελειώσῃ·
892 3565 1180 3633 ηὐλαϐεἰτο
1230 3564 1339 3636 γὰρ
1376 3568 1448 3636 μή
1500 3583 1582 3630 τις
1626 3567 1732 3619 τῶν

145 3660 326 3722 ἁγίων
374 3657 626 3723 δελιάσας
675 3660 1051 3730 ἀπαγορεύσῃ.
1120 3657 1179 3714 '0
1227 3659 1285 3712 δὲ
1329 3660 1582 3713 ἀπελθὼν
1614 3661 1725 3715 ἀπη-

141 3752 379 3819 ήγγειλε
429 3754 605 3805 πάντα
658 3750 735 3819 τῷ
784 3751 1208 3821 πολιτευομένῳ.
1253 3750 1312 3803 '0
1353 3750 1410 3804 δὲ
1467 3752 1591 3817 δοὺξ
1663 3749 1731 3824 ἦν

140 3846 396 3905 καλέσας
439 3842 604 3895 αὐτὸν
639 3842 724 3896 ἐπ’
753 3844 992 3914 ἄριστον,
1027 3842 1122 3897 καὶ
1165 3843 1492 3914 περιέμενεν
1542 3844 1725 3898 αὐτόν.

158 3936 421 4003 Ἡρώδης
468 3937 524 3991 δὲ
573 3941 871 4009 παρῃτεῖτο
921 3937 1133 4004 λέγων’
1172 3939 1316 4003 Ὀτι,
1367 3936 1555 4008 ἐπειδὴ
1601 3937 1730 4009 χθὲς

138 4025 294 4082 εἶδον
316 4027 429 4081 τῶν
461 4012 768 4084 καταδίκων
785 4030 1007 4081 ἐκείνων
1046 4028 1143 4091 τὰς
1177 4029 1414 4101 πλευρὰς
1449 4028 1729 4098 ξεομένας,

138 4120 406 4184 «mea;
440 4120 755 4191 ἀνετράπην
777 4118 870 4174 τοῦ
899 4120 1198 4190 στομάχου,
1250 4120 1346 4174 καὶ
1385 4121 1446 4172 οὐ
1492 4119 1729 4188 δύναμαι

133 4213 475 4283 ἀριστῆσαι.
524 4214 633 4266 Καὶ
672 4212 702 4262 6
748 4212 876 4277 δοὺξ
926 4212 1284 4281 ἐπηρώτησεν
1310 4208 1472 4262 αὐτὸν
1518 4207 1727 4277 λέγων’

137 4306 213 4365 Τί
267 4300 372 4358 οὖν
413 4302 594 4372 βούλει
632 4302 718 4356 ἵνα
760 4305 1011 4376 ποιήσω;
1056 4302 1115 4357 '0
1145 4302 1201 4356 δὲ
1238 4295 1418 4355 εἶπεν*
1473 4300 1607 4370 Οὐχὶ
1651 4299 1730 4366 ὡς

134 4394 561 4464 ἀνθεστηκότες
619 4397 733 4460 τοῖς
790 4397 901 4449 τῶν
957 4396 1382 4465 αὐτοκρατόρων
1424 4393 1733 4464 θεσπίσμα-

132 4509 233 4545 σιν
302 4490 449 4557 ἇξιοί
504 4493 612 4546 εἰσι
675 4491 945 4555 θανάτους
996 4492 1061 4544 Τί
1112 4490 1205 4544 οὖν
1270 4486 1373 4543 οὒκ
1445 4490 1885 4560 ἀποθνήσκουσιν
1936 4485 2255 4556 συντόμως;

1834 3192 2098 3247 Leontius
2125 3194 2263 3247 dixit
2293 3213 2307 3247 :
2340 3195 2580 3261 Philine,
2614 3196 2807 3260 frater,
2836 3198 2993 3262 vade,
3032 3197 3233 3252 Herodi
3292 3200 3401 3260 dic,

1836 3294 1914 3347 ut,
1950 3285 1994 3339 si
2026 3285 2158 3354 quid
2181 3284 2325 3355 apud
2351 3285 2548 3339 ducem
2571 3288 2736 3352 valet,
2761 3290 3038 3356 impetret,
3068 3298 3126 3341 ut
3158 3304 3258 3341 nos
3282 3303 3406 3342 cras

1837 3387 2009 3432 morte
2034 3378 2231 3433 alliciat
2260 3395 2273 3432 :
2308 3379 2536 3433 timebat
2574 3378 2745 3444 enim,
2776 3394 2844 3434 ne
2905 3380 3029 3448 quis
3081 3390 3399 3433 sanctorum

1835 3486 1947 3539 prae
1979 3468 2177 3524 timore
2217 3469 2498 3524 deﬁceret.
2542 3471 2636 3526 llle
2677 3481 2861 3525 autem
2893 3470 3086 3525 abiens
3119 3470 3403 3525 renuntia-

1836 3564 1913 3617 vit
1942 3561 2125 3617 omnia
2151 3562 2465 3630 reipublica:
2507 3561 2961 3615 administratori.
3013 3563 3127 3616 Dux
3161 3577 3291 3616 vero
3322 3563 3403 3616 in-

1835 3655 2042 3709 vitabat
2082 3654 2257 3725 ipsum
2299 3654 2367 3708 ad
2410 3654 2701 3724 prandium
2744 3664 2800 3709 et
2848 3655 2959 3725 jam
3019 3654 3396 3725 exspectabat.

1835 3748 2080 3803 Herodes
2100 3748 2392 3803 excusabat
2420 3763 2499 3813 se,
2532 3748 2722 3801 dicens
2749 3766 2761 3800 :
2794 3749 2951 3813 Quia.
2975 3758 3263 3817 postquam
3286 3748 3405 3803 heri

1836 3839 1946 3894 vidi
1969 3840 2201 3893 istorum
2237 3854 2457 3894 reorum
2488 3839 2658 3893 latera
2689 3839 2829 3904 radi,
2863 3840 3003 3894 male
3037 3840 3231 3894 allecto
3277 3848 3406 3892 sto—

1836 3933 2031 3987 macho
2054 3947 2308 3987 reversus
2337 3947 2456 3986 sum
2487 3941 2544 3985 et
2574 3947 2789 4000 nequeo
2829 3932 3118 3999 prandere.
3158 3932 3272 3985 Dux
3322 3932 3409 3985 iu-

1836 4025 2136 4093 terrogavit
2160 4039 2309 4087 eum,
2334 4023 2523 4078 dicens
2555 4042 2568 4071 ι
2602 4022 2743 4090 Quid
2775 4024 2942 4094 igitur
2973 4024 3157 4089 vis,ut
3185 4025 3406 4079 faciam?

1836 4114 1935 4169 Ille
1966 4124 2150 4169 autem
2181 4114 2321 4169 dixit
2350 4131 2365 4169 :
2400 4114 2595 4170 Nonne
2623 4116 2699 4181 hi,
2747 4117 2842 4185 qui
2872 4116 3071 4172 edictis
3106 4119 3405 4189 imperato-

1836 4222 1961 4261 rum
1984 4206 2283 4269 obsistunt,
2314 4216 2491 4261 morte
2545 4206 2696 4277 digni
2745 4207 2908 4261 sunt?
2961 4208 3073 4263 Cur
3123 4222 3255 4277 ergo
3295 4224 3404 4262 non

1836 4295 2151 4350 moriuntur
2193 4294 2464 4366 propere?
2497 4294 2593 4350 Illo
2649 4306 2781 4350 vero
2828 4295 3098 4367 promisit.
3136 4312 3258 4352 cras
3309 4313 3407 4353 eos

1838 4389 1948 4462 igni
1974 4388 2320 4444 addicturum
2348 4388 2504 4458 juxta
2557 4388 2904 4457 imperatoris
2918 4389 3193 4445 mandata.

2338 4485 2400 4536 ’0
2443 4484 2500 4537 δὲ
2550 4484 2819 4555 ὑπέσχετο
2887 4487 2991 4556 τὴν
3028 4488 3220 4557 αῦριον
3271 4490 3406 4559 πυρὶ

131 4585 504 4655 παραδοῦναι
556 4588 754 4650 αὐτοὺς
797 4586 938 4641 κατὰ
994 4586 1062 4641 τὰ
1108 4587 1455 4657 διατάγματα
1505 4586 1598 4640 τοῦ
1636 4586 1927 4657 βασιλέως.

214 4678 329 4737 η’.
368 4682 478 4733 Καὶ
526 4682 554 4731 6
586 4678 819 4745 Φίλινος,
857 4680 1098 4744 ἀκούσας
1133 4679 1325 4745 ταῦτα,
1371 4679 1597 4751 δραμὼν
1627 4683 1731 4734 ἀπ-

1912 4676 2075 4733 XVII.
2106 4677 2199 4732 His
2233 4674 2453 4742 auditis,
2515 4674 2761 4731 cucurrit
2798 4676 3067 4743 Philinus,
3122 4686 3177 4733 et
3200 4680 3409 4735 sanctis

128 4772 390 4842 ἤγγειλε
411 4772 524 4835 τοῖς
546 4771 725 4839 ἀγίοις
744 4786 758 4803 ο
782 4773 830 4824 οἱ
862 4773 941 4838 δὲ,
968 4772 1386 4843 φαιδρυνθέντες
1416 4772 1515 4835 τ-Ξις
1537 4772 1738 4842 ψυχὰς,

127 4864 478 4933 ἐξεδέχοντο
506 4863 567 4917 τὸ
595 4864 768 4933 πέρας
798 4864 936 4931 μετά
964 4865 1134 4934 καλῆς
1162 4864 1493 4935 προθυμίας,
1528 4867 1623 4917 καὶ
1649 4866 1739 4916 εὐ-

128 4956 406 5024 λόγησαν
454 4956 653 5019 πάντες
690 4956 782 5009 τὸν
810 4956 1021 5009 Φίλινον
1060 4956 1147 5009 διὰ
1189 4957 1290 5025 τὴν
1333 4957 1599 5024 ὑπακοὴν,
1643 4957 1738 5010 καὶ

143 5045 430 5116 Ἱιρῶην
486 5045 575 5099 διὰ
624 5046 722 5113 τὴν
751 5047 1007 5117 σπουδήν.
1052 5048 1115 5099 'H
1144 5047 1199 5099 δὲ
1245 5047 1486 5116 συνήθως
1526 5049 1736 5116 ἀποφέ-

123 5156 329 5205 ρουσι
359 5137 546 5199 αὐτοῖς
579 5138 641 5191 τὸ
676 5136 822 5207 ὕδωρ
873 5138 1131 5208 ἐλευθέρα
1174 5135 1288 5206 εἶχε
1342 5138 1441 5206 μὲν
1477 5138 1536 5191 τὸ
1568 5139 1732 5208 ὕδωρ,

115 5233 211 5293 ὡς
255 5233 330 5282 το
359 5230 609 5299 σύνηθες,
650 5232 741 5283 ἐπὶ
770 5232 829 5284 τὸ
854 5229 1138 5300 διάζωσμα
1158 5249 1172 5263 ο
1206 5226 1509 5283 κωλυθεῖσα
1534 5231 1588 5283 δὲ
1623 5235 1735 5284 εἰσ-

115 5324 359 5386 ελθεῖν,
401 5324 653 5391 ἠρωτᾶτο
684 5324 833 5392 παρὰ
866 5323 973 5376 τῶν
999 5323 1190 5391 ἁγίων,
1233 5326 1280 5376 εἰ
1312 5325 1422 5393 ἔχει
1458 5323 1622 5393 ὕδωρ.
1671 5322 1732 5377 'H

112 5415 184 5467 δὲ
225 5412 333 5463 διὰ
366 5414 493 5473 τους
526 5411 884 5483 παρεστῶτας
916 5414 1218 5483 ἠρνήσατοο
1245 5417 1338 5466 καὶ
1366 5415 1515 5480 λέγει
1554 5416 1685 5468 αὐτὸ
1707 5418 1734 5468 6

110 5505 307 5568 ἅγιος
348 5500 606 5565 Λεόντιος
634 5506 698 5572 τῇ
739 5503 1011 5571 Ἀρμενίῳ
1049 5507 1198 5575 φωνῇ
1239 5501 1510 5575 Βασιανῇ·
1554 5508 1615 5558 Εἰ
1659 5506 1733 5576 μὴ

109 5601 401 5664 ἣνεγκσις
424 5595 548 5665 ἄρτι
574 5597 634 5649 τὸ
655 5596 798 5668 ὕδωρ
817 5599 870 5650 ἐν
891 5596 1063 5669 ταύτῃ
1086 5603 1148 5669 τῇ
1183 5600 1419 5671 ἀνάγκη,
1443 5602 1525 5652 ὅτι
1564 5619 1732 5653 κατα-

108 5690 482 5759 φλεγόμεθα
516 5692 607 5742 καί
652 5692 706 5743 αἱ
755 5692 973 5761 καρδίαι
1020 5693 1173 5761 ἡμῶν
1205 5694 1541 5759 σϐέννυνται,
1583 5696 1674 5746 καὶ
1706 5695 1732 5745 ὃ

103 5789 133 5839 ἀ
153 5784 427 5853 ποίησις
454 5783 583 5853 ἡμῖν
608 5783 789 5849 κπλδν,
811 5784 882 5850 ib;
906 5784 1056 5839 οὐδὲν
1083 5803 1111 5839 κ
1132 5786 1379 5859 (rapi/1],
1404 5788 1494 5841 καὶ
1516 5786 1586 5857 ὡ)
1609 5788 1729 5841 οὔτε

1835 4770 2191 4833 renuntiavit,
2223 4769 2315 4838 qui
2352 4768 2551 4821 animis
2610 4769 2814 4823 hilares
2902 4770 3295 4839 exspectabant
3347 4773 3407 4825 [i-

1836 4877 1960 4915 nern
1987 4876 2110 4915 cum
2142 4861 2360 4929 egregia
2388 4860 2696 4922 alacritate,
2725 4868 2781 4915 et
2810 4877 3003 4917 omnes
3052 4863 3191 4917 bene
3219 4880 3398 4933 preca-

1835 4952 2035 5007 bantur
2064 4952 2295 5015 Philino,
2327 4952 2474 5020 quod
2503 4953 2761 5023 gessisset
2788 4969 3017 5016 morem,
3062 4963 3118 5011 et
3179 4955 3405 5022 Herodi.

1833 5046 1979 5115 quod
2000 5045 2305 5100 festinaret.
2334 5048 2399 5097 At
2424 5060 2687 5115 generosa
2704 5045 2806 5099 ista
2832 5048 3049 5107 mulier.
3071 5064 3190 5116 quae
3207 5065 3403 5119 aquam

1832 5140 1897 5192 ad
1919 5144 2140 5192 sanctos
2176 5136 2397 5192 deferre
2457 5147 2843 5199 consueverat,
2903 5153 3099 5207 aquam
3137 5141 3207 5195 de
3253 5159 3407 5200 more

1841 5231 1944 5284 sub
1971 5230 2217 5285 cinctura
2250 5228 2524 5283 condebat
2558 5247 2571 5282 :
2605 5245 2793 5283 verum
2825 5229 3075 5300 ingressu
3105 5234 3398 5304 prohibita,

1843 5321 2280 5392 interrogabatur
2301 5336 2329 5373 a
2347 5322 2571 5383 sanctis.
2593 5338 2661 5375 an
2682 5338 2879 5392 aquam
2910 5324 3155 5381 haberet.
3179 5327 3407 5397 Negavit

1843 5417 1958 5486 ipsa
2010 5423 2234 5484 propter
2262 5422 2523 5468 astantes.
2551 5414 2787 5469 Sanctus
2824 5414 3088 5471 Leontius
3122 5418 3227 5472 hoc
3266 5421 3405 5474 dixit

1842 5523 2095 5563 sermone
2112 5508 2351 5561 Armeno
2389 5506 2628 5561 Basnanzc
2659 5525 2672 5560 :
2719 5507 2774 5561 Si
2810 5524 2919 5562 non
2949 5510 3181 5563 attulisti
3204 5526 3403 5581 aquam

1841 5601 1894 5655 in
1923 5602 2022 5653 hac
2048 5601 2373 5655 necessitate
2407 5600 2552 5668 (nam
2588 5602 2983 5663 comburimur,
3014 5611 3069 5657 et
3091 5604 3256 5659 corda
3308 5623 3405 5660 no-

1843 5705 1952 5747 stra
1978 5692 2425 5761 exstinguuntur)
2459 5708 2591 5747 sane
2621 5693 2767 5763 quod
2790 5694 2943 5747 nobis
2970 5693 3146 5751 fecisti
3172 5695 3400 5763 bonum,

1846 5796 2099 5858 tanquam
2133 5785 2267 5839 nihil
2316 5785 2569 5855 apparuit
2606 5794 2658 5841 et
2710 5794 2975 5854 .tanquam
3026 5800 3249 5857 prorsus
3296 5808 3403 5845 non
