4188 6310
790 362 891 427 339

2076 364 2358 424 MENSIS
2398 366 2691 428 JULIUS.

3929 372 4027 432 340

790 478 1017 530 factum.
1052 475 1164 529 Hoc
1190 486 1371 529 autem
1394 477 1552 541 dixit,
1593 479 1818 531 hortans
1855 492 1995 540 eam,
2058 488 2115 531 ut
2157 495 2353 548 aquam
2387 489 2426 543 Α
2459 481 2593 543 ὅλως
2624 483 2867 548 γεγονός.
2898 483 3066 535 Τοῦτο
3098 486 3154 536 δὲ
3200 485 3222 536 ἔ

2470 481 2593 543 5λως
2624 483 2867 548 γεγονός.
2898 483 3066 535 Τοῦτο
3098 486 3154 536 δὲ
3200 484 3351 550 ἔλεγε
3402 484 3844 553 προτρεπόμενος
3893 490 4022 554 αὐτῇ

792 567 1031 622 aﬁerret.
1075 566 1166 619 Illa
1199 582 1330 621 vero
1365 580 1522 636 porta
1544 584 1785 637 egressa,
1821 582 2153 638 parvamque
2184 581 2356 624 etan-

792 669 1000 728 gustam
1028 670 1184 712 nacta
1214 659 1537 722 fenestram,
1576 677 1773 730 aquam
1808 662 1888 715 eis
1926 678 2022 729 per
2071 662 2215 716 illam
2246 673 2356 717 tra-

790 751 949 805 didit.
977 752 1041 803 Et
1072 762 1355 821 postquam
1401 752 1668 807 bibissent
1708 763 1763 807 et
1819 754 2110 809 reiocillati
2147 764 2354 818 essent,

792 844 1173 912 precabantur,
1203 854 1262 897 ut
1287 842 1380 896 ﬁlii
1413 844 1529 913 ejus
1558 853 1613 898 et
1640 844 1732 898 ﬁlii
1758 845 1993 898 ﬁliorum
2035 848 2152 915 ejus
2172 862 2358 899 sacer-

792 938 948 990 dotes
973 937 1185 1001 ﬁerent,
1218 937 1271 990 in
1299 936 1430 990 tanti
1458 938 1667 991 servitii
1690 939 2212 1007 compensationem.

2455 572 2678 639 ἐνέγκαι
2724 573 2786 626 τὸ
2831 572 2994 643 ὕδωρ.
3039 576 3101 627 Ἦ
3142 576 3197 629 δὲ
3244 574 3536 639 ἐξελθοῦσα
3566 576 3664 644 τῆς
3697 577 3898 645 πύλης,
3935 579 4027 629 καὶ

2454 663 2687 732 εὑροῦσα
2726 665 2929 733 μικρὰν
2969 670 3061 718 καὶ
3090 667 3280 734 στενὴν
3316 667 3528 733 θυρίδα,
3569 666 3658 718 διὰ
3686 667 3895 735 ταύτης
3930 670 4029 719 ὑπ-

2456 754 2651 807 έδωκεν
2683 757 2867 818 αὐτοῖς
2913 759 2970 809 τὸ
3005 758 3172 826 ὕδωρ.
3201 760 3308 809 Kal
3338 758 3555 820 πιόντες
3588 761 3681 811 καὶ
3712 759 4030 827 ἀναψύξαν-

2454 862 2541 905 τες
2566 848 2873 916 ὲπηύξαντο
2912 850 3055 917 αὐτῇ
3084 851 3209 910 τοὺς
3240 851 3407 912 υἱοὺς,
3443 851 3533 901 καὶ
3573 853 3723 913 υἱοὺς
3750 852 3866 903 τῶν
3900 853 4030 903 υἱῶν

2452 937 2621 1004 αὐτῆς
2672 939 2749 999 εἰς
2783 940 2964 1009 ἱερέας
3000 940 3253 1009 γενέσθαι
3302 940 3592 1011 διαμοιΰὴν
3625 940 3726 1011 τῆς
3773 943 4031 1010 τοιαύτης

2458 1028 2777 1097 θεραπείας.

2238 1188 2463 1245 CAPUT
2503 1188 2591 1243 IV.

796 1318 1080 1374 Orantibus
1119 1331 1345 1391 apparet
1381 1325 1635 1394 angelus;
1678 1334 2051 1398 convertuntur
2078 1325 2195 1398 Δάιιο
2228 1321 2761 1398 carceriscustodes;
2801 1326 3129 1398 damnantur
3176 1328 3347 1378 sancti
3398 1333 3661 1398 martyres
3714 1328 3789 1382 ad
3826 1331 4037 1397 ignem;

1603 1414 1739 1465 aqua
1768 1414 1793 1448 ε
1820 1413 1946 1465 rupe
1971 1395 2183 1457 elicita;
2226 1390 2515 1444 translatio
2552 1392 2807 1445 etwultus
2846 1395 3224 1464 reliquiarum.

866 1519 1052 1574 XVIII.
1092 1522 1325 1591 Vespere
1359 1523 1522 1587 facto,
1554 1526 1849 1578 cantabant
1879 1525 2163 1578 dicentes:
2203 1540 2221 1572 ι
2255 1521 2362 1575 Do-

800 1610 963 1673 mine,
988 1612 1185 1665 exaudi
1229 1613 1534 1667 oralionem
1563 1631 1761 1677 meam,
1786 1625 1841 1667 et
1874 1616 2077 1668 clamor
2102 1627 2254 1666 meus
2292 1612 2357 1665 ad

803 1710 853 1752 te
883 1701 1243 1760 veniatﬁetc.
1275 1722 1291 1752 ›
1328 1703 1395 1755 Ει
1421 1705 1635 1771 expleto
1666 1704 1890 1772 psalmo.
1925 1701 2362 1757 corroboraban-

808 1800 895 1842 tur
934 1790 985 1843 in
1014 1792 1261 1850 vinculis.
1298 1793 1499 1859 gratias
1534 1805 1756 1861 agentes
1781 1795 1910 1858 Deo,
1947 1801 2167 1846 orantes
2200 1797 2255 1842 et
2282 1787 2367 1840 di-

2536 1522 2643 1573 lH'.
2698 1520 2974 1591 Ἐσπέρας
3008 1523 3062 1575 δὲ
3113 1524 3550 1592 καταλαϐούσης,
3589 1526 3817 1588 ἔψαλλον
3856 1528 4041 1594 λέγον-

2460 1628 2583 1674 τες·
2620 1630 2638 1662 ι
2662 1613 2854 1683 Κύριε,
2887 1614 3204 1666 εἰσάκουσον
3236 1615 3332 1683 τῆς
3366 1617 3671 1684 προσευχῆς
3697 1635 3819 1683 μου,
3860 1620 3955 1669 καὶ
3997 1620 4026 1688 ἡ

2464 1708 2681 1776 κραυγή
2717 1724 2817 1776 μου
2847 1708 2983 1778 πρός
3004 1725 3061 1759 σε
3091 1708 3346 1769 ἐλθέτω,›
3372 1710 3467 1759 καὶ
3497 1709 3561 1759 τὰ
3590 1708 3733 1779 ἑξῆς.
3758 1709 3871 1760 Καὶ
3905 1711 4041 1777 πλη-

2470 1796 2743 1861 ρώσαντες
2796 1797 2886 1848 τὸν
2916 1797 3151 1865 ψαλμὸν,
3184 1793 3325 1866 ἦσαν
3359 1799 3660 1867 ἐρρωμένοι
3700 1802 3755 1850 ἐν
3805 1801 3921 1862 τοίς
3960 1800 4045 1851 δε-

803 1893 987 1937 ccntes
1020 1902 1033 1937 :
1062 1886 1285 1939 Domine
1310 1886 1461 1947 Jesu,
1495 1886 1587 1953 qui
1631 1896 1811 1953 portas
1837 1886 1976 1937 mala
2009 1883 2187 1936 omnis
2207 1895 2363 1934 crca-
2399 1926 2437 1979 B
2470 1890 2647 1956 σμοῖς,
2701 1890 3150 1958 εὐχαριστοῦντες
3206 1908 3224 1940 ει

2470 1890 2647 1956 σμοῖς,
2701 1890 3150 1958 εὐχαριστοῦντες
3206 1890 3283 1958 τῷ
3338 1891 3553 1958 Κυρίῳ,
3620 1891 3869 1959 δεόμενοι
3950 1892 4044 1944 καὶ

804 1983 961 2035 tunc,
1013 1975 1149 2028 nihil
1218 1976 1598 2028 absconditum
1643 1983 1726 2027 est
1766 1990 1947 2027 coram
1989 1985 2060 2033 te,
2089 1973 2178 2040 qui
2214 1987 2365 2026 scru-

807 2069 940 2121 laris
967 2068 1151 2132 corda,
1178 2076 1233 2121 et
1256 2068 1453 2137 probas
1478 2082 1635 2121 renes
1661 2085 1672 2120 :
1709 2075 1763 2120 tu
1790 2068 1915 2129 scis.
1947 2083 2054 2136 quo
2080 2068 2367 2135 ﬁagremus

810 2160 887 2214 tui
923 2159 1217 2222 desiderio,
1261 2161 1442 2214 cernis
1472 2170 1776 2224 tormenta;
1822 2160 2113 2213 animabus
2168 2160 2369 2214 nostris

805 2250 1045 2309 medere.
1086 2265 1209 2303 nam
1242 2266 1469 2319 corpora
1494 2260 1675 2303 nostra
1705 2249 2027 2303 tradidimus
2048 2260 2269 2317 propter
2295 2256 2369 2308 te;

807 2344 927 2398 dele
961 2344 1279 2412 iniquitates
1313 2352 1530 2395 nostras
1564 2343 1618 2393 in
1652 2340 1993 2409 corruptibili
2023 2350 2207 2392 nostra
2239 2338 2371 2391 vita:

807 2453 971 2505 parva
1002 2436 1199 2504 quippe
1231 2435 1346 2489 haec
1376 2434 1535 2489 nobis
1569 2440 1717 2493 sunt.
1770 2443 1826 2486 et
1864 2432 2091 2485 minime
2122 2430 2370 2491 molesta,

809 2528 880 2582 ob
910 2529 1133 2581 multam
1166 2528 1219 2579 in
1259 2535 1329 2590 te,
1359 2527 1610 2589 Domine,
1645 2526 1993 2589 charitatem;
2027 2536 2076 2578 te
2100 2522 2374 2577 desidera-

812 2634 954 2678 mus.
992 2628 1039 2672 te
1060 2619 1334 2671 timemus.
1369 2617 1566 2685 Aspice
1605 2633 1634 2671 e
1689 2616 1853 2676 caelo.
1885 2626 1937 2670 et
1962 2631 2061 2669 nos
2106 2615 2285 2683 erige;
2319 2624 2375 2667 tu

811 2712 1013 2768 etenim
1038 2710 1336 2765 consolaris
1369 2726 1470 2763 nos
1501 2710 1553 2761 in
1583 2710 1729 2763 omni
1755 2710 2109 2764 tribulatione
2164 2718 2373 2769 nostra,

814 2815 875 2859 ut
903 2804 1176 2874 possimus
1208 2803 1503 2857 sustinere.
1541 2801 1688 2856 Nihil
1735 2800 1840 2854 loci
1897 2802 2095 2854 habeat
2128 2800 2374 2853 Satanas.

814 2897 890 2952 Ne
925 2912 1025 2951 nos
1078 2912 1106 2949 a
1148 2896 1388 2949 fraterno
1449 2896 1553 2948 hoc
1600 2909 1788 2948 amore
1842 2908 2032 2961 separa
2072 2910 2086 2945 :
2133 2892 2378 2945 omnium

816 2990 963 3043 enim
992 2998 1236 3043 nostrum
1260 2996 1433 3041 mater
1458 2994 1541 3041 est
1570 2986 1704 3044 ﬁdes
1733 2986 1784 3039 in
1819 2994 1890 3039 te.
1918 2985 1985 3039 Et
2016 2995 2095 3045 tu,
2128 2982 2377 3047 Domine,

817 3084 976 3136 Pater
1002 3090 1207 3144 noster,
1243 3080 1483 3150 gloriﬁra
1521 3096 1716 3134 nomen
1744 3089 1894 3133 tuum
1922 3080 1975 3132 in
2006 3077 2265 3133 membris
2282 3091 2380 3129 no-

816 3177 969 3238 stris,
997 3184 1052 3229 et
1082 3185 1339 3242 tanquam
1367 3174 1419 3226 in
1451 3172 1789 3226 holocaustis
1815 3171 2047 3223 arietum
2099 3178 2155 3223 et
2196 3178 2381 3223 lauro-

2466 1982 2747 2049 λέγοντες·
2782 1982 2952 2050 Κύριε
2989 1979 3182 2047 Ἰησοῦ,
3219 1982 3245 2031 ὁ
3273 1981 3555 2046 βαστάζων
3583 1982 3648 2032 τὰ
3684 1985 3827 2035 κακά
3862 1983 4042 2049 πάσης

2466 2075 2564 2141 τῆς
2600 2074 2848 2136 κτίσεως,
2907 2074 3058 2125 οὐδὲν
3115 2074 3357 2141 κρυπτὸν
3407 2073 3554 2142 παρὰ
3588 2074 3689 2135 σοὶ,
3736 2076 3764 2124 ὁ
3805 2074 4047 2143 ἐρευνῶν

2471 2166 2717 2233 καρδίας.
2750 2165 2844 2215 καὶ
2885 2164 3196 2231 δοκιμάζων
3230 2165 3461 2233 νεφρούς
3489 2182 3501 2194 ·
3534 2166 3596 2217 σὺ
3631 2165 3923 2217 ἐπίστασαι
3949 2167 4044 2237 τὴν

2472 2257 2746 2323 ἡμετέραν
2792 2256 2869 2316 εἰς
2917 2254 2975 2305 σὲ
3035 2252 3384 2322 προθυμίαν
3430 2257 3562 2324 ὁρᾷς
3602 2255 3699 2317 τὰς
3748 2256 4048 2325 βασάνους,

2477 2347 2627 2398 ἴασαι
2683 2344 2841 2414 ἡμῶν
2876 2346 2970 2407 τάς
3000 2344 3176 2411 ψυχάς
3203 2360 3215 2372 ’
3253 2345 3320 2395 τὰ
3366 2345 3474 2413 γὰρ
3506 2344 3728 2414 σώματα
3764 2348 3927 2415 ἡμῶν
3961 2349 4046 2400 διὰ

2478 2438 2533 2490 σὲ
2561 2437 2955 2505 παρεδώκαμεν
2982 2452 2993 2465 ⁸
3024 2436 3423 2505 συναπάλειψον
3446 2436 3600 2503 ἡμῶν
3624 2437 3689 2487 τά
3717 2424 4046 2507 ἀνομήματα

2477 2534 2534 2584 ὲν
2594 2529 2670 2600 τῷ
2721 2528 2945 2600 φθαρτῷ
3005 2530 3160 2598 ἡμῶν
3208 2529 3345 2598 βίῳο
3383 2528 3556 2598 μικρὰ
3588 2528 3698 2597 γάρ
3748 2532 3880 2598 ἡμῖν
3935 2533 4049 2582 ἐστι

2474 2624 2669 2685 ταῦτα,
2724 2624 2816 2673 καὶ
2877 2622 3174 2689 ἀνάλγητα,
3236 2620 3321 2671 διὰ
3380 2620 3477 2688 τὴν
3536 2620 3735 2689 πολλὴν
3784 2624 3919 2690 περὶ
3968 2625 4045 2683 σε,

2479 2714 2745 2772 Δέσποτα,
2772 2713 2994 2781 ἀγάπην
3017 2727 3029 2740 ·
3062 2711 3119 2762 σὲ
3159 2710 3451 2779 ποθοῦμεν,
3489 2712 3544 2763 σὲ
3578 2712 3880 2780 φοϐοὖμεν.
3908 2716 4053 2767 Κάτ-

2484 2810 2557 2859 ιδε
2587 2807 2895 2877 οὐρανόθεν,
2921 2804 3016 2857 καὶ
3046 2804 3468 2875 παραθάρρυνον
3502 2804 3668 2871 ἡμᾶς·
3702 2803 3764 2854 σὺ
3799 2806 3911 2873 γὰρ
3952 2803 3998 2857 εἴ
4026 2806 4055 2857 ὁ

2481 2899 2814 2968 παρακαλῶν
2848 2900 2993 2965 ἡμᾶς
3037 2898 3128 2948 ἐπὶ
3162 2898 3306 2964 πάσῃ
3353 2899 3417 2965 τῇ
3464 2894 3638 2963 Θλὶψει
3680 2898 3834 2964 ἡμῖν,
3881 2898 3961 2959 εἰς
3996 2898 4055 2949 τὸ

2481 2989 2742 3042 δύνασθαι
2778 2989 2925 3055 ἡμᾶς
2972 2989 3290 3052 ἐπενεγκεῖν
3316 3002 3328 3015 ·
3382 2990 3473 3039 καὶ
3510 2991 3582 3057 μὴ
3614 2991 3784 3057 ἐχέτω
3815 2990 3983 3042 τύπον
4026 2992 4052 3041 ὁ

2483 3083 2726 3144 Σατανᾶς
2743 3097 2755 3109 ⁸
2788 3082 2862 3150 μὴ
2884 3082 3122 3151 χωρίσῃς
3149 3082 3293 3149 ἡμᾶς
3313 3082 3409 3149 τῆς
3429 3082 3787 3151 ἀδελφότητος
3814 3085 4019 3150 ταύτης
4038 3100 4055 3114 ·

2488 3176 2668 3245 μήτηρ
2702 3177 2808 3243 γὰρ
2848 3174 3062 3225 πάντων
3105 3173 3260 3242 ήμῶν
3293 3174 3325 3240 ἡ
3359 3174 3436 3233 εἰς
3472 3174 3528 3225 σὲ
3575 3174 3778 3235 πίστις.
3821 3175 3935 3227 Καὶ
3972 3176 4054 3242 σὺ,

819 3284 935 3322 rum
964 3278 1019 3321 et
1052 3267 1105 3320 in
1126 3266 1462 3337 myriadibus
1498 3266 1778 3335 pinguium
1804 3266 1986 3319 ovium
2006 3265 2380 3319 admittamur.
2412 3256 2454 3311 C
2492 3268 2688 3332 Κύριε,
2719 3267 2907 3334 Πατὴρ
2936 3265 3113 3333 ἡμῶν,
3145 3264 3224 3324 δὸξ

2492 3268 2688 3332 Κύριε,
2719 3267 2907 3334 Πατὴρ
2936 3265 3113 3333 ἡμῶν,
3145 3264 3365 3324 δοξασὸν
3397 3280 3487 3314 σου
3538 3264 3595 3315 τὸ
3634 3265 3810 3332 ὄνομα
3861 3268 3919 3318 ὲν
3950 3272 4058 3330 τοῖς

818 3361 909 3416 Sic
937 3359 1029 3415 ﬁat
1057 3360 1383 3415 sacriﬁcium
1409 3372 1655 3414 nostrum
1694 3360 1747 3412 in
1800 3369 2095 3427 conspectu
2128 3367 2242 3419 tuo.
2274 3357 2380 3411 Do-

818 3454 987 3515 mine,
1011 3462 1067 3507 et
1096 3452 1412 3521 perﬁciatur
1436 3468 1619 3506 coram
1662 3460 1743 3522 te;
1780 3451 1907 3519 quia
1954 3450 2279 3504 benedictus
2324 3465 2383 3503 es

819 3556 874 3599 et
899 3545 1234 3615 gloriﬁcatus
1261 3545 1313 3598 in
1335 3543 1518 3597 omnia
1553 3542 1766 3596 saecula.
1801 3542 1865 3595 Et
1900 3556 2021 3595 cum
2070 3555 2260 3593 omnes
2310 3540 2385 3592 di-

819 3637 1049 3697 xissent,
1085 3635 1280 3700 Amen,
1314 3643 1530 3689 noctem
1565 3634 1927 3688 traduxerunt
1970 3632 2272 3687 insomnes.
2305 3630 2385 3684 Ad

820 3728 999 3782 noctis
1026 3727 1288 3786 medium,
1322 3741 1578 3793 magnum
1609 3725 1877 3790 psalmum
1936 3722 2040 3775 sibi
2096 3721 2383 3778 funebrem

822 3817 1162 3887 cecinerunt.

896 4084 1036 4140 XIX.
1069 4084 1227 4139 Hunc
1259 4090 1543 4151 postquam
1596 4080 1965 4149 implevissent
2012 4088 2067 4134 et
2118 4089 2384 4139 orassent.

826 4195 953 4234 ecce
974 4177 1202 4248 angelus
1228 4173 1444 4229 Domini
1490 4172 1663 4226 astitit
1713 4180 1769 4225 et
1806 4173 1982 4225 lucem
2023 4172 2264 4237 implevit
2290 4172 2389 4226 ha-

827 4271 1150 4333 bitaculum,
1205 4277 1263 4321 et
1307 4267 1443 4321 dicit
1490 4265 1622 4334 ipsis
1660 4263 1968 4324 :Gaudete,
2028 4276 2197 4332 prope
2235 4262 2390 4316 adest

825 4372 1008 4418 vester
1038 4361 1161 4414 ﬁnis
1190 4368 1245 4415 et
1290 4359 1513 4413 nomina
1572 4366 1752 4411 vestra
1796 4358 1849 4409 in
1880 4357 2024 4409 libro
2086 4356 2387 4409 viventium

828 4458 1029 4525 scripta
1067 4462 1214 4508 sunt.
1244 4452 1514 4507 Couﬁdite
1552 4470 1565 4503 :
1608 4450 1873 4504 Dominus
1921 4448 2224 4501 vobiscum.
2269 4446 2390 4500 Haec

825 4552 974 4605 fatus
1020 4547 1275 4603 discessit
1304 4545 1373 4599 ab
1395 4544 1475 4599 eis
1510 4542 1755 4613 angelus.
1781 4541 2163 4595 Adoravcrunt
2193 4538 2386 4601 sancti.

2493 3357 2711 3429 μέλεσιν
2743 3357 2916 3424 ἡμῶν,
2949 3358 3039 3407 καὶ
3071 3357 3536 3426 προσδεχθείημεν
3564 3356 3635 3419 ὡς
3663 3357 3719 3409 ἕν
3752 3359 4059 3411 olom-attito

2497 3468 2629 3521 μασι
2684 3449 2854 3518 κριῶν
2884 3450 2977 3502 καὶ
2998 3449 3233 3519 ταύρων,
3272 3451 3363 3501 καὶ
3400 3450 3472 3511 ὠς
3498 3442 3553 3503 ἐν
3588 3453 3854 3519 μυριάσιν
3884 3453 4057 3522 ἀρνῶν

2495 3542 2716 3594 πιόνων.
2752 3540 2911 3592 Οὕτω
2942 3541 3182 3606 γενέσθω
3224 3542 3255 3605 ἡ
3292 3540 3448 3591 θυσία
3476 3540 3630 3608 ἡμῶν
3668 3542 3905 3595 ἐνώπιόν
3947 3562 4055 3609 σου,

2495 3629 2687 3698 Κύριε,
2721 3628 2813 3679 καὶ
2836 3628 3136 3679 ἐκτελέσθω
3164 3626 3385 3678 ὄπισθέν
3416 3645 3508 3679 σου
3534 3646 3546 3657 ν
3577 3630 3657 3680 ὅτι
3689 3631 3985 3700 εὐλογητος
4013 3631 4057 3686 εἷ

2493 3723 2587 3775 καὶ
2612 3720 2997 3791 δεδοξασμένος
3024 3722 3102 3782 εἰς
3135 3721 3341 3783 πάντας
3368 3722 3492 3783 τοὺς
3521 3721 3743 3785 αἰῶνας.
3772 3725 3884 3776 Kal
3929 3730 4057 3777 πάν-

2494 3832 2600 3866 των
2631 3813 2924 3877 εἰπόντων,
2963 3812 3155 3881 Ἀμὴν,
3185 3812 3485 3865 διετέλεσαν
3510 3815 3725 3872 ἄϋπνοι.
3757 3817 3896 3886 Περὶ
3926 3819 3979 3870 δὲ
4008 3821 4058 3869 τί)

2499 3922 2850 3975 μεσονυκτιον
2893 3904 3119 3973 ἔψαλλον
3158 3906 3250 3955 τον
3282 3906 3455 3971 μέγαν
3491 3907 3723 3975 ψαλμὸν,
3771 3912 4063 3980 ὲττιτεὶςριςν,ι

2495 4000 2728 4060 ἑαυτοῖς.

2567 4094 2668 4144 1Θ’.
2722 4090 2834 4142 Kal
2886 4090 3291 4158 πληρωσάντων
3351 4089 3527 4141 αὐτῶν
3578 4090 3671 4143 καὶ
3724 4092 4055 4165 εὐξαμένων,

2499 4184 2629 4245 ἰδοὺ,
2678 4182 2906 4247 ἅγγελος
2970 4182 3177 4248 Κυρίου
3211 4183 3440 4243 ἐπιστὰς
3473 4182 3757 4251 ἐπλήρωσε
3801 4188 3981 4255 φωτὸς
4007 4188 4059 4239 τὸ

2496 4276 2722 4345 οἴκημα,
2756 4274 2849 4327 καὶ
2884 4273 3031 4341 λέγει
3081 4272 3263 4334 αὐτοῖς
3289 4290 3303 4303 ·
3334 4273 3597 4342 Χαίρετε·
3629 4277 3799 4340 ἐγγὺς
3848 4278 4000 4345 ὑμῶν
4028 4280 4056 4346 ἡ

2494 4368 2796 4425 τελείωσις,
2826 4367 2918 4417 καὶ
2947 4366 3015 4415 τά
3042 4365 3281 4431 ὀνόματα
3312 4365 3463 4428 ὑμῶν
3494 4367 3551 4415 ὲν
3581 4364 3752 4435 βίϐλῳ
3792 4367 3907 4419 τῶν
3936 4368 4065 4432 ζών-

2497 4476 2605 4510 των
2635 4457 3045 4527 ἀνεγράφησαν.
3088 4457 3353 4523 Θαρσεῖτε
3381 4470 3393 4482 ·
3426 4457 3452 4506 ὁ
3485 4454 3685 4524 Κύριος
3738 4459 3864 4528 μεθ’
3894 4463 4061 4527 ὑμῶν,

2500 4553 2608 4605 Kal
2636 4551 2808 4604 ταῦτα
2840 4548 3010 4602 εἰπὼν
3040 4551 3067 4601 ὁ
3096 4549 3325 4617 ἄγγελος
3362 4549 3603 4613 ἀπῆλθεν
3631 4551 3733 4602 ἀπ’
3759 4553 3965 4603 αὐτῶν.
4007 4556 4063 4604 Oi

830 4656 883 4698 et
911 4644 1117 4714 gratias
1141 4651 1368 4712 egerunt
1397 4640 1527 4692 Deo.
1562 4642 1628 4691 At
1656 4652 1784 4689 vero
1816 4637 2036 4695 milites.
2089 4635 2181 4704 qui
2206 4642 2391 4688 custo-
2427 4612 2465 4666 θ
2497 4647 2550 4700 δὲ
2582 4645 2724 4713 ἆγιοι
2758 4612 3196 4714 προσεκύνησαν,

2497 4647 2550 4700 δὲ
2582 4645 2724 4713 ἆγιοι
2758 4644 3196 4714 προσεκύνησαν,
3243 4642 3335 4691 καὶ
3381 4639 3795 4709 ηὐχαρίστησαν
3846 4644 3922 4712 τῷ
3960 4646 4066 4696 Κυο

831 4738 1056 4791 diebant
1090 4736 1233 4788 I'ores
1257 4734 1512 4795 carceris,
1535 4732 1763 4784 Menazas
1791 4738 1845 4783 et
1864 4729 2153 4783 Belerades
2183 4735 2395 4795 specta-

834 4836 964 4881 runt
991 4825 1210 4893 quidem
1273 4824 1483 4884 lumen.
1523 4831 1578 4877 et
1606 4836 1793 4876 vocem
1836 4822 2012 4888 angeli
2064 4819 2394 4881 audierunt;

836 4920 929 4973 sed
955 4920 1166 4972 vultum
1195 4918 1317 4984 ejus
1343 4931 1450 4968 non
1476 4915 1754 4968 viderunt.
1796 4914 1935 4967 Dicit
1984 4912 2231 4966 Beleradi
2287 4910 2398 4964 Me-

834 5029 983 5066 uanas
1009 5010 1392 5080 Egyptiorum
1454 5007 1635 5073 lingua
1684 5008 1860 5073 (erant
1917 5005 2119 5072 quippe
2198 5017 2397 5071 genere

836 5106 1095 5175 JEgypth)
1122 5121 1136 5157 :
1163 5101 1353 5157 Viden’
1380 5109 1433 5155 et
1460 5097 1667 5161 audin’,
1703 5099 1869 5152 frater
1899 5098 2176 5157 Belerade,
2219 5095 2397 5165 qualis

840 5198 983 5266 regis
1014 5193 1217 5248 milites
1252 5191 1363 5247 sint
1397 5191 1518 5243 isti?
1549 5190 1661 5259 Ego
1693 5203 1823 5243 sane
1855 5188 1923 5239 ab
1943 5188 2100 5241 initio
2117 5187 2399 5242 Christia-

841 5291 927 5343 nis
956 5289 1165 5344 amicus
1192 5286 1268 5339 l'ui
1296 5304 1305 5338 :
1331 5298 1509 5354 neque
1528 5286 1673 5344 enim
1708 5281 1929 5336 student
1957 5295 2285 5350 quemquam
2312 5281 2399 5333 lae-

844 5386 995 5443 dere,
1024 5382 1117 5435 sed
1149 5377 1442 5434 attendunt
1471 5376 1573 5430 sibi
1608 5375 1759 5445 ipsis,
1786 5374 1994 5443 jejunio
2027 5382 2301 5435 vacantes,
2350 5381 2405 5427 et

843 5476 1016 5529 Deum
1069 5486 1227 5527 suum
1253 5479 1576 5539 praecantes,
1598 5468 1831 5522 maxime
1856 5467 1905 5519 in
1932 5481 2153 5526 aurora,
2183 5475 2237 5519 et
2256 5463 2404 5518 nullo

848 5583 957 5624 non
998 5578 1244 5635 tempore
1279 5564 1430 5620 illum
1466 5562 1777 5617 adorantes.
1814 5559 1959 5615 Nihil
1990 5560 2195 5628 injusti,
2231 5558 2403 5627 iniqui

848 5664 983 5718 nihil
1032 5661 1271 5724 faciunt;
1309 5658 1605 5729 hospitales
1640 5668 1788 5724 sunt,
1817 5671 2001 5711 omnes
2057 5656 2309 5725 diligunt.
2343 5654 2409 5707 Et

917 5806 933 5831 ⁸
968 5804 1103 5859 Psal.
1144 5818 1211 5865 Cl,
1242 5802 1294 5855 9.

2497 4740 2617 4809 ρὶῳ.
2654 4740 2713 4789 Ol
2754 4737 2810 4788 δὲ
2862 4734 3211 4801 στρατιῶται,
3259 4734 3305 4784 οἱ
3355 4732 3721 4800 φυλάσσοντες
3761 4737 3861 4798 τὰς
3895 4738 4065 4807 θύρας

2497 4831 2591 4895 τῆς
2634 4827 2897 4895 φυλακῆς,
2956 4824 3199 4885 Μεναίας
3255 4825 3346 4875 καὶ
3395 4822 3739 4892 Βηληράδης,
3772 4826 4067 4879 ἐθιάσαντο

2501 4920 2601 4988 μὲν
2638 4918 2696 4971 τὸ
2752 4915 2887 4985 φῶς,
2925 4916 3016 4967 καὶ
3047 4914 3141 4983 τὴν
3174 4913 3356 4981 φωνὴν
3392 4911 3485 4964 τοῦ
3523 4911 3759 4977 ἀγγέλου
3800 4914 4066 4983 ἥκουσαν,

2498 5011 2557 5063 τὸ
2592 5011 2645 5061 δὲ
2676 5010 2964 5076 πρόσωπον
2993 5006 3153 5058 αὐτοῦ
3183 5006 3281 5056 οὐκ
3313 5000 3471 5055 εἶδον.
3504 5004 3609 5055 Καὶ
3642 5003 3789 5069 λέγει
3824 5006 4068 5067 Μεναξας

2507 5099 2585 5168 τῷ
2637 5096 2924 5165 Βηληράδῃ
2963 5097 3025 5160 τῇ
3065 5094 3170 5144 τῶν
3203 5091 3514 5158 Αἰγυπτίων
3555 5094 3729 5161 φωνῇ,
3772 5089 3939 5162 (ἦσαν
3965 5096 4071 5165 γὰρ

2509 5191 2795 5257 Αἰγύπτιοι
2824 5188 2883 5240 τὸ
2917 5189 3115 5254 γένος)’
3151 5185 3307 5255 Ὁρᾷς
3340 5187 3432 5237 καὶ
3460 5183 3701 5247 ἀκούεις,
3737 5184 3935 5250 άδελφὲ
3968 5187 4073 5254 BE-

2500 5285 2728 5353 ληράδη,
2753 5283 2863 5335 οἴου
2891 5280 3152 5349 βασιλέως
3175 5281 3312 5331 εἰσιν
3333 5271 3475 5328 οὗτοι
3507 5277 3836 5345 στρατιῶται
3858 5293 3873 5342 ;
3910 5280 4067 5343 κάγὼ

2504 5377 2562 5441 ἐξ
2599 5375 2773 5443 ἀρχῆς
2812 5374 2961 5441 φίλος
3006 5372 3114 5423 τῶν
3158 5369 3499 5440 Χριστιανῶν
3533 5369 3785 5437 τυγχάνω
3811 5386 3825 5399 '
3858 5372 3921 5421 οὐ
3968 5371 4072 5438 γὰρ

2509 5468 2896 5532 σπουδάζουσιν
2922 5465 3128 5517 ἀδικεῖν
3157 5480 3296 5522 τινα,
3325 5462 3438 5513 ἀλλ’
3469 5462 3681 5521 ἑαυτοῖς
3740 5464 4069 5531 προσέχουσι

2506 5560 2877 5629 νηστεύοντες,
2903 5556 2995 5611 καὶ
3029 5556 3267 5623 δεόμενοι
3306 5553 3398 5605 τοῦ
3432 5551 3566 5605 Θεοῦ
3595 5553 3797 5617 αὐτῶν,
3838 5553 4074 5619 μάλιστα

2509 5656 2562 5705 ὲν
2602 5656 2708 5715 τοῖς
2743 5650 2977 5721 ὄρθροις,
3015 5650 3108 5698 καὶ
3138 5649 3195 5698 ἒν
3227 5646 3369 5715 πάσῃ
3409 5644 3461 5697 δὲ
3492 5643 3609 5715 ὥρα
3638 5644 4071 5715 trpezita/95:25;
