4188 6310
155 376 243 439 341

1082 374 1548 437 MARTYRIUM
1590 373 1697 432 SS.
1739 373 1888 432 XLV
1927 377 2391 439 MARTYRUM.

3269 376 3375 441 352

154 493 315 556 αὐτὸν,
346 493 509 563 μηδὲν
564 493 747 545 ἄδικον
784 492 813 560 ἢ
852 492 1167 559 παράνομον
1203 488 1688 559 διαπραττόμενοι,
1723 534 1728 546 ,

1816 494 1938 549 ιίειιι
1971 505 2027 548 tu
2056 512 2167 565 pra:
2201 514 2283 552 me
2314 499 2480 559 nosti,
2509 509 2643 566 quot
2672 498 2903 552 solitarii
2932 498 2984 552 in
3013 496 3245 569 ,Ευριο
3271 500 3376 552 mi-

155 582 414 649 φιλόξενοι,
461 584 671 647 πάντας
721 582 1066 651 ἀγαπῶντες.
1119 584 1247 645 Καὶ,
1281 582 1352 644 ὡς
1400 583 1494 634 καὶ
1533 581 1694 643 αὐτὸς

153 668 280 735 οἶδας
314 675 415 744 πρὸ
450 674 608 743 ἐμοῦ,
639 677 763 737 τοὺς
805 676 862 726 ἐν
907 673 1167 743 Αἰγύπτῳ
1206 674 1495 743 ἐρημίτας,
1525 673 1696 725 ὁπόσα

155 765 659 836 θαυματουργοῦσιν.
696 767 761 819 Τί
805 762 899 818 οὖν
944 765 1236 834 μέλλομεν,
1265 765 1295 832 ἢ
1327 763 1693 833 βραδύνομενς

154 858 252 910 Νῦν
279 860 458 928 καιρὸς
480 859 708 928 ἀγῶνος.
753 858 903 925 Ἐμοὶ
931 857 1079 911 δοκεῖ
1108 857 1366 909 εἰσελθεῖν
1394 859 1489 908 σὺν
1517 856 1699 917 αὐτοῖς

154 949 203 1000 ἐν
229 953 287 1021 τῇ
318 951 550 1018 φυλακῇ,
586 951 680 1001 καὶ
711 950 1089 1018 παρακαλέσαι
1116 948 1313 1011 αὐτοὺς
1341 948 1596 1013 δέξασθαί
1632 963 1697 1015 με

156 1048 241 1097 σὺν
270 1046 464 1105 αὐτοῖς.
510 1042 597 1093 Σοὶ
633 1042 689 1093 δὲ
718 1042 768 1092 τί
790 1043 958 1100 δοκεῖ,
985 1042 1176 1109 ἁδελφέ
1202 1058 1213 1105 ;
1248 1042 1356 1093 Καὶ
1386 1042 1413 1092 ὁ
1448 1040 1701 1109 Βηληρά-

151 1139 239 1203 δης
294 1137 389 1204 ἔφη
418 1151 432 1165 ⁸
485 1136 546 1187 Ei
580 1127 727 1186 οὗτοι
781 1135 881 1186 οὐκ
935 1135 1281 1201 ἐφοϐήθησαν
1320 1134 1410 1186 τὸν
1450 1134 1702 1196 θάνατον,

154 1336 220 1379 σι,
265 1320 348 1368 καὶ
401 1317 643 1368 τοιοῦτον
694 1316 807 1383 φῶς
868 1315 1178 1384 βλέπουσιν,
1233 1311 1341 1367 οἷον
1413 1317 1507 1367 καὶ
1547 1316 1703 1383 ἡμεῖς

156 1410 270 1461 ἰδεῖν
300 1408 715 1475 κατηξιώθημεν
748 1407 822 1475 τῷ
856 1409 943 1459 ἐπ’
966 1409 1148 1469 αὐτοῖς
1182 1408 1422 1474 φανέντι,
1449 1407 1593 1460 amt
1616 1409 1710 1460 καὶ

152 1502 297 1569 ἡμεῖς
320 1501 531 1571 μέτοχοι
552 1500 646 1568 τῆς
667 1500 838 1568 χαρᾶς
863 1498 1040 1552 αὐτῶν
1066 1500 1124 1550 ού
1154 1498 1415 1567 γινόμεθα
1438 1519 1452 1561 ;
1484 1500 1711 1551 Ἥθελον

151 1592 201 1643 δὲ
241 1591 388 1652 εἴτις
417 1593 508 1642 τὸν
556 1591 745 1652 δοῦκα,
783 1590 869 1642 ἵνα
904 1592 1221 1658 ἠνάγκασεν
1251 1591 1547 1643 ἀποθανεῖν
1574 1592 1712 1659 ὑπὲρ

149 1683 237 1737 τοῦ
264 1684 388 1736 Θεοῦ
421 1683 584 1736 αὑτοῦ
626 1683 984 1749 Ἀσκληπιοῦ,
1039 1682 1069 1751 ἢ
1116 1683 1472 1746 Ἀπόλλωνος,
1519 1686 1611 1735 καὶ
1656 1684 1714 1735 ὃν

151 1776 435 1840 καθέξατο·
491 1775 606 1827 ἀλλ’
639 1776 844 1836 ἐκεῖνος
889 1775 988 1842 μὲν
1024 1774 1301 1843 φιλοζωεῖ,
1332 1774 1489 1844 ἡμῶν
1523 1776 1578 1827 δὲ
1615 1777 1712 1829 καὶ

148 1869 242 1929 τὰς
287 1867 526 1928 ἀννῶνας
598 1867 821 1930 καὶτὰς
868 1867 1036 1930 ἄλλας
1088 1867 1406 1935 εὐεργεσίας
1444 1868 1707 1934 ὑπέτεμε,

150 1964 240 2016 καὶ
284 1965 479 2030 ἄνδρας
528 1966 773 2029 δικαίους
811 1969 1129 2020 άποκτενεῖο
1165 1967 1562 2037 προσέλθωμεν
1591 1964 1707 2018 οὖν.

216 2052 293 2108 ις’.
322 2056 443 2109 .Kal
478 2057 861 2126 εἰσδραμόντες
894 2059 1236 2128 προσέπεσον
1259 2060 1369 2119 τοῖς
1400 2057 1598 2124 ἁγίοις,
1625 2056 1712 2108 λέ-

149 2163 329 2214 γοντες
351 2162 362 2173 '
408 2144 603 2215 Κύριοι
638 2146 819 2214 ἡμῶν,
849 2147 942 2196 καὶ
969 2146 1145 2198 δοῦλοι
1180 2146 1274 2197 τοῦ
1326 2144 1587 2213 Χριστοῦ,
1629 2144 1713 2196 δέ-

148 2238 303 2303 ξασθε
345 2239 438 2289 καὶ
473 2238 619 2305 ἡμᾶς
648 2238 702 2287 ἐν
733 2237 809 2307 τῷ
843 2235 1062 2307 ἀριθμῷ
1090 2236 1242 2307 ὑμῶν
1265 2253 1277 2267 ·
1308 2236 1714 2305 ἐπιστεύσαμεν

146 2333 252 2398 γὰρ
293 2332 450 2398 ἡμεῖς
494 2331 573 2390 εἰς
604 2326 694 2381 τὸν
738 2328 944 2398 Κύριον
992 2329 1149 2399 ἡμῶν
1201 2329 1411 2399 Ἰησοῦν
1455 2330 1711 2400 Χριστὸν,

147 2424 236 2475 silv
265 2423 625 2490 ἀγαπήσαντα
650 2422 818 2491 ἡμᾶς.
857 2421 1099 2486 Εύξασθε
1129 2421 1221 2473 οὖν
1255 2424 1347 2474 καὶ
1374 2422 1502 2491 περὶ
1531 2422 1712 2491 ἡμῶν,

146 2516 231 2569 ἴνα
276 2517 345 2584 μὴ
373 2515 446 2576 ὡς
483 2514 844 2583 apud-iuvre;
877 2512 1306 2580 ἐκκλειᾳθῶμεν.
1360 2515 1473 2567 Καὶ
1513 2515 1717 2578 πάντες

144 2608 280 2676 ὁμοῦ
336 2607 764 2677 περιπλακέντες
810 2606 994 2667 αὐτοῖς
1044 2606 1092 2656 oi
1137 2604 1286 2671 ἆγιοι
1337 2604 1715 2674 κατεφίλησαν

147 2701 343 2760 αὐτοὺς
376 2700 513 2766 μετὰ
540 2698 735 2767 χαρᾶς,
762 2698 1012 2763 λέγοντες
1033 2714 1047 2727 ·
1086 2696 1329 2766 Ἀδελφοὶ
1364 2698 1522 2767 ἡμῶν
1554 2700 1675 2750 ἐστε
1698 2713 1713 2730 ·

145 2793 173 2842 ὁ
226 2790 333 2857 γὰρ
375 2786 579 2857 Κύριος
626 2787 784 2857 ήμῶν
820 2786 1027 2856 Ἰησοῦς
1069 2786 1305 2855 Χριστὸς
1336 2789 1429 2838 καὶ
1462 2787 1588 2849 τοὺς
1615 2778 1716 2855 τῆς

146 2883 440 2951 ἑνδεκάτης
475 2882 622 2950 ὥρας
655 2882 891 2950 ἐργάτας
923 2878 1139 2941 ἐδέξατο
1171 2881 1251 2942 είς
1278 2878 1368 2930 τὸν
1398 2877 1714 2947 ἀμπελῶνα·

147 2976 223 3042 μὴ
273 2970 368 3026 οὖν
414 2974 718 3041 δειλιὰσητε
745 2990 758 3003 °
802 2966 845 3040 ᾧ
876 2977 983 3041 γὰρ
1013 2973 1367 3025 ἐπιστεύσατε
1403 2971 1613 3040 Κυρίῳ,
1640 2970 1718 3040 τῷ

144 3067 366 3133 ὀφθέντι
404 3068 537 3135 ἡμῖν
588 3068 679 3117 καὶ
720 3066 1036 3131 λαλήσαντι,
1066 3064 1227 3126 αὐτὸς
1276 3065 1420 3134 ὑμᾶς
1463 3064 1717 3116 ἐκάλεσεν

1748 1825 1786 1877 Β

1799 590 1982 643 racula
2018 588 2265 642 faciunt?
2296 588 2406 643 Cur
2436 604 2565 658 ergo
2596 604 2899 653 moramur,
2934 598 3028 641 aut
3064 588 3378 642 tardamus?

1797 679 1956 734 Nunc
1987 680 2311 733 certaminis
2345 690 2563 748 tempus
2629 688 2735 734 est.
2793 678 2909 734 Una
2954 694 3077 732 cum
3126 679 3261 747 ipsis
3325 680 3379 731 in

1798 772 2330 828 carceremintroire
2373 772 2505 825 mihi
2543 772 2741 841 placet,
2768 772 3027 841 ipsosque
3088 771 3377 832 obtestari,

1801 875 1860 919 ut
1898 881 1982 920 me
2014 866 2067 918 in
2100 881 2261 919 suum
2289 866 2556 932 accipiant
2610 864 2975 919 consortium.
3012 864 3152 929 Quid
3196 872 3378 919 autem

1804 957 1901 1010 tibi
1931 957 2167 1021 videtur,
2202 956 2405 1011 frater?
2430 966 2485 1010 et
2513 956 2804 1010 Beieradcs
2834 955 2970 1008 dixit
3007 972 3019 1007 :
3048 955 3102 1009 Si
3147 964 3380 1007 mortem

1803 1050 1881 1104 illi
1910 1066 2016 1103 non
2058 1051 2270 1110 timent,
2302 1049 2394 1103 sed
2431 1058 2657 1117 propter
2699 1050 2866 1102 Deum
2915 1063 3073 1101 suum
3134 1048 3383 1100 moriun-

1808 1150 1898 1195 tur
1946 1156 2070 1195 cum
2098 1140 2317 1209 gaudio,
2343 1151 2397 1193 et
2430 1139 2533 1192 tale
2564 1139 2747 1191 lumen
2779 1138 3077 1206 aspiciunt,
3112 1136 3255 1205 quali
3285 1151 3386 1189 nos

1807 1249 2027 1302 quoque
2063 1234 2322 1302 dignatus
2353 1242 2437 1285 est
2468 1233 2579 1292 ille,
2614 1232 2705 1300 qui
2742 1231 2826 1285 his
2848 1230 3141 1297 apparuit;
3169 1228 3301 1296 quid
3330 1228 3385 1281 nl

1810 1324 1991 1390 gaudii
2028 1322 2273 1389 ipsorum
2310 1322 2605 1389 participes
2659 1320 2851 1372 ﬁamus
2885 1320 3047 1371 etiam
3080 1318 3216 1371 nos?
3264 1317 3388 1370 Vel-

1810 1414 1940 1473 lem,
1974 1422 2033 1466 ut
2064 1412 2186 1480 quis
2218 1412 2409 1466 ducem
2444 1422 2661 1479 cogeret
2692 1413 2755 1464 ad
2782 1410 3125 1465 moriendum
3156 1424 3251 1477 pro
3281 1409 3385 1461 deo

1813 1524 1912 1561 suo
1933 1507 2245 1574 Esculapio
2276 1516 2370 1561 aut
2404 1506 2673 1574 Apolline,
2729 1521 2967 1573 eumque
3004 1501 3385 1572 apprehende-

1816 1606 1898 1652 ret
1936 1616 1948 1653 :
1984 1598 2077 1652 sed
2118 1599 2263 1651 enim
2300 1599 2387 1651 ille
2423 1606 2566 1651 amat
2601 1597 2800 1660 vitam;
2847 1607 3062 1649 nostras
3096 1610 3229 1649 vero
3286 1610 3387 1649 an-

1817 1708 1991 1745 nonas
2018 1692 2092 1758 (ι)
2122 1700 2177 1745 et
2208 1691 2311 1743 alia
2348 1689 2616 1744 beneﬁcia
2645 1689 2902 1753 succidit,
2930 1704 2995 1742 ac
3035 1686 3185 1741 viros
3208 1686 3387 1758 justo:

1818 1784 2042 1838 occidit.
2075 1784 2415 1837 Accedamus
2446 1783 2648 1852 itaque.

1891 2053 2007 2109 XX.
2043 2054 2109 2110 Et
2139 2063 2489 2107 aceurrentes
2518 2050 2837 2106 acciderunt
2853 2052 3079 2110 sanctis,
3113 2050 3390 2105 dicentes:

1818 2148 2035 2201 Domini
2075 2147 2251 2205 nosui
2291 2156 2346 2201 et
2373 2147 2515 2200 servi
2552 2144 2775 2208 Christi,
2810 2159 2910 2197 nos
2940 2158 3159 2213 quoque
3191 2142 3245 2195 in
3290 2157 3395 2195 nu-

1821 2253 2032 2291 merum
2066 2248 2309 2292 vestrum
2359 2238 2631 2290 admittite
2687 2254 2699 2287 :
2732 2236 3069 2289 credidimus
3107 2237 3252 2288 enim
3293 2248 3398 2289 nos

1824 2333 1877 2387 in
1905 2331 2192 2384 Dominum
2217 2339 2463 2383 nostrum
2488 2329 2672 2384 Jesum
2699 2328 3003 2389 Christum,
3050 2328 3140 2396 qui
3200 2327 3395 2381 dilexit

1822 2441 1944 2478 nos.
1972 2424 2136 2479 Orate
2167 2424 2350 2491 itaque
2382 2436 2479 2490 pro
2518 2419 2698 2480 nobis,
2728 2436 2794 2473 ne
2836 2428 3093 2488 tanquam
3128 2419 3278 2473 tarde
3302 2433 3396 2471 ve-

1822 2518 2038 2572 nientes
2067 2515 2445 2569 excludamur.
2502 2513 2684 2567 Sancti
2729 2529 2922 2566 omnes
2971 2513 3094 2567 illos
3134 2513 3392 2582 amplexi,

1824 2607 2072 2663 osculum
2098 2607 2387 2660 dederunt
2413 2620 2535 2660 cum
2572 2604 2779 2667 laetitia,
2831 2604 3077 2658 dicentes
3114 2624 3125 2657 :
3174 2605 3395 2659 Fratres

1824 2702 1998 2754 nostri
2049 2700 2218 2763 estis;
2252 2709 2375 2751 nam
2398 2698 2663 2751 Dominus
2705 2706 2891 2750 noster
2927 2696 3085 2752 Jesus
3140 2696 3395 2752 Christus

1823 2795 1974 2847 hora:
2009 2790 2311 2845 undecima!
2344 2790 2626 2857 operarios
2656 2790 2877 2845 admisit
2923 2790 2975 2843 in
3006 2792 3262 2843 vineam:
3296 2806 3395 2843 no-

1825 2889 1920 2942 lite
1944 2900 2074 2955 ergo
2105 2886 2332 2947 timere;
2358 2898 2480 2937 nam
2514 2883 2799 2945 Dominus,
2830 2882 2916 2937 cui
2942 2883 3272 2943 credidistis,
3300 2882 3395 2951 qui

1825 2976 1986 3031 nobis
2018 2978 2291 3044 apparuit,
2316 2986 2371 3029 et
2430 2974 2715 3028 nobiscum
2752 2975 2967 3028 locutus
2994 2984 3094 3033 est,
3131 2974 3246 3042 ipse
3300 2988 3407 3027 vos

1827 3069 2059 3134 vocavit,
2090 3078 2349 3147 tanquam
2381 3067 2597 3137 dignos.
2629 3066 2757 3121 Orta
2791 3078 2972 3119 autem
2997 3068 3141 3121 luce.
3172 3065 3277 3118 dux
3308 3080 3400 3119 ac-

142 3160 220 3221 ὡς
280 3156 463 3221 ἀξίους
513 3156 693 3218 ὄντας.
750 3157 969 3224 Πρωῖας
1018 3157 1073 3209 δὲ
1109 3157 1431 3226 γενομένης,
1474 3155 1717 3225 ἠκούσθη

1828 3163 2277 3233 cepit.custodes
2307 3175 2428 3214 esse
2475 3160 2879 3229 praevaricatos,
2914 3167 2970 3211 et
3010 3173 3039 3211 a
3084 3161 3394 3211 vinctorum

141 3248 320 3302 ταῦτα
349 3248 426 3319 τῷ
453 3248 626 3312 δουκὶ,
660 3249 739 3300 ὃτι
783 3252 875 3299 καὶ
901 3250 947 3299 οἱ
979 3248 1221 3317 φύλακες
1248 3248 1591 3317 παρέϐησαν,
1629 3251 1722 3301 καί

140 3346 251 3394 εἰσι
306 3344 403 3395 σὺν
452 3345 561 3403 τοῖς
614 3341 941 3408 δεσμώταις.
984 3340 1044 3394 Ὀ
1077 3341 1133 3393 δὲ
1160 3340 1285 3398 δοὺξ
1319 3340 1722 3409 βλασφημήσας

140 3434 272 3496 τοὺς
309 3433 461 3494 θεοὺς
488 3432 653 3484 αὑτοῦ
692 3428 867 3495 εἶπεν,
899 3433 981 3483 ὅτι
1028 3432 1124 3484 ἕνα
1170 3432 1290 3483 καθ’
1325 3432 1421 3484 ’ἐνηα
1451 3432 1722 3498 ἀπώλεσε,

144 3528 222 3593 μὴ
248 3526 539 3593 δυνάμενοι
575 3526 785 3586 ἑαυτοῖς
826 3524 1112 3594 βοηθῆσαι,
1143 3525 1259 3577 ἀλλ’
1286 3528 1594 3593 ἐκδέχονται
1627 3529 1725 3597 τὴν

139 3616 232 3668 διὰ
267 3614 375 3665 τῶν
404 3614 703 3684 ἀνθρώπων
734 3615 1036 3681 ἐκδίκησιν.
1074 3617 1183 3667 Καὶ
1216 3614 1448 3678 ἐξελθὼν
1477 3617 1577 3683 τῆς
1612 3620 1716 3671 πόα

144 3708 309 3769 λεως,
359 3706 609 3761 ἐκάθισεν
658 3709 715 3760 ἐν
763 3707 838 3777 τῷ
872 3709 1094 3778 συνήθει
1137 3706 1309 3775 τόπῳ,
1346 3709 1436 3760 καὶ
1480 3708 1726 3772 δεδωκὼς

146 3802 383 3865 πρόοδον
432 3803 574 3853 κατὰ
630 3803 740 3853 τῶν
793 3801 984 3867 ἁγίων,
1029 3801 1314 3854 ἐκέλευσεν
1358 3801 1554 3864 αὐτοὺς
1594 3818 1728 3872 προ-

141 3895 386 3963 αχθῆναι
410 3910 428 3925 ο
463 3894 557 3944 καὶ
600 3894 934 3962 θεασάμενος
968 3894 1058 3946 τὸν
1084 3894 1327 3948 Μεναίαν
1352 3896 1445 3948 καὶ
1480 3895 1731 3967 Βηληρά·

138 3988 246 4053 δην
276 3985 507 4046 ἑαυτοὺς
536 3985 893 4045 συνδέσαντας
925 3990 1033 4048 τοῖς
1060 3988 1255 4052 ἁγίοις,
1302 3989 1598 4057 ἐμειδίασε,
1635 3992 1731 4042 καὶ

142 4078 303 4144 λέγει
350 4077 633 4148 Ἀππιανῴ
673 4077 749 4147 τῷ
784 4078 1080 4149 πρίγκιπιο
1122 4078 1380 4146 Θεωρεῖς,
1443 4081 1729 4148 ’Λππιανὶ,

140 4171 232 4221 ὅτι
282 4168 401 4222 ἐστι
465 4186 548 4240 τις
598 4171 693 4223 ml.
732 4173 788 4224 ὲν
830 4174 941 4234 τοῖς
974 4171 1211 4241 χείροσιν
1245 4172 1407 4243 ἡδονὴ
1438 4176 1470 4242 ἡ
1505 4173 1732 4229 θάνατον

143 4262 403 4331 φέρουσα
422 4278 437 4292 υ
475 4263 583 4313 ἰδοὺ
611 4264 717 4332 γὰρ
738 4265 786 4316 oi
808 4265 1141 4334 στρατιῶται
1166 4265 1256 4316 τὸν
1280 4266 1507 4319 θάνατον
1534 4269 1733 4334 μᾶλλον

140 4354 512 4425 ἠγάπησα.νῆ
549 4355 646 4420 τὴν
697 4356 863 4425 ζωήν.
914 4357 1206 4419 Ἀππιανὸς
1236 4353 1389 4411 εἶπεν
1418 4374 1430 4386 ·
1468 4360 1731 4425 Δέσποτα,

141 4450 391 4501 κῦλασον
420 4446 619 4510 αὐτοὺς
646 4446 771 4517 ξένῃ
790 4449 1053 4518 τιμωρίᾳ.
1099 4448 1155 4501 '0
1182 4450 1239 4501 δὲ
1268 4448 1393 4515 δοὺξ
1419 4450 1602 4519 λέγει’
1632 4452 1731 4518 Οὒ,

1828 3256 2076 3325 partibus
2101 3263 2275 3317 stare;
2313 3262 2368 3308 et
2400 3252 2534 3307 deos
2565 3268 2695 3306 suos
2738 3251 3077 3305 conviciatus
3104 3251 3259 3305 dixit.
3302 3265 3402 3307 eos

1829 3364 2001 3401 unum
2032 3358 2148 3414 post
2177 3348 2408 3401 alterum
2439 3346 2690 3413 periisse,
2732 3345 2824 3411 qui
2866 3358 2975 3396 non
3041 3352 3265 3408 possent
3294 3342 3397 3397 sibi

1830 3440 1965 3509 ipsis
2004 3436 2279 3498 auxiliari,
2309 3434 2401 3489 sed
2440 3437 2505 3490 ab
2531 3434 2849 3488 hominibus
2890 3448 3079 3502 pinnas
3120 3432 3255 3502 pati.
3308 3431 3401 3487 Ci-

1829 3535 1997 3586 vitate
2027 3545 2280 3601 egressus
2309 3541 2575 3587 consueto
2598 3528 2847 3582 consedit
2876 3528 3017 3583 loco.
3055 3536 3109 3580 et
3143 3526 3309 3579 misso
3332 3526 3399 3580 ad

1830 3637 2048 3679 sanctos
2082 3625 2173 3693 qui
2200 3625 2251 3677 in
2276 3623 2360 3676 via
2402 3623 2621 3689 praeiret
2660 3621 2857 3673 adduci
2891 3621 3173 3690 eosjussit
3220 3636 3232 3672 :
3274 3620 3399 3671 exin

1831 3717 2087 3769 Menazam
2118 3724 2171 3767 et
2206 3715 2521 3769 Beteradem
2557 3714 2983 3781 contemplatus,
3031 3728 3153 3767 cum
3195 3711 3402 3766 sanctis

1830 3807 2065 3871 vinctos,
2092 3806 2322 3872 subrisit
2351 3807 2674 3873 etAppiano
2699 3806 2930 3873 principi
2961 3805 3033 3867 (5)
3060 3805 3190 3857 dicit
3218 3821 3230 3856 :
3266 3803 3402 3857 Cera

1832 3903 1941 3963 nis,
1960 3902 2223 3971 Appiano,
2249 3900 2393 3969 quod
2420 3900 2501 3953 vel
2537 3899 2587 3952 in
2619 3898 2896 3952 inferioris
2926 3907 3067 3951 nota:
3087 3895 3404 3949 hominibus

1833 3996 2085 4060 voluptas
2123 3992 2369 4059 quaedam
2410 3991 2480 4043 sit
2525 3990 2767 4057 perferre
2797 3999 3052 4042 mortem.
3086 3986 3225 4041 Ecce
3253 3987 3402 4040 enim

1835 4084 2039 4139 milites
2085 4091 2319 4135 mortem
2376 4080 2686 4134 dilexerunt
2744 4079 2925 4148 potius
2979 4094 3140 4147 quam
3206 4078 3398 4130 vitam.

1835 4182 2118 4245 Appianus
2166 4174 2342 4229 dixit:
2382 4173 2645 4233 Domine,
2686 4173 2948 4225 inusitato
3004 4169 3250 4224 cruciatu
3306 4182 3403 4223 eos

1835 4270 2033 4338 plecte.
2075 4268 2190 4319 Dux
2223 4280 2351 4318 vero
2385 4262 2559 4315 dixit:
2600 4261 2740 4325 Non,
2771 4277 2868 4329 per
2892 4261 3043 4317 deos.
3080 4275 3188 4311 non
3217 4257 3404 4313 crucio

1838 4366 2009 4435 ipsos,
2060 4374 2129 4415 ne
2167 4356 2420 4415 cruciati.
2464 4363 2521 4409 et
2570 4354 2702 4407 deos
2751 4349 2986 4405 confessi
3032 4350 3250 4411 vivant;
3304 4348 3402 4402 sed

1837 4455 2137 4527 pronuntio
2168 4449 2492 4506 sententiam
2518 4454 2708 4502 contra
2739 4443 2881 4503 illos,
2915 4450 3097 4495 utuna
3127 4454 3251 4493 cum
3282 4437 3407 4493 aliis

144 4541 232 4607 μὲ
266 4539 401 4599 τοὺς
425 4538 601 4602 θεοὺς,
626 4539 686 4593 οὐ
712 4539 926 4603 κολάζω
957 4540 1173 4601 αὐτοὺς,
1204 4543 1401 4611 μήπως
1432 4544 1728 4614 κολαζόμε-

1840 4549 2259 4604 comburantur,
2293 4552 2369 4598 et.
2408 4540 2552 4607 quod
2582 4544 2862 4604 optarunt,
2895 4534 3187 4600 accipiant.

138 4648 230 4683 ‘0'-
301 4631 401 4682 καὶ
461 4630 893 4698 ὁμολογήσαντες
935 4632 1058 4693 τοὺς
1113 4632 1267 4696 θεοὺς
1312 4632 1589 4703 ζήσουσιν,
1622 4638 1736 4692 ἀλλ’
1775 4639 2149 4710 ἀποφαίνομαι
2175 4633 2295 4686 κατ’
2333 4632 2510 4684 αὐτῶν
2538 4630 2684 4690 ὅπως
2752 4626 2850 4678 σὺν
2908 4628 3017 4687 τοῖς
3046 4624 3226 4685 ἄλλοις
3259 4622 3407 4675 καῶρ

141 4747 237 4779 σιν
265 4741 283 4758 ⁶
316 4725 346 4779 ὃ
382 4724 755 4792 ἐπεθύμησαν,
784 4727 1044 4783 λάϐωσιν.

226 4818 367 4874 KA'.
424 4819 768 4889 Ἀπεφὴνατο
814 4813 906 4872 οὖν
952 4824 1075 4872 κατ’
1108 4823 1311 4884 αὐτῶν,
1348 4823 1523 4891 λέγων
1548 4841 1560 4857 ο
1594 4820 1739 4879 οὗτοι

136 4918 196 4965 οἱ
230 4914 477 4975 ἑστῶτες
508 4915 613 4981 πρὸ
635 4914 727 4965 τοῦ
756 4913 997 4982 βήματος
1030 4931 1132 4981 μου
1162 4916 1210 4965 οἱ
1237 4916 1394 4967 πέντε
1423 4919 1515 4969 καὶ
1548 4936 1739 4973 τεσσα-

142 5009 412 5075 ράκοντα
449 5004 547 5072 τῆς
577 5005 685 5057 τῶν
716 5005 1057 5069 Χριστιανῶν
1082 5004 1380 5075 θρησκείας
1411 5008 1739 5078 θρησκεύον-

134 5115 244 5162 τας
284 5096 673 5163 τυγχάνοντες,
702 5096 797 5149 καὶ
835 5098 1284 5167 παρακούσαντες
1314 5100 1423 5151 τῶν
1464 5102 1736 5171 αὐτοκρα-

139 5193 340 5259 τόρων
381 5188 669 5258 βασιλέων,
705 5191 798 5243 καὶ
847 5193 921 5259 μὴ
952 5190 1214 5253 θύσαντες
1251 5198 1362 5255 τοῖς
1401 5196 1564 5259 θεοῖς’
1606 5200 1741 5266 πρό·

134 5299 325 5351 τερον
382 5282 484 5351 μὲν
539 5281 793 5334 πελέκεσι
843 5283 1222 5351 τεμνέσθωσαν
1292 5288 1477 5354 χεῖρας
1517 5290 1608 5340 καὶ
1645 5291 1741 5341 που»

136 5378 285 5439 δας,
352 5374 546 5426 ἔπειτα
601 5372 732 5440 πυρὶ
790 5373 1290 5453 παραδιθῂτωσαν,
1348 5380 1439 5429 καὶ
1494 5380 1739 5448 ἀπωλείᾳ

136 5471 248 5523 τοῦ
323 5466 505 5519 Λύκου
562 5463 827 5535 ποταμοῦ.
873 5468 935 5517 Oi
982 5467 1035 5519 δέ
1085 5468 1379 5535 ὑπηρέται,
1417 5471 1738 5538 ποιήσαντες

138 5558 511 5619 καθεσθῆναι
537 5557 657 5619 τοὺς
688 5558 872 5623 ἁγίους
904 5560 995 5609 ἐπὶ
1021 5558 1115 5611 τοῦ
1135 5558 1383 5629 ἐδάφους,
1411 5563 1598 5614 κατέτε
1611 5581 1738 5616 μνον

227 5716 319 5782 (ἰ)
370 5715 507 5768 Nota
535 5726 617 5767 cst
658 5714 866 5771 Latinis
921 5733 1018 5771 vox
1053 5735 1303 5783 annona;
1351 5719 1435 5775 hic
1468 5720 1604 5773 forte
1646 5737 1738 5773 su-

142 5787 468 5853 miturpru
504 5785 722 5839 salario.

1909 4825 2049 4880 XXI.
2113 4818 2451 4877 Sententiam
2510 4816 2693 4883 itaque
2745 4813 3009 4867 adversus
3082 4828 3177 4865 eos
3246 4812 3403 4875 tulit,

1838 4919 2065 4974 dicens:
2110 4911 2198 4967 Hi.
2230 4909 2322 4976 qui
2358 4918 2483 4960 ante
2520 4904 2759 4959 tribunal
2804 4918 2985 4958 meum
3022 4910 3202 4956 astant
3238 4903 3403 4971 quin-

1837 5024 1942 5077 que
1984 5014 2039 5061 et
2081 5001 2440 5074 quadraginta
2491 4998 2804 5054 christiana:
2848 4996 3260 5063 superstitionis
3289 4994 3404 5050 cul-

1839 5109 2007 5160 tores,
2045 5092 2471 5165 imperatoribus
2508 5088 2767 5156 Augustis
2820 5086 3100 5148 reluctati,
3148 5086 3255 5139 diis
3295 5101 3405 5140 non

1845 5192 2217 5247 immolarunt,
2249 5186 2425 5253 primo
2443 5181 2662 5251 quidem
2691 5179 3024 5249 bipennibus
3047 5187 3407 5245 amputentur

1848 5298 2038 5339 manus
2060 5296 2123 5334 ac
2157 5278 2342 5348 pedes,
2378 5276 2507 5331 dein
2542 5274 2649 5344 igni
2681 5272 2990 5331 tradantur,
3016 5280 3071 5323 et
3097 5268 3223 5338 Lyci
3253 5268 3405 5329 ﬂuvii

1847 5377 2010 5432 undis
2043 5379 2289 5443 pereant.
2327 5367 2557 5423 Ministri
2597 5375 2779 5419 autem
2813 5374 3029 5417 sanctos
3058 5362 3207 5416 humi
3233 5363 3408 5416 collo-

1848 5474 2054 5527 cantes,
2092 5463 2210 5516 sine
2256 5474 2409 5514 mora
2457 5458 2718 5512 membris
2766 5464 3128 5510 truncarunt:
3170 5468 3405 5522 quorum

1848 5559 1940 5611 alii
1977 5558 2031 5610 in
2082 5568 2209 5624 pyra
2257 5552 2485 5607 ardente
2522 5548 2923 5619 sanguinolenti
2968 5546 3202 5600 animam
3240 5543 3410 5598 exha-

1848 5718 2003 5840 C'i5)
2045 5714 2233 5797 Latine
2270 5711 2524 5781 princeps,
2565 5713 2629 5765 de
2659 5727 2766 5780 quo
2802 5706 3039 5776 Cangius
3086 5706 3136 5758 in
3174 5712 3409 5771 utroque

1875 5817 1885 5833 ο
1916 5801 2142 5840 ossarno.
2741 5819 2751 5830 ,

1875 5801 2142 5842 νιοςδθτιο.
2741 5819 2751 5830 .
