4188 6310
788 334 891 399 343
2085 347 2373 407 MENSIS
2410 351 2707 413 JULIUS.
3936 358 4032 420 3M

785 451 1007 506 labant:
1043 454 1131 508 alii
1172 468 1303 510 vero
1330 455 1510 510 adhuc
1539 457 1847 527 spirabant.
1879 461 2028 517 Inter
2058 479 2197 533 quos
2228 466 2349 521 Ani-

2467 469 2562 521 καὶ
2589 470 2836 539 ἐμέλιζον
2866 473 2921 524 ὲν
2957 474 3159 544 σπουδῇ
3184 490 3197 504 ο
3225 474 3317 527 καὶ
3337 475 3385 527 οἱ
3413 477 3507 544 μὲν
3537 477 3644 529 τῶν
3670 478 3866 545 άγίων,
3892 481 3946 529 ὲν
3973 482 4031 547 τῇ

783 550 961 607 cetus,
998 549 1406 616 contemplatus
1454 548 1689 602 fractum
1725 564 1846 604 esse
1877 566 2005 606 crus
2031 569 2213 618 suum,
2250 570 2349 609 non

2469 566 2617 634 πυρᾷ
2678 565 2774 617 τοῦ
2830 565 3109 629 καύσωνος
3182 568 3689 637 ὲξαιματωθέντες,
3749 572 4032 624 ἀπέδωκαν

784 648 1012 702 prorsus
1032 634 1360 703 abscissum,
1381 637 1477 692 sed
1505 639 1831 696 deformiter
1853 652 2078 707 tortum,
2115 650 2349 715 corporis

2465 657 2564 719 τὰς
2594 655 2808 725 ψυχάς·
2847 659 2895 710 οἱ
2931 658 2987 711 δὲ
3026 658 3107 712 ἔτι
3138 634 3466 728 ἐμπνέοντες
3489 658 3649 731 ἦσαν,
3685 663 3742 714 tv
3772 659 3856 722 οἷς
3894 664 3982 715 καὶ
4006 666 4033 714 δ

782 728 865 780 sui
920 727 1058 782 mala
1116 729 1327 794 ridens,
1383 730 1827 801 dixitzAdeste,
1888 735 2106 801 fratres,
2177 739 2349 794 videte

2464 747 2619 813 ἅγιος
2660 747 2948 818 Ἀνίκητος
2990 727 3326 818 θεασάμενος
3368 752 3459 803 τὸν
3488 727 3663 823 μηρᾷν
3703 752 3873 805 αὑτοῦ
3910 752 4031 804 κλα-

780 819 976 875 faIcem
1007 818 1328 892 frugiferam
1355 841 1368 877 :
1401 834 1565 894 atque
1605 826 1687 880 illi
1736 829 1901 882 simul
1926 844 2048 883 cum
2081 829 2200 899 ipso
2231 846 2349 901 gau.

2466 834 2683 899 σθέντα,
2717 836 2777 888 οὺ
2814 836 2979 889 παντὶ
3008 836 3063 889 δὲ
3097 838 3396 907 τμηθέντα,
3612 818 3895 909 ’στρεϐλῶς
3924 842 4031 895 κεί-

778 911 1005 967 debant.
1059 913 1130 966 At
1179 925 1405 970 sanctus
1450 917 1753 983 Sisinnius,
1799 918 1989 973 fractis
2032 921 2253 990 organis
2302 931 2349 975 el

2465 942 2648 995 μενον,
2702 928 3023 994 καταγελῶν
3089 929 3184 981 τοῦ
3249 930 3499 999 σώματος
3558 932 3747 995 αὐτοῦ,
3813 933 4029 999 ἔλεγεν·

774 1025 973 1078 magno
1004 1011 1307 1080 prwcordia
1356 1013 1727 1067 inflammatus
1768 1022 1939 1077 aestu,
1990 1029 2099 1081 pra:
2133 1014 2219 1066 isti
2248 1014 2349 1067 dis-

2461 1017 2646 1081 Δεῦτε,
2684 1018 2842 1081 ῐδετε,
2867 1019 3108 1087 ἀδελφοὶ,
3138 1020 3415 1089 δρεπάνην
3448 1024 3731 1093 καρπικήν
3758 1039 3774 1054 ο
3813 1025 3911 1076 καὶ
3943 1026 4032 1075 αὑ-

774 1104 1225 1167 cruciabatur,ac
1259 1106 1534 1161 volutatus
1561 1108 1614 1161 in
1645 1109 1949 1178 subjectam
1972 1120 2181 1178 petram
2210 1108 2349 1163 haud

2457 1109 2542 1162 τοὶ
2568 1110 2624 1162 δὲ
2662 1111 2809 1180 αὐτῷ
2838 1113 3343 1183 συνεφαιδρύνοντο.
3382 1116 3437 1167 '0
3460 1116 3514 1167 δὲ
3544 1114 3698 1182 ἅγιος
3745 1117 4032 1182 Σισίννιος,

770 1195 966 1259 procul
1000 1195 1067 1249 ab
1098 1195 1222 1251 aliis
1258 1197 1485 1265 sanctis,
1520 1208 1712 1267 aperto
1750 1213 1869 1264 ore,
1913 1199 2205 1253 Dominum
2231 1214 2349 1254 ora-

2458 1207 2755 1272 κατεαγεὶς
2816 1208 2883 1259 τά
2950 1208 3153 1277 σκέλη.
3214 1210 3309 1261 καὶ
3366 1208 3573 1278 σφόδρα
3638 1208 4036 1278 καταφλεχθεις

773 1286 871 1350 vit,
907 1286 1100 1344 dicens
1126 1306 1139 1342 :

2458 1296 2526 1347 τά
2587 1296 2795 1361 ἔγκατα
2850 1300 2915 1350 ἐκ
2978 1298 3076 1368 τῆς
3135 1300 3317 1370 δίψης,
3384 1300 3688 1369 κατεσύρη,
3760 1301 4036 1363 κυλισθείς

770 1384 850 1445 είς
880 1384 981 1454 τὴν
1013 1385 1386 1457 ὑποκειμένην
1415 1389 1625 1458 πέτραν
1663 1388 1724 1442 οὐ
1763 1389 1985 1462 μακράν
2021 1390 2131 1443 τῶν
2171 1389 2350 1444 ἄλλων
2389 1391 2585 1459 ἁγίων,
2650 1393 2744 1445 καὶ
2774 1392 2993 1460 ἀνοίξας
3023 1395 3084 1448 τὸ
3111 1395 3287 1467 στόμα
3318 1394 3486 1450 αὐτοῦ
3556 1397 3751 1468 ἐδεήθη
3802 1398 3900 1451 τοῦ
3935 1400 4039 1451 Κυ-

764 1481 912 1551 ρίου,
942 1481 1137 1550 λέγων·

842 1574 1007 1632 XXII.
1054 1576 1305 1645 Domine,
1354 1579 1624 1637 donorum
1676 1599 2004 1653 magnorum
2046 1583 2228 1647 dator,
2261 1582 2349 1652 qui

2532 1581 2662 1634 KB'.
2692 1578 2868 1645 Κύριε
2898 1579 3265 1649 μεγαλόδωρε,
3298 1579 3328 1631 ὁ
3372 1579 3437 1631 ὲκ
3487 1578 3693 1647 πέτρας
3725 1577 4037 1647 άκρτιτόμου

765 1668 1187 1726 multitudinem
1226 1673 1403 1741 plebis
1434 1691 1498 1730 ac
1526 1675 1714 1744 populi
1744 1676 2022 1730 sitientem
2075 1684 2349 1745 praerupta

768 1777 799 1814 e
828 1777 965 1830 rupe
996 1765 1219 1832 potasti,
1243 1767 1336 1835 qui
1361 1768 1612 1823 Rubrum
1642 1786 1793 1825 mare
1812 1770 2065 1825 bifariam
2089 1769 2348 1835 secuisti,

772 1864 831 1908 ut
861 1856 1099 1924 populus
1132 1857 1440 1915 emanibus
1475 1862 1649 1933 iniqui
1690 1863 2037 1933 eriperetur;
2078 1864 2172 1932 qui
2201 1872 2352 1917 cata~

769 1956 952 2003 ractas
1012 1951 1134 2005 cadi
1174 1954 1472 2021 aperuisti;
1506 1959 1601 2023 qui
1651 1956 1894 2010 evocasti
1951 1972 2122 2025 aquas
2157 1957 2346 2018 maris,

768 2050 822 2095 et
856 2040 1099 2099 cffudisti
1126 2044 1247 2098 illas
1275 2047 1326 2098 in
1355 2045 1551 2100 faciem
1582 2048 1854 2102 universa:
1900 2056 2096 2113 terrae;
2132 2048 2223 2115 qui
2255 2048 2352 2101 be—

769 2134 1031 2189 nedixisti
1052 2151 1243 2205 aquas,
1283 2154 1405 2206 qua:
1428 2147 1555 2192 sunt
1586 2138 1641 2193 in
1676 2139 1939 2200 Iordane.
1974 2154 2073 2208 per
2095 2149 2346 2194 sanctum

768 2224 1041 2296 baptisma
1078 2238 1267 2290 tuum;
1294 2230 1389 2299 qui
1423 2231 1612 2286 dixisti
1639 2248 1653 2285 :
1686 2231 1797 2303 Ego
1823 2247 1943 2286 sum
1967 2247 2109 2302 aqua
2142 2232 2261 2285 viva
2291 2233 2347 2296 ";

771 2330 984 2387 petram
1037 2322 1181 2380 hanc
1232 2326 1423 2395 aperi,
1478 2343 1676 2398 aquam
1733 2329 1992 2391 effunde,
2047 2328 2350 2397 pauxillum

767 2422 934 2482 potus
987 2415 1123 2468 mihi
1174 2416 1357 2484 praebe
1387 2434 1401 2469 :
1436 2426 1493 2471 et
1529 2433 1598 2472 ex
1648 2419 1754 2473 hoc
1804 2433 2130 2489 cognoscam
2166 2418 2208 2471 si
2250 2431 2351 2471 nos

766 2503 985 2576 diligas,
1010 2517 1064 2562 et
1092 2509 1136 2563 si
1159 2509 1307 2581 digni
1331 2509 1522 2572 simus.
1545 2511 1795 2576 Domine,
1815 2510 1911 2581 qui
1931 2521 1983 2566 te
2005 2511 2347 2565 invocemus.

765 2597 962 2655 Cernis
1028 2602 1201 2667 enim,
1254 2618 1576 2674 compagem
1614 2605 1866 2673 corporis
1912 2604 2088 2659 nostri
2128 2618 2348 2657 omnem

766 2702 1151 2760 consumptam
1181 2703 1235 2746 et
1283 2694 1469 2748 aridos
1515 2710 1617 2750 nos
1662 2710 1784 2750 esse
1816 2706 2074 2766 tanquam
2120 2704 2345 2750 testam.

763 2783 864 2838 IIIo
901 2783 1017 2839 haec
1042 2794 1235 2840 orante
1265 2786 1319 2841 in
1350 2797 1525 2856 petra,
1565 2789 1758 2859 ingens
1806 2805 1838 2845 e
1886 2801 2041 2860 petra
2100 2804 2352 2843 murmur

764 2875 1048 2939 insonuit,
1104 2886 1161 2931 et
1206 2878 1473 2947 strepitus
1519 2893 1828 2946 aquarum:
1871 2887 2144 2948 ruptaque
2193 2888 2347 2948 petra

2458 1674 2630 1742 δῆμον
2662 1675 2834 1744 μέγαν
2885 1676 2978 1727 καὶ
3009 1674 3136 1727 λαὸν
3164 1674 3405 1744 διψῶντα
3435 1673 3681 1736 ποτίσας,
3722 1673 3750 1724 ὁ
3784 1670 3904 1735 θεὶς
3941 1674 4038 1738 τὴν

2471 1766 2738 1837 Ἐρυθρὰν
2766 1767 3041 1821 Θάλασσαν
3068 1768 3332 1836 τμήματα
3364 1769 3476 1831 δύο,
3500 1766 3628 1818 ἴναὸ
3660 1764 3749 1825 σὸς
3772 1765 3898 1827 λαδς
3933 1765 4039 1817 άπὸ

2457 1859 2662 1929 χειρῶν
2703 1859 2909 1925 ἀνόμου
2958 1858 3152 1929 ρυσθῇ,
3194 1860 3221 1911 ὁ
3259 1858 3478 1920 ἀνοίξας
3510 1857 3637 1918 τους
3681 1857 4038 1923 καταράκτας

2457 1953 2551 2007 τοῦ
2579 1953 2834 2023 οὐρανοῦ,
2860 1953 2888 2004 ὁ
2925 1949 3408 2022 προσκαλούμενος
3442 1949 3501 2001 τὸ
3534 1948 3680 2018 ὕδωρ
3707 1947 3808 2016 τῆς
3837 1945 4039 1999 θαλάσ-

2460 2061 2581 2115 σης,
2616 2045 2713 2096 καὶ
2766 2043 2971 2112 έκχέων
3028 2043 3161 2095 αὐτὸ
3219 2043 3311 2095 ἐπὶ
3363 2041 3657 2112 πρόσωπον
3706 2041 3892 2105 πάσης
3944 2038 4038 2106 τῆς

2457 2138 2583 2207 γῆς,
2628 2141 2657 2191 ὁ
2700 2139 3000 2205 εὐλογήσας
3034 2137 3101 2190 τά
3128 2136 3297 2190 ὕδατα
3348 2139 3406 2190 tv
3435 2136 3513 2201 τῷ
3554 2133 3793 2204 Ἰορδάνῃ
3826 2131 3917 2183 διὰ
3946 2129 4037 2182 τοῦ

2459 2234 2616 2300 ἁγίου
2685 2248 2778 2283 σου
2836 2230 3235 2298 βαπτίσματος,
3286 2231 3314 2280 ὁ
3363 2227 3573 2280 είπὼν·
3632 2224 3772 2292 Ἐγὼ
3808 2225 3929 2292 εἰμι
3980 2222 4040 2274 τὸ

2460 2323 2606 2391 ὓδωρ
2646 2322 2708 2374 τὸ
2751 2320 2890 2384 ζωόν
2915 2337 2928 2351 ·
2962 2318 3229 2385 διάνοιξον
3276 2318 3377 2389 τὴν
3418 2318 3625 2386 πέτραν
3660 2314 3893 2383 ταύτην,
3944 2313 4040 2366 καὶ

2459 2415 2648 2485 ἔκχεον
2688 2413 2851 2483 ὕδωρ,
2879 2411 2974 2465 καὶ
3010 2411 3232 2465 πότισόν
3273 2427 3341 2481 με
3379 2411 3598 2480 μικρὸν,
3627 2410 3725 2462 καὶ
3772 2409 3833 2459 tv
3862 2408 4040 2474 τούτῳ

2458 2508 2740 2577 γνώσομαι
2764 2509 2814 2557 εί
2844 2505 3145 2576 ἠγάπησας
3170 2504 3339 2574 ἡμᾶς,
3372 2502 3467 2555 καὶ
3491 2503 3539 2554 εί
3568 2500 3709 2565 ἄξιοί
3742 2501 3914 2569 ἐσμεν
3937 2498 4041 2567 τῆς

2458 2602 2560 2673 σῆς
2595 2600 2958 2670 ἐπικλήσεως,
2990 2599 3258 2651 Δέσποτα.
3296 2597 3459 2666 Ὁρᾷς
3491 2595 3599 2664 γάρ
3632 2595 3717 2647 ὅτι
3747 2595 3899 2646 πᾶσα
3933 2608 4041 2658 πη-

2459 2698 2609 2764 γμὰς
2663 2695 2756 2747 τοῦ
2803 2693 3059 2761 σώματος
3106 2690 3265 2759 ἡμῶν
3309 2690 3705 2758 ἐξεδαπανήθη,
3749 2692 3843 2742 καὶ
3884 2687 4043 2756 ξηροὶ

2459 2786 2767 2853 γεγόναμεν
2795 2782 2871 2845 ὡς
2915 2781 3208 2849 ὄστρακον.
3253 2778 3372 2829 Ἔτι
3417 2777 3473 2830 δὲ
3506 2777 3697 2829 τούτου
3729 2778 4039 2845 εὐχομένου

2460 2882 2519 2933 ὲν
2571 2881 2643 2948 τῇ
2689 2877 2867 2947 πέτρα
2909 2876 3127 2944 ἄθροον,
3172 2871 3387 2943 ταραχή
3434 2888 3519 2934 τις
3566 2870 3792 2937 γέγονεν
3836 2870 3900 2920 ἐκ
3939 2870 4039 2937 τῆς

762 2966 968 3025 τίῖυιιίι
1010 2984 1210 3037 aquam
1247 2944 1531 3039 limpidam
1568 2944 1633 3026 ac
1686 2944 2099 3042 nitidam,-qute
2141 2944 2209 3026 in—
2242 2973 2345 3027 ho-

2456 2944 2686 3039 πέτρας,
2731 2944 3078 3035 καλινβὸμσος
3124 2963 3315 3025 ὓδατος
3338 2978 3350 2991 ·
3390 2963 3485 3015 καὶ
3523 2962 3757 3032 ραγείσα
3790 2961 3825 3028 ἡ
3860 2958 4039 3028 πέτρα

767 3057 1024 3114 diernum
1096 3074 1271 3129 usque
1329 3059 1474 3115 diem
1544 3069 1880 3131 spectatur:
1939 3071 1996 3117 et
2056 3072 2345 3131 postquam

765 3158 996 3204 sanctus
1043 3149 1321 3207 Sisinnius
1356 3152 1619 3215 bibisset,
1668 3151 1957 3204 benedixit
2015 3152 2213 3213 Deum,
2264 3152 2349 3205 di-

766 3255 934 3294 cens:
974 3240 1251 3294 Benedico
1292 3250 1366 3303 te,
1394 3243 1645 3305 Domine,
1691 3242 1839 3311 quod
1871 3242 2109 3296 animam
2137 3243 2347 3298 satiasti

766 3332 1010 3387 inanem.
1046 3331 1235 3386 Laudo
1272 3342 1344 3398 te,
1380 3333 1516 3398 Rex,
1540 3343 1595 3389 et
1630 3334 1896 3403 glorifico,
1922 3336 2018 3405 qui
2074 3337 2349 3392 exsistens

766 3434 893 3483 ante
916 3426 1136 3491 sacula,
1169 3435 1332 3482 natus
1358 3442 1418 3481 es
1441 3442 1471 3481 e
1512 3427 1746 3497 Deipara
1782 3428 1979 3495 Maria,
2011 3430 2138 3499 quia
2161 3471 2175 3493 ,
2222 3437 2348 3482 tan-

768 3532 933 3589 quam
971 3531 1113 3587 puer
1165 3533 1262 3588 per
1301 3518 1387 3575 Iac
1428 3518 1652 3585 matris,
1689 3534 1790 3589 per
1831 3536 1970 3591 opus
2022 3521 2170 3592 quod
2218 3536 2352 3577 con-

766 3606 959 3664 didlsti
984 3618 1267 3667 saturatus
1291 3625 1437 3667 sum.

838 3701 1031 3759 XXIII.
1074 3703 1302 3774 Largire
1333 3704 1470 3760 mihi
1494 3713 1551 3760 et
1569 3706 1777 3762 sanctis
1802 3706 2069 3763 fratribus
2091 3721 2351 3763 consum-

767 3811 922 3854 mare
954 3811 1178 3853 cursum
1211 3795 1268 3853 in
1296 3806 1390 3854 tua
1424 3798 1601 3870 gratia
1633 3806 1691 3855 et
1720 3814 1852 3870 spe;
1908 3808 1964 3856 et
2003 3800 2169 3855 sicuti
2203 3803 2350 3855 inter

769 3904 872 3944 nos
912 3888 1055 3945 uniti
1104 3889 1307 3945 animis
1348 3889 1557 3946 fuimus
1588 3901 1931 3956 constanter,
1982 3891 2055 3944 ita
2089 3891 2348 3945 uuiamur

768 3980 1011 4036 ossibus.
1051 3980 1179 4050 Opis
1212 3990 1317 4036 tua:
1348 3982 1587 4054 indigos,
1618 3992 1784 4055 teque
1817 3994 2009 4040 nostro
2031 3984 2347 4041 interventu

769 4076 1113 4142 invocantes,
1147 4076 1333 4131 statim
1374 4077 1605 4140 exaudi,
1639 4078 1891 4140 Domine,
1931 4079 1984 4133 in
2016 4095 2348 4149 quacunque

769 4166 1099 4221 necessitate
1146 4175 1202 4221 et
1248 4166 1583 4237 indigentia;
1630 4169 1883 4238 quamvis
1930 4169 1986 4223 in
2022 4179 2347 4240 paupertate

2453 3062 2741 3125 ἐξέϐλυσεν
2764 3058 2905 3127 ὕδωρ
2931 3057 3126 3118 διειδές
3155 3073 3213 3108 τε
3245 3058 3338 3108 καὶ
3362 3054 3547 3119 καλὸν,
3572 3056 3709 3125 ὅπερ
3741 3053 4038 3124 θεωρεῖται

2457 3153 2623 3222 μέχρι
2679 3150 2778 3219 τῆς
2836 3150 3115 3218 σήμερονο
3154 3146 3251 3201 καὶ
3306 3146 3449 3201 πιὼν
3499 3147 3528 3198 ὀ
3577 3147 3732 3213 ἅγιος
3768 3146 4041 3207 Σισίννιος

2451 3246 2725 3317 ηὐλόγησε
2782 3245 2874 3298 τὸν
2917 3243 3053 3296 Θεὸν
3097 3243 3272 3308 λέγων
3297 3255 3313 3271 ·
3354 3239 3543 3308 Ὑμνῶ
3583 3255 3683 3302 σε,
3724 3238 3923 3306 Κύριε,
3956 3239 4039 3290 ὅτι

2453 3340 2759 3411 ἐχόρτασας
2802 3336 2982 3404 ψυχὴν
3024 3335 3211 3402 κενήν.
3253 3332 3400 3384 Αίνῶ
3438 3348 3517 3396 σε,
3552 3330 3799 3399 βασιλεῦ,
3835 3333 3931 3383 καὶ
3960 3332 4041 3383 δο-

2454 3431 2661 3499 ξολογῶ
2705 3429 2799 3482 τὸν
2848 3425 3178 3498 προαιώνιον
3221 3423 3484 3495 τεχθέντα
3527 3424 3593 3476 ὲκ
3623 3424 3723 3491 τῆς
3765 3420 4038 3479 Θεοτόκου

2453 3526 2695 3596 Μαρίας,
2718 3524 2801 3578 ὅτι
2835 3522 3139 3594 ἐκορέσθην
3174 3518 3267 3573 τοῦ
3293 3517 3387 3573 σοῦ
3419 3516 3743 3589 κτίσματος,
3780 3517 4039 3588 καθάπερ

2453 3620 2668 3676 παιδίον
2686 3618 2830 3687 γάλα
2868 3615 3097 3687 μητρός.

2523 3709 2630 3765 KI"
2689 3706 3047 3775 Καταξίωσόν
3080 3722 3146 3775 με
3177 3704 3273 3757 καὶ
3305 3702 3433 3765 τοὺς
3471 3702 3853 3772 ήγιασμένους
3884 3701 4038 3755 ἀδελ-

2453 3804 2589 3874 φούς
2624 3820 2726 3873 μου
2760 3798 3123 3867 τελειωθῆναι
3151 3798 3218 3865 τῇ
3245 3796 3311 3865 σῇ
3348 3793 3530 3865 χάριτι
3567 3792 3662 3846 καὶ
3684 3791 3869 3846 ἑλπίδι
3891 3809 3905 3823 ·
3944 3792 4039 3844 καὶ

2453 3897 2647 3965 ὥσπερ
2692 3892 2986 3960 ήνώθημεν
3016 3889 3138 3952 ταῖς
3180 3886 3382 3957 ψυχαῖς
3419 3885 3785 3950 άδιστάκτως,
3821 3882 4036 3938 δνωῧῶ·

2455 4008 2556 4065 μεν
2594 3990 2689 4043 καὶ
2734 3987 2849 4050 τοῖς
2893 3983 3103 4047 ὀστέοις
3125 3998 3139 4012 '
3171 3983 3266 4035 καὶ
3304 3981 3413 4034 τῶν
3445 3979 3639 4051 χρείαν
3672 3981 3915 4050 ἐχόντων
3943 3976 4039 4047 τῆς

2456 4087 2556 4157 σῆς
2589 4083 2867 4155 βοηθείας,
2906 4082 3002 4133 καὶ
3036 4076 3503 4147 παρακαλούντων
3544 4090 3602 4124 σε
3647 4073 3714 4124 δι’
3751 4070 3915 4142 ὴμῶν
3948 4088 4041 4125 τα-

2454 4184 2598 4251 χέως
2663 4180 2992 4240 ἐπάκουσον,
3048 4171 3249 4241 Κύριε,
3291 4172 3350 4221 tv
3403 4168 3610 4238 ἑκάστῃ
3670 4168 3895 4238 ἀνάγκη
3947 4170 4039 4221 καὶ

769 4260 1065 4329 quisquam
1087 4260 1335 4325 exsistat,
1357 4261 1611 4331 quamvis
1631 4262 1685 4316 in
1713 4262 1980 4318 viduitate
2007 4273 2066 4318 et‘
2086 4263 2345 4330 orbitate,

2456 4274 2618 4346 χρείᾳ
2692 4269 2796 4325 κᾶν
2820 4271 2876 4322 ὲν
2906 4266 3069 4337 πενίᾳ
3102 4282 3185 4327 τις
3215 4262 3458 4335 ὑπάρχῃ,
3491 4261 3594 4315 κᾶν
3636 4262 3694 4313 ὲν
3718 4261 3924 4329 χηρείᾳ
3948 4260 4038 4311 καὶ

768 4354 1022 4422 quamvis
1056 4355 1109 4408 in
1141 4355 1610 4426 peregrinatione,
1642 4357 1895 4426 quamvis
1926 4359 1979 4411 in
2028 4358 2349 4413 infirmitate

769 4446 1021 4515 corporis
1051 4454 1107 4500 et
1133 4447 1353 4510 animat,
1401 4448 1653 4516 quamvis
1706 4449 1761 4503 in
1794 4465 1902 4504 tere
1947 4451 2128 4504 alieno
2153 4460 2209 4504 et
2256 4466 2351 4505 ca-

768 4538 1019 4603 lumniis,
1052 4540 1305 4609 quamvis
1336 4540 1390 4594 in
1433 4541 1630 4596 acerba
1658 4544 1947 4609 servitute,
2001 4544 2252 4613 quamvis
2293 4545 2350 4600 in

771 4633 1062 4688 hominum
1117 4641 1214 4688 aut
1257 4634 1540 4719 pecudum
1580 4638 1943 4708 contagione,
1999 4640 2252 4709 quamvis
2294 4640 2350 4693 in

771 4726 910 4780 mari
932 4729 1223 4797 quisquam
1255 4729 1328 4783 sit
1367 4729 1691 4801 naufragus,
1739 4737 1993 4802 quamvis
2028 4732 2266 4801 denique
2298 4733 2353 4787 in

770 4819 899 4875 aliis
922 4835 1109 4875 rerum
1142 4830 1453 4891 tempcrum
1520 4837 1585 4878 ac
1628 4823 1879 4879 locorum
1924 4823 2237 4895 adiunctis;
2295 4831 2352 4879 tu

772 4913 949 4978 illum,
978 4914 1115 4977 Res,
1144 4930 1245 4985 per
1271 4932 1371 4971 nos
1410 4918 1797 4988 interpellatus
1825 4920 2009 4974 statim
2038 4920 2258 4985 exaudi,
2294 4929 2352 4974 ut

770 5018 1107 5076 cognoscant
1144 5023 1339 5063 omnes
1382 5010 1574 5064 mundi
1628 5011 1794 5080 hujus
1838 5011 2065 5076 incolae,
2116 5014 2349 5067 multum

776 5114 875 5152 nos
902 5098 1056 5169 diligi
1080 5100 1180 5154 abs
1210 5108 1284 5165 te,
1319 5111 1375 5156 ct
1401 5101 1677 5168 exaudiri,
1710 5118 1775 5159 ac
1819 5104 1962 5159 malo
1994 5104 2224 5159 cuilibet
2259 5105 2353 5157 fiat

772 5205 913 5257 aqua
948 5190 1064 5245 Iitec
1097 5190 1151 5244 in
1193 5191 1488 5254 medelam,
1535 5209 1661 5247 nam
1704 5194 1771 5247 ad
1810 5195 2217 5251 invocationem
2273 5196 2350 5249 tui

770 5283 1079 5345 ebulliit,et
1100 5285 1421 5338 innovatum
1438 5294 1694 5341 estvetus
1710 5287 2034 5341 miraculum
2053 5288 2348 5357 ingloriam

775 5375 985 5435 Patris,
1023 5384 1079 5428 et
1110 5375 1255 5438 Filii,
1296 5386 1351 5430 et
1403 5376 1642 5445 Spiritus
1686 5378 1885 5440 sancti,
1930 5379 1983 5431 in
2030 5378 2250 5433 Iaudem
2297 5390 2352 5435 et

774 5468 1097 5522 memoriam
1128 5479 1425 5541 martyrum
1460 5480 1681 5525 tuorum
1722 5472 1963 5543 quinque
2002 5482 2055 5527 et
2111 5473 2351 5544 quadra-

772 5562 941 5630 ginta.

847 5653 1037 5709 XXIV.
1083 5657 1257 5725 Atque
1296 5659 1398 5713 hoc
1442 5671 1633 5717 ornnle
1681 5664 1730 5717 in
1767 5672 1941 5733 petra,
1984 5665 2206 5731 milites,
2256 5665 2349 5735 qui

836 5804 852 5834 ⁷
883 5801 1040 5857 Joan.
1068 5820 1138 5867 ιν,
1180 5804 1259 5860 IO.

2455 4366 2715 4439 ὀρφανίᾳ,
2746 4366 2849 4419 κᾶν
2877 4365 2934 4416 tv
2960 4359 3264 4429 ἀποδημίᾳ,
3292 4356 3393 4411 κᾶν
3417 4360 3478 4411 tv
3502 4356 3763 4427 ἀσθενείᾳ
3789 4355 4042 4425 σώματος

2456 4461 2554 4514 καὶ
2590 4459 2792 4528 ψυχῆς,
2824 4456 2919 4508 καὶ
2961 4455 3019 4507 tv
3058 4452 3269 4523 χρέεσι,
3316 4453 3412 4504 καὶ
3480 4451 3901 4517 συκοφαντίαις,
3937 4448 4042 4501 κάν

2456 4556 2516 4608 tv
2547 4552 2724 4620 πικρᾷ
2754 4547 2990 4618 δουλείᾳ,
3016 4545 3121 4600 κᾶν
3157 4547 3216 4598 tv
3243 4544 3423 4615 φθορᾷ
3442 4541 3750 4611 ἀνθρώπων
3788 4544 3823 4611 ἢ
3864 4542 4039 4606 ζώων,

2455 4646 2561 4701 κᾶν
2610 4647 2669 4699 tv
2696 4643 2942 4714 θαλάσσῃ
2972 4635 3375 4708 χειμαζόμενός
3405 4650 3491 4697 τις
3524 4633 3633 4701 εἴη,
3672 4633 3779 4685 κᾶν
3816 4636 3877 4685 ὲν
3906 4634 4041 4703 άλλη

2456 4739 2780 4812 περιστάσει
2808 4732 3118 4805 προσαχθῇ,
3152 4732 3241 4794 σὺ,
3267 4727 3523 4793 Βασιλεῦ,
3555 4726 3621 4780 δι’
3656 4725 3820 4797 ἡμῶν
3858 4728 4040 4794 παρά-

2455 4834 2652 4903 κλησιν
2677 4830 2817 4900 ταχὺ
2853 4826 3182 4891 ὶπάκουσον,
3224 4825 3309 4876 ἵνα
3340 4821 3513 4890 γνῶσι
3574 4820 3781 4880 πάντες
3815 4820 3871 4871 oi
3900 4821 4042 4871 κατά

2454 4928 2557 4997 τὴν
2614 4921 2961 4993 οἰκουμένην,
3009 4921 3091 4973 ὅτι
3160 4915 3298 4970 πολὺ
3351 4915 3650 4983 ἠγάπησας
3708 4913 3882 4982 ἡμᾶς,
3947 4914 4045 4965 καὶ

2456 5019 2675 5082 ἀκούεις
2728 5015 2923 5090 ἡμῶν·
2981 5012 3076 5065 καὶ
3138 5010 3198 5062 τὸ
3251 5008 3395 5076 ὕδωρ
3439 5006 3602 5058 τοῦτο
3652 5004 3903 5072 γενέσθω
3962 5008 4045 5065 εἰς

2458 5115 2602 5165 ἴασιν
2628 5111 2684 5164 tv
2716 5108 2880 5161 παντὶ
2903 5104 3097 5158 πάθεν
3131 5105 3198 5170 σῇ
3231 5101 3337 5169 γὰρ
3394 5097 3684 5168 ἐπικλήσει
3720 5098 4042 5166 ὲξὸμῦρισε,

2455 5207 2551 5257 καὶ
2615 5199 2847 5254 παλαιὸν
2908 5196 3095 5264 θαῦμα
3159 5193 3404 5261 ἀνεφάνη
3453 5190 3534 5251 είς
3589 5188 3751 5253 δόξαν
3802 5188 4041 5259 Πατρὶς,

2457 5298 2553 5350 καὶ
2609 5292 2763 5357 Υίοῦ,
2811 5293 2907 5345 καὶ
2950 5290 3109 5356 ἁγίου
3158 5283 3474 5354 Πνεύματος
3502 5298 3517 5313 ·
3579 5282 3807 5333 ἔπαινον
3847 5280 3905 5334 δὲ
3946 5284 4044 5332 καὶ

2461 5392 2654 5462 μνείαν
2688 5388 2798 5441 τῶν
2833 5383 3128 5456 μαρτύρων
3187 5396 3280 5433 σου
3341 5379 3449 5432 τῶν
3482 5376 3648 5429 πέντε
3696 5376 3789 5429 καὶ
3842 5390 4044 5427 τεσσα-

2460 5500 2720 5555 ρακοντα.

2528 5667 2651 5721 KA'.
2684 5665 2793 5719 Καὶ
2836 5663 3025 5717 τούτου
3058 5660 3353 5729 εὐχομένου
3384 5659 3439 5710 ἐν
3465 5658 3528 5728 τῇ
3569 5656 3767 5727 πέτρᾳ,
3800 5653 3845 5705 οἱ
3880 5669 4037 5723 51p:-
