4188 6310
204 351 311 414 345

1152 352 1621 418 MARTYRIUM
1658 359 1761 418 SS.
1808 360 1955 420 XLV
1997 364 2458 429 MARTYRUM.

3310 369 3424 433 346

210 468 421 534 ειῶται,
451 465 756 529 καύσαντες
776 464 1005 535 κάμινον
1038 468 1094 520 ἐν
1126 471 1188 536 τῇ
1224 466 1376 538 χώρᾳ
1411 469 1635 538 πλησίον
1664 471 1764 538 τῆς

1870 476 2237 532 accenderant
2297 496 2484 550 pyram
2564 482 2617 536 in
2665 498 2860 552 campo
2912 498 3083 553 prope
3131 484 3436 549 civitatem,

206 560 439 620 πόλεως,
470 558 564 610 καὶ
588 559 667 620 εἰς
710 556 842 626 ὕψος
865 557 1161 626 θρέψαντες
1200 558 1377 620 ξύλοις
1410 561 1471 611 τὸ
1509 559 1641 629 πῦρ,
1674 560 1769 612 καὶ

204 653 528 719 ποιήσαντες
573 649 766 716 ὁμοίαν
815 651 913 718 τῆς
956 648 1325 711 Βαϐυλωνίας,
1375 644 1537 718 ἦλθον
1566 651 1769 717 ἐπᾶραι

205 742 432 805 αὐτούς’
470 742 564 794 καὶ
592 742 815 809 ζητοῦσι
848 740 938 792 τὸν
965 740 1219 810 ἀριθμὸν,
1244 743 1336 794 καὶ
1366 745 1393 793 ό
1425 735 1504 804 εἷς
1536 741 1766 794 ἔλειπεν.

212 834 276 885 Ὀ
310 833 367 886 δὲ
396 834 546 899 ἅγιος
573 833 834 893 Σισίννιος
861 833 1051 902 ἐϐόησε
1098 833 1290 899 λέγων.
1324 825 1447 887 Ὦδέ
1476 835 1610 901 εἰμι,
1644 826 1768 886 Ὧδέ

202 933 343 999 εἰμι.
403 930 677 993 meam;
708 931 761 982 δὲ
790 929 883 983 καὶ
916 930 1231 999 ἀπάραντες
1266 932 1359 983 καὶ
1392 930 1599 995 τοῦτον,
1634 931 1772 1000 ἠγα-

203 1039 301 1089 γον
343 1024 434 1075 ἐπὶ
460 1023 519 1075 τὸ
551 1022 679 1092 πῦρ.
735 1023 844 1076 Καὶ
882 1022 1135 1090 λέγουσιν
1180 1024 1226 1075 οἰ
1265 1022 1409 1089 ἆγιοι
1440 1023 1726 1091 ὁμοψύχως
1752 1034 1766 1049 ⁸

212 1132 229 1162 ι
260 1112 355 1174 Εἰς
386 1115 569 1184 χεῖράς
607 1131 722 1179 σου,
757 1114 947 1184 Κύριε,
974 1115 1405 1185 παραθησόμεθα
1446 1116 1542 1177 τὰς
1593 1114 1769 1183 ψυχὰς

203 1208 420 1274 ἡμῶν»
446 1210 556 1268 καὶ,
589 1229 605 1259 ι
632 1209 933 1276 Εὐλογητὸς
963 1208 1182 1279 Κύριος,
1207 1209 1262 1271 ὃς
1279 1210 1375 1261 οὐκ
1402 1208 1598 1261 ἔδωκεν
1623 1210 1770 1276 ἡμᾶς

201 1304 282 1363 εἰς
306 1302 478 1371 Θήραν
504 1306 616 1363 τοῖς
646 1303 854 1356 ὀδοῦσιν
892 1303 1092 1354 αὐτῶν·
1125 1321 1143 1351 ι
1178 1304 1270 1355 καὶ
1294 1302 1584 1371 ψάλλοντες
1610 1301 1770 1373 ὲὸλή-

201 1393 375 1462 θησαν
400 1396 477 1457 εἰς
506 1396 565 1447 τὺ
592 1396 724 1464 πῦρ.
756 1396 818 1448 Ol
850 1394 901 1447 δὲ
924 1396 1108 1464 δήμιοι
1137 1394 1370 1463 ἐξῆπτον
1394 1394 1491 1465 τὴν
1514 1395 1767 1462 κάμινον,

200 1487 531 1555 μιμούμενοι
603 1490 729 1549 τοὺς
794 1488 1118 1549 Χαλδαίους.
1198 1490 1308 1541 Kal.
1374 1488 1769 1542 τελειωθέντων

202 1580 385 1632 αὐτῶν
422 1582 480 1633 ὲν
514 1583 575 1648 τῇ
611 1582 795 1651 ἡμέρᾳ
835 1582 1025 1651 ταύτῃ,
1070 1581 1190 1650 ἥτις
1231 1580 1345 1633 ἐστι
1408 1583 1503 1635 τοῦ
1546 1580 1765 1633 Ἰουλίου

197 1672 424 1741 δεκάτη,
480 1672 766 1724 ἐκέλευσεν
828 1674 855 1724 ὁ
911 1671 1035 1734 δοὺξ
1090 1671 1413 1739 συλλεγῆναι
1475 1671 1656 1723 αὐτῶν
1698 1671 1766 1723 τὰ

197 1766 351 1827 ὀστᾶ,
390 1764 484 1817 καὶ
537 1765 760 1831 ῥιφῆναι
822 1764 877 1813 ἐν
932 1761 1009 1831 τῷ
1066 1762 1317 1830 ποταμῷ,
1362 1761 1438 1831 τῷ
1485 1761 1765 1830 λεγομένῳ

195 1858 404 1925 Λύκῳ,
460 1854 536 1923 τῷ
584 1856 695 1907 εντι
748 1856 1061 1924 ἀποσημεῖα
1117 1852 1175 1918 ἒξ
1225 1854 1321 1921 τῆς
1374 1853 1621 1915 πόλεως·
1676 1857 1768 1905 καὶ

195 1945 527 2012 κομίσαντες
591 1944 817 2013 ἐζήτουν
877 1945 1042 1996 τόπον
1095 1944 1404 2012 ἐπιτήδειον
1464 1945 1602 2008 πρὸς
1668 1945 1771 1997 ἀπ-

194 2038 397 2090 ώλειαν
428 2037 536 2089 τῶν
571 2037 742 2104 ἁγίων
770 2035 1059 2105 λειψάνων.
1092 2035 1244 2100 Εἰλιξ
1291 2036 1344 2087 δέ
1378 2039 1494 2089 ἐστι
1535 2036 1670 2106 πρὸς
1702 2039 1766 2107 τῆ

192 2130 418 2199 γεφύρᾳ
487 2128 677 2199 βαθὺς,
736 2131 832 2183 καὶ
888 2129 946 2180 ιν
1005 2126 1153 2196 αὐτῷ
1208 2129 1586 2181 κατεκένωσαν
1642 2130 1770 2193 τοὺς

196 2224 578 2294 μαρσίππους.

270 2316 399 2368 KE'.
438 2316 497 2366 '0
523 2314 578 2366 δὲ
611 2313 874 2383 ποταμδς,
898 2312 1152 2382 καθάπερ
1180 2314 1658 2386 παρακαταθήκην
1676 2315 1769 2368 λα-

190 2405 312 2458 ϐὼν
361 2405 470 2457 τῶν
501 2404 670 2473 ἁγίων
718 2406 788 2459 τὰ
830 2404 1080 2475 λείψανα,
1121 2406 1214 2457 καὶ
1253 2406 1326 2467 ὡς
1379 2405 1610 2471 ὀφείλων
1654 2405 1768 2458 σῶα

190 2498 290 2551 καὶ
314 2496 549 2564 ἀκέραια
573 2496 887 2561 ἀποδοῦναι,
916 2496 1054 2549 αύτά
1084 2494 1403 2562 συναγαγὼν
1428 2498 1485 2548 ὲν
1511 2496 1591 2548 ἐνὶ
1616 2498 1767 2566 τόπῳ

190 2590 637 2661 παρεφύλαττεν.
708 2587 1212 2655 Ἀναχωρησάντων
1264 2588 1319 2639 δὲ
1366 2588 1475 2639 τῶν
1531 2588 1763 2658 δημίων,

189 2682 391 2748 ἄνδρες
442 2678 737 2740 θεοσεσεῐς,
787 2676 965 2731 δοῦλοι
1008 2677 1102 2731 τοῦ
1153 2677 1309 2743 Θεοῦ,
1346 2679 1438 2731 καὶ
1470 2678 1766 2748 όμότροποι

190 2772 311 2824 τῶν
344 2770 534 2836 ἁγίων,
564 2768 819 2831 λαῦόντες
849 2769 1000 2832 τινὰς
1031 2770 1331 2839 ἐμπείρους
1364 2769 1573 2831 εἰδότας
1610 2769 1771 2822 πολυ-

188 2860 585 2934 πραγμονῆσαι
635 2860 704 2913 τὰ
737 2860 878 2931 βάθη
912 2859 1006 2929 τοῦ
1053 2859 1322 2928 ποταμοῦ.
1351 2859 1625 2932 ἀνῄραντο
1669 2862 1766 2915 ὅλα

190 2954 341 3023 μετὰ
368 2954 466 3023 τῆς
500 2952 648 3024 ίγῆς]
676 2956 1116 3023 συνηγιασμένης
1144 2954 1350 3020 αὐτοῖς,
1380 2953 1452 3015 ὡς
1477 2951 1768 3024 πληρωθῆ-

186 3063 282 3099 ναι
324 3044 422 3113 τὴν
453 3045 674 3114 Γραφήν
694 3060 710 3075 ·
748 3062 767 3095 ι
801 3044 1065 3097 Φυλάσσει
1098 3044 1298 3114 Κύριος
1330 3045 1504 3099 πάντα
1538 3046 1605 3099 τὰ
1628 3046 1762 3100 ὀστᾶ

1872 567 2051 635 ignem
2109 569 2272 640 lignis
2324 572 2377 626 in
2429 574 2664 630 sublime
2710 576 3019 631 nutrientes
3070 576 3123 629 in
3174 575 3438 629 similitu-

1872 662 2057 716 dinem
2095 663 2335 721 fornacis
2386 666 2756 739 Babyloniae,
2806 677 3114 732 venerunt,
3174 679 3233 722 ut
3285 669 3439 736 ipsos

1871 758 2159 825 tollerent;
2189 776 2481 816 numerum
2506 763 2719 829 ineunt,
2751 776 2807 820 et
2831 779 2973 818 unus
2996 761 3437 818 desiderabatur.

1873 850 2105 905 Sanctus
2124 850 2304 907 autem
2326 852 2605 909 Sisinnius
2629 856 2905 911 clamavit.
2927 855 3149 909 dicens:
3180 854 3277 907 Hic
3293 870 3438 917 sum,

1873 943 1963 997 hic
1994 960 2135 997 sum.
2166 946 2460 1001 Venientes
2484 962 2614 1001 vero
2645 947 2792 1000 hunc
2822 961 3039 1015 quoque
3066 944 3434 1005 sustulerunt,

1872 1046 1928 1091 et
1962 1038 2309 1092 adduxerunt
2343 1040 2396 1092 in
2443 1038 2641 1109 ignem.
2684 1040 2750 1093 Et
2791 1040 2982 1094 dicunt
3014 1037 3188 1091 sancti
3234 1037 3435 1090 unani-

1873 1131 2070 1184 miter:
2104 1149 2120 1181 ι
2162 1128 2220 1184 In
2255 1146 2448 1186 manus
2482 1142 2619 1195 tuas,
2666 1133 2917 1197 Domine,
2951 1131 3436 1185 tradimusanimas

1871 1233 2089 1277 nostras
2110 1225 2149 1287 ⁸;
2195 1243 2211 1274 ›
2247 1233 2341 1278 et:
2382 1244 2400 1276 ι
2454 1227 2780 1280 Benedictus
2834 1227 3119 1285 Dominus.
3170 1225 3267 1293 qui
3326 1240 3436 1277 non

1871 1315 2022 1369 dedit
2077 1332 2176 1370 nos
2223 1317 2277 1370 in
2322 1318 2631 1385 captionem
2683 1318 2940 1373 dentibus
2982 1317 3247 1379 eorum';
3313 1334 3330 1365 ι
3377 1327 3436 1370 et

1872 1419 2156 1463 cantantes
2221 1410 2274 1464 in
2326 1412 2504 1480 ignem
2559 1412 2745 1480 injeeti
2795 1422 2943 1465 sunt.
2989 1412 3165 1464 Porro
3211 1409 3435 1463 lictores

1873 1502 2245 1556 accenderunt
2276 1518 2498 1572 pyram,
2552 1503 2829 1557 imitantes
2868 1502 3171 1556 Chaldaeos.
3231 1499 3435 1554 Eodem

1870 1612 1980 1664 quo
2004 1594 2258 1658 obierant
2288 1594 2399 1652 die.
2437 1610 2558 1663 qua:
2583 1605 2666 1649 est
2697 1594 2910 1649 decima
2946 1591 3098 1653 Julii,
3128 1590 3294 1662 jussit
3323 1590 3434 1643 dux

1870 1689 2049 1755 colligi
2080 1704 2271 1741 eorum
2306 1703 2449 1749 ossa,
2483 1701 2544 1743 ac
2594 1688 2785 1757 projici
2837 1686 2889 1740 in
2943 1686 3188 1742 ﬂuvium,
3234 1695 3436 1751 cogno-

1873 1789 2056 1833 mento
2093 1779 2319 1849 Lycum.
2349 1779 2677 1833 milliaribus
2700 1794 2791 1831 sex
2822 1794 2849 1831 a
2878 1778 3097 1831 civitate
3115 1776 3435 1830 distantem.

1870 1872 1988 1936 Quo
2018 1871 2110 1924 ubi
2140 1870 2488 1931 detulissent,
2514 1870 2889 1940 quaesiverunt
2913 1876 3099 1937 aptum
3153 1867 3334 1921 locum
3365 1862 3433 1918 ad

1871 1962 2184 2033 perdendas
2220 1970 2438 2015 sanctas
2465 1961 2742 2029 reliquias.
2784 1960 3096 2015 Protuudus
3137 1968 3222 2014 est
3247 1966 3435 2013 vortex

1871 2070 2042 2125 prope
2074 2062 2324 2124 pontem,
2351 2054 2404 2106 in
2431 2068 2541 2125 quo
2561 2061 2901 2107 evacuarunt
2927 2051 3198 2107 sacculos.

1941 2321 2107 2377 XXV.
2147 2321 2215 2376 At
2242 2318 2441 2374 ﬂuvius
2471 2317 2709 2389 depositi
2745 2318 2919 2373 instar
2945 2324 3261 2371 sanctorum
3305 2309 3435 2367 reli-

1871 2416 2029 2485 quias
2064 2415 2299 2483 accepit,
2353 2422 2520 2483 utque
2563 2428 2667 2482 pro
2705 2426 2806 2476 eo,
2840 2425 2905 2465 ac
2947 2409 3213 2471 debebat,
3262 2407 3439 2462 salvas

1870 2520 2033 2576 atque
2090 2508 2394 2560 incolumes
2447 2504 2731 2560 redderet.
2779 2519 2874 2558 eas
2934 2516 3099 2558 unum
3151 2501 3205 2553 in
3255 2500 3437 2553 locum

1872 2600 2130 2655 collectas
2146 2598 2507 2653 conservavit.
2526 2596 2842 2651 Lictoribus
2859 2610 2987 2650 vero
3010 2591 3136 2647 inde
3157 2588 3437 2662 digressis,

1870 2694 1973 2747 viri
2020 2692 2285 2761 religione
2335 2690 2609 2757 insignes,
2655 2688 2798 2742 servi
2841 2686 2970 2749 Dei,
3012 2695 3069 2739 et
3122 2693 3436 2739 sanctorum

1871 2784 2119 2841 moribus
2164 2781 2514 2845 consimiles,
2557 2776 2854 2849 assumptis
2905 2773 3232 2847 quibusdam
3284 2768 3437 2824 ﬂuvii

1870 2876 2141 2949 profunda
2182 2876 2471 2945 explorare
2507 2872 2729 2942 peritis,
2775 2870 3015 2940 integras
3060 2865 3435 2926 sustulerunt,

1869 2985 1993 3024 cum
2033 2968 2367 3022 sanctiﬁcata
2392 2963 2527 3033 ipsis
2554 2960 2767 3034 [terra]
2796 2972 2851 3013 ut
2909 2960 3226 3029 impleretur
3290 2954 3438 3009 Scri—

1871 3070 2027 3133 ptura
2055 3078 2068 3112 :
2107 3078 2125 3109 ι
2164 3055 2417 3113 Custodit
2444 3053 2709 3109 Dominus
2734 3053 2913 3104 omnia
2940 3066 3062 3104 ossa
3090 3064 3280 3108 eorum
3306 3047 3371 3099 *°.
3412 3064 3431 3097 ι

186 3136 379 3192 αὐτῶν
400 3152 446 3187 ἰ
483 3136 575 3187 καὶ
596 3135 919 3203 ἐνέγκαντες
947 3137 1006 3188 ιν
1033 3138 1097 3206 τῇ
1127 3136 1274 3188 πόλει
1298 3138 1551 3190 ἀνέθεντο
1575 3141 1631 3189 ἐν
1653 3140 1765 3201 τοῖς

1869 3153 1938 3208 Et
1959 3160 2246 3221 postquam
2286 3148 2340 3202 in
2374 3146 2649 3201 civitatem
2695 3142 3048 3204 int-exissent,
3083 3140 3135 3192 in
3181 3135 3440 3191 oratoriis

183 3229 510 3299 εὐκτηρίοις
539 3230 727 3292 οἰκοις,
756 3230 979 3299 εἰρήνης
1010 3228 1069 3281 δὲ
1109 3227 1350 3296 βαθείας,
1376 3228 1475 3298 τῆς
1500 3228 1593 3281 τοῦ
1628 3230 1760 3298 Χρι-

187 3321 328 3376 στοῦ
370 3321 797 3390 φιλανθρωπίας,
829 3323 922 3373 καὶ
950 3323 1014 3389 τῇ
1049 3321 1294 3390 βασιλείᾳ⁴
1324 3320 1416 3372 τοῦ
1445 3320 1764 3373 εὐσεϐεστά-

181 3432 285 3468 του
354 3412 787 3476 Κωνσταντίνου,
834 3413 925 3465 καί
969 3415 1072 3466 εἰσι
1128 3413 1323 3482 πύργοι
1377 3413 1474 3475 τῆς
1529 3414 1766 3476 πίστεως

183 3508 463 3566 ἄσειστοι,
508 3506 733 3569 ἀστέρες
788 3504 996 3573 λογικοὶ
1040 3506 1343 3574 λάμποντες
1394 3507 1762 3575 Χριστιανοῖς,

182 3597 335 3665 ἄνθη
365 3595 473 3649 τῶν
501 3595 642 3648 κατά
676 3596 775 3664 τὴν
796 3597 1121 3664 οἰκουμένην
1149 3598 1474 3667 ἐκκλησιῶν,
1500 3597 1769 3665 πρεσϐευ-

180 3689 283 3745 ταὶ
318 3688 430 3745 τῶν
448 3686 810 3760 ἁμαρτωλῶν,
836 3688 1076 3758 φύλακες
1105 3689 1212 3741 τῶν
1238 3688 1500 3753 εὐσεϐῶν,
1531 3691 1769 3761 προστά-

178 3795 275 3832 ται
312 3777 418 3846 τῆς
455 3794 515 3831 τι
544 3778 677 3842 ἰδίας
711 3778 917 3842 πόλεως
968 3781 1061 3833 καὶ
1098 3778 1195 3850 τῆς
1230 3779 1573 3850 οἰκουμένης,
1608 3778 1768 3849 εὐερ-

180 3869 349 3937 γέται
376 3869 486 3922 τῶν
520 3871 875 3939 κεκτημένων
903 3871 1099 3935 αὐτοὺς
1140 3873 1197 3925 tv
1221 3873 1445 3944 Χριστῷ
1479 3871 1654 3943 Ἰησοῦ
1689 3870 1769 3942 τῷ

180 3959 388 4030 Κυρίῳ
412 3958 589 4029 ἡμῶν,
621 3952 665 4026 ᾧ
692 3962 894 4028 πρέπει
922 3962 1048 4026 δόξα
1080 3964 1199 4029 ἅμα
1228 3963 1307 4029 τῷ
1348 3964 1524 4032 Πατρὶ
1570 3963 1664 4013 καὶ
1690 3961 1768 4030 τῷ

178 4048 450 4121 παναγίῳ
488 4050 764 4120 Πνιύματι
812 4051 907 4108 νῦν
936 4052 1032 4109 καὶ
1055 4053 1163 4121 ἀεὶ,
1188 4054 1282 4109 καὶ
1301 4053 1381 4118 εἰς
1408 4052 1535 4117 τοὺς
1561 4051 1766 4116 αἰῶνας

177 4142 298 4195 τῶν
322 4144 563 4199 αἰώνων.
613 4144 785 4213 ’Δμήν

1870 3259 1935 3296 ea
1985 3247 2376 3309 reposuerunt,
2419 3252 2544 3290 cum
2588 3235 2857 3305 profunda
2900 3240 3045 3286 esset
3088 3245 3226 3299 pax,
3273 3228 3439 3280 dante

1870 3332 1966 3388 Dei
1989 3331 2349 3400 benignitate,
2378 3328 2627 3398 piissimo
2664 3324 3027 3379 Constantino
3074 3327 3354 3389 regnante,
3385 3324 3442 3370 et

1873 3422 2046 3478 turris
2096 3421 2197 3491 ipsi
2247 3427 2377 3473 sunt
2438 3417 2562 3471 ﬁdei
2608 3416 2968 3474 inconcussa,
3015 3411 3185 3466 stellte
3227 3408 3441 3462 ratione

1870 3515 2115 3586 prmdita:
2140 3508 2470 3567 Christianis
2518 3509 2799 3566 lucentes,
2853 3504 3015 3557 ﬂores
3056 3498 3439 3561 ecclesiarum,

1867 3622 1987 3675 qua:
2016 3618 2113 3673 per
2140 3600 2330 3655 orbem
2362 3609 2630 3652 terrarum
2651 3601 2799 3653 sunt,
2828 3593 3222 3646 intercessores
3242 3602 3438 3658 pecca-

1867 3701 2054 3746 torum
2082 3730 2096 3752 ,
2138 3691 2356 3759 piorum
2411 3687 2692 3747 custodes,
2742 3682 2984 3737 civitatis
3026 3695 3138 3735 suae
3179 3682 3236 3734 et
3286 3677 3441 3731 orbis

1868 3781 2113 3839 universi
2166 3778 2464 3851 praesides,
2520 3776 2904 3830 benefacwres
2954 3787 3182 3835 eorum,
3235 3769 3329 3838 qui
3378 3781 3438 3821 se

1866 3875 2155 3949 possident
2194 3874 2249 3928 in
2288 3870 2510 3928 Christo
2561 3868 2688 3925 Jesu
2729 3866 2962 3921 Domino
3010 3872 3235 3924 nostro,
3272 3873 3436 3930 quem

1865 3967 2217 4036 decctgloria
2261 3963 2426 4018 simul
2468 3976 2593 4015 cum
2648 3961 2831 4025 Patre,
2874 3966 2931 4014 et
2971 3965 3164 4011 sancto
3202 3952 3435 4024 Spiritu,

1864 4071 2013 4113 nunc
2034 4064 2091 4111 et
2118 4067 2356 4124 semper,
2376 4060 2433 4106 et
2459 4048 2514 4105 in
2536 4048 2737 4104 secula
2760 4046 3111 4102 saeculorum.
3136 4044 3334 4098 Amen.

253 4324 279 4357 ⁸
309 4324 465 4385 Psal.
493 4340 620 4398 xxx,
651 4327 703 4384 6.
746 4330 767 4361 θ
803 4328 948 4389 Psal.
990 4346 1183 4399 cum,
1217 4330 1273 4387 6.
1305 4332 1347 4364 ¹⁹
1378 4331 1522 4389 Psal.
1553 4346 1747 4394 mm,
1774 4331 1867 4386 2|.
