4188 6310
2011 327 2292 389 MENSIS
2325 327 2620 387 IULIUS.

726 477 2304 518 ,κς-*Μ

2416 471 2682 484 —-—-

2416 489 2686 501 νεα-..-

3852 313 3953 379 348

3297 466 3420 476 ...Α

2751 465 3472 496 _______,.___....._..=:
3493 467 3578 496 επ,
3599 464 3914 493 _,__==

2687 486 2745 498 -

1683 685 2068 818 ΒΙΟΣ
2146 680 2978 814 ΕΥΓΕΝΙΟΥ

1295 932 1490 1019 ΚΑΙ
1565 932 1964 1021 ΜΑΡΙΑΣ
2037 928 2254 1014 ΤΗΣ
2311 925 2890 1016 ΘΥΓΑΤΡΟΣ
2968 921 3345 1009 ΑΥΤΟΥ

1331 1291 1788 1446 VlTA
1905 1288 2476 1443 BEATI
2569 1286 3363 1444 EUGENII

1857 1565 1952 1626 ΕΤ
2011 1563 2294 1626 ΜΑΒΙᾸΞ
2347 1563 2585 1624 FH.le
2646 1562 2827 1625 EJUS

1199 1737 1394 1802 (Latine
1419 1740 1467 1787 in
1495 1735 1632 1788 Actis
1651 1734 1738 1784 SS.
1773 1731 1996 1786 Bolland.
2024 1733 2084 1783 ad
2105 1733 2238 1782 diem
2267 1730 2321 1782 l7
2342 1729 2462 1781 Julii
2488 1743 2501 1790 ;
2527 1728 2698 1779 Graec
2732 1741 2794 1778 ex
2819 1730 2929 1778 cod.
2954 1741 3044 1778 ms.
3077 1729 3232 1778 Paris.
3253 1743 3304 1780 ιι.
3333 1729 3492 1790 1558.)

2301 1909 2371 1922 ρ

792 2067 831 2120 1.
873 2065 928 2116 In
959 2064 1051 2116 illa
1080 2074 1325 2132 tempore
1367 2070 1485 2116 erat
1534 2061 1618 2113 vir
1648 2059 1870 2129 quidam
1918 2060 1972 2113 in
2003 2058 2281 2128 Bithynia,

2457 2054 2535 2110 Ν.
2565 2055 2760 2122 rum
2792 2073 2874 2118 τις
2901 2056 3041 2124 ἀνὴρ
3077 2057 3133 2108 ἐν
3163 2058 3230 2125 τῇ
3261 2057 3485 2126 Βιθυνίᾳ
3538 2056 3769 2128 ὀνόματι
3805 2059 3975 2128 Εὐγέ-

721 2160 942 2212 nomine
976 2157 1253 2226 Eugenius
1306 2155 1353 2209 ls
1401 2154 1637 2208 habebat
1673 2168 1896 2206 uxorem
1932 2153 2089 2206 valde
2120 2153 2293 2207 hone-

721 2263 881 2310 Stam.
908 2263 961 2305 et
989 2253 1156 2304 Deum
1200 2250 1508 2310 timentem,
1560 2263 1681 2316 quze
1722 2246 1938 2314 peperit
1971 2245 2134 2297 ﬁliam
2174 2243 2299 2295 uni—

723 2359 865 2406 cam,
895 2354 950 2398 et
974 2345 1184 2395 vocavit
1216 2357 1414 2394 nomen
1446 2342 1566 2409 ejus
1593 2341 1835 2392 Mariam.
1870 2338 2077 2390 Mortua
2113 2344 2297 2387 autem

724 2437 843 2509 ejus
869 2450 1056 2496 uxore,
1090 2434 1344 2487 educavit
1377 2432 1539 2486 ﬁliam
1575 2447 1726 2485 suam
1765 2431 2039 2501 Eugenins
2076 2428 2128 2482 in
2159 2428 2298 2482 bona

723 2537 777 2581 et
816 2529 1044 2581 honesta
1070 2528 1202 2580 vita.
1231 2527 1366 2581 Cum
1401 2542 1530 2580 vero
1560 2527 1826 2580 crevisset
1867 2523 2298 2587 adulescentula,

727 2620 861 2673 dixit
889 2619 936 2672 ei
974 2628 1125 2688 pater
1163 2619 1283 2688 ejus
1315 2637 1326 2671 :
1375 2619 1506 2672 Filia
1555 2619 1898 2679 charissima,
1933 2632 2059 2671 ecce
2110 2629 2302 2670 omnes

727 2728 878 2766 meas
926 2714 1215 2767 facultates
1256 2713 1413 2765 trado
1455 2713 1507 2764 in
1565 2727 1756 2764 manus
1807 2721 1949 2762 tuas.
2001 2709 2110 2777 Ego
2154 2708 2302 2760 enim

731 2805 889 2867 vado,
925 2817 983 2856 ut
1030 2805 1233 2856 salvam
1266 2803 1458 2855 faciam
1508 2802 1741 2853 animam
1793 2815 1990 2852 meam.
2023 2798 2155 2853 Cum
2188 2797 2305 2851 haec

730 2901 913 2950 autem
958 2912 986 2952 a
1027 2905 1176 2962 patre
1223 2910 1323 2950 suo
1376 2894 1644 2947 audiisset
1694 2891 2125 2952 adulescentula.
2170 2890 2303 2945 dicit

728 2989 778 3040 ei
819 3007 828 3038 :
864 2987 1041 3049 Pater,
1094 2998 1147 3040 tu
1179 2989 1260 3041 vis
1292 2988 1526 3056 teipsum
1559 3002 1799 3051 servare,
1845 2997 2012 3041 etme
2051 2986 2303 3055 perdere.

730 3081 922 3135 Nescis
975 3081 1264 3133 Dominum
1317 3081 1503 3137 dicere
1539 3081 1592 3131 in
1643 3080 2003 3148 Evangeliis:
2060 3097 2077 3127 ι
2115 3081 2308 3131 Pastor

732 3172 910 3224 bonus
939 3173 1176 3223 animam
1209 3187 1361 3223 suam
1394 3171 1548 3238 ponit
1584 3185 1682 3238 pro
1718 3170 1913 3223 ovibus
1957 3171 2013 3223 ’ἒν
2049 3187 2066 3220 ι
2098 3170 2308 3225 Rursus

732 3278 865 3317 vero
903 3261 1029 3317 alibi
1061 3262 1194 3316 dicit
1221 3279 1233 3316 :
1263 3281 1280 3312 ι
1307 3262 1623 3331 Quisalvam
1657 3263 1784 3316 facit
1807 3264 2064 3326 animam,
2085 3274 2168 3318 est
2190 3273 2309 3318 tan-

2395 2166 2526 2208 νιος.
2550 2143 2715 2207 Οὗτος
2744 2148 2867 2214 ἔσχε
2906 2153 3165 2213 γυναῖκα,
3211 2150 3334 2214 ἥτις
3380 2152 3638 2221 ἐγέννησε
3679 2152 3977 2221 θυγάτριον

2403 2239 2666 2306 μονογενῆ
2697 2238 2790 2289 καὶ
2818 2239 3043 2294 ἐκάλεσε
3095 2241 3154 2289 τὸ
3185 2240 3357 2306 ὄνομα
3398 2242 3571 2311 αὐτῆς
3621 2245 3842 2314 Μαρία.
3879 2247 3975 2300 Τε-

2399 2328 2734 2397 λευτηπάσης
2767 2328 2822 2380 δὲ
2850 2329 2944 2395 τῆς
2970 2329 3174 2396 μητρὸς
3201 2330 3392 2397 αὐτῆς,
3421 2331 3716 2401 ἀνέθρεψεν
3743 2338 3770 2388 ὁ
3792 2337 3979 2406 πατὴρ

2401 2422 2574 2489 αὐτῆς
2609 2421 2668 2474 τὸ
2719 2421 2930 2472 παιδίον
2977 2423 3033 2472 ἐν
3062 2423 3230 2492 πολλῇ
3265 2424 3600 2476 καταστάσει
3623 2424 3979 2491 διδασκαλίας

2401 2516 2495 2568 καὶ
2531 2515 2712 2584 σεμνῷ
2749 2516 2866 2584 βίῳ.
2926 2515 3262 2586 Αὐξηοείσης
3301 2515 3357 2568 δὲ
3391 2516 3488 2586 τῆς
3529 2518 3805 2585 νεάνιδος,
3858 2517 3983 2576 εἶπα

2406 2609 2542 2676 πρὸς
2579 2607 2748 2673 αὐτὴν
2775 2610 2801 2657 ὁ
2836 2608 3016 2675 πατὴρ
3046 2609 3213 2677 αὐτῆς
3238 2627 3250 2642 ·
3290 2609 3517 2671 Τέκνον,
3551 2611 3684 2677 ἰδοὺ,
3709 2613 3890 2667 πάντα
3915 2615 3985 2669 τὰ

2410 2694 2730 2764 ὑπάρχοντά
2768 2713 2858 2764 μοι
2882 2696 3077 2762 δίδωμι
3103 2699 3183 2757 εἰς
3215 2699 3405 2765 χεῖράς
3431 2718 3524 2751 σου
3547 2717 3560 2730 ⁸
3594 2702 3705 2770 ἐγὼ
3725 2705 3783 2756 δὲ
3812 2708 3984 2774 ἀπέρ.

2406 2803 2572 2861 χομαι
2623 2790 2684 2844 ἐν
2743 2789 2822 2858 τῷ
2885 2791 3361 2859 μοναστηρίῳτὴν
3400 2790 3577 2860 ψυχήν
3628 2812 3732 2861 μου
3788 2797 3983 2850 σῶσαι.

2416 2882 2805 2949 Ἀποκριθεϊσα
2834 2880 2888 2934 δὲ
2922 2882 2953 2950 ἡ
2983 2881 3165 2945 νεᾶνις
3189 2877 3347 2935 εἶπεν
3370 2899 3382 2913 ·
3417 2884 3621 2954 Πάτερ,
3650 2887 3715 2938 σὺ
3752 2891 3852 2959 τὴν
3881 2890 3988 2959 ψυ-

2405 2973 2509 3042 χήν
2535 2989 2628 3023 σον
2660 2971 2837 3034 θέλεις
2867 2971 3062 3037 σῶσαι,
3104 2976 3196 3026 καὶ
3227 2974 3325 3045 τὴν
3350 2976 3490 3045 ἐμὴν
3521 2978 3828 3040 ὰπολέσαι;
3870 2983 3984 3035 Οὐκ

2406 3061 2576 3131 οἶδας,
2609 3065 2688 3116 ὅτι
2722 3065 2870 3132 λέγει
2905 3067 2930 3118 ὁ
2963 3066 3196 3135 Κύριος·
3245 3087 3262 3116 ι
3317 3068 3374 3121 '0
3402 3071 3658 3139 ποιμὴνό
3689 3072 3854 3139 καλὸς
3890 3076 3989 3146 τὴν

2407 3156 2584 3228 ψυχὴν
2607 3157 2773 3210 αὑτοῦ
2806 3159 3020 3228 τίθησιν
3044 3160 3186 3228 ὑπὲρ
3209 3161 3320 3214 τῶν
3346 3163 3672 3232 προϐάτωνς
3707 3184 3725 3216 ι
3763 3167 3862 3219 καὶ
3887 3168 3992 3221 πάι

2407 3251 2491 3302 λιν
2524 3249 2708 3314 λέγει·
2751 3267 2770 3299 ο
2813 3249 3007 3320 Ψυχὴν
3049 3252 3075 3302 ὁ
3129 3249 3318 3314 σώζων
3361 3252 3513 3305 ἔσται
3560 3253 3638 3316 ὡς
3697 3254 3725 3306 ὁ
3783 3257 3991 3326 κτήσεις

733 3370 895 3421 quam
923 3354 1012 3424 qui
1037 3364 1206 3409 creat.
1235 3376 1249 3404 ι
1278 3355 1399 3410 ΗἙο
1431 3372 1552 3409 cum
1589 3357 1854 3410 audiisset
1883 3358 2176 3426 patereius
2203 3357 2304 3408 Eu-

2416 3343 2601 3410 αὑτήν.
2647 3359 2664 3392 ι
2701 3341 2888 3394 Ταῦτα
2921 3343 3162 3404 ἀκούσας
3184 3344 3211 3392 ὁ
3244 3343 3426 3413 πατὴρ
3462 3345 3634 3416 αὐτῆς
3670 3345 3822 3414 λέγει
3850 3348 3989 3418 αὐτῇ

735 3447 951 3512 genius,
983 3448 1102 3514 ejus
1137 3447 1321 3500 verbis
1348 3447 1504 3498 valde
1542 3448 1645 3499 fuit
1673 3425 1909 3500 lmtatus.
1938 3445 2129 3498 Flebat
2157 3445 2304 3499 enim

2416 3437 2516 3506 (ὡς
2543 3433 2689 3505 ἑώρα
2723 3432 2891 3503 αὐτὴν
2923 3433 3253 3504 ὀδυρομένην
3285 3439 3378 3487 καὶ
3410 3438 3750 3504 κλαῑουσαν)ο
3787 3441 3992 3494 Τέκνον

735 3544 792 3588 et
826 3535 1087 3600 ejulabat.
1139 3549 1262 3587 eum
1304 3535 1419 3589 haec
1469 3536 1707 3598 diceret;
1754 3545 1809 3589 et
1857 3535 1990 3589 dicit
2037 3535 2086 3588 ei
2151 3546 2304 3602 pater

737 3626 858 3692 ejus
894 3639 906 3676 :
946 3625 1082 3678 Filia
1117 3626 1462 3688 charissima,
1510 3627 1642 3695 quid
1691 3642 1908 3696 possum
1946 3625 2045 3681 tibi
2087 3625 2305 3680 facere?

739 3714 820 3768 Tu
873 3717 1094 3785 quidem
1144 3733 1203 3771 es
1249 3718 1496 3773 femina:
1548 3735 1648 3790 ego
1693 3729 1871 3772 autem
1917 3719 2040 3772 volo
2094 3719 2304 3787 ingredi

743 3807 1168 3871 monasterium;
1206 3817 1262 3862 et
1303 3809 1578 3876 quomodo
1620 3817 1774 3876 potes
1809 3821 2020 3859 mecum
2063 3805 2307 3858 versari?

743 3898 1003 3950 Diabolus
1043 3900 1188 3951 enim
1229 3908 1454 3965 propter
1496 3915 1592 3951 vos
1637 3899 1832 3951 bellum
1870 3897 2006 3972 gerit
2047 3897 2310 3948 adversus

746 3987 839 4040 Dei
883 4005 1088 4042 servos.
1131 3991 1253 4045 Hace
1277 4007 1398 4046 eum
1421 3993 1698 4047 ‘audiisset
1727 3994 1846 4062 ejus
1880 3991 2008 4050 ﬁlia.
2047 3989 2183 4044 dixit
2214 4004 2310 4058 pa-

745 4081 814 4130 tri
855 4096 957 4134 suo
985 4102 995 4134 :
1029 4083 1278 4148 Domine,
1305 4083 1375 4134 mi
1411 4094 1598 4150 pater:
1636 4100 1742 4136 non
1775 4084 2146 4153 sicingrediar
2173 4097 2311 4151 quo-

2416 3545 2540 3597 μου,
2574 3529 2625 3578 τι
2685 3543 2766 3579 σοι
2801 3526 2907 3597 ἔχω
2943 3525 3192 3593 ποιῆσαι,
3230 3527 3313 3579 ὅτι
3350 3526 3461 3594 ἐγὼ
3492 3527 3756 3598 βούλομαι
3793 3535 3853 3586 ὲν
3898 3551 3994 3603 μοο

2413 3621 2689 3692 ναστηρίῳ
2720 3620 3001 3683 εἰσελθεῖν,
3037 3619 3131 3672 καὶ
3163 3617 3278 3679 πῶς
3306 3618 3528 3672 δύνασαι
3556 3621 3650 3672 σὺν
3673 3623 3800 3690 ἐμοὶ
3828 3620 3992 3692 εἴναις

2425 3715 2482 3766 '0
2524 3713 2766 3774 διάϐολος
2795 3712 2902 3782 γὰρ
2927 3710 2994 3764 δι’
3028 3710 3184 3780 ὑμῶν
3215 3709 3384 3780 ὀχλεῖ,
3441 3711 3534 3764 καὶ
3567 3715 3834 3782 ταράσσει
3867 3718 3994 3781 τοὺς

2411 3806 2631 3867 δούλους
2683 3805 2778 3856 τοῦ
2811 3804 2969 3856 Θεοῦ.
3008 3803 3074 3857 'll
3126 3805 3180 3857 δὶ
3215 3805 3577 3875 ἀποκριθεῖσα
3601 3808 3751 3876 λέγει
3775 3825 3789 3840 ·
3836 3809 3990 3880 Οὐχὶ,

2417 3895 2624 3964 Πάτερ,
2672 3897 2771 3949 οὐκ
2828 3895 3210 3965 εἰσελεύσομαι
3250 3898 3432 3956 καθὼς
3486 3901 3550 3954 σὺ
3599 3901 3803 3968 λέγεις,
3858 3904 3994 3958 ἀλλὰ

2417 3989 2758 4060 ἀποϐρίξασα
2778 3991 2875 4062 τὴν
2902 3988 3078 4061 κόμην
3105 3991 3204 4061 τῆς
3230 3992 3475 4061 κεφαλῆς
3499 4011 3621 4060 μου,
3641 3995 3732 4048 καὶ
3749 3997 3995 4065 ἀνδρεῖον

2422 4085 2606 4153 σχῆμα
2643 4085 3014 4151 ἀναλαϐοῦσα,
3046 4083 3217 4147 οὕτως
3257 4088 3395 4154 μετὰ
3444 4087 3539 4138 σοῦ
3573 4086 3892 4156 ἐλεύσομαι.

750 4175 912 4226 modo
972 4187 1028 4228 tu
1085 4171 1244 4239 dicis,
1281 4182 1372 4230 sed
1427 4179 1665 4235 tondebo
1699 4192 1910 4231 comam
1963 4177 2177 4245 capitis,
2236 4185 2294 4230 et
2333 4175 2524 4231 induta
2573 4188 2728 4234 veste
2771 4179 2941 4243 virili,
2999 4179 3276 4252 ingrediar
3329 4188 3506 4232 tecum
3563 4189 3992 4246 monasterium.

748 4264 969 4318 nemine
1000 4267 1228 4327 sciente,
1265 4286 1348 4322 me
1384 4287 1504 4325 esse
1541 4272 1823 4326 feminam.

819 4359 883 4412 ll.
921 4360 1116 4411 Beatus
1141 4371 1321 4414 autem
1358 4363 1652 4430 Eugenius,
1682 4365 1906 4429 auditis,
1941 4381 2062 4435 qua:
2096 4363 2315 4419 dicebat

754 4447 887 4508 ﬁlia,
907 4451 1063 4504 valde
1098 4452 1332 4514 lmtatus,
1355 4470 1476 4507 cum
1507 4456 1685 4509 omnia
1721 4455 1861 4509 bona
1887 4470 1984 4508 sua
2008 4457 2319 4510 distribuis-

751 4550 834 4595 set
858 4546 1192 4611 pauperibus
1227 4556 1282 4598 et
1309 4547 1594 4609 mendicis,
1632 4549 2001 4616 orphanisque
2032 4558 2087 4600 et
2118 4548 2315 4610 viduis,

2495 4363 2568 4414 B’.
2603 4362 2663 4413 '0
2693 4362 2746 4414 δὲ
2778 4362 2980 4430 πατὴρ,
3028 4361 3314 4430 διανείμας
3369 4363 3547 4418 πάντα
3580 4362 3646 4417 τὰ
3681 4365 4002 4440 ὑπάρχοντι

2425 4450 2572 4520 αὐτῷ
2601 4455 2714 4515 τοῖς
2764 4453 2980 4523 πένησι,
3032 4455 3125 4506 καὶ
3158 4454 3458 4525 ἀποθρῐξις
3513 4456 3610 4527 τὴν
3662 4459 3851 4531 κόμην
3902 4469 4000 4535 τῆς

2426 4545 2668 4613 κεφαλῆς
2717 4546 2909 4612 αὐτῆς.
2965 4546 3289 4614 περιέϐαλεν
3326 4547 3496 4615 αὐτὴν
3529 4550 3776 4618 ἀνδρεῖον
3812 4557 4001 4624 σχῆμα

752 4642 808 4685 et
837 4635 1163 4687 totondisset
1191 4653 1342 4689 suam
1371 4638 1554 4702 ﬁliam,
1581 4639 1721 4692 virili
1747 4641 1947 4693 amictu
1974 4654 2092 4692 eam
2117 4640 2294 4693 induit

2425 4641 2519 4692 καὶ
2564 4641 2921 4707 ἐπωνόμασεν
2947 4638 3115 4703 αὐτὴν
3151 4639 3413 4706 Μαρῖνον,
3472 4639 3562 4690 καὶ
3626 4643 4003 4710 παρήγγειλεν

753 4735 809 4780 et
847 4727 1153 4780 nominavit
1186 4744 1385 4782 nomen
1433 4731 1550 4798 ejus
1596 4731 1882 4795 Marinum,
1937 4734 2050 4787 banc
2093 4734 2141 4786 ei
2184 4734 2323 4788 dans

756 4818 1010 4870 mandata
1041 4835 1053 4870 :
1084 4819 1239 4881 Vide,
1273 4820 1402 4880 ﬁlia,
1435 4822 1710 4890 quomodo
1734 4833 1782 4874 te
1808 4825 1882 4875 sis
1911 4837 2320 4878 conservatum.

758 4906 957 4960 Futura
977 4909 1122 4961 enim
1155 4925 1214 4962 es
1245 4910 1295 4962 in
1329 4912 1506 4963 medio
1527 4913 1695 4981 ignis;
1723 4931 1827 4967 non
1853 4914 2151 4983 ingreditur
2175 4915 2323 4968 enim

758 4999 962 5059 femina
1009 5001 1063 5052 in
1091 5004 1508 5056 monasterium.
1540 5003 1614 5057 Te
1647 5022 1777 5074 ergo
1812 5021 2076 5060 conserva
2107 5006 2324 5060 Cbristo

759 5090 1184 5154 immaculatam,
1214 5104 1273 5146 ut
1301 5111 1424 5147 cum
1454 5097 1862 5165 impleverimns
1887 5099 1938 5150 id
1968 5099 2110 5163 quod
2137 5113 2324 5151 sumus

762 5182 1010 5246 polliciti,
1045 5184 1345 5240 babeamur
1371 5188 1518 5255 digni
1552 5205 1717 5258 regno
1747 5190 2029 5243 ccelorum.
2059 5191 2179 5246 Ilaec
2201 5178 2335 5245 eum'

762 5274 990 5329 dixisset
1014 5278 1309 5345 Eugenius,
1329 5290 1381 5333 et
1404 5292 1656 5349 precatus
1671 5294 1835 5344 esset,
1856 5298 2136 5337 assumens
2162 5285 2324 5336 ﬁliani

767 5379 921 5416 suam
965 5367 1186 5423 Mariam
1220 5371 1271 5423 in
1305 5373 1492 5426 habitu
1528 5373 1912 5437 adolescentis,
1946 5374 2222 5443 ingressus
2248 5386 2331 5428 est

767 5457 1105 5512 coenobium.
1138 5462 1227 5517 Eis
1247 5472 1428 5517 autem
1463 5465 1722 5535 ingressis
1746 5467 1796 5519 in
1831 5468 2243 5529 monasterium,
2277 5467 2329 5520 in

767 5547 884 5601 dies
925 5552 1245 5620 proﬁciebat
1290 5557 1467 5625 puella
1507 5559 1558 5612 in
1610 5557 1756 5614 omni
1795 5559 2013 5622 virtute,
2067 5560 2328 5618 obedien-

847 5736 858 5762 ¹
908 5733 1058 5787 Joau.
1098 5752 1146 5797 χ,
1189 5736 1268 5787 Η.

2422 4733 2557 4800 αὐτῇ
2589 4731 2795 4796 λέγων·
2830 4729 3024 4789 Βλέπε,
3051 4728 3258 4790 τέκνον,
3289 4730 3406 4792 πῶς
3425 4729 3703 4801 διατηρεῖς
3740 4738 3998 4807 σεαυτήν·

2420 4823 2523 4873 ἀνὰ
2559 4823 2720 4889 μέσον
2749 4821 2856 4891 γὰρ
2889 4820 2983 4873 τοῦ
3018 4823 3189 4890 πυρὸς
3230 4822 3445 4890 μέλλεις
3475 4825 3688 4892 διάγειν
3711 4843 3724 4857 ·
3758 4828 4004 4896 φύλαξον

2421 4910 2511 4964 οὖν
2533 4915 2729 4980 ἑαυτὴν
2753 4915 3039 4981 ἄμεμπτον
3067 4914 3146 4982 τῷ
3175 4913 3419 4982 Χριστῷ,
3446 4917 3593 4980 ὅπως
3618 4919 4006 4990 πληρώσωμεν

2420 5008 2519 5075 τὴν
2557 5007 2894 5071 ἐπαγγελίαν
2931 5007 3108 5073 ἡμῶν.
3176 5006 3283 5056 Καὶ
3321 5005 3504 5058 λαϐὼν
3545 5009 3715 5078 αὐτὴν
3747 5007 4021 5078 εἰσῆλθεν

2431 5101 2487 5149 ὲν
2536 5096 2805 5165 κοινοϐίῳ.
2869 5097 3082 5166 Ἡμέρᾳ
3141 5096 3195 5149 δὲ
3231 5100 3324 5148 καὶ
3355 5099 3541 5169 ἡμέρα
3577 5101 3922 5169 προέκοπτεν
3975 5107 4008 5175 ἡ

2434 5191 2561 5249 παῖς
2616 5188 2695 5250 εἰς
2747 5190 2926 5240 πᾶσαν
2979 5188 3180 5258 ἀρετὴν
3229 5191 3324 5241 καὶ
3363 5193 3442 5250 εἰς
3512 5190 3712 5261 πολλὴν
3744 5193 4005 5263 ἄσκησιν,

2438 5281 2638 5342 Πάντες
2681 5278 2774 5332 οὖν
2831 5282 2878 5330 οἱ
2935 5280 3155 5346 ἀδελφοὶ
3205 5281 3455 5349 ἐνόμιζον
3521 5284 3692 5354 αὐτὴν
3750 5287 4010 5356 εὐνοῦχον

2438 5369 2578 5424 εἶναι
2612 5372 2696 5423 διὰ
2727 5371 2786 5422 τὺ
2815 5370 3060 5438 ἀγένειον
3082 5373 3172 5423 καὶ
3196 5370 3392 5423 λεπτὸν
3424 5374 3488 5440 τῇ
3537 5375 3752 5446 ἀφωνία
3772 5391 3784 5404 ·
3828 5378 4012 5446 ἕτεροι

2438 5464 2492 5516 δὲ
2525 5463 2930 5530 ὑπελάμϐανον,
2955 5464 3036 5514 ὅτι
3069 5463 3177 5514 ἀπὸ
3223 5463 3423 5530 πολλῆς
3457 5465 3792 5534 ἐγκρατείας
3830 5469 3890 5521 τὸ
3919 5469 4011 5521 διὰ

2440 5558 2533 5608 δύο
2548 5554 2763 5626 ἡμερῶν
2783 5554 2983 5607 ἐσθίειν
3000 5555 3188 5625 αὑτήν.
3208 5554 3406 5624 Συνέϐη
3429 5555 3482 5608 δὲ
3506 5558 3594 5608 τὸν
3614 5561 3822 5628 πατέρα
3839 5560 4017 5630 αὐτῆς
