  <div class='ocr_page' id='page_1' title='image "/cluster/home/n/w/nwhite01/storage/ocr_20150623/115/pst.000005714285/234.png"; bbox 0 0 4188 6310; ppageno 0'>
   <div class='ocr_carea' id='block_1_1' title="bbox 172 337 260 399">
    <p class='ocr_par' dir='ltr' id='par_1_1' title="bbox 172 337 260 399">
     <span class='ocr_line' id='line_1_1' title="bbox 172 337 260 399; baseline 0 0"><span class='ocrx_word' id='word_1_1' title='bbox 172 337 260 399; x_wconf 62' lang='grc'><strong>349</strong></span> 
     </span>
    </p>
   </div>
   <div class='ocr_carea' id='block_1_2' title="bbox 1199 328 2300 392">
    <p class='ocr_par' dir='ltr' id='par_1_2' title="bbox 1199 328 2300 392">
     <span class='ocr_line' id='line_1_2' title="bbox 1199 328 2300 392; baseline -0.005 0"><span class='ocrx_word' id='word_1_2' title='bbox 1199 332 1377 392; x_wconf 70' lang='lat' dir='ltr'><strong>VITA</strong></span> <span class='ocrx_word' id='word_1_3' title='bbox 1419 332 1480 391; x_wconf 87' lang='lat' dir='ltr'><strong>S.</strong></span> <span class='ocrx_word' id='word_1_4' title='bbox 1521 328 1848 389; x_wconf 82' lang='lat' dir='ltr'><strong>EUGENII</strong></span> <span class='ocrx_word' id='word_1_5' title='bbox 1887 330 1979 388; x_wconf 88' lang='lat' dir='ltr'>ET</span> <span class='ocrx_word' id='word_1_6' title='bbox 2015 329 2300 389; x_wconf 78' lang='lat' dir='ltr'><strong>MAR[.E.</strong></span> 
     </span>
    </p>
   </div>
   <div class='ocr_carea' id='block_1_3' title="bbox 3265 324 3373 386">
    <p class='ocr_par' dir='ltr' id='par_1_3' title="bbox 3265 324 3373 386">
     <span class='ocr_line' id='line_1_3' title="bbox 3265 324 3373 386; baseline -0.019 0"><span class='ocrx_word' id='word_1_7' title='bbox 3265 324 3373 386; x_wconf 83' lang='lat'><strong>350</strong></span> 
     </span>
    </p>
   </div>
   <div class='ocr_carea' id='block_1_4' title="bbox 172 440 1748 518">
    <p class='ocr_par' dir='ltr' id='par_1_4' title="bbox 172 442 1748 518">
     <span class='ocr_line' id='line_1_4' title="bbox 172 442 1748 518; baseline -0.008 -14"><span class='ocrx_word' id='word_1_8' title='bbox 172 448 482 512; x_wconf 76' lang='grc' dir='ltr'>τελευτῆσαι,</span> <span class='ocrx_word' id='word_1_9' title='bbox 511 449 604 500; x_wconf 78' lang='grc' dir='ltr'><strong>καὶ</strong></span> <span class='ocrx_word' id='word_1_10' title='bbox 633 447 938 518; x_wconf 81' lang='grc' dir='ltr'>προσέθηκε</span> <span class='ocrx_word' id='word_1_11' title='bbox 976 448 1042 514; x_wconf 83' lang='grc' dir='ltr'>τῇ</span> <span class='ocrx_word' id='word_1_12' title='bbox 1079 445 1308 512; x_wconf 78' lang='grc' dir='ltr'><strong>ἀσκήσει</strong></span> <span class='ocrx_word' id='word_1_13' title='bbox 1345 443 1438 495; x_wconf 71' lang='grc' dir='ltr'><strong>καὶ</strong></span> <span class='ocrx_word' id='word_1_14' title='bbox 1469 442 1705 510; x_wconf 79' lang='grc' dir='ltr'>ὑπακοῇ,</span> <span class='ocrx_word' id='word_1_15' title='bbox 1739 488 1748 501; x_wconf 48' lang='grc' dir='ltr'>ε</span> 
     </span>
    </p>
   </div>
   <div class='ocr_carea' id='block_1_5' title="bbox 1835 440 3392 518">
    <p class='ocr_par' dir='ltr' id='par_1_5' title="bbox 1838 440 3392 512">
     <span class='ocr_line' id='line_1_5' title="bbox 1838 440 3392 512; baseline 0 -20"><span class='ocrx_word' id='word_1_16' title='bbox 1838 441 1995 510; x_wconf 86' lang='lat' dir='ltr'><strong>iaque</strong></span> <span class='ocrx_word' id='word_1_17' title='bbox 2044 451 2097 495; x_wconf 89' lang='lat' dir='ltr'><strong>et</strong></span> <span class='ocrx_word' id='word_1_18' title='bbox 2152 442 2464 496; x_wconf 89' lang='lat' dir='ltr'><strong>humilitate</strong></span> <span class='ocrx_word' id='word_1_19' title='bbox 2514 450 2567 495; x_wconf 89' lang='lat' dir='ltr'><strong>et</strong></span> <span class='ocrx_word' id='word_1_20' title='bbox 2612 442 2665 495; x_wconf 91' lang='lat' dir='ltr'><strong>in</strong></span> <span class='ocrx_word' id='word_1_21' title='bbox 2724 441 2916 512; x_wconf 83' lang='lat' dir='ltr'><strong>majori</strong></span> <span class='ocrx_word' id='word_1_22' title='bbox 2974 440 3392 497; x_wconf 80' lang='lat' dir='ltr'><strong>exercitatione.</strong></span> 
     </span>
    </p>
   </div>
   <div class='ocr_carea' id='block_1_6' title="bbox 173 532 1706 609">
    <p class='ocr_par' dir='ltr' id='par_1_6' title="bbox 173 532 1706 609">
     <span class='ocr_line' id='line_1_6' title="bbox 173 532 1706 609; baseline -0.007 -14"><span class='ocrx_word' id='word_1_23' title='bbox 173 542 292 596; x_wconf 73' lang='grc' dir='ltr'>ὥστε</span> <span class='ocrx_word' id='word_1_24' title='bbox 342 541 432 593; x_wconf 74' lang='grc' dir='ltr'>καὶ</span> <span class='ocrx_word' id='word_1_25' title='bbox 482 540 728 609; x_wconf 80' lang='grc' dir='ltr'>χάρισμα</span> <span class='ocrx_word' id='word_1_26' title='bbox 789 540 955 607; x_wconf 83' lang='grc' dir='ltr'>αὐτὴν</span> <span class='ocrx_word' id='word_1_27' title='bbox 1012 537 1198 588; x_wconf 78' lang='grc' dir='ltr'>λαϐεῖν</span> <span class='ocrx_word' id='word_1_28' title='bbox 1251 535 1401 604; x_wconf 79' lang='grc' dir='ltr'><strong>παρὰ</strong></span> <span class='ocrx_word' id='word_1_29' title='bbox 1451 534 1542 586; x_wconf 80' lang='grc' dir='ltr'>τοῦ</span> <span class='ocrx_word' id='word_1_30' title='bbox 1574 532 1706 586; x_wconf 79' lang='grc' dir='ltr'>Θεοῦ</span> 
     </span>
    </p>
   </div>
   <div class='ocr_carea' id='block_1_7' title="bbox 180 627 1708 703">
    <p class='ocr_par' dir='ltr' id='par_1_7' title="bbox 180 627 1708 703">
     <span class='ocr_line' id='line_1_7' title="bbox 180 627 1708 703; baseline -0.005 -17"><span class='ocrx_word' id='word_1_31' title='bbox 180 633 302 687; x_wconf 81' lang='grc' dir='ltr'>κατὰ</span> <span class='ocrx_word' id='word_1_32' title='bbox 328 634 596 703; x_wconf 74' lang='grc' dir='ltr'><strong>δαιμόνων</strong></span> <span class='ocrx_word' id='word_1_33' title='bbox 616 651 627 662; x_wconf 88' lang='grc'><strong>·</strong></span> <span class='ocrx_word' id='word_1_34' title='bbox 662 629 943 702; x_wconf 63' lang='grc' dir='ltr'>ᾧτινιξγὰρ</span> <span class='ocrx_word' id='word_1_35' title='bbox 990 630 1095 681; x_wconf 82' lang='grc' dir='ltr'><strong>τῶν</strong></span> <span class='ocrx_word' id='word_1_36' title='bbox 1130 627 1502 680; x_wconf 77' lang='grc' dir='ltr'><strong>ἀσθενούντων</strong></span> <span class='ocrx_word' id='word_1_37' title='bbox 1529 629 1708 678; x_wconf 76' lang='grc' dir='ltr'>ὲπετῑ-</span> 
     </span>
    </p>
   </div>
   <div class='ocr_carea' id='block_1_8' title="bbox 175 717 1709 796">
    <p class='ocr_par' dir='ltr' id='par_1_8' title="bbox 175 717 1709 796">
     <span class='ocr_line' id='line_1_8' title="bbox 175 717 1709 796; baseline -0.008 -16"><span class='ocrx_word' id='word_1_38' title='bbox 175 729 244 780; x_wconf 87' lang='grc' dir='ltr'><strong>θει</strong></span> <span class='ocrx_word' id='word_1_39' title='bbox 267 728 351 786; x_wconf 71' lang='grc' dir='ltr'><strong>τὰς</strong></span> <span class='ocrx_word' id='word_1_40' title='bbox 380 729 587 796; x_wconf 78' lang='grc' dir='ltr'>χεῖρας,</span> <span class='ocrx_word' id='word_1_41' title='bbox 620 724 964 794; x_wconf 77' lang='grc' dir='ltr'>παραχρῆμα</span> <span class='ocrx_word' id='word_1_42' title='bbox 997 723 1135 773; x_wconf 75' lang='grc' dir='ltr'>ἰᾶτο.</span> <span class='ocrx_word' id='word_1_43' title='bbox 1169 717 1293 788; x_wconf 73' lang='grc' dir='ltr'><strong>Εἶχε</strong></span> <span class='ocrx_word' id='word_1_44' title='bbox 1340 719 1396 771; x_wconf 82' lang='grc' dir='ltr'><strong>δὲ</strong></span> <span class='ocrx_word' id='word_1_45' title='bbox 1438 719 1497 770; x_wconf 82' lang='grc' dir='ltr'><strong>τὸ</strong></span> <span class='ocrx_word' id='word_1_46' title='bbox 1531 719 1709 769; x_wconf 75' lang='grc' dir='ltr'>κοινό-</span> 
     </span>
    </p>
   </div>
   <div class='ocr_carea' id='block_1_9' title="bbox 174 808 1711 884">
    <p class='ocr_par' dir='ltr' id='par_1_9' title="bbox 174 808 1711 884">
     <span class='ocr_line' id='line_1_9' title="bbox 174 808 1711 884; baseline -0.007 -14"><span class='ocrx_word' id='word_1_47' title='bbox 174 817 273 871; x_wconf 73' lang='grc' dir='ltr'>σιον</span> <span class='ocrx_word' id='word_1_48' title='bbox 297 816 695 884; x_wconf 77' lang='grc' dir='ltr'>τεσσαράκοντα</span> <span class='ocrx_word' id='word_1_49' title='bbox 725 815 917 882; x_wconf 75' lang='grc' dir='ltr'>ἄνδρας</span> <span class='ocrx_word' id='word_1_50' title='bbox 942 813 1039 864; x_wconf 74' lang='grc' dir='ltr'><strong>σὺν</strong></span> <span class='ocrx_word' id='word_1_51' title='bbox 1063 812 1199 880; x_wconf 84' lang='grc' dir='ltr'>αὐτῇ</span> <span class='ocrx_word' id='word_1_52' title='bbox 1231 810 1420 878; x_wconf 77' lang='grc' dir='ltr'>ἁγίους</span> <span class='ocrx_word' id='word_1_53' title='bbox 1442 826 1454 837; x_wconf 92' lang='grc'><strong>·</strong></span> <span class='ocrx_word' id='word_1_54' title='bbox 1488 809 1629 860; x_wconf 77' lang='grc' dir='ltr'>κατᾶ</span> <span class='ocrx_word' id='word_1_55' title='bbox 1657 808 1711 860; x_wconf 83' lang='grc' dir='ltr'><strong>δὲ</strong></span> 
     </span>
    </p>
   </div>
   <div class='ocr_carea' id='block_1_10' title="bbox 174 901 1714 976">
    <p class='ocr_par' dir='ltr' id='par_1_10' title="bbox 174 901 1714 976">
     <span class='ocr_line' id='line_1_10' title="bbox 174 901 1714 976; baseline -0.005 -18"><span class='ocrx_word' id='word_1_56' title='bbox 174 907 301 976; x_wconf 80' lang='grc' dir='ltr'>μῆνα</span> <span class='ocrx_word' id='word_1_57' title='bbox 327 908 582 974; x_wconf 75' lang='grc' dir='ltr'>τέσσαρες</span> <span class='ocrx_word' id='word_1_58' title='bbox 642 906 748 956; x_wconf 81' lang='grc' dir='ltr'>τῶν</span> <span class='ocrx_word' id='word_1_59' title='bbox 782 903 1028 968; x_wconf 61' lang='grc' dir='ltr'>ἀδελφῶν</span> <span class='ocrx_word' id='word_1_60' title='bbox 1082 903 1472 954; x_wconf 72' lang='grc' dir='ltr'>ἀπεστέλλοντο</span> <span class='ocrx_word' id='word_1_61' title='bbox 1509 903 1588 961; x_wconf 75' lang='grc' dir='ltr'><strong>εἰς</strong></span> <span class='ocrx_word' id='word_1_62' title='bbox 1616 901 1714 960; x_wconf 71' lang='grc' dir='ltr'>τὰς</span> 
     </span>
    </p>
   </div>
   <div class='ocr_carea' id='block_1_11' title="bbox 171 993 1711 1064">
    <p class='ocr_par' dir='ltr' id='par_1_11' title="bbox 171 993 1711 1064">
     <span class='ocr_line' id='line_1_11' title="bbox 171 993 1711 1064; baseline -0.003 -16"><span class='ocrx_word' id='word_1_63' title='bbox 171 998 466 1064; x_wconf 77' lang='grc' dir='ltr'>ἀποκρίσεις</span> <span class='ocrx_word' id='word_1_64' title='bbox 508 997 598 1047; x_wconf 73' lang='grc' dir='ltr'>τοῦ</span> <span class='ocrx_word' id='word_1_65' title='bbox 645 995 1034 1062; x_wconf 79' lang='grc' dir='ltr'>μοναστηρίου,</span> <span class='ocrx_word' id='word_1_66' title='bbox 1103 994 1189 1044; x_wconf 71' lang='grc' dir='ltr'><strong>διὰ</strong></span> <span class='ocrx_word' id='word_1_67' title='bbox 1244 993 1302 1046; x_wconf 72' lang='grc' dir='ltr'><strong>τὸ</strong></span> <span class='ocrx_word' id='word_1_68' title='bbox 1331 993 1475 1059; x_wconf 77' lang='grc' dir='ltr'>ἔχειν</span> <span class='ocrx_word' id='word_1_69' title='bbox 1513 993 1711 1054; x_wconf 76' lang='grc' dir='ltr'>αὐτοὺς</span> 
     </span>
    </p>
   </div>
   <div class='ocr_carea' id='block_1_12' title="bbox 174 1078 1711 1154">
    <p class='ocr_par' dir='ltr' id='par_1_12' title="bbox 174 1078 1711 1154">
     <span class='ocr_line' id='line_1_12' title="bbox 174 1078 1711 1154; baseline -0.003 -18"><span class='ocrx_word' id='word_1_70' title='bbox 174 1087 439 1140; x_wconf 73' lang='grc' dir='ltr'>καὶᾶλλων</span> <span class='ocrx_word' id='word_1_71' title='bbox 475 1086 847 1154; x_wconf 80' lang='grc' dir='ltr'>ἀναχωρητῶν</span> <span class='ocrx_word' id='word_1_72' title='bbox 885 1087 984 1150; x_wconf 80' lang='grc' dir='ltr'>τὴν</span> <span class='ocrx_word' id='word_1_73' title='bbox 1016 1084 1293 1153; x_wconf 75' lang='grc' dir='ltr'>φροντίδα.</span> <span class='ocrx_word' id='word_1_74' title='bbox 1327 1078 1432 1137; x_wconf 78' lang='grc' dir='ltr'><strong>Ἶιν</strong></span> <span class='ocrx_word' id='word_1_75' title='bbox 1459 1083 1510 1134; x_wconf 69' lang='grc' dir='ltr'>δὲ</span> <span class='ocrx_word' id='word_1_76' title='bbox 1550 1085 1711 1149; x_wconf 81' lang='grc' dir='ltr'>μέσον</span> 
     </span>
    </p>
   </div>
   <div class='ocr_carea' id='block_1_13' title="bbox 171 1175 1720 1246">
    <p class='ocr_par' dir='ltr' id='par_1_13' title="bbox 171 1175 1720 1246">
     <span class='ocr_line' id='line_1_13' title="bbox 171 1175 1720 1246; baseline -0.003 -16"><span class='ocrx_word' id='word_1_77' title='bbox 171 1181 259 1246; x_wconf 76' lang='grc' dir='ltr'><strong>τῆς</strong></span> <span class='ocrx_word' id='word_1_78' title='bbox 289 1180 400 1230; x_wconf 77' lang='grc' dir='ltr'>ὁδοῦ</span> <span class='ocrx_word' id='word_1_79' title='bbox 439 1179 753 1245; x_wconf 75' lang='grc' dir='ltr'>πανδοχεῖον</span> <span class='ocrx_word' id='word_1_80' title='bbox 824 1179 915 1230; x_wconf 76' lang='grc' dir='ltr'>καὶ</span> <span class='ocrx_word' id='word_1_81' title='bbox 963 1178 1264 1242; x_wconf 77' lang='grc' dir='ltr'>ὑπάγοντες</span> <span class='ocrx_word' id='word_1_82' title='bbox 1312 1176 1406 1227; x_wconf 70' lang='grc' dir='ltr'>καὶ</span> <span class='ocrx_word' id='word_1_83' title='bbox 1434 1175 1720 1243; x_wconf 72' lang='grc' dir='ltr'>ἐρχόμενοι</span> 
     </span>
    </p>
   </div>
   <div class='ocr_carea' id='block_1_14' title="bbox 172 1265 1722 1336">
    <p class='ocr_par' dir='ltr' id='par_1_14' title="bbox 172 1265 1722 1336">
     <span class='ocr_line' id='line_1_14' title="bbox 172 1265 1722 1336; baseline -0.004 -14"><span class='ocrx_word' id='word_1_84' title='bbox 172 1273 214 1322; x_wconf 76' lang='grc' dir='ltr'>οἱ</span> <span class='ocrx_word' id='word_1_85' title='bbox 268 1269 470 1333; x_wconf 63' lang='grc' dir='ltr'>ἀδελφοὶ</span> <span class='ocrx_word' id='word_1_86' title='bbox 515 1269 602 1320; x_wconf 74' lang='grc' dir='ltr'><strong>διὰ</strong></span> <span class='ocrx_word' id='word_1_87' title='bbox 656 1269 716 1319; x_wconf 65' lang='grc' dir='ltr'>τὸ</span> <span class='ocrx_word' id='word_1_88' title='bbox 784 1270 996 1336; x_wconf 73' lang='grc' dir='ltr'>μακρὸν</span> <span class='ocrx_word' id='word_1_89' title='bbox 1058 1269 1156 1335; x_wconf 80' lang='grc' dir='ltr'><strong>τῆς</strong></span> <span class='ocrx_word' id='word_1_90' title='bbox 1207 1266 1330 1318; x_wconf 78' lang='grc' dir='ltr'>ὁδοῦ</span> <span class='ocrx_word' id='word_1_91' title='bbox 1384 1265 1722 1318; x_wconf 79' lang='grc' dir='ltr'>ἀνεπαύοντο</span> 
     </span>
    </p>
   </div>
   <div class='ocr_carea' id='block_1_15' title="bbox 173 1356 1721 1430">
    <p class='ocr_par' dir='ltr' id='par_1_15' title="bbox 173 1356 1721 1430">
     <span class='ocr_line' id='line_1_15' title="bbox 173 1356 1721 1430; baseline -0.001 -17"><span class='ocrx_word' id='word_1_92' title='bbox 173 1364 329 1413; x_wconf 77' lang='grc' dir='ltr'>ἐκεῖσε</span> <span class='ocrx_word' id='word_1_93' title='bbox 355 1377 369 1392; x_wconf 89' lang='grc'><strong>·</strong></span> <span class='ocrx_word' id='word_1_94' title='bbox 398 1363 456 1412; x_wconf 83' lang='grc' dir='ltr'>ὲν</span> <span class='ocrx_word' id='word_1_95' title='bbox 480 1356 559 1422; x_wconf 74' lang='grc' dir='ltr'><strong>οἷς</strong></span> <span class='ocrx_word' id='word_1_96' title='bbox 596 1362 794 1430; x_wconf 78' lang='grc' dir='ltr'>πολλὴν</span> <span class='ocrx_word' id='word_1_97' title='bbox 850 1362 1147 1420; x_wconf 63' lang='grc' dir='ltr'>θεραπείαν</span> <span class='ocrx_word' id='word_1_98' title='bbox 1183 1365 1446 1430; x_wconf 84' lang='grc' dir='ltr'>παρεῖχεν</span> <span class='ocrx_word' id='word_1_99' title='bbox 1476 1361 1661 1422; x_wconf 75' lang='grc' dir='ltr'>αὐτοῖς</span> <span class='ocrx_word' id='word_1_100' title='bbox 1693 1361 1721 1412; x_wconf 78' lang='grc' dir='ltr'><em>ὁ</em></span> 
     </span>
    </p>
   </div>
   <div class='ocr_carea' id='block_1_16' title="bbox 173 1450 1386 1521">
    <p class='ocr_par' dir='ltr' id='par_1_16' title="bbox 173 1450 1386 1521">
     <span class='ocr_line' id='line_1_16' title="bbox 173 1450 1386 1521; baseline 0.002 -20"><span class='ocrx_word' id='word_1_101' title='bbox 173 1451 374 1515; x_wconf 75' lang='grc' dir='ltr'>πάνδοξ,</span> <span class='ocrx_word' id='word_1_102' title='bbox 408 1453 800 1521; x_wconf 54' lang='grc' dir='ltr'>ὑποδεχόμενος</span> <span class='ocrx_word' id='word_1_103' title='bbox 829 1451 1025 1511; x_wconf 75' lang='grc' dir='ltr'>αὐτοὺς</span> <span class='ocrx_word' id='word_1_104' title='bbox 1061 1450 1386 1511; x_wconf 71' lang='grc' dir='ltr'>ἱδιὰζοντας.</span> 
     </span>
    </p>
   </div>
   <div class='ocr_carea' id='block_1_17' title="bbox 1814 531 3397 604">
    <p class='ocr_par' dir='ltr' id='par_1_17' title="bbox 1814 531 3397 604">
     <span class='ocr_line' id='line_1_17' title="bbox 1814 531 3397 604; baseline -0.001 -18"><span class='ocrx_word' id='word_1_105' title='bbox 1814 531 1947 586; x_wconf 89' lang='lat' dir='ltr'><strong>Cum</strong></span> <span class='ocrx_word' id='word_1_106' title='bbox 1975 548 2103 587; x_wconf 86' lang='lat' dir='ltr'><strong>vero</strong></span> <span class='ocrx_word' id='word_1_107' title='bbox 2147 533 2359 602; x_wconf 90' lang='lat' dir='ltr'><strong>aliquot</strong></span> <span class='ocrx_word' id='word_1_108' title='bbox 2386 549 2559 588; x_wconf 88' lang='lat' dir='ltr'><strong>annos</strong></span> <span class='ocrx_word' id='word_1_109' title='bbox 2602 535 2903 604; x_wconf 76' lang='lat' dir='ltr'><strong>peregisset</strong></span> <span class='ocrx_word' id='word_1_110' title='bbox 2931 535 3087 586; x_wconf 89' lang='lat' dir='ltr'><strong>beate</strong></span> <span class='ocrx_word' id='word_1_111' title='bbox 3117 534 3170 585; x_wconf 91' lang='lat' dir='ltr'><strong>in</strong></span> <span class='ocrx_word' id='word_1_112' title='bbox 3202 547 3397 584; x_wconf 90' lang='lat' dir='ltr'><strong>mona-</strong></span> 
     </span>
    </p>
   </div>
   <div class='ocr_carea' id='block_1_18' title="bbox 1817 623 3396 688">
    <p class='ocr_par' dir='ltr' id='par_1_18' title="bbox 1817 623 3396 688">
     <span class='ocr_line' id='line_1_18' title="bbox 1817 623 3396 688; baseline -0.004 -9"><span class='ocrx_word' id='word_1_113' title='bbox 1817 624 2002 688; x_wconf 84' lang='lat' dir='ltr'><strong>sterio,</strong></span> <span class='ocrx_word' id='word_1_114' title='bbox 2034 623 2420 678; x_wconf 74' lang='lat' dir='ltr'><strong>existimabant</strong></span> <span class='ocrx_word' id='word_1_115' title='bbox 2459 626 2714 678; x_wconf 84' lang='lat' dir='ltr'><strong>monachi</strong></span> <span class='ocrx_word' id='word_1_116' title='bbox 2744 640 2868 679; x_wconf 92' lang='lat' dir='ltr'><strong>eum</strong></span> <span class='ocrx_word' id='word_1_117' title='bbox 2905 640 3026 678; x_wconf 79' lang='lat' dir='ltr'><strong>esse</strong></span> <span class='ocrx_word' id='word_1_118' title='bbox 3051 623 3396 682; x_wconf 90' lang='lat' dir='ltr'><strong>eunuchum,</strong></span> 
     </span>
    </p>
   </div>
   <div class='ocr_carea' id='block_1_19' title="bbox 1819 711 3396 786">
    <p class='ocr_par' dir='ltr' id='par_1_19' title="bbox 1819 711 3396 786">
     <span class='ocr_line' id='line_1_19' title="bbox 1819 711 3396 786; baseline -0.002 -18"><span class='ocrx_word' id='word_1_119' title='bbox 1819 729 2106 786; x_wconf 89' lang='lat' dir='ltr'><strong>propterea</strong></span> <span class='ocrx_word' id='word_1_120' title='bbox 2137 718 2285 786; x_wconf 91' lang='lat' dir='ltr'><strong>quod</strong></span> <span class='ocrx_word' id='word_1_121' title='bbox 2309 729 2456 772; x_wconf 83' lang='lat' dir='ltr'><strong>esset</strong></span> <span class='ocrx_word' id='word_1_122' title='bbox 2491 717 2760 771; x_wconf 85' lang='lat' dir='ltr'><strong>imberbis</strong></span> <span class='ocrx_word' id='word_1_123' title='bbox 2792 727 2846 770; x_wconf 82' lang='lat' dir='ltr'><strong>et</strong></span> <span class='ocrx_word' id='word_1_124' title='bbox 2882 731 3013 770; x_wconf 82' lang='lat' dir='ltr'><strong>voce</strong></span> <span class='ocrx_word' id='word_1_125' title='bbox 3044 715 3256 785; x_wconf 78' lang='lat' dir='ltr'><strong>gracili.</strong></span> <span class='ocrx_word' id='word_1_126' title='bbox 3290 711 3396 767; x_wconf 83' lang='lat' dir='ltr'><strong>Alii</strong></span> 
     </span>
    </p>
   </div>
   <div class='ocr_carea' id='block_1_20' title="bbox 1816 809 3400 879">
    <p class='ocr_par' dir='ltr' id='par_1_20' title="bbox 1816 809 3400 879">
     <span class='ocr_line' id='line_1_20' title="bbox 1816 809 3400 879; baseline -0.003 -17"><span class='ocrx_word' id='word_1_127' title='bbox 1816 819 1999 863; x_wconf 87' lang='lat' dir='ltr'><strong>autem</strong></span> <span class='ocrx_word' id='word_1_128' title='bbox 2044 809 2456 869; x_wconf 75' lang='lat' dir='ltr'><strong>existimabant.</strong></span> <span class='ocrx_word' id='word_1_129' title='bbox 2508 826 2623 879; x_wconf 77' lang='lat' dir='ltr'><strong>pne</strong></span> <span class='ocrx_word' id='word_1_130' title='bbox 2676 809 2843 863; x_wconf 88' lang='lat' dir='ltr'><strong>nimia</strong></span> <span class='ocrx_word' id='word_1_131' title='bbox 2890 809 3302 869; x_wconf 79' lang='lat' dir='ltr'><strong>exercitatione,</strong></span> <span class='ocrx_word' id='word_1_132' title='bbox 3343 814 3400 858; x_wconf 84' lang='lat' dir='ltr'><strong>et</strong></span> 
     </span>
    </p>
   </div>
   <div class='ocr_carea' id='block_1_21' title="bbox 1817 900 3390 969">
    <p class='ocr_par' dir='ltr' id='par_1_21' title="bbox 1817 900 3390 969">
     <span class='ocr_line' id='line_1_21' title="bbox 1817 900 3390 969; baseline -0.003 -16"><span class='ocrx_word' id='word_1_133' title='bbox 1817 900 1961 968; x_wconf 89' lang='lat' dir='ltr'><strong>quod</strong></span> <span class='ocrx_word' id='word_1_134' title='bbox 1997 903 2172 959; x_wconf 90' lang='lat' dir='ltr'><strong>solum</strong></span> <span class='ocrx_word' id='word_1_135' title='bbox 2215 902 2458 954; x_wconf 88' lang='lat' dir='ltr'><strong>secundo</strong></span> <span class='ocrx_word' id='word_1_136' title='bbox 2503 917 2722 969; x_wconf 90' lang='lat' dir='ltr'><strong>quoque</strong></span> <span class='ocrx_word' id='word_1_137' title='bbox 2775 901 2864 953; x_wconf 91' lang='lat' dir='ltr'><strong>die</strong></span> <span class='ocrx_word' id='word_1_138' title='bbox 2895 902 3230 958; x_wconf 85' lang='lat' dir='ltr'><strong>comederet,</strong></span> <span class='ocrx_word' id='word_1_139' title='bbox 3261 911 3390 951; x_wconf 90' lang='lat' dir='ltr'><strong>eum</strong></span> 
     </span>
    </p>
   </div>
   <div class='ocr_carea' id='block_1_22' title="bbox 1815 993 3400 1060">
    <p class='ocr_par' dir='ltr' id='par_1_22' title="bbox 1815 993 3400 1060">
     <span class='ocr_line' id='line_1_22' title="bbox 1815 993 3400 1060; baseline -0.004 -14"><span class='ocrx_word' id='word_1_140' title='bbox 1815 1009 1933 1046; x_wconf 86' lang='lat' dir='ltr'><strong>esse</strong></span> <span class='ocrx_word' id='word_1_141' title='bbox 1964 1008 2094 1046; x_wconf 87' lang='lat' dir='ltr'><strong>voce</strong></span> <span class='ocrx_word' id='word_1_142' title='bbox 2120 993 2256 1046; x_wconf 89' lang='lat' dir='ltr'><strong>adeo</strong></span> <span class='ocrx_word' id='word_1_143' title='bbox 2284 995 2457 1046; x_wconf 84' lang='lat' dir='ltr'><strong>tenui.</strong></span> <span class='ocrx_word' id='word_1_144' title='bbox 2478 995 2670 1060; x_wconf 82' lang='lat' dir='ltr'><strong>Aliquo</strong></span> <span class='ocrx_word' id='word_1_145' title='bbox 2695 1008 2824 1047; x_wconf 87' lang='lat' dir='ltr'><strong>vero</strong></span> <span class='ocrx_word' id='word_1_146' title='bbox 2850 1001 2973 1060; x_wconf 79' lang='lat' dir='ltr'><strong>post</strong></span> <span class='ocrx_word' id='word_1_147' title='bbox 3003 1003 3247 1058; x_wconf 76' lang='lat' dir='ltr'><strong>tempore</strong></span> <span class='ocrx_word' id='word_1_148' title='bbox 3270 1004 3400 1042; x_wconf 86' lang='lat' dir='ltr'><strong>con-</strong></span> 
     </span>
    </p>
   </div>
   <div class='ocr_carea' id='block_1_23' title="bbox 1821 1085 3400 1152">
    <p class='ocr_par' dir='ltr' id='par_1_23' title="bbox 1821 1085 3400 1152">
     <span class='ocr_line' id='line_1_23' title="bbox 1821 1085 3400 1152; baseline 0.001 -17"><span class='ocrx_word' id='word_1_149' title='bbox 1821 1085 1939 1152; x_wconf 85' lang='lat' dir='ltr'><strong>tigit</strong></span> <span class='ocrx_word' id='word_1_150' title='bbox 1981 1085 2102 1152; x_wconf 84' lang='lat' dir='ltr'><strong>ejus</strong></span> <span class='ocrx_word' id='word_1_151' title='bbox 2137 1096 2347 1152; x_wconf 85' lang='lat' dir='ltr'><strong>patrem</strong></span> <span class='ocrx_word' id='word_1_152' title='bbox 2397 1085 2667 1139; x_wconf 89' lang='lat' dir='ltr'><strong>decedere</strong></span> <span class='ocrx_word' id='word_1_153' title='bbox 2709 1102 2724 1138; x_wconf 74' lang='grc' dir='ltr'><strong>ε</strong></span> <span class='ocrx_word' id='word_1_154' title='bbox 2758 1087 3160 1138; x_wconf 81' lang='lat' dir='ltr'><strong>incrementum</strong></span> <span class='ocrx_word' id='word_1_155' title='bbox 3215 1090 3400 1134; x_wconf 84' lang='lat' dir='ltr'><strong>autem</strong></span> 
     </span>
    </p>
   </div>
   <div class='ocr_carea' id='block_1_24' title="bbox 1819 1171 3396 1243">
    <p class='ocr_par' dir='ltr' id='par_1_24' title="bbox 1819 1171 3396 1243">
     <span class='ocr_line' id='line_1_24' title="bbox 1819 1171 3396 1243; baseline -0.002 -17"><span class='ocrx_word' id='word_1_156' title='bbox 1819 1175 2032 1243; x_wconf 80' lang='lat' dir='ltr'><strong>accepit</strong></span> <span class='ocrx_word' id='word_1_157' title='bbox 2061 1176 2179 1243; x_wconf 83' lang='lat' dir='ltr'><strong>ejus</strong></span> <span class='ocrx_word' id='word_1_158' title='bbox 2224 1177 2571 1238; x_wconf 81' lang='lat' dir='ltr'><strong>exercitatio,</strong></span> <span class='ocrx_word' id='word_1_159' title='bbox 2605 1176 2922 1230; x_wconf 88' lang='lat' dir='ltr'><strong>obedientia</strong></span> <span class='ocrx_word' id='word_1_160' title='bbox 2964 1181 3021 1227; x_wconf 90' lang='lat' dir='ltr'><strong>et</strong></span> <span class='ocrx_word' id='word_1_161' title='bbox 3073 1171 3396 1235; x_wconf 80' lang='lat' dir='ltr'><strong>humilitas;</strong></span> 
     </span>
    </p>
   </div>
   <div class='ocr_carea' id='block_1_25' title="bbox 1819 1265 3400 1334">
    <p class='ocr_par' dir='ltr' id='par_1_25' title="bbox 1819 1265 3400 1334">
     <span class='ocr_line' id='line_1_25' title="bbox 1819 1265 3400 1334; baseline -0.004 -14"><span class='ocrx_word' id='word_1_162' title='bbox 1819 1266 1957 1320; x_wconf 90' lang='lat' dir='ltr'><strong>adeo</strong></span> <span class='ocrx_word' id='word_1_163' title='bbox 2009 1275 2068 1318; x_wconf 93' lang='lat' dir='ltr'><strong>ut</strong></span> <span class='ocrx_word' id='word_1_164' title='bbox 2113 1269 2227 1333; x_wconf 81' lang='lat' dir='ltr'><strong>ipsa</strong></span> <span class='ocrx_word' id='word_1_165' title='bbox 2262 1282 2484 1334; x_wconf 90' lang='lat' dir='ltr'><strong>quoque</strong></span> <span class='ocrx_word' id='word_1_166' title='bbox 2518 1267 2722 1320; x_wconf 90' lang='lat' dir='ltr'><strong>donum</strong></span> <span class='ocrx_word' id='word_1_167' title='bbox 2771 1267 2868 1321; x_wconf 83' lang='lat' dir='ltr'><strong>Dei</strong></span> <span class='ocrx_word' id='word_1_168' title='bbox 2905 1265 3179 1334; x_wconf 89' lang='lat' dir='ltr'><strong>acceperit</strong></span> <span class='ocrx_word' id='word_1_169' title='bbox 3209 1271 3400 1314; x_wconf 82' lang='lat' dir='ltr'><strong>contra</strong></span> 
     </span>
    </p>
   </div>
   <div class='ocr_carea' id='block_1_26' title="bbox 1820 1355 3400 1427">
    <p class='ocr_par' dir='ltr' id='par_1_26' title="bbox 1820 1355 3400 1427">
     <span class='ocr_line' id='line_1_26' title="bbox 1820 1355 3400 1427; baseline -0.003 -16"><span class='ocrx_word' id='word_1_170' title='bbox 1820 1358 2113 1413; x_wconf 67' lang='lat' dir='ltr'><strong>daemones.</strong></span> <span class='ocrx_word' id='word_1_171' title='bbox 2143 1359 2600 1427; x_wconf 88' lang='lat' dir='ltr'><strong>Uuumquemque</strong></span> <span class='ocrx_word' id='word_1_172' title='bbox 2631 1361 2779 1413; x_wconf 88' lang='lat' dir='ltr'><strong>enim</strong></span> <span class='ocrx_word' id='word_1_173' title='bbox 2815 1375 3010 1413; x_wconf 88' lang='lat' dir='ltr'><strong>eorum</strong></span> <span class='ocrx_word' id='word_1_174' title='bbox 3041 1358 3138 1427; x_wconf 91' lang='lat' dir='ltr'><strong>qui</strong></span> <span class='ocrx_word' id='word_1_175' title='bbox 3178 1355 3400 1409; x_wconf 86' lang='lat' dir='ltr'><strong>labora-</strong></span> 
     </span>
    </p>
   </div>
   <div class='ocr_carea' id='block_1_27' title="bbox 1820 1453 3398 1531">
    <p class='ocr_par' dir='ltr' id='par_1_27' title="bbox 1820 1453 3398 1531">
     <span class='ocr_line' id='line_1_27' title="bbox 1820 1453 3398 1531; baseline -0.002 -25"><span class='ocrx_word' id='word_1_176' title='bbox 1820 1453 1954 1506; x_wconf 83' lang='lat' dir='ltr'><strong>bant</strong></span> <span class='ocrx_word' id='word_1_177' title='bbox 1988 1463 2044 1505; x_wconf 91' lang='lat' dir='ltr'><strong>et</strong></span> <span class='ocrx_word' id='word_1_178' title='bbox 2071 1455 2425 1515; x_wconf 82' lang='lat' dir='ltr'><strong>vexabantur,</strong></span> <span class='ocrx_word' id='word_1_179' title='bbox 2463 1470 2661 1510; x_wconf 87' lang='lat' dir='ltr'><strong>manus</strong></span> <span class='ocrx_word' id='word_1_180' title='bbox 2693 1456 2772 1508; x_wconf 91' lang='lat' dir='ltr'><strong>eis</strong></span> <span class='ocrx_word' id='word_1_181' title='bbox 2808 1455 3095 1523; x_wconf 85' lang='lat' dir='ltr'><strong>imponens</strong></span> <span class='ocrx_word' id='word_1_182' title='bbox 3124 1465 3180 1507; x_wconf 89' lang='lat' dir='ltr'><strong>ct</strong></span> <span class='ocrx_word' id='word_1_183' title='bbox 3212 1467 3398 1531; x_wconf 52' lang='lat' dir='ltr'><strong>orans.</strong></span> 
     </span>
    </p>
   </div>
   <div class='ocr_carea' id='block_1_28' title="bbox 167 1542 3393 1614">
    <p class='ocr_par' dir='ltr' id='par_1_28' title="bbox 167 1542 3393 1614">
     <span class='ocr_line' id='line_1_28' title="bbox 167 1542 3393 1614; baseline 0 -17"><span class='ocrx_word' id='word_1_184' title='bbox 167 1545 379 1598; x_wconf 87' lang='lat' dir='ltr'><strong>curabat</strong></span> <span class='ocrx_word' id='word_1_185' title='bbox 411 1547 680 1614; x_wconf 77' lang='lat' dir='ltr'><strong>protinus.</strong></span> <span class='ocrx_word' id='word_1_186' title='bbox 716 1546 964 1599; x_wconf 82' lang='lat' dir='ltr'><strong>Habebat</strong></span> <span class='ocrx_word' id='word_1_187' title='bbox 1012 1554 1193 1598; x_wconf 90' lang='lat' dir='ltr'><strong>autem</strong></span> <span class='ocrx_word' id='word_1_188' title='bbox 1244 1543 1376 1596; x_wconf 90' lang='lat' dir='ltr'><strong>illud</strong></span> <span class='ocrx_word' id='word_1_189' title='bbox 1441 1542 1754 1597; x_wconf 78' lang='lat' dir='ltr'><strong>coenobium</strong></span> <span class='ocrx_word' id='word_1_190' title='bbox 1797 1545 2158 1612; x_wconf 82' lang='lat' dir='ltr'><strong>quadraginta</strong></span> <span class='ocrx_word' id='word_1_191' title='bbox 2208 1549 2359 1601; x_wconf 85' lang='lat' dir='ltr'><strong>viros</strong></span> <span class='ocrx_word' id='word_1_192' title='bbox 2405 1549 2552 1601; x_wconf 89' lang='lat' dir='ltr'><strong>omni</strong></span> <span class='ocrx_word' id='word_1_193' title='bbox 2603 1548 2806 1601; x_wconf 87' lang='lat' dir='ltr'><strong>virtute</strong></span> <span class='ocrx_word' id='word_1_194' title='bbox 2837 1556 2893 1600; x_wconf 90' lang='lat' dir='ltr'><strong>et</strong></span> <span class='ocrx_word' id='word_1_195' title='bbox 2921 1545 3188 1614; x_wconf 89' lang='lat' dir='ltr'><strong>sapientia</strong></span> <span class='ocrx_word' id='word_1_196' title='bbox 3225 1556 3393 1598; x_wconf 76' lang='lat' dir='ltr'><strong>emr-</strong></span> 
     </span>
    </p>
   </div>
   <div class='ocr_carea' id='block_1_29' title="bbox 170 1635 3399 1712">
    <p class='ocr_par' dir='ltr' id='par_1_29' title="bbox 170 1635 3399 1712">
     <span class='ocr_line' id='line_1_29' title="bbox 170 1635 3399 1712; baseline 0 -22"><span class='ocrx_word' id='word_1_197' title='bbox 170 1647 330 1691; x_wconf 85' lang='lat' dir='ltr'><strong>natos.</strong></span> <span class='ocrx_word' id='word_1_198' title='bbox 369 1638 608 1708; x_wconf 76' lang='lat' dir='ltr'><strong>Singulis</strong></span> <span class='ocrx_word' id='word_1_199' title='bbox 648 1656 776 1693; x_wconf 89' lang='lat' dir='ltr'><strong>vero</strong></span> <span class='ocrx_word' id='word_1_200' title='bbox 829 1641 1114 1694; x_wconf 88' lang='lat' dir='ltr'><strong>mensibus</strong></span> <span class='ocrx_word' id='word_1_201' title='bbox 1145 1641 1504 1695; x_wconf 85' lang='lat' dir='ltr'><strong>mittebantur</strong></span> <span class='ocrx_word' id='word_1_202' title='bbox 1555 1652 1791 1710; x_wconf 86' lang='lat' dir='ltr'><strong>quatuor</strong></span> <span class='ocrx_word' id='word_1_203' title='bbox 1824 1643 2081 1696; x_wconf 84' lang='lat' dir='ltr'><strong>monachi</strong></span> <span class='ocrx_word' id='word_1_204' title='bbox 2127 1643 2193 1696; x_wconf 88' lang='lat' dir='ltr'><strong>ad</strong></span> <span class='ocrx_word' id='word_1_205' title='bbox 2243 1660 2502 1710; x_wconf 83' lang='lat' dir='ltr'><strong>responsa</strong></span> <span class='ocrx_word' id='word_1_206' title='bbox 2552 1643 2892 1706; x_wconf 89' lang='lat' dir='ltr'><strong>monasterii,</strong></span> <span class='ocrx_word' id='word_1_207' title='bbox 2923 1655 3212 1712; x_wconf 75' lang='lat' dir='ltr'><strong>propterea</strong></span> <span class='ocrx_word' id='word_1_208' title='bbox 3249 1635 3399 1706; x_wconf 84' lang='lat' dir='ltr'><strong>quod</strong></span> 
     </span>
    </p>
   </div>
   <div class='ocr_carea' id='block_1_30' title="bbox 172 1731 3393 1802">
    <p class='ocr_par' dir='ltr' id='par_1_30' title="bbox 172 1731 3393 1802">
     <span class='ocr_line' id='line_1_30' title="bbox 172 1731 3393 1802; baseline 0.002 -20"><span class='ocrx_word' id='word_1_209' title='bbox 172 1731 265 1798; x_wconf 89' lang='lat' dir='ltr'><strong>ipsi</strong></span> <span class='ocrx_word' id='word_1_210' title='bbox 292 1731 552 1785; x_wconf 86' lang='lat' dir='ltr'><strong>haberent</strong></span> <span class='ocrx_word' id='word_1_211' title='bbox 579 1734 632 1785; x_wconf 91' lang='lat' dir='ltr'><strong>in</strong></span> <span class='ocrx_word' id='word_1_212' title='bbox 678 1733 801 1786; x_wconf 83' lang='lat' dir='ltr'><strong>aliis</strong></span> <span class='ocrx_word' id='word_1_213' title='bbox 832 1750 1050 1802; x_wconf 88' lang='lat' dir='ltr'><strong>quoque</strong></span> <span class='ocrx_word' id='word_1_214' title='bbox 1096 1734 1232 1787; x_wconf 89' lang='lat' dir='ltr'><strong>locis</strong></span> <span class='ocrx_word' id='word_1_215' title='bbox 1266 1735 1510 1789; x_wconf 88' lang='lat' dir='ltr'><strong>diversas</strong></span> <span class='ocrx_word' id='word_1_216' title='bbox 1541 1735 1931 1802; x_wconf 79' lang='lat' dir='ltr'><strong>possessiones.</strong></span> <span class='ocrx_word' id='word_1_217' title='bbox 1967 1735 2092 1789; x_wconf 83' lang='lat' dir='ltr'><strong>Erat</strong></span> <span class='ocrx_word' id='word_1_218' title='bbox 2132 1743 2311 1788; x_wconf 89' lang='lat' dir='ltr'><strong>autem</strong></span> <span class='ocrx_word' id='word_1_219' title='bbox 2347 1737 2399 1790; x_wconf 89' lang='lat' dir='ltr'><strong>in</strong></span> <span class='ocrx_word' id='word_1_220' title='bbox 2446 1737 2623 1790; x_wconf 88' lang='lat' dir='ltr'><strong>media</strong></span> <span class='ocrx_word' id='word_1_221' title='bbox 2660 1739 2744 1790; x_wconf 87' lang='lat' dir='ltr'><strong>via</strong></span> <span class='ocrx_word' id='word_1_222' title='bbox 2776 1737 3162 1797; x_wconf 77' lang='lat' dir='ltr'><strong>diversorium,</strong></span> <span class='ocrx_word' id='word_1_223' title='bbox 3203 1745 3258 1789; x_wconf 88' lang='lat' dir='ltr'><strong>et</strong></span> <span class='ocrx_word' id='word_1_224' title='bbox 3297 1731 3393 1802; x_wconf 85' lang='lat' dir='ltr'><strong>qui</strong></span> 
     </span>
    </p>
   </div>
   <div class='ocr_carea' id='block_1_31' title="bbox 169 1823 3404 1897">
    <p class='ocr_par' dir='ltr' id='par_1_31' title="bbox 169 1823 3404 1897">
     <span class='ocr_line' id='line_1_31' title="bbox 169 1823 3404 1897; baseline 0.001 -22"><span class='ocrx_word' id='word_1_225' title='bbox 169 1823 383 1875; x_wconf 87' lang='lat' dir='ltr'><strong>ibautet</strong></span> <span class='ocrx_word' id='word_1_226' title='bbox 417 1824 730 1884; x_wconf 81' lang='lat' dir='ltr'><strong>veniebant,</strong></span> <span class='ocrx_word' id='word_1_227' title='bbox 761 1835 983 1893; x_wconf 84' lang='lat' dir='ltr'><strong>propter</strong></span> <span class='ocrx_word' id='word_1_228' title='bbox 1016 1827 1233 1880; x_wconf 88' lang='lat' dir='ltr'><strong>itineris</strong></span> <span class='ocrx_word' id='word_1_229' title='bbox 1277 1827 1673 1894; x_wconf 79' lang='lat' dir='ltr'><strong>longitudinem</strong></span> <span class='ocrx_word' id='word_1_230' title='bbox 1724 1827 1837 1880; x_wconf 91' lang='lat' dir='ltr'><strong>illic</strong></span> <span class='ocrx_word' id='word_1_231' title='bbox 1870 1828 2312 1897; x_wconf 80' lang='lat' dir='ltr'><strong>requiescebant.</strong></span> <span class='ocrx_word' id='word_1_232' title='bbox 2356 1829 2502 1883; x_wconf 87' lang='lat' dir='ltr'><strong>Inter</strong></span> <span class='ocrx_word' id='word_1_233' title='bbox 2543 1838 2774 1883; x_wconf 68' lang='lat' dir='ltr'><strong>caeteros</strong></span> <span class='ocrx_word' id='word_1_234' title='bbox 2806 1838 2987 1883; x_wconf 87' lang='lat' dir='ltr'><strong>autem</strong></span> <span class='ocrx_word' id='word_1_235' title='bbox 3025 1841 3276 1893; x_wconf 80' lang='lat' dir='ltr'><strong>magnam</strong></span> <span class='ocrx_word' id='word_1_236' title='bbox 3307 1839 3404 1879; x_wconf 59' lang='lat' dir='ltr'><strong>eo.</strong></span> 
     </span>
    </p>
   </div>
   <div class='ocr_carea' id='block_1_32' title="bbox 169 1919 3406 1992">
    <p class='ocr_par' dir='ltr' id='par_1_32' title="bbox 169 1919 3406 1992">
     <span class='ocr_line' id='line_1_32' title="bbox 169 1919 3406 1992; baseline 0.001 -22"><span class='ocrx_word' id='word_1_237' title='bbox 169 1933 281 1971; x_wconf 86' lang='lat' dir='ltr'><strong>rum</strong></span> <span class='ocrx_word' id='word_1_238' title='bbox 316 1934 498 1971; x_wconf 90' lang='lat' dir='ltr'><strong>curam</strong></span> <span class='ocrx_word' id='word_1_239' title='bbox 526 1920 749 1988; x_wconf 78' lang='lat' dir='ltr'><strong>gerebat</strong></span> <span class='ocrx_word' id='word_1_240' title='bbox 788 1919 852 1977; x_wconf 88' lang='lat' dir='ltr'><strong>is.</strong></span> <span class='ocrx_word' id='word_1_241' title='bbox 890 1920 982 1986; x_wconf 89' lang='lat' dir='ltr'><strong>qui</strong></span> <span class='ocrx_word' id='word_1_242' title='bbox 1025 1930 1252 1988; x_wconf 51' lang='lat' dir='ltr'><strong>praerat</strong></span> <span class='ocrx_word' id='word_1_243' title='bbox 1285 1921 1612 1984; x_wconf 85' lang='lat' dir='ltr'><strong>diversorio,</strong></span> <span class='ocrx_word' id='word_1_244' title='bbox 1655 1925 1765 1974; x_wconf 88' lang='lat' dir='ltr'><strong>eos&#39;</strong></span> <span class='ocrx_word' id='word_1_245' title='bbox 1795 1938 2042 1976; x_wconf 85' lang='lat' dir='ltr'><strong>seorsum</strong></span> <span class='ocrx_word' id='word_1_246' title='bbox 2083 1925 2380 1992; x_wconf 83' lang='lat' dir='ltr'><strong>accipiens.</strong></span> <span class='ocrx_word' id='word_1_247' title='bbox 2416 1925 2640 1978; x_wconf 84' lang='lat' dir='ltr'><strong>Invidus</strong></span> <span class='ocrx_word' id='word_1_248' title='bbox 2672 1938 2799 1976; x_wconf 86' lang='lat' dir='ltr'><strong>vero</strong></span> <span class='ocrx_word' id='word_1_249' title='bbox 2826 1933 2881 1976; x_wconf 90' lang='lat' dir='ltr'><strong>et</strong></span> <span class='ocrx_word' id='word_1_250' title='bbox 2913 1923 3182 1991; x_wconf 73' lang='lat' dir='ltr'><strong>malignus</strong></span> <span class='ocrx_word' id='word_1_251' title='bbox 3209 1921 3406 1973; x_wconf 85' lang='lat' dir='ltr'><strong>diabo-</strong></span> 
     </span>
    </p>
   </div>
   <div class='ocr_carea' id='block_1_33' title="bbox 168 2011 3399 2084">
    <p class='ocr_par' dir='ltr' id='par_1_33' title="bbox 168 2011 3399 2084">
     <span class='ocr_line' id='line_1_33' title="bbox 168 2011 3399 2084; baseline 0.001 -20"><span class='ocrx_word' id='word_1_252' title='bbox 168 2012 267 2075; x_wconf 88' lang='lat' dir='ltr'><strong>lus,</strong></span> <span class='ocrx_word' id='word_1_253' title='bbox 300 2014 383 2080; x_wconf 90' lang='lat' dir='ltr'><strong>qui</strong></span> <span class='ocrx_word' id='word_1_254' title='bbox 414 2011 576 2063; x_wconf 87' lang='lat' dir='ltr'><strong>rebus</strong></span> <span class='ocrx_word' id='word_1_255' title='bbox 609 2011 762 2064; x_wconf 88' lang='lat' dir='ltr'><strong>bonis</strong></span> <span class='ocrx_word' id='word_1_256' title='bbox 809 2025 1027 2078; x_wconf 83' lang='lat' dir='ltr'><strong>semper</strong></span> <span class='ocrx_word' id='word_1_257' title='bbox 1088 2012 1314 2074; x_wconf 80' lang='lat' dir='ltr'><strong>invidet,</strong></span> <span class='ocrx_word' id='word_1_258' title='bbox 1355 2013 1494 2065; x_wconf 86' lang='lat' dir='ltr'><strong>mala</strong></span> <span class='ocrx_word' id='word_1_259' title='bbox 1544 2023 1726 2064; x_wconf 88' lang='lat' dir='ltr'><strong>autem</strong></span> <span class='ocrx_word' id='word_1_260' title='bbox 1775 2013 1840 2065; x_wconf 88' lang='lat' dir='ltr'><strong>ad</strong></span> <span class='ocrx_word' id='word_1_261' title='bbox 1895 2029 1952 2066; x_wconf 89' lang='lat' dir='ltr'><strong>se</strong></span> <span class='ocrx_word' id='word_1_262' title='bbox 1992 2015 2239 2078; x_wconf 82' lang='lat' dir='ltr'><strong>attrahit,</strong></span> <span class='ocrx_word' id='word_1_263' title='bbox 2271 2031 2416 2081; x_wconf 65' lang='grc' dir='ltr'>ξρετε</span> <span class='ocrx_word' id='word_1_264' title='bbox 2469 2017 2652 2069; x_wconf 85' lang='lat' dir='ltr'><strong>ferens</strong></span> <span class='ocrx_word' id='word_1_265' title='bbox 2700 2017 2862 2084; x_wconf 88' lang='lat' dir='ltr'><strong>hujus</strong></span> <span class='ocrx_word' id='word_1_266' title='bbox 2915 2016 3088 2069; x_wconf 74' lang='lat' dir='ltr'><strong>beata:</strong></span> <span class='ocrx_word' id='word_1_267' title='bbox 3136 2015 3190 2067; x_wconf 90' lang='lat' dir='ltr'><strong>in</strong></span> <span class='ocrx_word' id='word_1_268' title='bbox 3227 2014 3399 2068; x_wconf 88' lang='lat' dir='ltr'><strong>Deum</strong></span> 
     </span>
    </p>
   </div>
   <div class='ocr_carea' id='block_1_34' title="bbox 168 2102 3407 2174">
    <p class='ocr_par' dir='ltr' id='par_1_34' title="bbox 168 2102 3407 2174">
     <span class='ocr_line' id='line_1_34' title="bbox 168 2102 3407 2174; baseline 0.001 -18"><span class='ocrx_word' id='word_1_269' title='bbox 168 2119 417 2162; x_wconf 86' lang='lat' dir='ltr'><strong>amorem,</strong></span> <span class='ocrx_word' id='word_1_270' title='bbox 453 2102 978 2172; x_wconf 74' lang='lat' dir='ltr'><strong>pulcherrimumque</strong></span> <span class='ocrx_word' id='word_1_271' title='bbox 997 2114 1052 2159; x_wconf 91' lang='lat' dir='ltr'><strong>et</strong></span> <span class='ocrx_word' id='word_1_272' title='bbox 1081 2102 1518 2158; x_wconf 77' lang='lat' dir='ltr'><strong>honestissimam</strong></span> <span class='ocrx_word' id='word_1_273' title='bbox 1544 2104 1759 2158; x_wconf 82' lang='lat' dir='ltr'><strong>vivendi</strong></span> <span class='ocrx_word' id='word_1_274' title='bbox 1801 2105 2088 2171; x_wconf 88' lang='lat' dir='ltr'><strong>rationem,</strong></span> <span class='ocrx_word' id='word_1_275' title='bbox 2117 2105 2329 2160; x_wconf 87' lang='lat' dir='ltr'><strong>studuit</strong></span> <span class='ocrx_word' id='word_1_276' title='bbox 2365 2106 2760 2174; x_wconf 82' lang='lat' dir='ltr'><strong>aliquantulam</strong></span> <span class='ocrx_word' id='word_1_277' title='bbox 2797 2107 2846 2159; x_wconf 86' lang='lat' dir='ltr'><strong>ei</strong></span> <span class='ocrx_word' id='word_1_278' title='bbox 2893 2106 3069 2159; x_wconf 84' lang='lat' dir='ltr'><strong>labem</strong></span> <span class='ocrx_word' id='word_1_279' title='bbox 3095 2107 3322 2160; x_wconf 88' lang='lat' dir='ltr'><strong>inurere</strong></span> <span class='ocrx_word' id='word_1_280' title='bbox 3347 2113 3407 2160; x_wconf 86' lang='lat' dir='ltr'><strong>et</strong></span> 
     </span>
    </p>
   </div>
   <div class='ocr_carea' id='block_1_35' title="bbox 164 2196 579 2263">
    <p class='ocr_par' dir='ltr' id='par_1_35' title="bbox 164 2196 579 2263">
     <span class='ocr_line' id='line_1_35' title="bbox 164 2196 579 2263; baseline -0.012 -12"><span class='ocrx_word' id='word_1_281' title='bbox 164 2213 283 2251; x_wconf 81' lang='lat' dir='ltr'><strong>eam</strong></span> <span class='ocrx_word' id='word_1_282' title='bbox 324 2196 579 2263; x_wconf 82' lang='lat' dir='ltr'><strong>atliigere.</strong></span> 
     </span>
    </p>
   </div>
   <div class='ocr_carea' id='block_1_36' title="bbox 235 2303 1809 2385">
    <p class='ocr_par' dir='ltr' id='par_1_36' title="bbox 235 2303 1809 2385">
     <span class='ocr_line' id='line_1_36' title="bbox 235 2303 1809 2385; baseline 0.006 -25"><span class='ocrx_word' id='word_1_283' title='bbox 235 2310 306 2362; x_wconf 79' lang='lat' dir='ltr'><strong>I&quot;.</strong></span> <span class='ocrx_word' id='word_1_284' title='bbox 358 2308 446 2359; x_wconf 88' lang='grc' dir='ltr'>Ἐν</span> <span class='ocrx_word' id='word_1_285' title='bbox 481 2310 578 2378; x_wconf 75' lang='grc' dir='ltr'><strong>μιᾷ</strong></span> <span class='ocrx_word' id='word_1_286' title='bbox 607 2303 699 2360; x_wconf 74' lang='grc' dir='ltr'><strong>οὖν</strong></span> <span class='ocrx_word' id='word_1_287' title='bbox 731 2309 838 2363; x_wconf 80' lang='grc' dir='ltr'><strong>τῶν</strong></span> <span class='ocrx_word' id='word_1_288' title='bbox 890 2313 1114 2382; x_wconf 79' lang='grc' dir='ltr'>ἡμερῶν</span> <span class='ocrx_word' id='word_1_289' title='bbox 1164 2315 1681 2385; x_wconf 74' lang='grc' dir='ltr'>προσκαλεσάμενος</span> <span class='ocrx_word' id='word_1_290' title='bbox 1710 2319 1735 2369; x_wconf 84' lang='lat'><strong>6</strong></span> <span class='ocrx_word' id='word_1_291' title='bbox 1770 2327 1809 2378; x_wconf 82' lang='grc' dir='ltr'><strong><em>Β</em></strong></span> 
     </span>
    </p>
   </div>
   <div class='ocr_carea' id='block_1_37' title="bbox 167 2399 1730 2475">
    <p class='ocr_par' dir='ltr' id='par_1_37' title="bbox 167 2399 1730 2475">
     <span class='ocr_line' id='line_1_37' title="bbox 167 2399 1730 2475; baseline 0.006 -24"><span class='ocrx_word' id='word_1_292' title='bbox 167 2399 462 2468; x_wconf 71' lang='grc' dir='ltr'>ἡγούμενος</span> <span class='ocrx_word' id='word_1_293' title='bbox 488 2401 579 2452; x_wconf 80' lang='grc' dir='ltr'><strong>τὸν</strong></span> <span class='ocrx_word' id='word_1_294' title='bbox 609 2401 786 2455; x_wconf 66' lang='grc' dir='ltr'>ἀὸὗᾶν</span> <span class='ocrx_word' id='word_1_295' title='bbox 814 2405 1059 2470; x_wconf 75' lang='grc' dir='ltr'>Μαρῖνον</span> <span class='ocrx_word' id='word_1_296' title='bbox 1081 2405 1228 2470; x_wconf 78' lang='grc' dir='ltr'>λέγει</span> <span class='ocrx_word' id='word_1_297' title='bbox 1270 2407 1415 2473; x_wconf 81' lang='grc' dir='ltr'>αύτῷ</span> <span class='ocrx_word' id='word_1_298' title='bbox 1437 2424 1450 2437; x_wconf 82' lang='grc'><strong><em>⁸</em></strong></span> <span class='ocrx_word' id='word_1_299' title='bbox 1487 2408 1730 2475; x_wconf 73' lang='grc' dir='ltr'><strong>Ἀδελφὲ,</strong></span> 
     </span>
    </p>
   </div>
   <div class='ocr_carea' id='block_1_38' title="bbox 167 2493 1732 2566">
    <p class='ocr_par' dir='ltr' id='par_1_38' title="bbox 167 2493 1732 2566">
     <span class='ocr_line' id='line_1_38' title="bbox 167 2493 1732 2566; baseline 0.004 -21"><span class='ocrx_word' id='word_1_300' title='bbox 167 2493 462 2562; x_wconf 75' lang='grc' dir='ltr'>ἐπίσταμαί</span> <span class='ocrx_word' id='word_1_301' title='bbox 484 2510 572 2545; x_wconf 89' lang='grc' dir='ltr'><strong>σου</strong></span> <span class='ocrx_word' id='word_1_302' title='bbox 604 2493 698 2563; x_wconf 76' lang='grc' dir='ltr'><strong>τὴν</strong></span> <span class='ocrx_word' id='word_1_303' title='bbox 727 2494 1000 2544; x_wconf 82' lang='grc' dir='ltr'>πολιτείαν</span> <span class='ocrx_word' id='word_1_304' title='bbox 1024 2496 1194 2546; x_wconf 76' lang='grc' dir='ltr'>καὶτὸ</span> <span class='ocrx_word' id='word_1_305' title='bbox 1215 2514 1278 2546; x_wconf 88' lang='grc' dir='ltr'><strong>πε</strong></span> <span class='ocrx_word' id='word_1_306' title='bbox 1291 2498 1341 2566; x_wconf 62' lang='lat' dir='ltr'><strong>pi.</strong></span> <span class='ocrx_word' id='word_1_307' title='bbox 1365 2497 1460 2565; x_wconf 78' lang='grc' dir='ltr'><strong>τὴν</strong></span> <span class='ocrx_word' id='word_1_308' title='bbox 1482 2499 1732 2565; x_wconf 76' lang='grc' dir='ltr'>ὑπακοὴν</span> 
     </span>
    </p>
   </div>
   <div class='ocr_carea' id='block_1_39' title="bbox 169 2580 1733 2654">
    <p class='ocr_par' dir='ltr' id='par_1_39' title="bbox 169 2580 1733 2654">
     <span class='ocr_line' id='line_1_39' title="bbox 169 2580 1733 2654; baseline 0.003 -18"><span class='ocrx_word' id='word_1_309' title='bbox 169 2586 452 2636; x_wconf 82' lang='grc' dir='ltr'>σπουδαῖον</span> <span class='ocrx_word' id='word_1_310' title='bbox 484 2586 560 2634; x_wconf 81' lang='grc' dir='ltr'>ὅτι</span> <span class='ocrx_word' id='word_1_311' title='bbox 591 2583 792 2648; x_wconf 77' lang='grc' dir='ltr'>τέλειος</span> <span class='ocrx_word' id='word_1_312' title='bbox 816 2580 867 2634; x_wconf 78' lang='grc' dir='ltr'>εἴ</span> <span class='ocrx_word' id='word_1_313' title='bbox 901 2586 955 2635; x_wconf 80' lang='grc' dir='ltr'>ἐν</span> <span class='ocrx_word' id='word_1_314' title='bbox 983 2587 1148 2638; x_wconf 77' lang='grc' dir='ltr'>πᾶσιν</span> <span class='ocrx_word' id='word_1_315' title='bbox 1173 2603 1185 2616; x_wconf 85' lang='grc'><strong>·</strong></span> <span class='ocrx_word' id='word_1_316' title='bbox 1224 2585 1450 2654; x_wconf 81' lang='grc' dir='ltr'>θέλησον</span> <span class='ocrx_word' id='word_1_317' title='bbox 1469 2584 1561 2642; x_wconf 78' lang='grc' dir='ltr'><strong>οὖν</strong></span> <span class='ocrx_word' id='word_1_318' title='bbox 1584 2589 1733 2653; x_wconf 79' lang='grc' dir='ltr'>ἐξελ-</span> 
     </span>
    </p>
   </div>
   <div class='ocr_carea' id='block_1_40' title="bbox 168 2673 1734 2751">
    <p class='ocr_par' dir='ltr' id='par_1_40' title="bbox 168 2673 1734 2751">
     <span class='ocr_line' id='line_1_40' title="bbox 168 2673 1734 2751; baseline 0.004 -26"><span class='ocrx_word' id='word_1_319' title='bbox 168 2675 382 2736; x_wconf 79' lang='grc' dir='ltr'>θετνεῐς</span> <span class='ocrx_word' id='word_1_320' title='bbox 435 2675 533 2741; x_wconf 71' lang='grc' dir='ltr'>τὴν</span> <span class='ocrx_word' id='word_1_321' title='bbox 563 2673 843 2726; x_wconf 73' lang='grc' dir='ltr'>διακονίαν</span> <span class='ocrx_word' id='word_1_322' title='bbox 890 2675 985 2728; x_wconf 80' lang='grc' dir='ltr'>τοῦ</span> <span class='ocrx_word' id='word_1_323' title='bbox 1029 2681 1418 2746; x_wconf 68' lang='grc' dir='ltr'>μοναστηρίου,</span> <span class='ocrx_word' id='word_1_324' title='bbox 1467 2680 1656 2751; x_wconf 77' lang='grc' dir='ltr'>ἐπειδὴ</span> <span class='ocrx_word' id='word_1_325' title='bbox 1686 2681 1734 2734; x_wconf 81' lang='grc' dir='ltr'><strong>οἱ</strong></span> 
     </span>
    </p>
   </div>
   <div class='ocr_carea' id='block_1_41' title="bbox 165 2765 1736 2842">
    <p class='ocr_par' dir='ltr' id='par_1_41' title="bbox 165 2765 1736 2842">
     <span class='ocr_line' id='line_1_41' title="bbox 165 2765 1736 2842; baseline 0.003 -22"><span class='ocrx_word' id='word_1_326' title='bbox 165 2765 386 2833; x_wconf 75' lang='grc' dir='ltr'>ἀδελφοὶ</span> <span class='ocrx_word' id='word_1_327' title='bbox 425 2765 722 2818; x_wconf 78' lang='grc' dir='ltr'>λυποῦνται</span> <span class='ocrx_word' id='word_1_328' title='bbox 750 2766 824 2835; x_wconf 77' lang='grc' dir='ltr'><strong>μὴ</strong></span> <span class='ocrx_word' id='word_1_329' title='bbox 850 2768 1209 2837; x_wconf 79' lang='grc' dir='ltr'>ἐξερχομένου</span> <span class='ocrx_word' id='word_1_330' title='bbox 1263 2787 1356 2822; x_wconf 78' lang='grc' dir='ltr'><strong>σον</strong></span> <span class='ocrx_word' id='word_1_331' title='bbox 1377 2787 1391 2800; x_wconf 90' lang='grc'>·</span> <span class='ocrx_word' id='word_1_332' title='bbox 1448 2772 1601 2824; x_wconf 80' lang='grc' dir='ltr'>τοῦτο</span> <span class='ocrx_word' id='word_1_333' title='bbox 1629 2774 1736 2842; x_wconf 76' lang='grc' dir='ltr'>γὰρ</span> 
     </span>
    </p>
   </div>
   <div class='ocr_carea' id='block_1_42' title="bbox 167 2859 1735 2934">
    <p class='ocr_par' dir='ltr' id='par_1_42' title="bbox 167 2859 1735 2934">
     <span class='ocr_line' id='line_1_42' title="bbox 167 2859 1735 2934; baseline 0.006 -26"><span class='ocrx_word' id='word_1_334' title='bbox 167 2859 447 2920; x_wconf 69' lang='grc' dir='ltr'>ποιοῦντός</span> <span class='ocrx_word' id='word_1_335' title='bbox 507 2876 622 2922; x_wconf 81' lang='grc' dir='ltr'>σου,</span> <span class='ocrx_word' id='word_1_336' title='bbox 679 2860 898 2912; x_wconf 80' lang='grc' dir='ltr'>πλείονα</span> <span class='ocrx_word' id='word_1_337' title='bbox 933 2863 1124 2930; x_wconf 72' lang='grc' dir='ltr'>μισθὸν</span> <span class='ocrx_word' id='word_1_338' title='bbox 1172 2864 1404 2934; x_wconf 73' lang='grc' dir='ltr'>κομήσει</span> <span class='ocrx_word' id='word_1_339' title='bbox 1461 2866 1611 2933; x_wconf 68' lang='grc' dir='ltr'>παρὰ</span> <span class='ocrx_word' id='word_1_340' title='bbox 1640 2865 1735 2917; x_wconf 83' lang='grc' dir='ltr'>τοῦ</span> 
     </span>
    </p>
   </div>
   <div class='ocr_carea' id='block_1_43' title="bbox 165 2949 1735 3022">
    <p class='ocr_par' dir='ltr' id='par_1_43' title="bbox 165 2949 1735 3022">
     <span class='ocr_line' id='line_1_43' title="bbox 165 2949 1735 3022; baseline 0.004 -21"><span class='ocrx_word' id='word_1_341' title='bbox 165 2949 301 3002; x_wconf 78' lang='grc' dir='ltr'>Θεοῦ</span> <span class='ocrx_word' id='word_1_342' title='bbox 327 2950 726 3018; x_wconf 68' lang='grc' dir='ltr'>φιλανθρώπου.</span> <span class='ocrx_word' id='word_1_343' title='bbox 767 2954 874 3004; x_wconf 81' lang='grc' dir='ltr'>Καὶ</span> <span class='ocrx_word' id='word_1_344' title='bbox 905 2954 930 3003; x_wconf 96' lang='lat'><strong>6</strong></span> <span class='ocrx_word' id='word_1_345' title='bbox 983 2955 1225 3022; x_wconf 79' lang='grc' dir='ltr'>Μαρῖνος</span> <span class='ocrx_word' id='word_1_346' title='bbox 1268 2955 1441 3008; x_wconf 83' lang='grc' dir='ltr'>ταῦτα</span> <span class='ocrx_word' id='word_1_347' title='bbox 1496 2957 1735 3020; x_wconf 80' lang='grc' dir='ltr'>ἀκούσας</span> 
     </span>
    </p>
   </div>
   <div class='ocr_carea' id='block_1_44' title="bbox 168 3039 1737 3116">
    <p class='ocr_par' dir='ltr' id='par_1_44' title="bbox 168 3039 1737 3116">
     <span class='ocr_line' id='line_1_44' title="bbox 168 3039 1737 3116; baseline 0.006 -24"><span class='ocrx_word' id='word_1_348' title='bbox 168 3042 496 3109; x_wconf 84' lang='grc' dir='ltr'>προσπεσὼν</span> <span class='ocrx_word' id='word_1_349' title='bbox 529 3041 675 3108; x_wconf 83' lang='grc' dir='ltr'>αὑτῷ</span> <span class='ocrx_word' id='word_1_350' title='bbox 699 3041 845 3107; x_wconf 80' lang='grc' dir='ltr'>λέγει</span> <span class='ocrx_word' id='word_1_351' title='bbox 869 3060 883 3074; x_wconf 87' lang='grc'><strong>·</strong></span> <span class='ocrx_word' id='word_1_352' title='bbox 921 3039 1110 3108; x_wconf 77' lang='grc' dir='ltr'>Εὗξαι.</span> <span class='ocrx_word' id='word_1_353' title='bbox 1150 3047 1354 3116; x_wconf 71' lang='grc' dir='ltr'>Πάτερ,</span> <span class='ocrx_word' id='word_1_354' title='bbox 1388 3048 1481 3100; x_wconf 70' lang='grc' dir='ltr'><strong>καὶ</strong></span> <span class='ocrx_word' id='word_1_355' title='bbox 1509 3052 1642 3100; x_wconf 83' lang='grc' dir='ltr'>ὅπου</span> <span class='ocrx_word' id='word_1_356' title='bbox 1671 3050 1737 3102; x_wconf 83' lang='grc' dir='ltr'><strong>ἂν</strong></span> 
     </span>
    </p>
   </div>
   <div class='ocr_carea' id='block_1_45' title="bbox 165 3134 1738 3205">
    <p class='ocr_par' dir='ltr' id='par_1_45' title="bbox 165 3134 1738 3205">
     <span class='ocr_line' id='line_1_45' title="bbox 165 3134 1738 3205; baseline 0.006 -20"><span class='ocrx_word' id='word_1_357' title='bbox 165 3135 399 3204; x_wconf 78' lang='grc' dir='ltr'>κελεύῃς</span> <span class='ocrx_word' id='word_1_358' title='bbox 461 3151 572 3201; x_wconf 85' lang='grc' dir='ltr'>μοι,</span> <span class='ocrx_word' id='word_1_359' title='bbox 625 3134 734 3199; x_wconf 86' lang='grc' dir='ltr'><strong>ὲγὼ</strong></span> <span class='ocrx_word' id='word_1_360' title='bbox 773 3136 1106 3205; x_wconf 79' lang='grc' dir='ltr'>ἀπέρχομαι.</span> <span class='ocrx_word' id='word_1_361' title='bbox 1152 3139 1492 3203; x_wconf 73' lang='grc' dir='ltr'>Ἐξελθόντος</span> <span class='ocrx_word' id='word_1_362' title='bbox 1552 3141 1642 3194; x_wconf 79' lang='grc' dir='ltr'><strong>οὖν</strong></span> <span class='ocrx_word' id='word_1_363' title='bbox 1681 3146 1738 3194; x_wconf 83' lang='grc' dir='ltr'>ὲν</span> 
     </span>
    </p>
   </div>
   <div class='ocr_carea' id='block_1_46' title="bbox 168 3224 1736 3302">
    <p class='ocr_par' dir='ltr' id='par_1_46' title="bbox 168 3224 1736 3302">
     <span class='ocr_line' id='line_1_46' title="bbox 168 3224 1736 3302; baseline 0.003 -26"><span class='ocrx_word' id='word_1_364' title='bbox 168 3227 269 3295; x_wconf 79' lang='grc' dir='ltr'><strong>μιᾷ</strong></span> <span class='ocrx_word' id='word_1_365' title='bbox 296 3224 393 3276; x_wconf 82' lang='grc' dir='ltr'>τοῦ</span> <span class='ocrx_word' id='word_1_366' title='bbox 425 3225 566 3277; x_wconf 81' lang='grc' dir='ltr'>ἀ66ᾶ⁹</span> <span class='ocrx_word' id='word_1_367' title='bbox 592 3227 835 3297; x_wconf 84' lang='grc' dir='ltr'>Μαρίνου</span> <span class='ocrx_word' id='word_1_368' title='bbox 867 3232 963 3281; x_wconf 65' lang='grc' dir='ltr'><strong>σὺν</strong></span> <span class='ocrx_word' id='word_1_369' title='bbox 997 3233 1107 3292; x_wconf 75' lang='grc' dir='ltr'>τοῖς</span> <span class='ocrx_word' id='word_1_370' title='bbox 1147 3231 1328 3296; x_wconf 80' lang='grc' dir='ltr'>ἄλλοις</span> <span class='ocrx_word' id='word_1_371' title='bbox 1373 3234 1551 3302; x_wconf 78' lang='grc' dir='ltr'>τρισὶν</span> <span class='ocrx_word' id='word_1_372' title='bbox 1582 3233 1736 3285; x_wconf 86' lang='grc' dir='ltr'>ἁδελ-</span> 
     </span>
    </p>
   </div>
   <div class='ocr_carea' id='block_1_47' title="bbox 163 3315 1738 3392">
    <p class='ocr_par' dir='ltr' id='par_1_47' title="bbox 163 3315 1738 3392">
     <span class='ocr_line' id='line_1_47' title="bbox 163 3315 1738 3392; baseline 0.006 -27"><span class='ocrx_word' id='word_1_373' title='bbox 163 3318 285 3383; x_wconf 74' lang='grc' dir='ltr'><strong>φοῖς</strong></span> <span class='ocrx_word' id='word_1_374' title='bbox 341 3315 641 3370; x_wconf 76' lang='grc' dir='ltr'>διακονῖσαι</span> <span class='ocrx_word' id='word_1_375' title='bbox 675 3360 687 3381; x_wconf 88' lang='grc'><strong><em>,</em></strong></span> <span class='ocrx_word' id='word_1_376' title='bbox 743 3319 836 3370; x_wconf 68' lang='grc' dir='ltr'><strong>καὶ</strong></span> <span class='ocrx_word' id='word_1_377' title='bbox 882 3321 1305 3374; x_wconf 75' lang='grc' dir='ltr'>καταλυσάντων</span> <span class='ocrx_word' id='word_1_378' title='bbox 1362 3321 1541 3374; x_wconf 75' lang='grc' dir='ltr'>αὐτῶν</span> <span class='ocrx_word' id='word_1_379' title='bbox 1578 3325 1634 3374; x_wconf 80' lang='grc' dir='ltr'><strong>ἐν</strong></span> <span class='ocrx_word' id='word_1_380' title='bbox 1661 3322 1738 3392; x_wconf 81' lang='grc' dir='ltr'>τῷ</span> 
     </span>
    </p>
   </div>
   <div class='ocr_carea' id='block_1_48' title="bbox 164 3409 1738 3484">
    <p class='ocr_par' dir='ltr' id='par_1_48' title="bbox 164 3409 1738 3484">
     <span class='ocr_line' id='line_1_48' title="bbox 164 3409 1738 3484; baseline 0.004 -26"><span class='ocrx_word' id='word_1_381' title='bbox 164 3409 493 3476; x_wconf 72' lang='grc' dir='ltr'>πανδοκείῳ,</span> <span class='ocrx_word' id='word_1_382' title='bbox 527 3410 724 3476; x_wconf 78' lang='grc' dir='ltr'>συνέϐη</span> <span class='ocrx_word' id='word_1_383' title='bbox 763 3411 882 3461; x_wconf 72' lang='grc' dir='ltr'>τινὰ</span> <span class='ocrx_word' id='word_1_384' title='bbox 911 3413 1248 3479; x_wconf 74' lang='grc' dir='ltr'>στρατιώτην</span> <span class='ocrx_word' id='word_1_385' title='bbox 1299 3414 1610 3484; x_wconf 72' lang='grc' dir='ltr'>διαφθεῖραι</span> <span class='ocrx_word' id='word_1_386' title='bbox 1641 3418 1738 3484; x_wconf 74' lang='grc' dir='ltr'>τὴν</span> 
     </span>
    </p>
   </div>
   <div class='ocr_carea' id='block_1_49' title="bbox 165 3499 1740 3571">
    <p class='ocr_par' dir='ltr' id='par_1_49' title="bbox 165 3499 1740 3571">
     <span class='ocr_line' id='line_1_49' title="bbox 165 3499 1740 3571; baseline 0.004 -20"><span class='ocrx_word' id='word_1_387' title='bbox 165 3500 448 3568; x_wconf 82' lang='grc' dir='ltr'>θυγατέρα</span> <span class='ocrx_word' id='word_1_388' title='bbox 476 3499 567 3550; x_wconf 76' lang='grc' dir='ltr'>τοῦ</span> <span class='ocrx_word' id='word_1_389' title='bbox 605 3500 887 3569; x_wconf 79' lang='grc' dir='ltr'>πανδὸχου,</span> <span class='ocrx_word' id='word_1_390' title='bbox 914 3501 987 3563; x_wconf 79' lang='grc' dir='ltr'><strong>ὡς</strong></span> <span class='ocrx_word' id='word_1_391' title='bbox 1041 3505 1134 3554; x_wconf 72' lang='grc' dir='ltr'>καὶ</span> <span class='ocrx_word' id='word_1_392' title='bbox 1170 3503 1358 3556; x_wconf 79' lang='grc' dir='ltr'>λαϐεῖν</span> <span class='ocrx_word' id='word_1_393' title='bbox 1400 3506 1568 3571; x_wconf 74' lang='grc' dir='ltr'>αὐτὴν</span> <span class='ocrx_word' id='word_1_394' title='bbox 1600 3507 1740 3558; x_wconf 68' lang='grc' dir='ltr'>κατὰ</span> 
     </span>
    </p>
   </div>
   <div class='ocr_carea' id='block_1_50' title="bbox 162 3587 1739 3664">
    <p class='ocr_par' dir='ltr' id='par_1_50' title="bbox 162 3587 1739 3664">
     <span class='ocr_line' id='line_1_50' title="bbox 162 3587 1739 3664; baseline 0.003 -21"><span class='ocrx_word' id='word_1_395' title='bbox 162 3592 426 3659; x_wconf 73' lang='grc' dir='ltr'>γαστρός.</span> <span class='ocrx_word' id='word_1_396' title='bbox 488 3587 620 3644; x_wconf 72' lang='grc' dir='ltr'>Εἴπε</span> <span class='ocrx_word' id='word_1_397' title='bbox 671 3592 726 3644; x_wconf 76' lang='grc' dir='ltr'><strong>δὲ</strong></span> <span class='ocrx_word' id='word_1_398' title='bbox 782 3597 921 3663; x_wconf 76' lang='grc' dir='ltr'>αὐτῇ</span> <span class='ocrx_word' id='word_1_399' title='bbox 970 3597 996 3646; x_wconf 86' lang='lat'><strong>6</strong></span> <span class='ocrx_word' id='word_1_400' title='bbox 1055 3595 1452 3664; x_wconf 70' lang='grc' dir='ltr'>στρατηλάτης.</span> <span class='ocrx_word' id='word_1_401' title='bbox 1488 3597 1739 3659; x_wconf 70' lang='grc' dir='ltr'>ὅτι,Ἐ5ιν</span> 
     </span>
    </p>
   </div>
   <div class='ocr_carea' id='block_1_51' title="bbox 1911 2312 3408 2388">
    <p class='ocr_par' dir='ltr' id='par_1_51' title="bbox 1911 2312 3408 2388">
     <span class='ocr_line' id='line_1_51' title="bbox 1911 2312 3408 2388; baseline -0.005 -14"><span class='ocrx_word' id='word_1_402' title='bbox 1911 2318 2001 2374; x_wconf 83' lang='grc'><strong>111.</strong></span> <span class='ocrx_word' id='word_1_403' title='bbox 2039 2317 2283 2386; x_wconf 89' lang='lat' dir='ltr'><strong>Quodam</strong></span> <span class='ocrx_word' id='word_1_404' title='bbox 2337 2318 2522 2388; x_wconf 87' lang='lat' dir='ltr'><strong>itaque</strong></span> <span class='ocrx_word' id='word_1_405' title='bbox 2557 2318 2668 2379; x_wconf 90' lang='lat' dir='ltr'><strong>die,</strong></span> <span class='ocrx_word' id='word_1_406' title='bbox 2721 2317 3014 2388; x_wconf 50' lang='lat' dir='ltr'><strong>praefecms</strong></span> <span class='ocrx_word' id='word_1_407' title='bbox 3061 2312 3408 2378; x_wconf 88' lang='lat' dir='ltr'><strong>monasterii,</strong></span> 
     </span>
    </p>
   </div>
   <div class='ocr_carea' id='block_1_52' title="bbox 1839 2406 3412 2473">
    <p class='ocr_par' dir='ltr' id='par_1_52' title="bbox 1839 2406 3412 2473">
     <span class='ocr_line' id='line_1_52' title="bbox 1839 2406 3412 2473; baseline -0.003 -10"><span class='ocrx_word' id='word_1_408' title='bbox 1839 2413 2107 2468; x_wconf 76' lang='lat' dir='ltr'><strong>accersito</strong></span> <span class='ocrx_word' id='word_1_409' title='bbox 2151 2412 2386 2473; x_wconf 84' lang='lat' dir='ltr'><strong>Marino,</strong></span> <span class='ocrx_word' id='word_1_410' title='bbox 2451 2412 2586 2466; x_wconf 83' lang='lat' dir='ltr'><strong>dicit</strong></span> <span class='ocrx_word' id='word_1_411' title='bbox 2619 2411 2668 2465; x_wconf 90' lang='lat' dir='ltr'><strong>ei</strong></span> <span class='ocrx_word' id='word_1_412' title='bbox 2708 2428 2720 2466; x_wconf 93' lang='lat'>:</span> <span class='ocrx_word' id='word_1_413' title='bbox 2778 2411 2968 2469; x_wconf 83' lang='lat' dir='ltr'><strong>Frater</strong></span> <span class='ocrx_word' id='word_1_414' title='bbox 3019 2407 3248 2469; x_wconf 84' lang='lat' dir='ltr'><strong>Marine,</strong></span> <span class='ocrx_word' id='word_1_415' title='bbox 3298 2406 3412 2460; x_wconf 85' lang='lat' dir='ltr'><strong>scio</strong></span> 
     </span>
    </p>
   </div>
   <div class='ocr_carea' id='block_1_53' title="bbox 1839 2499 3415 2572">
    <p class='ocr_par' dir='ltr' id='par_1_53' title="bbox 1839 2499 3415 2572">
     <span class='ocr_line' id='line_1_53' title="bbox 1839 2499 3415 2572; baseline -0.004 -16"><span class='ocrx_word' id='word_1_416' title='bbox 1839 2514 1984 2557; x_wconf 87' lang='lat' dir='ltr'><strong>tuam</strong></span> <span class='ocrx_word' id='word_1_417' title='bbox 2025 2505 2149 2558; x_wconf 66' lang='lat' dir='ltr'><strong>vita:</strong></span> <span class='ocrx_word' id='word_1_418' title='bbox 2179 2504 2399 2572; x_wconf 72' lang='lat' dir='ltr'><strong>agenda:</strong></span> <span class='ocrx_word' id='word_1_419' title='bbox 2431 2503 2695 2555; x_wconf 91' lang='lat' dir='ltr'><strong>rationem</strong></span> <span class='ocrx_word' id='word_1_420' title='bbox 2727 2517 2847 2553; x_wconf 84' lang='lat' dir='ltr'><strong>esse</strong></span> <span class='ocrx_word' id='word_1_421' title='bbox 2879 2501 3178 2568; x_wconf 80' lang='lat' dir='ltr'><strong>perfectam</strong></span> <span class='ocrx_word' id='word_1_422' title='bbox 3203 2499 3256 2551; x_wconf 93' lang='lat' dir='ltr'><strong>in</strong></span> <span class='ocrx_word' id='word_1_423' title='bbox 3297 2513 3415 2550; x_wconf 81' lang='lat' dir='ltr'><strong>om-</strong></span> 
     </span>
    </p>
   </div>
   <div class='ocr_carea' id='block_1_54' title="bbox 1836 2590 3410 2665">
    <p class='ocr_par' dir='ltr' id='par_1_54' title="bbox 1836 2590 3410 2665">
     <span class='ocr_line' id='line_1_54' title="bbox 1836 2590 3410 2665; baseline -0.004 -17"><span class='ocrx_word' id='word_1_424' title='bbox 1836 2597 2019 2657; x_wconf 90' lang='lat' dir='ltr'><strong>nibus,</strong></span> <span class='ocrx_word' id='word_1_425' title='bbox 2067 2605 2124 2648; x_wconf 92' lang='lat' dir='ltr'><strong>et</strong></span> <span class='ocrx_word' id='word_1_426' title='bbox 2174 2597 2449 2665; x_wconf 62' lang='lat' dir='ltr'><strong>pra-cipue</strong></span> <span class='ocrx_word' id='word_1_427' title='bbox 2502 2595 2554 2647; x_wconf 92' lang='lat' dir='ltr'><strong>in</strong></span> <span class='ocrx_word' id='word_1_428' title='bbox 2592 2593 2933 2648; x_wconf 87' lang='lat' dir='ltr'><strong>obedientia.</strong></span> <span class='ocrx_word' id='word_1_429' title='bbox 2979 2590 3124 2645; x_wconf 80' lang='lat' dir='ltr'><strong>Velis</strong></span> <span class='ocrx_word' id='word_1_430' title='bbox 3172 2605 3302 2658; x_wconf 75' lang='lat' dir='ltr'><strong>ergo</strong></span> <span class='ocrx_word' id='word_1_431' title='bbox 3355 2598 3410 2641; x_wconf 92' lang='lat' dir='ltr'><strong>tu</strong></span> 
     </span>
    </p>
   </div>
   <div class='ocr_carea' id='block_1_55' title="bbox 1836 2680 3414 2761">
    <p class='ocr_par' dir='ltr' id='par_1_55' title="bbox 1836 2680 3414 2761">
     <span class='ocr_line' id='line_1_55' title="bbox 1836 2680 3414 2761; baseline -0.003 -22"><span class='ocrx_word' id='word_1_432' title='bbox 1836 2703 2054 2761; x_wconf 91' lang='lat' dir='ltr'><strong>quoque</strong></span> <span class='ocrx_word' id='word_1_433' title='bbox 2088 2689 2296 2758; x_wconf 83' lang='lat' dir='ltr'><strong>egredi,</strong></span> <span class='ocrx_word' id='word_1_434' title='bbox 2341 2699 2399 2741; x_wconf 92' lang='lat' dir='ltr'><strong>ut</strong></span> <span class='ocrx_word' id='word_1_435' title='bbox 2435 2687 2714 2742; x_wconf 75' lang='lat' dir='ltr'><strong>ministres</strong></span> <span class='ocrx_word' id='word_1_436' title='bbox 2763 2682 3141 2738; x_wconf 85' lang='lat' dir='ltr'><strong>monasterio?</strong></span> <span class='ocrx_word' id='word_1_437' title='bbox 3194 2680 3414 2734; x_wconf 82' lang='lat' dir='ltr'><strong>Fratres</strong></span> 
     </span>
    </p>
   </div>
   <div class='ocr_carea' id='block_1_56' title="bbox 1837 2771 3414 2847">
    <p class='ocr_par' dir='ltr' id='par_1_56' title="bbox 1837 2771 3414 2847">
     <span class='ocr_line' id='line_1_56' title="bbox 1837 2771 3414 2847; baseline -0.004 -17"><span class='ocrx_word' id='word_1_438' title='bbox 1837 2778 1984 2830; x_wconf 92' lang='lat' dir='ltr'><strong>enim</strong></span> <span class='ocrx_word' id='word_1_439' title='bbox 2019 2793 2159 2847; x_wconf 77' lang='lat' dir='ltr'><strong>:egre</strong></span> <span class='ocrx_word' id='word_1_440' title='bbox 2194 2780 2400 2838; x_wconf 79' lang='lat' dir='ltr'><strong>ierunt,</strong></span> <span class='ocrx_word' id='word_1_441' title='bbox 2429 2787 2482 2831; x_wconf 92' lang='lat' dir='ltr'><strong>te</strong></span> <span class='ocrx_word' id='word_1_442' title='bbox 2513 2777 2580 2831; x_wconf 88' lang='lat' dir='ltr'><strong>ad</strong></span> <span class='ocrx_word' id='word_1_443' title='bbox 2621 2777 2673 2830; x_wconf 88' lang='lat' dir='ltr'><strong>id</strong></span> <span class='ocrx_word' id='word_1_444' title='bbox 2702 2791 2810 2829; x_wconf 88' lang='lat' dir='ltr'><strong>non</strong></span> <span class='ocrx_word' id='word_1_445' title='bbox 2841 2772 3048 2844; x_wconf 78' lang='lat' dir='ltr'><strong>egredi.</strong></span> <span class='ocrx_word' id='word_1_446' title='bbox 3085 2771 3200 2825; x_wconf 87' lang='lat' dir='ltr'><strong>lloc</strong></span> <span class='ocrx_word' id='word_1_447' title='bbox 3231 2781 3414 2824; x_wconf 86' lang='lat' dir='ltr'><strong>autem</strong></span> 
     </span>
    </p>
   </div>
   <div class='ocr_carea' id='block_1_57' title="bbox 1838 2863 3418 2938">
    <p class='ocr_par' dir='ltr' id='par_1_57' title="bbox 1838 2863 3418 2938">
     <span class='ocr_line' id='line_1_57' title="bbox 1838 2863 3418 2938; baseline -0.003 -18"><span class='ocrx_word' id='word_1_448' title='bbox 1838 2870 2065 2928; x_wconf 81' lang='lat' dir='ltr'><strong>faciens.</strong></span> <span class='ocrx_word' id='word_1_449' title='bbox 2098 2886 2130 2923; x_wconf 93' lang='grc' dir='ltr'><strong>ο</strong></span> <span class='ocrx_word' id='word_1_450' title='bbox 2161 2870 2255 2933; x_wconf 84' lang='lat' dir='ltr'><strong>fili,</strong></span> <span class='ocrx_word' id='word_1_451' title='bbox 2283 2873 2544 2937; x_wconf 86' lang='lat' dir='ltr'><strong>majorem</strong></span> <span class='ocrx_word' id='word_1_452' title='bbox 2573 2871 2809 2938; x_wconf 86' lang='lat' dir='ltr'><strong>accipies</strong></span> <span class='ocrx_word' id='word_1_453' title='bbox 2849 2866 3161 2920; x_wconf 85' lang='lat' dir='ltr'><strong>mercedem</strong></span> <span class='ocrx_word' id='word_1_454' title='bbox 3197 2880 3225 2917; x_wconf 85' lang='lat' dir='ltr'><strong>a</strong></span> <span class='ocrx_word' id='word_1_455' title='bbox 3263 2863 3418 2916; x_wconf 86' lang='lat' dir='ltr'><strong>beni-</strong></span> 
     </span>
    </p>
   </div>
   <div class='ocr_carea' id='block_1_58' title="bbox 1838 2959 3418 3030">
    <p class='ocr_par' dir='ltr' id='par_1_58' title="bbox 1838 2959 3418 3030">
     <span class='ocr_line' id='line_1_58' title="bbox 1838 2959 3418 3030; baseline -0.004 -17"><span class='ocrx_word' id='word_1_456' title='bbox 1838 2977 1943 3030; x_wconf 78' lang='lat' dir='ltr'><strong>gno</strong></span> <span class='ocrx_word' id='word_1_457' title='bbox 1972 2972 2026 3019; x_wconf 85' lang='lat' dir='ltr'><strong>et</strong></span> <span class='ocrx_word' id='word_1_458' title='bbox 2055 2961 2306 3014; x_wconf 87' lang='lat' dir='ltr'><strong>clementi</strong></span> <span class='ocrx_word' id='word_1_459' title='bbox 2338 2962 2466 3014; x_wconf 91' lang='lat' dir='ltr'><strong>Deo.</strong></span> <span class='ocrx_word' id='word_1_460' title='bbox 2503 2961 2714 3013; x_wconf 87' lang='lat' dir='ltr'><strong>Etenim</strong></span> <span class='ocrx_word' id='word_1_461' title='bbox 2747 2959 3007 3012; x_wconf 90' lang='lat' dir='ltr'><strong>Dominus</strong></span> <span class='ocrx_word' id='word_1_462' title='bbox 3054 2970 3275 3024; x_wconf 88' lang='lat' dir='ltr'><strong>quoque</strong></span> <span class='ocrx_word' id='word_1_463' title='bbox 3313 2969 3418 3008; x_wconf 88' lang='lat' dir='ltr'><strong>no-</strong></span> 
     </span>
    </p>
   </div>
   <div class='ocr_carea' id='block_1_59' title="bbox 1840 3043 3419 3121">
    <p class='ocr_par' dir='ltr' id='par_1_59' title="bbox 1840 3043 3419 3121">
     <span class='ocr_line' id='line_1_59' title="bbox 1840 3043 3419 3121; baseline -0.006 -14"><span class='ocrx_word' id='word_1_464' title='bbox 1840 3063 1956 3106; x_wconf 89' lang='lat' dir='ltr'><strong>ster</strong></span> <span class='ocrx_word' id='word_1_465' title='bbox 1994 3052 2137 3106; x_wconf 85' lang='lat' dir='ltr'><strong>Deus</strong></span> <span class='ocrx_word' id='word_1_466' title='bbox 2174 3067 2282 3105; x_wconf 92' lang='lat' dir='ltr'><strong>non</strong></span> <span class='ocrx_word' id='word_1_467' title='bbox 2307 3051 2636 3121; x_wconf 81' lang='lat' dir='ltr'><strong>dedignatus</strong></span> <span class='ocrx_word' id='word_1_468' title='bbox 2675 3059 2760 3104; x_wconf 88' lang='lat' dir='ltr'><strong>est</strong></span> <span class='ocrx_word' id='word_1_469' title='bbox 2809 3049 3125 3102; x_wconf 87' lang='lat' dir='ltr'><strong>ministrare</strong></span> <span class='ocrx_word' id='word_1_470' title='bbox 3160 3046 3275 3098; x_wconf 89' lang='lat' dir='ltr'><strong>suis</strong></span> <span class='ocrx_word' id='word_1_471' title='bbox 3307 3043 3419 3098; x_wconf 88' lang='lat' dir='ltr'><strong>dis-</strong></span> 
     </span>
    </p>
   </div>
   <div class='ocr_carea' id='block_1_60' title="bbox 1840 3134 3418 3211">
    <p class='ocr_par' dir='ltr' id='par_1_60' title="bbox 1840 3134 3418 3211">
     <span class='ocr_line' id='line_1_60' title="bbox 1840 3134 3418 3211; baseline -0.006 -15"><span class='ocrx_word' id='word_1_472' title='bbox 1840 3143 2056 3211; x_wconf 88' lang='lat' dir='ltr'><strong>cipulis.</strong></span> <span class='ocrx_word' id='word_1_473' title='bbox 2092 3144 2213 3197; x_wconf 68' lang='lat' dir='ltr'><strong>llzec</strong></span> <span class='ocrx_word' id='word_1_474' title='bbox 2241 3159 2364 3197; x_wconf 92' lang='lat' dir='ltr'><strong>cum</strong></span> <span class='ocrx_word' id='word_1_475' title='bbox 2397 3143 2659 3196; x_wconf 82' lang='lat' dir='ltr'><strong>audiisset</strong></span> <span class='ocrx_word' id='word_1_476' title='bbox 2700 3141 2960 3195; x_wconf 80' lang='lat' dir='ltr'><strong>Marinus.</strong></span> <span class='ocrx_word' id='word_1_477' title='bbox 2994 3153 3051 3192; x_wconf 87' lang='lat' dir='ltr'><strong>se</strong></span> <span class='ocrx_word' id='word_1_478' title='bbox 3091 3134 3418 3207; x_wconf 88' lang='lat' dir='ltr'><strong>projecitad</strong></span> 
     </span>
    </p>
   </div>
   <div class='ocr_carea' id='block_1_61' title="bbox 1840 3227 3420 3301">
    <p class='ocr_par' dir='ltr' id='par_1_61' title="bbox 1840 3227 3420 3301">
     <span class='ocr_line' id='line_1_61' title="bbox 1840 3227 3420 3301; baseline -0.004 -16"><span class='ocrx_word' id='word_1_479' title='bbox 1840 3234 2007 3301; x_wconf 83' lang='lat' dir='ltr'><strong>pedes</strong></span> <span class='ocrx_word' id='word_1_480' title='bbox 2037 3235 2296 3300; x_wconf 69' lang='lat' dir='ltr'><strong>pnefccti.</strong></span> <span class='ocrx_word' id='word_1_481' title='bbox 2333 3234 2564 3286; x_wconf 89' lang='lat' dir='ltr'><strong>dicens:</strong></span> <span class='ocrx_word' id='word_1_482' title='bbox 2613 3233 2756 3286; x_wconf 85' lang='lat' dir='ltr'><strong>Bene</strong></span> <span class='ocrx_word' id='word_1_483' title='bbox 2787 3246 3011 3300; x_wconf 88' lang='lat' dir='ltr'><strong>precare</strong></span> <span class='ocrx_word' id='word_1_484' title='bbox 3050 3227 3209 3288; x_wconf 86' lang='lat' dir='ltr'><strong>mihi,</strong></span> <span class='ocrx_word' id='word_1_485' title='bbox 3251 3240 3420 3279; x_wconf 81' lang='lat' dir='ltr'><strong>vene-</strong></span> 
     </span>
    </p>
   </div>
   <div class='ocr_carea' id='block_1_62' title="bbox 1841 3317 3422 3392">
    <p class='ocr_par' dir='ltr' id='par_1_62' title="bbox 1841 3317 3422 3392">
     <span class='ocr_line' id='line_1_62' title="bbox 1841 3317 3422 3392; baseline -0.004 -19"><span class='ocrx_word' id='word_1_486' title='bbox 1841 3322 2005 3374; x_wconf 85' lang='lat' dir='ltr'><strong>rande</strong></span> <span class='ocrx_word' id='word_1_487' title='bbox 2029 3321 2207 3380; x_wconf 88' lang='lat' dir='ltr'><strong>Pater.</strong></span> <span class='ocrx_word' id='word_1_488' title='bbox 2227 3333 2281 3376; x_wconf 91' lang='lat' dir='ltr'><strong>et</strong></span> <span class='ocrx_word' id='word_1_489' title='bbox 2309 3339 2410 3392; x_wconf 79' lang='lat' dir='ltr'><strong>ego</strong></span> <span class='ocrx_word' id='word_1_490' title='bbox 2437 3325 2525 3375; x_wconf 90' lang='lat' dir='ltr'><strong>ibo</strong></span> <span class='ocrx_word' id='word_1_491' title='bbox 2548 3336 2874 3390; x_wconf 85' lang='lat' dir='ltr'><strong>quocunque</strong></span> <span class='ocrx_word' id='word_1_492' title='bbox 2898 3319 3166 3371; x_wconf 89' lang='lat' dir='ltr'><strong>volueris.</strong></span> <span class='ocrx_word' id='word_1_493' title='bbox 3189 3317 3422 3385; x_wconf 76' lang='lat' dir='ltr'><strong>Egresso</strong></span> 
     </span>
    </p>
   </div>
   <div class='ocr_carea' id='block_1_63' title="bbox 1841 3405 3422 3468">
    <p class='ocr_par' dir='ltr' id='par_1_63' title="bbox 1841 3405 3422 3468">
     <span class='ocr_line' id='line_1_63' title="bbox 1841 3405 3422 3468; baseline -0.004 -3"><span class='ocrx_word' id='word_1_494' title='bbox 1841 3423 2025 3466; x_wconf 89' lang='lat' dir='ltr'><strong>autem</strong></span> <span class='ocrx_word' id='word_1_495' title='bbox 2067 3414 2272 3467; x_wconf 78' lang='lat' dir='ltr'><strong>Marino</strong></span> <span class='ocrx_word' id='word_1_496' title='bbox 2316 3425 2372 3467; x_wconf 90' lang='lat' dir='ltr'><strong>ct</strong></span> <span class='ocrx_word' id='word_1_497' title='bbox 2416 3414 2538 3468; x_wconf 89' lang='lat' dir='ltr'><strong>aliis</strong></span> <span class='ocrx_word' id='word_1_498' title='bbox 2581 3413 2757 3466; x_wconf 86' lang='lat' dir='ltr'><strong>tribus</strong></span> <span class='ocrx_word' id='word_1_499' title='bbox 2797 3410 3082 3465; x_wconf 89' lang='lat' dir='ltr'><strong>monachis</strong></span> <span class='ocrx_word' id='word_1_500' title='bbox 3129 3417 3190 3461; x_wconf 94' lang='lat' dir='ltr'><strong>ut</strong></span> <span class='ocrx_word' id='word_1_501' title='bbox 3255 3405 3422 3460; x_wconf 87' lang='lat' dir='ltr'><strong>mini-</strong></span> 
     </span>
    </p>
   </div>
   <div class='ocr_carea' id='block_1_64' title="bbox 1843 3494 3426 3568">
    <p class='ocr_par' dir='ltr' id='par_1_64' title="bbox 1843 3494 3426 3568">
     <span class='ocr_line' id='line_1_64' title="bbox 1843 3494 3426 3568; baseline -0.006 -11"><span class='ocrx_word' id='word_1_502' title='bbox 1843 3514 2106 3568; x_wconf 84' lang='lat' dir='ltr'><strong>strarent,</strong></span> <span class='ocrx_word' id='word_1_503' title='bbox 2138 3506 2499 3566; x_wconf 76' lang='lat' dir='ltr'><strong>diverteruut,</strong></span> <span class='ocrx_word' id='word_1_504' title='bbox 2538 3515 2596 3558; x_wconf 92' lang='lat' dir='ltr'><strong>ut</strong></span> <span class='ocrx_word' id='word_1_505' title='bbox 2626 3509 3052 3563; x_wconf 72' lang='lat' dir='ltr'><strong>consueverant,</strong></span> <span class='ocrx_word' id='word_1_506' title='bbox 3073 3498 3138 3552; x_wconf 87' lang='lat' dir='ltr'><strong>ad</strong></span> <span class='ocrx_word' id='word_1_507' title='bbox 3173 3496 3307 3552; x_wconf 89' lang='lat' dir='ltr'><strong>illud</strong></span> <span class='ocrx_word' id='word_1_508' title='bbox 3338 3494 3426 3548; x_wconf 87' lang='lat' dir='ltr'><strong>di—</strong></span> 
     </span>
    </p>
   </div>
   <div class='ocr_carea' id='block_1_65' title="bbox 1844 3589 3425 3662">
    <p class='ocr_par' dir='ltr' id='par_1_65' title="bbox 1844 3589 3425 3662">
     <span class='ocr_line' id='line_1_65' title="bbox 1844 3589 3425 3662; baseline -0.003 -15"><span class='ocrx_word' id='word_1_509' title='bbox 1844 3597 2170 3650; x_wconf 81' lang='lat' dir='ltr'><strong>versorium.</strong></span> <span class='ocrx_word' id='word_1_510' title='bbox 2210 3596 2311 3660; x_wconf 82' lang='lat' dir='ltr'><strong>Qui</strong></span> <span class='ocrx_word' id='word_1_511' title='bbox 2350 3608 2530 3649; x_wconf 83' lang='lat' dir='ltr'><strong>autem</strong></span> <span class='ocrx_word' id='word_1_512' title='bbox 2589 3606 2818 3662; x_wconf 69' lang='lat' dir='ltr'><strong>praeerat</strong></span> <span class='ocrx_word' id='word_1_513' title='bbox 2871 3592 3201 3653; x_wconf 88' lang='lat' dir='ltr'><strong>diversorio,</strong></span> <span class='ocrx_word' id='word_1_514' title='bbox 3256 3589 3425 3643; x_wconf 84' lang='lat' dir='ltr'><strong>habe-</strong></span> 
     </span>
    </p>
   </div>
   <div class='ocr_carea' id='block_1_66' title="bbox 162 3657 1748 3754">
    <p class='ocr_par' dir='ltr' id='par_1_66' title="bbox 162 3680 1738 3754">
     <span class='ocr_line' id='line_1_66' title="bbox 162 3680 1738 3754; baseline 0.003 -21"><span class='ocrx_word' id='word_1_515' title='bbox 162 3680 390 3750; x_wconf 77' lang='grc' dir='ltr'>γνωσθῇ</span> <span class='ocrx_word' id='word_1_516' title='bbox 430 3680 504 3750; x_wconf 83' lang='grc' dir='ltr'><strong>τῷ</strong></span> <span class='ocrx_word' id='word_1_517' title='bbox 530 3683 697 3751; x_wconf 82' lang='grc' dir='ltr'>πατρί</span> <span class='ocrx_word' id='word_1_518' title='bbox 725 3701 840 3748; x_wconf 85' lang='grc' dir='ltr'>σου,</span> <span class='ocrx_word' id='word_1_519' title='bbox 880 3685 1001 3736; x_wconf 66' lang='grc' dir='ltr'>εἰπὲ</span> <span class='ocrx_word' id='word_1_520' title='bbox 1033 3686 1115 3736; x_wconf 79' lang='grc' dir='ltr'><strong>ὅτι</strong></span> <span class='ocrx_word' id='word_1_521' title='bbox 1166 3684 1222 3738; x_wconf 84' lang='lat'><strong>&#39;0</strong></span> <span class='ocrx_word' id='word_1_522' title='bbox 1279 3682 1593 3754; x_wconf 79' lang='grc' dir='ltr'>νεώτερος-ὁ</span> <span class='ocrx_word' id='word_1_523' title='bbox 1644 3685 1738 3739; x_wconf 78' lang='grc' dir='ltr'>τοῦ</span> 
     </span>
    </p>
   </div>
   <div class='ocr_carea' id='block_1_67' title="bbox 1835 3657 3425 3754">
    <p class='ocr_par' dir='ltr' id='par_1_67' title="bbox 1847 3682 3425 3753">
     <span class='ocr_line' id='line_1_67' title="bbox 1847 3682 3425 3753; baseline -0.003 -15"><span class='ocrx_word' id='word_1_524' title='bbox 1847 3687 1940 3738; x_wconf 83' lang='lat' dir='ltr'><strong>bat</strong></span> <span class='ocrx_word' id='word_1_525' title='bbox 2003 3685 2167 3739; x_wconf 81' lang='lat' dir='ltr'><strong>filiam</strong></span> <span class='ocrx_word' id='word_1_526' title='bbox 2227 3687 2468 3742; x_wconf 89' lang='lat' dir='ltr'><strong>unicam.</strong></span> <span class='ocrx_word' id='word_1_527' title='bbox 2528 3687 2679 3741; x_wconf 81' lang='lat' dir='ltr'><strong>Miles</strong></span> <span class='ocrx_word' id='word_1_528' title='bbox 2730 3701 2862 3738; x_wconf 87' lang='lat' dir='ltr'><strong>vero</strong></span> <span class='ocrx_word' id='word_1_529' title='bbox 2925 3683 3148 3753; x_wconf 87' lang='lat' dir='ltr'><strong>quidam</strong></span> <span class='ocrx_word' id='word_1_530' title='bbox 3212 3682 3425 3750; x_wconf 75' lang='lat' dir='ltr'><strong>ingres-</strong></span> 
     </span>
    </p>
   </div>
   <div class='ocr_carea' id='block_1_68' title="bbox 162 3774 1745 3845">
    <p class='ocr_par' dir='ltr' id='par_1_68' title="bbox 162 3774 1745 3845">
     <span class='ocr_line' id='line_1_68' title="bbox 162 3774 1745 3845; baseline 0.001 -19"><span class='ocrx_word' id='word_1_531' title='bbox 162 3774 444 3826; x_wconf 76' lang='grc' dir='ltr'>κοινοὸίου</span> <span class='ocrx_word' id='word_1_532' title='bbox 497 3775 522 3826; x_wconf 83' lang='lat'><strong>6</strong></span> <span class='ocrx_word' id='word_1_533' title='bbox 560 3775 770 3842; x_wconf 76' lang='grc' dir='ltr'>εὐειδὴς</span> <span class='ocrx_word' id='word_1_534' title='bbox 811 3775 838 3825; x_wconf 86' lang='lat'><strong>6</strong></span> <span class='ocrx_word' id='word_1_535' title='bbox 868 3776 1190 3845; x_wconf 69' lang='grc' dir='ltr'><strong>⁸λεγόμενος</strong></span> <span class='ocrx_word' id='word_1_536' title='bbox 1246 3778 1487 3845; x_wconf 80' lang='grc' dir='ltr'>Μαρῖνος</span> <span class='ocrx_word' id='word_1_537' title='bbox 1543 3778 1745 3840; x_wconf 72' lang='grc' dir='ltr'>ἐκεῖνος</span> 
     </span>
    </p>
   </div>
   <div class='ocr_carea' id='block_1_69' title="bbox 163 3865 1744 3936">
    <p class='ocr_par' dir='ltr' id='par_1_69' title="bbox 163 3865 1744 3936">
     <span class='ocr_line' id='line_1_69' title="bbox 163 3865 1744 3936; baseline 0.001 -18"><span class='ocrx_word' id='word_1_538' title='bbox 163 3867 446 3936; x_wconf 73' lang='grc' dir='ltr'><strong>ἐκοιμήθη</strong></span> <span class='ocrx_word' id='word_1_539' title='bbox 477 3867 596 3933; x_wconf 80' lang='grc' dir='ltr'>μετ’</span> <span class='ocrx_word' id='word_1_540' title='bbox 630 3865 788 3935; x_wconf 74' lang='grc' dir='ltr'>ἐμοῦ.</span> <span class='ocrx_word' id='word_1_541' title='bbox 842 3867 951 3918; x_wconf 75' lang='grc' dir='ltr'>Καὶ</span> <span class='ocrx_word' id='word_1_542' title='bbox 987 3866 1108 3928; x_wconf 57' lang='grc' dir='ltr'>δοὺς</span> <span class='ocrx_word' id='word_1_543' title='bbox 1149 3869 1286 3936; x_wconf 79' lang='grc' dir='ltr'>αὐτῇ</span> <span class='ocrx_word' id='word_1_544' title='bbox 1320 3866 1379 3918; x_wconf 77' lang='grc' dir='ltr'>τὸ</span> <span class='ocrx_word' id='word_1_545' title='bbox 1404 3867 1503 3934; x_wconf 83' lang='grc' dir='ltr'>τῆς</span> <span class='ocrx_word' id='word_1_546' title='bbox 1540 3867 1744 3934; x_wconf 76' lang='grc' dir='ltr'>φθορᾶς</span> 
     </span>
    </p>
   </div>
   <div class='ocr_carea' id='block_1_70' title="bbox 162 3957 1734 4030">
    <p class='ocr_par' dir='ltr' id='par_1_70' title="bbox 162 3957 1734 4030">
     <span class='ocr_line' id='line_1_70' title="bbox 162 3957 1734 4030; baseline -0.001 -21"><span class='ocrx_word' id='word_1_547' title='bbox 162 3958 473 4029; x_wconf 81' lang='grc' dir='ltr'>ἐπορεύθη.</span> <span class='ocrx_word' id='word_1_548' title='bbox 523 3957 686 4019; x_wconf 75' lang='grc' dir='ltr'>Γνοὺς</span> <span class='ocrx_word' id='word_1_549' title='bbox 748 3959 800 4010; x_wconf 76' lang='grc' dir='ltr'><strong>δὲ</strong></span> <span class='ocrx_word' id='word_1_550' title='bbox 833 3958 948 4025; x_wconf 84' lang='grc' dir='ltr'>μεθ’</span> <span class='ocrx_word' id='word_1_551' title='bbox 985 3960 1195 4029; x_wconf 78' lang='grc' dir='ltr'>ἡμέρας</span> <span class='ocrx_word' id='word_1_552' title='bbox 1252 3959 1281 4009; x_wconf 85' lang='grc' dir='ltr'>ὁ</span> <span class='ocrx_word' id='word_1_553' title='bbox 1328 3958 1510 4030; x_wconf 77' lang='grc' dir='ltr'>πατὴρ</span> <span class='ocrx_word' id='word_1_554' title='bbox 1545 3959 1734 4026; x_wconf 79' lang='grc' dir='ltr'>αὐτῆς,</span> 
     </span>
    </p>
   </div>
   <div class='ocr_carea' id='block_1_71' title="bbox 164 4046 1740 4118">
    <p class='ocr_par' dir='ltr' id='par_1_71' title="bbox 164 4046 1740 4118">
     <span class='ocr_line' id='line_1_71' title="bbox 164 4046 1740 4118; baseline 0.001 -19"><span class='ocrx_word' id='word_1_555' title='bbox 164 4049 443 4118; x_wconf 71' lang='grc' dir='ltr'>ἐξῄτησεν</span> <span class='ocrx_word' id='word_1_556' title='bbox 493 4048 661 4117; x_wconf 76' lang='grc' dir='ltr'>αὑτὴν</span> <span class='ocrx_word' id='word_1_557' title='bbox 691 4046 866 4115; x_wconf 73' lang='grc' dir='ltr'>λέγων</span> <span class='ocrx_word' id='word_1_558' title='bbox 889 4065 900 4078; x_wconf 92' lang='grc'><strong>·</strong></span> <span class='ocrx_word' id='word_1_559' title='bbox 941 4049 1110 4100; x_wconf 80' lang='grc' dir='ltr'>Πόθεν</span> <span class='ocrx_word' id='word_1_560' title='bbox 1140 4065 1220 4100; x_wconf 88' lang='grc' dir='ltr'><strong>σοι</strong></span> <span class='ocrx_word' id='word_1_561' title='bbox 1251 4047 1444 4113; x_wconf 75' lang='grc' dir='ltr'>τοῦτο;</span> <span class='ocrx_word' id='word_1_562' title='bbox 1475 4048 1584 4101; x_wconf 66' lang='grc' dir='ltr'><strong>Καὶ</strong></span> <span class='ocrx_word' id='word_1_563' title='bbox 1615 4047 1740 4100; x_wconf 75' lang='grc' dir='ltr'>εσα-</span> 
     </span>
    </p>
   </div>
   <div class='ocr_carea' id='block_1_72' title="bbox 165 4139 1196 4208">
    <p class='ocr_par' dir='ltr' id='par_1_72' title="bbox 165 4139 1196 4208">
     <span class='ocr_line' id='line_1_72' title="bbox 165 4139 1196 4208; baseline -0.001 -15"><span class='ocrx_word' id='word_1_564' title='bbox 165 4142 225 4193; x_wconf 83' lang='grc' dir='ltr'><strong>λε</strong></span> <span class='ocrx_word' id='word_1_565' title='bbox 255 4142 363 4208; x_wconf 83' lang='grc' dir='ltr'>τὴν</span> <span class='ocrx_word' id='word_1_566' title='bbox 383 4142 564 4192; x_wconf 77' lang='grc' dir='ltr'>αἰτίαν</span> <span class='ocrx_word' id='word_1_567' title='bbox 593 4141 776 4192; x_wconf 83' lang='grc' dir='ltr'><strong>ὲπὰνω</strong></span> <span class='ocrx_word' id='word_1_568' title='bbox 806 4139 894 4191; x_wconf 66' lang='grc' dir='ltr'>τοῦ</span> <span class='ocrx_word' id='word_1_569' title='bbox 931 4140 1196 4202; x_wconf 71' lang='grc' dir='ltr'>Μαρίνου.</span> 
     </span>
    </p>
   </div>
   <div class='ocr_carea' id='block_1_73' title="bbox 1849 3778 3418 3839">
    <p class='ocr_par' dir='ltr' id='par_1_73' title="bbox 1849 3778 3418 3839">
     <span class='ocr_line' id='line_1_73' title="bbox 1849 3778 3418 3839; baseline -0.004 -8"><span class='ocrx_word' id='word_1_570' title='bbox 1849 3791 1942 3831; x_wconf 91' lang='lat' dir='ltr'><strong>sus</strong></span> <span class='ocrx_word' id='word_1_571' title='bbox 2004 3779 2392 3839; x_wconf 78' lang='lat' dir='ltr'><strong>diversorium,</strong></span> <span class='ocrx_word' id='word_1_572' title='bbox 2454 3781 2503 3834; x_wconf 91' lang='lat' dir='ltr'><strong>ei</strong></span> <span class='ocrx_word' id='word_1_573' title='bbox 2576 3779 2757 3833; x_wconf 85' lang='lat' dir='ltr'><strong>attulit</strong></span> <span class='ocrx_word' id='word_1_574' title='bbox 2835 3778 3027 3830; x_wconf 78' lang='lat' dir='ltr'><strong>vitium</strong></span> <span class='ocrx_word' id='word_1_575' title='bbox 3085 3793 3100 3832; x_wconf 89' lang='lat'>:</span> <span class='ocrx_word' id='word_1_576' title='bbox 3167 3790 3231 3830; x_wconf 86' lang='lat' dir='ltr'><strong>ea</strong></span> <span class='ocrx_word' id='word_1_577' title='bbox 3286 3787 3418 3828; x_wconf 89' lang='lat' dir='ltr'><strong>vero</strong></span> 
     </span>
    </p>
   </div>
   <div class='ocr_carea' id='block_1_74' title="bbox 1841 3861 3423 3948">
    <p class='ocr_par' dir='ltr' id='par_1_74' title="bbox 1841 3861 3423 3948">
     <span class='ocr_line' id='line_1_74' title="bbox 1841 3861 3423 3948; baseline -0.004 -27"><span class='ocrx_word' id='word_1_578' title='bbox 1841 3867 2115 3935; x_wconf 84' lang='lat' dir='ltr'><strong>concepit.</strong></span> <span class='ocrx_word' id='word_1_579' title='bbox 2172 3869 2435 3948; x_wconf 67' lang='lat' dir='ltr'><strong>Prmccpit</strong></span> <span class='ocrx_word' id='word_1_580' title='bbox 2481 3882 2664 3922; x_wconf 85' lang='lat' dir='ltr'><strong>autem</strong></span> <span class='ocrx_word' id='word_1_581' title='bbox 2721 3868 2810 3920; x_wconf 91' lang='lat' dir='ltr'><strong>ille</strong></span> <span class='ocrx_word' id='word_1_582' title='bbox 2868 3868 3047 3930; x_wconf 89' lang='lat' dir='ltr'><strong>miles,</strong></span> <span class='ocrx_word' id='word_1_583' title='bbox 3085 3865 3275 3918; x_wconf 89' lang='lat' dir='ltr'><strong>dicens</strong></span> <span class='ocrx_word' id='word_1_584' title='bbox 3315 3880 3328 3917; x_wconf 92' lang='lat'><strong>:</strong></span> <span class='ocrx_word' id='word_1_585' title='bbox 3367 3861 3423 3916; x_wconf 89' lang='lat' dir='ltr'><strong>Si</strong></span> 
     </span>
    </p>
   </div>
   <div class='ocr_carea' id='block_1_75' title="bbox 1845 3954 3424 4030">
    <p class='ocr_par' dir='ltr' id='par_1_75' title="bbox 1845 3954 3424 4030">
     <span class='ocr_line' id='line_1_75' title="bbox 1845 3954 3424 4030; baseline -0.004 -17"><span class='ocrx_word' id='word_1_586' title='bbox 1845 3961 1958 4013; x_wconf 80' lang='lat' dir='ltr'><strong>haec</strong></span> <span class='ocrx_word' id='word_1_587' title='bbox 1997 3976 2083 4012; x_wconf 87' lang='lat' dir='ltr'><strong>res</strong></span> <span class='ocrx_word' id='word_1_588' title='bbox 2114 3959 2276 4013; x_wconf 83' lang='lat' dir='ltr'><strong>fuerit</strong></span> <span class='ocrx_word' id='word_1_589' title='bbox 2301 3962 2539 4030; x_wconf 78' lang='lat' dir='ltr'><strong>cognita,</strong></span> <span class='ocrx_word' id='word_1_590' title='bbox 2577 3969 2633 4012; x_wconf 87' lang='lat' dir='ltr'><strong>et</strong></span> <span class='ocrx_word' id='word_1_591' title='bbox 2674 3969 2724 4014; x_wconf 89' lang='lat' dir='ltr'><strong>te</strong></span> <span class='ocrx_word' id='word_1_592' title='bbox 2746 3959 3181 4015; x_wconf 78' lang='lat' dir='ltr'><strong>examinaveriut</strong></span> <span class='ocrx_word' id='word_1_593' title='bbox 3215 3954 3294 4008; x_wconf 91' lang='lat' dir='ltr'><strong>tui</strong></span> <span class='ocrx_word' id='word_1_594' title='bbox 3325 3970 3424 4024; x_wconf 82' lang='lat' dir='ltr'><strong>pa-</strong></span> 
     </span>
    </p>
   </div>
   <div class='ocr_carea' id='block_1_76' title="bbox 1843 4047 3431 4113">
    <p class='ocr_par' dir='ltr' id='par_1_76' title="bbox 1843 4047 3431 4113">
     <span class='ocr_line' id='line_1_76' title="bbox 1843 4047 3431 4113; baseline -0.001 -12"><span class='ocrx_word' id='word_1_595' title='bbox 1843 4058 2047 4109; x_wconf 89' lang='lat' dir='ltr'><strong>rentes,</strong></span> <span class='ocrx_word' id='word_1_596' title='bbox 2097 4050 2240 4101; x_wconf 90' lang='lat' dir='ltr'><strong>unde</strong></span> <span class='ocrx_word' id='word_1_597' title='bbox 2297 4050 2399 4102; x_wconf 82' lang='lat' dir='ltr'><strong>hoc</strong></span> <span class='ocrx_word' id='word_1_598' title='bbox 2446 4050 2652 4102; x_wconf 79' lang='lat' dir='ltr'><strong>factum</strong></span> <span class='ocrx_word' id='word_1_599' title='bbox 2703 4051 2794 4113; x_wconf 94' lang='lat' dir='ltr'><strong>sit,</strong></span> <span class='ocrx_word' id='word_1_600' title='bbox 2838 4049 2926 4102; x_wconf 90' lang='lat' dir='ltr'><strong>dic</strong></span> <span class='ocrx_word' id='word_1_601' title='bbox 2959 4049 3085 4102; x_wconf 89' lang='lat' dir='ltr'><strong>eis:</strong></span> <span class='ocrx_word' id='word_1_602' title='bbox 3135 4047 3431 4100; x_wconf 84' lang='lat' dir='ltr'><strong>Formosus</strong></span> 
     </span>
    </p>
   </div>
   <div class='ocr_carea' id='block_1_77' title="bbox 1846 4140 3430 4210">
    <p class='ocr_par' dir='ltr' id='par_1_77' title="bbox 1846 4140 3430 4210">
     <span class='ocr_line' id='line_1_77' title="bbox 1846 4140 3430 4210; baseline -0.004 -15"><span class='ocrx_word' id='word_1_603' title='bbox 1846 4142 1936 4195; x_wconf 92' lang='lat' dir='ltr'><strong>ille</strong></span> <span class='ocrx_word' id='word_1_604' title='bbox 1959 4142 2144 4210; x_wconf 78' lang='lat' dir='ltr'><strong>iunior</strong></span> <span class='ocrx_word' id='word_1_605' title='bbox 2179 4146 2478 4195; x_wconf 86' lang='lat' dir='ltr'><strong>monachus</strong></span> <span class='ocrx_word' id='word_1_606' title='bbox 2515 4157 2727 4194; x_wconf 88' lang='lat' dir='ltr'><strong>mecum</strong></span> <span class='ocrx_word' id='word_1_607' title='bbox 2761 4140 3008 4201; x_wconf 91' lang='lat' dir='ltr'><strong>dormiit,</strong></span> <span class='ocrx_word' id='word_1_608' title='bbox 3044 4150 3098 4193; x_wconf 90' lang='lat' dir='ltr'><strong>et</strong></span> <span class='ocrx_word' id='word_1_609' title='bbox 3121 4155 3184 4192; x_wconf 85' lang='lat' dir='ltr'><strong>ex</strong></span> <span class='ocrx_word' id='word_1_610' title='bbox 3214 4153 3280 4191; x_wconf 92' lang='lat' dir='ltr'><strong>co</strong></span> <span class='ocrx_word' id='word_1_611' title='bbox 3302 4150 3430 4189; x_wconf 87' lang='lat' dir='ltr'><strong>con-</strong></span> 
     </span>
    </p>
   </div>
   <div class='ocr_carea' id='block_1_78' title="bbox 160 4226 3429 4300">
    <p class='ocr_par' dir='ltr' id='par_1_78' title="bbox 160 4226 3429 4300">
     <span class='ocr_line' id='line_1_78' title="bbox 160 4226 3429 4300; baseline -0.002 -15"><span class='ocrx_word' id='word_1_612' title='bbox 160 4231 318 4300; x_wconf 84' lang='lat' dir='ltr'><strong>cepi.</strong></span> <span class='ocrx_word' id='word_1_613' title='bbox 355 4231 648 4298; x_wconf 81' lang='lat' dir='ltr'><strong>Postquam</strong></span> <span class='ocrx_word' id='word_1_614' title='bbox 681 4243 808 4295; x_wconf 76' lang='lat' dir='ltr'><strong>ergo</strong></span> <span class='ocrx_word' id='word_1_615' title='bbox 837 4226 1040 4295; x_wconf 81' lang='lat' dir='ltr'><strong>egressi</strong></span> <span class='ocrx_word' id='word_1_616' title='bbox 1070 4226 1300 4280; x_wconf 82' lang='lat' dir='ltr'><strong>fuissent</strong></span> <span class='ocrx_word' id='word_1_617' title='bbox 1328 4229 1583 4282; x_wconf 86' lang='lat' dir='ltr'><strong>monachi</strong></span> <span class='ocrx_word' id='word_1_618' title='bbox 1621 4228 1782 4280; x_wconf 91' lang='lat' dir='ltr'><strong>simul</strong></span> <span class='ocrx_word' id='word_1_619' title='bbox 1810 4243 1930 4280; x_wconf 82' lang='lat' dir='ltr'><strong>cum</strong></span> <span class='ocrx_word' id='word_1_620' title='bbox 1966 4230 2193 4291; x_wconf 82' lang='lat' dir='ltr'><strong>Marino,</strong></span> <span class='ocrx_word' id='word_1_621' title='bbox 2227 4232 2446 4283; x_wconf 75' lang='lat' dir='ltr'><strong>rescivit</strong></span> <span class='ocrx_word' id='word_1_622' title='bbox 2481 4239 2633 4297; x_wconf 89' lang='lat' dir='ltr'><strong>pater</strong></span> <span class='ocrx_word' id='word_1_623' title='bbox 2671 4231 2867 4300; x_wconf 75' lang='lat' dir='ltr'><strong>puella:</strong></span> <span class='ocrx_word' id='word_1_624' title='bbox 2894 4229 3054 4282; x_wconf 81' lang='lat' dir='ltr'><strong>tiliam</strong></span> <span class='ocrx_word' id='word_1_625' title='bbox 3087 4244 3240 4282; x_wconf 87' lang='lat' dir='ltr'><strong>suam</strong></span> <span class='ocrx_word' id='word_1_626' title='bbox 3271 4237 3429 4280; x_wconf 89' lang='lat' dir='ltr'><strong>utero</strong></span> 
     </span>
    </p>
   </div>
   <div class='ocr_carea' id='block_1_79' title="bbox 159 4319 3419 4391">
    <p class='ocr_par' dir='ltr' id='par_1_79' title="bbox 159 4319 3419 4391">
     <span class='ocr_line' id='line_1_79' title="bbox 159 4319 3419 4391; baseline -0.002 -12"><span class='ocrx_word' id='word_1_627' title='bbox 159 4321 518 4391; x_wconf 77' lang='lat' dir='ltr'><strong>concepisse.</strong></span> <span class='ocrx_word' id='word_1_628' title='bbox 554 4319 654 4385; x_wconf 85' lang='lat' dir='ltr'><strong>Qui</strong></span> <span class='ocrx_word' id='word_1_629' title='bbox 705 4321 912 4389; x_wconf 78' lang='lat' dir='ltr'><strong>rogavit</strong></span> <span class='ocrx_word' id='word_1_630' title='bbox 951 4335 1070 4374; x_wconf 88' lang='lat' dir='ltr'><strong>eam</strong></span> <span class='ocrx_word' id='word_1_631' title='bbox 1115 4319 1338 4373; x_wconf 85' lang='lat' dir='ltr'><strong>dicens:</strong></span> <span class='ocrx_word' id='word_1_632' title='bbox 1371 4319 1652 4374; x_wconf 86' lang='lat' dir='ltr'><strong>Uudenam</strong></span> <span class='ocrx_word' id='word_1_633' title='bbox 1715 4320 1818 4374; x_wconf 90' lang='lat' dir='ltr'><strong>hoc</strong></span> <span class='ocrx_word' id='word_1_634' title='bbox 1864 4321 1956 4374; x_wconf 91' lang='lat' dir='ltr'><strong>tibi</strong></span> <span class='ocrx_word' id='word_1_635' title='bbox 2007 4320 2204 4376; x_wconf 87' lang='lat' dir='ltr'><strong>factum</strong></span> <span class='ocrx_word' id='word_1_636' title='bbox 2235 4323 2352 4376; x_wconf 84' lang='lat' dir='ltr'><strong>est?</strong></span> <span class='ocrx_word' id='word_1_637' title='bbox 2381 4323 2565 4376; x_wconf 77' lang='lat' dir='ltr'><strong>Puella</strong></span> <span class='ocrx_word' id='word_1_638' title='bbox 2612 4334 2794 4377; x_wconf 89' lang='lat' dir='ltr'><strong>autem</strong></span> <span class='ocrx_word' id='word_1_639' title='bbox 2847 4320 3153 4390; x_wconf 88' lang='lat' dir='ltr'><strong>respondit,</strong></span> <span class='ocrx_word' id='word_1_640' title='bbox 3186 4319 3419 4375; x_wconf 86' lang='lat' dir='ltr'><strong>dicens:</strong></span> 
     </span>
    </p>
   </div>
   <div class='ocr_carea' id='block_1_80' title="bbox 156 4409 3429 4486">
    <p class='ocr_par' dir='ltr' id='par_1_80' title="bbox 156 4409 3429 4486">
     <span class='ocr_line' id='line_1_80' title="bbox 156 4409 3429 4486; baseline -0.004 -11"><span class='ocrx_word' id='word_1_641' title='bbox 156 4417 372 4476; x_wconf 78' lang='lat' dir='ltr'><strong>Junior</strong></span> <span class='ocrx_word' id='word_1_642' title='bbox 399 4417 492 4470; x_wconf 84' lang='lat' dir='ltr'><strong>ille</strong></span> <span class='ocrx_word' id='word_1_643' title='bbox 513 4414 744 4469; x_wconf 73' lang='lat' dir='ltr'><strong>cceuobii</strong></span> <span class='ocrx_word' id='word_1_644' title='bbox 775 4416 1048 4466; x_wconf 73' lang='lat' dir='ltr'><strong>formosus</strong></span> <span class='ocrx_word' id='word_1_645' title='bbox 1070 4415 1394 4476; x_wconf 90' lang='lat' dir='ltr'><strong>monachus,</strong></span> <span class='ocrx_word' id='word_1_646' title='bbox 1417 4414 1508 4484; x_wconf 85' lang='lat' dir='ltr'><strong>qui</strong></span> <span class='ocrx_word' id='word_1_647' title='bbox 1539 4414 1740 4468; x_wconf 88' lang='lat' dir='ltr'><strong>dicitur</strong></span> <span class='ocrx_word' id='word_1_648' title='bbox 1761 4415 2022 4480; x_wconf 80' lang='lat' dir='ltr'><strong>Marinus,</strong></span> <span class='ocrx_word' id='word_1_649' title='bbox 2052 4433 2265 4471; x_wconf 86' lang='lat' dir='ltr'><strong>mecum</strong></span> <span class='ocrx_word' id='word_1_650' title='bbox 2287 4417 2532 4480; x_wconf 83' lang='lat' dir='ltr'><strong>dormiit,</strong></span> <span class='ocrx_word' id='word_1_651' title='bbox 2559 4427 2614 4470; x_wconf 90' lang='lat' dir='ltr'><strong>et</strong></span> <span class='ocrx_word' id='word_1_652' title='bbox 2644 4431 2729 4469; x_wconf 89' lang='lat' dir='ltr'><strong>me</strong></span> <span class='ocrx_word' id='word_1_653' title='bbox 2758 4425 3127 4486; x_wconf 67' lang='lat' dir='ltr'><strong>przvgnantem</strong></span> <span class='ocrx_word' id='word_1_654' title='bbox 3166 4409 3429 4464; x_wconf 85' lang='lat' dir='ltr'><strong>reddidit.</strong></span> 
     </span>
    </p>
   </div>
   <div class='ocr_carea' id='block_1_81' title="bbox 239 4505 1741 4573">
    <p class='ocr_par' dir='ltr' id='par_1_81' title="bbox 239 4505 1741 4573">
     <span class='ocr_line' id='line_1_81' title="bbox 239 4505 1741 4573; baseline -0.002 -14"><span class='ocrx_word' id='word_1_655' title='bbox 239 4508 320 4564; x_wconf 83' lang='lat' dir='ltr'><strong>A&#39;.</strong></span> <span class='ocrx_word' id='word_1_656' title='bbox 375 4508 616 4573; x_wconf 75' lang='grc' dir='ltr'>Ἐπάρας</span> <span class='ocrx_word' id='word_1_657' title='bbox 651 4505 741 4555; x_wconf 74' lang='grc' dir='ltr'><strong>οὖν</strong></span> <span class='ocrx_word' id='word_1_658' title='bbox 762 4505 930 4570; x_wconf 75' lang='grc' dir='ltr'>αὑτὴν</span> <span class='ocrx_word' id='word_1_659' title='bbox 954 4505 979 4554; x_wconf 85' lang='grc' dir='ltr'>ὁ</span> <span class='ocrx_word' id='word_1_660' title='bbox 1009 4505 1329 4571; x_wconf 77' lang='grc' dir='ltr'>πανδοχεὺς,</span> <span class='ocrx_word' id='word_1_661' title='bbox 1377 4505 1741 4573; x_wconf 81' lang='grc' dir='ltr'>παραγίνεται</span> 
     </span>
    </p>
   </div>
   <div class='ocr_carea' id='block_1_82' title="bbox 159 4594 1747 4668">
    <p class='ocr_par' dir='ltr' id='par_1_82' title="bbox 159 4594 1747 4668">
     <span class='ocr_line' id='line_1_82' title="bbox 159 4594 1747 4668; baseline -0.004 -13"><span class='ocrx_word' id='word_1_662' title='bbox 159 4605 223 4655; x_wconf 72' lang='grc' dir='ltr'>ὲν</span> <span class='ocrx_word' id='word_1_663' title='bbox 261 4599 347 4668; x_wconf 84' lang='grc' dir='ltr'>τῷ</span> <span class='ocrx_word' id='word_1_664' title='bbox 377 4597 722 4668; x_wconf 77' lang='grc' dir='ltr'>μοναστηρίῳ</span> <span class='ocrx_word' id='word_1_665' title='bbox 774 4594 992 4664; x_wconf 72' lang='grc' dir='ltr'>κράζων</span> <span class='ocrx_word' id='word_1_666' title='bbox 1037 4597 1131 4646; x_wconf 69' lang='grc' dir='ltr'>καὶ</span> <span class='ocrx_word' id='word_1_667' title='bbox 1164 4595 1338 4657; x_wconf 83' lang='grc' dir='ltr'>λέγων</span> <span class='ocrx_word' id='word_1_668' title='bbox 1367 4609 1377 4622; x_wconf 84' lang='lat'>&#39;</span> <span class='ocrx_word' id='word_1_669' title='bbox 1409 4596 1516 4646; x_wconf 82' lang='grc' dir='ltr'><strong>Ποῦ</strong></span> <span class='ocrx_word' id='word_1_670' title='bbox 1541 4598 1688 4649; x_wconf 78' lang='grc' dir='ltr'>ἐστιν</span> <span class='ocrx_word' id='word_1_671' title='bbox 1719 4598 1747 4649; x_wconf 89' lang='grc' dir='ltr'>ὁ</span> 
     </span>
    </p>
   </div>
   <div class='ocr_carea' id='block_1_83' title="bbox 161 4683 1752 4758">
    <p class='ocr_par' dir='ltr' id='par_1_83' title="bbox 161 4683 1752 4758">
     <span class='ocr_line' id='line_1_83' title="bbox 161 4683 1752 4758; baseline -0.006 -10"><span class='ocrx_word' id='word_1_672' title='bbox 161 4695 386 4748; x_wconf 70' lang='grc' dir='ltr'>πλάνος</span> <span class='ocrx_word' id='word_1_673' title='bbox 421 4693 645 4754; x_wconf 75' lang='grc' dir='ltr'>ἐκεῖνος,</span> <span class='ocrx_word' id='word_1_674' title='bbox 675 4688 734 4740; x_wconf 82' lang='grc' dir='ltr'>ὃν</span> <span class='ocrx_word' id='word_1_675' title='bbox 758 4689 978 4754; x_wconf 87' lang='grc' dir='ltr'>λέγουσι</span> <span class='ocrx_word' id='word_1_676' title='bbox 1013 4683 1380 4758; x_wconf 80' lang='grc' dir='ltr'>Χριστιανόν;</span> <span class='ocrx_word' id='word_1_677' title='bbox 1417 4691 1510 4752; x_wconf 81' lang='grc' dir='ltr'>Ὠς</span> <span class='ocrx_word' id='word_1_678' title='bbox 1540 4688 1594 4739; x_wconf 72' lang='grc' dir='ltr'><strong>δὲ</strong></span> <span class='ocrx_word' id='word_1_679' title='bbox 1625 4707 1752 4740; x_wconf 88' lang='grc' dir='ltr'>συν-</span> 
     </span>
    </p>
   </div>
   <div class='ocr_carea' id='block_1_84' title="bbox 159 4780 1755 4853">
    <p class='ocr_par' dir='ltr' id='par_1_84' title="bbox 159 4780 1755 4853">
     <span class='ocr_line' id='line_1_84' title="bbox 159 4780 1755 4853; baseline -0.002 -17"><span class='ocrx_word' id='word_1_680' title='bbox 159 4788 422 4853; x_wconf 76' lang='grc' dir='ltr'>ήντησεν</span> <span class='ocrx_word' id='word_1_681' title='bbox 461 4781 606 4848; x_wconf 80' lang='grc' dir='ltr'><strong>αὑτῴ</strong></span> <span class='ocrx_word' id='word_1_682' title='bbox 660 4782 687 4832; x_wconf 86' lang='grc' dir='ltr'>ὁ</span> <span class='ocrx_word' id='word_1_683' title='bbox 725 4781 1145 4848; x_wconf 73' lang='grc' dir='ltr'>ἁποκρισιάριος</span> <span class='ocrx_word' id='word_1_684' title='bbox 1185 4780 1286 4847; x_wconf 71' lang='grc' dir='ltr'><strong>ἔφη</strong></span> <span class='ocrx_word' id='word_1_685' title='bbox 1320 4781 1501 4848; x_wconf 76' lang='grc' dir='ltr'>αὐτῷ·</span> <span class='ocrx_word' id='word_1_686' title='bbox 1531 4780 1594 4832; x_wconf 75' lang='grc' dir='ltr'><strong>Τί</strong></span> <span class='ocrx_word' id='word_1_687' title='bbox 1620 4781 1755 4851; x_wconf 82' lang='grc' dir='ltr'><strong>κρά-</strong></span> 
     </span>
    </p>
   </div>
   <div class='ocr_carea' id='block_1_85' title="bbox 157 4865 1752 4941">
    <p class='ocr_par' dir='ltr' id='par_1_85' title="bbox 157 4865 1752 4941">
     <span class='ocr_line' id='line_1_85' title="bbox 157 4865 1752 4941; baseline -0.004 -14"><span class='ocrx_word' id='word_1_688' title='bbox 157 4879 221 4940; x_wconf 84' lang='grc' dir='ltr'>ζε</span> <span class='ocrx_word' id='word_1_689' title='bbox 235 4892 309 4938; x_wconf 87' lang='grc' dir='ltr'><strong>ις,</strong></span> <span class='ocrx_word' id='word_1_690' title='bbox 347 4874 570 4941; x_wconf 73' lang='grc' dir='ltr'>ἑταῖρε;</span> <span class='ocrx_word' id='word_1_691' title='bbox 609 4873 667 4924; x_wconf 83' lang='lat'><strong>&#39;0</strong></span> <span class='ocrx_word' id='word_1_692' title='bbox 701 4869 754 4921; x_wconf 82' lang='grc' dir='ltr'>δὲ</span> <span class='ocrx_word' id='word_1_693' title='bbox 776 4865 928 4921; x_wconf 82' lang='grc' dir='ltr'>εἶπεν</span> <span class='ocrx_word' id='word_1_694' title='bbox 951 4886 964 4900; x_wconf 86' lang='grc'><strong>·</strong></span> <span class='ocrx_word' id='word_1_695' title='bbox 992 4871 1112 4922; x_wconf 76' lang='grc' dir='ltr'>Ὀτι</span> <span class='ocrx_word' id='word_1_696' title='bbox 1151 4872 1292 4937; x_wconf 84' lang='grc' dir='ltr'>κακῇ</span> <span class='ocrx_word' id='word_1_697' title='bbox 1322 4872 1439 4940; x_wconf 65' lang='grc' dir='ltr'><strong>ὥρᾳ</strong></span> <span class='ocrx_word' id='word_1_698' title='bbox 1464 4871 1752 4940; x_wconf 84' lang='grc' dir='ltr'>συνέτυχον</span> 
     </span>
    </p>
   </div>
   <div class='ocr_carea' id='block_1_86' title="bbox 156 4961 1750 5037">
    <p class='ocr_par' dir='ltr' id='par_1_86' title="bbox 156 4961 1750 5037">
     <span class='ocr_line' id='line_1_86' title="bbox 156 4961 1750 5037; baseline -0.004 -16"><span class='ocrx_word' id='word_1_699' title='bbox 156 4973 328 5037; x_wconf 71' lang='grc' dir='ltr'>ὑμῖν,</span> <span class='ocrx_word' id='word_1_700' title='bbox 369 4966 564 5034; x_wconf 77' lang='grc' dir='ltr'>καὶμὴ</span> <span class='ocrx_word' id='word_1_701' title='bbox 597 4964 805 5030; x_wconf 80' lang='grc' dir='ltr'>γένοιτὸ</span> <span class='ocrx_word' id='word_1_702' title='bbox 839 4981 928 5032; x_wconf 80' lang='grc' dir='ltr'><strong>μοι</strong></span> <span class='ocrx_word' id='word_1_703' title='bbox 967 4961 1043 5014; x_wconf 75' lang='grc' dir='ltr'>ἔτι</span> <span class='ocrx_word' id='word_1_704' title='bbox 1080 4964 1206 5014; x_wconf 74' lang='grc' dir='ltr'>ἰδεῖν</span> <span class='ocrx_word' id='word_1_705' title='bbox 1242 4963 1508 5032; x_wconf 73' lang='grc' dir='ltr'>μοναχοὺς</span> <span class='ocrx_word' id='word_1_706' title='bbox 1535 4963 1628 5014; x_wconf 74' lang='grc' dir='ltr'>καὶ</span> <span class='ocrx_word' id='word_1_707' title='bbox 1652 4965 1750 5014; x_wconf 86' lang='grc' dir='ltr'><strong>ὃσα</strong></span> 
     </span>
    </p>
   </div>
   <div class='ocr_carea' id='block_1_87' title="bbox 1930 4502 3430 4572">
    <p class='ocr_par' dir='ltr' id='par_1_87' title="bbox 1930 4502 3430 4572">
     <span class='ocr_line' id='line_1_87' title="bbox 1930 4502 3430 4572; baseline -0.003 -12"><span class='ocrx_word' id='word_1_708' title='bbox 1930 4507 2019 4561; x_wconf 85' lang='lat' dir='ltr'><strong>IV.</strong></span> <span class='ocrx_word' id='word_1_709' title='bbox 2052 4506 2187 4560; x_wconf 87' lang='lat' dir='ltr'><strong>Cum</strong></span> <span class='ocrx_word' id='word_1_710' title='bbox 2222 4508 2336 4561; x_wconf 62' lang='lat' dir='ltr'><strong>htec</strong></span> <span class='ocrx_word' id='word_1_711' title='bbox 2365 4518 2550 4559; x_wconf 90' lang='lat' dir='ltr'><strong>autem</strong></span> <span class='ocrx_word' id='word_1_712' title='bbox 2573 4507 2837 4558; x_wconf 86' lang='lat' dir='ltr'><strong>audiisset</strong></span> <span class='ocrx_word' id='word_1_713' title='bbox 2867 4503 3158 4572; x_wconf 68' lang='lat' dir='ltr'><strong>prarfcctus</strong></span> <span class='ocrx_word' id='word_1_714' title='bbox 3181 4502 3430 4555; x_wconf 74' lang='lat' dir='ltr'><strong>diverso—-</strong></span> 
     </span>
    </p>
   </div>
   <div class='ocr_carea' id='block_1_88' title="bbox 1855 4591 3432 4666">
    <p class='ocr_par' dir='ltr' id='par_1_88' title="bbox 1855 4591 3432 4666">
     <span class='ocr_line' id='line_1_88' title="bbox 1855 4591 3432 4666; baseline -0.004 -14"><span class='ocrx_word' id='word_1_715' title='bbox 1855 4600 1944 4663; x_wconf 88' lang='lat' dir='ltr'><strong>rii,</strong></span> <span class='ocrx_word' id='word_1_716' title='bbox 1977 4615 2137 4653; x_wconf 88' lang='lat' dir='ltr'><strong>cursu</strong></span> <span class='ocrx_word' id='word_1_717' title='bbox 2165 4609 2219 4653; x_wconf 94' lang='lat' dir='ltr'><strong>et</strong></span> <span class='ocrx_word' id='word_1_718' title='bbox 2246 4614 2367 4652; x_wconf 88' lang='lat' dir='ltr'><strong>cum</strong></span> <span class='ocrx_word' id='word_1_719' title='bbox 2410 4615 2600 4666; x_wconf 76' lang='lat' dir='ltr'><strong>magna</strong></span> <span class='ocrx_word' id='word_1_720' title='bbox 2637 4598 2716 4651; x_wconf 85' lang='lat' dir='ltr'><strong>ira</strong></span> <span class='ocrx_word' id='word_1_721' title='bbox 2749 4597 2898 4650; x_wconf 90' lang='lat' dir='ltr'><strong>venit</strong></span> <span class='ocrx_word' id='word_1_722' title='bbox 2925 4596 2975 4648; x_wconf 91' lang='lat' dir='ltr'><strong>iu</strong></span> <span class='ocrx_word' id='word_1_723' title='bbox 3005 4591 3432 4658; x_wconf 85' lang='lat' dir='ltr'><strong>monasterium,</strong></span> 
     </span>
    </p>
   </div>
   <div class='ocr_carea' id='block_1_89' title="bbox 1858 4686 3431 4757">
    <p class='ocr_par' dir='ltr' id='par_1_89' title="bbox 1858 4686 3431 4757">
     <span class='ocr_line' id='line_1_89' title="bbox 1858 4686 3431 4757; baseline -0.004 -11"><span class='ocrx_word' id='word_1_724' title='bbox 1858 4708 1982 4746; x_wconf 90' lang='lat' dir='ltr'><strong>eum</strong></span> <span class='ocrx_word' id='word_1_725' title='bbox 2017 4708 2300 4754; x_wconf 86' lang='lat' dir='ltr'><strong>accusans,</strong></span> <span class='ocrx_word' id='word_1_726' title='bbox 2334 4702 2388 4745; x_wconf 89' lang='lat' dir='ltr'><strong>et</strong></span> <span class='ocrx_word' id='word_1_727' title='bbox 2423 4693 2611 4744; x_wconf 89' lang='lat' dir='ltr'><strong>dicens</strong></span> <span class='ocrx_word' id='word_1_728' title='bbox 2644 4708 2656 4742; x_wconf 88' lang='lat'>:</span> <span class='ocrx_word' id='word_1_729' title='bbox 2690 4691 2792 4744; x_wconf 89' lang='lat' dir='ltr'><strong>Ubi</strong></span> <span class='ocrx_word' id='word_1_730' title='bbox 2850 4698 2934 4743; x_wconf 88' lang='lat' dir='ltr'><strong>est</strong></span> <span class='ocrx_word' id='word_1_731' title='bbox 2977 4689 3066 4742; x_wconf 86' lang='lat' dir='ltr'><strong>ille</strong></span> <span class='ocrx_word' id='word_1_732' title='bbox 3090 4687 3302 4757; x_wconf 88' lang='lat' dir='ltr'><strong>planus,</strong></span> <span class='ocrx_word' id='word_1_733' title='bbox 3340 4686 3431 4740; x_wconf 86' lang='lat' dir='ltr'><strong>ille</strong></span> 
     </span>
    </p>
   </div>
   <div class='ocr_carea' id='block_1_90' title="bbox 1858 4777 3430 4850">
    <p class='ocr_par' dir='ltr' id='par_1_90' title="bbox 1858 4777 3430 4850">
     <span class='ocr_line' id='line_1_90' title="bbox 1858 4777 3430 4850; baseline -0.004 -13"><span class='ocrx_word' id='word_1_734' title='bbox 1858 4783 2026 4838; x_wconf 82' lang='lat' dir='ltr'><strong>falsus</strong></span> <span class='ocrx_word' id='word_1_735' title='bbox 2077 4783 2440 4846; x_wconf 78' lang='lat' dir='ltr'><strong>Christianus,</strong></span> <span class='ocrx_word' id='word_1_736' title='bbox 2480 4797 2642 4850; x_wconf 91' lang='lat' dir='ltr'><strong>quem</strong></span> <span class='ocrx_word' id='word_1_737' title='bbox 2685 4780 2869 4834; x_wconf 88' lang='lat' dir='ltr'><strong>dicitis</strong></span> <span class='ocrx_word' id='word_1_738' title='bbox 2911 4795 3030 4833; x_wconf 82' lang='lat' dir='ltr'><strong>esse</strong></span> <span class='ocrx_word' id='word_1_739' title='bbox 3060 4777 3430 4831; x_wconf 77' lang='lat' dir='ltr'><strong>monachum?</strong></span> 
     </span>
    </p>
   </div>
   <div class='ocr_carea' id='block_1_91' title="bbox 1859 4865 3431 4939">
    <p class='ocr_par' dir='ltr' id='par_1_91' title="bbox 1859 4865 3431 4939">
     <span class='ocr_line' id='line_1_91' title="bbox 1859 4865 3431 4939; baseline -0.007 -10"><span class='ocrx_word' id='word_1_740' title='bbox 1859 4874 1922 4929; x_wconf 87' lang='lat' dir='ltr'><strong>Ei</strong></span> <span class='ocrx_word' id='word_1_741' title='bbox 1955 4889 2085 4926; x_wconf 87' lang='lat' dir='ltr'><strong>vero</strong></span> <span class='ocrx_word' id='word_1_742' title='bbox 2108 4873 2284 4926; x_wconf 83' lang='lat' dir='ltr'><strong>factus</strong></span> <span class='ocrx_word' id='word_1_743' title='bbox 2310 4882 2394 4925; x_wconf 90' lang='lat' dir='ltr'><strong>est</strong></span> <span class='ocrx_word' id='word_1_744' title='bbox 2417 4872 2633 4924; x_wconf 82' lang='lat' dir='ltr'><strong>obviam</strong></span> <span class='ocrx_word' id='word_1_745' title='bbox 2659 4868 3052 4939; x_wconf 87' lang='lat' dir='ltr'><strong>apocrisiarius</strong></span> <span class='ocrx_word' id='word_1_746' title='bbox 3079 4865 3431 4930; x_wconf 77' lang='lat' dir='ltr'><strong>monasterii,</strong></span> 
     </span>
    </p>
   </div>
   <div class='ocr_carea' id='block_1_92' title="bbox 1857 4958 3431 5027">
    <p class='ocr_par' dir='ltr' id='par_1_92' title="bbox 1857 4958 3431 5027">
     <span class='ocr_line' id='line_1_92' title="bbox 1857 4958 3431 5027; baseline -0.006 -7"><span class='ocrx_word' id='word_1_747' title='bbox 1857 4975 1914 5020; x_wconf 91' lang='lat' dir='ltr'><strong>et</strong></span> <span class='ocrx_word' id='word_1_748' title='bbox 1935 4965 2067 5019; x_wconf 91' lang='lat' dir='ltr'><strong>dicit</strong></span> <span class='ocrx_word' id='word_1_749' title='bbox 2106 4965 2154 5018; x_wconf 90' lang='lat' dir='ltr'><strong>ci</strong></span> <span class='ocrx_word' id='word_1_750' title='bbox 2183 4982 2196 5019; x_wconf 92' lang='lat'>:</span> <span class='ocrx_word' id='word_1_751' title='bbox 2230 4964 2373 5017; x_wconf 88' lang='lat' dir='ltr'><strong>Bene</strong></span> <span class='ocrx_word' id='word_1_752' title='bbox 2396 4963 2610 5027; x_wconf 88' lang='lat' dir='ltr'><strong>venisti,</strong></span> <span class='ocrx_word' id='word_1_753' title='bbox 2643 4962 2827 5015; x_wconf 81' lang='lat' dir='ltr'><strong>frater.</strong></span> <span class='ocrx_word' id='word_1_754' title='bbox 2859 4961 2969 5014; x_wconf 87' lang='lat' dir='ltr'><strong>Cur</strong></span> <span class='ocrx_word' id='word_1_755' title='bbox 2994 4976 3054 5014; x_wconf 86' lang='lat' dir='ltr'><strong>es</strong></span> <span class='ocrx_word' id='word_1_756' title='bbox 3077 4961 3212 5014; x_wconf 87' lang='lat' dir='ltr'><strong>adeo</strong></span> <span class='ocrx_word' id='word_1_757' title='bbox 3237 4958 3431 5022; x_wconf 88' lang='lat' dir='ltr'><strong>tristis,</strong></span> 
     </span>
    </p>
   </div>
   <div class='ocr_carea' id='block_1_93' title="bbox 150 5041 1748 5124">
    <p class='ocr_par' dir='ltr' id='par_1_93' title="bbox 150 5054 1748 5124">
     <span class='ocr_line' id='line_1_93' title="bbox 150 5054 1748 5124; baseline -0.004 -10"><span class='ocrx_word' id='word_1_758' title='bbox 150 5059 430 5113; x_wconf 80' lang='grc' dir='ltr'>τοιαῦτα.</span> <span class='ocrx_word' id='word_1_759' title='bbox 460 5056 691 5124; x_wconf 80' lang='grc' dir='ltr'><strong>Ὁμοίως</strong></span> <span class='ocrx_word' id='word_1_760' title='bbox 717 5055 772 5107; x_wconf 83' lang='grc' dir='ltr'><strong>δὲ</strong></span> <span class='ocrx_word' id='word_1_761' title='bbox 808 5056 898 5106; x_wconf 75' lang='grc' dir='ltr'>καὶ</span> <span class='ocrx_word' id='word_1_762' title='bbox 947 5054 1020 5122; x_wconf 77' lang='grc' dir='ltr'>τῷ</span> <span class='ocrx_word' id='word_1_763' title='bbox 1055 5056 1342 5123; x_wconf 74' lang='grc' dir='ltr'>ἡγουμένῳ</span> <span class='ocrx_word' id='word_1_764' title='bbox 1374 5056 1526 5123; x_wconf 78' lang='grc' dir='ltr'>ἔλεγε</span> <span class='ocrx_word' id='word_1_765' title='bbox 1553 5054 1748 5116; x_wconf 73' lang='grc' dir='ltr'>ταῦτα,</span> 
     </span>
    </p>
   </div>
   <div class='ocr_carea' id='block_1_94' title="bbox 1835 5041 3435 5124">
    <p class='ocr_par' dir='ltr' id='par_1_94' title="bbox 1858 5052 3435 5121">
     <span class='ocr_line' id='line_1_94' title="bbox 1858 5052 3435 5121; baseline -0.006 -11"><span class='ocrx_word' id='word_1_766' title='bbox 1858 5067 1914 5110; x_wconf 90' lang='lat' dir='ltr'><strong>et</strong></span> <span class='ocrx_word' id='word_1_767' title='bbox 1947 5072 2046 5110; x_wconf 90' lang='lat' dir='ltr'><strong>cur</strong></span> <span class='ocrx_word' id='word_1_768' title='bbox 2080 5065 2184 5109; x_wconf 88' lang='lat' dir='ltr'><strong>tam</strong></span> <span class='ocrx_word' id='word_1_769' title='bbox 2219 5065 2422 5109; x_wconf 87' lang='lat' dir='ltr'><strong>temere</strong></span> <span class='ocrx_word' id='word_1_770' title='bbox 2456 5055 2736 5121; x_wconf 86' lang='lat' dir='ltr'><strong>loqueris?</strong></span> <span class='ocrx_word' id='word_1_771' title='bbox 2773 5052 2936 5106; x_wconf 78' lang='lat' dir='ltr'><strong>Cessa</strong></span> <span class='ocrx_word' id='word_1_772' title='bbox 2975 5065 3287 5119; x_wconf 82' lang='lat' dir='ltr'><strong>parumper.</strong></span> <span class='ocrx_word' id='word_1_773' title='bbox 3336 5064 3435 5102; x_wconf 85' lang='lat' dir='ltr'><strong>ro—</strong></span> 
     </span>
    </p>
   </div>
   <div class='ocr_carea' id='block_1_95' title="bbox 151 5140 1751 5217">
    <p class='ocr_par' dir='ltr' id='par_1_95' title="bbox 151 5140 1751 5217">
     <span class='ocr_line' id='line_1_95' title="bbox 151 5140 1751 5217; baseline -0.003 -14"><span class='ocrx_word' id='word_1_774' title='bbox 151 5156 245 5207; x_wconf 73' lang='grc' dir='ltr'>ἓτι</span> <span class='ocrx_word' id='word_1_775' title='bbox 283 5153 367 5203; x_wconf 75' lang='grc' dir='ltr'><strong>Τὸ</strong></span> <span class='ocrx_word' id='word_1_776' title='bbox 404 5140 693 5217; x_wconf 67' lang='grc' dir='ltr'>Θυγάτριόν</span> <span class='ocrx_word' id='word_1_777' title='bbox 733 5163 856 5216; x_wconf 80' lang='grc' dir='ltr'>μου,</span> <span class='ocrx_word' id='word_1_778' title='bbox 897 5148 1090 5216; x_wconf 77' lang='grc' dir='ltr'>πάτερ,</span> <span class='ocrx_word' id='word_1_779' title='bbox 1118 5146 1145 5199; x_wconf 85' lang='lat'><strong>6</strong></span> <span class='ocrx_word' id='word_1_780' title='bbox 1187 5147 1477 5214; x_wconf 82' lang='grc' dir='ltr'>μονογενὲς</span> <span class='ocrx_word' id='word_1_781' title='bbox 1502 5143 1668 5216; x_wconf 77' lang='grc' dir='ltr'>εἶχον,</span> <span class='ocrx_word' id='word_1_782' title='bbox 1694 5150 1751 5199; x_wconf 82' lang='grc' dir='ltr'>ὲν</span> 
     </span>
    </p>
   </div>
   <div class='ocr_carea' id='block_1_96' title="bbox 151 5238 1756 5312">
    <p class='ocr_par' dir='ltr' id='par_1_96' title="bbox 151 5238 1756 5312">
     <span class='ocr_line' id='line_1_96' title="bbox 151 5238 1756 5312; baseline -0.002 -17"><span class='ocrx_word' id='word_1_783' title='bbox 151 5241 201 5312; x_wconf 82' lang='grc' dir='ltr'><strong>ᾧ</strong></span> <span class='ocrx_word' id='word_1_784' title='bbox 233 5243 622 5312; x_wconf 74' lang='grc' dir='ltr'>προσεδόκων,</span> <span class='ocrx_word' id='word_1_785' title='bbox 652 5240 734 5291; x_wconf 76' lang='grc' dir='ltr'>ὅτι</span> <span class='ocrx_word' id='word_1_786' title='bbox 766 5240 824 5292; x_wconf 81' lang='grc' dir='ltr'><strong>τὸ</strong></span> <span class='ocrx_word' id='word_1_787' title='bbox 856 5238 1034 5308; x_wconf 75' lang='grc' dir='ltr'>γῆράς</span> <span class='ocrx_word' id='word_1_788' title='bbox 1065 5257 1168 5308; x_wconf 84' lang='grc' dir='ltr'>μου</span> <span class='ocrx_word' id='word_1_789' title='bbox 1215 5238 1326 5308; x_wconf 79' lang='grc' dir='ltr'>ἔχει</span> <span class='ocrx_word' id='word_1_790' title='bbox 1353 5239 1756 5306; x_wconf 81' lang='grc' dir='ltr'>ἀναπαυθῆναι,</span> 
     </span>
    </p>
   </div>
   <div class='ocr_carea' id='block_1_97' title="bbox 151 5333 1757 5405">
    <p class='ocr_par' dir='ltr' id='par_1_97' title="bbox 151 5333 1757 5405">
     <span class='ocr_line' id='line_1_97' title="bbox 151 5333 1757 5405; baseline -0.004 -14"><span class='ocrx_word' id='word_1_791' title='bbox 151 5338 266 5391; x_wconf 68' lang='grc' dir='ltr'>καὶ</span> <span class='ocrx_word' id='word_1_792' title='bbox 323 5333 438 5388; x_wconf 78' lang='grc' dir='ltr'>ἰδοὺ</span> <span class='ocrx_word' id='word_1_793' title='bbox 469 5333 519 5386; x_wconf 79' lang='grc' dir='ltr'><strong>τί</strong></span> <span class='ocrx_word' id='word_1_794' title='bbox 570 5334 789 5405; x_wconf 76' lang='grc' dir='ltr'>ἐποίησε</span> <span class='ocrx_word' id='word_1_795' title='bbox 840 5352 930 5403; x_wconf 87' lang='grc' dir='ltr'><strong>μοι</strong></span> <span class='ocrx_word' id='word_1_796' title='bbox 981 5335 1248 5404; x_wconf 77' lang='grc' dir='ltr'>Μαρῖνος,</span> <span class='ocrx_word' id='word_1_797' title='bbox 1301 5334 1358 5386; x_wconf 88' lang='grc' dir='ltr'>ὃν</span> <span class='ocrx_word' id='word_1_798' title='bbox 1408 5334 1593 5402; x_wconf 82' lang='grc' dir='ltr'>λέγετε</span> <span class='ocrx_word' id='word_1_799' title='bbox 1622 5335 1757 5402; x_wconf 82' lang='grc' dir='ltr'>Χρι-</span> 
     </span>
    </p>
   </div>
   <div class='ocr_carea' id='block_1_98' title="bbox 155 5424 1752 5498">
    <p class='ocr_par' dir='ltr' id='par_1_98' title="bbox 155 5424 1752 5498">
     <span class='ocr_line' id='line_1_98' title="bbox 155 5424 1752 5498; baseline -0.003 -17"><span class='ocrx_word' id='word_1_800' title='bbox 155 5425 424 5482; x_wconf 77' lang='grc' dir='ltr'>στιανόν.</span> <span class='ocrx_word' id='word_1_801' title='bbox 488 5425 652 5493; x_wconf 77' lang='grc' dir='ltr'>Λέγει</span> <span class='ocrx_word' id='word_1_802' title='bbox 685 5425 834 5498; x_wconf 80' lang='grc' dir='ltr'>αὐτῷ</span> <span class='ocrx_word' id='word_1_803' title='bbox 865 5429 893 5478; x_wconf 88' lang='lat'><strong>6</strong></span> <span class='ocrx_word' id='word_1_804' title='bbox 922 5425 1244 5495; x_wconf 75' lang='grc' dir='ltr'>ἡγούμενος·</span> <span class='ocrx_word' id='word_1_805' title='bbox 1297 5424 1541 5493; x_wconf 78' lang='grc' dir='ltr'>Ἀδελφὲ.</span> <span class='ocrx_word' id='word_1_806' title='bbox 1581 5425 1634 5477; x_wconf 83' lang='grc' dir='ltr'>τί</span> <span class='ocrx_word' id='word_1_807' title='bbox 1673 5442 1752 5477; x_wconf 88' lang='grc' dir='ltr'><strong>σοι</strong></span> 
     </span>
    </p>
   </div>
   <div class='ocr_carea' id='block_1_99' title="bbox 153 5510 1749 5589">
    <p class='ocr_par' dir='ltr' id='par_1_99' title="bbox 153 5510 1749 5589">
     <span class='ocr_line' id='line_1_99' title="bbox 153 5510 1749 5589; baseline -0.004 -19"><span class='ocrx_word' id='word_1_808' title='bbox 153 5519 421 5589; x_wconf 72' lang='grc' dir='ltr'>ποιήσω,</span> <span class='ocrx_word' id='word_1_809' title='bbox 460 5515 537 5586; x_wconf 77' lang='grc' dir='ltr'><strong>μὴ</strong></span> <span class='ocrx_word' id='word_1_810' title='bbox 569 5515 722 5580; x_wconf 81' lang='grc' dir='ltr'>ὑντος</span> <span class='ocrx_word' id='word_1_811' title='bbox 751 5515 916 5570; x_wconf 80' lang='grc' dir='ltr'>αὑτοῦ</span> <span class='ocrx_word' id='word_1_812' title='bbox 947 5510 1087 5583; x_wconf 65' lang='lat' dir='ltr'><strong>(irae;</strong></span> <span class='ocrx_word' id='word_1_813' title='bbox 1119 5517 1175 5567; x_wconf 82' lang='grc' dir='ltr'><strong>ἐν</strong></span> <span class='ocrx_word' id='word_1_814' title='bbox 1199 5515 1256 5567; x_wconf 70' lang='grc' dir='ltr'><strong>δὲ</strong></span> <span class='ocrx_word' id='word_1_815' title='bbox 1286 5515 1362 5584; x_wconf 83' lang='grc' dir='ltr'>τῷ</span> <span class='ocrx_word' id='word_1_816' title='bbox 1386 5514 1749 5582; x_wconf 66' lang='grc' dir='ltr'>ὑποστρέφειν</span> 
     </span>
    </p>
   </div>
   <div class='ocr_carea' id='block_1_100' title="bbox 151 5606 1749 5680">
    <p class='ocr_par' dir='ltr' id='par_1_100' title="bbox 151 5606 1749 5680">
     <span class='ocr_line' id='line_1_100' title="bbox 151 5606 1749 5680; baseline -0.002 -18"><span class='ocrx_word' id='word_1_817' title='bbox 151 5614 346 5664; x_wconf 72' lang='grc' dir='ltr'>αὑτὸν</span> <span class='ocrx_word' id='word_1_818' title='bbox 407 5613 505 5680; x_wconf 81' lang='grc' dir='ltr'><strong>τῆς</strong></span> <span class='ocrx_word' id='word_1_819' title='bbox 565 5608 862 5677; x_wconf 68' lang='grc' dir='ltr'>διακονίας,</span> <span class='ocrx_word' id='word_1_820' title='bbox 917 5611 1070 5665; x_wconf 76' lang='grc' dir='ltr'>οὐδέν</span> <span class='ocrx_word' id='word_1_821' title='bbox 1117 5627 1203 5677; x_wconf 84' lang='grc' dir='ltr'><strong>μοι</strong></span> <span class='ocrx_word' id='word_1_822' title='bbox 1262 5609 1389 5662; x_wconf 82' lang='grc' dir='ltr'>ἄλλο</span> <span class='ocrx_word' id='word_1_823' title='bbox 1426 5607 1640 5660; x_wconf 77' lang='grc' dir='ltr'>ἔστινεί</span> <span class='ocrx_word' id='word_1_824' title='bbox 1676 5606 1749 5676; x_wconf 79' lang='grc' dir='ltr'>μὴ</span> 
     </span>
    </p>
   </div>
   <div class='ocr_carea' id='block_1_101' title="bbox 149 5698 1747 5774">
    <p class='ocr_par' dir='ltr' id='par_1_101' title="bbox 149 5698 1747 5774">
     <span class='ocr_line' id='line_1_101' title="bbox 149 5698 1747 5774; baseline -0.004 -18"><span class='ocrx_word' id='word_1_825' title='bbox 149 5704 374 5768; x_wconf 60' lang='grc' dir='ltr'>ὀιιῖλξαι</span> <span class='ocrx_word' id='word_1_826' title='bbox 399 5703 563 5757; x_wconf 76' lang='grc' dir='ltr'>αὑτὸν</span> <span class='ocrx_word' id='word_1_827' title='bbox 594 5704 654 5756; x_wconf 75' lang='grc' dir='ltr'><strong>ἐκ</strong></span> <span class='ocrx_word' id='word_1_828' title='bbox 683 5703 775 5758; x_wconf 75' lang='grc' dir='ltr'>τοῦ</span> <span class='ocrx_word' id='word_1_829' title='bbox 815 5704 1194 5774; x_wconf 66' lang='grc' dir='ltr'>μοναστηρεου.</span> <span class='ocrx_word' id='word_1_830' title='bbox 1226 5700 1530 5762; x_wconf 70' lang='grc' dir='ltr'>Φθάσαντος</span> <span class='ocrx_word' id='word_1_831' title='bbox 1567 5698 1620 5751; x_wconf 77' lang='grc' dir='ltr'><strong>δὲ</strong></span> <span class='ocrx_word' id='word_1_832' title='bbox 1659 5698 1747 5753; x_wconf 77' lang='grc' dir='ltr'>τοῦ</span> 
     </span>
    </p>
   </div>
   <div class='ocr_carea' id='block_1_102' title="bbox 1858 5142 3422 5218">
    <p class='ocr_par' dir='ltr' id='par_1_102' title="bbox 1858 5142 3422 5218">
     <span class='ocr_line' id='line_1_102' title="bbox 1858 5142 3422 5218; baseline -0.006 -14"><span class='ocrx_word' id='word_1_833' title='bbox 1858 5165 1926 5218; x_wconf 77' lang='lat' dir='ltr'><strong>go</strong></span> <span class='ocrx_word' id='word_1_834' title='bbox 1964 5159 2036 5202; x_wconf 89' lang='lat' dir='ltr'><strong>te.</strong></span> <span class='ocrx_word' id='word_1_835' title='bbox 2069 5147 2426 5216; x_wconf 85' lang='lat' dir='ltr'><strong>Respondens</strong></span> <span class='ocrx_word' id='word_1_836' title='bbox 2451 5156 2630 5200; x_wconf 89' lang='lat' dir='ltr'><strong>autem</strong></span> <span class='ocrx_word' id='word_1_837' title='bbox 2659 5146 2949 5215; x_wconf 59' lang='lat' dir='ltr'><strong>praefectus</strong></span> <span class='ocrx_word' id='word_1_838' title='bbox 2983 5142 3292 5204; x_wconf 83' lang='lat' dir='ltr'><strong>diversorii,</strong></span> <span class='ocrx_word' id='word_1_839' title='bbox 3334 5143 3422 5196; x_wconf 89' lang='lat' dir='ltr'><strong>di-</strong></span> 
     </span>
    </p>
   </div>
   <div class='ocr_carea' id='block_1_103' title="bbox 1857 5235 3426 5306">
    <p class='ocr_par' dir='ltr' id='par_1_103' title="bbox 1857 5235 3426 5306">
     <span class='ocr_line' id='line_1_103' title="bbox 1857 5235 3426 5306; baseline -0.006 -9"><span class='ocrx_word' id='word_1_840' title='bbox 1857 5245 1931 5297; x_wconf 91' lang='lat' dir='ltr'><strong>cit</strong></span> <span class='ocrx_word' id='word_1_841' title='bbox 1961 5243 2012 5298; x_wconf 90' lang='lat' dir='ltr'><strong>ei</strong></span> <span class='ocrx_word' id='word_1_842' title='bbox 2064 5261 2074 5294; x_wconf 93' lang='lat'>:</span> <span class='ocrx_word' id='word_1_843' title='bbox 2121 5242 2314 5296; x_wconf 81' lang='lat' dir='ltr'><strong>Pereat</strong></span> <span class='ocrx_word' id='word_1_844' title='bbox 2344 5242 2500 5300; x_wconf 83' lang='lat' dir='ltr'><strong>hora,</strong></span> <span class='ocrx_word' id='word_1_845' title='bbox 2536 5254 2643 5306; x_wconf 90' lang='lat' dir='ltr'><strong>qua</strong></span> <span class='ocrx_word' id='word_1_846' title='bbox 2683 5252 2921 5306; x_wconf 89' lang='lat' dir='ltr'><strong>unquam</strong></span> <span class='ocrx_word' id='word_1_847' title='bbox 2955 5235 3186 5304; x_wconf 78' lang='lat' dir='ltr'><strong>cognovi</strong></span> <span class='ocrx_word' id='word_1_848' title='bbox 3234 5248 3426 5287; x_wconf 83' lang='lat' dir='ltr'><strong>mona-</strong></span> 
     </span>
    </p>
   </div>
   <div class='ocr_carea' id='block_1_104' title="bbox 1855 5325 3422 5399">
    <p class='ocr_par' dir='ltr' id='par_1_104' title="bbox 1855 5325 3422 5399">
     <span class='ocr_line' id='line_1_104' title="bbox 1855 5325 3422 5399; baseline -0.006 -10"><span class='ocrx_word' id='word_1_849' title='bbox 1855 5334 2040 5390; x_wconf 86' lang='lat' dir='ltr'><strong>chum.</strong></span> <span class='ocrx_word' id='word_1_850' title='bbox 2078 5335 2176 5388; x_wconf 91' lang='lat' dir='ltr'><strong>Hei</strong></span> <span class='ocrx_word' id='word_1_851' title='bbox 2209 5333 2363 5396; x_wconf 90' lang='lat' dir='ltr'><strong>mihi,</strong></span> <span class='ocrx_word' id='word_1_852' title='bbox 2414 5330 2546 5399; x_wconf 88' lang='lat' dir='ltr'><strong>quid</strong></span> <span class='ocrx_word' id='word_1_853' title='bbox 2594 5330 2728 5385; x_wconf 86' lang='lat' dir='ltr'><strong>mihi</strong></span> <span class='ocrx_word' id='word_1_854' title='bbox 2774 5328 3008 5383; x_wconf 85' lang='lat' dir='ltr'><strong>accidit?</strong></span> <span class='ocrx_word' id='word_1_855' title='bbox 3047 5326 3186 5392; x_wconf 82' lang='lat' dir='ltr'><strong>Quid</strong></span> <span class='ocrx_word' id='word_1_856' title='bbox 3230 5325 3422 5380; x_wconf 86' lang='lat' dir='ltr'><strong>faciam</strong></span> 
     </span>
    </p>
   </div>
   <div class='ocr_carea' id='block_1_105' title="bbox 1857 5417 3422 5489">
    <p class='ocr_par' dir='ltr' id='par_1_105' title="bbox 1857 5417 3422 5489">
     <span class='ocr_line' id='line_1_105' title="bbox 1857 5417 3422 5489; baseline -0.008 -8"><span class='ocrx_word' id='word_1_857' title='bbox 1857 5435 2063 5489; x_wconf 91' lang='lat' dir='ltr'><strong>autem,</strong></span> <span class='ocrx_word' id='word_1_858' title='bbox 2085 5425 2290 5479; x_wconf 89' lang='lat' dir='ltr'><strong>nescio.</strong></span> <span class='ocrx_word' id='word_1_859' title='bbox 2319 5425 2453 5478; x_wconf 90' lang='lat' dir='ltr'><strong>Cum</strong></span> <span class='ocrx_word' id='word_1_860' title='bbox 2476 5439 2607 5477; x_wconf 78' lang='lat' dir='ltr'><strong>vero</strong></span> <span class='ocrx_word' id='word_1_861' title='bbox 2633 5423 2749 5478; x_wconf 62' lang='lat' dir='ltr'><strong>haec</strong></span> <span class='ocrx_word' id='word_1_862' title='bbox 2775 5420 3090 5476; x_wconf 87' lang='lat' dir='ltr'><strong>rescivisset</strong></span> <span class='ocrx_word' id='word_1_863' title='bbox 3114 5417 3422 5488; x_wconf 72' lang='lat' dir='ltr'><strong>praefectus,</strong></span> 
     </span>
    </p>
   </div>
   <div class='ocr_carea' id='block_1_106' title="bbox 1858 5505 3426 5578">
    <p class='ocr_par' dir='ltr' id='par_1_106' title="bbox 1858 5505 3426 5578">
     <span class='ocr_line' id='line_1_106' title="bbox 1858 5505 3426 5578; baseline -0.005 -9"><span class='ocrx_word' id='word_1_864' title='bbox 1858 5530 1982 5569; x_wconf 90' lang='lat' dir='ltr'><strong>eum</strong></span> <span class='ocrx_word' id='word_1_865' title='bbox 2010 5513 2282 5576; x_wconf 87' lang='lat' dir='ltr'><strong>accersiit,</strong></span> <span class='ocrx_word' id='word_1_866' title='bbox 2313 5521 2368 5566; x_wconf 88' lang='lat' dir='ltr'><strong>et</strong></span> <span class='ocrx_word' id='word_1_867' title='bbox 2397 5513 2529 5568; x_wconf 90' lang='lat' dir='ltr'><strong>dicit</strong></span> <span class='ocrx_word' id='word_1_868' title='bbox 2557 5531 2569 5567; x_wconf 74' lang='grc' dir='ltr'><strong>ε</strong></span> <span class='ocrx_word' id='word_1_869' title='bbox 2607 5511 2746 5578; x_wconf 86' lang='lat' dir='ltr'><strong>Quid</strong></span> <span class='ocrx_word' id='word_1_870' title='bbox 2775 5512 2870 5566; x_wconf 90' lang='lat' dir='ltr'><strong>tibi</strong></span> <span class='ocrx_word' id='word_1_871' title='bbox 2915 5510 3025 5572; x_wconf 90' lang='lat' dir='ltr'><strong>vis,</strong></span> <span class='ocrx_word' id='word_1_872' title='bbox 3054 5507 3255 5562; x_wconf 86' lang='lat' dir='ltr'><strong>frater?</strong></span> <span class='ocrx_word' id='word_1_873' title='bbox 3281 5505 3426 5573; x_wconf 85' lang='lat' dir='ltr'><strong>Quid</strong></span> 
     </span>
    </p>
   </div>
   <div class='ocr_carea' id='block_1_107' title="bbox 1860 5597 3417 5663">
    <p class='ocr_par' dir='ltr' id='par_1_107' title="bbox 1860 5597 3417 5663">
     <span class='ocr_line' id='line_1_107' title="bbox 1860 5597 3417 5663; baseline -0.007 -4"><span class='ocrx_word' id='word_1_874' title='bbox 1860 5621 1920 5658; x_wconf 91' lang='lat' dir='ltr'><strong>cs</strong></span> <span class='ocrx_word' id='word_1_875' title='bbox 1950 5604 2166 5659; x_wconf 75' lang='lat' dir='ltr'><strong>tristis?</strong></span> <span class='ocrx_word' id='word_1_876' title='bbox 2197 5601 2463 5658; x_wconf 69' lang='lat' dir='ltr'><strong>Praefecto</strong></span> <span class='ocrx_word' id='word_1_877' title='bbox 2485 5611 2667 5656; x_wconf 86' lang='lat' dir='ltr'><strong>autem</strong></span> <span class='ocrx_word' id='word_1_878' title='bbox 2705 5600 3024 5656; x_wconf 84' lang='lat' dir='ltr'><strong>monasterii</strong></span> <span class='ocrx_word' id='word_1_879' title='bbox 3052 5597 3191 5652; x_wconf 77' lang='lat' dir='ltr'><strong>dixit</strong></span> <span class='ocrx_word' id='word_1_880' title='bbox 3224 5597 3289 5659; x_wconf 90' lang='lat' dir='ltr'><strong>is,</strong></span> <span class='ocrx_word' id='word_1_881' title='bbox 3324 5597 3417 5663; x_wconf 88' lang='lat' dir='ltr'><strong>qui</strong></span> 
     </span>
    </p>
   </div>
   <div class='ocr_carea' id='block_1_108' title="bbox 1857 5690 3418 5768">
    <p class='ocr_par' dir='ltr' id='par_1_108' title="bbox 1857 5690 3418 5768">
     <span class='ocr_line' id='line_1_108' title="bbox 1857 5690 3418 5768; baseline -0.007 -16"><span class='ocrx_word' id='word_1_882' title='bbox 1857 5705 2090 5768; x_wconf 59' lang='grc' dir='ltr'>ιιι-κριοὶ</span> <span class='ocrx_word' id='word_1_883' title='bbox 2137 5693 2486 5751; x_wconf 86' lang='lat' dir='ltr'><strong>diversorio:</strong></span> <span class='ocrx_word' id='word_1_884' title='bbox 2534 5693 2671 5760; x_wconf 83' lang='lat' dir='ltr'><strong>Quid</strong></span> <span class='ocrx_word' id='word_1_885' title='bbox 2723 5693 2858 5748; x_wconf 83' lang='lat' dir='ltr'><strong>mihi</strong></span> <span class='ocrx_word' id='word_1_886' title='bbox 2900 5693 3051 5745; x_wconf 86' lang='lat' dir='ltr'><strong>volo?</strong></span> <span class='ocrx_word' id='word_1_887' title='bbox 3095 5690 3163 5744; x_wconf 87' lang='lat' dir='ltr'><strong>De</strong></span> <span class='ocrx_word' id='word_1_888' title='bbox 3217 5696 3418 5742; x_wconf 53' lang='lat' dir='ltr'><strong>caetero</strong></span> 
     </span>
    </p>
   </div>
  </div>
