4188 6310
198 366 303 430 353

1280 363 1452 423 VlTA
1498 362 1556 420 S.
1591 359 1917 423 EUGENII
1950 359 2042 419 ET
2074 358 2363 422 MARIJ‘I.

3320 353 3424 415 354

193 498 317 535 eum
359 481 660 549 accepisset
689 480 1001 551 praefectus,
1046 479 1271 534 immisit
1310 478 1375 532 ad
1417 478 1610 531 viliora
1653 486 1710 531 et
1743 477 2038 547 abjcctiora
2088 490 2258 544 opera
2291 472 2634 527 monasterii.
2685 471 2735 526 Is
2779 486 2910 527 vero
2947 486 3008 526 ea
3039 471 3271 528 faciebat
3305 490 3431 528 cum

194 578 379 631 studio
419 586 472 630 et
510 592 706 645 magno
738 586 884 631 metu
921 586 976 634 et
1008 576 1453 643 compunctione.
1491 572 1739 627 llabebat
1766 580 1947 626 autem
1990 586 2221 641 puerum
2264 583 2487 638 quoque
2546 566 2809 627 Marinus.
2846 583 2973 623 eum
3008 579 3156 623 retro
3195 584 3434 639 sequen-

194 677 303 724 tem
327 678 383 725 et
414 672 744 724 clamantem
782 688 796 726 :

837 671 911 724 Ta
952 679 1003 723 ta
1035 679 1109 729 ta.
1140 678 1197 722 et
1226 668 1599 737 requirentem
1629 683 1692 721 ea
1730 682 1852 735 qua:
1886 675 2013 720 sunt
2047 666 2235 735 pueris
2262 663 2575 719 necessaria
2608 662 2673 716 ad
2716 665 3062 718 alimentum.
3106 665 3223 719 Non
3254 666 3431 720 solum

191 763 335 815 enim
365 762 449 815 his
472 764 734 816 aerumnis
762 773 817 817 et
837 761 1225 816 afﬂictionibus
1278 760 1633 829 premebatur
1662 758 1925 821 Marinus,
1952 760 2047 814 sed
2074 760 2237 813 etiam
2280 760 2347 813 de
2387 758 2583 813 alendo
2615 758 2721 812 hoc
2745 774 2914 827 puero
2951 768 3070 813 erat
3098 760 3255 814 valde
3279 760 3433 814 solli-

191 854 353 908 citus.
394 853 532 910 Cum
566 858 829 909 crevisset
872 862 1056 907 autem
1085 869 1242 922 puer,
1274 853 1504 921 degebat
1547 853 1603 906 in
1635 853 1993 916 monasterio,
2023 851 2290 907 educatus
2322 854 2375 906 in
2426 854 2627 904 virtute
2658 861 2715 905 et
2753 852 2807 903 in
2842 853 3228 918 temperantia.
3263 850 3435 907 Porro

191 959 320 997 vero
358 957 549 1000 sancto
586 960 805 1014 quoque
832 954 887 1000 et
932 946 1233 998 monastieo
1270 943 1460 997 habitu
1501 953 1587 998 est
1627 943 1906 1015 dignatus.
1932 944 2153 1014 Sicque
2189 943 2510 1015 proficiebat
2549 942 2602 996 in
2647 942 2958 997 humilitate
3016 950 3071 997 et
3101 944 3270 998 multa
3300 944 3436 998 obe-

189 1034 418 1095 dientia,
457 1044 515 1087 ut
536 1043 816 1087 amaretur
849 1032 918 1087 ab
940 1034 1222 1088 omnibus.

256 1146 330 1200 Z'.
365 1145 455 1197 Ἐν
485 1145 583 1215 μιᾷ
604 1140 698 1196 οὖν
718 1144 826 1197 τῶν
848 1145 1072 1215 ἡμερῶν
1093 1144 1380 1215 ἠρώτησεν
1408 1145 1436 1198 ὀ
1463 1144 1766 1217 ἡγεύμενος

1939 1143 2052 1199 Vll.
2097 1143 2225 1200 Post
2252 1146 2367 1199 haec
2400 1152 2582 1198 autem
2614 1159 2738 1199 cum
2771 1144 2998 1200 vidisset
3026 1146 3291 1201 Dominus
3312 1162 3435 1217 per-

184 1237 311 1294 τοὺς
338 1238 599 1303 ἀδελφοὺς
630 1237 803 1303 λέγων
827 1253 842 1268 ·
877 1238 985 1290 Ποῦ
1010 1239 1156 1290 ἐστιν
1180 1240 1210 1289 ὁ
1241 1239 1471 1305 ἀδελφὸς
1498 1241 1760 1308 Μαρῖνοςς

186 1330 268 1382 ὅτι
305 1328 414 1398 ἕλω
454 1330 698 1400 σήμερον
726 1330 919 1401 τρίτην
951 1330 1167 1403 ἡμέραν
1194 1331 1294 1384 οὐκ
1337 1327 1455 1385 οῐδα
1487 1332 1652 1385 αὐτὸν
1686 1333 1765 1394 εἰς

187 1421 511 1492 ψαλμῳδίαν
535 1438 549 1453 ο
581 1422 669 1476 ἀεὶ
692 1425 802 1493 γὰρ
833 1422 940 1490 πρὸ
974 1424 1192 1477 πάντων
1213 1424 1535 1494 εὕρεσκιτο·
1588 1423 1765 1476 εἰσέλ-

187 1515 323 1568 θὰτε
356 1515 436 1578 εἰς
482 1515 543 1567 τὸ
578 1515 790 1568 κέλλιον
821 1515 987 1568 αὑτοῦ
1031 1516 1106 1587 μὴ
1155 1516 1440 1587 ἀρρωστίᾳ
1464 1531 1581 1568 τινι
1610 1516 1765 1569 acati.-

186 1621 392 1659 κειται.
465 1604 819 1668 Ἀπελθόντες
852 1604 947 1659 οὖν
985 1600 1143 1677 εὗρον
1199 1607 1363 1659 αὐτὸν
1383 1604 1761 1671 τελειωθέντα,

185 1696 286 1747 καὶ
309 1694 657 1764 ἀπήγγειλαν
681 1695 759 1760 τῷ
803 1697 1112 1765 ἡγουμένῳ,
1144 1696 1226 1749 ὅτι
1248 1698 1276 1749 ὁ
1309 1695 1482 1759 ἀσσᾶς
1521 1698 1764 1765 Μαρῖνος

183 1784 501 1853 ἐτελειώθη.
537 1784 630 1835 καὶ
684 1780 874 1838 εἶπεν
909 1780 1057 1853 ’Δρα
1084 1785 1201 1848 πῶς
1250 1785 1493 1855 ἀπῆλθεν
1531 1787 1564 1857 ἠ
1595 1786 1757 1838 ἀθλία

185 1870 357 1925 αὐτοῦ
388 1874 571 1943 ψυχῆς
612 1873 772 1928 ποίαν
832 1874 1132 1942 ἀπολογίαν
1182 1873 1484 1946 βουλομένη
1543 1874 1762 1941 δοῦναι;

186 1965 300 2016 Καὶ
356 1964 659 2034 προσέταξε
715 1965 1044 2037 κηδευθῆναι
1098 1967 1281 2019 αὑτὸν.
1332 1968 1442 2019 Καὶ
1490 1966 1565 2028 ὼς
1602 1962 1765 2035 ἦλθον

181 2057 498 2110 ἀποπλύναι
540 2060 724 2121 αὐτὸν,
782 2052 941 2126 εὖρον
970 2060 1051 2111 ὅτι
1103 2058 1242 2128 γυνὴ
1300 2053 1390 2127 ἦν,
1438 2061 1531 2110 καὶ
1561 2061 1765 2119 πάντες

181 2146 502 2215 ἀνέκραξαν
548 2149 643 2201 τό’
706 2148 901 2217 Κύριε,
960 2148 1207 2216 ἐλέησον.
1255 2148 1312 2199 Ὀ
1348 2148 1404 2200 δὲ
1458 2148 1763 2218 ἡγούμενος

180 2240 555 2293 ἐπυνθάνετο·
609 2240 673 2292 Τί
710 2242 879 2299 ἐστιν.
928 2239 956 2291 ὃ
995 2241 1182 2311 ἔχετες
1223 2243 1285 2293 0i
1314 2239 1370 2292 δὲ
1401 2236 1553 2293 εἷπον
1585 2242 1665 2294 ὅτι
1699 2242 1765 2293 '0

181 2330 419 2398 ἁδελφὸς
449 2331 689 2399 Μσιρῖνος
722 2331 860 2401 γυνή
892 2330 1060 2382 ἐστιν.
1089 2331 1225 2382 Τότε
1274 2330 1534 2382 εἰσελθὼν
1586 2331 1765 2398 ῥίπτει

181 2421 384 2472 ἑαυτὸν
409 2421 488 2482 εἰς
525 2404 817 2489 πρᾎσωπον
849 2419 1053 2472 κλαίων
1077 2417 1171 2470 xtl
1207 2418 1382 2484 λέγων
1407 2435 1421 2448 ·
1468 2411 1595 2470 Ὧδε
1630 2421 1767 2471 ἀπο·

1868 1239 2065 1296 fectam
2098 1254 2218 1293 esse
2260 1238 2379 1307 ejus
2434 1236 2592 1291 fidem
2632 1250 2686 1291 et
2715 1238 3082 1304 tolerantiam,
3110 1250 3165 1293 et
3203 1254 3325 1295 esse
3352 1241 3439 1294 di-

1868 1346 2027 1401 gnam
2062 1343 2231 1398 regno
2270 1329 2562 1394 caelorum,
2596 1327 2809 1398 accepit
2846 1344 2966 1383 eam
3013 1329 3067 1383 in
3098 1338 3301 1384 (eterna
3336 1346 3437 1400 pa-

1868 1422 2035 1477 radisi
2089 1421 2463 1484 tabernacula,
2522 1422 2741 1474 nemine
2783 1421 3012 1475 sciente.
3054 1421 3187 1476 Nam
3227 1436 3351 1475 cum
3390 1423 3436 1477 is

1868 1512 2118 1577 obiisset,
2160 1519 2353 1566 etnec
2407 1510 2768 1580 egrederetur
2811 1510 2879 1565 ad
2912 1512 3201 1566 servitium
3243 1527 3436 1566 mona-

1867 1604 2043 1666 sterii,
2085 1613 2264 1659 etnec
2299 1602 2365 1658 ad
2406 1602 2766 1672 psalmodiam
2799 1604 3026 1673 regulae,
3058 1605 3268 1672 rogavit
3299 1620 3437 1673 prae-

1865 1693 2046 1749 fectus
2092 1695 2310 1758 fratres,
2366 1695 2603 1750 dicens:
2652 1695 2755 1751 Ubi
2805 1705 2892 1749 est
2946 1695 3113 1749 abbas
3163 1696 3439 1750 Marinus?

1867 1782 2007 1839 Ecce
2040 1787 2186 1839 enim
2213 1785 2322 1854 jam
2354 1785 2742 1855 praaterierunt
2772 1795 2883 1840 tres
2911 1786 3049 1851 dies,
3079 1801 3143 1841 ex
3172 1802 3281 1856 quo
3306 1802 3433 1841 eum

1868 1890 1976 1930 non
2025 1876 2134 1930 vidi
2175 1876 2231 1930 in
2266 1876 2594 1947 psalmodia,
2646 1891 2824 1946 neque
2869 1877 2924 1930 io
2961 1893 3063 1932 suo
3105 1879 3437 1933 ministerio.

1869 1967 2085 2023 Primus
2127 1978 2334 2033 autem,
2367 1971 2615 2022 omnium
2667 1968 3050 2023 inveniebatur
3102 1970 3155 2023 in
3207 1970 3435 2040 Regula.

1866 2059 2222 2129 Ingredimini
2270 2076 2400 2130 ergo
2448 2064 2566 2131 ejus
2618 2062 2834 2125 cellam,
2869 2071 2921 2114 et
2968 2061 3172 2125 videte,
3214 2076 3345 2115 num
3383 2065 3435 2115 in

1867 2151 2105 2219 aliquam
2147 2152 2409 2205 ceciderit
2439 2153 2839 2221 :egritudinem.
2875 2150 3011 2205 Cum
3042 2161 3222 2206 autem
3255 2152 3438 2206 venis-

1869 2252 1992 2296 sent
2019 2243 2218 2297 fratres
2247 2248 2300 2298 in
2343 2244 2536 2298 cellam
2591 2245 2783 2310 beatae,
2818 2242 3047 2313 ingressi
3101 2245 3437 2299 invenerunt

1868 2350 1988 2388 eam
2024 2343 2457 2389 consummatam
2483 2334 2538 2388 in
2571 2334 2828 2399 Domino,
2859 2345 2913 2389 et
2938 2351 3166 2404 puerum
3207 2336 3257 2389 ei
3298 2337 3438 2390 assi-

1870 2425 2091 2479 dentem
2121 2433 2174 2479 et
2208 2426 2449 2479 flentem.
2486 2426 2642 2478 Tunc
2694 2442 2927 2495 propere
2975 2428 3178 2493 egressi
3215 2426 3437 2489 fratres,

181 2513 412 2583 θνήσκω
437 2516 517 2576 ε1ς
545 2516 669 2576 τοὺς
694 2514 880 2581 ἁγίους
916 2514 1080 2568 αὐτοῦ
1112 2495 1299 2575 πόδαςξ
1324 2510 1428 2574 ἓως
1452 2507 1513 2565 οὗ
1543 2514 1764 2567 ἀκούσω

1867 2518 2125 2590 praefecto
2171 2519 2580 2576 renuntiarunt.
2625 2519 2872 2574 dicentes
2902 2536 2918 2577 :
2951 2520 3140 2575 Frater
3197 2521 3438 2575 Marinus

181 2607 569 2675 συγχώρησιν.
606 2603 777 2657 ⁷11).οε
815 2607 870 2657 δὲ
917 2604 1069 2674 αὑτῷ
1112 2604 1263 2673 φωνὴ
1294 2604 1528 2671 λέγουσα
1565 2605 1668 2664 ὃτι.
1704 2605 1766 2657 El

182 2699 292 2766 μὲν
324 2699 482 2761 εἰδὼς
510 2698 665 2750 τοῦτο
690 2698 957 2767 ἔπραξας.
984 2699 1084 2751 οὐκ
1117 2698 1184 2752 ἄν
1217 2714 1311 2750 σου
1333 2698 1692 2768 συνεχωρήθη
1732 2700 1763 2769 ὴ

182 2792 438 2862 ἁμαρτία
462 2808 473 2821 ·
506 2792 694 2862 ἐπειδὴ
717 2792 771 2845 δὲ
806 2793 863 2844 ἐν
892 2793 1086 2863 ἀγνοίᾳ
1108 2790 1393 2859 ἐποίησας,
1425 2789 1766 2859 ἀφεθήσεταί

185 2900 302 2937 σοι.

1865 2610 2111 2664 dormiit.
2161 2611 2253 2663 Ille
2304 2626 2434 2663 vero
2484 2626 2609 2663 cum
2653 2612 2939 2669 audiisset.
2992 2614 3222 2668 miratus
3256 2624 3341 2669 est
3384 2625 3440 2669 et

1865 2701 2050 2757 dixit:
2086 2702 2374 2768 Quomodo
2426 2705 2661 2757 excessit
2706 2704 2824 2774 ejus
2871 2706 3073 2769 anima,
3131 2717 3225 2762 aut
3272 2723 3437 2777 quam

1869 2796 1980 2850 Deo
2014 2796 2282 2850 allaturos
2310 2806 2395 2851 est
2447 2797 2857 2851 excusationem
2892 2801 2959 2853 de
2990 2800 3057 2853 iis
3090 2817 3210 2869 qua:
3242 2818 3439 2871 pecca-

1866 2886 1981 2938 vit?
2017 2884 2172 2939 Tunc
2216 2886 2285 2939 de
2327 2894 2529 2940 caetero
2566 2885 2751 2956 jussit.
2803 2901 2862 2939 ut
2890 2887 2941 2941 ei
2986 2888 3133 2957 justa
3170 2888 3434 2943 facerent.

178 2978 325 3033 Cum
357 2987 538 3030 autem
571 2978 850 3031 venissent
874 2975 1094 3039 fratres,
1139 2984 1199 3029 ut
1224 2991 1349 3031 eum
1379 2984 1776 3044 componerent
1807 2975 1872 3028 ad
1916 2974 2319 3043 sepeliendum,
2350 2973 2681 3028 invenerunt
2707 2990 2832 3029 eum
2870 2990 2991 3029 esse
3022 2977 3305 3033 mulierem
3335 2996 3346 3031 :
3380 2988 3439 3032 et

177 3070 504 3141 stupefacti,
543 3080 831 3138 coeperunt
861 3085 1055 3124 omnes
1092 3086 1197 3123 una
1243 3086 1377 3124 voce
1406 3072 1647 3125 clamare
1680 3087 1694 3124 :
1730 3071 1979 3135 Domine,
2016 3069 2299 3123 miserere.
2333 3068 2632 3123 Praefectus
2672 3084 2799 3123 vero
2842 3086 2966 3124 cum
2997 3072 3289 3126 tumultum
3336 3088 3440 3125 au-

177 3169 468 3223 diissetet
497 3167 1005 3227 conturbationem,
1063 3167 1296 3235 rogavit,
1352 3166 1545 3219 dicens
1578 3182 1593 3219 :
1632 3166 1907 3231 Quidnam
1945 3167 2050 3220 hoc
2074 3166 2179 3220 sibi
2229 3165 2384 3219 vult?
2427 3165 2507 3218 illi
2538 3176 2720 3219 autem
2755 3166 2942 3223 dicunt
2973 3167 3022 3219 ei
3054 3182 3177 3220 cum
3204 3168 3442 3223 admira-

179 3264 341 3317 tione
374 3280 388 3317 ;
424 3262 614 3316 Frater
642 3274 826 3315 noSter
857 3258 1097 3314 Marinus
1124 3269 1210 3314 est
1235 3274 1367 3314 sexu
1411 3260 1632 3311 mulier.
1672 3257 1809 3311 Cum
1848 3258 2089 3311 venisset
2128 3271 2260 3326 ergo
2290 3256 2605 3323 praefectus,
2639 3265 2694 3310 et
2724 3258 2951 3312 vidisset
2985 3274 3100 3313 rem
3138 3262 3440 3317 admirabi-

175 3362 293 3415 lem
339 3370 396 3414 et
436 3370 631 3429 praeter
661 3358 1002 3428 opinionem,
1032 3373 1091 3410 se
1138 3356 1288 3410 humi
1323 3356 1578 3427 projecit,
1611 3363 1666 3410 et
1694 3367 1887 3408 tenens
1928 3354 2097 3424 pedes
2127 3353 2321 3417 beatze,
2359 3367 2483 3407 cum
2532 3353 2719 3405 multis
2749 3352 3003 3423 lacrymis
3035 3353 3325 3420 clamabat,
3351 3355 3439 3407 di-

176 3470 321 3521 cens
358 3471 373 3508 :
411 3454 637 3523 Ignosce
670 3453 827 3512 mihi.
859 3452 1091 3507 Domine
1129 3453 1256 3506 Jesu
1297 3451 1539 3515 Christe,
1571 3449 1718 3519 quod
1773 3465 1869 3519 per
1914 3451 2280 3519 ignorantiam
2325 3450 2545 3518 peccavi
2580 3450 2633 3502 in
2670 3458 2913 3503 sanetam
2945 3458 3001 3503 et
3044 3465 3250 3503 castam
3289 3459 3437 3505 tuam

176 3562 469 3616 sponsam.
506 3545 574 3599 Et
601 3560 795 3598 rursus
818 3546 1113 3613 procidens
1142 3543 1209 3597 ad
1239 3544 1582 3597 venerandas
1614 3555 1668 3599 et
1693 3552 1916 3597 sanctas
1943 3545 2063 3614 ejus
2105 3542 2390 3612 reliquias,
2429 3543 2724 3607 clamabat,
2754 3543 2973 3599 dicens:
3009 3542 3108 3598 Hic
3138 3546 3339 3598 moriar
3369 3546 3435 3599 ad

174 3649 410 3697 sanctos
432 3648 489 3693 et
519 3638 864 3692 venerandos
903 3640 1028 3691 tuos
1072 3635 1258 3705 pedes.
1296 3639 1470 3688 donec
1501 3638 1730 3688 audiero
1762 3638 1895 3689 mihi
1920 3652 2040 3690 esse
2083 3638 2388 3690 condonata
2417 3654 2624 3707 eaquae
2658 3636 2713 3691 in
2746 3645 2797 3692 te
2833 3638 3071 3707 peccavi.
3106 3638 3243 3692 Cum
3280 3641 3323 3692 is
3345 3654 3435 3692 au-

176 3747 297 3791 tem
331 3734 425 3788 diu
459 3733 688 3788 deﬁeret
721 3742 777 3789 et
816 3732 1121 3805 plangeret,
1159 3729 1309 3784 venit
1343 3730 1409 3783 ad
1449 3744 1576 3783 eum
1617 3744 1719 3782 vox
1766 3730 1834 3783 de
1880 3730 2042 3792 cmlo,
2076 3728 2271 3783 dicens
2303 3745 2317 3783 ε
2352 3729 2406 3783 Si
2438 3730 2543 3783 hoc
2585 3731 2807 3799 quidem
2840 3733 3020 3786 sciens
3054 3733 3293 3796 fecisses,
3330 3750 3437 3789 non

176 3826 289 3883 tibi
315 3825 753 3890 condonassem;
785 3826 914 3895 quia
943 3836 1125 3879 autem
1157 3823 1412 3877 nesciens
1444 3822 1548 3875 hoc
1581 3822 1786 3887 fecisti,
1821 3832 2107 3893 peccatum
2145 3822 2248 3876 fuit
2286 3821 2381 3876 tibi
2415 3823 2805 3879 condonatum.

258 3939 346 3994 H'.
383 3941 490 3991 Καὶ
537 3938 787 4009 ἐγερθεὶς
821 3938 973 4005 δηλοῖ
1005 3939 1083 4008 τῷ
1130 3939 1421 4007 πανδοχεῖ·
1471 3940 1562 3990 καὶ
1593 3940 1768 3989 εἰσελ-
1797 3947 1840 4003 C

174 4031 381 4092 Οόντος
429 4029 594 4081 αὑτοῦ
635 4028 818 4095 λέγει’
863 4028 997 4082 Ἰδοὺ
1025 4029 1053 4081 ὁ
1091 4028 1337 4099 Μαρῑνος
1367 4027 1663 4099 ἐκοιμήθη.
1705 4028 1765 4080 '0

171 4126 240 4177 δὲ
274 4124 463 4191 λέγει’
502 4122 558 4175 Ὀ
588 4123 716 4183 Θεὸς
752 4124 1102 4191 συγχωρήσει
1136 4121 1302 4191 αὐτῷ,
1328 4122 1410 4175 ὅτι
1442 4120 1651 4191 ἔρημον
1678 4121 1769 4173 τὸν

170 4212 339 4270 οἶκόν
368 4233 471 4286 μου
491 4215 767 4285 ἐποίησεν.
794 4214 956 4281 Λέγει
977 4214 1126 4283 αὐτῴ
1156 4213 1184 4264 ὁ
1215 4212 1519 4280 ἡγούμενος
1539 4226 1552 4240 ’
1582 4213 1767 4263 Μετα-

172 4312 407 4379 minam,
480 4308 697 4374 ἁὸελφὲ,
757 4309 838 4360 ὅτι
891 4308 1142 4377 ἥμαρτες
1194 4303 1426 4358 ἐνώπιον
1485 4303 1581 4356 τοῦ
1630 4302 1766 4356 Θεοῦ

170 4402 340 4470 κάμὲ
371 4402 437 4453 σὺ
483 4399 687 4466 ἐπῆρες
736 4401 851 4459 τοῖς
909 4400 1089 4465 λόγοις
1141 4413 1271 4449 σουο
1312 4398 1340 4449 ὁ
1391 4396 1501 4467 γὰρ
1529 4398 1769 4467 Μαρῖνος

167 4496 332 4560 γυνή
368 4494 539 4545 ἐστιν.
571 4491 680 4544 Καὶ
702 4490 960 4559 ἐπιγνοὺς
986 4490 1146 4543 τοῦτο
1173 4492 1199 4542 ὁ
1236 4491 1435 4554 πάνδοξ
1463 4490 1653 4557 ἐξέστη
1677 4490 1769 4541 καὶ

167 4587 417 4651 ἰόόξισε
451 4586 542 4638 τὸν
576 4585 873 4639 Θεόν.·Καὶ
931 4585 1062 4649 ἰδοὺ,
1102 4586 1158 4638 ἐν
1182 4583 1340 4653 ὀλίγῃ
1371 4584 1489 4650 ὥρα
1535 4580 1770 4651 παραγί-

165 4697 344 4734 νεται
382 4681 414 4745 ἡ
449 4679 695 4751 Θυγάτηρ
725 4679 890 4729 αὐτοῦ
923 4678 1258 4746 ἐλεγχομένη
1286 4679 1381 4728 καὶ
1404 4676 1639 4745 λέγουσα
1671 4676 1769 4746 τὴν

164 4773 476 4842 ἀλήθειαν,
511 4773 594 4823 ὅτι
628 4771 687 4824 '0
720 4769 1057 4839 στρατιώτης
1083 4770 1321 4835 ἐπάτησὲ
1378 4787 1464 4837 με,
1493 4772 1587 4821 καί
1614 4769 1771 4837 ἐμία-

162 4882 269 4927 νε,
310 4863 410 4915 καὶ
473 4864 813 4931 παραχρῆμα
857 4863 1001 4930 ἰάθη.
1040 4860 1147 4914 Καὶ
1191 4854 1442 4920 λαϐόντες
1470 4862 1517 4910 οἱ
1549 4861 1769 4927 ἀδελφοὶ

160 4961 240 5014 τὸ
262 4957 524 5025 λείψανον
541 4954 637 5022 τῆς
668 4956 819 5017 ὁσίας
844 4957 1083 5021 Μειρίας.
1113 4954 1444 5024 ρυρίηντες
1477 4952 1769 5005 κατέθεντο

159 5056 237 5106 ἐν
280 5051 441 5120 τόπῳ
467 5049 650 5117 σεμνῴ
685 5048 823 5115 μετὰ
876 5048 1059 5114 πάσης
1111 5048 1487 5117 δωροφορέας,
1535 5044 1771 5115 Χριστὸν

1948 3940 2088 3994 Vill.
2133 3942 2288 3995 Tunc
2316 3956 2548 4011 surgens
2584 3940 2874 4011 praefectus
2901 3955 2929 3994 a
2960 3940 3288 3996 venerandis
3320 3943 3441 4013 eius

1875 4035 2140 4106 reliquiis,
2167 4037 2348 4090 statim
2378 4038 2527 4091 misit
2552 4038 2619 4090 ad
2644 4037 2961 4106 praefectum
2995 4038 3305 4102 diversorii,
3352 4042 3437 4093 di-

1869 4144 2000 4182 cens
2033 4145 2047 4181 :
2081 4128 2217 4183 Veni
2249 4129 2359 4183 cito
2401 4128 2466 4181 ad
2516 4144 2637 4193 nos,
2680 4145 2804 4182 nam
2856 4139 2907 4182 te
2957 4130 3082 4183 volo
3121 4131 3435 4185 convenire.

1868 4222 2003 4276 Cum
2037 4230 2221 4274 autem
2266 4222 2510 4274 venisset
2539 4220 2830 4289 praefectus
2860 4220 3175 4283 diversorii,
3210 4222 3347 4279 dicit
3386 4223 3437 4277 ei

1871 4315 2161 4385 praefectus
2214 4315 2528 4369 monasterii
2577 4330 2592 4370 :
2657 4316 2798 4370 Ecce
2844 4315 3015 4371 frater
3064 4315 3306 4371 Marinus
3357 4326 3441 4370 est

1870 4418 2142 4463 mortuus.
2174 4406 2222 4461 ls
2256 4424 2387 4462 vero
2418 4408 2560 4462 dicit
2588 4407 2848 4477 praefecto
2882 4410 3199 4462 monasterii
3239 4424 3253 4462 :
3297 4412 3442 4465 Deus

1868 4502 1917 4553 ei
1965 4499 2239 4551 condonet
2273 4498 2328 4550 id
2359 4498 2505 4566 quod
2559 4498 2688 4551 fecit
2734 4500 2787 4550 in
2831 4498 3097 4567 abjectam
3151 4514 3327 4553 meam
3380 4502 3441 4554 fi-

1872 4588 2019 4641 liam.
2055 4587 2197 4641 Dicit
2228 4588 2277 4640 ei
2312 4587 2607 4656 praefectus
2638 4588 2957 4642 monasterii
3005 4603 3019 4641 :
3055 4590 3437 4646 Pcenitentiam

1869 4699 1988 4753 age,
2030 4698 2063 4737 o
2112 4681 2300 4736 frater.
2359 4681 2494 4735 Nam
2523 4683 2757 4751 peccasti
2794 4698 2977 4736 coram
3028 4683 3162 4739 Deo.
3199 4684 3304 4739 Sed
3355 4703 3441 4742 me

1869 4785 2089 4839 quoque
2117 4772 2225 4824 tuis
2248 4769 2430 4823 verbis
2454 4768 2745 4837 decepisti,
2768 4779 2821 4822 et
2848 4773 3066 4839 peccavi
3094 4790 3194 4839 ego
3220 4791 3439 4844 quoque

1870 4872 2092 4932 propter
2134 4871 2206 4915 te.
2242 4862 2381 4915 Ecce
2411 4862 2556 4913 enim
2590 4861 2832 4915 Marinus
2876 4879 3068 4918 revera
3104 4878 3189 4919 cst
3219 4869 3437 4922 mulier.

1868 4954 2003 5009 Cum
2028 4954 2143 5007 haec
2175 4963 2357 5007 autem
2390 4955 2689 5009 audivisset
2719 4957 3008 5025 pra-fectus
3045 4958 3355 5023 diversorii,
3384 4971 3440 5015 et

1872 5046 2114 5118 praifecti
2134 5046 2322 5099 verbis
2355 5047 2546 5101 fuisset
2567 5046 3005 5114 obstupefactus,
3031 5052 3229 5103 mansit
3252 5063 3438 5105 mutus

156 5143 564 5213 ἁνυμνοῦντες
591 5144 679 5195 τὸν
712 5142 942 5211 Σωτῆρα.
974 5143 1081 5196 τῶν
1115 5143 1392 5205 ἁπάντων,
1423 5143 1511 5194 τὸν
1555 5142 1642 5193 ἀεὶ
1680 5141 1768 5192 δο-

1871 5151 1926 5196 et
1973 5138 2263 5194 attonitus.
2302 5139 2437 5192 Eum
2487 5153 2617 5192 vero
2652 5154 2817 5194 manu
2847 5143 3261 5209 apprehendens
3297 5161 3437 5215 pne-

158 5234 601 5304 ξάζοντα’τοὺς
658 5236 982 5300 δοξάζοντας
1031 5237 1214 5288 αὐτόν.
1252 5235 1408 5303 Αὐτῷ
1460 5238 1490 5303 ἡ
1537 5236 1663 5298 δόξα
1689 5236 1768 5295 εἰς

1872 5234 2048 5288 fectus
2076 5234 2415 5295 monasmrii,
2452 5232 2609 5287 duxit
2640 5249 2769 5287 eum
2800 5238 2851 5286 in
2882 5235 3086 5301 locum,
3121 5236 3173 5290 in
3206 5254 3314 5307 quo
3357 5241 3438 5307 ja-

152 5333 316 5391 τοὺς
343 5330 550 5390 αἰῶνας
585 5328 694 5379 τῶν
730 5329 962 5381 αἰώνων.
996 5330 1195 5397 Ἀμήν,

1878 5326 2035 5381 cebat
2066 5326 2225 5379 beata
2252 5326 2416 5379 Maria
2456 5342 2470 5380 1
2504 5335 2558 5379 et
2597 5341 2719 5379 cum
2753 5342 2871 5379 eam
2902 5328 3130 5382 honeste
3158 5338 3212 5382 et
3240 5329 3440 5384 decore

150 5426 428 5480 locasset
454 5437 519 5475 ac
551 5423 977 5488 composuisset.
1008 5421 1055 5474 ei
1105 5419 1345 5474 ostendit
1381 5421 1550 5489 ipsam
1595 5435 1715 5474 esse
1756 5434 1889 5474 sexu
1925 5421 2205 5481 feminam,
2247 5429 2302 5473 et
2332 5435 2451 5473 eam
2498 5418 2665 5473 fuisse
2699 5427 2902 5474 temere
2938 5420 3242 5477 maledictis
3274 5438 3439 5490 appe-

154 5525 368 5578 titam.
406 5515 564 5570 Tunc
601 5518 771 5584 cmpit
806 5516 1097 5572 diversorii
1146 5533 1366 5585 quoque
1418 5518 1708 5586 prmfectus
1758 5516 1961 5570 deﬂere
2003 5524 2230 5585 prOpter
2274 5516 2618 5584 inopinatum
2660 5517 2729 5569 ab
2773 5534 2838 5569 eo
2876 5516 3050 5568 visum
3085 5517 3435 5576 miraculum,

155 5622 318 5674 Post
347 5613 466 5667 haec
488 5621 673 5664 autem
701 5613 846 5682 justa
878 5613 1128 5669 fecerunt
1179 5615 1385 5668 sanctis
1416 5622 1470 5667 et
1501 5612 1829 5667 venerandis
1865 5612 1984 5681 ejus
2022 5611 2291 5678 reliquiis,
2324 5620 2377 5664 et
2424 5611 2797 5699 deposperunt
2831 5612 2881 5662 in
2922 5610 3116 5679 insigni
3152 5610 3272 5664 loco
3318 5627 3437 5663 tuo-

152 5710 438 5774 nasterii,
471 5724 599 5763 cum
636 5709 861 5776 psalmis
892 5719 947 5763 et
985 5709 1202 5779 hymnis
1234 5719 1288 5763 et
1326 5710 1512 5763 multis
1562 5710 1884 5770 luminibus,
1917 5719 2113 5761 octavo
2142 5707 2345 5760 mensis
2392 5706 2694 5766 Februarii.
2729 5705 2922 5759 Statim
2954 5722 3082 5759 vero
3125 5706 3276 5760 venit
3326 5706 3437 5761 filia

151 5810 435 5884 praefecti
479 5807 777 5862 diversorii
812 5822 841 5860 a
885 5806 1132 5863 dannouc
1171 5816 1445 5879 correpta,
1479 5817 1535 5862 et
1585 5807 1855 5862 confitens
1894 5819 2110 5861 omnem
2155 5804 2460 5871 veritatem,
2504 5812 2558 5858 ct
2596 5803 2783 5857 dicens
2817 5818 2829 5855 :
2870 5803 3014 5855 Talis
3047 5802 3203 5856 miles
3237 5818 3321 5857 tite
3356 5804 3439 5855 fc-
