4188 6310
188 351 288 414 357

1168 343 1337 401 VITA
1383 342 1486 401 SS.
1533 340 1901 403 MAURICII
1934 342 2027 400 ET
2068 338 2482 400 SOCIOBI'M.

3319 346 3423 409 358

186 462 499 533 λολατρείας
531 456 840 529 φροντίζειν
877 474 886 485 ·
916 458 1048 514 ἀλλὰ
1078 459 1287 520 ἀόκνως
1347 458 1508 520 αὐτὸς
1544 457 1641 528 τὴν
1673 459 1746 510 οἰ-

1860 457 2099 511 scribere
2123 457 2188 509 ad
2215 458 2462 510 locorum
2501 456 2783 525 prmsides,
2828 466 2886 510 ut
2926 456 3287 526 imperatores
3327 461 3421 526 qui

184 559 457 627 κουμένην
492 555 830 624 περιήρχετο
866 552 1145 622 ὑπηρέτης
1203 550 1329 615 ὀξύς
1374 550 1484 602 τῶν
1551 549 1749 619 βωμῶν

183 652 294 703 τῶν
321 649 589 717 δαιμόνων
620 649 922 716 γινόμενος,
943 644 1176 706 ἐλπίζων
1198 643 1284 695 διὰ
1315 642 1411 710 τῆς
1450 643 1750 712 παρουσίας

182 742 349 795 αὑτοῦ
371 745 464 794 καὶ
487 741 610 802 τοῦς
638 740 977 798 ἀποστάντας
1002 736 1099 804 τῆς
1124 735 1552 803 δεισιδαιμονίας
1585 734 1748 787 αὑτοῦ

181 838 277 887 καὶ
338 836 470 905 πρὸς
522 833 620 902 τὴν
678 832 878 899 γνῶσιν
935 830 1036 897 τῆς
1089 829 1349 897 ἀληθείας
1380 827 1474 879 τοῦ
1507 827 1747 895 Χριστοῦ

182 930 692 997 προσφοιτήσαντας
723 923 1099 990 αὐτομολῆσαι
1132 922 1578 989 παρασκευάζειν
1613 921 1749 989 πρὸς

179 1023 279 1086 τὴν
327 1018 534 1086 πλάνην
591 1017 698 1069 τῶν
728 1016 1056 1086 ἀκαθάρτων
1103 1013 1267 1067 αὑτοῦ
1305 1014 1396 1063 καὶ
1440 1012 1746 1079 βδελυκτῶν

178 1108 338 1162 θεῶν.
367 1110 518 1162 Μετὰ
549 1111 803 1176 τοιαύτης
825 1103 916 1160 οῦν
940 1106 1163 1176 γνώμης
1194 1106 1288 1175 τὴν
1328 1105 1546 1175 Ῥώμην
1578 1121 1748 1157 κατα⁴

176 1201 352 1254 λιπὼν
384 1202 723 1271 Μαξιμιανὺς
746 1203 774 1254 ὁ
802 1203 1228 1261 δυσσεϐέστατος
1254 1198 1516 1268 τύραννος
1540 1200 1633 1249 καὶ
1660 1196 1747 1249 διὰ

176 1294 287 1347 τῶν
324 1296 655 1348 ἀνατολικῶν
693 1295 879 1363 μερῶν
927 1296 1023 1362 τὴν
1054 1292 1343 1362 ὁδοπορίαν
1400 1293 1743 1357 ποιούμενος,

177 1388 521 1458 κατήντησεν
549 1390 625 1448 εἰς
664 1387 972 1453 Ἀπάμειαν
1003 1383 1099 1455 τὴν
1142 1385 1476 1453 μητρόπολιν
1501 1384 1599 1451 τῆς
1627 1384 1747 1436 δευ-

174 1482 341 1546 τέρας
392 1480 497 1531 τῶν
539 1478 728 1547 Σύρων
777 1477 1062 1546 ἐπαρχίας,
1124 1477 1253 1529 ἔνθα
1296 1477 1405 1529 τῶν
1437 1478 1668 1528 εἰδώλων
1701 1482 1747 1530 οἰ

176 1575 345 1641 ἱερεῖς
377 1572 767 1635 προσελθόντες
798 1571 947 1640 αὺτῷ
977 1572 1320 1640 κατηγόρουν
1348 1571 1457 1621 τῶν
1488 1571 1747 1639 Χριστια-

172 1668 286 1717 νῶν
310 1666 556 1733 λέγοντες
582 1681 594 1694 ·
635 1663 704 1716 Ὠ
730 1666 971 1717 θειότατε
998 1662 1239 1732 βασιλεῦ,
1272 1664 1588 1731 παρρησίαν
1616 1662 1747 1729 ἡμῖν

176 1760 319 1827 πρὸς
347 1760 447 1827 την
474 1759 758 1810 εὐσέϐειαν
792 1757 899 1807 τῶν
934 1757 1072 1808 θεῶν
1104 1757 1508 1826 δωρησαμένων
1547 1754 1747 1821 ἀναφέ-

1858 564 1980 602 eum
2010 557 2422 617 praecesserant,
2487 561 2546 602 ut
2578 550 2845 602 idolorum
2898 551 3079 603 cultus
3113 567 3300 605 curam
3328 567 3439 621 gc--

1860 652 2080 706 rerent;
2113 644 2207 693 sed
2236 646 2346 710 ipse
2378 643 2604 711 impigre
2627 653 2682 695 et
2705 643 2995 711 diligenter
3017 644 3203 697 obibat
3228 646 3419 700 urbem

1860 744 2037 796 terrae.
2065 734 2293 787 effectus
2329 733 2482 786 velox
2514 735 2764 786 minister
2802 735 3054 787 altarium
3087 736 3419 801 daemonum,

1857 843 2080 895 sperans
2116 827 2299 879 infelix
2342 843 2435 894 per
2467 844 2624 880 suum
2659 830 2949 881 adventum
2987 845 3043 882 se
3075 830 3420 895 effecturum,

1859 928 1915 971 ut
1948 920 2038 985 qui
2076 918 2388 971 defecerant
2423 919 2489 970 ah
2553 921 2671 988 ejus
2711 922 3122 987 superstitione,
3152 932 3207 974 et
3238 939 3424 975 acces—

1854 1020 2041 1063 serant
2075 1009 2139 1061 ad
2180 1010 2650 1075 veritatisﬁhristi
2686 1013 3075 1078 cognitionem,
3116 1016 3424 1083 transfuge-

1856 1112 1978 1154 rent
2000 1102 2066 1155 ad
2097 1117 2339 1155 errorem
2369 1118 2588 1155 suorum
2616 1106 3019 1156 itnmundornm
3048 1114 3102 1157 et
3133 1110 3429 1159 exsecran-

1854 1187 2046 1240 dorum
2072 1191 2319 1242 deorum.
2346 1190 2460 1243 Tali
2490 1208 2619 1260 ergo
2642 1194 2823 1245 animo
2857 1194 3082 1247 Romam
3112 1197 3425 1265 relinquens

1855 1278 2213 1334 Maximianus
2251 1282 2453 1349 impius
2482 1292 2764 1352 tyiannus,
2804 1296 2857 1338 et
2890 1302 2985 1355 per
3018 1287 3262 1340 Orientis
3295 1304 3420 1355 par-

1857 1382 1935 1426 tes
1966 1376 2067 1425 iter
2101 1373 2323 1436 faciens,
2357 1379 2606 1442 pervenit
2628 1379 2942 1445 Apameam,
2968 1396 3088 1448 quae
3111 1393 3193 1433 est
3219 1390 3425 1436 metro-

1855 1466 1995 1534 polis
2033 1466 2286 1520 secundae
2348 1468 2641 1535 provinciae
2698 1471 2981 1540 Syrorum.
3042 1472 3160 1536 Quo
3217 1474 3270 1526 in
3308 1475 3427 1529 loco

1855 1558 2125 1611 idolorum
2189 1561 2505 1613 sacerdotes
2535 1561 2600 1614 ad
2631 1578 2755 1615 eum
2789 1563 3133 1627 accedentes,
3198 1580 3425 1618 accusa-

1858 1646 1994 1700 bant
2049 1649 2412 1715 Christianos,
2455 1651 2702 1706 dicentes
2735 1658 2785 1707 ei
2828 1672 2840 1708 ι
2877 1654 2919 1709 Ο
2947 1655 3288 1711 divinissime
3320 1657 3427 1710 im-

1856 1749 2095 1807 perator,
2116 1756 2240 1793 cum
2259 1742 2333 1795 dii
2368 1742 2529 1796 nobis
2551 1744 2803 1800 dederint
2826 1747 3083 1815 loquendi
3112 1748 3423 1801 libertatem

174 1864 348 1917 ρομεν
387 1850 479 1899 ἐῖτί
531 1848 590 1899 τὸ
635 1849 907 1916 ἀήττητόν
970 1864 1063 1899 σου
1101 1850 1326 1918 κράτος,
1364 1849 1446 1905 ὅτι
1479 1848 1589 1899 τῶν
1621 1848 1746 1916 παρ’

1856 1830 1996 1896 apud
2028 1838 2174 1883 tuam
2229 1832 2507 1900 pietatem,
2548 1835 2849 1889 deferimus
2883 1838 2949 1890 ad
2983 1848 3128 1890 tuam
3164 1839 3422 1893 invictam

171 1942 309 2009 ἡμῖν
335 1941 564 1999 ἕκαστος
599 1941 735 2010 μετὰ
765 1939 930 2007 φόϐου
963 1941 1057 1991 καὶ
1088 1937 1251 1991 πόθου
1288 1939 1412 1999 τοὺς
1459 1939 1747 2007 πατρῴους

171 2050 275 2085 σου
308 2034 445 2101 τιμᾷ
467 2032 644 2094 θεοὺς,
676 2032 913 2100 μάλιστα
946 2031 1000 2082 δὲ
1026 2031 1118 2083 τὸν
1146 2032 1245 2083 Δία
1270 2032 1361 2081 τὸν
1389 2030 1599 2099 πατέρα
1640 2028 1747 2080 τῶν

170 2122 319 2176 θεῶν
352 2127 447 2176 καὶ
491 2128 582 2175 τὸν
626 2123 940 2175 Ἀπόλλωνα
972 2123 1060 2175 τὸν
1100 2121 1405 2190 θαυμάσιον
1449 2124 1574 2181 τοὺς
1608 2120 1748 2189 ὑπὲρ

165 2217 306 2276 τοὺς
345 2214 538 2276 ἄλλους
565 2214 720 2274 θεοὺς
751 2215 988 2274 συνετῶς
1027 2214 1396 2282 φυλάττοντας
1442 2229 1501 2265 τε
1533 2211 1627 2265 καὶ
1655 2228 1750 2263 πε-

170 2308 603 2375 ριποιουμένους
660 2306 759 2375 τὴν
823 2306 1100 2375 βασιλείαν
1165 2306 1263 2374 τῆς
1330 2305 1579 2368 ἐξουσίας
1630 2321 1745 2358 σου.

166 2399 492 2468 Μαυρίκιος
525 2398 581 2450 δέ
619 2401 713 2451 καὶ
752 2398 802 2450 οἰ
862 2398 959 2451 σὺν
989 2396 1138 2465 αὐτῷ
1171 2399 1543 2465 ἐϐδομήκοντα
1579 2413 1739 2464 στρα-

162 2489 370 2540 τιῶται
404 2488 496 2541 τοῦ
558 2491 793 2557 κράτους
847 2504 961 2552 σου,
1012 2489 1074 2537 ἐκ
1137 2487 1242 2537 τῶν
1306 2486 1411 2538 σῶν
1441 2485 1745 2547 ὑψωθέντες

161 2579 395 2647 δωρεῶν
431 2582 523 2631 καὶ
550 2586 646 2639 τὰς
689 2579 1008 2646 φιλοτίμους
1038 2594 1153 2640 σου,
1188 2578 1615 2647 καρπωσάμενοι
1645 2577 1746 2647 χά-

166 2687 362 2741 ριτας,
389 2668 719 2738 ἀτιμάζουσι
758 2687 882 2731 τους
916 2671 1070 2732 θεοὺς
1102 2670 1196 2723 καὶ
1234 2672 1376 2723 κατὰ
1421 2670 1517 2739 τῆς
1543 2672 1745 2741 ἀηττή-

158 2777 269 2814 του
326 2778 420 2813 σου
480 2764 913 2830 τετυραννήκασι
969 2764 1268 2830 βασιλείας,
1317 2767 1381 2832 τῇ
1421 2763 1596 2835 πλάνῃ
1625 2781 1746 2816 σνν-

160 2856 521 2924 απαγόμενοι
546 2855 652 2907 τῶν
682 2855 990 2923 λεγομένων
1027 2856 1393 2922 Χριστιανῶν.

243 3032 325 3085 Ι“’.
365 3031 551 3084 Ταῦτα
588 3031 826 3094 ἀκούσας
874 3031 901 3082 ὁ
931 3030 1191 3100 τύραννος
1242 3030 1587 3099 Μαξιμιανδς
1628 3029 1748 3083 ἐθυ-

158 3127 338 3195 μώθη
371 3128 435 3193 τῇ
459 3123 625 3191 ψυχῇ,
643 3126 735 3174 καὶ
757 3127 849 3184 τὰς
880 3127 1077 3191 φρένας
1104 3122 1393 3190 ἠλλοιώθη,
1417 3124 1505 3172 καὶ
1525 3122 1750 3188 τὴνδιὰ-

154 3235 330 3270 νοισιν
367 3218 507 3284 ὑπὲρ
555 3218 783 3284 κάμινον
818 3214 1111 3283 ὲξεκαυθη,
1152 3212 1441 3281 ἐξαιρέτως
1475 3211 1746 3279 διδαχθείς

152 3311 251 3364 ὅτι
295 3313 354 3362 ἐν
393 3312 513 3373 ταῖς
539 3308 701 3361 αὑτοῦ
748 3311 1062 3376 στρατείαις
1102 3305 1375 3367 τοιούτους
1412 3304 1749 3375 στρατιώτας

152 3407 473 3471 ὑπάρχειν.
514 3404 623 3453 Καὶ
645 3401 708 3468 δη
748 3402 963 3468 ἡμέραν
987 3401 1327 3466 ἐπιτηρησας
1355 3400 1627 3465 ἐπίσημον
1658 3397 1751 3447 καὶ

147 3498 343 3550 τόπον
385 3495 692 3562 ἐπιτήδειον
722 3492 974 3560 εὑρηκὼς
1006 3491 1137 3561 πρὸς
1170 3491 1401 3558 Θεωρίαν
1426 3490 1519 3541 τοῦ
1550 3491 1748 3557 δήμου,

153 3589 353 3658 μέσον
404 3585 512 3635 τῶν
560 3582 825 3652 ἀρκτῴων
868 3581 1052 3634 πυλῶν
1090 3581 1186 3651 τῆς
1224 3580 1512 3649 Ἀπαμέων
1552 3594 1755 3646 μητρο-

148 3681 387 3741 πόλεως
416 3678 661 3739 Γιτνείας
721 3675 1023 3745 Ἀμαξικῆς
1068 3675 1388 3744 λεγομένης,
1432 3674 1653 3725 κάκεῖσε
1696 3670 1753 3723 τί)

141 3775 532 3842 δικαστήριον
576 3769 1004 3840 εὐτρεπισθῆναι
1046 3767 1331 3829 κελεύσας,
1363 3765 1591 3834 ἀχθῆναι
1626 3766 1751 3826 τοὺς

138 3868 460 3934 ἀοιδίμους
496 3861 795 3932 προσέταξε
833 3866 1143 3930 μάρτυρας.
1184 3856 1303 3927 Ἐφ’
1339 3857 1544 3927 ὑψηλοῦ
1576 3874 1753 3911 τοινυν

141 3961 428 4031 βήματος
460 3957 553 4011 τοῦ
582 3958 1020 4010 δυσσεϐεστατου
1055 3957 1323 4025 τυράννου
1370 3954 1751 4018 καθεσθέντος,

139 4054 362 4124 πάσης
391 4052 491 4121 τῆς
524 4051 730 4114 πόλεως
767 4060 863 4103 καὶ
902 4050 1079 4118 πάσης
1124 4049 1341 4119 ἡλικίας
1382 4048 1459 4110 είς
1495 4049 1593 4113 τὴν
1632 4047 1755 4097 τού-

142 4166 283 4201 των
321 4148 561 4216 θεωρίαν
597 4144 1032 4216 συνδραμούσης,
1063 4142 1133 4201 ὼς
1164 4141 1296 4208 μηδέ
1322 4140 1427 4191 τῶν
1454 4140 1758 4205 θαλαμευο-

135 4242 362 4312 μένων
415 4237 702 4307 παρθένων
751 4232 1223 4300 καταλειιρθεισῶν
1269 4232 1326 4284 ἐν
1372 4234 1484 4291 τοῖς
1527 4230 1752 4290 οἰκείοις

130 4332 572 4399 καταγωγίοις,
608 4325 742 4397 ἦγον
782 4329 831 4380 οἰ
879 4326 1169 4396 δορυφόροι
1212 4327 1337 4386 τοὺς
1377 4323 1752 4392 ἐϐδομήκοντα

131 4425 520 4498 στρατιώτας
551 4421 645 4473 τοῦ
672 4419 931 4488 Χριστοῦ,
962 4417 1051 4479 οὒς
1080 4418 1414 4485 θεασάμενος
1439 4416 1465 4467 ὁ
1496 4413 1753 4484 βασιλεὺς

1851 1920 2174 1987 potentiam,
2200 1924 2344 1990 quod
2387 1928 2762 1994 unusquisque
2787 1942 2976 1981 eorum
2999 1929 3092 1997 qui
3125 1938 3252 1981 sunt
3280 1930 3422 1997 apud

1850 2026 1975 2074 nos,
2009 2028 2132 2065 cum
2168 2015 2367 2070 timore
2400 2031 2454 2071 et
2488 2019 2764 2073 desiderio
2795 2021 3024 2075 honorat
3057 2025 3324 2076 maximos
3372 2035 3426 2077 et

1849 2104 2054 2170 patrios
2083 2104 2253 2159 deos:
2289 2110 2523 2162 maxime
2556 2121 2737 2163 autem
2770 2112 2959 2166 Jovem
3026 2123 3239 2180 patrem
3286 2116 3419 2167 deo.

1851 2209 1995 2254 rum,
2028 2206 2083 2249 et
2110 2196 2417 2266 Apollinem
2456 2201 2858 2266 admirabilem,
2884 2203 2977 2271 qui
3004 2214 3134 2256 sunt
3166 2207 3287 2259 aliis
3316 2206 3420 2261 diis

1850 2290 2189 2357 superiores,
2227 2302 2282 2345 et
2315 2292 2604 2362 imperium
2642 2304 2745 2349 tuae
2780 2302 3061 2362 potestatis
3102 2299 3257 2351 valde
3283 2314 3422 2352 con-

1851 2392 2073 2436 servant
2108 2394 2162 2438 et
2207 2394 2451 2439 tuentur.
2491 2387 2786 2442 Mauricius
2840 2398 3022 2442 autem
3058 2398 3114 2443 et
3168 2391 3259 2459 qui
3295 2401 3425 2446 sunt

1850 2488 1973 2527 cum
2012 2490 2078 2528 eo
2110 2478 2454 2545 septuaginta
2496 2473 2698 2533 milites
2735 2490 2841 2534 tua:
2865 2485 3150 2549 potentiae,
3179 2485 3231 2537 in
3252 2486 3421 2537 altum

1848 2567 1976 2619 elati
2015 2567 2317 2622 honoribus
2351 2570 2458 2622 tuis
2488 2581 2544 2624 et
2586 2573 2928 2636 muneribus,
2965 2584 3020 2626 et
3049 2576 3141 2642 qui
3196 2577 3329 2627 ditia
3371 2584 3427 2630 et

1850 2658 2137 2729 magniﬁca
2179 2660 2321 2714 dona
2370 2677 2436 2715 ex
2471 2671 2521 2718 te
2590 2677 2971 2733 perceperunt,
3010 2666 3143 2719 deos
3215 2667 3427 2721 habent

1850 2755 2215 2823 contemptui,
2272 2766 2328 2810 et
2389 2757 2652 2810 adversus
2694 2774 2948 2827 magnum
3012 2768 3161 2811 tuum
3207 2768 3263 2812 et
3294 2759 3434 2812 invi-

1850 2856 1996 2898 ctum
2051 2849 2339 2915 imperium
2388 2860 2645 2902 exercent
2675 2851 3043 2919 tyrannidem,
3080 2852 3303 2906 abducti
3358 2852 3429 2905 ab

1850 2951 2038 2989 errore
2064 2939 2525 2993 Christianorum.

1922 3031 2010 3086 lll.
2035 3032 2159 3086 Haec
2189 3048 2320 3103 ergo
2348 3049 2472 3087 cum
2508 3034 2745 3089 audisset
2775 3033 3095 3105 tyrannicus
3122 3035 3426 3104 imperator

1857 3126 2232 3190 Maximianus,
2263 3127 2447 3180 animo
2474 3129 2627 3181 valde
2653 3129 2759 3180 fuit
2798 3130 2994 3191 iratus,
3020 3138 3073 3181 et
3108 3131 3430 3197 prwcordiis

1855 3218 2135 3281 incensus,
2167 3229 2222 3271 ct
2254 3223 2433 3271 mente
2472 3223 2643 3289 magis
2666 3221 2800 3272 arsit
2846 3238 3006 3288 quain
3036 3222 3225 3275 fornax
3253 3243 3263 3273 :
3296 3240 3431 3292 pra:-

1851 3307 2008 3378 cipue
2040 3324 2163 3363 cum
2221 3312 2543 3379 accepisset,
2576 3312 2717 3381 quod
2779 3314 2831 3365 in
2863 3328 2963 3366 suo
2993 3315 3234 3367 exercitu
3287 3317 3425 3370 tales

1852 3410 2035 3456 essent
2058 3403 2282 3458 milites.
2318 3404 2379 3457 Et
2407 3420 2529 3459 cum
2561 3406 2705 3460 diem
2754 3406 3101 3460 observasset
3128 3407 3422 3476 insignem,

1852 3504 1909 3547 et
1934 3496 2112 3552 locum
2147 3497 2656 3565 invenissetaptum
2696 3500 2761 3552 ad
2805 3501 2989 3567 populi
3028 3503 3426 3569 Spectacnlum,

1854 3585 1908 3637 in
1967 3587 2145 3639 medio
2181 3599 2458 3655 pOrtarum
2527 3592 3040 3659 septentrionalium
3109 3594 3431 3663 metropolis

1855 3681 2302 3752 Apcmeensinm,
2337 3700 2457 3754 qua:
2507 3685 2709 3738 dicitur
2760 3687 2970 3740 Vicinia
3030 3689 3308 3751 Amaxica,
3375 3700 3430 3742 et

1850 3779 2105 3848 iussisset
2143 3779 2253 3831 illic
2280 3779 2457 3846 parari
2516 3778 2991 3848 judicium,jussit
3018 3780 3141 3832 duci
3195 3779 3429 3850 inclytos

1855 3881 2145 3937 martyres.
2187 3868 2321 3924 Cum
2348 3872 2399 3922 in
2434 3870 2543 3923 alto
2591 3879 2774 3922 autem
2817 3871 3076 3923 tribunali
3111 3871 3310 3938 impius
3342 3882 3424 3926 sc-

1854 3962 2025 4015 disset
2089 3970 2350 4029 tyrannus
2431 3960 2809 4023 Maximianus,
2870 3965 3239 4015 concurrisset
3297 3980 3429 4017 vero

1856 4053 2114 4107 universa
2150 4051 2345 4105 civitas
2375 4060 2430 4105 et
2460 4052 2639 4105 omnis
2676 4063 2807 4107 anas
2837 4052 2904 4106 ad
2950 4069 3045 4107 eos
3078 4058 3426 4121 spectandos,

1856 4148 1991 4199 adeo
2030 4154 2089 4197 ut
2126 4160 2227 4197 nec
2253 4146 2499 4213 virgines
2526 4146 2769 4213 quidem,
2802 4161 2925 4214 qua:
2965 4147 3172 4216 degunt
3214 4148 3267 4200 in
3302 4149 3423 4201 tha—

1855 4238 2035 4297 lamis,
2090 4238 2457 4291 remanserint
2494 4240 2546 4289 in
2589 4240 2705 4290 suis
2742 4239 3091 4300 habitaculis,
3145 4239 3427 4294 duxerunt

1855 4330 2122 4384 satellites
2170 4329 2514 4398 septuaginta
2573 4327 2779 4383 Christi
2840 4330 3069 4384 milites.
3124 4329 3274 4396 Quos
3305 4347 3429 4387 cum

1857 4422 2158 4488 aspexisset
2208 4422 2526 4487 imperator,
2569 4421 2707 4473 dixit
2739 4435 2930 4473 eorum
2974 4420 3100 4475 duci
3131 4440 3142 4473 :
3178 4422 3286 4476 Nos
3309 4439 3430 4491 spe-

128 4521 307 4590 πρὸς
346 4516 441 4568 τὸν
467 4513 674 4567 τούτων
704 4510 930 4582 ἔξαρχον
960 4507 1113 4562 εἷπεν
1133 4524 1147 4539 ·
1196 4506 1385 4577 Ἡμεῖς
1429 4507 1746 4575 ἐλπίζομεν,

1854 4513 2130 4574 rabamus,
2160 4526 2191 4564 ο
2220 4510 2468 4573 Maurici,
2523 4512 2669 4579 quod
2706 4511 2905 4564 nostris
2961 4512 3206 4565 fruentes
3240 4514 3424 4577 donis,

124 4608 182 4668 ὦ
219 4607 551 4677 Βν1αυρίκιε,
579 4605 652 4667 ὡς
676 4606 783 4656 τῶν
815 4603 1098 4672 ἡμετέρων
1123 4599 1485 4659 ἀπολαύοντες
1504 4598 1746 4668 δωρεῶν,

122 4706 247 4759 καὶ
294 4700 563 4771 βασιλικῇ
587 4700 759 4766 τροφῇ
789 4695 1225 4765 ἐναϐρυνόμενοι,
1250 4694 1343 4743 καὶ
1373 4690 1480 4741 τῶν
1508 4706 1748 4760 κοσμου-

125 4793 359 4865 μένων
394 4789 455 4838 ἐν
477 4786 747 4852 ἀξιώμασι
775 4783 844 4834 τὰ
879 4786 1122 4851 πρωτεῖα
1156 4780 1286 4850 παρ’
1314 4779 1470 4850 ἡμῶν
1511 4781 1745 4848 εὐτυχή-

120 4898 369 4940 σαντες
395 4881 666 4948 κατίχνως
700 4878 793 4946 τῆς
820 4876 1092 4945 ἡμετέρας
1127 4873 1405 4926 ἰθύνεσθαι
1438 4873 1745 4942 γαληνότη-

113 4997 257 5042 τος,
294 4976 407 5027 καὶ
431 4974 553 5034 τους
584 4971 991 5038 ἐπιχειροῦντας
1011 4971 1105 5037 τῆς
1128 4969 1397 5038 ἡμετέρας
1423 4967 1745 5035 θεοφευλοῦς

114 5067 479 5143 Ορησκείας
520 5060 832 5130 ἁ....πηδᾷν
867 5059 1127 5129 πράξεσιν
1159 5059 1433 5127 ἀνδρείαις
1473 5063 1566 5112 καὶ
1595 5059 1737 5111 διδα-

113 5142 831 5219 σέ-ιαλίαιξπαντοδαπύς
868 5154 945 5213 εἰς
995 5152 1053 5202 τὸ
1080 5151 1230 5217 ὑγιὲς
1260 5151 1645 5220 ἐπιστρέφεται
1684 5150 1744 5201 τὸ

107 5273 238 5327 οσρ
287 5252 727 5321 θεραπεύοντες,
763 5248 856 5297 καὶ
886 5245 946 5296 τὸ
975 5242 1181 5313 χωλοῦν
1219 5242 1615 5313 διορθούμενοι,
1650 5242 1743 5293 καὶ

105 5353 184 5405 τὸ
257 5340 561 5409 πολεμοῦν
607 5336 1004 5407 εἰρηνεύοντες,
1070 5336 1162 5387 καὶ
1208 5338 1488 5405 συντόμως
1542 5335 1739 5400 εἰπεῖν,

104 5448 307 5501 ἆπαν
350 5435 417 5488 τὸ
458 5434 532 5502 μὴ
574 5437 716 5484 κατα
747 5430 835 5483 τὸν
868 5430 1136 5497 ἡμέτερον
1163 5430 1361 5479 σκοπὸν
1388 5428 1741 5496 πολιτευόμε-

105 5556 220 5595 νον
254 5534 354 5594 ὡς
384 5528 646 5595 πολέμιον
682 5524 1094 5583 ὑποτάττοντες.
1123 5520 1508 5588 Ἐδιδάχθημεν
1546 5519 1601 5574 δὲ
1634 5520 1741 5570 πᾶν

97 5636 179 5689 τὸ
249 5623 555 5685 ἐναντίον,
599 5620 673 5681 ὠς
729 5616 896 5679 ἔοικε,
946 5619 1075 5685 περί
1107 5615 1297 5684 ὑμῶν’
1343 5614 1478 5683 πρὸς
1512 5608 1591 5674 οἷς
1632 5612 1741 5680 γὰρ

99 5728 395 5792 ἑτέρους
423 5716 484 5768 ἐκ
510 5715 611 5784 τῆς
641 5710 914 5782 ἡμετέρας
943 5707 1369 5776 δεισιδαιμονίας
1400 5706 1739 5775 ἀφηνιάσαν-

95 5837 225 5880 ea;
275 5814 405 5866 οὐκ
450 5806 807 5879 ἐπετρέψατε,
849 5804 982 5857 ἀλλὰ
1034 5804 1127 5855 καὶ
1159 5803 1309 5855 αὐτοὶ
1364 5802 1410 5851 οἰ
1456 5801 1593 5852 κατὰ
1626 5797 1731 5850 τῶν

1856 4613 1912 4657 et
1940 4604 2201 4657 alimento
2227 4602 2410 4656 educti
2441 4603 2816 4672 imperatorio,
2848 4603 3163 4672 primosque
3186 4604 3429 4662 honores

1854 4703 1911 4749 et
1951 4694 2253 4764 dignitates
2281 4710 2310 4747 a
2347 4695 2509 4747 nobis
2540 4696 2843 4760 consecuti,
2879 4697 3205 4750 insisteretis
3256 4702 3426 4752 vesti-

1855 4786 1958 4855 giis
1996 4794 2193 4838 nostra:
2247 4784 2681 4853 tranquillitatis,
2722 4794 2777 4838 et
2809 4798 2906 4838 eos
2937 4785 3027 4853 qui
3084 4798 3428 4840 conarentur

1852 4880 2065 4932 resilire
2115 4895 2143 4931 a
2182 4887 2366 4932 nostra
2403 4882 2502 4932 deo
2531 4887 2681 4947 grata
2714 4879 2946 4947 legione,
2983 4878 3222 4934 fortibus
3266 4881 3428 4936 factis

1854 4984 1907 5027 et
1929 4988 2089 5025 omne
2109 4987 2278 5040 genus
2300 4972 2569 5026 doctrinis
2592 4972 2983 5026 converteretis
3009 4974 3073 5023 ad
3104 4973 3424 5035 sanitatem,

1854 5065 1999 5134 quod
2027 5076 2316 5135 aegretaret
2342 5076 2618 5129 curantes,
2646 5075 2702 5118 et
2724 5064 2868 5133 quod
2898 5065 3426 5117 claudicaretcorri-

1852 5169 2061 5229 gentes,
2122 5168 2176 5211 et
2209 5157 2352 5227 quod
2385 5159 2583 5213 bellum
2610 5166 2825 5227 gereret
2870 5156 3219 5225 paeifieantes
3244 5172 3258 5208 ;
3283 5167 3337 5208 et
3369 5166 3422 5208 ut

1853 5249 2021 5305 semel
2078 5250 2275 5313 dicam,
2326 5249 2552 5318 quiquid
2604 5266 2660 5302 se
2694 5265 2801 5301 non
2856 5263 2921 5300 ex
2966 5257 3152 5301 nostro
3200 5247 3422 5302 haberet

1854 5344 2127 5404 instituto,
2171 5346 2430 5410 tanquam
2464 5343 2747 5394 inimicum
2799 5351 2853 5394 et
2882 5340 3083 5394 hostile
3120 5339 3423 5408 subjicien-

1854 5445 1951 5488 tcs.
1991 5435 2095 5487 Sed
2153 5435 2218 5486 de
2247 5433 2421 5497 vobis,
2457 5444 2514 5486 ut
2561 5432 2799 5494 videtur,
2833 5429 3173 5484 contrarium
3207 5429 3425 5497 accepi-

1850 5540 1991 5578 mus.
2049 5525 2165 5578 Non
2218 5523 2393 5577 solum
2437 5523 2582 5577 enim
2625 5538 2730 5576 non
2786 5521 3136 5576 convertistis
3193 5534 3288 5573 eos
3327 5518 3422 5587 qui

1849 5617 2109 5671 adversus
2132 5623 2371 5668 nostram
2404 5615 2741 5667 rebellarunt
2767 5613 3106 5681 religionem.
3136 5612 3229 5664 sed
3254 5612 3419 5663 etiam

1852 5708 1947 5776 ipsi
1982 5708 2241 5761 adversus
2280 5706 2412 5760 deos
2467 5716 2686 5761 nostros
2732 5707 3136 5775 omnipotentes
3174 5703 3421 5773 tyranni-

1848 5802 1970 5855 dem
2014 5810 2354 5867 exercentes,
2387 5811 2441 5853 et
2468 5801 2559 5866 qui
2589 5802 2669 5853 eis
2710 5808 2837 5852 sunt
2868 5798 3151 5852 constituti
3183 5799 3420 5847 honores
