4188 6310
185 376 279 439 361

1133 367 1311 429 VITA
1357 365 1460 425 SS.
1505 356 1876 424 MAURITII
1918 356 2012 415 ET
2056 350 2468 414 SOCIORUM.

3311 357 3413 416 362

186 490 359 562 τιμῶν
392 486 655 558 μειζόνων
705 481 942 551 ἀξιωθῇς
997 481 1127 553 παρ’
1157 478 1340 550 ήμῶν.
1390 477 1447 530 ’0
1491 476 1546 527 δὲ
1595 474 1751 539 ἇγιος

1855 482 1958 520 nus
1991 465 2340 520 consiliarius
2372 467 2596 535 reliquis
2622 466 2730 522 tuis
2757 466 3019 522 militibus
3053 468 3120 522 de
3144 469 3251 522 diis
3287 473 3428 523 adu-

184 583 446 643 Φίλιππος
477 576 630 632 εἶπεν
652 593 668 608 °
719 574 862 642 Ἐγὼ
891 573 1194 644 σύμσουλος
1235 569 1472 640 πονηρὸς
1504 568 1564 621 οὐ
1589 568 1748 635 γενή-

185 691 349 745 σομαι
383 675 499 735 τοῖς
554 668 1030 739 αὑτοπροαιρέτως
1059 664 1404 734 ὁδηγηθεϊσιν
1439 663 1519 724 είς
1544 660 1635 713 τδν
1659 660 1754 727 φό-

185 768 273 819 ϐον
313 765 406 817 τοῦ
433 762 688 834 ἀληθινοῦ
725 761 883 820 Θεοῦ.
917 757 1107 826 ἐπειδὴ
1136 757 1487 828 γέγραπταν
1531 772 1547 805 ι
1589 751 1751 816 Οὐαὶ,

182 860 247 911 δι’
277 853 334 913 οὗ
361 859 420 911 τὸ
452 858 620 910 κακὸν
681 852 936 922 ἔρχεταιί
982 870 1000 904 ι
1033 849 1372 919 Μαξιμιανὺς
1433 841 1585 900 εἶπεν
1610 860 1625 877 ·
1683 843 1756 895 Τὸ

186 951 531 1020 μακρόθυμον
553 946 946 1017 τῆςήμετέρας
981 943 1326 1006 ἀνεξικακίας
1355 937 1756 1008 τολμηρότερόν

185 1061 240 1095 σε
275 1041 594 1109 πεποίηκεν,
661 1037 921 1090 Φίλιππε.
972 1035 1064 1103 Μὴ
1112 1030 1206 1086 οὖν
1269 1031 1588 1100 ἐπιμείνητε
1639 1030 1756 1087 τοῖς

185 1134 388 1194 αὐτοῖς,
441 1133 528 1182 ἵνα
591 1129 666 1198 μὴ
711 1129 934 1190 δικαίως
965 1126 1060 1197 τὴν
1092 1125 1247 1195 δίκην
1277 1123 1398 1177 καθ’
1431 1122 1588 1192 ὑμῶν
1620 1137 1760 1190 παρ-

179 1226 459 1294 ωτρύνητε
493 1223 586 1276 καὶ
616 1223 846 1291 γένησθε
877 1222 1076 1288 δεῖγμα
1116 1219 1212 1288 τῆς
1244 1217 1518 1288 ἡμετέρας
1554 1216 1760 1283 ἀγανα-

179 1318 444 1388 κτήσεως,
463 1310 1167 1385 τολμῶντες,όνομάζειντὺν
1185 1308 1312 1378 παρ’
1326 1309 1475 1378 ὑμῶν
1494 1304 1763 1360 θεοποιοῦ-

180 1426 340 1477 μενον
387 1409 693 1477 ἄνθρωπον.
728 1403 1146 1476 Ἀποκριθέντες
1179 1403 1235 1455 δὲ
1291 1401 1340 1453 οἱ
1368 1402 1511 1467 ἆγιοι
1535 1400 1766 1469 ἑϐδομή-

175 1518 339 1552 κοντα
394 1496 547 1552 εἶπον
595 1498 674 1567 τῷ
733 1496 1020 1566 τυράννῳ*
1087 1493 1149 1546 Ἢ
1220 1492 1499 1556 κενόδοξος
1561 1491 1761 1560 ἀπειλὴ

175 1593 273 1661 τῆς
357 1592 478 1656 σῆς,
553 1588 798 1660 βασιλεῦ,
860 1586 1144 1657 βδελυρίας
1197 1586 1428 1652 δύναμιν
1486 1581 1547 1646 ἐξ
1599 1582 1763 1651 ὕψους

174 1685 308 1751 ἡμῖν
360 1683 674 1752 χαρίζεται·
728 1683 790 1733 οὐ
856 1679 967 1750 γὰρ
1013 1679 1212 1730 ἐνοικεῖ
1277 1676 1441 1746 φόδος
1488 1675 1764 1745 βασάνων,

173 1775 254 1835 εἰς
297 1773 535 1826 διάνοιαν
585 1771 822 1842 βεϐαίων
866 1771 975 1824 τῶν
1014 1769 1356 1840 ἀγαπώντων
1387 1768 1476 1822 τὸν
1507 1767 1735 1838 Κύριον.

252 2045 347 2110 (τ’.
421 2042 551 2096 Τότε
602 2045 631 2095 δ
713 2042 966 2113 βασιλεὺς
1052 2039 1390 2110 Μαξιμιανδς
1482 2040 1764 2092 ἐκέλευσεν

176 2135 553 2205 ἀφαιρεθῆναι
624 2135 735 2187 τῶν
797 2134 968 2202 ἁγίων
1043 2133 1415 2201 ὲᾶδομήκοντα
1461 2131 1522 2183 τὸ
1579 2131 1764 2200 σχῆμα

175 2226 278 2293 τῆς
326 2225 612 2293 στρατείας
706 2226 804 2276 καὶ
858 2223 1096 2292 κοπῆναι
1154 2221 1335 2274 αὐτῶν
1411 2220 1510 2282 τὰς
1587 2218 1766 2283 ζώνας

181 2318 284 2368 καὶ
348 2314 716 2392 ,παραστῆναι
763 2314 915 2384 αὐτῷ
959 2313 1097 2384 μετά
1125 2313 1326 2380 πολλῆς
1367 2312 1614 2382 ἀτιμίας.
1658 2312 1767 2364 Καὶ⁹

180 2408 362 2460 ταῦτα
411 2407 517 2460 τῶν
569 2407 930 2461 ὑπασπιστῶν
991 2406 1130 2475 μετὰ
1186 2405 1382 2457 πολλοῦ
1425 2404 1521 2457 τοῦ
1569 2404 1766 2474 τάχους

180 2497 671 2567 διαπραξαμένων,
700 2497 803 2567 ἔφη
845 2496 982 2566 πρὸς
1013 2475 1213 2556 αὐτοὺς
1250 2495 1278 2546 ὀ
1302 2494 1564 2564 τύραννος
1589 2535 1605 2560 ,
1639 2494 1766 2557 Ἴδε,

181 2591 305 2654 οἵας
335 2593 560 2659 ἀτιμίας
591 2589 812 2658 ἰτύχετε
837 2589 927 2642 διὰ
951 2587 1052 2660 τὴν
1088 2586 1372 2640 ἀπείθειαν
1403 2586 1578 2653 ὑμῶν.
1616 2585 1678 2639 Ol
1709 2585 1766 2637 δὲ

180 2679 337 2747 ἆγιοι
361 2676 514 2732 εἶπεν
549 2679 682 2750 πρὸς
709 2679 801 2731 τὸν
833 2677 1100 2750 τύραννον
1123 2695 1138 2709 °
1175 2678 1237 2730 Εί
1267 2677 1363 2730 καὶ
1387 2676 1473 2742 σὺ,
1502 2676 1577 2740 ὡς
1610 2676 1764 2746 νομί-

182 2776 326 2840 ζεις,
357 2775 612 2841 ἔξέδυσας
642 2776 813 2847 ἡμᾶς,
849 2775 978 2828 ἀλλ’
1000 2774 1148 2827 ἔστιν
1176 2774 1204 2826 ό
1236 2773 1367 2835 Θεὸς
1401 2771 1559 2841 ἡμῶν
1588 2774 1646 2824 ὲν
1681 2773 1770 2825 οὐ-

184 2871 400 2938 ρανοῖς,
467 2862 510 2936 ᾧ
560 2867 922 2938 λατρεύομεν,
984 2867 1183 2920 ὲνδύων
1227 2866 1373 2935 ἡμᾶς
1426 2863 1620 2932 στολὴν
1669 2865 1768 2933 τῆς

183 2962 412 3013 αἰωνίου
458 2960 638 3029 δόξης,
677 2963 742 3031 ην
788 2960 949 3024 αὐτὸς
995 2959 1116 3012 οὐδὲ
1156 2956 1374 3011 ἀκούειν
1421 2956 1768 3025 καθέστηκας

179 3052 340 3117 ἄξιος
373 3052 462 3103 διὰ
493 3053 584 3104 τὸν
615 3054 857 3104 Σατανᾶν
877 3054 968 3103 τὸν
999 3051 1212 3120 πατέρα
1249 3068 1365 3115 σου,
1390 3051 1480 3102 τὸν
1505 3047 1768 3103 λαλοῦντα

181 3145 247 3195 ὲν
278 3144 384 3198 σοί.
417 3144 548 3196 Τότε
576 3143 848 3215 θυμωθεὶς
883 3145 911 3196 ό
945 3142 1207 3214 τύραννος
1240 3139 1427 3196 εἶπεν·
1455 3139 1524 3195 Ὃ
1559 3143 1768 3213 μιαρώ-

1857 557 2067 621 randis,
2101 567 2160 610 ut
2188 559 2390 628 majora
2413 558 2554 613 dona
2587 569 2644 614 et
2679 559 2915 614 honores
2946 575 2976 612 a
3005 562 3165 616 nobis
3225 578 3430 617 conse-

1856 653 2063 720 quaris.
2100 651 2246 704 Dixit
2279 661 2499 706 sanctus
2531 652 2818 722 Philippus
2843 670 2856 707 :
2885 653 3082 708 Notum
3117 654 3218 708 tibi
3265 657 3360 715 sit,
3391 673 3423 708 υ

1859 744 2177 812 imperator,
2210 759 2296 798 me
2330 760 2439 798 non
2503 744 2750 798 futurum
2808 745 3009 800 malum
3050 747 3423 801 consiliarium

1861 836 1928 888 iis
1954 835 2048 903 qui
2079 850 2177 888 sua
2206 844 2400 904 sponte
2457 836 2677 890 deducti
2712 847 2839 890 sunt
2893 839 2960 891 ad
2998 839 3250 892 timorem
3309 842 3425 894 veri

1863 914 1980 981 Dei.
2016 925 2290 996 Scriptum
2309 936 2395 982 est
2418 928 2565 982 enim
2588 929 2608 959 ³
2631 929 2778 983 ulla:
2806 930 2875 988 ei.
2909 945 3008 999 per
3038 947 3199 1000 quem
3225 932 3427 986 malum

1861 1021 2028 1074 venit.
2065 1037 2085 1071 ι
2130 1020 2588 1088 Dixitimperator
2614 1021 2967 1077 Maximianus
3000 1039 3015 1080 :
3053 1023 3272 1079 Lenitas
3329 1041 3430 1078 no-

1862 1122 1988 1167 strae
2016 1113 2292 1182 patientia:
2326 1122 2378 1167 te
2408 1113 2752 1168 audaciorem
2787 1115 2989 1179 ell'ecit,
3049 1133 3082 1171 ο
3157 1118 3427 1190 Philippe.

1864 1202 2040 1257 Nolite
2077 1217 2208 1272 ergo
2244 1203 2299 1257 in
2324 1205 2410 1258 his
2430 1205 2700 1270 insistere,
2726 1222 2794 1262 ne
2835 1208 3011 1277 justas
3037 1226 3225 1279 ptenas
3251 1214 3304 1266 in
3334 1230 3430 1269 vos

1866 1293 2095 1349 irritetis
2126 1304 2181 1349 et
2212 1295 2456 1350 evadatis
2472 1299 2781 1366 exemplum
2804 1304 3428 1373 nostrteindiguationis.

1868 1387 2132 1442 audentes
2162 1387 2448 1443 nominare
2483 1389 2786 1454 hominem,
2823 1394 2970 1461 quia
3023 1396 3176 1449 vobis
3214 1408 3297 1451 est
3346 1415 3432 1453 re-

1867 1481 2009 1534 latus
2037 1479 2089 1534 in
2114 1479 2266 1535 deos.
2305 1480 2720 1550 Respondentes
2742 1497 2871 1536 vero
2898 1487 3070 1545 sancti
3094 1491 3430 1559 septuaginta

1870 1583 2156 1642 martyres,
2189 1573 2446 1628 dixerunt
2500 1583 2730 1644 tyranno
2775 1576 3126 1645 imperatori:
3180 1583 3344 1636 Vanaa
3379 1594 3435 1638 et

1869 1667 2059 1722 inanes
2142 1670 2385 1731 minae,o
2437 1669 2756 1739 imperator,
2826 1681 2933 1728 tua:
2991 1675 3433 1743 abominationis,

1870 1761 2127 1815 virtutem
2181 1761 2337 1816 nobis
2404 1776 2468 1816 ex
2499 1763 2610 1817 alto
2639 1764 2967 1834 largiuntur.
3003 1769 3120 1822 Non
3169 1771 3313 1824 enim
3348 1773 3434 1826 in-

1786 1855 1823 1907 Β
1854 1852 2103 1925 greditur
2124 1862 2220 1906 aut
2258 1853 2532 1908 inhabitat
2565 1864 2742 1910 metus
2776 1864 3172 1913 tormentorum
3206 1862 3259 1915 in
3296 1864 3435 1917 bona

1868 1953 2048 1999 mente
2081 1951 2135 1998 et
2168 1944 2348 1998 stabili
2387 1959 2577 1999 eorum
2610 1947 2703 2015 qui
2735 1948 2971 2018 diligunt
3016 1950 3329 2006 Dominum.

1946 2037 2033 2092 VI.
2080 2035 2236 2091 Tunc
2268 2038 2632 2094 Maximianus
2691 2039 2990 2109 imperator
3044 2044 3201 2098 valde
3242 2046 3435 2114 iratus,

1862 2131 2025 2200 jussit
2052 2133 2255 2188 auferri
2306 2151 2334 2188 a
2366 2136 2574 2190 sanctis
2609 2137 2955 2207 septuaginta
2987 2138 3253 2195 militibus
3283 2141 3440 2198 habi-

1871 2230 1982 2276 tum
2029 2225 2258 2288 militiae,
2303 2237 2358 2279 et
2404 2228 2485 2279 eis
2517 2227 2762 2280 abscindi
2809 2244 2993 2293 zonas,
3029 2240 3084 2283 et
3113 2231 3313 2286 deinde
3355 2234 3437 2288 sic

1869 2330 1964 2370 eos
1987 2316 2052 2370 ad
2080 2317 2252 2388 ipsum
2306 2318 2505 2372 adduci
2547 2334 2670 2373 cum
2703 2334 2896 2389 magna
2920 2321 3237 2392 ignominia.
3271 2324 3438 2379 Cum-

1871 2422 1979 2476 que
2032 2408 2148 2462 haec
2206 2424 2399 2481 magna
2453 2410 2732 2466 celeritate
2777 2412 3092 2468 eﬂecissent
3155 2418 3436 2482 satellites,

1869 2500 2004 2554 dixit
2029 2501 2108 2555 eis
2134 2510 2393 2572 tyrannus
2430 2521 2444 2560 :
2471 2503 2680 2569 Videte,
2706 2520 2734 2558 a
2767 2507 2915 2574 quali
2949 2507 3118 2576 gloria
3151 2519 3206 2564 et
3227 2510 3436 2566 honore

1868 2590 2170 2652 excidistis,
2222 2599 2278 2645 et
2340 2595 2500 2661 quale
2572 2594 2728 2649 vobis
2782 2595 3044 2666 obtigerit
3103 2598 3344 2656 dedecus
3381 2616 3437 2658 et

1869 2684 2207 2753 contemptio
2243 2694 2466 2754 propter
2499 2695 2736 2740 vestram
2769 2686 3218 2747 inobedicntiatn.
3249 2694 3434 2751 Sancti

1871 2776 2128 2831 dixerunt
2182 2787 2412 2847 tyranno
2447 2796 2460 2832 :
2497 2778 2719 2834 Etiamsi
2755 2789 2833 2844 tu,
2873 2789 2929 2834 ut
2985 2783 3286 2851 existimas,
3335 2805 3437 2844 nos

1870 2865 2069 2920 exuisti
2099 2866 2287 2921 habitu
2343 2869 2571 2935 militiae,
2607 2879 2664 2924 et
2695 2871 2975 2926 abscidisti
3010 2891 3175 2930 zonas
3199 2889 3435 2942 nostras.

1869 2963 1953 3008 est
1982 2956 2125 3012 Deus
2182 2968 2370 3013 noster
2410 2960 2465 3012 in
2508 2961 2679 3022 etelis,
2705 2978 2864 3029 quem
2902 2965 3153 3031 colimus,
3190 2969 3284 3036 qui
3338 2987 3439 3026 nos

1873 3048 2054 3103 induit
2075 3051 2324 3106 vestibus
2367 3060 2422 3106 et
2449 3054 2608 3107 zonis
2639 3053 2974 3124 incorruptae
3001 3065 3056 3111 et
3081 3069 3299 3116 αξιοι-ηας
3320 3064 3440 3133 ejus

1871 3141 2078 3210 gloriae,
2112 3159 2274 3212 quam
2309 3144 2426 3213 ipse
2451 3159 2562 3199 non
2599 3161 2657 3200 es
2682 3148 2877 3217 dignus
2909 3151 3094 3206 videre
3118 3161 3212 3206 aut
3247 3155 3439 3212 audire

179 3254 346 3290 τατοι
401 3237 494 3290 καὶ
537 3239 637 3307 τῆς
685 3237 796 3291 τῶν
833 3237 972 3290 θεῶν
1019 3235 1307 3304 εὐμενείας
1337 3233 1566 3298 ἀνάξιοι,
1606 3235 1764 3304 ὑμεῖς

1869 3240 2096 3296 propter
2131 3231 2385 3285 Satanam
2418 3242 2630 3302 patrem
2684 3243 2858 3301 tuum,
2894 3239 2985 3307 qui
3013 3240 3066 3292 in
3099 3251 3151 3294 te
3193 3242 3440 3313 loquitur

182 3329 459 3397 γεγόνατε
498 3331 600 3396 τῆς
629 3330 839 3384 ἑαυτῶν
885 3331 1114 3400 ἀτιμίας
1156 3330 1428 3400 πρόφασις
1454 3344 1466 3358 ·
1506 3326 1565 3392 ἐξ
1612 3326 1768 3395 ἡμῶν

182 3423 302 3490 γὰρ
336 3423 680 3492 τιμηθέντες,
714 3424 806 3474 καὶ
832 3423 956 3483 τοὺς
988 3423 1143 3483 θεοὺς
1174 3420 1516 3491 ἑνυϐρίσατε,
1551 3418 1642 3472 καὶ
1670 3418 1770 3486 τῆς

186 3514 475 3583 ἡμετέρας
511 3514 693 3581 φιλίας
729 3514 1200 3582 κατεφρονήσατε.
1260 3513 1676 3580 Ἀποκριθέντες
1720 3511 1770 3561 οἱ

183 3609 340 3674 ἅγιοι
375 3601 526 3658 εἷπον
549 3605 625 3674 τῷ
650 3606 900 3677 τυράννῳ
920 3622 935 3636 ’
980 3606 1046 3658 Ἦ
1073 3604 1333 3676 στρατεία
1357 3620 1471 3669 σου,
1493 3603 1569 3664 ὡς
1604 3600 1770 3670 μηδὲν

181 3700 416 3769 ἔχουσα,
457 3701 817 3770 παρέρχεται,
855 3699 950 3753 καὶ
1005 3699 1040 3770 ή
1099 3695 1352 3769 παροῦσα
1398 3693 1530 3764 τιμὴ
1577 3690 1770 3762 ἀτιμία

185 3794 282 3844 σοί
331 3794 501 3856 ἐστιν,
547 3792 736 3863 ἐπειδὴ
787 3792 881 3846 τοῦ
926 3791 1221 3853 δεδωκότος
1269 3807 1350 3842 σοι
1385 3789 1485 3860 τὴν
1522 3786 1772 3851 ἐξουσίαν

184 3883 465 3934 ἀπελάθου
521 3884 681 3948 Θεοῦ,
717 3885 785 3934 τὰ
839 3884 896 3936 δὲ
947 3883 1132 3953 ἄψυχα
1169 3882 1386 3945 εῐδωλα,
1413 3881 1481 3934 τὰ
1521 3880 1595 3949 μὴ
1630 3878 1774 3945 ὠφε-

173 3973 392 4026 λοῦντα
453 3973 542 4025 διὰ
604 3973 663 4024 τὸ
728 3973 801 4042 μὴ
881 3975 1174 4040 γινώσκειν
1224 3975 1316 4025 τὸν
1339 3970 1582 4039 τιμῶντα
1633 3970 1773 4022 αὐτά

177 4067 290 4120 καὶ
329 4063 646 4136 ὑϐρίζοντα,
671 4065 914 4134 ἀνοήτως
936 4065 1220 4128 θεοποιεῖς.
1242 4063 1299 4116 '0
1314 4062 1577 4133 τύραννος
1595 4055 1772 4113 εἶπεν·

168 4162 293 4216 Διά
354 4159 454 4230 τὴν
516 4159 926 4226 φιλανθρωπίαν
985 4159 1086 4229 τῆς
1143 4157 1417 4229 ἡμετέρας
1496 4153 1774 4224 βασιλείας

169 4255 514 4325 φειδόμενος
569 4253 722 4323 ὑμῶν
777 4254 874 4307 καὶ
923 4253 1248 4322 βουλόμενος
1314 4246 1775 4319 περιποιήσασθαι

164 4349 294 4418 τὴν
360 4346 506 4417 ζωήν
537 4348 711 4417 ὑμῶν,
760 4346 839 4398 ἔτι
872 4348 1135 4417 ἀνέχομαι
1169 4344 1344 4414 ὑμῶν.
1385 4342 1492 4395 Καὶ
1524 4339 1775 4393 ἐκέλευσε

160 4440 343 4511 τρεῖς
376 4419 588 4508 ἡμέρας
623 4437 951 4510 ἀποτεθῆναι
987 4439 1182 4490 αὐτοὺς
1224 4440 1281 4488 ιν
1309 4438 1374 4505 τῇ
1417 4434 1652 4504 φρουρᾷ,
1687 4432 1773 4482 ἵνα

155 4537 250 4589 τὸ
287 4532 573 4601 συμφέρον
624 4531 1046 4600 βουλεύσωνται.

1870 3328 1925 3374 et
1965 3331 2245 3389 operatur.
2308 3322 2462 3378 Tunc
2519 3327 2672 3380 valde
2722 3327 2895 3382 iratus
2960 3338 3245 3401 tyrannus,
3299 3335 3440 3390 dixit

1873 3412 2118 3469 sanctis:
2147 3410 2192 3467 0
2239 3416 2561 3470 exsecrandi
2593 3426 2646 3471 et
2674 3417 2882 3488 indigni
2925 3421 3151 3477 deorum
3209 3426 3444 3483 benevo-

1874 3503 2062 3568 lentia,
2096 3521 2193 3559 vos
2221 3515 2456 3561 vestram
2493 3508 2844 3576 ignominiam
2894 3514 3052 3568 vobis
3084 3517 3440 3576 conciliastis.

1872 3595 1916 3648 Α
1954 3597 2112 3649 nobis
2142 3599 2290 3651 enim
2339 3598 2547 3654 honore
2577 3600 2778 3666 aﬂ‘ccti,
2830 3607 3094 3660 maximos
3140 3608 3274 3664 deos
3307 3611 3442 3667 εισι)-

1875 3684 2029 3740 cistis
2060 3690 2416 3752 contumelia,
2445 3700 2500 3742 et
2534 3702 2777 3747 nostram
2809 3698 3223 3767 contempsistis
3247 3703 3444 3758 amici-

1878 3780 2035 3834 tiam.
2094 3781 2170 3835 De
2219 3791 2420 3836 caetero
2485 3783 2718 3852 accipite
2773 3790 3165 3845 convenienter
3245 3797 3446 3851 vestris

1876 3872 2052 3928 lactis.
2070 3874 2484 3944 Respondentes
2500 3884 2677 3929 autem
2693 3877 2888 3941 sancti,
2903 3877 3162 3936 dixerunt
3181 3891 3442 3954 tyranno:

1877 3964 2198 4032 Imperator,
2275 3964 2391 4019 htec
2446 3965 2640 4020 militia
2691 3976 2803 4033 tua,
2860 3976 2921 4022 ut
2973 3986 3094 4040 qua
3162 3975 3302 4029 nihil
3349 3979 3441 4043 sit,

1878 4055 2144 4126 praeterit,
2193 4066 2249 4110 et
2281 4057 2374 4125 qui
2427 4058 2583 4113 adest
2633 4058 2829 4124 honor,
2866 4072 2950 4116 est
3004 4065 3102 4118 tibi
3152 4066 3444 4125 dedecus:

1877 4148 2136 4218 quoniam
2167 4147 2373 4202 oblitus
2411 4163 2471 4203 es
2498 4148 2613 4214 Dei,
2645 4150 2737 4219 qui
2777 4152 2918 4207 hanc
2957 4155 3056 4209 tibi
3084 4157 3238 4213 dedit
3288 4174 3446 4231 pote-

1879 4247 2096 4294 statem.
2123 4239 2270 4294 Vana
2327 4235 2458 4293 vero
2497 4248 2552 4294 et
2582 4241 2820 4298 inanima
2885 4243 3199 4315 simulacra,
3243 4266 3363 4320 qua:
3395 4264 3447 4307 te

1880 4331 2016 4387 nihil
2038 4334 2252 4403 juvant,
2287 4333 2432 4402 quod
2463 4349 2526 4386 ea
2555 4349 2662 4387 non
2690 4347 3023 4406 cognoscant
3053 4356 3179 4395 eum
3211 4345 3302 4413 qui
3326 4344 3440 4414 ipsa

1881 4425 2088 4477 honore
2143 4423 2308 4477 allicit
2340 4433 2434 4478 aut
2470 4427 2820 4492 contumelia,
2869 4428 2923 4482 in
2958 4431 3091 4486 deos
3134 4435 3350 4500 stolide,
3388 4447 3449 4491 ut

1878 4517 1970 4586 qui
2025 4515 2184 4583 plane
2213 4529 2372 4568 sensu
2428 4530 2636 4571 careas.
2690 4519 2882 4571 refers.
2937 4521 3082 4575 Dixit
3134 4533 3444 4593 tyrannus:

157 4635 434 4700 Propter
466 4624 637 4683 nostri
683 4625 898 4695 imperii
933 4621 1278 4680 clementiam
1331 4620 1488 4676 vobis
1517 4630 1766 4690 parcens,
1805 4610 2067 4667 etvolens
2115 4607 2282 4660 vitam
2329 4606 2485 4709 vobis
2501 4621 2620 4661 esse
2667 4607 2896 4709 salvam,
2926 4609 3104 4667 adhuc
3130 4630 3223 4670 vos
3241 4619 3444 4689 pallor,

141 4698 594 4807 jussitqueeos
645 4727 757 4774 tres
787 4717 906 4772 dies
927 4717 1131 4771 includi
1171 4717 1224 4770 in
1251 4729 1490 4777 carcere,
1524 4721 1583 4767 ut
1606 4715 1864 4776 caperent
1894 4700 2183 4807 con-silium
2212 4698 2357 4767 quod
2384 4699 2465 4754 eis
2516 4700 2820 4807 expediret.

264 4821 343 4873 Z'.
380 4793 502 4870 Τῶν
534 4817 590 4869 δὲ
629 4812 986 4868 ὑπασπιστῶν
1038 4811 1448 4879 πληρωσάντων
1479 4807 1573 4860 τοῦ
1620 4805 1769 4875 βασι-

1949 4795 2061 4848 Vll.
2119 4793 2254 4846 Cum
2311 4803 2492 4844 autem
2553 4793 2816 4848 satellites
2873 4795 3190 4865 implessent
3227 4806 3442 4870 jussum

145 4917 337 4974 λέως
380 4910 441 4962 τδ
476 4909 805 4978 πρόσταγμα
846 4906 941 4959 καὶ
983 4905 1061 4968 είς
1105 4902 1352 4973 φυλακὴν
1393 4901 1590 4962 αὐτοὺς
1637 4898 1776 4967 μετά

143 5003 400 5066 κλοιῶν
427 4999 856 5069 καθειρξάντων,
883 4995 1033 5049 εἷπον
1063 5000 1200 5067 πρὸς
1228 4995 1490 5064 ἀλλήλους
1526 4992 1575 5044 ol
1608 4991 1774 5056 ἅγιοιο

160 5093 630 5165 Ἐτοιμάσωμεν
683 5091 953 5153 ἅπαντες,
1013 5089 1255 5155 ἀδελφοὶ,
1287 5084 1628 5156 ὁμοθυμαδὸν
1679 5083 1777 5142 τὰς

134 5189 384 5266 ψυχὰς
417 5182 574 5256 ήμῶν
596 5183 674 5246 είς
704 5180 1039 5252 προσευχὴν,
1081 5180 1176 5234 καὶ
1203 5179 1488 5249 δεηθῶμεν
1515 5175 1609 5229 τοῦ
1639 5174 1776 5227 Θεοῦ

133 5292 189 5358 ἡ
208 5279 364 5355 μῶν
398 5276 633 5337 ἐκτενῶς
664 5271 848 5326 δοῦναι
876 5273 1006 5341 ἡμῖν
1037 5271 1229 5358 σοφίαν
1258 5286 1315 5322 τε
1342 5271 1438 5322 καὶ
1468 5268 1666 5336 γνῶσιν
1690 5266 1716 5318 δ
1746 5266 1778 5318 ἀ

127 5357 294 5435 ⁸ποῖ’)
349 5369 508 5437 ἁγίου
565 5365 730 5419 αὐτοῦ
779 5357 1114 5433 Πνεύματος’,
1146 5364 1241 5416 καὶ
1291 5362 1549 5432 ἑμὸαλεῖν
1589 5361 1669 5421 είς
1716 5359 1775 5410 τὸ

135 5465 384 5534 στόμα
414 5455 570 5529 ἡμῶν
597 5455 649 5506 τί
675 5454 1143 5524 ἀπολογήσασθαι,
1169 5455 1318 5517 ὅπως
1343 5451 1601 5522 θαυμάσῃ
1627 5453 1654 5501 ό
1685 5449 1774 5500 τύο

128 5570 398 5638 ραννος
433 5546 832 5621 τὴν-ἀλήθειαν
860 5547 963 5616 τῆς
1007 5545 1239 5608 πίστεως
1275 5545 1455 5614 ήμῶν.
1491 5545 1776 5638 Καὶ-στα-

119 5635 390 5714 ὸέντες
437 5647 516 5707 είς
566 5643 880 5711 προσευχὴν
917 5643 965 5694 οἱ
999 5641 1144 5708 ἀγιοι
1193 5639 1560 5708 ἐϐδομήκοντα
1597 5635 1671 5698 ῶς
1714 5635 1778 5686 ὲκ

127 5743 334 5827 μιᾶς
389 5737 572 5806 ψυχῆς
619 5728 799 5788 εἷπον·
835 5733 896 5784 '0
935 5733 1067 5796 Θεὸς
1112 5735 1139 5784 ό
1189 5731 1608 5800 παντοκράτωρ,
1641 5720 1703 5780 οὗ
1743 5728 1775 5795 ἡ

248 5845 281 5876 ³
330 5836 520 5892 Matth.
567 5847 723 5885 xvm.

611 5927 861 5983 ΡΔἹἪΟΙ.
935 5919 1051 5977 GR.
1099 5917 1279 5984 CXV,

1878 4884 2250 4956 imperatoris,
2285 4894 2340 4938 et
2372 4899 2469 4938 eos
2527 4885 2580 4938 in
2616 4887 2864 4940 custodia
2913 4887 3270 4948 inclusissent
3317 4913 3442 4950 cum

1873 4982 2189 5044 collaribus,
2245 4980 2417 5034 sancti
2454 4980 2711 5032 dixerunt
2742 4981 2886 5035 inter
2919 4998 2976 5038 se
3009 5004 3020 5037 :
3064 4983 3280 5043 Fratres
3310 4991 3443 5046 cha-

1874 5075 2094 5138 rissimi,
2130 5081 2387 5143 paremus
2432 5087 2624 5126 omnes
2660 5084 2873 5128 nostras
2900 5077 3108 5129 animas
3135 5077 3201 5130 ad
3236 5083 3442 5135 oratio-

1877 5183 2022 5231 nem,
2051 5177 2105 5222 et
2156 5167 2368 5220 intcnse
2426 5182 2649 5221 oremus
2693 5167 2985 5237 benignum
3021 5178 3076 5223 et
3115 5170 3444 5229 clementem

1876 5259 2046 5313 Deum
2075 5267 2348 5320 nostrum,
2386 5267 2444 5310 ut
2493 5257 2585 5310 det
2617 5259 2776 5311 nobis
2805 5258 3125 5328 sapientiam
3160 5271 3219 5315 et
3253 5267 3442 5335 cogni-

1880 5351 2083 5405 tionem
2113 5364 2211 5419 per
2237 5359 2485 5402 sanctum
2514 5347 2799 5420 Spiritum,
2826 5362 2881 5405 et
2914 5352 3114 5419 injiciat
3147 5352 3203 5409 in
3256 5371 3317 5410 os
3344 5372 3445 5412 no-

1877 5455 2075 5505 strum,
2108 5442 2235 5511 quid
2267 5443 2695 5510 respondeamus
2736 5443 3052 5512 imperatori
3080 5463 3092 5498 :
3119 5455 3179 5499 ut
3211 5448 3450 5504 admire-

1882 5549 1971 5592 tur
1998 5538 2112 5606 ipse
2149 5550 2369 5604 quoque
2413 5543 2674 5605 tyrannus
2705 5535 2990 5591 veritatem
3049 5547 3249 5594 nostra:
3293 5541 3445 5597 ﬁdei.

1883 5631 1950 5684 Et
1980 5645 2037 5684 se
2073 5627 2137 5682 ad
2193 5626 2526 5696 precandum
2584 5627 2932 5684 conferentes
2985 5631 3162 5685 sancti
3225 5644 3446 5701 septua-

1883 5724 2029 5792 ginta
2065 5720 2267 5777 Christi
2305 5732 2572 5791 martyres
2619 5720 2878 5776 dixerunt
2944 5731 3200 5791 tanquam
3233 5739 3299 5780 ex
3341 5742 3452 5782 uno

3059 5907 3135 5971 12
