4188 6310
709 317 811 379 34⁵1

721 463 932 477 ..ιι-ἠ.-

2004 305 2285 367 MENSIS
2319 305 2614 365 IULIUS.

3847 291 3947 357 348

3295 445 3356 453 ———
3365 443 3909 455 RM-

2745 444 3356 461 Μ.-
3365 443 3922 475 ΑΜ“.

2681 465 2738 476 .-

1676 662 2062 796 ΒΙΟΣ
2140 658 2972 792 ΕΥΓΕΝΙΟΥ

1289 909 1482 996 ΚΑΙ
1558 910 1958 998 ΜΑΡΙΑΣ
2030 906 2248 992 ΤΗΣ
2304 903 2885 994 ΘΥΓΑΤΡΟΣ
2963 900 3339 987 ΑΥΤΟΥ

1325 1269 1782 1423 VITA
1898 1266 2469 1421 BEATI
2563 1265 3356 1422 EUGENII

1851 1544 1946 1604 ET
2005 1541 2288 1604 ΜΑΒΙᾸΞ
2341 1541 2578 1602 FILUE
2640 1541 2821 1604 EJUS

1192 1715 1388 1780 (Latine
1412 1717 1461 1764 in
1489 1712 1626 1765 Actis
1645 1711 1732 1762 SS.
1766 1709 1989 1764 Bolland.
2017 1711 2077 1760 ad
2100 1712 2232 1761 diem
2259 1708 2314 1760 l7
2336 1707 2456 1759 Julii
2481 1721 2495 1769 ;
2520 1707 2690 1758 Graece
2725 1719 2787 1756 ex
2812 1708 2922 1756 cod.
2947 1720 3037 1755 ms.
3070 1707 3224 1756 Paris.
3246 1722 3297 1758 ιι.
3326 1707 3486 1768 1558.)

2294 1887 2364 1901 .-

787 2045 825 2098 1.
867 2042 922 2094 1η
953 2042 1044 2094 illo
1073 2051 1318 2110 tempore
1360 2048 1479 2094 erat
1527 2038 1612 2090 vir
1641 2037 1864 2106 quidam
1912 2037 1966 2090 in
1997 2036 2275 2106 Bithynia,

2451 2032 2529 2088 A'.
2558 2033 2752 2100 Γέγονέ
2785 2050 2866 2096 τις
2894 2034 3033 2102 ἀνὴρ
3070 2035 3126 2085 ἐν
3156 2037 3223 2104 τῇ
3254 2035 3478 2104 Βιθυνίᾳ
3531 2034 3762 2106 ὀνόματι
3799 2037 3969 2104 5-57:-

714 2138 936 2189 nomine
969 2135 1260 2203 Eugenius.
1299 2133 1346 2186 ls
1394 2132 1630 2185 habebat
1666 2146 1890 2184 uxorem
1926 2131 2083 2184 valde
2114 2130 2286 2185 hone-

715 2240 874 2287 6tam.
901 2240 954 2282 et
982 2229 1149 2282 Deum
1193 2228 1502 2288 timentem,
1554 2241 1675 2294 qua:
1716 2224 1932 2292 peperit.
1964 2222 2128 2275 tiliam
2168 2221 2291 2272 uni-

717 2337 858 2383 cam,
889 2331 942 2375 et
967 2321 1178 2372 vocavit
1210 2335 1406 2371 nomen
1440 2319 1559 2387 ejus
1586 2318 1829 2369 Mariam.
1864 2316 2070 2368 Mortua
2107 2322 2290 2365 autem

717 2416 836 2485 ejus
863 2427 1050 2474 uxore,
1083 2411 1337 2464 educavit
1371 2409 1533 2463 ﬁliam
1569 2425 1720 2463 suam
1758 2409 2032 2479 Engenius
2069 2405 2121 2460 in
2152 2406 2291 2459 bona

717 2515 770 2558 et
809 2506 1037 2559 honesta
1063 2505 1195 2558 vita.
1225 2504 1360 2559 Cum
1394 2519 1524 2556 vero
1553 2505 1818 2557 crevisset
1861 2500 2291 2564 adulescentula,

721 2597 855 2650 dixit
882 2597 930 2650 ei
967 2605 1118 2665 pater
1157 2597 1276 2666 ejus
1308 2615 1319 2648 :
1368 2597 1500 2650 Filia
1548 2597 1890 2656 charissima,
1925 2609 2052 2648 ecce
2103 2607 2295 2647 omnes

720 2705 871 2742 meas
920 2691 1208 2744 facultates
1249 2690 1406 2743 trado
1449 2691 1500 2742 in
1559 2704 1750 2741 manus
1801 2699 1942 2740 tuas.
1994 2687 2103 2755 Ego
2147 2686 2295 2738 enim

723 2781 883 2844 vado,
918 2795 975 2833 ut
1023 2782 1226 2834 salvam
1259 2781 1452 2833 faciam
1501 2779 1735 2831 animam
1785 2793 1983 2830 meam.
2016 2776 2148 2830 Cum
2181 2775 2298 2829 haec

724 2877 906 2927 autem
951 2889 979 2930 a
1020 2882 1170 2939 patre
1217 2887 1316 2927 suo
1369 2871 1637 2925 audiisscl
1687 2869 2118 2930 adolescentula,
2163 2868 2296 2923 dicit

721 2966 771 3017 ei
811 2984 821 3015 :
857 2965 1034 3026 Pater,
1086 2975 1140 3018 tu
1173 2966 1254 3018 vis
1285 2965 1518 3034 teipsum
1552 2980 1792 3028 servare,
1838 2974 1892 3018 et
1921 2980 2005 3018 me
2044 2964 2296 3033 perdere.

724 3058 916 3112 Neseis
969 3058 1257 3111 Dominum
1310 3059 1496 3114 dicere
1531 3059 1585 3109 in
1636 3058 1996 3126 Evangeliis:
2052 3075 2069 3105 ι
2108 3059 2301 3109 Pastor

725 3149 903 3202 bonus
933 3151 1168 3200 animam
1202 3165 1354 3201 suam
1387 3149 1540 3215 ponit
1576 3163 1675 3216 pro
1711 3148 1905 3201 ovibus
1949 3148 2006 3200 ‘?
2042 3165 2058 3198 ›
2090 3148 2301 3204 Rursus

725 3255 859 3294 vero
896 3239 1022 3295 alibi
1053 3239 1187 3293 dicit
1213 3257 1226 3294 :
1257 3258 1273 3290 ι
1300 3240 1615 3308 Quisalvam
1650 3241 1777 3294 facit
1799 3242 2160 3304 animam,est
2182 3251 2301 3296 tan-

726 3347 888 3399 quam
917 3332 1006 3400 qui
1031 3342 1198 3387 creat.
1227 3354 1242 3382 ι
1271 3332 1392 3387 Haec
1424 3349 1544 3387 eum
1581 3335 1847 3388 audiisset
1876 3344 2030 3403 pater
2049 3336 2169 3400 ejus
2196 3335 2301 3386 Euo

2388 2119 2707 2186 νιος.υῧτος
2736 2126 2860 2192 ἔσχε
2899 2131 3158 2191 γυναῖκα,
3204 2128 3328 2193 ἣτις
3373 2130 3632 2200 ἐγέννησε
3673 2131 3971 2199 θυγάτριον

2396 2217 2658 2283 μονογενῆ
2689 2215 2783 2267 καὶ
2811 2217 3036 2272 ἐκάλεσε
3087 2218 3148 2268 τὸ
3177 2219 3350 2284 ὄνομα
3391 2220 3564 2289 αὐτῆς
3614 2224 3836 2293 Μαρία.
3873 2226 3969 2278 Τε-

2393 2305 2728 2375 λευτηςάσης
2760 2305 2814 2358 δὲ
2843 2307 2936 2373 τῆς
2963 2307 3167 2374 μητρὸς
3193 2308 3386 2375 αὐτῆς,
3415 2309 3709 2380 ἀνέθρεψεν
3736 2316 3764 2367 ὁ
3786 2315 3972 2386 πατὴρ

2395 2400 2567 2467 αὐτῆς
2601 2399 2660 2452 τὸ
2713 2399 2923 2450 παιδίον
2970 2401 3026 2450 ἐν
3055 2401 3223 2470 πολλῇ
3259 2402 3592 2454 καταστάσει
3615 2403 3973 2470 διδασκαλίας

2394 2493 2488 2546 καὶ
2523 2492 2705 2562 σεμνῷ
2742 2493 2859 2562 βίῳ.
2919 2493 3256 2565 Αὑξηθείσης
3294 2494 3350 2546 δέ
3384 2494 3481 2565 τῆς
3522 2497 3797 2564 νεάνιδος,
3852 2495 3976 2554 εἷπε

2399 2587 2535 2654 πρὸς
2572 2585 2740 2651 αὐτὴν
2768 2588 2794 2635 ὁ
2829 2586 3010 2654 πατὴρ
3039 2588 3206 2656 αὐτῆς
3231 2605 3243 2620 ·
3283 2587 3510 2650 Τέκνον,
3545 2591 3676 2656 ἰδοὺ,
3701 2592 3883 2646 πάντα
3909 2594 3978 2648 τὰ

2402 2673 2724 2743 ὑπάρχοντά
2761 2691 2851 2742 μοι
2875 2674 3070 2740 δίδωμι
3097 2677 3176 2736 εἰς
3207 2677 3398 2744 χεῖράς
3425 2696 3517 2730 σου
3539 2696 3553 2708 ·
3587 2681 3697 2749 ἐγὼ
3718 2683 3775 2735 δὲ
3805 2687 3978 2752 ἀπέρ-

2399 2781 2565 2838 χομαι
2617 2769 2677 2822 ἐν
2737 2767 2815 2836 τῷ
2878 2769 3354 2838 μοναστηρίῳτὴν
3393 2769 3570 2838 ψυχήν
3621 2790 3725 2839 μου
3781 2776 3976 2828 σῶσαι.

2409 2859 2799 2927 Ἀποκριθεῖσα
2827 2858 2881 2912 δὲ
2916 2861 2947 2929 ἡ
2977 2858 3158 2923 νεᾶνις
3183 2856 3340 2914 εἶπεν
3363 2877 3375 2891 ·
3411 2862 3613 2933 Πάτερ,
3643 2865 3707 2917 σὺ
3744 2869 3844 2936 τὴν
3875 2868 3981 2936 ψυ-

2399 2950 2502 3020 χήν
2529 2966 2621 3001 σου
2653 2949 2830 3012 Θέλεις
2861 2950 3055 3016 σῶσαι,
3097 2954 3189 3005 καὶ
3220 2953 3318 3023 τὴν
3343 2954 3483 3022 ἐμὴν
3514 2956 3821 3019 ἁπολέσαις
3863 2962 3977 3012 Οὐκ

2400 3038 2569 3109 οἶδας,
2601 3043 2682 3094 ὅτι
2715 3042 2863 3111 λέγει
2898 3045 2923 3097 ὁ
2956 3044 3190 3113 Κύριος·
3238 3066 3255 3094 ‹
3311 3046 3368 3099 '0
3395 3049 3603 3118 ποιμὴν
3624 3051 3651 3103 ὁ
3681 3050 3846 3116 καλὸς
3882 3055 3982 3124 τὴν

2400 3134 2576 3206 ψυχὴν
2600 3136 2766 3188 αὑτοῦ
2799 3138 3014 3206 τίθησιν
3037 3138 3178 3207 ὑπὲρ
3203 3138 3313 3192 τῶν
3339 3141 3664 3210 προϐάτωνς
3700 3161 3718 3194 ι
3755 3145 3854 3198 καὶ
3879 3146 3985 3199 πά·

2401 3228 2485 3281 λιν
2517 3227 2701 3292 λέγει·
2744 3245 2763 3277 ι
2806 3227 3000 3298 Ψυχὴν
3041 3230 3068 3280 ὁ
3122 3228 3310 3292 σώζων
3353 3230 3506 3282 ἔσται
3553 3231 3630 3294 ὡς
3689 3232 3717 3284 ὀ
3775 3235 3983 3304 κτήσεις

2358 3328 2374 3344 '
2403 3321 2594 3389 αὐτὴν.
2639 3337 2656 3369 ι
2694 3318 2881 3372 Ταῦτα
2913 3321 3155 3381 ἀκούσας
3177 3321 3204 3371 ὁ
3237 3321 3419 3391 πατὴρ
3454 3322 3627 3393 αὐτῆς
3663 3323 3814 3392 λέγει
3843 3326 3982 3396 αὐτῇ

729 3424 944 3490 genius,
976 3425 1094 3491 ejus
1129 3424 1314 3477 verbis
1341 3424 1497 3476 valde
1535 3426 1638 3476 fuit
1666 3425 1902 3478 iactatus.
1930 3423 2121 3477 Flebat
2150 3423 2297 3478 enim

2405 3414 2508 3484 (ὡς
2535 3411 2682 3483 ἐώρα
2716 3409 2884 3480 αὐτὴν
2915 3410 3246 3482 ὀδυρομένην
3278 3416 3371 3464 καὶ
3402 3415 3742 3483 κλαίουσαν)·
3779 3419 3984 3472 Τέκνον

728 3521 785 3565 et
819 3512 1080 3577 ejulabat.
1132 3527 1255 3565 eum
1296 3513 1412 3567 haec
1461 3513 1700 3576 diceret;
1746 3523 1802 3567 et
1849 3513 1983 3567 dicit
2030 3513 2079 3566 ei
2143 3524 2297 3580 pater

729 3603 851 3669 ejus
887 3617 899 3653 :
939 3602 1074 3656 Filia
1111 3603 1454 3666 charissima,
1502 3605 1633 3673 quid
1683 3619 1900 3674 possum
1939 3603 2038 3659 tibi
2081 3603 2298 3658 facere?

733 3691 813 3746 Tu
866 3693 1087 3762 quidem
1137 3711 1195 3749 es
1241 3695 1488 3752 femina:
1541 3713 1640 3768 ego
1685 3707 1863 3750 autem
1910 3697 2033 3751 volo
2087 3697 2297 3765 ingredi

735 3784 1161 3849 monasterium;
1198 3795 1254 3839 et
1295 3786 1570 3853 quomodo
1613 3795 1766 3854 potes
1800 3799 2013 3837 mecum
2055 3783 2300 3836 versari?

736 3875 996 3926 Diabolus
1035 3877 1180 3928 enim
1222 3887 1446 3943 propter
1488 3892 1584 3929 vos
1629 3877 1824 3930 bellum
1862 3875 1999 3948 gerit
2039 3875 2302 3927 adversus

739 3965 832 4017 Dei
876 3982 1081 4019 servos.
1123 3968 1245 4023 Haec
1270 3985 1391 4024 cum
1414 3970 1690 4026 ‘audiisset
1719 3972 1838 4040 ejus
1873 3969 2001 4028 ﬁlia.
2039 3968 2175 4022 dixit
2207 3982 2302 4036 pa-

738 4057 806 4108 tri
849 4073 987 4111 suo:
1021 4060 1270 4125 Domine,
1298 4061 1367 4112 mi
1403 4071 1590 4128 pater:
1629 4077 1734 4114 non
1767 4062 2138 4131 sicingrediar
2166 4076 2302 4129 quo-

2409 3522 2533 3575 μου,
2567 3506 2618 3557 τι
2677 3521 2758 3557 σοι
2794 3504 2900 3574 ἔχω
2936 3503 3185 3571 ποιῆσαι.
3223 3505 3306 3557 ὅτι
3343 3504 3453 3572 ἐγὼ
3485 3505 3748 3575 βούλομαι
3785 3512 3844 3564 ἐν
3890 3529 3986 3580 μο-

2406 3599 2682 3669 ναστηρῑῳ
2713 3597 2994 3660 εἰσελθεῖν,
3030 3596 3124 3650 καὶ
3155 3595 3270 3657 πῶς
3299 3595 3521 3650 δύνασαι
3548 3598 3643 3650 σὺν
3665 3602 3792 3667 ἐμοὶ
3819 3598 3984 3670 εἷναις

2417 3693 2475 3743 '0
2516 3690 2758 3752 διὰὁολος
2787 3690 2895 3760 γὰρ
2920 3688 2987 3742 δι’
3020 3689 3177 3758 ὑμῶν
3207 3687 3376 3759 ὀχλεῖ,
3434 3689 3526 3742 καὶ
3560 3692 3826 3760 ταράσσει
3858 3695 3988 3759 τοὺς

2403 3784 2623 3845 δούλους
2676 3783 2771 3834 τοῦ
2803 3782 2962 3834 Θεοῦ.
3001 3781 3067 3835 ’11
3118 3783 3172 3835 δὲ
3208 3783 3569 3852 ἀποκριθεῖσα
3593 3785 3781 3854 λέγει’
3827 3787 3984 3858 Οὐχὶ,

2409 3873 2616 3942 Πάτερ,
2664 3875 2763 3927 οὐκ
2820 3874 3202 3944 εἰσελεύσομαι
3243 3877 3424 3936 καθὼς
3479 3880 3542 3932 σὺ
3591 3879 3795 3947 λέγεις,
3849 3881 3989 3936 ἀλλὰ

2409 3967 2749 4039 ἀποϐρίξασα
2770 3970 2868 4040 τὴν
2894 3966 3070 4039 κόμην
3097 3969 3196 4039 τῆς
3222 3971 3466 4040 κεφαλῆς
3492 3989 3613 4039 μου,
3633 3974 3725 4027 καὶ
3741 3976 3988 4044 ἀνδρεῖον

2414 4064 2598 4131 σχῆμα
2635 4064 3006 4129 ἀναλαϐοῦσα,
3039 4062 3209 4126 οὕτως
3249 4066 3387 4132 μετὰ
3437 4065 3531 4117 σοῦ
3565 4065 3882 4135 ἐλεύσομαι.

742 4152 905 4203 modo
964 4163 1020 4204 tu
1077 4149 1236 4216 dicis,
1272 4159 1365 4208 sed
1419 4157 1657 4213 tondebo
1691 4171 1902 4209 comam
1955 4155 2169 4224 capitis,
2229 4164 2286 4208 et
2326 4153 2516 4209 induta
2567 4166 2720 4212 veste
2764 4158 2933 4222 virili,
2991 4157 3269 4230 ingrediar
3321 4167 3498 4210 tecum
3555 4167 3984 4226 monasterium.

741 4241 962 4296 nemine
993 4245 1220 4304 sciente,
1257 4264 1340 4300 me
1377 4265 1496 4302 esse
1533 4249 1815 4304 feminam.

811 4335 875 4389 ll.
914 4336 1108 4389 Beatus
1133 4347 1313 4391 autem
1349 4340 1644 4408 Eugenius,
1675 4343 1898 4406 auditis,
1933 4359 2053 4413 quae
2088 4342 2308 4397 dicebat

747 4425 880 4486 filia,
901 4427 1055 4481 valde
1090 4430 1324 4492 laetatus,
1347 4447 1468 4485 cum
1499 4434 1678 4486 omnia
1713 4433 1853 4487 bona
1879 4447 1976 4486 sua
2000 4435 2310 4488 distribuis-

744 4527 827 4571 set
851 4523 1184 4588 pauperibus
1219 4534 1274 4576 et
1301 4525 1586 4587 mendicis,
1624 4526 1992 4594 orphanisque
2024 4536 2078 4578 et
2110 4526 2308 4588 viduis,

2488 4341 2561 4392 θ’,
2595 4340 2655 4391 '0
2685 4341 2737 4392 δὲ
2771 4340 2972 4409 πατὴρ,
3021 4339 3306 4409 διανείμας
3361 4342 3540 4396 πάντα
3573 4340 3638 4394 τὰ
3671 4342 3992 4418 ὑπάρχοντι

2417 4428 2565 4498 αὖτῷ
2594 4433 2706 4493 τοῖς
2755 4431 2972 4501 πένησι,
3025 4433 3118 4484 καὶ
3151 4432 3451 4503 ἀποϐρίξις
3505 4434 3602 4506 τὴν
3654 4437 3842 4509 κόμην
3892 4447 3990 4512 τῆς

2418 4523 2660 4591 κεφαλῆς
2710 4524 2901 4590 αὐτῆς.
2957 4525 3281 4592 περιέϐαλεν
3319 4525 3489 4593 αὐτὴν
3520 4528 3767 4596 ἀνδρεῖον
3803 4535 3991 4603 σχῆμα

745 4619 800 4662 et
829 4612 1155 4666 totondisset
1184 4631 1332 4667 suam
1363 4617 1545 4680 tiliam,
1573 4617 1713 4669 virili
1739 4619 1939 4670 amictu
1966 4632 2083 4671 eam
2109 4618 2297 4671 induit

2418 4619 2511 4670 καὶ
2557 4619 2913 4685 ἐπωνόμασεν
2939 4617 3107 4681 αὐτὴν
3142 4617 3405 4683 Μαρῦιον,
3465 4617 3555 4668 καὶ
3617 4621 3993 4688 παρήγγειλεν

746 4711 802 4756 et
842 4705 1145 4757 nominavit
1179 4721 1378 4760 nomen
1424 4709 1541 4776 ejus
1588 4709 1874 4773 Marinum,
1929 4712 2041 4765 haec
2085 4711 2134 4764 ei
2176 4712 2315 4765 dans

749 4795 1002 4847 mandata
1033 4812 1046 4848 :
1076 4796 1232 4858 Vide,
1265 4797 1394 4858 ﬁlia,
1427 4800 1701 4868 quomodo
1726 4811 1774 4852 te
1800 4802 1874 4853 sis
1903 4815 2311 4856 conservatum.

750 4882 950 4937 Futura
970 4887 1114 4938 enim
1148 4903 1207 4941 es
1238 4888 1288 4940 in
1321 4890 1498 4942 medio
1519 4892 1687 4959 ignis;
1714 4909 1818 4944 non
1845 4892 2143 4961 ingreditur
2167 4893 2315 4946 enim

753 4976 954 5036 femina
1001 4977 1056 5030 in
1085 4982 1499 5034 monasterium.
1531 4982 1606 5035 Te
1639 5000 1768 5053 ergo
1803 4999 2068 5039 conserva
2099 4984 2316 5037 Christo

752 5067 1177 5132 immaculatam,
1206 5082 1264 5124 ut
1294 5089 1416 5125 cum
1446 5076 1854 5143 impleverimus
1878 5077 1930 5129 id
1960 5076 2102 5141 quod
2130 5092 2316 5129 smnus

755 5158 1003 5224 polliciti,
1037 5161 1337 5218 habeamur
1363 5165 1509 5234 digni
1543 5177 1714 5236 regno
1738 5168 2020 5221 cwlorum.
2050 5169 2171 5223 11ωο
2193 5157 2328 5223 ουηί

755 5251 984 5306 dixisset
1007 5255 1302 5322 Eugenius,
1322 5267 1374 5311 et
1396 5270 1648 5326 precatus
1662 5272 1826 5321 esset,
1847 5276 2128 5315 assumens
2155 5263 2317 5314 filiam

760 5357 914 5393 suam
958 5344 1178 5399 Mariam
1213 5348 1264 5400 in
1297 5350 1483 5404 habitu
1519 5351 1904 5414 adolescentis,
1938 5352 2214 5420 ingressus
2241 5363 2324 5405 est

760 5434 1098 5488 cmnobium.
1130 5439 1220 5494 Eis
1241 5450 1420 5495 autem
1455 5443 1713 5513 ingressis
1737 5445 1787 5496 in
1822 5445 2235 5506 monasterium,
2269 5445 2320 5497 in

760 5524 877 5578 dies
919 5529 1238 5596 proficiebat
1283 5535 1459 5602 puella
1499 5536 1550 5589 in
1601 5534 1746 5590 omni
1786 5536 2005 5599 virtute,
2059 5537 2320 5596 obedien-

840 5712 852 5736 ¹
901 5709 1050 5763 Joau.
1091 5729 1140 5773 χ,
1183 5713 1262 5763 11.

2413 4711 2548 4778 αὑτῇ
2581 4709 2787 4773 λέγων’
2823 4707 3016 4768 Βλέπε,
3043 4706 3250 4768 τέκνον,
3281 4708 3399 4770 πῶς
3417 4707 3696 4779 διατηρείς
3732 4716 3988 4784 σεαυτήν.

2413 4801 2516 4851 ἀνὰ
2551 4801 2713 4868 μέσον
2742 4799 2848 4869 γὰρ
2882 4798 2975 4851 τοῦ
3010 4801 3181 4868 mpii;
3221 4799 3437 4868 μέλλεις
3467 4803 3680 4871 διάγειν
3703 4821 3716 4836 ·
3751 4805 3993 4874 φύλαξον

2413 4888 2503 4942 οὖν
2525 4892 2721 4958 ἑαυτὴν
2745 4894 3031 4959 ἄμεμπτον
3059 4892 3137 4960 τῷ
3167 4892 3411 4961 Χριστῷ,
3439 4895 3585 4958 ὅπως
3609 4897 3994 4968 πληρώσωμεν

2412 4987 2511 5054 την
2549 4984 2886 5050 ἐπαγγελίαν
2923 4985 3100 5050 ἡμῶν.
3167 4983 3274 5034 Καὶ
3313 4983 3496 5036 λαϐὼν
3537 4987 3706 5056 αὐτὴν
3739 4991 3994 5057 εἰσῆλθεν

2423 5080 2479 5128 ἐν
2529 5075 2798 5142 κοινοὸίῳ.
2861 5075 3073 5144 Ἡμέρᾳ
3133 5074 3187 5127 δέ
3223 5078 3316 5126 καὶ
3348 5077 3532 5147 ἡμέρᾳ
3568 5079 3914 5146 προέκοπτεν
3964 5085 3995 5152 η

2425 5170 2553 5227 παῖς
2609 5167 2687 5228 εἰς
2738 5168 2918 5218 πᾶσαν
2970 5166 3172 5235 ἀρετὴν
3221 5168 3315 5218 καὶ
3356 5170 3434 5229 εἰς
3503 5168 3703 5240 πολλὴν
3736 5171 3994 5242 ἄσκησιν.

2430 5260 2631 5320 Πάντες
2673 5256 2766 5310 οὖν
2822 5259 2869 5309 οἱ
2927 5258 3147 5324 ἀδελφοὶ
3197 5259 3447 5327 ἐνόμιζον
3513 5261 3684 5331 αὐτὴν
3743 5265 3997 5335 εὐνοῦχον

2430 5346 2570 5402 εἶναι
2605 5350 2688 5401 διὰ
2719 5349 2778 5400 τὸ
2807 5348 3052 5416 ἀγένειον
3073 5350 3164 5400 καὶ
3188 5348 3384 5401 λεπτὸν
3416 5353 3479 5418 τῇ
3529 5352 3744 5424 ἀφωνία
3765 5369 3779 5383 ο
3821 5357 4000 5425 ἕτεροι

2431 5442 2484 5494 δὲ
2518 5441 2922 5508 ὑπελάμϐανον,
2947 5441 3026 5491 ὅτι
3061 5440 3168 5492 ἀπὸ
3215 5441 3416 5508 πολλῆς
3450 5443 3785 5512 ἐγκρατείας
3823 5447 3887 5499 τὸ
3915 5447 4002 5500 διὰ

2432 5536 2525 5586 δύο
2541 5531 2755 5604 ἡμερῶν
2774 5532 2974 5584 ἐσθίειν
2991 5532 3180 5602 αὑτήν.
3199 5532 3397 5602 Συνέϐη
3421 5533 3472 5586 δὲ
3498 5535 3585 5586 τὸν
3606 5539 3815 5606 πατέρα
3834 5539 4005 5608 αὐτῆς
