4188 6310
185 373 286 436 369

1243 369 1421 428 νιΤΑ
1463 367 1524 427 S.
1565 364 1892 425 EUGENII
1930 365 2022 423 ΕΤ
2059 365 2344 425 MARLE.

3309 358 3417 421 350

186 483 525 549 τελευτῆσαι,
555 485 648 537 καὶ
676 483 982 554 προσέθηκε
1019 484 1085 551 τῇ
1123 482 1352 548 ἀσκήσει
1390 479 1482 531 καὶ
1513 479 1749 546 ὑπακοῇ.
1783 528 1787 536 ,

1882 477 2040 545 iaqne
2087 486 2141 531 et
2195 477 2508 531 humilitate
2558 485 2611 530 et
2656 477 2709 530 in
2768 476 2960 547 majori
3018 475 3437 532 exercitatione.

188 579 324 632 ὥστε
383 576 476 630 καὶ
525 577 772 645 χάρισμα
833 575 999 643 αὐτὴν
1056 573 1243 624 λαϐεῖν
1295 573 1444 640 παρὰ
1494 570 1586 622 τοῦ
1617 568 1749 622 Θεοῦ

197 670 336 724 κατὰ
367 671 670 739 δαιμόνων·
706 665 987 738 ᾧτινιξγὰρ
1033 667 1139 718 τῶν
1174 663 1546 716 ἀσθενούντων
1574 665 1752 714 ἐπετί-

192 765 270 816 θει
295 765 392 823 τὰς
422 765 630 832 χεῖρας,
663 761 1008 830 παραχρῆμα
1041 759 1179 810 ίᾶτο.
1213 753 1337 825 Εἶχε
1385 755 1440 808 δὲ
1482 755 1541 806 τὸ
1576 754 1753 805 κοινό-

191 854 304 907 6ιον
332 853 738 921 τεσσαράκοντα
769 851 962 918 ἄνδρας
987 849 1083 900 σὺν
1108 848 1242 916 αὐτῇ
1275 846 1464 914 ἁγίους
1486 862 1498 874 ·
1532 845 1673 896 κατὰ
1701 844 1755 896 δὲ

193 944 337 1013 μῆνα,
367 944 626 1011 τέσσαρες
685 942 792 993 τῶν
826 939 1072 1005 ἀδελφῶν
1126 939 1516 990 ἀπεστέλλοντο
1553 938 1632 997 εἰς
1661 937 1758 995 τὰς

191 1034 509 1100 ἀποκρίσεις
552 1033 642 1083 τοῦ
688 1032 1078 1099 μοναστηρίου,
1147 1029 1233 1080 διὰ
1289 1029 1346 1080 τὸ
1376 1029 1519 1095 ἔχειν
1558 1028 1755 1090 αὐτοὺς

193 1125 286 1174 καὶ
309 1123 483 1176 ἄλλων
519 1122 891 1190 ἀναχωρητὼν
930 1123 1028 1186 τὴν
1060 1121 1337 1189 φροντίδα.
1372 1115 1476 1172 Ἷιν
1503 1119 1554 1170 δὲ
1594 1120 1755 1186 μέσον

192 1218 290 1284 τῆς
323 1216 443 1266 ὀδοῦ
483 1216 797 1282 πανδοχεῖον
867 1216 959 1266 καί
1007 1214 1308 1278 ὑπάγοντες
1356 1212 1449 1262 καὶ
1479 1211 1764 1279 ἐρχόμενοι

194 1309 240 1358 οἱ
300 1306 515 1369 ἀδελφοὶ
560 1306 647 1357 διὰ
701 1306 760 1355 τὸ
828 1306 1041 1372 μακρὸν
1102 1305 1200 1371 τῆς
1251 1303 1374 1354 ὁδοῦ
1428 1301 1765 1354 ἀνεπαύοντο

195 1401 369 1450 ἐκεῖσε
398 1413 412 1428 ·
442 1400 500 1449 ὲν
524 1392 603 1458 οἷς
640 1399 839 1466 πολλὴν
894 1398 1192 1456 θεραπείαν
1227 1401 1492 1466 παρεῖχεν
1520 1397 1704 1458 αὐτοῖς
1737 1397 1766 1448 6

197 1488 418 1552 πανδοξ,
452 1489 845 1557 ὑποδεχόμενος
874 1487 1070 1547 αὐτοὺς
1105 1486 1431 1546 ίδιὰζοντας.

1857 568 1990 622 Cum
2018 584 2147 622 vero
2192 569 2403 638 aliquot
2430 584 2603 623 annos
2646 570 2947 639 peregisset
2974 571 3131 622 beate
3161 569 3214 620 in
3246 581 3440 620 mona-

1861 660 2046 723 sterio,
2077 659 2464 713 existimabant
2503 661 2758 713 monachi
2788 675 2912 713 eum
2949 675 3070 712 esse
3095 657 3440 718 eunuchum,

1863 765 2149 822 propterea
2181 754 2329 822 quod
2353 765 2500 808 esset
2536 752 2804 806 imberbis
2837 762 2890 805 et
2926 767 3057 805 voce
3089 750 3300 820 gracili.
3334 746 3440 802 Alii

1860 855 2042 899 autem
2087 845 2500 905 existimabant,
2553 861 2667 914 prie
2720 844 2888 898 nimia
2934 843 3346 903 exercitatione,
3387 849 3444 893 et

1861 936 2006 1004 quod
2041 939 2215 994 solum
2259 937 2503 990 secundo
2547 952 2766 1005 quoque
2819 936 2909 988 die
2939 937 3274 992 comederet,
3305 946 3434 986 eum

1859 1044 1977 1082 esse
2009 1043 2138 1081 voce
2163 1028 2300 1081 adeo
2328 1030 2500 1082 tenui.
2522 1030 2714 1096 Aliquo
2739 1043 2869 1082 vero
2895 1036 3016 1095 post
3048 1038 3291 1093 tempore
3315 1039 3445 1077 con-

1801 1189 1803 1191 ι
1865 1119 1983 1187 tigit
2025 1121 2146 1188 ejus
2180 1131 2391 1188 patrem
2442 1120 2711 1174 decedere
2753 1137 2769 1172 :
2803 1122 3206 1173 incrementum
3259 1125 3444 1169 autem

1863 1211 2077 1278 accepit
2105 1211 2223 1279 ejus
2268 1212 2615 1274 exercitatio,
2650 1211 2966 1265 obedientia
3008 1216 3066 1262 et
3117 1207 3440 1269 humilitas;

1864 1302 2002 1356 adeo
2053 1310 2113 1354 ut
2157 1304 2272 1368 ipsa
2306 1318 2528 1370 quoque
2562 1302 2767 1355 donum
2816 1302 2912 1356 Dei
2949 1300 3224 1369 acceperit
3253 1306 3444 1350 contra

1865 1393 2158 1448 daemones.
2187 1394 2644 1463 Unumquemque
2675 1396 2824 1448 enim
2860 1409 3055 1448 eorum
3086 1393 3182 1462 qui
3222 1390 3444 1444 labora-

1864 1489 1998 1542 bant
2032 1499 2088 1541 et
2116 1490 2470 1551 vexabantur,
2507 1505 2706 1546 nianus
2737 1491 2816 1544 eis
2853 1490 3140 1558 imponens
3169 1500 3224 1542 et
3256 1502 3443 1565 orans,

192 1582 422 1635 Curabat
455 1584 724 1651 protinus.
761 1582 1010 1636 Habebat
1057 1590 1237 1635 autem
1288 1578 1420 1632 illud
1485 1578 1798 1633 ccenobium
1842 1581 2202 1648 quadraginta
2252 1584 2403 1636 viros
2449 1585 2596 1636 omni
2647 1584 2851 1636 virtute
2881 1591 2938 1636 et
2965 1581 3233 1648 sapientia
3269 1591 3437 1633 exor-

195 1683 372 1728 natos.
412 1675 653 1745 Singulis
691 1692 821 1730 vero
874 1677 1158 1730 mensibus
1189 1677 1548 1731 mittebantur
1600 1687 1835 1746 quatuor
1868 1679 2125 1732 monachi
2172 1679 2237 1733 ad
2288 1695 2547 1745 responsa
2596 1678 2936 1741 monasterii,
2967 1690 3256 1747 propterea
3294 1670 3444 1741 QUOd

198 1768 300 1834 ipsi
331 1767 596 1822 haberent
623 1771 676 1822 in
722 1770 844 1822 aliis
877 1786 1095 1838 quoque
1141 1770 1276 1824 locis
1310 1771 1555 1824 diversas
1585 1771 1976 1838 possessiones.
2013 1771 2137 1825 Erat
2176 1779 2356 1825 autem
2392 1773 2444 1825 in
2491 1773 2668 1826 media
2705 1774 2788 1825 via
2820 1773 3206 1832 diversorium,
3247 1779 3303 1824 et
3341 1765 3438 1836 qui

197 1859 427 1912 ibantet
462 1860 774 1920 veniebant,
806 1871 1028 1930 propter
1060 1863 1278 1916 itineris
1322 1863 1717 1930 longitudinem
1769 1864 1881 1916 illic
1915 1865 2356 1933 requiescebant.
2400 1864 2547 1918 Inter
2588 1873 2818 1918 caeteros
2851 1872 3032 1918 autem
3069 1876 3321 1928 magnam
3352 1873 3448 1914 c0-

198 1970 319 2008 rum
357 1970 542 2008 curam
570 1956 794 2024 gerebat
832 1955 896 2014 is.
934 1957 1026 2022 qui
1071 1966 1296 2024 praeerat
1330 1957 1657 2020 diversorio,
1699 1961 1809 2010 eos"
1840 1974 2087 2011 seorsum
2127 1961 2424 2027 accipiens.
2461 1960 2686 2014 Invidus
2717 1973 2844 2012 vero
2871 1968 2926 2011 et
2957 1958 3227 2027 malignus
3255 1955 3450 2008 diabo-

198 2049 304 2110 lus,
339 2050 428 2117 qui
459 2048 620 2100 rebus
653 2047 807 2100 bonis
854 2061 1071 2114 semper
1133 2048 1358 2111 invidet,
1400 2049 1539 2101 mala
1589 2059 1770 2101 autem
1820 2048 1885 2101 ad
1940 2065 1997 2102 se
2036 2051 2284 2113 attrahit,
2317 2067 2460 2116 aegre
2513 2053 2698 2104 ferens
2744 2052 2907 2119 hujus
2959 2051 3132 2104 beatae
3181 2049 3235 2102 in
3271 2049 3444 2102 Deum

199 2155 462 2199 amorem,
497 2138 1023 2208 pulcherrimumque
1042 2150 1097 2195 et
1126 2138 1563 2194 honestissimam
1589 2141 1803 2194 vivendi
1846 2141 2134 2206 rationem,
2161 2141 2374 2195 studuit
2410 2141 2804 2210 aliquantulam
2842 2142 2890 2194 ei
2938 2142 3113 2194 labem
3140 2142 3366 2194 inurere
3392 2147 3452 2195 et

195 2249 323 2287 eam
365 2233 623 2300 aﬂligere.

271 2346 348 2398 I".
402 2344 490 2395 Ἑν
525 2346 622 2414 μιᾷ
652 2340 744 2397 οῦν
777 2346 883 2400 τῶν
934 2349 1159 2419 ἡμερῶν
1209 2352 1726 2422 προσκαλεσάμενος
1755 2355 1780 2405 6
1815 2363 1854 2414 Β

202 2436 506 2505 ἡγούμενος
533 2437 624 2489 τὸν
655 2438 831 2492 ἀῆϐᾶν
859 2441 1104 2506 Μαρῖνον
1127 2442 1274 2506 λέγει
1316 2443 1460 2510 αύτῷ
1483 2460 1496 2473 ο
1533 2445 1775 2511 Ἀδελφὲ,

203 2530 507 2598 ἐπίσταμαί
528 2547 618 2581 σου
648 2529 744 2599 τὴν
771 2531 1046 2581 πολιτείαν
1069 2534 1160 2582 καὶ
1183 2533 1240 2582 τὸ
1261 2535 1386 2602 περὶ
1410 2534 1506 2600 τὴν
1527 2535 1777 2600 ὑπακοὴν

205 2622 497 2673 σπουδαῖον
529 2622 605 2671 ὅτι
637 2619 838 2684 τέλειος
861 2616 913 2671 εἴ
946 2622 1000 2672 ὲν
1028 2625 1192 2674 πᾶσιν
1219 2639 1231 2652 ·
1269 2623 1495 2691 θέλησον
1515 2621 1606 2678 οὖν
1628 2624 1778 2688 ἐξελ-

205 2712 322 2762 θεῖν
347 2713 427 2772 είς
480 2712 578 2778 τὴν
608 2709 888 2764 διακονίαν
935 2711 1030 2764 τοῦ
1075 2717 1462 2782 μοναστηρίου,
1513 2715 1701 2786 ἐπειδὴ
1731 2717 1779 2770 οἱ

204 2802 432 2870 ἀδελφοὶ
471 2800 767 2855 λυποῦνται
795 2803 869 2872 μὴ
895 2805 1254 2874 ἐξερχομένου
1309 2823 1401 2858 σου
1422 2823 1436 2836 ⁸
1493 2808 1646 2859 τοῦτο
1673 2809 1780 2878 γὰρ

206 2895 493 2957 ποιοῦντός
551 2912 668 2958 σου,
725 2896 944 2949 πλείονα
980 2899 1169 2965 μισθὸν
1216 2900 1449 2969 κομήσει
1506 2901 1656 2968 παρά
1685 2900 1780 2953 τοῦ

206 2985 346 3039 Θεοῦ
373 2987 772 3055 φιλανθρώπου.
813 2990 919 3040 Καὶ
949 2991 976 3040 6
1028 2991 1270 3057 Μαρῖνος
1313 2991 1486 3044 ταῦτα
1541 2992 1780 3055 ἀκούσας

209 3079 541 3146 ’προσπεσὼν
575 3077 721 3144 αὐτῷ
745 3078 890 3144 λέγει
915 3097 928 3110 ·
966 3075 1155 3144 Esau,
1196 3083 1399 3152 Πάτερ,
1432 3084 1525 3136 καὶ
1554 3087 1687 3135 ὅπου
1717 3085 1782 3137 ἂν

209 3172 444 3240 κελεύῃς
507 3187 618 3237 μοι,
671 3170 779 3236 ἐγὼ
819 3172 1151 3242 ἀπέρχομαι.
1197 3174 1537 3238 Ἐξελθόντος
1597 3177 1687 3228 οῦν
1726 3181 1783 3230 έν

213 3263 317 3332 μιᾷ
343 3260 439 3312 τοῦ
470 3261 612 3313 ἀϐὅᾶ.
639 3263 880 3334 Μαρίνου
913 3267 1009 3317 σὺν
1043 3269 1153 3328 τοῖς
1192 3266 1373 3330 ἄλλοις
1418 3269 1596 3336 τρισὶν
1628 3268 1782 3320 ἁδελ-

208 3354 333 3419 φοῖς
387 3351 687 3406 διακονῖσαι
720 3396 734 3416 ,
788 3355 882 3406 καὶ
927 3356 1350 3408 καταλυσάντων
1407 3355 1586 3408 αὐτῶν
1623 3360 1680 3410 ἐν
1707 3357 1783 3428 τῷ

212 3445 539 3512 πανδοκείῳ,
573 3445 770 3512 συνέϐη
808 3447 927 3497 τινὰ
956 3447 1294 3514 στρατιώτην
1344 3449 1657 3518 διαφθεῖραι
1687 3453 1784 3520 τὴν

213 3536 493 3604 Θυγατέρα
523 3535 614 3585 τοῦ
651 3535 932 3604 πανδὸχου,
959 3537 1033 3598 ὡς
1086 3539 1179 3588 καὶ
1215 3539 1403 3591 λαϐεῖν
1446 3541 1615 3607 αὐτὴν
1647 3542 1786 3593 κατὰ

212 3628 473 3694 γαστρός.
533 3623 666 3679 Eine
717 3627 772 3680 δὲ
827 3631 966 3698 αὐτῇ
1015 3632 1041 3682 6
1101 3631 1498 3699 στρατηλάτης,
1534 3632 1784 3694 ὅτι,⁹Ε5ιν

1956 2354 2046 2409 lll.
2084 2352 2328 2421 Quodam
2383 2353 2568 2423 itaque
2602 2353 2713 2414 die.
2766 2351 3059 2422 praefectus
3105 2347 3453 2413 monasterii,

1884 2449 2152 2503 accersito
2197 2446 2432 2508 Marino,
2497 2448 2632 2501 dicit
2665 2446 2712 2499 ei
2753 2463 2766 2501 :
2823 2446 3012 2504 Frater
3064 2442 3294 2504 Marine,
3342 2441 3456 2495 scio

1884 2550 2029 2592 tuam
2070 2541 2194 2593 vitze
2224 2540 2445 2607 agenda:
2477 2539 2740 2590 rationem
2773 2551 2892 2588 esse
2924 2536 3222 2602 perfectam
3249 2534 3302 2586 in
3341 2547 3460 2585 om-

1881 2633 2064 2692 nibus,
2113 2639 2169 2684 et
2219 2632 2494 2700 prarcipue
2548 2630 2600 2682 in
2637 2628 2978 2682 obedientia.
3025 2624 3170 2679 Velis
3217 2639 3347 2692 ergo
3400 2633 3455 2675 tu

1881 2738 2100 2796 quoque
2133 2724 2342 2793 egredi,
2386 2734 2444 2776 nt
2480 2723 2760 2776 ministres
2809 2717 3186 2773 monasterio?
3239 2715 3460 2768 Fratres

1882 2813 2029 2865 enim
2064 2828 2205 2882 :egre
2239 2815 2444 2872 ferunt,
2475 2822 2526 2866 te
2558 2811 2625 2866 ad
2667 2812 2719 2864 id
2748 2826 2855 2864 non
2887 2806 3094 2878 egredi.
3130 2806 3247 2860 lloc
3277 2816 3459 2859 autem

1884 2905 2110 2963 faciens.
2143 2921 2175 2958 ο
2205 2904 2300 2968 fili,
2328 2908 2589 2972 majorem
2619 2905 2854 2972 accipies
2895 2900 3207 2955 mercedem
3243 2913 3271 2951 a
3309 2898 3463 2951 beni-

1883 3012 1988 3065 gno
2017 3007 2071 3054 et
2100 2997 2351 3049 clementi
2383 2997 2511 3048 Deo.
2549 2996 2760 3048 Etenim
2792 2993 3052 3046 Dominus
3099 3005 3322 3059 quoque
3359 3003 3463 3042 no-

1885 3098 2002 3141 ster
2039 3087 2182 3140 Deus
2219 3102 2327 3140 non
2353 3085 2682 3156 dedignatus
2721 3092 2804 3138 est
2854 3083 3170 3136 ministrare
3206 3080 3321 3131 suis
3353 3078 3465 3132 dis-

1885 3179 2100 3246 cipulis.
2137 3179 2259 3232 llzec
2286 3193 2408 3232 cum
2442 3177 2704 3231 audiisset
2745 3175 3005 3230 Marinus.
3039 3188 3097 3226 se
3137 3168 3464 3242 projecitad

1886 3270 2053 3337 pedes
2082 3269 2341 3335 pne-fecti.
2378 3269 2608 3321 dicens:
2658 3267 2801 3320 Bene
2831 3281 3057 3334 precare
3096 3261 3254 3322 mihi,
3297 3274 3467 3313 vene-

1886 3357 2050 3410 rande
2075 3356 2252 3414 Pater.
2272 3368 2326 3410 et
2355 3374 2454 3428 ego
2482 3359 2570 3410 ibo
2593 3370 2920 3425 quocunque
2944 3354 3102 3406 volue
3115 3354 3212 3405 ris.
3234 3351 3468 3420 Egresso

1887 3459 2070 3502 autem
2111 3449 2318 3502 Marino
2361 3459 2417 3502 ct
2460 3449 2584 3502 aliis
2625 3448 2802 3501 tribus
2842 3445 3128 3500 monachis
3176 3452 3236 3496 ut
3301 3439 3469 3494 mini-

1889 3550 2151 3602 strarcnt,
2184 3541 2544 3601 diverteruut,
2582 3549 2640 3593 nt
2671 3544 3098 3598 consueverant,
3119 3533 3184 3586 ad
3220 3531 3354 3587 illud
3384 3529 3472 3583 di-

1891 3633 2216 3686 versorinm.
2255 3631 2356 3696 Qui
2395 3643 2576 3684 autem
2634 3641 2864 3697 praeerat
2916 3627 3247 3688 diversorio,
3302 3623 3471 3677 babe-

214 3716 436 3785 γνωσθῇ
476 3715 551 3786 τῷ
576 3719 743 3786 πατρί
771 3736 885 3782 σου,
926 3719 1046 3771 sine
1079 3721 1161 3771 ὅτι
1211 3719 1268 3772 '0
1325 3718 1640 3790 νεώτερος-ὀ
1690 3720 1784 3774 τοῦ

1894 3722 1986 3773 bat
2049 3720 2213 3774 filiam
2273 3722 2513 3777 unicam.
2573 3723 2725 3776 Miles
2775 3736 2908 3774 vero
2971 3718 3194 3789 quidam
3259 3717 3471 3784 ingres-

215 3809 490 3862 κοινοϐίου
543 3811 569 3860 6
606 3810 816 3877 εὐειδὴς
857 3811 884 3860 6
915 3812 1237 3880 λεγόμενος
1291 3813 1534 3879 Μαρῖνος
1589 3813 1792 3874 ἐκεῖνος

216 3902 492 3972 ἐκοιμήθη
524 3902 642 3968 μετ’
676 3901 834 3970 ἐμοῦ.
888 3902 997 3953 Καὶ
1033 3902 1155 3963 δοὺς
1195 3904 1333 3971 αὐτῇ
1366 3901 1425 3954 τὸ
1450 3902 1549 3969 τῆς
1587 3902 1790 3969 φθορᾶς

218 3993 520 4064 ἐπορεύθη.
569 3992 732 4054 Γνοὺς
793 3994 846 4045 δὲ
880 3993 994 4061 μεθ’
1031 3995 1242 4063 ἡμέρας
1298 3994 1327 4044 6
1375 3993 1557 4064 πατὴρ
1592 3994 1780 4060 αὐτῆς,

219 4083 489 4152 ἐξῄτησεν
540 4083 708 4152 αὐτὴν
738 4082 912 4151 λέγων
935 4100 947 4115 ο
987 4084 1157 4136 Πόθεν
1187 4099 1266 4136 σοι
1297 4082 1490 4148 τοῦτ-ος
1521 4083 1630 4137 Καὶ
1661 4082 1786 4134 ἔδα-

221 4177 281 4228 λε
309 4177 409 4243 τὴν
430 4176 610 4228 αἰτίαν
639 4176 822 4227 ἐπάνω
852 4175 941 4225 τοῦ
977 4176 1243 4238 Μαρίνου.

1895 3824 1988 3866 Sus
2050 3813 2437 3874 diversorium,
2500 3815 2550 3869 ei
2622 3815 2803 3868 attulit
2881 3813 3073 3866 vitium
3131 3828 3146 3866 :
3213 3825 3277 3865 ea
3332 3821 3464 3862 vero

1888 3902 2161 3969 concepit.
2218 3903 2481 3983 Prmcepit
2527 3916 2710 3957 autem
2767 3903 2856 3955 ille
2915 3903 3093 3965 miles,
3131 3900 3322 3952 dicens
3360 3914 3374 3951 :
3413 3895 3469 3950 Si

1892 3995 2005 4047 hazc
2043 4010 2130 4046 res
2160 3993 2324 4048 fuerit
2347 3996 2585 4064 cognita,
2623 4004 2680 4047 et
2721 4003 2771 4048 te
2792 3993 3227 4048 examinaverint
3261 3989 3340 4042 tui
3371 4004 3470 4058 pa-

1890 4092 2093 4143 rentes,
2143 4084 2287 4135 unde
2343 4085 2445 4137 hoc
2492 4084 2698 4137 factum
2749 4085 2840 4148 sit,
2885 4083 2972 4136 dic
3005 4082 3132 4136 eis:
3181 4081 3478 4134 Formosus

1892 4176 1983 4229 ille
2005 4175 2190 4244 iunior
2225 4180 2525 4229 monachus
2560 4191 2772 4229 mecum
2807 4174 3054 4235 dormiit,
3090 4185 3145 4227 et
3168 4188 3230 4226 ex
3261 4187 3326 4224 eo
3347 4183 3476 4223 con-

217 4266 367 4335 cepi.
403 4266 694 4332 Postquam
728 4278 855 4330 ergo
883 4261 1086 4330 egressi
1117 4261 1347 4315 fuissent
1375 4264 1628 4316 monachi
1667 4263 1828 4315 simul
1857 4278 1977 4314 cum
2013 4264 2240 4325 Marino,
2274 4267 2493 4317 rescivit
2528 4274 2679 4331 pater
2718 4265 2914 4334 puella:
2941 4263 3100 4316 filiam
3134 4277 3286 4316 suam
3317 4270 3475 4314 utero

218 4357 564 4425 concepisse.
601 4355 701 4421 Qui
751 4355 958 4424 rogavit
998 4370 1116 4409 eam
1162 4354 1385 4408 dicens:
1418 4354 1698 4409 Undenam
1761 4354 1864 4408 hoc
1910 4355 2003 4408 tibi
2053 4354 2251 4410 factum
2282 4357 2399 4409 est?
2428 4357 2612 4410 Puella
2658 4368 2839 4411 autem
2893 4353 3198 4424 respondit,
3233 4353 3466 4409 dicens:

217 4452 419 4512 Junior
446 4452 540 4505 ille
559 4449 790 4505 cceuobii
821 4451 1094 4502 formosus
1117 4450 1440 4511 monachus.
1464 4449 1555 4518 qui
1586 4449 1786 4502 dicitur
1807 4449 2068 4514 Marinus,
2099 4466 2312 4505 mecum
2335 4451 2578 4514 dormiit,
2606 4460 2660 4503 et
2691 4466 2776 4503 me
2804 4460 3173 4519 prmgnantem
3212 4443 3475 4498 reddidit.

297 4544 370 4599 A'.
423 4543 663 4609 Ἐπαρας
698 4541 787 4591 οῦν
809 4539 977 4605 αὑτὴν
1001 4540 1026 4590 6
1056 4540 1376 4606 πανδοχεὺς,
1423 4540 1788 4608 παραγίνεται

221 4640 284 4691 ὲν
317 4635 393 4705 τῷ
423 4632 770 4704 μοναστηρίῳ
821 4630 1038 4699 κράζων
1083 4631 1178 4681 καὶ
1210 4630 1384 4693 λέγων
1413 4645 1424 4656 ·
1456 4631 1563 4681 Ποῦ
1588 4633 1734 4683 ἐστιν
1765 4633 1793 4684 ὁ

226 4731 432 4784 πλάνοξ
468 4729 692 4789 ἐκεῖνος.
722 4724 781 4776 ὃν
805 4725 1025 4790 λέγουσι
1059 4717 1427 4793 Χριστιανόνς
1463 4726 1557 4786 Ὠς
1587 4723 1640 4773 δὲ
1671 4742 1799 4774 συν-

224 4824 470 4889 ήντησεν
508 4817 654 4884 αύτῷ
707 4817 734 4867 ὁ
773 4817 1192 4883 ἁποκρισιὰριος
1232 4815 1332 4881 ἔφη
1367 4814 1547 4882 αὐτῷ·
1578 4814 1640 4866 Τί
1667 4815 1801 4885 κρά-

224 4915 362 4976 ζεις,
395 4910 573 4978 ἑταῖρε
597 4925 618 4973 ;
657 4908 714 4960 Ὀ
748 4905 802 4957 δὲ
823 4900 975 4956 εἶπεν
998 4921 1011 4935 ·
1039 4907 1159 4957 ὐτι
1197 4907 1339 4972 κακῇ
1369 4905 1485 4974 ὥρα
1511 4905 1798 4974 συνέτυχον

226 5008 380 5072 ζξμῖν,
416 5003 510 5053 καὶ
541 5001 610 5069 μὴ
644 4999 852 5065 γένοιτό
887 5016 975 5067 μοι
1013 4996 1090 5049 ἔτι
1126 4999 1253 5049 ἰδεῖν
1289 4997 1555 5066 μοναχοὺς
1582 4998 1675 5049 καὶ
1699 4999 1797 5049 ὅσα

1976 4541 2064 4596 IV.
2098 4541 2233 4595 Cum
2269 4541 2384 4594 hare
2413 4551 2596 4592 autem
2619 4540 2884 4591 audiisset
2913 4537 3204 4606 praefectus
3227 4535 3476 4588 diverso-

1902 4634 1990 4697 rii,
2023 4649 2184 4687 cursu
2212 4643 2266 4686 et
2293 4648 2414 4686 eum
2458 4648 2648 4701 magna
2684 4633 2763 4684 ira
2795 4631 2944 4684 venit
2971 4629 3022 4681 iu
3052 4625 3479 4691 monasterium,

1904 4742 2028 4780 eum
2063 4742 2348 4788 accusans,
2381 4735 2435 4779 et
2470 4726 2658 4778 dicens
2691 4741 2704 4776 :
2737 4724 2839 4778 Ubi
2897 4731 2980 4777 est
3024 4722 3111 4775 ille
3137 4720 3348 4790 planus,
3387 4720 3477 4773 ille

1904 4817 2072 4872 falsus
2123 4817 2487 4880 christianos,
2527 4830 2690 4884 quem
2732 4813 2915 4867 dicitis
2957 4828 3077 4866 esse
3107 4810 3477 4865 monachum?

1907 4908 1969 4963 Ei
2002 4923 2131 4960 vero
2155 4907 2332 4960 factus
2357 4917 2441 4960 est
2464 4906 2680 4958 obviam
2707 4901 3098 4972 apocrisiarius
3125 4897 3478 4962 monasterii,

1903 5010 1960 5054 et
1983 4999 2113 5054 dicit
2152 4999 2200 5052 ei
2230 5016 2243 5053 :
2277 4998 2419 5051 Bene
2443 4997 2657 5060 venisti,
2690 4995 2874 5049 frater.
2906 4994 3016 5048 Cur
3041 5009 3101 5047 cs
3123 4994 3258 5047 adeo
3285 4992 3478 5055 tristis,

222 5095 477 5149 τοιαῦτα.
506 5091 738 5159 Ὁμοίως
764 5090 818 5142 δὲ
855 5091 944 5141 καὶ
993 5088 1067 5157 τῷ
1102 5091 1388 5157 ἡγουμένῳ
1420 5090 1572 5157 ἔλεγε
1599 5089 1787 5150 ταῦτα,

1905 5100 1960 5145 et
1994 5107 2092 5145 cur
2127 5099 2231 5143 tam
2265 5099 2469 5143 temere
2504 5088 2783 5156 loqueris?
2820 5085 2983 5138 Cessa
3022 5097 3335 5152 parumper,
3383 5097 3481 5134 re—

223 5191 309 5242 ετι
341 5188 414 5238 Τὸ
451 5176 740 5252 Θυγάτριὸν
780 5198 902 5251 μου,
943 5182 1137 5250 πάτερ,
1165 5180 1191 5233 6
1233 5181 1523 5248 μονογενὲς
1549 5177 1715 5251 εἶχον,
1741 5184 1798 5234 ὲν

225 5277 271 5348 ᾧ
298 5279 669 5348 προσεδόκων,
698 5275 780 5326 ὅτι
813 5275 872 5326 τὸ
903 5273 1079 5343 γῆρας
1112 5291 1214 5342 μου
1261 5273 1372 5343 ἔχει
1401 5273 1803 5340 ἀναπαυθήναι,

226 5373 326 5428 καὶ
375 5369 485 5422 ἰδοὺ
515 5368 565 5421 τί
617 5369 836 5440 ἐποίησε
887 5386 977 5438 μοι
1028 5370 1294 5438 Μαρῖνος,
1347 5368 1406 5420 ὃν
1455 5369 1640 5437 λέγετε
1670 5369 1804 5437 Χρι-

229 5461 472 5517 στιανόν.
535 5459 699 5527 Λέγει
732 5459 880 5531 αὐτῷ
912 5463 940 5512 6
969 5459 1291 5529 ἡγούμενος·
1344 5458 1588 5527 Ἀδελφὲ.
1628 5459 1682 5512 τί
1720 5476 1799 5511 σοι

228 5555 468 5625 ποιήσω,
506 5550 584 5621 μὴ
616 5550 768 5614 ὃντος
798 5549 962 5604 αὑτοῦ
995 5544 1134 5618 diae;
1166 5551 1222 5601 ἐν
1246 5549 1302 5601 δὲ
1332 5549 1409 5618 τῷ
1432 5549 1796 5616 ὑποστρέφειν

227 5649 395 5700 αὐτὸν
453 5649 552 5715 τῆς
612 5643 908 5711 διακονίας,
964 5645 1117 5699 οὐδέν
1164 5661 1251 5711 μοι
1309 5643 1436 5696 ἄλλο
1473 5641 1687 5694 ἔστινεί
1724 5640 1796 5711 μὴ

227 5739 419 5804 διῶξαι
445 5738 610 5791 αὑτὸν
642 5739 702 5791 ἐκ
731 5737 822 5792 τοῦ
862 5738 1241 5808 μοναστῃρίον.
1273 5735 1577 5796 Φθάσαντος
1615 5732 1667 5786 δὲ
1705 5732 1794 5787 τοῦ

1905 5199 1973 5252 go
2011 5193 2084 5236 te.
2117 5181 2474 5250 Respondens
2498 5189 2678 5233 autem
2706 5179 2995 5249 pra-fectus
3029 5175 3340 5237 diversorii,
3381 5175 3470 5228 di-

1904 5278 1979 5331 cit
2008 5277 2059 5331 ei
2109 5294 2121 5329 :
2168 5277 2361 5330 Pereat
2391 5276 2547 5334 hora,
2584 5287 2690 5340 qua
2730 5285 2967 5340 unquam
3001 5269 3233 5337 cognovi
3282 5281 3473 5320 mona-

1902 5368 2088 5424 chum.
2125 5368 2223 5422 Hei
2256 5366 2410 5430 mihi,
2461 5364 2593 5433 quid
2641 5363 2775 5418 mihi
2820 5361 3055 5416 accidit?
3094 5359 3233 5426 Quid
3277 5359 3470 5413 faciam

1905 5471 2110 5523 autem,
2132 5459 2338 5513 nescio.
2365 5458 2500 5512 Cum
2524 5472 2654 5510 vero
2681 5457 2796 5510 hmc
2821 5453 3138 5509 rescivisset
3161 5451 3470 5521 praefectus,

1906 5565 2030 5603 eum
2057 5547 2330 5609 accersiit,
2360 5555 2415 5600 et
2445 5546 2576 5601 dicit
2604 5564 2616 5599 :
2654 5544 2793 5611 Quid
2822 5544 2917 5598 tibi
2961 5543 3073 5606 vis,
3101 5541 3303 5594 frater?
3329 5538 3474 5607 Quid

1907 5655 1967 5692 es
1997 5638 2214 5693 tristis?
2244 5634 2510 5691 Praefecto
2532 5644 2714 5689 autem
2753 5632 3071 5689 monasterii
3099 5631 3238 5685 dixit
3272 5631 3338 5692 is,
3372 5630 3466 5697 qui

1905 5739 2138 5801 praeerat
2184 5727 2533 5785 diversorio:
2581 5726 2718 5793 Quid
2769 5727 2905 5782 mihi
2947 5725 3099 5778 volo?
3143 5723 3212 5777 De
3266 5730 3466 5775 caetero
