4188 6310
793 337 894 404 351

2097 362 2376 421 MENSlS
2412 367 2712 430 JULlUS.

3928 374 4027 435 352

790 458 1002 513 nullum
1032 464 1267 531 amplius
1293 466 1502 522 videam
1537 482 1631 524 aut
1659 475 1978 529 conveniam
2007 482 2348 538 monachum.

2461 486 2603 538 ἁῆϐἄ
2629 488 2877 557 Μαρίνου
2908 490 3004 543 σὺν
3031 494 3141 553 τοῖς
3173 492 3352 554 ἄλλοις
3376 494 3551 561 τρισὶν
3578 493 3855 560 ἀδελφοῖς,
3882 490 4028 556 λέγει

794 550 1082 621 Postquam
1116 566 1297 611 autem
1330 576 1358 613 a
1401 563 1659 631 praefecto
1689 583 1877 623 rursus
1909 570 2011 624 fuit
2040 584 2259 643 rogatus
2285 578 2350 643 is,

786 646 879 712 qui
917 651 1504 715 prmeratdiversorio:
1533 660 1763 728 Propter
1794 680 1956 732 quam
1987 682 2206 723 causam
2238 672 2353 726 haec

786 734 958 789 dicis?
990 743 1270 809 respondit
1300 754 1355 799 et
1387 746 1554 803 dixit:
1589 752 1776 805 Filiam
1805 756 2069 813 habebam
2109 763 2349 830 unicam,

791 828 842 879 in
878 844 1037 896 quam
1064 850 1214 902 spem
1249 853 1422 894 meam
1456 844 1812 911 collocabam,
1843 854 1987 919 quod
2008 864 2069 907 ea
2092 867 2240 911 esset
2268 874 2354 912 re—

784 922 940 987 quies
971 938 1103 978 meze
1137 932 1456 985 senectutis.
1502 936 1637 989 Ecce
1668 954 1797 994 vero
1835 943 1967 1011 quid
2010 945 2140 999 fecit
2190 948 2351 1003 Mari-

781 1013 932 1065 nus?
974 1030 1093 1069 eam
1132 1032 1500 1087 praegnantem
1537 1028 1796 1091 reddidit,
1833 1048 1994 1101 quem
2019 1035 2200 1092 dicitis
2231 1055 2352 1095 esse

782 1104 1153 1165 Christianum
1174 1124 1229 1167 et
1258 1118 1426 1183 pium.
1453 1121 1577 1175 llmc
1600 1139 1724 1176 cum
1752 1126 2015 1181 audiisset
2039 1132 2345 1198 praefectus,

780 1202 1119 1269 stupefactus
1147 1208 1280 1265 dicit
1309 1214 1358 1266 ei
1394 1231 1407 1266 :
1442 1216 1579 1279 Quid
1610 1235 1829 1287 possum
1867 1223 1959 1276 tibi
1981 1225 2183 1289 facere,
2220 1244 2345 1284 cum

779 1292 895 1359 ipse
926 1311 1034 1351 nou
1059 1300 1131 1353 sit
1157 1302 1283 1356 hic?
1314 1307 1419 1359 Sed
1449 1314 1667 1377 quando
1692 1316 1982 1370 veneritcx
2014 1319 2344 1385 ministerio,

2464 582 2598 647 πρὸς
2631 581 2792 632 αὑτὸν
2814 584 2840 633 ὁ
2875 583 3179 651 ἡγούμενος
3201 600 3214 614 ⁸
3239 586 3387 664 Λῦξη
3424 586 3569 638 ἔστιν
3600 588 3631 656 ὴ
3658 585 3910 637 πολιτεία
3935 600 4026 635 σου

2460 673 2553 724 καὶ
2588 676 2619 741 ἡ
2662 674 2919 744 ἄσκησις,
2949 678 3029 729 ὅτι
3056 678 3460 739 καταλύσαντος
3496 696 3588 731 σου
3623 682 3678 730 ἐν
3718 677 3799 746 τῷ
3834 677 4028 729 πανδο-

2459 764 2610 832 χείῳ,
2642 766 2954 837 διέφθειρας
2986 768 3082 840 τὴν
3118 768 3391 841 θυγατέρα
3436 770 3528 824 τοῦ
3566 770 3871 839 πάνδοχος;
3935 769 4026 821 καὶ

2457 855 2627 908 ἐλθὼν
2672 859 2876 921 ἐκεῖνος
2917 854 3018 914 ὦδε
3079 862 3305 933 θέατρον
3364 864 3674 933 ἡμᾶς.τοῖς
3735 864 4024 930 κοσμικοῖς

2453 949 2744 1017 ὲποίησεν;
2795 953 2980 1004 Ταῦτα
3032 953 3089 1006 δὲ
3150 957 3393 1018 ἀκούσας
3434 957 3461 1009 ό
3521 958 3765 1025 Μαρίνος
3836 956 4019 1022 ῥίπτει

2452 1042 2641 1094 ἑαυτὸν
2677 1046 2767 1096 ἐπὶ
2805 1047 3098 1113 πρόσωπον
3128 1048 3303 1114 λέγων
3325 1064 3339 1078 ο
3380 1046 3744 1117 Συγχώρησόν
3772 1065 3887 1116 μοι,
3921 1047 4025 1099 πά-

2449 1151 2567 1195 τερ,
2592 1134 2680 1187 διὰ
2712 1137 2801 1188 τὸν
2855 1139 3081 1209 Κύριον,
3128 1140 3209 1191 ὃςι
3236 1140 3309 1202 ὡς
3360 1141 3641 1208 ἄνθρωπος
3681 1141 4020 1209 ἐπλανήθην.

2459 1226 2521 1280 '0
2542 1228 2596 1279 δὲ
2647 1230 2950 1299 ἡγούμενος
2996 1234 3272 1302 ὀργισθεὶς
3312 1233 3569 1301 ἐξέὁαλεν
3602 1234 3764 1286 αὐτὸν
3798 1232 3909 1299 ἔξω
3935 1230 4022 1283 τοῦ

2454 1326 2824 1395 μοναστηρίου
2856 1329 2911 1379 ὲν
2937 1327 3169 1394 ὀλίγαις.

778 1388 913 1442 nihil
949 1395 1207 1449 estaliud
1240 1401 1385 1468 quod
1416 1418 1592 1473 agam,
1630 1409 1733 1462 nisi
1774 1420 1833 1463 ut
1863 1414 2128 1479 expellam
2159 1431 2187 1469 e
2219 1419 2571 1475 monasterio.
2601 1419 2737 1475 Cum
2773 1431 2954 1477 autem
2988 1424 3226 1477 venisset
3283 1423 3524 1480 Marinus
3553 1438 3674 1478 cum
3699 1422 3827 1476 aliis
3850 1420 4023 1476 "ibus

774 1468 1059 1541 fratribus.
1093 1495 1468 1550 accersitcum
1506 1501 1812 1568 praefectus.
1846 1514 1899 1557 et
1925 1506 2057 1560 dicit
2081 1509 2129 1561 ei
2160 1525 2173 1563 :
2204 1510 2376 1575 Abba,
2411 1513 2523 1567 haec
2561 1531 2627 1569 ne
2661 1526 2745 1569 est
2775 1524 2863 1569 tua
2897 1517 3116 1571 vivendi
3148 1517 3288 1571 ratio
3317 1526 3371 1571 et
3396 1518 3758 1570 exercitatio?
3785 1517 4018 1584 Quando

774 1576 1083 1634 diversatus
1123 1580 1273 1639 fuisti
1325 1588 1379 1640 in
1414 1590 1745 1659 diversorio,
1790 1599 2023 1653 attulisti
2058 1601 2247 1655 vitium
2297 1606 2418 1661 filia:
2448 1608 2693 1677 praefecti
2743 1610 3057 1665 diversorii.
3088 1610 3203 1666 lluc
3235 1624 3417 1667 autem
3448 1607 3675 1666 veniens
3714 1611 3840 1681 ejus
3870 1623 4023 1680 pater

778 1679 1034 1738 tanquam
1066 1689 1166 1741 per
1210 1676 1484 1736 theatrum
1525 1687 1763 1744 traduxit
1793 1706 1890 1745 nos
1936 1696 2254 1751 monachos.
2298 1697 2559 1764 Marinus.
2594 1718 2725 1756 vero
2764 1703 2849 1757 his
2883 1703 3103 1768 auditis,
3137 1720 3194 1759 se
3239 1705 3392 1761 humi
3432 1706 3660 1777 projecit
3700 1707 3754 1760 in
3801 1706 4022 1767 faciem,

775 1764 963 1821 dicens
1018 1776 1313 1839 praefecto:
1351 1777 1610 1834 Condona
1673 1784 1805 1839 mihi
1859 1786 2051 1841 humili
2093 1796 2149 1842 et
2195 1794 2467 1859 peccatori
2514 1806 2738 1862 propter
2782 1797 3091 1864 Dominum,
3145 1813 3177 1853 ο
3235 1808 3409 1868 pater.
3451 1801 3709 1869 quoniam
3764 1809 4022 1868 ιειηίιυειιιι

775 1860 939 1917 homo
975 1870 1178 1923 erravi.
1218 1871 1370 1925 Tunc
1402 1876 1690 1944 praefectus
1716 1878 1766 1932 ei
1797 1881 1988 1947 iratus,
2029 1885 2191 1953 ejecit
2214 1902 2339 1942 eum
2369 1901 2399 1941 e
2428 1892 2785 1945 monasterio.

845 1982 907 2036 V.
950 1984 1216 2055 Egressus
1248 2001 1428 2045 autem
1461 1994 1654 2053 beatus
1682 2012 1835 2056 extra
1863 2007 2195 2063 vestibulum
2228 2026 2343 2065 mo-

2520 2012 2557 2064 E
2579 2051 2594 2066 .
2647 2010 2706 2063 '0
2739 2010 2795 2064 δὲ
2822 2011 3056 2077 ἐξελθὼν
3080 2012 3374 2076 ἐκαθέζετο
3396 2012 3602 2084 αἴθριος
3643 2013 3938 2081 ὑπομένων
3964 2013 4023 2065 τὸ

776 2080 1022 2141 nasterii,
1060 2085 1259 2139 mansit
1287 2092 1389 2141 sub
1411 2088 1520 2150 dio.
1552 2095 1832 2151 sustinens
1858 2098 2030 2169 frigus
2059 2111 2113 2156 et
2146 2115 2339 2160 :estum

775 2184 949 2224 annos
969 2183 1097 2227 tres.
1114 2176 1357 2250 Quiergo
1376 2183 1827 2251 ingrediebantur
1846 2198 1899 2245 et
1915 2196 2343 2261 egrediebantur

773 2278 837 2316 ex
872 2271 1227 2330 monaSIerio.
1266 2282 1529 2344 rogabant
1556 2280 1754 2348 ipsum.
1791 2283 2039 2341 dicentes
2083 2305 2095 2343 :
2126 2289 2238 2345 Cur
2264 2291 2344 2346 sic

773 2359 953 2421 sedes,
982 2362 1145 2425 abba,
1181 2366 1415 2421 afflictus
1441 2370 1495 2423 in
1523 2376 1831 2429 vestibulo?
1856 2379 1949 2431 Ille
1983 2392 2162 2436 autem
2204 2385 2343 2441 dixit

773 2451 855 2505 eis
890 2469 904 2508 :
935 2452 1203 2519 Quoniam
1260 2475 1377 2515 sum
1425 2462 1749 2528 fornicatus.
1803 2482 2094 2540 propterea
2135 2478 2343 2545 ejectus

774 2560 893 2600 sum
930 2564 994 2602 ex
1051 2557 1404 2609 monasterio.
1447 2557 1583 2613 Cum
1633 2577 1763 2616 vero
1807 2566 2046 2620 venisset
2093 2571 2341 2635 pariendi

776 2649 993 2705 tempus
1025 2641 1147 2697 filia:
1179 2647 1422 2712 prmfecti
1459 2650 1773 2719 diversorii,
1809 2659 2025 2726 peperit
2058 2662 2239 2729 puella
2281 2664 2345 2718 ti-

775 2730 905 2785 lium
936 2736 1263 2794 masculum.
1305 2739 1543 2799 Puerum
1573 2756 1754 2803 autem
1791 2751 1987 2809 tollens
2015 2765 2171 2823 pater
2199 2758 2341 2827 ejus,

776 2826 926 2879 venit
950 2827 1015 2880 ad
1047 2837 1441 2890 monasterium
1466 2856 1480 2901 ;
1503 2848 1557 2891 et
1585 2855 1709 2893 cum
1744 2843 2047 2900 invenisset
2072 2848 2342 2906 Marinum

773 2922 1057 2973 sedentem
1105 2935 1257 2979 extra
1294 2933 1712 2997 monasterium,
1745 2936 1975 3005 projecit
2005 2938 2054 2992 ei
2090 2955 2340 3010 puerum,

774 3020 831 3062 et
853 3014 1035 3067 statim
1077 3020 1325 3075 recessit.
1353 3020 1594 3079 Marinus
1628 3042 1758 3081 vero
1779 3046 2000 3086 sumens
2028 3049 2257 3102 puerum
2289 3037 2343 3090 in

776 3117 990 3168 manus,
1024 3107 1240 3165 dicebat
1268 3113 1571 3173 lamentans
1602 3136 1614 3174 :
1659 3121 1753 3175 Hei
1787 3124 1920 3177 mihi
1948 3126 2148 3180 misero
2170 3141 2225 3184 et
2248 3132 2345 3185 ab-

774 3198 916 3265 iecto
949 3217 963 3255 :
1004 3217 1105 3268 ego
1146 3213 1296 3257 certe
1345 3206 1572 3262 humilis
1611 3220 1664 3265 et
1713 3229 1972 3282 nequam,
2002 3218 2213 3287 accipio
2246 3237 2344 3288 pro

2442 2102 2612 2172 ψῦχος
2639 2105 2906 2170 γενναίως
2942 2105 3038 2157 καὶ
3062 2106 3152 2157 τὸν
3177 2105 3438 2159 καύσονα.
3471 2105 3534 2159 Οἱ
3578 2100 3673 2157 οὖν
3701 2107 4023 2175 εἰσερχόμε-

2443 2212 2524 2246 νοι
2556 2196 2653 2247 καὶ
2688 2197 3038 2265 ἐξερχόμενοι
3066 2199 3366 2265 ἐπηρώτων
3401 2198 3564 2253 αὐτὸν
3594 2199 3851 2268 λέγοντες
3877 2217 3890 2230 ·
3922 2202 4022 2255 Διὰ

2442 2289 2496 2340 τί
2534 2283 2635 2341 ὦδε
2668 2289 3001 2353 καθέζεσαις
3057 2291 3168 2343 Καὶ
3204 2290 3392 2358 ἔλεγεν
3422 2294 3640 2357 αὐτοῖς·
3693 2294 3821 2346 ’Ὁτι
3855 2294 4023 2363 ὲπόρ·

2445 2398 2634 2445 νευσα,
2670 2382 2763 2436 καὶ
2788 2384 2873 2438 διὰ
2901 2385 3058 2436 τοῦτο
3083 2384 3379 2454 ἐξεϐλήθην
3405 2386 3470 2438 ἐκ
3492 2386 3585 2437 τοῦ
3621 2387 4015 2457 μοναστηρέου.

2442 2471 2754 2535 Φοάσαντος
2779 2474 2833 2527 δὲ
2857 2474 2953 2528 τοῦ
2985 2476 3148 2528 τόκου
3171 2476 3272 2545 τῆς
3301 2476 3568 2546 θυγατρὸς
3596 2475 3689 2528 τοῦ
3729 2478 4033 2546 πάνδοχος,.

2446 2567 2738 2635 ἐγέννησεν
2768 2569 2801 2638 ἠ
2837 2568 3084 2638 Θυγάτηρ
3113 2568 3278 2622 αὑτοῦ
3305 2570 3467 2623 παῖδα
3498 2570 3728 2641 ᾶρῤενα,
3765 2570 3863 2621 καὶ
3886 2571 4023 2622 ἐπά-

2449 2676 2547 2724 ρας
2583 2659 2714 2709 αὐτὸ
2751 2659 2778 2709 δ
2815 2658 3035 2723 πάνδοξ,
3062 2657 3425 2730 παραγίνεται
3453 2661 3509 2711 ἐν
3532 2658 3610 2727 τῷ
3644 2660 4018 2729 μοναστηρίῳ.

2445 2750 2636 2819 Εὐρὼν
2669 2750 2723 2803 δὲ
2760 2749 2849 2803 τὸν
2886 2751 3130 2821 Μαρῖνον
3188 2750 3387 2814 ἔξωθεν
3451 2749 3545 2802 τοῦ
3608 2749 3857 2813 πυλῶνος
3892 2750 4023 2803 καθ-

2446 2844 2672 2912 ήμενον,
2700 2842 3010 2911 προσρίψας
3044 2841 3193 2909 αὐτῷ
3222 2842 3282 2894 τὸ
3320 2841 3533 2894 παιδίον
3560 2842 3707 2907 λέγει
3732 2857 3749 2871 ·
3803 2842 3937 2894 Ἰδοὺ
3964 2842 4022 2894 rb

2447 2934 2633 2995 κακῶς
2665 2933 2929 3001 ἔσπειρας
2956 2931 3148 2985 τέκνον
3180 2948 3297 2994 σου,
3335 2930 3466 2984 λαϐὲ
3491 2930 3644 2983 αὑτό.
3683 2928 3794 2982 Καὶ
3818 2929 4022 2991 εὐθέως

2446 3025 2820 3097 ἀνεχώρησεν.
2875 3027 3073 3081 Λαϐὼν
3134 3025 3228 3079 οὖν
3280 3026 3307 3078 ὁ
3358 3024 3600 3094 Μαρῖνος
3660 3024 3720 3076 τὸ
3786 3024 4019 3083 παιδίον,

2447 3119 2690 3172 ὲθ).ί6ετο
2742 3121 2867 3188 περὶ
2900 3118 3068 3171 αὑτοῦ
3093 3118 3269 3185 λέγων
3291 3133 3305 3148 ο
3333 3116 3440 3169 Ναὶ
3472 3116 3582 3184 ἐγὼ
3614 3116 3710 3175 τὰς
3742 3117 4023 3184 ἁμαρτίας

2452 3229 2554 3282 μου
2589 3210 2969 3279 ἀπολαμϐάνω
2990 3228 3005 3244 ο
3048 3211 3137 3264 διὰ
3188 3212 3243 3263 τί
3297 3211 3353 3263 δὲ
3383 3216 3477 3262 καὶ
3508 3210 3569 3261 τὸ
3600 3209 3788 3263 ἄθλιον
3820 3210 4024 3278 βρέφος

776 3292 989 3346 meritis
1015 3309 1263 3349 meorum
1311 3311 1686 3368 peccatorum.
1722 3306 1833 3360 Cur
1869 3317 2050 3364 autem
2086 3312 2174 3368 hic
2209 3332 2348 3385 quo-

782 3399 880 3405 ---Α
923 3384 1094 3405 2__l‘_l'-
1227 3404 1231 3405 ,
1668 3398 1679 3405 .
1799 3400 1813 3405 -
1856 3400 1880 3405 -
1983 3403 1990 3405 _

2449 3302 2608 3355 τοῦτο
2660 3304 2755 3356 σὺν
2782 3304 2909 3372 ἐμοὶ
2964 3301 3335 3369 ἀποθνήσκεις
3376 3301 3620 3369 Ἤρξατο
3647 3296 3741 3352 οὖν
3773 3301 4021 3369 γυρόειν.

776 3399 884 3453 que
923 3384 1110 3441 infelix
1138 3404 1274 3457 puer
1298 3407 1507 3447 mecum
1546 3398 1818 3453 moritur?
1843 3400 2021 3470 Caepit
2046 3420 2175 3460 vero
2198 3408 2346 3464 acci-

775 3491 906 3545 pere
938 3478 1021 3531 lac
1049 3494 1079 3533 a
1118 3483 1450 3549 pastoribus,
1483 3496 1537 3539 et
1573 3488 1653 3540 sic
1680 3491 1857 3544 alebat
1896 3509 2127 3561 puerum
2163 3506 2222 3550 ut
2250 3514 2347 3567 pa-

778 3578 883 3622 ter.
907 3569 1025 3623 Non
1060 3572 1194 3625 satis
1215 3583 1397 3629 autem
1430 3588 1548 3630 erat
1583 3578 1792 3635 Marino
1816 3583 2037 3638 afﬂictio
2061 3596 2115 3641 et
2144 3587 2343 3655 pudor.

776 3672 885 3727 quo
918 3658 1258 3719 adiciebatur
1280 3668 1565 3736 quotidie:
1598 3672 1694 3727 sed
1720 3690 1855 3743 puer
1879 3691 2098 3747 quoque
2124 3679 2261 3735 ﬂens
2288 3688 2344 3735 et

776 3766 1104 3816 excernens,
1161 3763 1570 3818 contaminabat
1606 3773 1661 3817 et
1709 3764 2027 3821 sordidabat
2064 3771 2183 3837 ejus
2227 3787 2349 3828 ves-

778 3848 882 3896 tes.
912 3842 1042 3899 Post
1065 3847 1301 3916 spatium
1319 3860 1502 3906 autem
1525 3855 1690 3911 trium
1709 3873 1999 3927 annorum,
2018 3863 2346 3919 seditionem

778 3936 1055 4005 agitarunt
1092 3954 1289 3998 omnes
1328 3944 1542 4010 fratres.
1570 3950 1819 4006 dicentes
1869 3956 2351 4023 przefectozpater

779 4030 1115 4095 venerande,
1148 4033 1351 4090 sufﬁcit
1378 4036 1535 4095 fratri
1563 4041 1769 4098 Marino
1789 4060 1970 4115 pinna,
1990 4063 2152 4118 quam
2181 4052 2350 4107 susti-

778 4119 924 4173 nuit.
980 4121 1058 4176 De
1104 4132 1304 4181 caetero
1355 4144 1632 4200 rogamus,
1665 4137 1853 4206 accipe
1887 4154 2013 4194 eum
2042 4156 2236 4197 rursus
2289 4143 2344 4199 in

780 4216 1177 4272 monasterium
1209 4236 1223 4276 :
1254 4224 1490 4279 maxime
1513 4241 1666 4290 vero.
1692 4230 1839 4300 quod
1875 4245 2059 4288 coram
2081 4236 2342 4292 omnibus

780 4308 1066 4366 confessus
1081 4322 1165 4367 est
1182 4315 1393 4386 lapsum
1413 4335 1594 4377 suum.
1620 4324 1756 4380 Cum
1785 4338 1968 4384 autem
2000 4331 2347 4387 contradice-

782 4408 870 4453 ret
902 4403 1217 4469 praefectus,
1241 4417 1297 4462 et
1329 4426 1438 4466 non
1473 4417 1903 4481 persuaderetur
1924 4436 2048 4474 eum
2072 4423 2349 4490 accipere,

781 4505 1069 4561 coeperunt
1100 4499 1355 4556 monachi
1393 4503 1445 4559 ei
1486 4522 1678 4562 rursus
1707 4508 1889 4565 dicere
1921 4529 1934 4569 :
1968 4511 2081 4569 Nisi
2125 4512 2346 4569 fratrem

2452 3398 2547 3449 καὶ
2576 3394 2879 3462 λαμϐάνειν
2912 3393 3054 3461 γάλα
3080 3393 3187 3447 ἀπὸ
3212 3392 3320 3445 τῶν
3345 3390 3642 3460 ποιμένων,
3674 3390 3771 3443 καὶ
3798 3392 4024 3459 τρέφειν

2454 3490 2513 3541 τὸ
2545 3488 2754 3540 παιδίον
2784 3486 2859 3550 ὠς
2893 3489 3077 3558 πατὴρ
3100 3505 3113 3518 ·
3150 3488 3252 3540 οὐκ
3305 3486 3467 3556 ἢρκει
3514 3485 3570 3538 δὲ
3622 3482 3773 3553 αὐτῷ
3811 3485 3841 3536 ὁ
3871 3499 4027 3555 περι-

2455 3578 2704 3648 σπασμὸς
2738 3580 2797 3632 δν
2843 3575 3009 3650 εἶχεν,
3039 3579 3172 3633 ἀλλὰ
3221 3578 3315 3629 καὶ
3347 3576 3409 3629 τδ
3462 3576 3675 3629 παιδίον
3708 3578 3901 3629 κλαῖον
3931 3576 4025 3631 καὶ

2452 3673 2779 3742 ὀδυρόμενον
2803 3672 3024 3741 ὴχρείου
3056 3670 3124 3721 τὰ
3176 3669 3364 3738 ἱμάτια
3391 3667 3578 3720 αὑτοῦ.
3609 3669 3767 3721 Μετὰ
3795 3670 3854 3721 δὲ
3894 3669 4022 3739 τρία

2457 3766 2552 3832 ἐτη
2582 3764 2785 3825 ἰδόντες
2836 3763 2886 3814 οἱ
2920 3761 3139 3830 ἀδελφοὶ
3169 3762 3266 3834 τὴν
3305 3759 3579 3831 τοσαύτην
3618 3758 3784 3814 αὐτοῦ
3845 3761 4026 3830 θλίψιν

2448 3860 2542 3917 καὶ
2573 3858 2872 3932 ὑπομονὴν,
2906 3859 3296 3931 προσελθόντες
3319 3858 3540 3935 λέγουσι
3564 3856 3642 3929 τῷ
3689 3857 4022 3928 ήγουμὲνφο

2462 3955 2651 4025 Ἀρκεῖ
2688 3953 2837 4023 αὑτῷ
2868 3953 2899 4023 ἡ
2940 3952 3191 4020 ἐπιτιμία
3216 3994 3229 4016 ,
3270 3953 3351 4005 ὅτι
3390 3951 3483 4004 ἐπὶ
3514 3950 3731 4004 πάντων
3766 3948 4029 4019 ὁμολογεῖ

2452 4048 2515 4103 τὸ
2550 4045 2747 4101 ἑαυτοῦ
2780 4046 3028 4114 σφάλμα.
3077 4044 3184 4097 Τοῦ
3212 4044 3268 4096 δὲ
3310 4044 3615 4113 ἡγουμένου
3642 4042 3783 4103 ὅλως
3816 4041 3898 4111 μὴ
3927 4058 4027 4093 πυ-

2455 4141 2685 4208 θομένου
2738 4137 2996 4201 δέξασθαι
3044 4136 3231 4200 αὑτὸν,
3261 4135 3515 4203 λέγουσιν
3547 4135 3598 4189 οι
3642 4134 3895 4203 ἀδελφοὶ,
3919 4136 4024 4201 ὅτι,

2469 4232 2597 4289 Ἐὰν
2632 4230 2707 4301 μὴ
2760 4229 2888 4302 δέξῃ
2925 4230 3112 4294 αὑτὸν,
3154 4231 3249 4284 καὶ
3290 4230 3453 4300 ἡμεῖς
3500 4226 3906 4297 ἁναχωροῦμιν
3933 4227 4026 4281 τοῦ

2463 4324 2829 4396 μονιαστηρίου
2851 4341 2864 4355 ·
2892 4319 3003 4394 ἆρα
3035 4323 3150 4385 πῶς
3178 4322 3376 4391 ἔχομεν
3414 4321 3744 4396 αἰτήσασθαι
3776 4320 4025 4423 συγγνιῖίο

2464 4432 2572 4485 μην
2602 4418 2730 4485 περὶ
2781 4413 2889 4466 τῶν
2935 4412 3222 4482 ἁμαρτιῶν
3270 4411 3430 4481 ἡμῶν
3485 4413 3728 4482 σήμερον
3774 4411 4028 4481 τριετοῦς

2457 4511 2653 4583 χρόνου
2685 4510 2997 4581 καθημένου
3025 4509 3192 4564 αὑτοῦ
3220 4508 3471 4578 αἰθρίου;

782 4583 1053 4641 Marinum
1094 4605 1287 4647 rursus
1308 4599 1586 4665 acceperis
1636 4599 1691 4653 in
1726 4603 2147 4669 monasterium,
2178 4621 2210 4658 ο
2249 4604 2431 4668 Pater,
2464 4617 2563 4657 nos
2594 4617 2812 4671 quoque
2854 4600 3183 4705 recedimus.
3208 4597 3495 4705 Quomodo
3528 4613 3891 4705 possumus-ai
3919 4598 4026 4653 Deo

788 4691 995 4750 petere,
1021 4688 1374 4742 utcondonet
1401 4691 1563 4747 nobis
1581 4704 1768 4752 nostra
1797 4708 2041 4767 peccata,
2064 4714 2190 4754 cum
2208 4698 2377 4755 frater
2404 4710 2591 4754 noster
2621 4707 2734 4751 tres
2776 4710 2949 4749 annos
2976 4694 3078 4747 sub
3106 4693 3198 4746 dio
3230 4691 3418 4747 sedeat
3450 4693 3505 4746 in
3536 4691 3854 4746 vestibulo?

854 4802 944 4856 Vl.
990 4802 1115 4859 Hmc
1156 4820 1280 4860 cum
1315 4809 1578 4867 audiisset
1630 4813 1920 4883 praefectus
1970 4832 2000 4869 a
2046 4817 2348 4878 monachis,

2532 4815 2623 4880 ς’.
2654 4811 2785 4865 Τότε
2814 4807 3032 4874 ἐδέξατο
3064 4806 3228 4862 αὐτὸν
3253 4808 3281 4860 6
3306 4805 3609 4877 ἡγούμενος
3638 4806 3818 4876 λέγων
3838 4823 3853 4837 ·
3897 4808 4027 4864 ’1ἃοῦ

786 4894 1074 4953 diciteis:
1128 4900 1339 4954 Revera
1393 4915 1619 4974 propter
1666 4917 1972 4976 peccatum,
2008 4910 2152 4977 quod
2204 4909 2351 4973 fecit,

788 4996 999 5041 nonest
1022 4989 1219 5059 dignus
1241 4992 1347 5046 huc
1374 4993 1583 5064 ingredi
1615 5015 1629 5050 :
1658 5007 1881 5065 pr0pter
1902 5009 2140 5053 vestram
2174 5011 2354 5054 tamen

790 5078 1115 5135 charitatem
1152 5093 1206 5136 et
1253 5101 1444 5153 preces
1474 5102 1601 5141 eum
1646 5089 1880 5158 accipio,
1912 5098 1967 5143 ct
2008 5105 2132 5143 cum
2170 5107 2349 5145 accer-

791 5171 975 5226 siisset
1005 5172 1270 5229 Marinum
1312 5194 1495 5231 coram
1526 5182 1800 5245 omnibus,
1836 5183 1970 5235 dicit
1999 5183 2050 5237 ci
2089 5201 2100 5237 :
2138 5184 2353 5247 Frater,

794 5277 902 5314 non
950 5278 1009 5315 es
1046 5265 1245 5335 dignus
1288 5277 1434 5323 stare
1478 5271 1531 5324 in
1575 5273 1751 5341 primo
1802 5283 1895 5327 tuo
1943 5276 2082 5336 loco.
2134 5285 2359 5345 propter

794 5369 1076 5421 peccatum
1110 5360 1253 5426 quod
1286 5361 1461 5416 fecisti
1492 5381 1503 5417 :
1531 5374 1754 5434 propter
1777 5365 2004 5421 fratrum
2027 5376 2207 5423 autem
2232 5371 2363 5424 cha-

796 5447 1015 5500 ritatem
1047 5462 1101 5504 et
1149 5469 1357 5520 preces,
1394 5456 1603 5522 accipio
1635 5468 1683 5511 te
1725 5463 1969 5517 omnium
2022 5471 2357 5531 postremum

798 5537 849 5587 in
904 5539 1165 5607 regulam.
1200 5542 1438 5599 Marinus
1486 5562 1614 5600 vero
1666 5551 1831 5617 coepit
1885 5549 2138 5619 prmfccto
2176 5550 2360 5606 dicere

794 5643 919 5681 eum
958 5630 1256 5702 lacrymis:
1295 5635 1406 5688 Hoc
1448 5655 1669 5707 quoque
1723 5642 1853 5694 mihi
1902 5658 2155 5713 magnum
2192 5655 2294 5707 est,
2328 5660 2361 5699 0

797 5727 1103 5779 venerande
1137 5727 1314 5789 l'ater,
1354 5731 1496 5794 quod
1532 5748 1615 5785 mc
1657 5733 1880 5803 dignum
1915 5736 2133 5801 feceris,
2158 5740 2250 5809 qui
2277 5740 2361 5793 in-

2454 4906 2541 4960 διὰ
2573 4904 2673 4976 τὴν
2700 4904 2922 4973 ἀγάπην
2970 4902 3078 4953 τῶν
3117 4898 3365 4967 ἀδελφῶν
3399 4900 3629 4969 δέχομαί
3679 4917 3761 4965 σε,
3796 4900 4028 4971 ἔσχατον

2457 5004 2639 5072 μέντοι
2674 5002 2890 5054 πάντων
2922 4997 3069 5050 ὄντα.
3115 4996 3174 5051 Ὀ
3192 4999 3247 5050 δὲ
3276 4997 3434 5049 ἔϐαλε
3494 4997 3793 5064 μετάνοιαν
3809 4998 3988 5065 λέγων
4012 5017 4024 5028 ·

2454 5094 2614 5158 Μέγα
2677 5091 2768 5160 μοί
2821 5092 2958 5153 ἐστι,
3010 5090 3204 5158 πάτερ,
3240 5091 3328 5143 ἵνα
3368 5089 3502 5151 ὅλως
3537 5087 3641 5141 ὑπό
3691 5089 3794 5157 τὴν
3825 5090 4026 5157 στέγην

2457 5183 2612 5253 ὑμῶν
2636 5182 2881 5238 εἰσέλθω.
2923 5182 3121 5234 Ἐὁαλε
3168 5181 3225 5234 δὲ
3268 5181 3434 5234 αὐτὸν
3456 5183 3483 5234 ὁ
3509 5181 3815 5251 ἡγούμενος
3855 5185 3936 5244 εἰς
3963 5183 4027 5235 τὰ

2456 5277 2754 5347 ἀτιμότερα
2802 5276 2937 5345 ἔργα
2972 5274 3062 5327 τοῦ
3088 5276 3466 5345 εμοναστηρίου
3492 5289 3505 5302 ·
3542 5275 3634 5325 καὶ
3665 5273 3849 5325 ἐποίει
3893 5276 4027 5328 αὐτά

2463 5371 2600 5440 μετὰ
2632 5370 2868 5438 σπουδῆς
2895 5370 2953 5419 ἐν
2980 5368 3160 5439 πολλῷ
3198 5368 3343 5436 πόνῳ
3379 5367 3580 5433 διάγων
3605 5382 3619 5396 ’
3659 5363 3774 5435 εἶχε
3831 5367 3890 5419 δὲ
3943 5367 4030 5419 καὶ

2457 5463 2518 5514 τὸ
2547 5462 2757 5515 παιδίον
2787 5462 3010 5514 ὄπισθεν
3036 5461 3200 5514 αὐτοῦ
3239 5460 3506 5529 κράζοντα
3539 5460 3633 5511 καί
3666 5459 3943 5528 ζητοῦντα
3967 5458 4032 5510 τὰ

2460 5556 2597 5617 πρὸς
2626 5554 2723 5622 τὴν
2754 5552 2958 5624 βρῶσιν
2998 5554 3089 5605 καὶ
3116 5553 3218 5603 ὅσα
3273 5550 3389 5601 ἐστὶ
3413 5552 3522 5610 τοῖς
3550 5549 3767 5617 νηπίοις
3805 5551 4028 5601 σιτίσια.

2458 5646 2705 5715 Δὺξηθὲν
2736 5645 2826 5697 οὖν
2855 5646 2945 5697 καὶ
2984 5642 3296 5711 ἁνατραφὲν
3330 5643 3389 5695 ἐν
3420 5641 3588 5711 πολλῇ
3620 5643 3793 5712 ἁρετῇ
3826 5639 4027 5709 ἠξιώθη

2456 5739 2551 5792 τοῦ
2587 5739 2879 5809 μοναχικοῦ
2906 5740 3203 5805 σχήματος.

795 5822 1054 5886 μεθεῖεν
1087 5826 1225 5884 intra
1273 5832 1617 5900 vestibulum,
1653 5841 1707 5887 ut
1756 5833 1833 5888 sic
1874 5849 2089 5904 quiique
2158 5835 2354 5906 dignus
2399 5836 2620 5905 habear,
2665 5839 2753 5904 qui
2793 5835 3024 5890 sentam
3069 5835 3270 5891 sanctis
3316 5834 3448 5891 meis
3491 5833 3767 5889 l'atribus.
3813 5833 3878 5886 Lt
3911 5845 4027 5886 cum
