4188 6310
769 368 880 431 355
2080 354 2364 413 MENSIS
2405 352 2701 412 IULIUS.
3918 345 4017 407 356

777 478 931 539 tellit,
967 484 1021 531 ct
1047 471 1341 545 persuasit,
1389 480 1447 524 ut
1492 468 1628 522 falso
1670 480 1983 521 accusarem
2015 464 2157 517 hanc
2203 464 2440 516 beatam.
2485 461 2689 514 Deinde
2722 474 2843 512 cum
2877 455 3374 526 apprOpinquasset
3414 455 3593 509 loculo
3637 454 3833 518 beatte,
3886 471 4024 524 prte-

775 572 918 627 [θειο
950 581 1003 625 et
1048 569 1311 623 fratribus
1346 566 1670 635 rogantibus
1702 570 1903 615 sanetae
1932 559 2268 613 venerandas
2301 558 2583 624 reliquias,
2619 555 2868 623 protinus
2905 554 3019 622 ipsa
3060 551 3194 604 hora
3239 550 3342 603 fuit
3388 562 3572 604 curata
3612 559 3665 604 et
3704 549 3965 603 mundata
3995 567 4021 604 a

774 672 1045 725 dtemone.
1081 668 1236 721 Tunc
1261 679 1383 720 eum
1410 664 1685 717 vidissent
1711 661 2060 721 miraculum,
2091 656 2237 726 quod
2276 666 2395 710 erat
2435 664 2631 723 praeter
2661 652 2997 721 opinionem,
3057 650 3352 705 laudarunt
3384 660 3575 699 omnes
3603 645 3935 699 clementem
3968 656 4026 697 et

778 762 1073 831 benignum
1107 761 1271 813 Deum
1307 766 1531 824 propter
1586 755 1801 823 signum
1835 752 1975 820 quod
2014 750 2215 802 factum
2244 748 2443 805 fuerat.
2486 754 2540 797 et
2575 754 2793 812 propter
2835 742 3146 811 patientiam
3174 751 3231 797 et
3268 737 3621 831 tolerantiam
3643 737 3838 795 beata.
3875 738 4019 808 quod

780 829 1109 925 perstitisset
1141 868 1314 920 usque
1347 853 1414 904 ad
1440 858 1694 908 mortem,
1732 862 1838 899 non
1868 844 2121 911 aperiens
2142 857 2198 895 se
2230 855 2349 893 esse
2398 839 2707 895 mulierem,
2742 844 2965 903 propter
3003 850 3228 901 regnum
3266 832 3552 885 coalorum.
3586 829 3647 882 Et
3682 844 3782 929 nos
3810 844 3958 930 ergo,
3990 844 4023 881 ο

778 920 979 1000 ίιθοῑτυε
1010 946 1214 1010 dilecti,
1246 944 1569 999 aemulemur
1598 942 1719 1008 ejus
1746 938 2150 993 fortitudinem.
2176 934 2539 987 constantiam
2575 940 2629 982 et
2650 929 3018 989 tolerantiam,
3044 937 3105 977 ut
3134 926 3481 978 inveniamus
3512 920 3949 974 misericordiam
3970 928 4027 1023 ent

781 1042 1013 1107 gratiam
1055 1040 1107 1092 in
1157 1002 1341 1091 futuro
1382 1038 1603 1098 saeculo,
1636 1050 1662 1085 a
1706 1048 1902 1100 magno
1946 1032 2056 1083 Deo
2089 1040 2141 1081 et
2173 1028 2453 1081 Salvatore
2498 1034 2684 1077 nostro
2716 1023 2837 1075 Jesu
2884 1019 3129 1081 Clu-isto,
3160 1018 3248 1071 cui
3279 1018 3451 1085 gloria
3497 1024 3554 1069 et
3595 1014 3841 1083 potentia
3867 1002 4020 1066 simui

781 1150 907 1187 cum
938 1135 1094 1187 Patre
1122 1140 1177 1185 et
1206 1129 1415 1199 Spiritu
1440 1137 1631 1181 sancto
1663 1141 1811 1179 nunc
1844 1132 1898 1177 et
1928 1136 2146 1189 semper
2178 1128 2232 1173 et
2263 1120 2317 1171 in
2352 1119 2547 1172 saecula
2587 1116 2942 1171 seculorum.
2986 1114 3182 1164 Amen.

3259 1276 3996 1311 MM

798 1286 3609 1335 Mm

1247 1482 1731 1572 ΑΘΛΗΣΙΣ
1809 1477 2035 1566 ΤΟΥ
2113 1475 2451 1560 ΑΓΙΟΥ
2528 1468 3574 1557 ΜΕΓΑΛΟΜΑΡΤΥΡΟΣ

1952 1673 2893 1812 ΜΑΥΡΙΚΙΟΥ

1640 1914 1761 1968 ΚΜ
1804 1912 1940 1966 ΤΩΝ
1985 1912 2509 1966 ΕΒΔΟΜΗΚΟΝΪΑ
2550 1911 2889 1964 ΜΔΘΗΤΩΝ
2930 1909 3183 1964 ΑΥΤΟΥ.

2366 2090 2438 2106 ἔ

1123 2240 1849 2328 MARTYBIUM
1930 2239 2345 2327 SANCTI
2431 2239 2579 2325 ET
2656 2233 3030 2323 MAGNI
3113 2228 3727 2318 MARTYRIS

1981 2452 2853 2614 MAURICII

1628 2725 1730 2783 ET
1776 2721 2331 2783 SEPTUAGINTA
2383 2720 2563 2780 EJUS
2610 2718 3224 2781 DISCIPULORCM.

804 2892 1004 2957 (Latlne
1028 2893 1153 2954 apud
1179 2888 1374 2941 Surium
1398 2889 1458 2937 ad
1494 2888 1625 2939 diem
1646 2887 1857 2947 lBJulii;
1886 2886 2050 2936 Graeca
2075 2896 2202 2933 nunc
2217 2885 2425 2945 primum
2451 2883 2698 2945 prodeunt
2722 2895 2781 2931 ex
2816 2882 2919 2930 cod.
2959 2895 3045 2934 ms,
3077 2878 3227 2928 Paris.
3260 2894 3307 2929 η.
3328 2878 3463 2934 “in,
3483 2890 3594 2927 sae.
3622 2892 3668 2925 ι.
3701 2878 3842 2931 Eon.
3862 2877 4035 2930 Pun.)

876 3206 915 3259 Ι.
972 3204 1266 3271 Martyrum
1323 3196 1588 3251 memoria
1634 3205 1718 3251 est
1765 3197 2007 3252 ostensio
2048 3196 2267 3265 pietatis
2317 3198 2371 3250 in
2402 3210 2451 3269 Α
2547 3200 2585 3250 Α

2547 3196 2623 3252 Α’,
2658 3196 2965 3266 Μαρτύρων
3022 3197 3209 3266 μνήμῃ
3248 3195 3521 3262 φιλοθιῖας
3572 3196 3917 3265 καθέστηκεν
3968 3197 4045 3248 έν-

807 3297 974 3350 Deum
1007 3306 1060 3349 et
1092 3294 1287 3347 mentis
1310 3308 1428 3360 quae
1461 3302 1677 3345 tenetur
1706 3308 1891 3345 amore
1916 3292 2216 3361 sapientiae,
2245 3307 2367 3344 cum

808 3389 915 3443 Deo
963 3387 1277 3454 conjunctio
1323 3402 1335 3435 :
1381 3384 1619 3435 materiae
1653 3385 1959 3437 commistio
2020 3400 2143 3437 cum
2207 3385 2372 3436 rebus

805 3478 1125 3548 expertibus
1181 3475 1418 3527 materia:
1446 3483 1497 3527 et
1532 3490 1631 3542 pax
1660 3474 2103 3541 impatihilitatis,
2144 3490 2263 3543 qua:
2287 3490 2374 3528 re-

804 3565 978 3618 frenat
1000 3562 1165 3615 animi
1196 3562 1648 3630 perturbationes.
1678 3562 1810 3623 Quis
1837 3564 1981 3614 enim
2004 3564 2371 3617 venerandum

803 3666 858 3712 et
881 3656 1127 3709 divinum
1154 3667 1343 3705 eorum
1374 3662 1648 3704 certamen
1679 3655 1874 3708 mentis
1908 3656 2125 3708 intuens
2180 3658 2371 3719 oculis,

804 3763 912 3800 non
940 3744 1044 3798 erit
1074 3754 1319 3797 remotus
1348 3758 1377 3796 a
1412 3760 1575 3800 carne
1600 3755 1655 3799 et
1685 3760 1712 3797 a
1746 3746 1969 3809 mundo,
1991 3750 2371 3801 conculcatam

809 3838 1119 3904 intelligens
1174 3852 1365 3888 eorum
1401 3851 1619 3887 carnem
1659 3847 1885 3903 prepter
1932 3854 2084 3889 suam
2119 3840 2171 3890 in
2206 3840 2374 3890 Deum

805 3929 1110 3999 pietatem?
1170 3928 1287 3980 Non
1324 3928 1468 3979 enim
1511 3941 1639 3980 caro
1671 3926 1753 3982 liis
1802 3931 2159 3997 Concupiscit,
2202 3946 2377 4000 neque

807 4020 988 4089 pulvis
1047 4026 1203 4070 terra:
1262 4017 1493 4071 rebellat
1542 4027 1731 4072 contra
1770 4020 1864 4074 Dei
1903 4022 2212 4093 imaginem.
2271 4024 2376 4078 Sed

810 4110 1085 4179 sapienter
1119 4108 1426 4162 ducebatur
1481 4110 1536 4165 id
1576 4113 1719 4178 quod
1756 4122 1842 4165 est
1876 4113 2138 4179 deterius,
2178 4118 2377 4187 guber-

807 4212 992 4255 natum
1022 4203 1087 4253 ab
1120 4216 1184 4253 eo
1216 4202 1359 4269 qlltld
1382 4210 1463 4253 est
1493 4204 1858 4270 przestautius,
1884 4215 1935 4257 et
1968 4205 2174 4261 habens
2222 4225 2375 4263 men-

809 4302 917 4347 tem
947 4306 1067 4360 qure
1087 4291 1354 4343 dimoveri
1383 4306 1489 4345 non
1517 4302 1725 4360 poterat
1751 4311 1779 4348 a
1811 4308 1950 4351 meta
1982 4301 2211 4353 etelesti.
2248 4302 2379 4354 Tale

810 4394 1086 4436 certamen
1128 4383 1423 4451 aliquando
1462 4385 1791 4453 pr0ponitur
1818 4389 2160 4457 septuaginta
2186 4400 2381 4459 marty-

812 4474 985 4535 ribus,
1018 4489 1251 4543 quorum
1293 4476 1591 4543 pretiosum
1624 4484 1679 4529 et
1707 4477 1912 4531 Christi
1944 4490 2219 4535 amantem
2246 4496 2374 4534 sau-

2476 3292 2639 3357 δειξις
2667 3296 2758 3341 καὶ
2791 3290 3084 3356 φιλοσόφου
3114 3289 3355 3348 διανοίας
3412 3289 3546 3355 πρὸς
3598 3289 3734 3340 Θεὸν
3790 3291 4044 3343 κοινωνία

2478 3382 2609 3448 ὕλης
2645 3380 2892 3445 ἐπιμιξία
2928 3378 3057 3443 προς
3096 3381 3194 3443 τὴν
3233 3377 3395 3428 ἅῢλον
3426 3377 3575 3445 λῆξιν
3606 3380 3878 3443 ἀπαθείας
3906 3384 4048 3452 είρὴο

2478 3493 2540 3540 νη
2580 3472 2903 3542 χαλενούσης
2950 3471 3015 3523 τὰ
3053 3470 3197 3539 πάθη
3247 3471 3518 3538 οὖρανίων
3570 3476 3903 3543 πνευμάτων
3959 3480 4047 3527 καὶ

2476 3567 2679 3632 γηΐνων
2733 3563 2997 3631 σωμάτων
3054 3562 3429 3630 σπενδομένων
3489 3564 3737 3632 ἀλλήλοις
3768 3582 3779 3596 ·
3828 3567 3907 3629 τίς
3940 3571 4047 3635 γὰρ

2476 3660 2653 3712 αὐτῶν
2678 3658 2765 3708 τὸν
2797 3655 2983 3721 ἀγῶνα
3030 3657 3141 3713 τοῖς
3170 3658 3382 3721 νοητοῖς
3445 3655 3716 3722 θεώμενος
3752 3657 4047 3726 ὀφθαλμοῖς

2478 3752 2579 3802 οὐκ
2610 3747 2714 3817 ἔξω
2748 3749 2948 3815 σαρκὸς
2995 3747 3087 3795 καὶ
3129 3746 3332 3810 κόσμου
3375 3746 3662 3812 γενήσεται
3700 3751 4050 3818 πατουμένην

2478 3838 2574 3906 τὴν
2608 3839 2780 3902 σάρκα
2829 3835 3089 3901 θεοφιλῶς
3153 3835 3476 3899 κατανοῶν;
3529 3834 3605 3889 Οὐ
3638 3837 3745 3908 γὰρ
3776 3839 3985 3901 τούτοις
4017 3846 4047 3911 ἡ

2483 3928 2617 3997 σὰρξ
2642 3927 2932 3996 ἐπεθύμει,
2968 3927 3087 3978 οὐδὲ
3119 3928 3146 3978 ὁ
3179 3926 3304 3994 χοῦς
3330 3926 3429 3995 τῆς
3462 3932 3563 3997 γῆς
3587 3933 3725 3982 κατὰ
3758 3931 3857 3999 τῆς
3903 3932 4051 3993 θείας

2479 4025 2684 4082 εἰκόνος
2720 4021 3111 4090 ἐτραχηλίαζεν
3146 4039 3156 4049 ·
3195 4021 3308 4074 ἀλλ’
3336 4022 3499 4090 ἧγετο
3548 4024 3726 4091 σοφῶς
3775 4029 3831 4075 τὸ
3875 4028 4049 4095 χεῖρον

2482 4114 2584 4165 ὑπὸ
2614 4112 2705 4164 τοῦ
2738 4116 3044 4179 κρείττονος
3078 4112 3517 4183 κυόερνώμενυν,
3552 4114 3746 4182 ἀκλινῆ
3782 4117 3873 4168 τὸν
3906 4118 4049 4183 λογι-

2480 4205 2617 4271 σμὸν
2652 4206 2742 4258 ἐπὶ
2769 4206 2863 4274 τὴν
2888 4206 3136 4272 οὐράνιον
3163 4206 3365 4257 νύσσαν
3397 4221 3565 4273 κεκτη
3578 4206 3735 4273 μένον
3762 4224 3773 4236 '
3807 4210 4049 4270 τοιοῦτος

2481 4292 2641 4357 ἆθλος
2665 4313 2792 4347 ποτε
2820 4298 3049 4357 καὶτοῖς
3074 4296 3448 4366 ἐϐδομήκοντα
3475 4297 3891 4368 προχειρίζεται
3918 4302 4052 4369 μάρ-

2482 4403 2657 4447 τυσιν,
2689 4381 2763 4440 ὧν
2792 4388 2851 4439 τὸ
2884 4388 3229 4461 φιλόχριστον
3261 4386 3401 4460 αἷμα
3433 4393 3596 4461 ἡτῶν
3637 4394 3937 4462 Ἀπαμέων
3966 4395 4051 4446 δε·

2483 4480 2692 4549 ξαμένη
2756 4482 3087 4551 μητρόπολις
3145 4483 3341 4534 θυσίαν
3394 4485 3556 4549 ἁγίαν
3614 4486 3709 4537 καί
3754 4487 4052 4556 εὐάρεστον

810 4568 1052 4635 guinem,
1080 4564 1503 4632 Apameensium
1542 4567 1821 4635 excipiens
1860 4570 2076 4634 civitas,
2128 4583 2376 4627 sanctum
2414 4577 2452 4626 ll
2480 4575 2591 4625 ἀνέ1

2480 4575 2758 4641 ἀνέπεμψε
2795 4576 2871 4640 τῷ
2902 4575 3043 4639 Θεῷ,
3084 4576 3204 4625 ἀντὶ
3266 4574 3441 4642 μύρου
3495 4574 3797 4643 πολυτίμου
3851 4580 3912 4632 τδ
3942 4581 4050 4633 πᾶν

812 4662 866 4705 et
901 4654 1009 4705 Deo
1041 4664 1256 4721 gratum
1292 4654 1476 4705 emisit
1503 4656 1853 4719 sacriﬁcium,
1893 4673 1991 4725 pro
2016 4661 2253 4726 pretioso
2279 4678 2378 4715 un-

812 4755 1015 4814 guento
1048 4754 1218 4798 totum
1280 4760 1478 4813 corpus
1507 4744 1732 4811 Christi,
1763 4764 1959 4819 nempe
1999 4760 2238 4807 sanctam
2272 4754 2375 4807 Ec-

811 4836 1052 4899 clesiam,
1097 4836 1150 4888 in
1186 4838 1377 4888 eurum
1408 4838 1672 4905 sanguine
1706 4840 1996 4908 inungens.

885 4931 952 4983 ll.
994 4931 1345 4984 Maximianus
1368 4932 1513 4983 enim
1539 4933 1593 4984 in
1626 4934 1819 5000 primis
1856 4937 2056 5005 impius
2086 4946 2140 4991 et
2166 4938 2385 5006 iniquus

815 5024 1130 5091 imperator,
1192 5025 1512 5091 quamlibet,
1563 5028 1917 5093 quantumvis
1944 5043 2216 5099 magnam,
2251 5047 2376 5083 cru-

814 5114 1093 5167 delitatem
1130 5115 1471 5169 contendens
1516 5132 1796 5185 superare,
1840 5122 2385 5177 studebatutomnes

814 5205 908 5272 qui
938 5204 1167 5274 subjecti
1196 5206 1486 5276 erantejus
1510 5206 1757 5274 imperio,
1789 5208 2054 5264 oﬂerrent
2092 5228 2382 5267 exsecran-

818 5296 903 5348 dis
941 5305 995 5350 et
1024 5297 1320 5351 immundis
1360 5299 1706 5352 simulacris:
1752 5312 1809 5355 ut
1841 5320 1937 5372 per
1967 5320 2156 5358 eorum
2189 5306 2386 5361 adora-

818 5389 1020 5441 tionem
1062 5400 1117 5442 et
1159 5390 1384 5444 deorum
1432 5393 1523 5459 qui
1585 5391 1723 5445 falso
1782 5397 2133 5451 nominantur
2190 5396 2378 5451 falsam

821 5481 1165 5551 religionem,
1208 5496 1307 5535 suo
1344 5482 1569 5551 imperio
1603 5485 1914 5553 acquireret
1975 5489 2288 5557 pmsidium
2329 5501 2385 5545 et

820 5571 1297 5639 magniﬁcentiam.
1333 5572 1469 5627 Cum
1524 5574 1624 5628 hoc
1655 5591 1786 5647 ergo
1849 5578 2028 5633 facere
2081 5582 2382 5643 statuisset,

823 5660 939 5729 ipse
995 5663 1231 5731 seipsum
1273 5664 1336 5718 ad
1375 5666 1476 5721 hoc
1506 5666 1756 5721 sedulum
1796 5677 1853 5723 et
1884 5670 2212 5727 industrium
2256 5688 2386 5727 con-

824 5752 1005 5804 stituit
1031 5754 1361 5809 ministrum.
1423 5756 1538 5810 Non
1587 5759 1731 5811 enim
1798 5761 2099 5817 sustinebat
2145 5764 2388 5835 jubendo

2484 4666 2642 4733 σῶμα
2681 4664 2776 4716 τοῦ
2834 4663 3076 4735 Χριστοῦ
3130 4664 3229 4734 τὴν
3282 4665 3445 4735 ἁγίαν
3493 4666 3828 4736 Ἐκκλησίαν
3883 4672 3939 4722 ὲν
3978 4672 4051 4737 τῷ

2480 4755 2672 4824 αἵματι
2699 4754 2904 4807 τούτων
2943 4774 3015 4827 μυ
3026 4756 3244 4825 ρίσασα.

2551 4939 2624 4989 B'.
2670 4936 3013 5005 Μαξιμιανὸς
3068 4936 3197 5005 γὰρ,
3253 4936 3279 4986 ὁ
3309 4935 3737 4998 δυσσεὸἐστατος
3774 4938 4053 5006 βασιλεὺς,

2484 5031 2661 5080 πᾶσαν
2703 5027 2987 5095 ὠμότητος
3025 5026 3331 5098 ὑπερϐολὴν
3377 5030 3534 5097 νικᾷν
3578 5028 4054 5099 φιλοτιμούμενος,

2478 5120 2605 5187 ὃλην
2635 5120 2732 5187 τὴν
2763 5120 2852 5169 ὑπ’
2881 5121 3043 5172 αὑτὸν
3094 5119 3370 5172 πολιτείαν
3397 5124 3507 5181 τοῖς
3531 5122 3870 5193 ἀκαθάρτοις
3900 5145 4055 5197 πρω-

2479 5216 2666 5283 φέρειν
2713 5213 3009 5277 ἐσπούδαζε
3064 5213 3338 5280 δαίμοσιν,
3397 5214 3473 5274 ὡς
3531 5214 3597 5264 ἂν
3630 5214 3794 5283 δῆθεν
3839 5218 3932 5270 διὰ
3961 5221 4052 5285 τῆς

2479 5306 2907 5373 προσκυνήσεως
2935 5306 3030 5372 τῆς
3056 5306 3163 5354 τῶν
3193 5304 3561 5372 ψευδωνύμων
3586 5305 3725 5358 θεῶν
3754 5306 4052 5377 θρησκείας

2487 5398 2736 5465 φυλακὴν
2768 5414 2826 5448 τε
2854 5398 2946 5449 καὶ
2981 5397 3454 5467 μεγαλοπρέπειαν
3476 5400 3540 5467 τῇ
3586 5400 3766 5468 οἰκείᾳ
3811 5402 4054 5472 βασιλεὲᾳ

2489 5490 2922 5558 περιποιήσοιτο.
2978 5488 3170 5541 Τοίνυν
3200 5490 3372 5540 ποιεῖν
3404 5488 3705 5557 δοκιμάσας
3739 5494 3909 5556 αὐτὸς
3936 5498 4056 5548 ἑαν-

2490 5580 2578 5630 τὸν
2610 5581 2684 5641 εἰς
2731 5579 2886 5631 τοῦτο
2918 5580 3201 5631 σπουδαῖον
3253 5578 3565 5648 λειτουργὸν
3602 5585 4012 5651 προχειρίζεται
4038 5599 4051 5611 ·

2491 5671 2552 5723 οὐ
2589 5673 2691 5741 γὰρ
2720 5673 2961 5741 ἠνείχετο
3006 5671 3091 5723 διὰ
3132 5670 3429 5732 κελεύσεως
3461 5671 3717 5741 γράφειν,
3759 5674 3837 5736 ὠς
3875 5678 3925 5727 οἱ
3957 5678 4053 5744 πρὸ

2497 5762 2661 5814 αὑτοῦ
2697 5762 2953 5830 βασιλεῖς,
2994 5766 3100 5825 τοῖς
3132 5763 3269 5814 κατὰ
3300 5762 3481 5832 χώραν
3513 5764 3739 5835 ἄρχουσι
3778 5767 3877 5837 τῆς
3923 5771 4056 5822 εἰδω-
