4188 6310
228 355 324 417 357

1200 347 1369 406 γιτΑ
1416 346 1518 406 SS.
1565 346 1933 407 MAURICII
1967 347 2060 405 ET
2101 342 2514 405 SOCIORI’M.

3351 352 3455 414 358

225 467 533 537 λολατρείας
564 461 872 534 φροντίζειν
909 478 918 490 ·
948 463 1081 518 ἀλλὰ
1111 463 1318 525 ἀόκνως
1378 463 1540 524 αὐτὸς
1576 461 1673 532 τὴν
1705 463 1776 515 oi-

1892 461 2131 516 scribere
2155 462 2220 514 ad
2248 462 2495 515 locorum
2534 460 2816 529 prasides,
2860 470 2918 515 ut
2957 462 3319 531 imperatores
3359 468 3452 533 qui

224 564 490 631 κουμένην
525 560 862 628 περιήρχετο
898 555 1176 626 ὑπηρέτης
1235 554 1361 619 ὀξὺς
1406 554 1516 607 τῶν
1583 554 1781 624 βωμῶν

223 656 329 707 τῶν
353 653 621 721 δαιμόνων
653 652 953 720 γινόμενος,
975 648 1208 711 ἐλπίζων
1230 648 1315 700 διὰ
1346 647 1441 715 τῆς
1482 648 1783 717 παρουσίας

222 747 381 799 αὑτοῦ
403 749 496 798 καὶ
519 746 642 806 τοὺς
669 744 1008 803 ἀποστάντας
1034 741 1130 809 τῆς
1155 739 1584 807 δεισιδαιμονίας
1616 738 1780 791 αὑτοῦ

220 842 312 891 καὶ
369 840 503 909 πρὸς
554 837 652 907 τὴν
710 837 909 903 γνῶσιν
968 834 1069 901 τῆς
1121 834 1381 902 ἀληθείας
1412 832 1506 883 τοῦ
1539 832 1779 900 Χριστοῦ

222 934 724 1000 προσφοιτὴσαντας
754 927 1131 995 αὐτομολῆσαι
1164 926 1610 994 παρασκευάζειν
1646 925 1781 993 πρὸς

219 1025 314 1090 τὴν
358 1022 566 1090 πλάνην
623 1021 730 1073 τῶν
760 1021 1087 1090 ἀκαθάρτων
1135 1018 1298 1072 αὑτοῦ
1336 1019 1427 1069 καὶ
1472 1016 1778 1083 βδελυκτῶν

219 1111 370 1166 θεῶν.
399 1114 550 1166 Μετὰ
580 1115 835 1180 τοιαύτης
857 1108 948 1164 οὖν
972 1111 1195 1181 γνώμης
1226 1111 1320 1180 τὴν
1360 1110 1578 1180 Ῥώμην
1610 1126 1780 1162 καταο

217 1204 383 1258 λιπὼν
416 1207 755 1276 Μαξιμιανὸς
778 1208 805 1258 ὁ
834 1207 1259 1265 ὃυσσεὸέστατος
1285 1202 1547 1273 τύραννος
1572 1204 1665 1254 καὶ
1692 1201 1779 1254 διὰ

218 1298 322 1350 τῶν
357 1300 686 1351 ἀνατολικῶν
724 1300 910 1368 μερῶν
959 1300 1055 1366 τὴν
1086 1296 1375 1367 όδοπορίαν
1431 1298 1775 1362 ποιούμενος,

219 1393 553 1462 κατήντησεν
580 1394 657 1452 εἰς
696 1392 1003 1457 Ἀπάμειαν
1035 1388 1131 1460 τὴν
1173 1390 1508 1458 μητρόπολιν
1532 1388 1630 1456 τῆς
1658 1389 1778 1440 δευ-

217 1486 373 1550 τέρας
423 1484 528 1535 τῶν
570 1482 758 1551 Σύρων
808 1482 1094 1550 ἐπαρχίας,
1156 1480 1284 1533 ἔνθα
1327 1481 1437 1533 τῶν
1468 1482 1699 1533 εἰδώλων
1732 1486 1779 1534 oi

218 1579 377 1645 ἱερεῖς
408 1576 798 1639 προσελθόντες
830 1575 977 1644 αὑτῴ
1008 1577 1352 1645 κατηγόρουν
1380 1576 1489 1625 τῶν
1520 1575 1779 1643 Χριστια-

216 1672 321 1721 νῶν
344 1670 587 1736 λέγοντες
614 1686 626 1699 ⁸
666 1667 735 1721 Ὦ
761 1671 1002 1721 θειότατε
1029 1667 1271 1737 βασιλεῦ,
1304 1668 1619 1736 παρρησίαν
1648 1667 1778 1733 ημῖν

219 1764 352 1831 πρὸς
380 1764 478 1831 την
504 1764 789 1814 εὐσέϐειαν
823 1761 930 1812 τῶν
965 1762 1103 1813 θεῶν
1135 1762 1539 1831 δωρησαμένων
1579 1759 1778 1826 ἀναφέ-

1891 570 2012 607 eum
2042 562 2454 622 praecesserant,
2519 566 2579 607 ut
2611 555 2878 607 idolorum
2930 556 3111 609 cultus
3145 572 3332 610 curam
3361 573 3470 627 εει-ι

1892 657 2113 711 rcrcnt;
2146 650 2239 699 sed
2268 651 2379 715 ipse
2411 647 2635 716 impigre
2660 658 2714 701 et
2738 648 3027 716 diligenter
3048 649 3236 703 obibat
3260 652 3451 706 urbem

1892 749 2069 801 terrae,
2097 739 2325 792 cﬂectus
2360 738 2514 790 velox
2546 740 2796 791 minister
2834 740 3085 792 altarium
3119 741 3451 805 daemonum,

1889 847 2113 900 sperans
2148 832 2331 884 infelix
2373 848 2467 899 per
2499 849 2655 885 suum
2691 835 2982 886 adventum
3020 850 3075 888 se
3107 836 3452 901 eliecturum,

1890 932 1946 975 ut
1980 926 2071 990 qui
2108 924 2420 977 deiecerant
2455 924 2521 975 ah
2585 926 2702 993 ejus
2743 927 3154 993 superstitione,
3184 938 3239 980 et
3270 944 3456 981 ncces-

1886 1025 2073 1068 serant
2106 1014 2171 1066 ad
2212 1015 2682 1080 veritatisﬁhristi
2719 1018 3107 1083 cngnitiuuem,
3148 1022 3456 1089 transfuge-

1888 1116 2010 1159 rent
2033 1108 2097 1160 ad
2129 1122 2371 1159 errorem
2400 1122 2620 1160 suorum
2648 1110 3051 1161 itmnuudorum
3080 1120 3133 1163 et
3164 1115 3461 1165 exsecran-

1886 1192 2078 1245 dorum
2104 1195 2351 1247 deorum.
2378 1194 2492 1248 Tali
2522 1213 2651 1265 ergo
2674 1198 2855 1249 animo
2889 1198 3114 1252 Romam
3143 1202 3457 1270 relinquens

1886 1283 2245 1339 Maximianus
2282 1286 2484 1354 impius
2515 1297 2796 1357 tyrannus,
2835 1301 2889 1343 et
2922 1307 3017 1360 per
3049 1292 3295 1345 Orientis
3326 1309 3452 1361 par-

1889 1387 1966 1431 tes
1998 1380 2099 1430 iter
2133 1378 2355 1442 faciens,
2388 1384 2638 1447 pervenit
2660 1383 2974 1449 Apameam,
3000 1401 3120 1453 quae
3142 1398 3225 1439 est
3251 1396 3457 1442 metro-

1886 1470 2026 1539 polis
2064 1472 2317 1525 secunda:
2380 1473 2673 1539 provincia:
2730 1476 3013 1545 Syrorum.
3074 1478 3193 1541 Quo
3249 1479 3301 1531 in
3340 1480 3459 1534 loco

1886 1562 2157 1616 idolorum
2221 1566 2536 1618 sacerdotes
2567 1566 2631 1619 ad
2663 1583 2787 1620 eum
2820 1568 3165 1631 accedentes,
3230 1585 3456 1623 accusa-

1890 1651 2025 1705 bant
2080 1654 2444 1719 Christianos,
2486 1656 2733 1711 dicentes
2766 1664 2816 1712 ei
2860 1678 2871 1713 :
2908 1659 2951 1715 Ο
2979 1660 3320 1716 divinissime
3352 1662 3458 1715 im-

1887 1754 2126 1812 perator,
2148 1760 2272 1798 cum
2290 1747 2364 1799 dii
2399 1748 2560 1801 nobis
2582 1750 2834 1805 dederint
2858 1752 3115 1821 loquendi
3144 1754 3455 1807 libertatem

219 1868 380 1921 ρομεν
419 1854 511 1903 ἐττί
563 1853 622 1903 τὸ
667 1853 937 1921 ἀήττητόν
1000 1868 1094 1904 σου
1131 1856 1357 1923 κράτος,
1395 1854 1478 1910 ὅτι
1510 1853 1619 1903 τῶν
1652 1853 1776 1921 παρ¹

1887 1835 2028 1901 apud
2060 1844 2205 1889 tuam
2260 1837 2539 1905 pietatem,
2579 1840 2880 1895 deferimus
2914 1843 2981 1896 ad
3015 1852 3159 1895 tuam
3195 1844 3453 1898 invictam

215 1946 343 2014 ἡμῖν
368 1945 595 2004 ἕκαστος
630 1944 766 2014 μετά
796 1943 961 2012 φόϐου
995 1946 1088 1996 καὶ
1119 1942 1282 1996 πόθου
1319 1944 1444 2004 τοὺς
1490 1944 1779 2012 πατρῴους

216 2053 310 2089 σου
342 2039 476 2106 τιμᾴ
498 2035 675 2099 θεοὺς,
707 2036 944 2105 μάλιστα
978 2036 1031 2087 δὲ
1058 2036 1149 2087 τὸν
1178 2037 1275 2088 Δία
1302 2037 1392 2087 τὸν
1420 2036 1630 2104 πατέρα
1671 2033 1778 2085 τῶν

216 2127 353 2180 θεῶν
384 2132 479 2181 καὶ
522 2132 614 2180 τὸν
657 2128 971 2180 Ἀπόλλωνα
1003 2128 1091 2179 τὸν
1131 2126 1435 2195 θαυμάσιον
1481 2129 1604 2187 τους
1639 2126 1778 2195 ὑπὲρ

212 2221 339 2282 τους
378 2219 568 2281 ἄλλους
595 2218 751 2279 θεοὺς
782 2219 1019 2279 συνετῶς
1057 2219 1427 2287 φυλάττοντας
1474 2234 1532 2270 τε
1564 2216 1657 2270 καὶ
1686 2234 1781 2268 πε-

217 2312 633 2379 ριποιουμένους
692 2311 790 2380 τὴν
854 2310 1131 2380 βασιλείαν
1196 2310 1295 2378 τῆς
1361 2310 1609 2373 ἐξουσίας
1661 2326 1776 2363 σου.

215 2403 523 2472 Μαυρίκιος
556 2402 612 2454 δὲ
650 2405 744 2456 καὶ
783 2403 833 2454 oi
893 2403 990 2455 σὺν
1020 2401 1170 2470 αὑτῴ
1202 2404 1574 2470 ἑϐδομήκοντα
1610 2418 1771 2469 στρα-

210 2493 403 2545 τιῶται
436 2492 527 2545 τοῦ
590 2495 824 2562 κράτους
877 2508 991 2557 σου,
1042 2494 1105 2542 ἐκ
1168 2492 1273 2542 τῶν
1337 2491 1442 2543 σῶν
1472 2490 1777 2552 ὑνῷωθέντες

211 2583 427 2652 δωρεῶν
463 2585 554 2635 καὶ
580 2590 677 2644 τὰς
720 2584 1039 2651 φιλοτίμους
1069 2599 1183 2645 σου,
1219 2584 1646 2652 καρπωσάμενοι
1676 2581 1777 2651 χά-

217 2691 394 2745 ριτας,
420 2672 751 2742 ἀτιμάζουσι
789 2692 913 2736 τους
947 2675 1101 2737 θεοὺς
1132 2675 1227 2728 καὶ
1265 2678 1407 2728 κατά
1452 2676 1548 2743 τῆς
1573 2677 1776 2747 ἀηττή-

211 2782 306 2818 του
358 2782 451 2817 σου
511 2768 944 2834 τετυραννήκασι
1000 2768 1299 2834 βασιλείας,
1348 2772 1411 2837 τῇ
1451 2768 1626 2841 πλάνῃ
1655 2786 1777 2821 συν-

212 2860 551 2928 απαγόμενοι
576 2859 683 2911 τῶν
713 2859 1021 2927 λεγομένων
1058 2861 1424 2927 Χριστιανῶν.

284 3036 357 3090 Ι”.
396 3036 581 3088 Ταῦτα
619 3035 857 3098 ἀκούσας
904 3036 932 3086 ὁ
961 3034 1222 3104 τύραννος
1274 3034 1618 3104 Μαξιμιανδς
1659 3035 1779 3087 ἐθυ-

213 3131 370 3199 μώθη
401 3132 467 3198 τῇ
490 3128 655 3195 ψυχῇ,
674 3130 765 3179 καὶ
788 3131 879 3189 τὰς
910 3132 1108 3195 φρένας
1134 3127 1423 3195 ἠλλοιώθη,
1448 3129 1535 3176 καὶ
1556 3128 1781 3193 τὴνδίά-

210 3239 361 3274 νοιαν
397 3222 537 3288 ὑπὲρ
586 3223 814 3289 κάμινον
849 3218 1142 3288 ἐξεκαυθη,
1182 3217 1471 3286 ἐξαιρέτως
1505 3216 1777 3284 διδαχθείς

208 3315 293 3367 ὅτι
328 3317 383 3365 ἐν
423 3315 544 3378 ταῖς
570 3313 731 3365 αὐτοῦ
779 3316 1093 3381 στρατείαις
1132 3310 1406 3372 τοιούτους
1442 3309 1779 3380 στρατιώτας

209 3410 504 3475 ὑπάρχειν.
544 3409 654 3458 Καὶ
676 3406 739 3473 δη
779 3407 993 3473 ἡμέραν
1018 3406 1357 3471 ἐπιτηρησας
1385 3405 1657 3469 ἐπίσημον
1688 3402 1781 3453 καὶ

204 3502 373 3553 τόπον
416 3500 723 3566 ἐπιτήδειον
753 3497 1003 3565 εὑρηκὼς
1036 3495 1168 3565 πρὸς
1200 3496 1431 3563 θεωρίαν
1456 3495 1549 3545 τοῦ
1580 3496 1779 3562 δήμου,

212 3592 383 3663 μέσον
435 3589 543 3639 τῶν
590 3586 856 3656 ἀρκτῴων
898 3585 1083 3638 πυλῶν
1120 3585 1217 3656 τῆς
1255 3584 1542 3653 Ἀπαμέων
1581 3600 1784 3651 μητρο-

206 3684 418 3745 πόλεως
446 3682 691 3743 Γιτνείας
751 3679 1053 3749 Ἀμαξικῆς
1098 3679 1418 3749 λεγομένης,
1463 3680 1683 3729 κάκεῖσε
1725 3675 1783 3728 τὸ

203 3778 563 3845 δικαστήριον
607 3773 1034 3844 εὐτρεπισθῆναι
1076 3772 1360 3834 κελεύσας,
1393 3770 1621 3838 ἀχθῆναι
1656 3771 1782 3831 τοὺς

204 3872 490 3938 ἀοιδίμους
527 3865 825 3937 προσέταξε
863 3871 1173 3935 μάρτυρας.
1214 3861 1333 3932 Ἐφ’
1369 3862 1574 3944 ὑψηλοῦ
1606 3879 1782 3915 τοινυν

206 3963 458 4033 βήματος
490 3961 584 4015 τοῦ
612 3962 1049 4014 δυσσεϐεστάτου
1084 3962 1352 4030 τυράννου
1400 3959 1781 4023 καθεσθέντος,

205 4058 393 4128 πάσης
422 4057 521 4125 τῆς
554 4056 761 4118 πόλεως
797 4064 893 4108 καὶ
933 4055 1109 4123 πάσης
1154 4054 1370 4123 ἡλικίας
1411 4053 1489 4115 εἰς
1525 4054 1623 4119 τὴν
1661 4053 1785 4102 τού-

208 4169 324 4203 των
354 4152 591 4220 θεωρίαν
627 4148 1062 4221 συνδραμούσης,
1092 4147 1163 4206 ὡς
1194 4146 1327 4212 μηδέ
1353 4145 1457 4195 τῶν
1484 4144 1788 4210 θαλαμευο-

206 4244 393 4314 μένων
446 4242 732 4312 παρθένων
781 4236 1252 4304 καταλειφθεισῶν
1299 4237 1356 4288 ἐν
1403 4239 1514 4296 τοῖς
1557 4235 1782 4294 οἰκείοις

201 4336 602 4404 καταγωγίοις,
639 4329 772 4402 ἦγον
811 4334 861 4384 oi
908 4329 1199 4401 δορυφόροι
1242 4331 1367 4390 τοὺς
1407 4328 1782 4396 ἐϐδομήκοντα

200 4429 551 4501 στρατιώτας
582 4426 674 4477 τοῦ
701 4423 962 4493 Χριστοῦ,
993 4421 1081 4483 οὒς
1110 4422 1445 4489 θεασάμενος
1469 4421 1495 4471 ὁ
1526 4419 1782 4488 βασιλεὺς

1882 1926 2205 1992 potentiam,
2231 1929 2376 1995 quod
2418 1933 2793 1999 unusquisque
2818 1948 3007 1986 eorum
3031 1934 3123 2002 qui
3156 1943 3283 1987 sunt
3311 1936 3453 2003 apud

1881 2030 2006 2079 nos,
2040 2033 2163 2071 cum
2200 2020 2397 2075 timore
2431 2036 2486 2076 et
2519 2024 2795 2079 desiderio
2826 2027 3055 2080 honorat
3088 2030 3355 2082 maximos
3404 2040 3458 2082 et

1880 2109 2085 2175 patrios
2115 2110 2284 2165 deos;
2321 2116 2554 2167 maxime
2588 2126 2768 2169 autem
2802 2118 2990 2171 Jovem
3058 2128 3269 2186 patrem
3317 2122 3451 2173 deo-

1883 2214 2025 2260 rum,
2059 2211 2114 2254 et
2139 2201 2448 2271 Apollinem
2486 2206 2889 2272 admirabilem,
2916 2209 3008 2277 qui
3034 2220 3164 2262 sunt
3196 2212 3318 2265 aliis
3346 2212 3452 2267 diis

1880 2296 2220 2362 superiores,
2258 2308 2313 2349 et
2346 2297 2634 2368 imperium
2673 2310 2776 2354 tuze
2812 2308 3091 2367 potestatis
3133 2304 3289 2356 valde
3315 2320 3453 2358 con-

1883 2398 2105 2442 servant
2139 2400 2193 2443 et
2238 2399 2481 2444 tuentur.
2522 2392 2817 2447 Mauricius
2871 2404 3054 2447 autem
3090 2404 3144 2449 et
3198 2397 3290 2465 qui
3326 2407 3456 2453 sunt

1881 2494 2004 2532 cum
2043 2496 2109 2533 eo
2140 2483 2485 2551 septuaginta
2528 2478 2729 2538 milites
2766 2496 2872 2540 tua:
2896 2492 3181 2555 potentiae,
3210 2491 3453 2544 iualtum

1879 2572 2007 2625 elati
2046 2573 2348 2627 honoribus
2382 2576 2489 2627 tuis
2520 2586 2575 2629 et
2617 2579 2960 2643 muneribus,
2996 2590 3051 2632 et
3079 2582 3172 2648 qui
3227 2582 3361 2633 ditia
3402 2590 3457 2636 et

1880 2664 2168 2734 magniﬁca
2210 2665 2351 2720 dona
2401 2682 2468 2720 ex
2503 2677 2552 2724 te
2620 2683 3001 2739 perceperunt,
3040 2672 3174 2725 deos
3246 2674 3458 2727 habent

1880 2761 2246 2829 contemptui,
2302 2772 2359 2815 et
2419 2762 2682 2815 adversus
2724 2779 2978 2833 magnum
3042 2773 3193 2818 tuum
3238 2774 3294 2818 et
3324 2766 3465 2819 invi-

1881 2861 2027 2903 ctum
2082 2854 2370 2921 imperium
2418 2865 2677 2908 exercent
2706 2857 3074 2924 tyrannidem,
3110 2858 3333 2913 abducti
3389 2858 3459 2910 ab

1880 2956 2067 2994 errore
2094 2944 2556 2998 Christianorum.

1952 3036 2039 3091 Ill.
2066 3037 2189 3091 Haec
2219 3053 2351 3109 ergo
2379 3054 2502 3092 cum
2538 3039 2775 3094 audisset
2805 3040 3125 3111 tyrannicus
3152 3040 3456 3110 imperator

1888 3131 2263 3196 Maximianus,
2293 3133 2477 3186 animo
2505 3135 2658 3186 valde
2684 3135 2790 3186 l'uit
2828 3136 3024 3198 iratus,
3051 3144 3103 3187 et
3138 3138 3461 3203 praecordiis

1885 3224 2165 3286 incensus,
2198 3235 2253 3276 et
2285 3228 2464 3277 mente
2503 3229 2673 3294 magis
2696 3227 2830 3278 arsit
2876 3244 3036 3294 quam
3066 3228 3256 3281 fornax
3284 3250 3293 3279 ;
3326 3246 3462 3298 pra:-

1881 3312 2039 3383 cipuc
2070 3330 2194 3368 cum
2251 3318 2573 3385 accepisset,
2606 3317 2748 3386 quod
2809 3319 2860 3371 in
2893 3333 2993 3371 suo
3024 3321 3265 3372 exercitu
3318 3322 3455 3376 tales

1882 3416 2066 3461 essent
2090 3408 2313 3464 milites.
2348 3409 2409 3463 Et
2437 3426 2559 3465 cum
2592 3411 2735 3465 diem
2784 3412 3132 3466 observasset
3158 3413 3452 3482 insignem,

1882 3510 1940 3553 ct:
1964 3501 2141 3556 locum
2177 3502 2687 3571 invenissetaptum
2726 3505 2791 3557 ad
2836 3507 3019 3573 populi
3058 3509 3457 3575 spectaculum,

1885 3590 1938 3643 in
1997 3592 2175 3644 medio
2211 3605 2489 3660 portarum
2557 3598 3070 3664 septentrionalium
3139 3600 3461 3670 metropolis

1885 3687 2332 3757 Apemcensium,
2367 3705 2487 3759 quae
2537 3691 2739 3743 dicitur
2790 3693 3000 3746 Vicinia
3059 3695 3338 3757 Amaxica,
3404 3706 3461 3748 et

1881 3784 2135 3853 jussissct
2172 3784 2283 3837 illic
2310 3784 2487 3852 parari
2546 3784 3020 3854 judicium,jussit
3048 3786 3171 3838 duci
3226 3785 3459 3856 inclytos

1886 3886 2176 3943 martyres.
2217 3874 2351 3929 Cum
2378 3877 2429 3927 in
2465 3875 2573 3929 alto
2621 3884 2805 3928 autem
2847 3876 3106 3929 tribunali
3141 3876 3340 3944 impius
3372 3888 3455 3933 se-

1885 3967 2055 4020 disset
2118 3976 2379 4034 tyrannus
2460 3966 2839 4028 Maximianus,
2900 3972 3269 4021 concurrisset
3327 3986 3460 4023 vero

1886 4058 2143 4112 universa
2180 4056 2375 4110 civitas
2405 4066 2460 4110 ct
2490 4057 2669 4111 omnis
2706 4069 2837 4112 mlas
2867 4058 2934 4111 ad
2980 4074 3075 4113 eos
3108 4064 3457 4128 spectandos,

1885 4153 2021 4203 adeo
2060 4159 2119 4202 ut
2154 4164 2257 4202 nec
2283 4151 2529 4218 virgines
2555 4151 2798 4218 quidem,
2832 4167 2954 4219 qua:
2995 4152 3201 4221 degunt
3243 4155 3297 4206 in
3332 4155 3453 4207 tha-

1884 4243 2064 4302 lamis,
2120 4243 2487 4295 remauseriut
2524 4245 2576 4295 in
2619 4245 2735 4295 suis
2772 4244 3121 4305 habitaculis,
3174 4246 3457 4301 duxerunt

1884 4335 2151 4389 satellites
2200 4334 2544 4403 septuaginta
2603 4332 2809 4389 Christi
2870 4335 3099 4389 milites.
3154 4336 3304 4402 Quos
3334 4354 3459 4393 cum

1887 4427 2187 4493 aspexisset
2238 4427 2556 4493 imperator,
2598 4426 2737 4478 dixit
2769 4440 2960 4479 eorum
3003 4425 3130 4480 duci
3161 4446 3172 4478 :
3207 4428 3316 4482 Nos
3338 4445 3460 4498 spe-

199 4522 347 4592 πρὸς
378 4520 470 4573 τὸν
496 4518 704 4572 τούτων
734 4515 960 4586 ἔξαρχον
990 4511 1142 4567 εἶπεν
1163 4529 1177 4544 ο
1226 4510 1415 4581 Ἡμεῖς
1460 4511 1776 4580 ἐλπίζομεν,

1883 4518 2159 4579 rabamus,
2190 4530 2221 4569 0
2249 4515 2497 4579 Maurici,
2552 4517 2698 4584 quod
2735 4516 2935 4569 nostris
2990 4516 3236 4571 fruentes
3270 4520 3454 4583 donis,

196 4610 245 4668 ὢ
278 4611 581 4682 Μαυρίκιε,
608 4609 683 4671 ὡς
706 4610 813 4661 τῶν
845 4608 1127 4677 ἡμετέρων
1153 4604 1516 4664 ἀπολαύοντες
1534 4603 1775 4672 δωρεῶν,

196 4708 301 4759 καὶ
337 4706 593 4774 βασιλικῇ
616 4704 789 4771 τροφῇ
818 4699 1255 4769 ἐναϐρυνόμενοι,
1279 4699 1373 4748 καὶ
1403 4695 1511 4746 τῶν
1539 4711 1778 4765 κοσμου-

199 4794 391 4865 μένων
425 4794 483 4842 ἐν
505 4790 775 4856 ἀξιώμασι
804 4788 874 4838 τὰ
909 4791 1152 4855 πρωτεῖα
1185 4785 1315 4854 παρ’
1344 4784 1500 4854 ἡμῶν
1541 4786 1775 4853 εὐτυχή-

196 4901 401 4944 σαντες
426 4885 696 4952 κατίχνως
730 4882 823 4950 τῆς
849 4881 1121 4949 ἡμετέρας
1157 4877 1435 4930 ἰθύνεσθαι
1467 4878 1774 4947 γαληνότη-

189 4996 312 5043 τος,
339 4980 437 5031 καὶ
461 4978 582 5038 τοὺς
614 4975 1021 5043 ἐπιχειροῦντας
1040 4975 1135 5041 τῆς
1157 4974 1427 5043 ἡμετέρας
1453 4971 1775 5040 θεοφευλοῦς

190 5070 509 5142 θρησκείας
550 5065 861 5135 ἀ....πηδᾷν
896 5064 1157 5134 πράξεσιν
1189 5064 1462 5131 ἀνδρείαις
1502 5068 1595 5116 καὶ
1625 5064 1767 5117 διδα-

189 5146 861 5223 σκαλίαις’παντοδαπαῖς
898 5158 975 5218 είς
1024 5157 1083 5207 τὸ
1110 5156 1259 5222 ὑγιὲς
1290 5156 1674 5224 ἐπιστρέφεται
1714 5155 1774 5206 τὸ

184 5273 298 5327 οσρ
336 5254 757 5326 θεραπεύοντες,
793 5252 885 5301 καὶ
915 5250 975 5300 τὸ
1005 5247 1211 5318 χωλοῦν
1248 5247 1645 5318 διορθούμενοι,
1679 5247 1773 5298 καὶ

182 5352 251 5403 τὸ
312 5344 590 5414 πολεμοῦν
636 5340 1033 5412 εἰρηνεύοντες,
1100 5341 1191 5392 καὶ
1237 5343 1517 5409 συντόμως
1571 5340 1768 5405 εἰπεῖν,

184 5444 351 5497 ἅπαν
385 5440 445 5493 τὸ
486 5438 561 5507 μὴ
604 5441 745 5488 κατά
776 5435 865 5487 τὸν
897 5435 1166 5502 ἡμέτερον
1192 5435 1390 5484 σκοπὸν
1417 5433 1771 5500 πολιτευόμε-

183 5554 283 5591 νον
310 5535 388 5598 ὡς
413 5532 675 5600 πολέμιον
711 5529 1124 5587 ὑποτάττοντες.
1153 5524 1537 5593 Ἐδιδάχθημεν
1576 5524 1629 5578 δὲ
1663 5525 1770 5575 πᾶν

178 5633 249 5684 τὸ
306 5628 584 5691 ἐναντίον,
628 5624 702 5685 ὼς
757 5621 926 5683 ἔοικε,
976 5622 1104 5689 περὶ
1136 5619 1327 5689 ὑμῶν·
1372 5618 1507 5687 πρὸς
1541 5612 1620 5679 οἷς
1661 5618 1770 5684 γὰρ

179 5726 420 5790 ἐτέρους
449 5721 512 5772 ὲκ
539 5720 640 5788 τῆς
671 5714 943 5786 ἡμετέρας
972 5712 1398 5780 δεισιδαιμονίας
1430 5711 1768 5779 ἀφηνιάσαν-

176 5834 287 5878 τας
326 5817 431 5868 οὐκ
476 5810 836 5883 ἐπετρέψατε,
878 5808 1011 5861 ἀλλὰ
1064 5808 1156 5858 καὶ
1189 5806 1338 5859 αὐτοὶ
1394 5807 1439 5855 οἱ
1484 5805 1623 5857 κατὰ
1655 5801 1761 5854 τῶν

1885 4618 1941 4662 et
1969 4609 2230 4662 alimento
2257 4607 2440 4660 educti
2470 4608 2846 4677 imperatorio,
2877 4608 3193 4677 primosque
3216 4610 3459 4668 honores

1884 4709 1941 4753 et
1980 4699 2283 4769 dignitates
2311 4715 2340 4751 a
2376 4700 2538 4751 nobis
2569 4702 2873 4765 consecuti,
2909 4702 3235 4755 insisteretis
3286 4707 3456 4758 vesti-

1885 4792 1987 4859 giis
2026 4799 2222 4843 nostra:
2277 4789 2711 4857 tranquillitatis,
2752 4799 2807 4843 et
2838 4804 2935 4843 eos
2966 4790 3056 4858 qui
3113 4803 3458 4845 conarentur

1883 4885 2095 4937 resilire
2144 4899 2173 4936 a
2212 4893 2395 4937 nostra
2432 4887 2531 4937 deo
2561 4892 2710 4952 grata
2744 4884 2975 4953 legione,
3013 4883 3252 4939 fortibus
3295 4886 3457 4941 factis

1883 4989 1937 5031 ct
1959 4993 2118 5030 omne
2139 4992 2308 5045 genus
2330 4977 2598 5031 doctrinis
2621 4978 3012 5031 converteretis
3038 4979 3102 5029 ad
3133 4978 3454 5041 sanitatem,

1883 5070 2028 5139 quod
2056 5081 2345 5141 :egromret
2372 5081 2647 5134 curanres,
2676 5080 2731 5123 et
2753 5069 2897 5138 quod
2928 5070 3263 5123 claudicaret
3282 5071 3456 5122 corri-

1882 5175 2090 5234 gentes,
2152 5173 2205 5217 et
2238 5162 2381 5233 quod
2414 5163 2612 5218 bellum
2639 5171 2854 5232 gereret
2900 5161 3248 5230 pacificantcs
3273 5178 3286 5213 ;
3312 5172 3367 5213 et
3397 5171 3451 5213 ut

1883 5254 2051 5310 semel
2107 5256 2305 5319 dicam,
2356 5254 2581 5323 quiquid
2634 5272 2689 5308 se
2723 5270 2831 5307 non
2886 5268 2951 5306 ex
2995 5263 3181 5306 nostro
3229 5252 3450 5307 haberet

1884 5350 2157 5409 instituto,
2201 5351 2459 5415 tanquam
2494 5348 2776 5400 inimicum
2829 5356 2883 5400 et
2912 5346 3112 5399 hostile
3149 5345 3452 5413 subjicien-

1884 5450 1981 5494 tcs.
2020 5440 2124 5492 Sed
2182 5440 2247 5491 de
2277 5438 2450 5502 vobis,
2487 5449 2543 5491 ut
2590 5438 2829 5499 videtur,
2862 5435 3202 5489 contrarium
3236 5434 3453 5503 accepi-

1878 5546 2021 5583 mus.
2078 5529 2194 5583 Non
2248 5528 2422 5581 solum
2466 5528 2611 5582 enim
2654 5544 2759 5582 non
2815 5526 3165 5581 convertistis
3221 5539 3317 5578 eos
3355 5524 3451 5593 qui

1879 5621 2137 5675 adversus
2160 5628 2400 5673 nostram
2433 5620 2769 5672 rebellarunt
2796 5618 3135 5686 religionem,
3165 5617 3258 5669 sed
3283 5617 3448 5668 etiam

1881 5713 1977 5782 ipsi
2011 5713 2271 5766 adversus
2309 5711 2441 5765 deos
2496 5722 2715 5766 nostros
2762 5712 3165 5780 omnipotentes
3203 5708 3450 5778 tyranni-

1877 5807 1998 5860 dem
2042 5815 2384 5873 exercentes,
2416 5815 2469 5859 et
2497 5806 2588 5872 qui
2618 5806 2698 5858 cis
2740 5813 2866 5856 sunt
2896 5802 3180 5857 constituti
3212 5804 3449 5853 honores
