4188 6310
739 356 850 421 359

2052 347 2337 408 MENSIS
2378 348 2683 409 IULIUS.

3885 335 3987 397 360

735 482 793 526 et
810 468 1078 526 sacriﬁcia
1103 467 1439 524 aclibamina
1459 465 1767 524 abolentes.
1790 461 1913 517 aliis
1931 461 2115 518 fuistis
2140 463 2311 518 duces

2455 466 2700 533 μετέρων
2746 459 3211 530 παντοκρατόρων
3241 457 3380 511 θεῶν
3420 455 3862 528 τυραννήσαντες
3897 455 3991 507 καὶ

737 563 805 619 ad
833 562 1127 617 barathum
1178 561 1460 624 interitus,
1494 558 1539 612 si
1589 570 1715 610 vera
1748 562 1879 609 sunt
1913 569 2035 623 quae
2055 553 2124 609 de
2158 554 2315 608 vobis

738 655 806 709 ad
839 662 1057 709 nostras
1079 666 1242 707 aures
1274 654 1669 720 pervenerunt.

816 924 904 979 IV.
940 922 1084 977 Dixit
1114 929 1336 977 sanctus
1360 920 1659 976 Mauricius
1706 937 1719 975 :
1763 920 2086 988 Imperator,
2133 931 2254 985 quae
2288 929 2320 968 α

744 1016 906 1073 nobis
930 1026 1223 1071 exercetur
1272 1015 1515 1087 tyrannis
1574 1014 1841 1068 adversus
1870 1012 2026 1073 deos,
2056 1009 2151 1079 qui
2193 1016 2322 1062 sunt

748 1108 897 1162 nullo
925 1122 1090 1161 sensu
1120 1106 1356 1177 praediti,
1386 1107 1547 1161 nobis
1600 1106 1835 1159 validam
1867 1102 2104 1172 acquirit
2150 1109 2321 1155 ueto-

745 1200 880 1253 riam
923 1215 953 1254 a
1000 1216 1130 1254 vero
1179 1202 1309 1262 Deo,
1356 1208 1412 1253 et
1447 1214 1711 1253 coronam
1770 1197 1973 1267 gloriae.
2010 1194 2128 1248 Non
2171 1196 2320 1249 enim

745 1308 1108 1362 aspernamur
1125 1302 1180 1346 et
1209 1292 1366 1345 nihili
1402 1291 1630 1345 facimus
1678 1290 1866 1353 Deum,
1896 1290 1991 1360 qui
2020 1303 2120 1341 nos
2143 1287 2320 1352 finxit,

749 1395 810 1438 ut
841 1387 1008 1440 stulta
1067 1396 1151 1439 est
1183 1395 1275 1438 tua
1310 1384 1573 1438 traditio:
1614 1384 1708 1437 sed
1758 1381 2130 1454 gloriﬁcamus
2168 1395 2319 1444 enm,

747 1478 843 1549 qui
875 1488 961 1534 est
990 1479 1139 1533 solus
1168 1494 1333 1533 verus
1357 1479 1518 1541 Deus,
1538 1480 1631 1548 qui
1659 1478 1788 1532 fecit
1808 1478 2010 1531 coelum
2041 1485 2096 1528 et
2120 1485 2323 1528 terrain

745 1579 806 1627 et
830 1586 1002 1634 mare,
1036 1581 1093 1626 et
1120 1572 1305 1625 omnia
1344 1571 1438 1641 qui
1460 1570 1516 1624 in
1547 1572 1629 1625 eis
1646 1580 1796 1624 sunt.
1823 1569 2109 1637 improbos
2139 1576 2324 1621 autem

746 1673 806 1719 et
836 1664 1154 1718 immundos
1194 1664 1472 1718 daemones
1522 1672 1576 1716 et
1604 1662 1698 1732 qui
1757 1662 2056 1716 honmibus
2086 1660 2326 1715 afferunt

749 1755 1003 1817 exitium,
1030 1770 1152 1823 quae
1172 1765 1302 1808 sunt
1322 1753 1487 1808 surda
1513 1763 1569 1807 et
1588 1768 1729 1808 caeca
1760 1753 2078 1816 simulacra,
2100 1751 2324 1805 etnullo

2418 560 2517 621 τάς
2567 555 2969 626 νενομισμένας
3018 555 3203 615 αὐτοῖς
3236 550 3402 621 τιμάς
3441 566 3501 603 τε
3541 550 3639 603 καὶ
3666 547 3862 610 θυσίας
3896 549 3990 600 καὶ

2421 650 2657 712 σπονδάς
2716 648 3102 717 ἀθετήσαντες,
3155 645 3343 715 ὁδηγοὶ
3396 643 3531 709 πρὸς
3551 631 3842 712 ’βάραθρον
3886 641 3992 692 ἀπ-

2419 745 2615 806 ωλείας
2640 743 2853 813 ἑτέροις
2881 741 3141 810 γεγόνατε
3164 754 3177 768 ’
3206 739 3354 807 ἥπερ
3376 734 3608 805 ἀληθείᾳ
3632 732 3899 803 κυροῦται
3930 731 3993 782 τὰ.

2422 838 2501 899 είς
2531 834 2809 907 ἡμετέρας
2834 833 3004 892 ἀκοὰς
3039 830 3163 884 καθ’
3188 831 3341 899 ὑμῶν
3370 830 3699 896 ἀφικόμενα.

2497 933 2569 981 Δ’.
2606 925 2916 996 Μαυρίκιος
2965 920 3157 975 εἶπεν·
3214 922 3279 974 Ἦ
3330 919 3462 990 παρ’
3512 918 3671 988 ήμῶν
3732 912 3997 985 τυραννία

2423 1021 2565 1076 κατὰ
2601 1021 2711 1073 τῶν
2766 1017 3112 1085 ἀναισθήτων
3162 1032 3256 1069 σου
3314 1012 3476 1076 θεῶν,
3541 1008 3787 1081 βασιλεῦ,
3838 1006 3996 1075 νίκην

2421 1117 2557 1187 ἡμῖν
2592 1113 2823 1182 ίσχυράν
2870 1111 3024 1179 παρά
3065 1108 3160 1161 τοῦ
3200 1104 3458 1174 ἀληθινοῦ
3493 1103 3630 1157 Θεοῦ
3670 1104 3766 1155 καὶ
3798 1102 4000 1167 στέφα-

2422 1226 2514 1263 νον
2548 1207 2705 1278 δόξης
2736 1202 3087 1273 περιτίθησιν
3107 1219 3121 1232 ’
3158 1201 3219 1254 οὐ
3257 1203 3364 1268 γὰρ
3394 1196 3695 1263 ἀθετοῦμεν
3735 1195 3831 1246 τὸν
3863 1190 4000 1244 πλά-

2427 1342 2444 1358 .
2520 1335 2537 1352 .
2620 1334 2636 1350 .
2717 1336 2731 1352 .
2814 1333 2831 1351 .
2909 1333 2925 1348 .
3003 1333 3019 1349 .
3095 1310 3165 1346 τα
3211 1293 3359 1361 ἡμᾶς
3388 1290 3521 1341 Θεὸν
3552 1288 3693 1341 κατά
3732 1284 3834 1353 τὴν
3874 1284 3997 1335 dvo-

2428 1438 2442 1453 .
2519 1435 2541 1455 .
2616 1437 2629 1451 .
2709 1431 2725 1447 .
2804 1433 2820 1448 .
2896 1384 3523 1461 παράδωσινοάλλάδο
3596 1420 3612 1435 .
3690 1420 3705 1435 .
3788 1417 3804 1434 .
3885 1415 3903 1433 .
3980 1414 3995 1431 .

2428 1489 2712 1558 (ξ)άζομεν
2738 1484 2833 1538 τὸν
2861 1483 3021 1553 μόνον
3049 1480 3302 1550 ἀληθινὸν
3333 1477 3468 1529 Θεὸν
3509 1514 3524 1530 .
3602 1514 3618 1530 .
3695 1512 3710 1527 .
3791 1510 3807 1525 .
3888 1512 3904 1526 .
3982 1506 3997 1522 .

2428 1584 2563 1653 (τὸν)
2595 1580 2903 1651 ποιήσαντα
2932 1574 3026 1628 τὸν
3057 1570 3289 1645 οὐρανὸν
3309 1573 3403 1623 καὶ
3428 1568 3526 1637 τὴν
3603 1604 3617 1619 .
3695 1602 3711 1618 .
3790 1601 3808 1617 .
3887 1598 3905 1614 .
3980 1593 3999 1613 ο

2429 1674 2576 1748 (γῆν)
2617 1674 2713 1726 καὶ
2744 1671 2842 1742 τὴν
2871 1668 3176 1731 θάλασσαν,
3212 1664 3310 1717 καὶ
3352 1663 3531 1716 πάντα
3579 1657 3648 1712 τὰ
3686 1658 3745 1710 ὲν
3790 1655 3998 1714 αὐτοῖς.

2428 1743 2567 1827 τοῦς
2596 1763 2655 1817 δι
2685 1763 2950 1831 δαίμονας
2993 1759 3118 1821 τοὺς
3159 1755 3268 1809 τῶν
3300 1751 3608 1823 ἀνθρώπων
3638 1743 4003 1817 φθοροποιοὺς

751 1862 915 1906 scusu
947 1848 1196 1917 praedita,
1216 1863 1325 1902 non
1363 1850 1623 1902 convenit
1640 1847 1773 1900 deos
1796 1861 2013 1908 vocare,
2031 1857 2065 1897 o
2088 1843 2325 1911 impera-

2446 1859 2491 1909 δύ
2524 1855 2723 1926 πρέπει
2758 1826 2839 1905 σοι
2871 1852 3056 1905 καλεῖν
3085 1847 3263 1911 θεοὺς.
3291 1840 3336 1900 ὦ
3369 1841 3608 1914 βασιλεῦ.
3660 1832 4004 1905 Μαξιμιανδς

756 1950 863 1995 tor.
891 1940 1037 1995 Dixit
1069 1942 1368 2010 imperator
1391 1939 1758 1993 Maximianus
1782 1955 1797 1993 :
1824 1936 1962 1991 Cum
1997 1935 2262 1989 honorem
2298 1948 2328 1985 a

753 2035 864 2089 diis
892 2035 967 2089 sis
1000 2046 1352 2099 consecutus,
1379 2042 1435 2087 et
1470 2032 1680 2086 militia:
1723 2032 1957 2100 primum
1997 2029 2178 2082 locum
2207 2043 2328 2081 sor-

760 2131 912 2191 titus,
938 2142 971 2182 o
998 2125 1245 2185 Maurici.
1278 2127 1361 2180 eis
1387 2126 1670 2196 pulchram
1699 2124 1870 2178 refers
1894 2124 2147 2194 gratiam.
2186 2122 2333 2176 Dixit

755 2230 982 2276 sanctus
1030 2219 1332 2276 Mauricius
1395 2219 1735 2289 :Nunquam
1785 2218 2053 2271 honorem
2090 2217 2331 2283 accepia

755 2316 862 2369 diis
890 2314 1109 2377 vestris,
1158 2328 1339 2382 neque
1372 2313 1500 2366 volo
1553 2326 1651 2365 eos
1685 2311 1983 2363 honorare.
2024 2308 2160 2373 Quis
2184 2306 2333 2360 enim

756 2423 1000 2477 unquam
1028 2423 1095 2463 ex
1128 2406 1468 2471 hominibus,
1493 2404 1587 2474 qui
1619 2403 1715 2459 Dei
1749 2401 1916 2457 habet
1942 2400 2333 2471 cOgnitionem,

757 2500 1086 2557 sustinuerit
1125 2499 1397 2554 honorare
1428 2497 1690 2553 materias
1749 2495 1902 2550 nullo
1935 2511 2097 2550 sensu
2134 2493 2335 2564 praedi-

760 2595 882 2650 tas?
920 2594 1027 2648 Sed
1060 2593 1263 2662 quibus
1309 2607 1417 2645 non
1448 2599 1531 2645 est
1585 2605 1759 2655 mens,
1788 2604 1910 2660 qua
1938 2588 2104 2643 rectis
2134 2586 2337 2658 guber-

760 2698 924 2744 natur
979 2685 1309 2749 rationibus,
1363 2694 1651 2755 propterea
1689 2685 1835 2754 quod
1865 2683 2134 2755 jumentis
2180 2695 2334 2736 com-

761 2782 937 2853 parati
960 2782 1070 2835 sint
1107 2778 1516 2848 insipientibus,
1555 2787 1610 2830 et
1653 2778 1864 2831 similes
1894 2778 2022 2831 facti
2053 2776 2165 2830 sint
2189 2774 2269 2827 eis
2296 2775 2335 2837 ί,

762 2877 801 2929 ii
828 2874 1038 2943 lapides
1062 2880 1118 2926 et
1148 2872 1290 2941 ligna
1319 2873 1372 2923 in
1399 2870 1534 2924 deos
1582 2868 1853 2932 referunt,
1885 2877 2238 2937 mentemque
2258 2866 2339 2922 eis

766 2966 1039 3027 tribuunt,
1083 2974 1139 3018 et
1171 2966 1442 3017 honorant
1478 2972 1738 3033 tanquam
1793 2962 1947 3017 deos.
1984 2961 2130 3015 Dixit
2167 2961 2339 3029 impe-

764 3068 916 3116 rator
953 3057 1316 3114 Maximianus
1350 3072 1365 3110 :
1396 3053 1668 3121 Quoniam
1723 3056 1929 3124 primas
1964 3063 2148 3123 partes
2192 3052 2340 3105 obti-

761 3155 933 3208 nuisti
998 3152 1052 3205 in
1119 3148 1409 3204 ordinibus
1482 3157 1684 3201 nostra:
1735 3144 2255 3207 administrationis,
2307 3156 2341 3198 o

764 3244 1012 3306 Maurici,
1048 3244 1099 3298 id
1144 3243 1243 3298 tibi
1288 3256 1540 3313 magnam
1587 3240 1823 3310 praebuit
1865 3238 2252 3293 confidentiam
2285 3246 2341 3291 et

765 3338 950 3394 effecit
968 3339 1317 3391 audaciorem
1339 3353 1354 3391 :
1375 3335 1517 3388 adeo
1538 3342 1599 3385 ut
1625 3331 1911 3400 splendide
1933 3339 1989 3384 et
2016 3329 2150 3385 citra
2173 3332 2340 3384 ullam

766 3431 1246 3489 conturbationem
1271 3427 1605 3499 respondeas
1624 3436 1824 3481 nostrae
1842 3426 2144 3479 serenitati.
2160 3423 2343 3477 lubet-

766 3543 896 3599 quo,
920 3541 985 3581 eo
1015 3534 1284 3595 separato,
1322 3524 1567 3591 reliquos
1585 3519 1934 3586 interrogari,
1966 3529 2022 3571 et
2046 3515 2239 3570 blande
2261 3515 2343 3571 eis

768 3619 906 3673 dicit
949 3618 1250 3685 imperator
1282 3634 1294 3667 :
1329 3615 1464 3679 Quis
1493 3609 1651 3665 vobis
1681 3618 1884 3665 tantam
1912 3609 2041 3664 fecit
2069 3608 2346 3679 injuriam,

767 3726 802 3766 o
832 3714 1048 3773 fratres,
1086 3718 1147 3762 ut
1175 3706 1483 3762 deficeretis
1513 3720 1541 3759 a
1571 3704 1680 3759 diis
1713 3701 2091 3755 servatoribus
2137 3717 2152 3752 ;
2196 3714 2353 3753 acce-

768 3804 974 3860 deretis
994 3813 1174 3858 autem
1195 3802 1370 3856 errori
1395 3800 1682 3852 hominum
1702 3795 1794 3866 Qui
1818 3796 2051 3851 adorant
2071 3793 2348 3848 hominem

770 3900 1090 3955 crucifixum
1129 3907 1385 3965 tanquam
1409 3909 1576 3947 unum
1616 3889 1989 3945 homicidam?
2034 3887 2151 3939 Non
2192 3887 2340 3940 enim

770 3998 851 4055 sic
882 4010 977 4049 vos
1004 3991 1327 4053 erudiimus,
1358 4002 1536 4057 neque
1562 3987 1616 4040 in
1646 3982 1737 4039 tali
1758 3982 2007 4037 doctrina
2030 3981 2339 4036 eduximus.

840 4091 904 4143 V.
937 4088 1093 4142 Tunc
1123 4098 1250 4138 vere
1282 4083 1425 4136 beati
1459 4080 1785 4134 Theodorus
1810 4086 1864 4129 et
1892 4077 2197 4147 Philippus,
2225 4085 2347 4129 tan-

771 4197 935 4254 quam
985 4195 1049 4233 ex
1081 4191 1179 4231 ore
1238 4182 1557 4227 sanctorum
1611 4168 1960 4239 septuaginta
2020 4178 2344 4238 martyrum,

773 4278 1032 4330 dixerunt
1086 4267 1447 4339 imperatori:
1505 4266 1636 4331 Nos,
1694 4281 1726 4318 ο
1760 4274 1991 4334 tyranne
2048 4261 2351 4330 imperatur

773 4365 1126 4424 Maximiane,
1156 4371 1368 4415 tantum
1400 4358 1665 4411 absumus
1697 4355 1765 4409 ab
1793 4368 2007 4417 errore,
2041 4362 2102 4406 ut
2136 4362 2187 4407 te
2208 4366 2350 4423 quo-

774 4475 881 4530 que
910 4468 1163 4529 optemus
1190 4452 1415 4508 liberari
1444 4452 1510 4505 ab
1558 4465 1771 4514 errore,
1801 4466 1829 4502 a
1861 4462 1969 4517 quo
2000 4461 2099 4499 nos
2133 4459 2352 4513 quoque

2433 1945 2623 2003 εἶπεν·
2669 1943 2914 2014 Ἐπειδὴ,
2955 1945 3057 2011 τῆς
3113 1940 3222 1992 τῶν
3268 1937 3405 1990 θεῶν
3449 1932 3768 1992 ἀπολαύσας
3814 1926 4002 1995 τιμῆς.

2431 2041 2540 2096 τῶν
2590 2038 2877 2111 πρωτείων
2919 2037 3020 2104 τῆς
3066 2031 3353 2102 στρατείας
3404 2023 3665 2111 ήξιώθης,
3706 2018 4002 2089 Μαυρίκιε,

2433 2131 2608 2201 καλὴν
2640 2110 2859 2190 αὐτοῖς
2908 2123 3176 2185 ἀποδίδως
3231 2122 3329 2189 τὴν
3386 2110 3645 2186 ἀμοιϐήν.
3698 2114 4008 2177 Μαυρικιος

2436 2220 2590 2275 εἶπεν
2616 2236 2630 2250 ·
2678 2220 2813 2272 Οὐδὲ
2863 2216 3029 2287 τιμὴν
3076 2213 3345 2283 ἐδεξάμην
3385 2209 3534 2279 παρὰ
3574 2205 3683 2259 τῶν
3722 2201 4008 2271 ὑμετέρων

2438 2314 2599 2375 θεῶν,
2655 2312 2774 2366 οὐδὲ
2828 2311 2992 2378 τιμᾷν
3040 2307 3237 2366 αὐτοὺς
3282 2303 3578 2372 βούλομαι·
3618 2296 3703 2358 τίς
3752 2293 3863 2361 γὰρ
3919 2291 4011 2343 ἀν-

2438 2410 2672 2482 θρώπων
2730 2404 2860 2459 ποτὲ
2897 2402 3098 2471 γνῶσιν
3144 2398 3284 2469 ἔχων
3330 2393 3466 2447 Θεοῦ
3507 2391 3605 2452 τὰς
3648 2386 4013 2453 ἀναισθήιους

2437 2476 2607 2573 τιμᾷν
2637 2498 2922 2562 ἁνέξοιτο;
2963 2493 3078 2547 ἀλλ’
3108 2487 3190 2554 οἷς
3234 2490 3333 2558 οὐχ
3366 2485 3601 2554 ὑπάρχει
3656 2477 3801 2542 νοῦς,
3868 2476 4028 2573 λοῖιο

2447 2565 2606 2665 aiio-Ic;
2637 2591 2819 2662 ὀρθοῖς
2851 2584 3269 2656 κυϐερνώμενος
3309 2582 3398 2634 διὰ
3438 2579 3499 2632 τὸ
3542 2565 4016 2645 παρασυμωηθῆ·

2440 2705 2531 2742 ναι
2560 2688 2673 2746 τοῖς
2719 2684 2943 2751 κτήνεσι
2982 2681 3095 2739 τοῖς
3137 2677 3383 2741 ἀνοήτοις
3420 2673 3513 2723 καὶ
3544 2665 3882 2736 ὁμοιωθῆναι
3924 2661 4015 2714 αύ-

2442 2784 2552 2843 τοῖς
2578 2796 2590 2809 ο
2622 2771 2768 2831 οῦτοι
2811 2770 3154 2828 θεοποιοῦσιν
3192 2768 3304 2829 τοῖς
3336 2763 3508 2826 λίθοις
3556 2760 3653 2814 καὶ
3683 2760 3797 2819 τοῖς
3836 2754 4017 2819 ξύλοις

2440 2873 2775 2940 ἀπονέμουσι
2820 2866 3047 2937 γνώμην
3098 2862 3193 2915 καὶ
3235 2857 3468 2929 τιμῶσιν
3510 2854 3585 2919 ὡς
3637 2848 3815 2912 θεούς.
3851 2846 4019 2911 Μάξι-

2447 2965 2635 3037 μιανὸς
2694 2966 2722 3015 ό
2780 2958 3033 3030 βασιλεὺς
3084 2951 3270 3007 εἶπεν
3327 2953 3393 3003 Ἢ
3431 2949 3539 3002 τῶν
3578 2946 3873 3018 πρωτείων
3921 2938 4017 2991 τοῦ

2446 3035 2713 3126 ῦμετέρου
2742 3053 3021 3120 τάγματος
3060 3048 3348 3115 διοίκησις,
3376 3039 3670 3113 Μαυρίκιε,
3705 3035 3913 3105 πολλήν
3938 3049 4021 3085 σοι

2448 3146 2763 3219 παρρησίαν
2806 3145 3080 3214 παρέσχε,
3128 3142 3221 3194 καὶ
3264 3136 3597 3209 θρασύτερον
3638 3129 4025 3199 ἀπειργάσατο

2447 3246 2525 3304 si;
2558 3241 2619 3291 τὸ
2645 3238 2912 3307 λαμπρῶς
2941 3238 3035 3287 καὶ
3065 3230 3508 3300 ἀκαταπλήκτως
3534 3225 3674 3295 πρὸς
3701 3223 3804 3289 τὴν
3826 3220 4026 3290 ἡμετέ-

2451 3350 2554 3402 ραν
2594 3326 2989 3398 ἀποκρίνεσθαι
3034 3322 3401 3393 γαληνότητα,
3437 3319 3528 3371 καὶ
3577 3314 3813 3378 κελεύει,
3854 3330 4024 3383 χωρι-

2452 3424 2672 3485 σθέντος
2714 3420 2905 3481 αὑτοῦ,
2944 3420 3070 3479 τοὺς
3115 3415 3334 3477 λοιποὺς
3379 3408 3705 3482 ἐρωτᾶσθαι.
3746 3406 3859 3459 Καί
3894 3420 4026 3471 φησι

2450 3520 2586 3591 πρὸς
2619 3517 2819 3577 αὐτοὺς
2849 3516 2876 3567 ὁ
2908 3510 3162 3583 βασιλεύς
3188 3526 3200 3539 ·
3238 3509 3336 3570 Τίς
3364 3503 3621 3559 τοσοῦτον
3657 3501 3803 3569 ὑμᾶς
3833 3498 4026 3567 ἠδίκη-

2449 3629 2562 3675 σεν,
2598 3609 2836 3676 ἀδελφοὶ,
2870 3607 2944 3668 ὡς
2982 3608 3043 3655 ἐκ
3083 3602 3192 3654 τῶν
3220 3599 3486 3667 σωτήρων
3533 3593 3841 3660 ἀποστῆναι
3866 3588 4023 3649 θεῶν,

2450 3699 2822 3770 προστεθῆναι
2852 3697 2907 3748 δὲ
2944 3691 3372 3765 παρασκευάσας
3405 3690 3472 3757 τῇ
3506 3685 3686 3755 πλάνῃ
3716 3681 3828 3733 τῶν
3861 3695 4029 3748 προσ-

2449 3792 2760 3846 κυνούντων
2801 3788 3088 3859 ἄνθρωπον
3123 3780 3506 3853 σταυρωθέντα
3536 3777 3610 3840 ὼς
3648 3776 3746 3828 ’ἐνα
3788 3774 3900 3827 τῶν
3938 3789 4030 3839 φο-

2449 3887 2619 3951 νέων;
2646 3886 2718 3936 Οὐ
2747 3886 2855 3952 γὰρ
2892 3880 3063 3943 οὓτως
3092 3880 3237 3948 ὑμᾶς
3266 3872 3668 3941 ὲπαιδεύσαμεν
3708 3868 3833 3922 οὐδὲ
3854 3865 4031 3920 τοιαύο

2450 3996 2571 4039 ταις
2605 3976 2978 4036 διδασκαλίαις
3010 3971 3346 4041 ἐθρέψαμεν.

2522 4073 2601 4126 Ε’.
2633 4071 2768 4123 Τότε
2809 4067 3087 4136 Θεόδωρος
3116 4064 3209 4117 καὶ
3235 4061 3505 4120 Φίλιππος
3552 4055 3627 4117 ὡς
3663 4056 3728 4107 ὲκ
3761 4052 4032 4124 στόματος

2449 4168 2556 4221 τῶν
2588 4166 2763 4235 ἁγίων
2808 4162 3185 4231 ἐϐδομήκοντα
3239 4154 3535 4225 μαρτύρων
3572 4145 3760 4201 εἷπον·
3818 4148 4030 4215 Ἡμεῖς,

2451 4255 2495 4310 ὧ
2538 4259 2770 4325 τύραννε
2814 4250 3151 4319 Μαξιμιανὲ,
3178 4246 3435 4298 τοσοῦτον
3472 4242 3678 4310 πλάνης
3724 4240 4030 4307 ἀπέχομεν,

2453 4351 2527 4413 ὡς
2566 4350 2661 4403 καὶ
2697 4350 2755 4401 σὲ
2782 4349 2874 4417 τῆς
2902 4344 3121 4413 ἀπάτης
3145 4341 3513 4408 οἱκτείρομεν,
3552 4329 3619 4405 ἦς
3648 4332 4034 4403 ἠλευθερώθη-

2460 4463 2561 4515 μεν
2617 4442 2708 4496 τὺν
2764 4440 2859 4492 ἕνα
2914 4439 3007 4491 καὶ
3070 4436 3231 4505 μόνον
3278 4430 3535 4501 ἀληθινὸν
3598 4425 4035 4498 προσκυνοῦντες

774 4554 981 4607 fuimus
1026 4550 1265 4612 liberati,
1301 4562 1471 4600 unum
1506 4554 1562 4599 et
1585 4546 1762 4599 solum
1810 4541 2104 4595 adorantes
2160 4554 2337 4592 verun'

2458 4540 2612 4603 Θεὸν,
2644 4535 2863 4605 Πατέρα
2892 4528 3336 4598 παντοκράτορα,
3364 4526 3458 4575 καὶ
3499 4522 3591 4575 τὸν
3628 4518 3904 4591 μονογενῆ
3942 4518 4035 4568 aio

779 4647 974 4710 Deum,
1010 4645 1220 4697 Patrem
1281 4639 1736 4707 omnipotentem,
1766 4646 1821 4690 et
1852 4635 2195 4705 unigenitum
2235 4634 2354 4704 ejus

780 4740 975 4794 Filium
1034 4737 1219 4791 Jesum
1280 4732 1559 4787 Christum
1616 4731 1909 4785 Dominum
1951 4738 2223 4788 nostrum,
2258 4728 2352 4797 qui

778 4842 864 4887 est
892 4832 984 4886 Dei
1028 4830 1205 4884 virtus
1237 4838 1290 4883 et
1342 4825 1435 4879 Dei
1463 4822 1734 4893 sapientia
1760 4824 1779 4853 ¹
1808 4840 1820 4874 :
1860 4832 1915 4876 et
1944 4820 2351 4875 sanctissimum

781 4925 901 4993 ejus
939 4922 1226 4990 Spiritum,
1251 4920 1343 4990 qui
1379 4919 1538 4972 nobis
1580 4915 1868 4985 inspiravit
1894 4914 2263 4983 cognitionem
2297 4922 2353 4967 et

783 5016 1222 5085 intelligentiam,
1278 5023 1335 5066 ut
1377 5013 1693 5064 confitearis
1725 5009 1944 5078 quidem
2007 5006 2354 5072 Trinitatem,

786 5122 907 5179 qua:
942 5116 1022 5159 est
1050 5106 1299 5178 ejusdem
1331 5104 1584 5157 essentia:
1614 5118 1627 5156 :
1661 5099 2001 5154 abomineris
2037 5108 2218 5152 autem
2251 5097 2356 5149 ἰηι-

788 5202 1045 5254 mundam
1071 5208 1215 5251 tuam
1237 5197 1552 5267 religionem
1585 5216 1598 5249 :
1632 5195 1845 5250 ethanc
1878 5193 2094 5262 quidem
2112 5190 2356 5262 abjicias,

788 5308 909 5362 qua!
965 5302 1047 5344 est
1106 5290 1171 5343 ad
1210 5298 1445 5355 tempus.
1486 5288 1776 5341 militiam:
1814 5288 1926 5341 Deo
1955 5302 2083 5339 vero
2135 5286 2359 5349 milites,

790 5384 879 5455 qui
913 5392 998 5437 est
1058 5382 1170 5434 Rex
1202 5381 1562 5435 exercituum.
1603 5378 1745 5433 Dixit
1792 5378 2153 5431 Maximianus
2186 5378 2358 5445 impe-

794 5488 940 5527 rator
973 5492 985 5527 :
1022 5472 1215 5535 Video,
1245 5488 1277 5523 ο
1330 5470 1602 5539 Philippe,
1659 5477 1710 5522 te
1742 5478 2078 5521 senectutem
2131 5464 2355 5533 quidem

794 5566 997 5622 habere
1054 5562 1456 5623 reverendam;
1491 5560 1851 5631 intelligentia
1903 5568 2083 5611 autem
2124 5558 2355 5609 multum

796 5657 1323 5727 cederejuvenihus.
1359 5653 1602 5723 Coniuge
1627 5668 1755 5725 ergo
1788 5650 1853 5706 ad
1890 5650 2042 5718 deos,
2076 5658 2135 5704 et
2165 5649 2238 5703 sis
2261 5648 2356 5702 bo-

874 5824 887 5851 ¹
927 5817 1071 5876 Psal.
1108 5833 1300 5873 xum.
1381 5817 1399 5847 ’
1439 5814 1613 5869 lCor.
1648 5830 1685 5868 ι.

2457 4631 2552 4682 τοῦ
2596 4628 2720 4680 Υίδν
2764 4624 2972 4693 Ἰησοῦν
3015 4618 3252 4691 Χριστὸν
3291 4620 3381 4672 τὸν
3418 4615 3623 4683 Κύριον
3657 4612 3841 4680 ἡμῶν,
3882 4611 4035 4671 Θεᾶν,

2457 4722 2689 4791 δύναμιν
2718 4720 2810 4772 καὶ
2834 4716 2967 4771 Θεοῦ
3004 4715 3197 4785 σοφίαν
3226 4711 3565 4780 ὑπάρχοντα,
3599 4706 3694 4759 καλ⁸
3717 4705 3777 4757 τὸ
3813 4704 4037 4773 Πνεῦμα

2462 4812 2626 4866 αὑτοῦ
2655 4810 2716 4864 τδ
2746 4812 3015 4876 πανάγιον
3066 4805 3123 4858 τὸ
3169 4801 3485 4872 ὲμπνεῦσαν
3521 4799 3654 4867 ἡμῖν
3686 4794 3897 4864 γνῶσιν
3947 4797 4039 4849 καὶ

2464 4905 2682 4957 σύνεσιν
2708 4918 2721 4932 ο
2748 4900 3031 4970 ὁμολογεῖν
3061 4897 3159 4973 μὲν
3191 4892 3397 4962 Τριάδα
3419 4889 3728 4959 ὁμοούσιον,
3760 4886 4041 4955 βδεινύττε·

2461 5001 2584 5054 σθαι
2608 4999 2663 5049 δὲ
2688 4996 2788 5063 τὴν
2822 4989 3132 5058 ἀκάθαρτον
3180 5003 3270 5038 σου
3299 4984 3600 5055 θρησκείαν
3632 4997 3642 5009 ·
3670 4980 3763 5032 καὶ
3812 4978 3914 5048 τὴν
3948 4978 4041 5046 μὲν

2461 5092 2800 5161 πρόσκαιρον
2834 5083 3038 5151 ταύτην
3093 5076 3498 5133 ἀποϐάλλεσθαι
3528 5072 3855 5144 θρησκείαν,
3881 5087 4043 5139 στρα-

2460 5181 2714 5237 τεύεσθαι
2765 5178 2822 5233 δὲ
2879 5175 2956 5245 τῷ
3005 5174 3125 5243 Θεῷ
3177 5173 3255 5241 τῷ
3315 5168 3530 5239 βασιλεί
3577 5165 3685 5217 τῶν
3730 5164 4042 5232 δυνάμεων.

2460 5275 2804 5344 Μαξιμιανδς
2851 5273 2877 5323 δ
2915 5268 3170 5340 βασιλεὺς
3217 5262 3407 5316 εἶπεν*
3448 5259 3641 5313 Βλέπω
3666 5273 3749 5321 σε,
3778 5256 4041 5317 Φίλιππε,

2468 5372 2646 5438 γῆρας
2686 5365 2784 5434 μὲν
2826 5362 3106 5430 αἰδέσιμον
3142 5357 3354 5427 ἔχοντα,
3400 5353 3617 5406 σύνεσιν
3658 5348 3714 5403 δὲ
3761 5349 3901 5401 πολὺ
3941 5346 4046 5399 τῶν

2469 5463 2605 5513 νέων
2636 5456 2959 5523 λειπόμενον
2980 5468 2991 5481 ⁸
3020 5447 3391 5520 αῦτομόλησον
3434 5441 3528 5497 οὖν
3577 5443 3714 5512 πρὸς
3742 5441 3867 5503 τοὺς
3891 5441 4047 5498 θεοὺς

2472 5553 2567 5606 καὶ
2593 5549 2754 5618 γενοῦ
2791 5547 3094 5617 σύμϐουλος
3125 5543 3326 5611 ἀγαθὸς
3367 5541 3479 5602 τοῖς
3504 5538 3713 5597 λοιποῖς
3749 5550 3844 5586 σου
3880 5547 4049 5599 στρα-

2471 5647 2691 5708 τιώταις
2723 5643 2819 5715 τῆς
2855 5644 2931 5705 εἰς
2960 5641 3083 5700 τοὺς
3117 5638 3271 5701 θεοὺς
3308 5634 3754 5706 προσκυνήσεως,
3788 5628 3944 5688 ὅπως
3987 5625 4051 5677 ἂν
