4188 6310
168 325 263 388 361

1109 315 1288 376 VITA
1334 314 1436 373 SS.
1482 304 1854 372 MAURITII
1895 304 1988 363 ET
2032 299 2446 362 SOCIORUM.

3288 304 3390 363 362

170 439 336 511 τιμῶν
370 435 632 507 μειζόνων
683 430 920 500 ἁξιωθῇς
975 427 1318 501 παρ’ήμῶν.
1368 425 1424 478 ’0
1467 425 1522 476 δὲ
1573 422 1728 488 ἅγιος

1832 431 1936 468 nus
1968 413 2316 468 consiliarius
2349 415 2573 482 reliquis
2599 413 2706 468 luis
2733 413 2997 468 militibus
3030 415 3097 468 de
3121 415 3228 469 diis
3264 419 3404 470 adu-

167 532 423 592 Φίλιππος
454 525 607 580 εἶπεν
629 542 645 556 ·
697 523 840 591 Ἐγὼ
869 522 1171 592 σύμϐουλος
1213 517 1449 589 πονηρὸς
1481 517 1540 569 οὐ
1566 517 1725 583 γενή-

168 641 327 694 σομαι
361 625 476 684 τοῖς
532 617 1007 687 αύτοπροαιρέτως
1036 612 1381 682 ὁδηγηθεῖσιν
1415 612 1496 672 είς
1522 609 1612 661 τὸν
1636 608 1731 675 φό-

169 717 257 768 ϐον
293 714 383 766 τοῦ
410 711 666 782 ἀληθινοῦ
704 710 861 769 Θεοῦ,
895 705 1085 775 ἐπειδὴ
1113 705 1464 776 γέγραπται·
1508 721 1524 752 ι
1567 699 1728 763 Οὐαὶ,

167 809 232 860 δι’
261 803 313 862 οὗ
339 808 397 860 τὸ
429 807 598 858 κακὸν
659 801 914 872 ἔρχεταιί
960 819 977 852 ι
1011 797 1350 868 Μαξιμιανδς
1411 790 1562 848 εἶπεν
1588 809 1602 825 ⁸
1660 791 1733 843 Τὸ

171 901 509 968 μακρίθυμον
530 894 923 966 τῆςήμετέρας
958 891 1304 955 ἀνεξικακίας
1332 885 1733 956 τολμηρότερόν

170 1010 224 1044 σε
259 990 572 1058 πεποίηκεν,
639 986 899 1038 Φίλιππε.
950 983 1041 1052 Μὴ
1090 977 1183 1034 οὖν
1246 979 1566 1047 ἐπιμείνήτε
1616 978 1734 1035 τοῖς

170 1084 366 1144 αὐτοῖς,
419 1083 506 1131 ἶνα
569 1077 644 1147 μὴ
689 1077 912 1138 δικαίως
943 1074 1038 1146 τὴν
1070 1074 1225 1143 δίκην
1255 1071 1375 1125 καθ’
1409 1070 1565 1140 ὑμῶν
1598 1085 1738 1138 παρο

165 1175 437 1243 ωτρύνητε
471 1171 564 1225 καὶ
594 1171 824 1240 γένησθε
855 1170 1054 1237 δεῖγμα
1094 1168 1190 1236 τῆς
1221 1165 1496 1235 ἡμετέρας
1532 1165 1738 1231 ἀγανα-

164 1267 422 1336 κτήσεως,
441 1263 847 1334 τολμῶντεςρνο
855 1260 1043 1330 μάζειν
1054 1259 1146 1311 τὸν
1163 1257 1290 1327 παρ’
1304 1257 1453 1326 ὑμῶν
1472 1253 1741 1308 θεοποιού-

165 1375 319 1426 μενον
365 1357 671 1426 ἄνθρωπον.
706 1352 1124 1424 Ἀποκριθέντες
1157 1351 1213 1403 δὲ
1269 1350 1318 1402 οί
1347 1350 1489 1415 ᾶγιοι
1514 1348 1745 1418 ἑϐδομή-

161 1467 319 1501 κοντα
372 1444 525 1501 εἷπον
573 1447 652 1516 τῷ
711 1445 998 1514 τυράννῳ·
1065 1441 1127 1494 Ἦ
1199 1440 1478 1505 κενόδοξος
1540 1439 1740 1508 ἀπειλὴ

160 1542 256 1610 τῆς
337 1541 456 1605 σῆς,
531 1537 776 1608 βασιλεῦ,
839 1535 1122 1605 βδελυρίας
1176 1534 1407 1601 δύναμιν
1464 1529 1525 1595 ἐξ
1577 1530 1742 1599 ὓψους

161 1634 289 1700 ήμίν
339 1632 652 1701 χαρίζεται·
706 1632 768 1682 ού
835 1627 944 1698 γὰρ
991 1628 1190 1679 ἐνοικεῖ
1256 1624 1419 1694 φόϐος
1467 1623 1742 1693 βασάνων,

159 1724 238 1784 είς
278 1723 514 1776 διάνοιαν
563 1720 800 1791 βεϐαίων
845 1720 953 1773 τῶν
992 1717 1335 1788 ἀγαπώντων
1365 1716 1454 1770 τὸν
1485 1715 1714 1786 Κύριον.

235 1994 326 2058 ς’.
399 1991 530 2045 Τότε
581 1994 609 2044 ό
691 1991 946 2062 βασιλεὺς
1031 1988 1370 2059 Μαξιμιανδς
1461 1988 1742 2040 ἐκέλευσεν

162 2084 532 2154 ἀφαιρεθῆναι
603 2084 714 2136 τῶν
775 2083 947 2151 ἁγίων
1021 2081 1394 2150 ἑϐδομήκοντα
1441 2079 1500 2131 τὸ
1557 2079 1744 2148 σχῆμα

161 2175 260 2242 τῆς
306 2174 592 2242 στρατείας
685 2175 782 2224 καὶ
837 2171 1075 2241 κοπῆναι
1133 2170 1314 2223 αὐτῶν
1391 2169 1489 2230 τὰς
1566 2167 1744 2231 ζώνας

167 2267 266 2318 καὶ
328 2263 695 2340 ,παραστῆναι
742 2262 894 2333 αύτῷ
938 2263 1076 2333 μετά
1105 2261 1305 2329 πολλῆς
1346 2260 1592 2330 ἀτιμίας.
1637 2260 1746 2312 Καὶ

166 2357 341 2409 ταῦτα
389 2357 496 2409 τῶν
549 2355 910 2409 ὑπασπιστῶν
969 2355 1109 2424 μετά
1165 2353 1362 2406 πολλοῦ
1403 2352 1500 2405 τοῦ
1548 2352 1746 2422 τάχους

166 2447 650 2516 διαπραξαμένων,
679 2445 782 2516 ἔφη
824 2445 961 2514 πρὸς
992 2424 1192 2505 αὐτοὺς
1229 2443 1257 2494 ὁ
1281 2443 1543 2512 τύραννος
1568 2484 1584 2508 ,
1617 2442 1745 2506 Ἴδε,

167 2541 285 2604 οἵας
314 2542 540 2608 ἀτιμίας
570 2537 791 2607 ἐτύχετε
817 2537 906 2591 διὰ
931 2537 1032 2609 τὴν
1067 2534 1351 2588 ἀπείθειαν
1381 2534 1557 2601 ὑμῶν.
1595 2533 1657 2587 Ol
1689 2533 1744 2585 δὲ

166 2629 316 2697 ἅγιοι
340 2625 494 2682 εἷπον
528 2628 662 2699 πρὸς
689 2628 780 2680 τὸν
813 2627 1078 2699 τύραννον
1102 2643 1117 2658 ο
1154 2627 1216 2678 El
1246 2625 1343 2678 xui.
1367 2624 1452 2690 σὺ,
1481 2624 1556 2688 ὡς
1589 2624 1743 2694 νομί-

168 2726 305 2790 ζεις,
336 2725 592 2790 ὲξέδυσας
622 2725 792 2796 ἡμᾶς,
828 2724 958 2777 ἀλλ’
980 2723 1127 2776 ἐστιν
1155 2723 1183 2774 ό
1215 2721 1346 2784 Θεὸς
1380 2720 1538 2789 ήμῶν
1567 2723 1625 2773 ὲν
1659 2720 1749 2773 ού-

170 2820 380 2888 ρανοϊς,
446 2811 490 2885 ᾧ
539 2817 902 2887 λατρεύομεν,
964 2815 1162 2869 ὲνδύων
1206 2815 1352 2883 ἡμᾶς
1406 2811 1600 2881 στολὴν
1648 2813 1748 2881 τῆς

169 2911 392 2962 αἰωνίου
438 2909 618 2978 δόξης,
656 2912 722 2980 ἢν
768 2909 928 2972 αὐτὸς
974 2908 1096 2961 οὐδὲ
1135 2905 1354 2960 ἀκούειν
1401 2904 1746 2973 καθέστηκας

167 3002 320 3066 ἄξιος
353 3001 442 3052 διὰ
473 3002 564 3053 τὸν
594 3003 836 3053 Σατανᾶν
856 3003 948 3052 τὸν
979 2999 1192 3069 πατέρα
1229 3017 1344 3063 σου,
1370 2999 1460 3050 τὸν
1485 2996 1748 3051 λαλοῦντα

168 3095 230 3145 ὲν
258 3093 363 3147 σοί.
397 3093 528 3145 Τότε
555 3092 827 3163 θυμωθεὶς
862 3093 890 3145 6
925 3091 1187 3162 τύραννος
1219 3088 1373 3144 εἶπεν
1393 3107 1406 3122 ⁸
1434 3087 1503 3144 Ὦ
1538 3091 1748 3160 μιαρώ-

1835 505 2044 569 randis,
2077 514 2138 558 ut
2165 507 2367 576 majora
2389 505 2530 560 dona
2565 516 2621 562 et
2656 506 2892 560 honores
2924 522 2953 560 a
2981 508 3142 562 nobis
3203 525 3408 564 consc-

1833 601 2040 668 quaris.
2077 599 2224 652 Dixit
2256 608 2476 653 sanctus
2507 599 2834 669 Philippus:
2861 600 3060 654 Notum
3095 601 3195 655 tibi
3243 604 3337 662 sit.
3368 621 3401 654 υ

1836 691 2154 760 imperator,
2187 707 2273 745 me
2307 707 2415 745 non
2481 691 2727 746 futurum
2785 692 2986 747 malum
3027 694 3400 748 consiliarium

1838 783 1906 836 iis
1932 783 2025 851 qui
2057 797 2154 836 sua
2184 791 2378 851 sponte
2435 783 2655 838 deducti
2690 794 2817 837 sunt
2871 786 2937 838 ad
2976 786 3228 839 timorem
3287 788 3402 840 veri

1841 862 1958 929 Dei'.
1993 873 2268 944 Scriptum
2286 883 2372 929 est
2395 875 2542 929 enim
2565 877 2585 906 ³
2609 877 2757 930 :tVa:
2783 877 2853 936 ei.
2887 892 2985 946 per
3015 893 3177 948 quem
3203 879 3405 933 malum

1839 969 2006 1022 venit.
2042 986 2062 1019 ι
2107 967 2566 1036 Dixitimperator
2591 968 2945 1024 Maximianus
2978 987 2993 1027 :
3031 970 3250 1026 Lenitas
3306 988 3408 1025 no-

1840 1070 1966 1116 strae
1994 1061 2269 1130 patientia:
2303 1070 2355 1115 te
2385 1061 2729 1116 audaciorem
2765 1063 2967 1126 eﬂ‘ecit,
3027 1080 3060 1118 ο
3135 1065 3405 1137 Philippe.

1841 1150 2018 1205 Nolite
2055 1165 2186 1220 ergo
2222 1151 2276 1204 in
2301 1152 2388 1206 his
2408 1153 2677 1217 insistere,
2703 1169 2771 1209 ne
2813 1156 2988 1224 justas
3015 1173 3202 1226 poenas
3228 1161 3281 1214 in
3311 1177 3408 1216 vos

1843 1241 2072 1297 irritetis
2104 1251 2159 1296 et
2190 1243 2434 1298 evadatis
2450 1246 2758 1313 exemplum
2781 1257 2981 1301 nostrae
3001 1251 3406 1320 indignationis.

1846 1335 2110 1390 audentes
2140 1336 2426 1390 nominare
2461 1337 2763 1401 hominem,
2801 1341 2947 1408 quia
3001 1343 3154 1396 vobis
3192 1354 3274 1398 est
3324 1362 3410 1399 re-

1846 1429 1987 1482 latus
2015 1427 2068 1482 in
2092 1427 2244 1482 deos.
2283 1428 2698 1498 Respondentes
2720 1445 2849 1484 vero
2876 1434 3048 1492 sancti
3072 1438 3408 1506 septuaginta

1847 1532 2134 1590 martyres,
2167 1521 2423 1575 dixerunt
2478 1530 2708 1592 tyranno
2753 1523 3105 1593 imperatori:
3157 1529 3322 1584 Vana:
3357 1541 3413 1585 et

1848 1614 2037 1671 inanes
2120 1618 2363 1678 minae,o
2415 1616 2733 1686 imperator,
2804 1628 2911 1676 tua:
2969 1622 3411 1690 abominationis,

1849 1708 2105 1762 virtutem
2159 1709 2316 1763 nobis
2382 1724 2447 1764 ex
2477 1710 2588 1765 alto
2618 1711 2945 1781 largiuntur.
2981 1715 3098 1770 Non
3147 1719 3291 1771 enim
3326 1720 3413 1773 in-

1764 1802 1802 1855 B
1833 1800 2081 1872 greditur
2103 1809 2198 1854 aut
2237 1801 2510 1856 inhabitat
2542 1811 2720 1858 metus
2755 1811 3150 1860 tormentorum
3184 1808 3238 1862 in
3274 1811 3413 1864 bona

1847 1901 2026 1947 mente
2059 1898 2113 1946 et
2147 1892 2327 1946 stabili
2365 1906 2556 1947 eorum
2588 1894 2681 1962 qui
2714 1895 2950 1964 diligunt
2995 1897 3307 1953 Dominum.

1924 1985 2011 2039 Vl.
2058 1983 2214 2038 Tunc
2246 1985 2609 2042 Maximianus
2669 1986 2969 2056 imperator
3022 1991 3179 2045 valde
3220 1992 3414 2061 iratus,

1840 2079 2004 2148 jussit
2031 2080 2234 2135 auferri
2285 2098 2313 2136 a
2344 2083 2552 2137 sanctis
2587 2085 2933 2154 septuaginta
2965 2085 3231 2141 militibus
3262 2088 3419 2144 habi-

1850 2177 1961 2223 tum
2009 2172 2237 2236 militiae,
2281 2185 2338 2226 et
2383 2175 2463 2226 eis
2495 2174 2740 2228 abscindi
2788 2191 2972 2240 zonas,
3007 2187 3063 2230 et
3091 2179 3291 2233 deinde
3333 2181 3415 2234 sic

1848 2278 1942 2318 eos
1966 2263 2031 2317 ad
2059 2264 2231 2334 ipsum
2286 2265 2484 2319 adduci
2525 2281 2648 2320 cum
2681 2281 2875 2336 magna
2898 2267 3215 2338 ignominia.
3250 2271 3416 2326 Cum-

1850 2370 1958 2424 que
2011 2355 2128 2410 haec
2184 2371 2377 2428 magna
2432 2357 2711 2414 celeritate
2756 2359 3071 2415 effecissent
3133 2365 3414 2428 satellites,

1848 2447 1983 2502 dixit
2007 2449 2087 2502 eis
2112 2458 2373 2518 tyrannus
2409 2468 2423 2507 :
2451 2451 2659 2515 Videte,
2684 2467 2714 2505 a
2746 2453 2895 2520 quali
2928 2454 3096 2523 gloria
3130 2465 3184 2510 et
3205 2456 3415 2512 honore

1847 2538 2149 2600 excidistis,
2201 2547 2257 2592 et
2319 2542 2479 2608 quale
2550 2541 2707 2596 vobis
2761 2542 3023 2612 obtigerit
3081 2545 3323 2602 dedecus
3360 2562 3416 2605 et

1848 2631 2186 2701 contemptio
2222 2641 2445 2701 propter
2478 2642 2715 2688 vestram
2748 2633 3197 2694 inobedientiam.
3227 2641 3413 2697 Sancti

1850 2723 2108 2779 dixerunt
2162 2734 2391 2795 tyranno
2426 2743 2439 2778 :
2476 2725 2698 2781 Etiamsi
2735 2736 2812 2790 tu,
2852 2737 2908 2781 ut
2965 2730 3266 2798 existimas,
3315 2751 3416 2791 nos

1849 2813 2048 2868 exuisti
2077 2814 2267 2869 habitu
2322 2817 2550 2882 militiae,
2587 2826 2644 2871 et
2674 2818 2954 2873 ahscidisti
2990 2837 3154 2877 zonas
3179 2835 3414 2889 nostras,

1848 2911 1932 2956 est
1961 2903 2105 2960 Deus
2162 2915 2349 2960 noster
2390 2908 2444 2960 in
2487 2909 2659 2969 etelis,
2685 2925 2844 2976 quem
2881 2912 3133 2977 colimus,
3169 2916 3263 2983 qui
3317 2934 3418 2972 nos

1852 2996 2033 3051 induit
2055 2999 2304 3054 vestibus
2346 3008 2402 3053 et
2429 3001 2586 3054 zonis
2619 3001 2953 3071 incorrupta:
2981 3012 3036 3058 ct
3061 3015 3279 3063 aeterna:
3299 3010 3420 3079 ejus

1850 3088 2057 3158 gloriae,
2092 3106 2254 3160 quam
2288 3092 2405 3160 ipse
2430 3106 2541 3146 non
2578 3109 2637 3147 es
2661 3094 2856 3164 dignus
2887 3097 3073 3152 videre
3097 3107 3191 3153 aut
3227 3101 3418 3158 audire

167 3203 325 3240 τατοι
380 3187 474 3239 καὶ
517 3188 616 3256 τῆς
664 3185 776 3240 τῶν
813 3185 952 3240 θεῶν
1000 3184 1286 3253 εὐμενείας
1317 3181 1546 3247 ἀνάξιοι,
1585 3183 1744 3252 ὑμεῖς

1849 3188 2075 3244 propter
2110 3179 2365 3232 Satanam
2398 3188 2609 3249 patrem
2664 3191 2837 3248 tuum,
2873 3186 2964 3254 qui
2993 3187 3045 3238 in
3079 3197 3131 3241 te
3172 3188 3420 3260 loquitur

169 3278 438 3346 γεγόνατε
478 3280 578 3346 τῆς
609 3278 818 3333 ἑαυτῶν
865 3279 1093 3349 ἀτιμίας
1136 3278 1408 3349 πρόφασις
1434 3292 1446 3306 ·
1486 3274 1544 3340 ἐξ
1592 3274 1748 3344 ἡμῶν

168 3372 282 3440 γάρ
316 3372 659 3441 τιμηθέντες,
693 3374 785 3422 καὶ
811 3371 935 3432 τοὺς
967 3371 1122 3431 θεοὺς
1153 3369 1495 3440 ὲνυϐρίσατε,
1530 3366 1622 3420 καὶ
1649 3366 1750 3433 τῆς

171 3464 455 3532 ἡμετέρας
491 3463 673 3530 φιλίας
708 3463 1180 3531 κατεφρονήσατε.
1239 3461 1655 3529 ’Λποκριθέντες
1700 3459 1750 3509 ct

171 3557 320 3623 ᾶγιοι
355 3550 506 3607 εἷπον
528 3554 604 3623 τῷ
631 3555 880 3626 τυράννῳ
901 3571 914 3584 ·
960 3555 1026 3607 Ἦ
1054 3552 1313 3624 στρατεία
1337 3569 1451 3617 σου,
1473 3551 1548 3612 ὡς
1585 3548 1750 3618 μηδὲν

171 3649 396 3719 ἔχουσα,
436 3649 796 3719 παρέρχεται,
835 3647 930 3702 καὶ
985 3647 1020 3719 ή
1078 3644 1332 3718 παροῦσα
1378 3641 1511 3712 τιμὴ
1557 3638 1750 3710 ἀτιμία

174 3743 260 3793 σοί
312 3743 481 3805 ἐστιν,
526 3741 716 3811 ἐπειδὴ
767 3741 861 3794 τοῦ
907 3739 1201 3802 δεδωκότος
1248 3755 1330 3791 σοι
1366 3738 1466 3808 τὴν
1501 3734 1752 3798 ἐξουσίαν

174 3832 445 3883 ἐπελάθου
501 3833 661 3896 Θεοῦ,
697 3833 766 3883 τὰ
819 3833 876 3884 δὲ
928 3832 1112 3901 ἀψυχα
1150 3830 1365 3893 εἴδωλα,
1393 3829 1462 3882 τά
1501 3827 1576 3896 μὴ
1611 3825 1754 3893 ὠφε-

168 3922 372 3975 λούντα
434 3921 522 3974 διά
584 3922 643 3973 τὸ
708 3922 782 3991 μὴ
862 3923 1154 3989 γινώσκειν
1204 3923 1296 3973 τὸν
1319 3918 1562 3987 τιμῶντα
1613 3917 1753 3970 αύτά

172 4016 268 4068 καὶ
309 4012 626 4085 ὑϐρίζοντα,
651 4013 895 4083 ἀνοήτως
916 4013 1200 4076 θεοποιεῖς.
1222 4011 1279 4065 '0
1295 4010 1557 4082 τύραννος
1575 4003 1752 4061 εἷπεν·

168 4111 272 4163 Διά
334 4109 435 4179 τὴν
495 4107 906 4176 φιλανθρωπίαν
965 4109 1066 4177 τῆς
1123 4106 1397 4176 ἡμετέρας
1477 4101 1754 4172 βασιλείας

169 4204 494 4273 φειδόμενος
549 4202 702 4272 ὑμῶν
757 4203 855 4256 καὶ
904 4201 1228 4270 βουλόμενος
1295 4194 1755 4267 περιποιήσασθαι

167 4297 272 4366 ’τὴν
340 4295 485 4366 ζωὴν
517 4297 692 4366 ὑμῶν,
741 4295 820 4348 ἔτι
853 4296 1116 4365 ἀνέχομαι
1149 4292 1325 4363 ὑμῶν.
1365 4290 1473 4343 Καὶ
1504 4287 1756 4341 ἐκέλευσε

167 4389 322 4459 τρεῖς
358 4369 569 4457 ἡμέρας
604 4386 931 4458 ἀποτεθῆναι
968 4387 1162 4438 αὐτοὺς
1205 4387 1262 4436 ιν
1289 4386 1355 4454 τῇ
1398 4381 1632 4452 φρουρᾷ,
1668 4379 1753 4430 ἴνα

165 4485 231 4537 τὸ
267 4481 553 4550 συμφέρον
605 4480 1027 4549 βουλεύσωνται.

1850 3275 1904 3322 et
1945 3278 2225 3338 operatur.
2287 3270 2441 3325 Tunc
2498 3274 2651 3327 valde
2702 3274 2875 3329 iratus
2940 3285 3224 3348 tyrannus,
3279 3282 3419 3337 dixit

1852 3360 2054 3416 Sanetis
2083 3378 2097 3417 :
2127 3358 2171 3414 Ο
2219 3363 2540 3417 exsecraudi
2572 3372 2626 3418 et
2653 3365 2861 3435 indigni
2905 3368 3131 3424 deorum
3188 3373 3424 3430 benevoo

1853 3451 2042 3517 lentia,
2075 3468 2172 3507 vos
2200 3463 2435 3508 vestram
2472 3455 2824 3524 ignominiam
2875 3461 3031 3515 vobis
3063 3463 3419 3523 conciliastis.

1852 3544 1895 3596 A
1934 3545 2092 3597 nobis
2122 3546 2269 3599 enim
2318 3545 2527 3601 honore
2557 3547 2757 3614 aﬂ'ecti,
2810 3554 3074 3607 maximos
3119 3555 3254 3610 deos
3287 3558 3422 3613 οσο-

1855 3632 2008 3688 cistis
2040 3637 2395 3700 contumelia,
2425 3647 2479 3690 et
2513 3649 2756 3694 nostram
2789 3645 3203 3714 contempsistis
3228 3649 3424 3705 amici-

1858 3728 2015 3782 tiam.
2074 3729 2150 3782 De
2199 3738 2400 3783 caetero
2464 3729 2698 3799 accipite
2753 3736 3145 3791 convenienter
3225 3743 3427 3797 vestris

1857 3820 2032 3875 iactis.
2049 3821 2464 3891 Respondentes
2480 3831 2657 3876 autem
2673 3824 2868 3889 sancti,
2883 3825 3142 3882 dixerunt
3161 3839 3422 3901 tyranno:

1857 3911 2178 3980 Imperator,
2255 3912 2370 3966 haec
2425 3911 2620 3966 militia
2671 3923 2783 3980 tua,
2841 3924 2901 3970 ut
2954 3933 3075 3987 quae
3144 3922 3282 3975 nihil
3329 3925 3421 3988 sit,

1858 4003 2124 4074 praeterit,
2173 4013 2229 4057 et
2260 4005 2353 4072 qui
2406 4005 2563 4059 adest
2612 4005 2810 4071 honor,
2846 4019 2931 4063 est
2984 4011 3082 4065 tibi
3133 4013 3424 4071 dedecus:

1857 4095 2116 4165 quoniam
2147 4095 2353 4149 oblitus
2390 4111 2450 4150 es
2477 4095 2593 4161 Dei,
2625 4097 2718 4166 qui
2757 4098 2898 4154 hanc
2937 4101 3036 4156 tibi
3064 4104 3218 4159 dedit
3269 4120 3426 4178 pote-

1858 4195 2077 4241 statem.
2103 4186 2250 4242 Vana
2307 4182 2438 4241 vero
2477 4194 2531 4241 et
2561 4187 2801 4244 inanima
2866 4190 3180 4261 simulacra,
3224 4213 3343 4267 qua:
3375 4210 3427 4253 te

1860 4279 1997 4334 nihil
2019 4281 2232 4350 juvant,
2267 4279 2412 4349 quod
2442 4295 2506 4334 ea
2535 4296 2642 4335 non
2670 4293 3004 4352 cognoscant
3034 4303 3160 4342 eum
3192 4291 3282 4359 qui
3306 4290 3421 4360 ipsa

1861 4373 2069 4425 honore
2123 4370 2288 4425 allicit
2320 4380 2415 4425 aut
2450 4374 2801 4438 contumelia,
2850 4375 2904 4429 in
2939 4377 3072 4432 deos
3115 4381 3331 4446 stolide,
3369 4393 3430 4437 ut

1859 4464 1952 4534 qui
2005 4463 2164 4531 plane
2193 4477 2352 4515 sensu
2408 4477 2616 4518 careas.
2669 4466 2863 4518 refers.
2918 4467 3062 4521 Dixit
3115 4481 3424 4540 tyrannus:

167 4582 414 4650 Propter
447 4573 618 4631 nostri
663 4573 879 4643 imperii
913 4569 1259 4628 clementiam
1312 4568 1468 4623 vobis
1497 4577 1747 4638 parcens,
1786 4558 2047 4615 etvoleus
2096 4554 2263 4608 vitam
2310 4553 2601 4650 vobisesse
2648 4555 2876 4621 salvam,
2906 4556 3085 4614 adhuc
3111 4577 3204 4617 vos
3221 4565 3424 4635 pallor,

161 4645 574 4752 jussitqueeos
625 4676 738 4723 tres
768 4665 887 4721 dies
907 4665 1111 4719 includi
1152 4665 1205 4718 in
1232 4677 1471 4724 carcere,
1505 4669 1564 4714 ut
1587 4663 1845 4724 caperent
1875 4648 2164 4752 cons-ilium
2193 4645 2336 4714 quod
2365 4647 2446 4701 eis
2497 4647 2800 4752 expediret.

243 4770 322 4822 Z'.
360 4740 484 4819 i‘d’w
515 4765 570 4818 δὲ
609 4759 968 4818 ὑπασπιστῶν
1019 4759 1428 4827 πληρωσάντων
1460 4755 1554 4808 τοῦ
1601 4753 1749 4822 βασι-

1830 4787 1831 4794 η
1930 4742 2042 4796 VII.
2100 4740 2235 4794 Cum
2292 4750 2473 4792 antem
2533 4740 2796 4794 satellites
2854 4743 3171 4812 implessent
3208 4753 3422 4817 jussum

165 4865 316 4924 λὲως
360 4859 421 4910 τὸ
457 4858 786 4927 πρόσταγμα
827 4854 922 4908 καὶ
964 4853 1042 4917 είς
1086 4850 1333 4921 φυλακήν
1373 4849 1571 4909 αὐτοὺς
1618 4846 1758 4915 μετά

166 4952 380 5010 κλοιῶν
407 4949 837 5018 καθειρξάντων,
864 4943 1014 4998 εἷπον
1044 4948 1181 5016 πρὸς
1209 4943 1471 5013 ἀλλήλους
1508 4940 1556 4992 οί
1589 4939 1755 5004 ἅγιοι·

179 5043 611 5114 Ἐτοεμάσωμεν
664 5040 934 5102 ἅπαντες,
995 5037 1236 5104 ἀδελφοὶ,
1268 5032 1609 5104 ὁμοθυμαδὸν
1660 5031 1759 5092 τὰς

164 5138 365 5208 ψυχὰς
398 5132 555 5205 ήμῶν
577 5132 656 5194 είς
686 5129 1020 5201 προσευχὴν,
1062 5129 1158 5182 καὶ
1185 5128 1469 5197 δεηθῶμεν
1497 5123 1590 5177 τοῦ
1621 5122 1758 5175 Θεοῦ

1859 4831 2230 4903 imperatoris,
2266 4841 2321 4886 et
2353 4847 2450 4886 eos
2508 4832 2561 4885 in
2597 4834 2844 4887 custodia
2893 4834 3250 4895 inclusissent
3298 4859 3423 4897 cum

1855 4929 2169 4992 collaribus,
2225 4928 2398 4981 sancti
2435 4927 2692 4979 dixerunt
2723 4927 2867 4982 inter
2900 4945 2957 4985 se
2990 4951 3001 4984 :
3045 4931 3261 4990 Fratres
3291 4938 3424 4992 cha-

1855 5023 2075 5086 rissimi,
2111 5029 2368 5090 paremus
2414 5034 2604 5074 omnes
2641 5031 2853 5075 nosuas
2880 5023 3089 5076 animas
3116 5024 3182 5077 ad
3217 5030 3422 5081 oratio-

1858 5131 2003 5179 nem,
2033 5125 2087 5169 et
2137 5115 2349 5168 intcnse
2407 5129 2629 5168 oremus
2674 5114 2966 5184 benignum
3003 5125 3058 5170 et
3096 5117 3424 5175 clementem

166 5204 344 5300 ήμῶν
379 5204 614 5286 ἰκτενῶς
646 5220 829 5274 δοῦναι
857 5223 988 5289 ἡμῖν
1018 5219 1210 5289 σοφίαν
1239 5235 1297 5270 τε
1323 5220 1419 5271 καὶ
1449 5216 1648 5284 γνῶσιν
1671 5213 1698 5266 δ
1728 5214 1749 5265 :l

1858 5207 2027 5261 Deum
2056 5214 2329 5268 nostrum,
2367 5215 2426 5257 ut
2474 5204 2567 5258 det
2598 5206 2758 5258 nobis
2786 5205 3106 5274 sapientiam
3141 5218 3200 5262 et
3233 5213 3423 5281 cogni-

164 5321 276 5376 τοῦ
329 5318 488 5386 ἀγίου
545 5313 712 5368 αὐτοῦ
761 5305 1095 5382 Πνεύματος”,
1127 5312 1222 5364 καὶ
1272 5310 1530 5380 ἐμϐαλεῖν
1570 5309 1650 5370 είς
1698 5307 1757 5357 τὸ

170 5413 365 5482 στόμα
396 5404 552 5478 ἡμῶν
579 5403 630 5456 τί
657 5403 1124 5473 ἀπολογήσασθαι,
1151 5403 1299 5466 ὅπως
1325 5399 1582 5471 θαυμάσῃ
1609 5401 1635 5449 ὁ
1667 5397 1756 5449 τύ·

169 5518 380 5575 ραννος
415 5495 813 5569 τήν-ἀλήθειαν
842 5496 944 5564 τῆς
988 5493 1221 5557 πίστεως
1257 5493 1436 5562 ήμῶν.
1472 5493 1582 5544 Καὶ
1627 5505 1758 5541 στα-

163 5598 372 5658 θέντες
419 5595 499 5655 είς
549 5592 862 5660 προσευχὴν
899 5592 947 5642 οἱ
981 5590 1126 5656 ἀγιοι
1174 5587 1542 5656 ἑϐδομήκοντα
1579 5583 1652 5646 ὡς
1696 5582 1760 5634 ὲκ

172 5689 314 5762 μιᾶς
371 5685 554 5756 ψυχῆς
600 5677 782 5738 εἷπον·
817 5681 878 5732 '0
917 5681 1048 5744 Θεὸς
1094 5683 1121 5733 ὁ
1171 5679 1590 5748 παντοκράτωρ,
1623 5667 1684 5728 οὗ
1726 5675 1757 5742 ἠ

250 5790 271 5819 ³
311 5785 504 5840 Muth.
550 5796 705 5834 xvm.

593 5875 843 5932 ΡΑἰιιοι.
916 5868 1032 5926 Gtt.
1081 5864 1261 5932 CXV,

1861 5300 2064 5353 tionem
2094 5311 2193 5366 per
2218 5306 2466 5350 sanctum
2495 5294 2781 5367 Spiritum,
2807 5309 2863 5352 et
2895 5298 3096 5366 injiciat
3128 5298 3184 5356 in
3237 5317 3298 5357 os
3325 5319 3426 5358 no-

1859 5403 2056 5453 strum,
2089 5389 2216 5458 quid
2248 5391 2676 5457 respondeamus
2717 5389 3033 5459 imperatori
3062 5409 3074 5445 :
3101 5401 3160 5446 ut
3193 5394 3430 5450 admire-

1864 5496 1952 5540 tur
1979 5485 2093 5553 ipse
2129 5497 2350 5552 quoque
2395 5491 2656 5552 tyrannus
2687 5481 2972 5537 veritatem
3030 5493 3230 5540 nostrae
3274 5487 3427 5543 ﬁdei.

1865 5578 1931 5632 Et
1962 5593 2019 5632 se
2054 5574 2119 5630 ad
2175 5573 2508 5644 precandum
2566 5574 2914 5631 conferentes
2967 5577 3142 5632 saneti
3206 5590 3427 5647 septua-

1865 5671 2010 5740 ginta
2047 5668 2248 5724 Christi
2286 5679 2554 5738 martyres
2601 5667 2860 5723 dixerunt
2925 5678 3181 5737 tanquam
3214 5686 3281 5726 ex
3322 5689 3434 5729 uno

3040 5854 3117 5918 12
