4188 6310
747 376 853 440 363

2040 354 2323 415 MENSIS
2366 345 2666 413 IULIUS.

3889 336 3994 407 364

746 506 846 547 ore
871 496 926 544 et
951 502 1055 542 una
1092 483 1273 540 anima
1305 496 1318 533 :
1348 475 1576 531 Domine
1612 472 1740 528 Jesu
1767 466 2008 526 Christe.
2042 465 2188 519 Deus
2209 477 2320 516 om-

2446 460 2650 526 ,ξουσία
2705 457 2926 520 αἰώνιος
2960 457 3056 510 καὶ
3089 457 3121 527 ἠ
3160 455 3405 525 βασιλεία
3440 454 3501 508 οὐ
3540 451 3990 522 διαφθαρήσεται,

747 581 1026 651 nipotens,
1088 575 1245 644 cujus
1272 574 1517 640 potestas
1571 569 1795 622 aeterna,
1846 566 1902 612 et
1943 569 2176 651 regnum
2202 567 2314 651 non

747 640 1022 731 inicribit,
1049 640 1202 719 mitte
1235 659 1304 713 ad
1328 671 1432 711 nos
1485 650 1889 707 sanctissimum
1930 654 2084 698 tuum
2145 640 2319 710 Spiri-

748 775 890 826 tum,
926 769 982 819 et
1012 771 1113 812 uos
1141 769 1240 824 per
1271 765 1398 805 eum
1435 743 1615 808 erudi,
1671 749 1730 796 ut
1751 741 1805 793 in
1835 740 1953 807 ipso
1979 734 2318 790 exsultemns

746 871 806 915 et
849 859 1096 910 laetemur
1145 889 1161 914 ,

747 947 1080 1005 extollamur
1107 941 1164 995 in
1187 951 1314 991 vera
1343 944 1435 987 tua
1465 929 1570 984 ﬁde
1601 942 1700 997 per
1742 932 1994 979 sanctum
2029 918 2320 988 Spiritum.

750 1040 846 1113 qui
872 1035 1120 1109 loquitur
1148 1030 1204 1084 in
1256 1026 1434 1086 nobis,
1469 1017 1864 1077 convenienter
1895 1023 2001 1068 tua-
2033 1016 2260 1113 νοτε-ει
2291 1011 2323 1061 ε

752 1100 1039 1190 mendacio
1065 1125 1254 1180 alienae
1289 1110 1664 1190 promissioni,
1681 1119 1738 1164 et
1767 1121 1868 1178 pro
1888 1121 1920 1160 ε
1956 1102 2119 1158 nobis
2142 1100 2324 1155 ablata

753 1223 1030 1281 mundana
1056 1215 1345 1288 dignitate,
1365 1207 1669 1264 eﬂiciamur
1713 1199 1919 1254 milites
1944 1196 1997 1250 in
2020 1203 2208 1250 sancta
2231 1202 2324 1248 tua

753 1318 994 1376 civitate,
1039 1319 1095 1365 et
1115 1305 1454 1362 ascribamur
1507 1299 1561 1352 in
1594 1306 1883 1349 numerum
1934 1289 2140 1344 civium
2195 1300 2324 1340 cum

756 1405 1016 1463 omnibus
1065 1398 1178 1452 tuis
1230 1391 1455 1456 sanctis,
1509 1387 1604 1458 qui
1631 1385 1730 1440 tibi
1763 1399 1793 1438 a
1826 1381 2030 1438 saeculo
2080 1386 2232 1432 recte
2269 1377 2326 1430 in

758 1493 866 1549 ﬁde
910 1491 1258 1560 placuerunt.
1294 1478 1564 1546 Quoniam
1602 1485 1660 1530 tu
1720 1489 1782 1527 es
1811 1471 1964 1526 solus
1989 1469 2156 1526 Deus.
2184 1476 2241 1522 et
2273 1474 2328 1520 te

758 1586 915 1640 decet
939 1579 1114 1651 gloria
1136 1585 1191 1632 et
1225 1571 1468 1644 potentia
1493 1570 1547 1623 in
1574 1565 1790 1621 saecula.
1823 1562 2018 1616 Amen.

827 1649 965 1731 Vill.
1008 1667 1314 1738 Completis
1338 1672 1523 1717 autem
1557 1659 1735 1716 tribus
1765 1655 1983 1720 diebus,
2027 1649 2332 1722 prasidens

760 1781 956 1825 rursus
982 1755 1439 1821 Maximianus,in
1469 1750 1723 1808 eumdem
1756 1749 1936 1803 locum
1974 1754 2147 1814 porta:
2173 1743 2332 1796 Ama-

762 1863 892 1916 nisa:
925 1868 1120 1911 rursus
1151 1853 1517 1906 concurrente
1572 1842 1832 1895 universa
1867 1837 2110 1898 civitate,
2143 1846 2335 1884 accer-

763 1954 857 2010 siit
911 1955 1154 2006 sanctos.
1211 1938 1401 1996 Sancti
1455 1948 1589 1989 vero
1646 1938 1920 2000 martyres
1979 1931 2338 1982 accesserunt

765 2043 926 2102 tracti
951 2058 982 2096 a
1005 2034 1292 2096 ministris,
1317 2039 1373 2085 et
1393 2031 1667 2083 steterunt
1684 2031 1809 2077 ante
1827 2018 2081 2089 impium.
2107 2015 2338 2084 Iniquus

764 2147 947 2193 autem
979 2133 1274 2200 imperator
1303 2115 1478 2178 minas
1504 2127 1819 2186 temperans
1854 2109 2168 2174 clementia,
2196 2105 2339 2161 dixit

764 2229 848 2285 eis
879 2244 894 2280 :
927 2226 970 2282 Ο
1000 2198 1128 2286 viri,
1159 2215 1356 2272 discite
1406 2210 1625 2265 tandem
1676 2204 1809 2276 quid
1834 2201 1994 2257 vobis
2039 2198 2339 2269 expediat:

765 2331 822 2377 et
853 2314 1201 2375 accedentes,
1231 2306 1340 2361 diis
1375 2300 1702 2361 sacriﬁcate,
1728 2303 1785 2351 et
1805 2292 1971 2346 vitam
2006 2287 2260 2356 accipite,
2283 2291 2342 2338 et

768 2429 882 2471 non
917 2414 1150 2463 mortem
1183 2397 1463 2455 acerbam.
1497 2391 1767 2447 Dixerunt
1819 2382 1994 2440 sancti
2025 2388 2296 2450 martyres
2324 2394 2338 2431 :

771 2508 847 2563 De
910 2505 1014 2560 hoc
1061 2499 1268 2552 bonum
1302 2487 1596 2546 consilium
1657 2480 1925 2551 cepimus,
1957 2491 1990 2531 o
2020 2475 2340 2545 imperator.

769 2598 912 2655 Audi
974 2601 1202 2650 attente,
1249 2594 1397 2639 etne
1430 2594 1530 2633 nos
1583 2575 1820 2644 amplius
1870 2584 2056 2641 cogas,
2087 2575 2183 2622 aut
2229 2563 2340 2618 vim

771 2689 932 2746 nobis
965 2686 1130 2740 ullam
1165 2665 1364 2734 afferas
1393 2693 1405 2728 :
1435 2668 1740 2726 Statuimus
1764 2663 1914 2718 enim
1961 2659 2091 2716 odio
2137 2657 2345 2712 habere

773 2785 916 2838 hanc
960 2779 1149 2839 vitam,
1211 2785 1332 2840 qua:
1361 2774 1446 2821 est
1493 2761 1562 2817 ad
1615 2769 1853 2824 tempus,
1921 2752 2153 2821 diligere
2209 2761 2345 2801 vero

777 2880 1010 2928 mortem
1076 2859 1414 2933 propositam
1472 2857 1696 2922 propter
1726 2843 1932 2903 Christi
1983 2840 2342 2898 desiderium.

774 2966 878 3020 Per
904 2928 1093 3030 ipsum
1115 2928 1263 3007 enim
1301 2946 1471 3000 vitam
1500 2950 1758 2995 aeternam
1803 2947 2087 3008 speramus
2121 2928 2348 2986 lucrifa-

777 3021 1034 3109 cere-De
1060 3055 1260 3101 caetero
1282 3052 1416 3109 ergo
1457 3035 1540 3089 fac
1572 3033 1814 3086 breviter
1846 3029 1902 3082 in
1935 3040 2036 3080 nos
2058 3022 2207 3093 quod
2239 3021 2343 3073 vis.

2423 550 2808 615 ἐξαπόστειλον
2837 549 2970 619 ἡμῖν
2998 547 3059 600 τὸ
3090 546 3318 616 Πνεῦμά
3356 562 3448 599 σου
3485 544 3546 597 τὸ
3577 543 3866 610 πανάγιον,
3912 541 3998 593 ἵνα

2421 648 2480 699 ιν
2512 643 2660 714 αῦτῷ
2689 641 3151 714 ἀγαλλιασωμεθα
3180 641 3274 693 καὶ
3301 637 3720 709 εὐφρανθῶμεν,
3737 638 3832 690 καὶ
3852 635 4000 703 νικήο

2429 754 2614 810 σωμεν
2665 735 2764 798 τάς
2796 736 3060 807 πονηρίας
3097 739 3196 804 τῆς
3231 732 3462 802 πλάνης,
3492 733 3587 785 καὶ
3609 728 3916 799 ὑψωθῶμεν
3945 730 4003 780 έν

1225 853 1282 900 et
1315 843 1598 896 vincamus
1654 832 1860 889 erroris
1914 827 2210 898 nequitias,
2265 831 2324 878 et

2446 835 2491 901 πῇ
2518 829 2747 900 ἀληθινῇ
2782 845 2877 882 σου
2913 827 3090 880 πίστει
3130 825 3219 879 διὰ
3250 823 3344 878 τοῦ
3377 826 3534 892 ἀγίου
3562 820 3882 889 Πνεύματος
3910 816 4002 870 τοῦ

2427 923 2726 985 λαλοῦντος
2756 924 2816 975 εν
2846 915 3008 991 ἡμῖν,
3031 920 3176 973 κατά
3213 917 3311 990 τὴν
3338 918 3602 988 ἀληθινήν
3633 932 3726 968 σου
3765 916 4003 979 επαγγε-

2428 1018 2571 1081 λίαν,
2590 1017 2686 1072 καὶ
2714 1015 2836 1071 ἀντὶ
2859 1014 2960 1086 τῆς
2993 1009 3376 1083 ἀναιρεθείσης
3400 1008 3669 1079 κοσμικῆς
3692 1005 3855 1073 ἀξίας
3876 1001 4007 1073 παρ’

2427 1110 2588 1183 ήμῶν
2626 1105 2916 1178 γινώμεθα
2961 1104 3296 1176 στρατιῶται
3331 1103 3390 1156 εν
3422 1100 3575 1174 πόλει
3612 1099 3746 1170 ἀγίᾳ
3780 1115 3901 1162 σου,
3949 1097 4008 1148 ιν

2428 1198 2464 1277 ᾖ
2492 1199 2907 1257 συνελεύσονταί
2930 1215 3012 1253 σοι
3036 1199 3238 1260 πάντες
3259 1196 3309 1248 οί
3343 1195 3702 1263 συναγόμενοι
3727 1194 3794 1261 τῇ
3823 1189 4010 1242 πίστει

2429 1295 2523 1349 τοῦ
2562 1293 2804 1363 Χριστοῦ
2848 1311 2967 1358 σου,
3004 1290 3122 1362 μεθ’
3159 1285 3222 1346 οῦ
3254 1307 3337 1343 σοι
3372 1289 3452 1360 τῷ
3483 1289 3684 1355 Πατέρι
3729 1286 3939 1355 πρέπει
3979 1285 4012 1354 ἡ

2429 1386 2556 1454 δόξα
2585 1388 2680 1441 καὶ
2704 1386 2764 1439 τὸ
2793 1384 2996 1456 κράτος
3033 1385 3130 1436 σὺν
3157 1381 3234 1452 τῷ
3265 1382 3408 1452 ἀγίῳ
3432 1381 3526 1434 καὶ
3557 1376 3809 1448 ζωοποιῷ
3841 1374 4016 1431 Πνεῦ-

2437 1496 2570 1549 ματι
2601 1480 2684 1541 είς
2713 1478 2840 1538 τοὺς
2865 1476 3087 1536 αίῶνας.
3132 1475 3327 1544 Ἀμήν.

2505 1657 2587 1713 Η’.
2619 1657 2727 1710 Καὶ
2752 1656 2892 1724 μετά
2933 1655 3032 1725 τὴν
3078 1653 3472 1724 συμπλήρωσιν
3505 1650 3614 1705 τῶν
3658 1650 3828 1720 τριῶν
3880 1650 4018 1720 ἡμε-

2441 1746 2550 1818 ρῶν
2573 1745 2914 1817 προκαθίσας
2944 1744 3107 1798 πάλιν
3134 1745 3165 1795 ό
3194 1743 3538 1810 Μαξιμιανὸς
3573 1739 3716 1794 κατά
3737 1741 3828 1793 τὸν
3851 1739 4019 1792 αὑτὸν

2437 1842 2600 1892 τόπον
2627 1838 3041 1908 τῆςἋμαξικῆς
3066 1836 3260 1906 πύλης,
3282 1835 3696 1905 συνδραμούσης
3719 1832 3815 1885 καὶ
3835 1831 4019 1901 πάσης

2438 1931 2540 2001 τῆς
2579 1929 2813 1993 πόλεως,
2865 1926 3254 1997 μετεπέμψατο
3288 1926 3416 1987 τοὺς
3445 1925 3653 1991 ἁγίους.
3692 1924 3754 1976 Oi
3787 1921 3844 1974 δὲ
3876 1937 4022 1990 παρο

2437 2023 2707 2092 εγένοντο,
2731 2018 3148 2089 ἑλκόμενοιὺπδ
3176 2015 3286 2072 τῶν
3304 2015 3626 2086 ὑπηρετῶν,
3656 2016 3748 2066 καὶ
3779 2014 4022 2082 ἔστησαν

2441 2111 2758 2184 εμπροσθεν
2799 2109 2896 2164 τοῦ
2944 2109 3265 2171 δυσσεϐοῦς.
3309 2107 3368 2162 '0
3405 2107 3464 2160 δὲ
3503 2104 3890 2176 φιλανθρωπίᾳ
3923 2103 4026 2172 τὴν

2440 2205 2672 2276 ἀπειλὴν
2705 2204 2969 2274 κεράσας,
3001 2203 3103 2272 εφη
3151 2201 3288 2273 πρὸς
3319 2200 3551 2264 αὐτούς·
3593 2197 3713 2252 Κάν
3757 2197 3856 2267 ὀψέ
3889 2213 4024 2250 ποτε

2442 2299 2504 2352 τὸ
2539 2297 2818 2367 συμφέρον
2842 2296 2976 2365 ὑμῖν
3009 2293 3231 2364 μάθετε,
3261 2288 3306 2347 ὦ
3330 2293 3542 2363 ἀνδρες,
3577 2291 3676 2346 καὶ
3699 2289 4026 2360 προσελθόν-

2443 2408 2533 2454 τες
2562 2390 2762 2443 θύσατε
2806 2391 2917 2450 τοῖς
2955 2388 3119 2453 θεοῖς,
3152 2387 3245 2440 καὶ
3282 2385 3587 2456 κομίσασθε
3618 2385 3717 2454 τὴν
3750 2383 3898 2452 ζωὴν
3929 2382 4027 2435 καὶ

2449 2482 2524 2554 μὴ
2553 2483 2645 2536 τὸν
2680 2482 2881 2550 πικρὸν
2913 2481 3165 2535 θάνατον.
3202 2481 3264 2534 Ol
3299 2479 3445 2547 ἀγιοι
3488 2472 3678 2531 εἴπονο
3717 2475 3890 2529 Τοῦτο
3930 2491 4027 2534 κατ

2444 2574 2553 2634 λῶς
2580 2569 3047 2640 ἐϐουλευσάμεθα,
3074 2566 3313 2638 βασιλεῦ,
3337 2568 3437 2636 τὴν
3463 2567 3793 2636 πρόσκαιρον
3819 2561 4028 2630 ταύτην

2448 2663 2593 2733 ζωὴν
2617 2662 2866 2732 μισῆσαι,
2891 2661 3175 2728 ἀγαπῆσαι
3203 2659 3260 2712 δὲ
3290 2659 3380 2711 τὸν
3411 2659 3772 2725 προκείμενον
3795 2655 4029 2708 θάνατον

2447 2754 2536 2808 διὰ
2566 2755 2659 2806 τὸν
2679 2754 2758 2816 είς
2783 2752 3016 2823 Χριστὸν
3043 2751 3207 2805 πόθον
3225 2763 3240 2780 ο
3265 2749 3558 2820 ἐλπίζομεν
3607 2750 3716 2818 γὰρ
3764 2747 3831 2799 δι’
3861 2745 4028 2798 αὐτοῦ

2450 2845 2708 2917 κερδάναι
2759 2844 2860 2916 τὴν
2909 2843 3056 2915 ζωὴν
3106 2844 3204 2913 τὴν
3243 2841 3482 2895 αίώνιον.
3523 2840 3729 2894 Λοιπὸν
3757 2837 3852 2891 οῦν
3885 2837 4030 2890 ποίει

2450 2939 2734 3008 συντόμως
2767 2939 2796 2992 ὃ
2827 2938 3041 3006 βούλειο
3077 2938 3236 3005 ἡμεῖς
3279 2936 3388 3005 γὰρ
3433 2935 3534 2988 οὐκ
3577 2930 3890 3004 ἀρνούμεθα
3937 2931 4032 2982 τὸν

2451 3030 2584 3084 Θεὸν
2614 3030 2795 3098 ἡμῶν,
2844 3029 2966 3082 οὐδὲ
3002 3027 3125 3090 τοὺς
3151 3025 3412 3095 δαίμονάς
3450 3040 3546 3078 σου
3579 3022 4030 3094 προσκυνοῦμεν

775 3147 887 3202 Nos
949 3141 1095 3194 enim
1152 3149 1263 3188 non
1319 3139 1584 3198 negamus
1640 3123 1811 3176 Deum
1856 3126 2128 3178 nostrum,
2163 3125 2341 3182 neque

2451 3123 2510 3176 ὲν
2536 3122 2644 3194 γὰρ
2673 3123 2739 3193 τῇ
2771 3121 3098 3191 κατακρίσει
3134 3117 3227 3174 τοῦ
3259 3118 3596 3189 προσκαίρου
3633 3115 3827 3170 τούτου
3865 3114 4034 3167 θανά-

778 3237 1054 3292 das-mones
1084 3237 1208 3282 tuos
1266 3233 1508 3289 unquam
1549 3211 1924 3268 adorabimus.
1952 3207 2088 3264 Nam
2125 3205 2180 3259 in
2212 3219 2347 3259 con-

756 3325 1126 3383 'deinnatione
1154 3316 1318 3387 huius
1349 3307 1565 3369 mortis,
1583 3320 1704 3376 quae
1731 3311 1816 3358 est
1846 3301 1912 3356 ad
1945 3310 2185 3370 tempus,
2213 3298 2352 3352 libe-

779 3427 965 3471 ramur
989 3408 1058 3464 ab
1092 3414 1296 3461 aeterna
1347 3395 1826 3454 condemnatione.
1857 3391 1983 3446 Haec
2013 3405 2139 3445 cum
2183 3387 2352 3440 dixis-

777 3516 899 3568 sent
952 3499 1126 3558 sancti
1182 3504 1470 3562 martyres,
1506 3486 1700 3540 videns
1728 3493 1991 3554 tyrannus
2048 3479 2105 3532 in
2171 3477 2351 3532 medio

780 3611 970 3658 eorum
994 3591 1397 3647 adolescentem
1425 3580 1562 3636 dixit
1586 3579 1634 3634 ei
1666 3595 1680 3632 :
1707 3577 1824 3639 Dic,
1847 3568 2350 3640 adolescens,quod

779 3703 865 3749 est
906 3689 1003 3743 tibi
1054 3697 1277 3743 nomen,
1312 3689 1368 3733 et
1427 3675 1582 3743 cujas
1613 3686 1673 3725 es
1701 3667 1940 3739 genere?
1972 3665 2117 3720 Dixit
2169 3664 2352 3718 adole-

779 3799 940 3842 scens
970 3799 984 3836 :
1015 3775 1280 3835 Nominor
1310 3767 1533 3840 quidem
1573 3761 1864 3825 Photinus,
1891 3775 1920 3814 a
1949 3772 2078 3810 vera
2108 3755 2231 3809 luce
2261 3768 2352 3808 ac-

780 3838 940 3950 cepto
988 3871 1232 3928 nomine.
1264 3838 1396 3919 Sum
1428 3869 1611 3914 autem
1671 3854 1829 3907 miles
1855 3848 2083 3914 Christi,
2117 3850 2212 3917 qui
2251 3838 2354 3917 p'u-

781 3943 915 4024 do-re
947 3963 1130 4019 ail'ecit
1158 3967 1366 4029 patrem
1405 3964 1556 4007 tuum
1595 3948 1873 4002 Satanam.
1911 3943 1979 3998 Et
2006 3957 2126 3997 sum
2150 3954 2352 4011 genere

780 4062 1002 4136 quidem
1035 4055 1312 4111 Romanus
1347 4065 1360 4101 :
1396 4046 1543 4099 [llius
1573 4057 1704 4097 vero
1736 4050 1792 4094 et
1825 4037 2065 4093 carnalis
2105 4044 2159 4089 et
2182 4033 2353 4104 spiri-

781 4128 904 4211 talis
931 4146 1178 4205 Mauricii
1224 4137 1537 4196 clarissimi.
1571 4133 1651 4187 Ex
1697 4146 1763 4186 eo
1793 4130 1942 4185 enim
1991 4138 2169 4191 ortus,
2197 4137 2252 4184 et
2284 4128 2353 4179 ab

780 4261 849 4301 eo
895 4249 1118 4311 accepta
1175 4233 1266 4289 Dei
1299 4228 1635 4302 cognitione,
1685 4226 1740 4279 in
1797 4221 2003 4278 Christi
2070 4219 2177 4275 fide
2229 4233 2351 4275 sum

783 4338 1073 4394 educatus.
1137 4339 1299 4398 quem
1341 4334 1396 4378 tu
1432 4334 1659 4390 negans,
1689 4332 1722 4370 ο
1777 4317 2099 4384 imperator,
2133 4328 2356 4382 compa-

2450 3229 2568 3278 του,
2599 3214 2698 3282 τῆς
2720 3212 2942 3264 αίωνίου
2975 3209 3356 3279 κατακρίσεως
3386 3204 3843 3275 ὲλευθερούμεθα.
3890 3204 4034 3255 Ταῦ-

2452 3321 2521 3357 τα
2555 3304 2821 3356 εἰπόντων
2857 3301 2968 3355 τῶν
3031 3300 3227 3368 ἁγίων,
3274 3298 3559 3367 θεωρήσας
3595 3298 3623 3350 ό
3668 3295 3937 3364 τύραννος
3976 3298 4034 3346 ἐν

2456 3396 2609 3466 μέσῳ
2630 3393 2810 3448 αὐτῶν
2832 3397 3072 3460 νεανίαν,
3108 3394 3212 3464 ἔφη
3237 3391 3375 3462 πρὸς
3399 3392 3591 3445 αὐτόν·
3625 3389 3691 3443 Τί
3715 3405 3810 3442 σου
3834 3390 4031 3458 τυγχά-

2454 3509 2533 3545 νει
2567 3492 2627 3545 τὸ
2653 3490 2846 3560 ὄνομα,
2873 3489 2971 3545 καὶ
2995 3490 3160 3544 πόθεν
3188 3486 3456 3559 ὑπάρχεις
3484 3485 3565 3557 τῷ
3598 3485 3744 3554 γένει
3769 3502 3784 3551 ;
3813 3484 3886 3536 Τὸ
3917 3498 4035 3551 μει-

2458 3586 2647 3656 ράκιον
2697 3583 2802 3654 ἔφη
2822 3600 2835 3614 ·
2865 3583 3128 3644 Φωτεινὺς
3158 3579 3498 3648 ὀνομάζομαι
3529 3577 3683 3647 παρά
3718 3575 3813 3630 τοῦ
3842 3574 4033 3644 ἀληθιο

2455 3675 2548 3728 νοῦ
2590 3674 2770 3742 φωτὸς
2825 3673 2924 3741 τὴν
2971 3671 3163 3740 κλῆσιν
3211 3669 3527 3738 δεξάμενος,
3562 3667 3656 3721 καῖ
3692 3665 4035 3736 στρατιώτης

2454 3766 2572 3835 εἰμὶ
2600 3761 2865 3835 Χριστοῦ,
2895 3761 2990 3817 τοῦ
3030 3761 3492 3834 καταισχύναντος
3518 3760 3610 3815 τὸν
3643 3760 3912 3823 Σατανᾶν,
3944 3758 4036 3812 τὸν

2456 3856 2667 3927 πατέρα
2697 3872 2791 3910 σου
2817 3872 2832 3886 ·
2875 3855 3148 3925 Ῥωμαίος
3182 3855 3240 3908 δὲ
3267 3855 3501 3924 ὑπάρχω
3526 3854 3586 3906 τὸ
3612 3853 3796 3921 γένος,
3825 3851 4037 3921 Μαυρι-

2456 3951 2579 4004 κίου
2627 3950 2723 4004 τοῦ
2781 3947 3129 4015 ὲνδοξότατου
3182 3948 3467 4016 τυγχάνων
3505 3945 3618 4004 υίὸς
3663 3945 3934 4012 σαρκικός
3980 3959 4036 3995 τε

2455 4047 2551 4099 καὶ
2588 4045 2993 4115 πνευματικόςο
3034 4041 3093 4106 ἐξ
3124 4039 3290 4096 αὑτοῦ
3333 4040 3442 4110 γάρ
3488 4036 3772 4110 προελθὼν
3812 4040 3911 4092 καὶ
3940 4036 4037 4107 τὴν

2455 4139 2658 4208 γνῶσιν
2684 4136 2816 4209 παρ’
2838 4135 3005 4191 αὑτοῦ
3035 4132 3275 4207 είληφὼς
3307 4133 3400 4188 τοῦ
3428 4132 3587 4198 Θεοῦ,
3615 4134 3696 4197 είς
3719 4134 3823 4200 τὴν
3855 4133 4037 4184 πίστιν

2457 4230 2773 4302 ἀνετράφην
2812 4231 2907 4284 τοῦ
2943 4228 3208 4300 Χριστοῦ,
3232 4227 3294 4279 ὃν
3322 4227 3386 4280 σὺ
3419 4223 3857 4294 ἀπαρνούμενος,
3883 4222 4036 4293 βασι-

2456 4323 2572 4388 λεῦ,
2627 4319 3116 4392 παρασυνεϐλήθης
3169 4319 3282 4380 τοῖς
3339 4317 3562 4387 κτήνεσι
3606 4317 3718 4378 τοῖς
3763 4317 4037 4385 ἀνοήτοις,

784 4440 937 4487 ratus
968 4441 1028 4481 es
1055 4419 1321 4495 iumentis
1373 4410 1786 4482 insipientibus,
1829 4415 1884 4461 et
1947 4406 2144 4461 similis
2179 4406 2341 4458 factus

2459 4415 2557 4468 καὶ
2582 4411 2871 4483 ὡμοιώθης
2901 4411 3109 4477 αὐτοῖς.

788 4539 844 4577 es
877 4521 1004 4574 illis.

858 4609 951 4668 IX.
993 4609 1138 4666 Dixit
1195 4616 1462 4677 tyrannus
1497 4619 1510 4653 :
1563 4598 1777 4654 Stultus
1809 4611 1868 4650 es
1927 4593 2267 4653 adolescens,
2299 4599 2356 4644 et

2383 4470 2436 4530 D

2533 4595 2612 4650 O'.
2645 4595 2706 4650 '0
2724 4594 2984 4665 τύραννος
3006 4591 3158 4646 εἶπεν
3173 4607 3188 4622 ο
3232 4590 3590 4662 Ἀνοητεύεις,
3615 4587 3935 4660 μειράκιον,
3955 4588 4042 4642 καὶ

785 4715 914 4760 sunt
938 4713 1030 4757 tua
1062 4699 1225 4752 verba
1251 4702 1411 4748 aetate
1439 4692 1625 4761 digna.
1655 4687 1852 4758 Atjam
1885 4684 2059 4747 disce,
2093 4681 2242 4752 quod
2269 4693 2341 4736 est

2462 4692 2561 4758 τῆς
2595 4688 2811 4757 ἡλικίας
2831 4685 2957 4754 ἀξια
2982 4686 3239 4758 τυγχάνει
3263 4687 3329 4739 τὰ
3355 4685 3577 4756 ῥήματά
3605 4698 3720 4734 σου.
3751 4681 4042 4750 Διδάχθητι

787 4797 887 4852 tibi
937 4788 1407 4848 conducibile:et
1451 4782 1743 4846 accedens,
1799 4777 2045 4834 sacrifica
2119 4775 2341 4830 maxime

2464 4779 2558 4834 οὖν
2589 4779 2647 4830 τὸ
2672 4778 2977 4850 συμφέρον,
3011 4780 3103 4832 καὶ
3139 4772 3462 4844 προσελθὼν
3489 4773 3652 4829 θῦσον
3688 4772 3769 4844 τῷ
3797 4776 4042 4845 μεγίστῳ

783 4887 927 4951 Jovi,
979 4896 1036 4940 et
1085 4896 1248 4953 parce
1291 4891 1396 4933 tua:
1447 4873 1745 4946 iuventuti.
1799 4869 1944 4924 Dixit
1987 4870 2341 4924 adolescens;

2457 4871 2568 4943 θεῷ
2596 4872 2702 4938 Διΐ,
2733 4874 2826 4926 καὶ
2873 4869 3057 4940 φεῖσαί
3091 4886 3185 4922 σου
3218 4868 3318 4940 τῆς
3345 4869 3615 4939 νεότητος.
3644 4867 3720 4921 Τὸ
3753 4871 4043 4937 μειράκιον

785 4981 1084 5049 Propterea
1115 4969 1262 5043 quod
1300 4984 1408 5023 non
1443 4965 1605 5029 facio,
1650 4960 1797 5034 quod
1831 4960 1933 5026 vis,
1978 4974 2160 5030 neque
2184 4959 2341 5013 sacrit

2456 4963 2562 5035 εφη
2582 4979 2598 4995 ο
2635 4965 2724 5018 Ἐν
2741 4962 2819 5033 τῷ
2838 4962 2914 5034 μὴ
2945 4963 3122 5017 ποιεῖν
3144 4961 3205 5016 τδ
3223 4961 3436 5032 θέλημά
3453 4976 3548 5015 σου
3563 4958 3747 5026 λέγεις
3765 4976 3870 5049 ίμοι
3890 4959 4044 5028 ἀνοη-

789 5036 1250 5130 ίὶοοέἰηιυισέι-ἰε,
1283 5060 1425 5116 dicis
1452 5073 1538 5112 me
1590 5058 1819 5112 stultum
1848 5069 1991 5111 esse.
2028 5052 2162 5108 Nam
2210 5067 2341 5122 quor

2457 5056 2684 5123 ταίνειν,
2719 5055 2842 5109 επεὶ
2882 5053 2975 5108 καὶ
3021 5057 3162 5110 πάνυ
3195 5053 3382 5125 φρονῶ
3419 5053 3549 5125 περὶ
3575 5050 3674 5126 τὴν
3719 5036 3915 5115 πίστιν
3954 5049 4042 5105 τοῦ

788 5163 984 5221 attinet
1011 5157 1230 5230 quidem
1267 5152 1334 5208 ad
1365 5151 1526 5206 (idem
1562 5148 1780 5204 Domini
1826 5147 1929 5202 mei
1970 5144 2097 5200 Jesu
2129 5143 2359 5210 Christi,

788 5255 946 5311 valde
987 5250 1162 5323 sapio.
1198 5246 1352 5301 Tunc
1381 5244 1520 5303 dixit
1565 5251 1828 5315 tyrannus
1872 5254 2061 5294 rursus
2108 5237 2352 5295 sanctis:

789 5339 1088 5412 Quousque
1123 5336 1600 5410 importunitatem
1649 5342 1884 5388 vestram
1932 5332 2290 5396 sustinemus,
2322 5346 2356 5385 ο

789 5436 1000 5498 miseri,
1046 5440 1102 5488 et
1143 5440 1415 5485 tormenta
1444 5425 1751 5482 diﬂ‘erimus
1789 5440 1854 5479 ex
1895 5423 2235 5494 benignitate
2272 5424 2357 5477 in-

791 5522 1187 5597 comparabili?
1236 5520 1551 5578 Sacriﬁcate
1597 5535 1725 5589 ergo
1764 5517 1894 5580 diis,
1924 5530 1992 5570 ne
2049 5518 2105 5570 in
2143 5530 2239 5571 vos
2272 5531 2359 5570 ar-

794 5614 1268 5688 metisjustitiam.
1293 5610 1558 5668 Dixerunt
1580 5611 1755 5667 sancti
1780 5619 2047 5680 martyres
2077 5618 2306 5680 tyranno
2341 5628 2354 5662 :

863 5798 885 5828 ⁵
911 5794 1101 5850 Matth.
1133 5812 1185 5850 ιι.

2461 5149 2667 5221 Κυρίου
2711 5163 2812 5218 μου
2845 5146 3021 5219 Ἰησοῦ
3063 5146 3325 5220 Χριστοῦ.
3352 5147 3488 5203 Τότε
3516 5141 3671 5200 εῐπεν
3709 5147 3740 5201 ό
3785 5145 4044 5215 τύραννος

2466 5241 2602 5312 πρὸς
2640 5239 2766 5301 τοὺς
2811 5239 3002 5308 ἁγίους
3044 5239 3239 5293 πάλινο
3267 5240 3416 5304 Ἕως
3460 5237 3592 5293 πότε
3631 5237 3731 5308 τῆς
3770 5236 4044 5308 ὑμετέρας

2466 5334 2790 5403 σκαιότητος
2825 5333 3131 5403 ἀνεχόμεθα
3175 5334 3270 5387 καὶ
3309 5336 3430 5397 ταῖς
3459 5331 3712 5402 βασάνοις
3756 5331 3965 5404 ἀνοχὴν
3993 5329 4046 5393 ιε

2469 5426 2801 5497 ἀσυγκρίτου
2848 5426 3261 5498 φιλανθρωπίας
3308 5425 3663 5496 παρέχομεν;
3717 5424 3930 5480 θύσατε
3959 5418 4044 5476 οὖν

2468 5519 2578 5582 τοῖς
2607 5517 2771 5581 θεοῖς,
2810 5519 2897 5573 ῐνα
2921 5517 2998 5590 μὴ
3029 5520 3128 5589 τὴν
3154 5518 3313 5590 δίκην
3343 5515 3465 5572 καθ’
3495 5517 3650 5589 ὑμῶν
3681 5517 4043 5588 εξωπλίσητε.

2470 5613 2531 5664 Oi
2564 5609 2708 5680 ἀγιοι
2742 5607 2896 5668 εἷπον
2927 5610 3004 5683 τῷ
3037 5611 3286 5683 τυράννῳ
3310 5626 3325 5643 ο
3373 5609 3500 5666 Ἐἀν
3529 5610 3662 5683 ιχης
3691 5610 3927 5680 γνῶσιν,
3950 5612 4044 5664 ὕπο
