4188 6310
194 354 299 417 365

1170 360 1346 419 VlTA
1390 360 1491 420 SS.
1530 358 1895 443 MAURITjI
1929 359 2024 417 ET
2061 358 2470 418 SOCIORUM.

3326 361 3428 423 366

191 467 357 537 ουργέ
403 465 510 518 τῶν
557 469 884 538 ἀκαθάρτων
916 468 1202 538 δαιμόνων,
1234 469 1565 540 μεμάθηκας
1613 470 1760 540 παρά

1868 468 2107 523 Sceleste
2133 479 2188 525 et
2220 467 2546 526 administer
2579 470 2984 526 immundorum
3011 472 3344 537 daemonum.
3385 477 3430 530 si

191 561 461 614 Φωτεινοῦ
508 563 606 630 τὴν
633 563 908 634 ἡμετέραν
939 562 1118 632 ἰσχύν·
1156 564 1204 616 εἰ
1251 563 1359 633 γάρ
1395 565 1597 627 ἐκεῖνος
1643 564 1760 626 νέος

192 655 457 724 ὑπάργων
488 656 585 726 τὴν
611 657 826 726 ἡλικίαν
857 654 1190 726 κατῄσχυνέν
1219 673 1310 708 σου
1344 657 1442 726 τὴν
1472 656 1640 725 ἀσεϐῆ
1666 655 1760 708 καὶ

190 747 517 818 ἀναίσθητον
557 747 785 818 γνώμην
831 745 919 799 διὰ
965 748 1064 817 τῆς
1103 747 1432 817 εἰλικρινοῦς
1464 746 1628 800 αὑτοῦ
1675 746 1761 798 πί-

191 856 368 902 στεως
417 841 510 893 καὶ
545 841 640 910 τῆς
672 842 750 901 εἰς
779 840 1017 909 Χριστὸν
1055 838 1332 906 γνώσεως,
1363 841 1515 910 πόσῳ
1563 839 1760 909 μᾶλλον

187 933 352 1000 ἡμεῖς
383 930 722 1001 αἱρησόμεθα
754 931 931 993 πάσας
961 931 1228 1001 βασάνους
1267 931 1586 1001 ὑποστῆναι,
1613 931 1762 993 ὅπως

186 1023 644 1093 καταισχύνωμεν
669 1021 760 1074 τὸν
812 1024 1024 1093 πατέρα
1071 1039 1184 1086 σου,
1222 1023 1312 1076 τὸν
1348 1022 1621 1088 διάϐολον,
1669 1023 1762 1075 καὶ

187 1117 655 1185 εὐαρεστήσωμεν
696 1113 776 1184 τῷ
819 1116 1082 1186 Χριστῷς
1113 1116 1245 1171 Τότε
1286 1113 1561 1182 θυμωθεὶς
1594 1115 1623 1168 6
1668 1115 1762 1168 τύ-

186 1227 383 1279 ραννος
414 1208 703 1262 ἐκέλευσεν
726 1209 1031 1264 τύπτεσθαι
1067 1211 1192 1273 τοὺς
1229 1210 1415 1278 ἀγίους
1448 1209 1762 1282 βουνεύροις

184 1301 360 1370 ὠμοῖς
391 1315 403 1329 ·
440 1301 532 1352 καὶ
562 1300 795 1369 Ιίιρξαντο
842 1303 888 1354 oi
940 1302 1208 1372 ὑπηρέται
1261 1302 1488 1354 τύπτειν
1539 1302 1759 1366 αὐτοὺς,

184 1391 293 1452 ἕως
320 1383 381 1442 οὗ
410 1389 705 1462 διέρραξαν
747 1392 846 1453 τὰς
883 1392 1091 1460 σάρκας
1122 1391 1323 1458 αὐτῶν,
1353 1390 1564 1444 καὶτοῦ
1596 1392 1762 1462 αἷμα-

179 1497 277 1544 τος
305 1482 488 1535 αὐτῶν
523 1483 774 1551 σφοδρῶς
807 1484 1133 1551 φερομένου,
1161 1483 1211 1534 οἱ
1247 1483 1392 1551 ἀγιοι
1429 1485 1510 1546 εἰς
1545 1483 1638 1538 τὸν
1665 1484 1758 1536 ού-

183 1576 353 1645 ρανὸν
403 1575 806 1644 ἀναϐλέψαντες
866 1576 1035 1627 ἐϐόων
1079 1576 1315 1647 Χριστὸν
1346 1576 1437 1629 τὸν
1479 1576 1610 1630 Θεὸν
1652 1579 1762 1630 ἱκε-

179 1667 432 1731 τεύοντες
467 1667 746 1737 ὲνισχύσαι
779 1668 976 1730 αὐτοὺς
1003 1667 1099 1720 καὶ
1131 1669 1241 1720 τῶν
1275 1669 1452 1721 πόνων
1475 1667 1760 1736 ἐπικουφί-

182 1775 317 1812 σαι·
358 1759 416 1822 ὃς
446 1758 759 1821 ἐπακούσας
787 1760 886 1827 τῆς
913 1759 1094 1812 αὐτῶν
1125 1758 1376 1821 ὲκτενοῦς
1424 1759 1758 1828 προσευχῆς,

1864 561 1993 631 quid
2023 564 2227 633 ingenii
2268 564 2471 619 habeas
2516 573 2611 617 aut
2655 564 2918 628 scientire,
2956 566 3193 621 didicisti
3225 583 3254 622 a
3287 568 3432 623 Pho-

1865 658 1979 710 tino
2005 664 2246 709 nostram
2279 655 2441 711 ﬁdem
2485 667 2539 712 et
2560 657 2708 713 vires
2759 667 2997 713 nostras.
3045 659 3100 714 Si
3139 661 3286 715 enim
3319 663 3429 723 ille.

1863 762 1986 800 cum
2011 746 2081 801 sit
2109 758 2271 804 aetate
2299 749 2540 819 juvenis,
2571 751 2784 820 pudore
2821 751 3006 806 aﬂ‘ecit
3035 750 3252 821 impiam
3280 762 3431 807 tuam

1865 847 2100 893 mentem
2147 850 2203 894 et
2237 843 2389 896 nullo
2434 859 2596 897 sensu
2653 843 2961 912 praeditam,
3012 860 3110 914 per
3158 846 3429 899 sinceram

1865 944 2017 983 suam
2061 930 2218 984 fidem
2261 939 2317 984 et
2363 932 2568 986 Christi
2600 932 2990 1003 cognitionem,
3021 942 3227 1003 quanto
3259 936 3432 1004 magis

1864 1035 1968 1074 nos
2019 1022 2417 1078 contendemus
2473 1033 2746 1079 tormenta
2795 1025 2976 1079 omnia
3025 1027 3321 1091 sustinere,
3372 1037 3433 1081 ut

1865 1112 2074 1183 pudore
2131 1113 2428 1170 adiciamus
2455 1127 2667 1186 patrem
2694 1125 2849 1172 tuum
2885 1117 3184 1183 diabolum,
3214 1127 3270 1173 et
3311 1118 3429 1188 pla-

1863 1220 2086 1260 ceamus
2101 1204 2320 1261 Christo
2344 1215 2532 1264 nostro
2546 1218 2602 1262 et
2628 1210 2774 1264 Deo?
2795 1209 2948 1265 Tunc
2971 1209 3141 1265 iratus
3162 1219 3432 1282 tyrannus

1858 1297 2024 1366 jussit
2069 1307 2291 1353 sanctos
2332 1299 2608 1354 verberari
2658 1301 2848 1356 crudis
2892 1301 3057 1356 boum
3114 1305 3335 1357 nervis:
3373 1310 3431 1358 et

1862 1399 2149 1457 cmperunt
2168 1391 2404 1446 ministri
2427 1407 2522 1447 eos
2569 1393 2800 1458 cadere,
2828 1395 3002 1452 donec
3024 1412 3217 1452 carnes
3240 1412 3433 1451 eorum

1862 1480 2322 1550 discerpserunt:
2393 1491 2604 1539 etcum
2667 1485 2826 1541 valde
2880 1495 3164 1541 emanaret
3240 1502 3433 1541 eorum

1864 1572 2106 1641 sanguis,
2146 1575 2321 1628 sancti
2354 1591 2577 1630 sursum
2616 1578 2948 1648 aspicientes
2985 1581 3036 1634 in
3071 1580 3292 1644 coelum,
3317 1580 3434 1632 cla-

1867 1661 2088 1714 mabant
2117 1660 2336 1716 Christo
2386 1665 2783 1732 supplicantes,
2821 1670 2981 1723 uteis
3008 1669 3156 1724 vires
3207 1669 3435 1724 adderet

1866 1753 2154 1806 etlevaret
2191 1768 2383 1808 eorum
2439 1755 2677 1810 labores.
2734 1758 2836 1823 Qui
2872 1775 2995 1812 cum
3043 1761 3311 1816 audiisset
3347 1762 3434 1816 in-

177 1850 393 1920 ἑπέστη
435 1850 618 1911 αὐτοῖς
661 1849 737 1918 τῷ
780 1851 996 1917 ἀοράτῳ
1043 1849 1207 1901 αὑτοῦ
1256 1849 1483 1918 δυνάμει
1530 1847 1759 1901 καὶτῶν

1866 1851 2077 1897 tensam
2122 1860 2314 1899 eorum
2353 1847 2748 1916 precationem,
2780 1849 2844 1903 ad
2901 1865 2994 1905 eos
3045 1853 3277 1906 accessit
3337 1867 3436 1921 po-

178 1946 366 1998 πόνων
419 1943 525 1995 τῶν
575 1941 826 2011 βασάνων
869 1940 1064 2002 αὐτοὺς
1110 1940 1474 2010 ἐπεκούφισεν
1526 1940 1619 1993 καὶ
1661 1939 1760 2002 τάς

177 2032 418 2102 καρδίας
479 2031 660 2084 αὐτῶν
729 2033 786 2083 ὲν
849 2033 917 2099 τῇ
984 2029 1120 2097 πρδς
1176 2030 1338 2083 αὐτὸν
1399 2030 1759 2103 ἐπεστήριξεν

174 2125 398 2195 ἀγάπῃ.

253 2217 315 2273 l'.
362 2219 771 2288 Ἀτονησάντων
812 2218 868 2272 δὲ
903 2217 1263 2291 βασανιστῶν,
1303 2213 1458 2272 εἶπεν
1492 2219 1520 2272 6
1562 2217 1762 2289 τύρανο

170 2329 268 2375 νος
303 2314 413 2376 τοῖς
447 2313 654 2382 ἀγίοιςο
693 2314 933 2380 Ἐγνωτε
965 2312 1077 2378 οὖν,
1103 2309 1148 2368 ὦ
1180 2313 1465 2380 τολμηταὶ,
1530 2313 1604 2375 ὡς
1668 2313 1762 2384 ῥᾴ-

166 2408 290 2462 διόν
322 2424 414 2475 μοι
434 2407 743 2472 καθέστηκε
765 2408 862 2474 τὴν
888 2407 1034 2474 ζωὴν
1061 2405 1214 2474 ὑμῶν
1237 2402 1534 2456 ἀπολέσαι·
1561 2403 1762 2456 θύσατε

170 2499 273 2552 οὖν
307 2500 422 2560 τοῖς
453 2497 614 2559 θεοῖς,
649 2497 736 2549 ἵνα
766 2495 840 2566 μὴ
872 2497 1213 2566 πικροτέρων
1253 2496 1555 2566 πειρωθῆτε
1591 2495 1760 2564 βασά-

170 2608 313 2644 νων.
356 2587 770 2657 ’Λποκριθέντες
816 2587 872 2640 δὲ
913 2589 964 2641 οἱ
1004 2588 1147 2656 ἅγιοι
1180 2587 1256 2659 τῷ
1288 2589 1531 2659 τυράννῳ
1576 2582 1757 2640 εἷπον·

169 2682 358 2734 Τοῦτο
388 2679 646 2748 γίνωσκε,
681 2682 1018 2734 ἀσεϐέστατε
1049 2685 1143 2734 καὶ
1168 2681 1414 2748 ἀλλότριε
1449 2680 1542 2734 τοῦ
1570 2678 1760 2750 ἀληθι-

166 2772 276 2826 νοῦ
303 2772 463 2844 ἡμῶν
493 2772 650 2839 Θεοῦ,
674 2774 779 2839 ὅτι,
805 2775 993 2844 ὥσπερ
1022 2775 1085 2826 σὺ
1117 2774 1216 2826 οὐκ
1246 2773 1476 2843 αἰσθάνῃ
1505 2772 1600 2840 τῆς
1627 2773 1762 2840 ἀγά-

166 2889 293 2942 πης
325 2870 420 2924 τοῦ
453 2869 692 2942 Χριστοῦ
744 2871 836 2923 καὶ
877 2870 974 2940 τῆς
1029 2868 1412 2940 λαμπρότητος
1445 2866 1631 2933 αὐτοῦ,
1671 2866 1761 2920 διά

163 2962 273 3016 τὸν
307 2960 778 3029 περικαλύπτοντα
812 2960 910 3028 τὴν
939 2959 1175 3011 διάνοιάν
1202 2977 1294 3011 σου
1327 2961 1389 3012 ὲκ
1425 2962 1523 3029 τῆς
1556 2958 1761 3027 πλάνης

163 3053 290 3108 τῶν
322 3051 591 3119 δαιμόνων
623 3051 836 3114 σκότον,
863 3050 1032 3113 οὕτως
1057 3049 1175 3102 οὐδὲ
1205 3051 1362 3120 ἡμεῖς
1383 3049 1487 3101 τῶν
1513 3049 1762 3117 βασάνων

1864 1941 2061 1989 testate
2085 1951 2208 2005 quae
2247 1953 2354 1992 non
2401 1940 2555 1994 cadit
2587 1941 2690 1996 sub
2732 1952 3039 2011 aspectum,
3075 1952 3132 1998 et
3176 1945 3435 1999 allevavit

1862 2023 2080 2080 labores
2117 2034 2541 2093 tormentorum,
2573 2040 2629 2086 et
2679 2035 3023 2089 confirmavit
3049 2036 3215 2090 corda
3241 2052 3436 2092 eorum

1864 2115 1918 2168 in
1946 2116 2214 2174 charitate
2238 2119 2292 2173 in
2329 2119 2530 2188 ipsum.
3283 2172 3286 2179 .

1934 2207 2002 2262 Χ.
2034 2210 2170 2265 Cum
2227 2210 2430 2275 defessi
2468 2221 2652 2267 autem
2677 2221 2862 2270 essent
2886 2221 3144 2282 tortores,
3169 2226 3434 2290 tyrannus

1864 2297 2001 2354 dixit
2050 2302 2255 2355 sanctis
2288 2319 2302 2356 :
2343 2303 2710 2372 Cognovistis,
2736 2320 2768 2358 ο
2803 2305 3040 2362 audaces
3088 2308 3338 2365 homines
3380 2317 3437 2364 et

1866 2394 2163 2457 temerarii,
2190 2410 2352 2464 quam
2379 2397 2448 2450 sit
2473 2397 2604 2450 mihi
2631 2398 2790 2454 facile
2811 2401 2979 2454 vitam
3025 2411 3266 2457 vestram
3311 2421 3437 2473 per-

1864 2485 2032 2539 dere?
2059 2488 2132 2540 De
2163 2497 2360 2541 cagtero
2390 2506 2521 2558 ergo
2555 2490 2664 2544 diis
2689 2494 3013 2554 sacrificate,
3046 2509 3115 2548 ne
3150 2497 3433 2551 acerbiora

1864 2587 2136 2633 tormenta
2205 2581 2477 2637 sentiatis.
2542 2583 2729 2638 Sancti
2805 2601 2937 2639 vero
3015 2589 3431 2658 respondentes.

1862 2671 2118 2726 dixerunt
2138 2683 2367 2743 tyranno
2388 2674 2706 2744 imperatori
2733 2695 2746 2730 :
2773 2676 2884 2732 Hoc
2905 2695 3192 2749 cognosce,
3213 2698 3245 2737 ο
3269 2682 3434 2754 impie

1863 2775 1919 2820 ct
1946 2767 2125 2822 aliene
2165 2782 2194 2820 a
2236 2782 2365 2821 vero
2409 2767 2519 2822 Deo
2575 2780 2785 2834 nostro,
2829 2773 2975 2840 quod
3031 2775 3307 2842 quomodo
3372 2783 3430 2829 tu

1862 2852 2064 2913 Christi
2096 2861 2422 2914 charitatem
2456 2877 2563 2915 non
2600 2865 2772 2918 sentis
2799 2876 2854 2918 et
2896 2867 3015 2934 ejus
3060 2867 3432 2935 splendorem.

1862 2958 2090 3018 propter
2123 2951 2381 3003 tenebras
2412 2967 2533 3019 qua:
2581 2962 2817 3006 mentem
2854 2964 3003 3008 tuam
3050 2959 3309 3025 Operiunt
3364 2975 3434 3014 ex

1864 3059 2050 3098 errore
2073 3043 2407 3109 daemonum,
2439 3044 2511 3098 ita
2540 3060 2717 3114 neque
2743 3061 2844 3101 nos
2877 3054 3150 3104 tormenta
3185 3059 3278 3106 tua
3303 3067 3432 3108 seno

162 3163 277 3200 σου
316 3144 710 3215 αἰσθανόμεθα,
743 3143 832 3197 διά
859 3143 918 3196 τὺ
950 3141 1286 3218 πεφωτίσθαι
1329 3140 1486 3211 ἡμῶν
1517 3139 1614 3207 τὴν
1645 3140 1758 3190 διά-

1868 3129 2056 3195 timus,
2093 3141 2381 3202 propterea
2413 3132 2559 3202 quod
2598 3151 2752 3190 mens
2788 3146 2976 3192 nostra
3013 3139 3086 3194 sit
3124 3139 3433 3198 illuminata

161 3235 335 3292 νὸιαν
370 3239 433 3290 ὲκ
464 3237 562 3304 τῆς
599 3237 835 3298 πίστεως
869 3237 962 3288 καὶ
989 3235 1209 3303 ἀγάπης
1236 3233 1470 3304 Χριστοῦ
1496 3231 1590 3286 τοῦ
1622 3232 1757 3288 Θεοῦ

160 3330 366 3402 ἡμῶν.
399 3329 639 3383 ·“Επινόει
686 3326 864 3378 τοίνυν
904 3327 1097 3395 ἐτέρας
1134 3326 1380 3396 μηχανάς
1428 3325 1759 3396 βασανιστη-

162 3423 320 3496 ρίων
378 3421 764 3486 καινοπρεπεῖς
817 3418 939 3471 καθ’
968 3416 1160 3488 ἡμῶν
1213 3418 1339 3488 διψᾷ
1373 3418 1479 3488 γάρ
1526 3418 1681 3489 ἡμῶν
1727 3419 1759 3489 ἡ

155 3517 392 3569 διάνοια
416 3513 506 3564 καὶ
528 3512 684 3565 ὲπιθυ
696 3513 786 3581 μεῖ
806 3514 838 3580 ἡ
865 3512 1004 3565 κατὰ
1027 3512 1260 3582 Χριστὸν
1281 3511 1436 3582 ἡμῶν
1463 3511 1649 3583 ἀγάπη
1672 3513 1759 3564 διὰ

154 3606 279 3673 τῆς
309 3604 412 3671 σῆς
441 3602 563 3657 καθ’
587 3603 744 3674 ἡμῶν
765 3602 1114 3669 ἀποφάσεως,
1149 3599 1426 3668 θεωρῆσαι
1454 3600 1548 3650 τὸν
1581 3599 1757 3661 ζῶντα

155 3699 316 3750 Θεὸν
343 3698 437 3749 καὶ
467 3694 824 3765 βασιλεύοντα
858 3694 935 3751 εἰς
967 3691 1091 3753 τοὺς
1123 3690 1347 3752 αἰῶνας.
1379 3689 1566 3745 Ταῦτα
1596 3689 1759 3744 ἀκού-

156 3809 282 3858 σας
326 3791 356 3843 6
383 3790 644 3858 τύραννος
675 3785 767 3840 καὶ
801 3785 1093 3855 θυμωθεὶς,
1137 3783 1346 3838 κελεύει
1390 3786 1568 3854 πυράν
1607 3802 1756 3854 παμ-

156 3883 392 3958 μεγέθη
430 3879 683 3948 γενέσθαι
718 3881 810 3934 καὶ
838 3882 894 3933 ἐν
920 3879 1053 3949 αὐτῇ
1081 3878 1272 3948 στῆναι
1291 3879 1415 3941 τοὺς
1443 3879 1724 3948 μάρτυρας
1742 3893 1754 3908 ·

149 3973 288 4028 τῶν
356 3970 416 4023 δὲ
468 3970 783 4041 δορυφόρων
846 3969 1252 4039 πληρωσάντων
1297 3967 1462 4021 αὐτοῦ
1501 3968 1600 4038 τὴν
1647 3969 1756 4020 ἀπο

149 4065 472 4136 ἅνθρωπον
502 4064 772 4128 κέλευσιν,
797 4061 1059 4124 ἑκουσίως
1098 4065 1147 4116 οἰ
1179 4063 1323 4130 ἀγιοι
1361 4062 1663 4132 ὲπήρχοντο
1691 4063 1757 4128 τῇ

145 4159 451 4230 πυρκαῖᾷ,
485 4156 559 4220 ὼς
615 4155 766 4209 ὕδατι
808 4155 884 4223 τῷ
926 4157 1059 4223 πυρὶ
1107 4153 1457 4222 προσομιλεῖν
1507 4152 1757 4220 ἀλλήλοις

145 4251 687 4324 παρακελευόμενοι
716 4264 730 4278 ·
769 4247 862 4300 καὶ⁸
891 4246 1049 4316 λόγον
1093 4246 1282 4300 οὐδένα
1323 4247 1420 4316 τῆς
1465 4245 1615 4316 παρά
1648 4244 1757 4298 τῶν

140 4346 478 4415 ἀνθράκων
509 4342 821 4410 ποιούμενοι
849 4339 1116 4400 καύσεως,
1157 4339 1491 4409 μεγαλοφυεῖ
1519 4337 1595 4407 τῷ
1629 4355 1759 4407 φρο-

145 4442 393 4509 νήματι
423 4433 560 4505 πρὸς
593 4433 682 4486 τὸν
717 4433 977 4503 τύραννον
1014 4431 1285 4496 ἔφασκονο
1336 4430 1546 4498 Ἡμεῖς,
1581 4429 1756 4492 Μαξι-

1868 3239 1895 3274 a
1921 3221 2025 3276 ﬁde
2050 3225 2390 3278 etcharitate
2413 3225 2615 3280 Christi
2648 3227 2739 3282 Dei
2764 3230 2956 3283 nostri.
2982 3231 3241 3300 Excogita
3281 3250 3434 3304 ergo,

1867 3322 2150 3386 otyranne
2190 3325 2246 3371 et
2282 3317 2467 3373 insane
2489 3319 2663 3382 canis,
2696 3320 2831 3375 alias
2873 3321 2928 3376 in
2958 3338 3057 3378 nos
3104 3340 3276 3380 novas
3317 3341 3435 3380 ma-

1868 3407 2059 3462 chinas
2092 3417 2509 3466 tormentorum.
2543 3411 2672 3467 Sitit
2719 3414 2866 3468 enim
2915 3431 3070 3470 mens
3125 3428 3334 3482 nostra,
3380 3429 3438 3474 et

1868 3501 2163 3566 desiderat,
2227 3520 2346 3572 quae
2371 3513 2540 3557 estex
2574 3504 2815 3571 Christo,
2859 3507 3119 3574 Charitas,
3155 3525 3251 3576 per
3285 3520 3432 3565 tuam

1867 3593 1919 3647 in
1971 3610 2069 3648 nos
2104 3596 2456 3660 sententiam,
2500 3600 2859 3667 contemplari
2916 3602 3086 3657 Deum
3140 3603 3325 3658 vivum
3381 3618 3437 3660 et

1867 3696 2184 3755 regnantem
2216 3688 2268 3741 in
2302 3689 2516 3743 smcula.
2554 3690 2674 3744 Haec
2719 3707 2842 3745 cum
2876 3694 3141 3748 audiisset
3173 3704 3436 3765 tyrannus

1867 3789 1922 3832 et
1957 3780 2111 3834 valde
2139 3779 2332 3834 fuisset
2379 3781 2570 3844 iratus,
2595 3782 2749 3852 jubet
2775 3783 2998 3837 accendi
3035 3799 3225 3855 rogum
3260 3789 3436 3840 maxi.

1868 3887 2015 3924 mum
2048 3871 2186 3925 etin
2232 3873 2482 3942 euinjaci
2537 3886 2758 3928 sanctos
2813 3886 3097 3947 martyres.
3139 3877 3276 3932 Cum
3328 3880 3434 3932 im-

1867 3963 2112 4031 plessent
2165 3977 2295 4016 vero
2331 3965 2594 4019 satellites
2651 3968 2909 4020 acerbum
2964 3977 3020 4021 et
3075 3969 3434 4024 inhumanum

1866 4059 1986 4126 cjus
2037 4059 2269 4128 jussum,
2316 4060 2490 4113 sancti
2544 4076 2640 4114 sua
2707 4071 2901 4128 sponte
2959 4072 3313 4136 accesserunt
3366 4067 3434 4118 ad

1868 4164 2078 4217 rogum,
2111 4165 2166 4202 se
2211 4151 2441 4204 invicem
2489 4151 2869 4215 adhortantes,
2902 4155 3048 4206 utad
3090 4155 3267 4223 ignem
3318 4163 3436 4208 tan-

1866 4256 2029 4310 quam
2053 4241 2117 4297 ad
2154 4257 2349 4311 aquam
2377 4242 2703 4297 accederent
2733 4259 2746 4296 :
2770 4257 2949 4313 neque
2976 4245 3140 4299 ullam
3169 4246 3434 4303 ducentes

1869 4332 2138 4387 rationem
2205 4334 2507 4387 carbonum
2565 4335 2897 4401 exustionis,
2935 4351 3132 4408 magno
3193 4346 3250 4393 et
3302 4355 3437 4394 con-

1866 4423 2028 4476 stanti
2066 4424 2262 4492 spiritu
2296 4425 2555 4478 dixerunt
2595 4435 2824 4495 tyranno
2860 4445 2872 4478 :
2905 4428 3032 4492 Nos,
3058 4444 3090 4481 ο
3116 4430 3433 4498 imperator,

149 4531 376 4606 μιανὲ,
405 4528 506 4600 τὴν
537 4527 808 4597 τύφλωσιν
837 4525 933 4595 τῆς
965 4525 1063 4593 σῆς
1086 4520 1442 4592 ἀναισθησίας
1475 4519 1760 4590 λογιζόμε-

1864 4515 2272 4570 considerantes
2313 4516 2609 4571 caecitatem
2645 4528 2788 4571 tuam
2813 4526 2866 4570 et
2888 4532 3082 4573 sensus
3106 4529 3429 4590 egestatem,

139 4641 283 4687 νοι,
319 4619 664 4689 οἰκτείρομέν
705 4635 763 4670 σε
796 4616 896 4686 τῆς
925 4616 1135 4686 λιθίνης
1177 4614 1406 4684 καρδίας
1437 4614 1641 4676 ἕνεκεν,
1677 4613 1757 4666 ὅτι

134 4715 470 4785 ὑπηρέτης
525 4712 756 4781 γέγονας
810 4709 912 4779 τῆς
966 4709 1073 4761 τῶν
1120 4708 1445 4778 ἀκαθάρτων
1494 4706 1760 4775 δαιμόιων

136 4809 420 4875 πλάνης,
453 4806 526 4877 μὴ
554 4805 850 4874 δυνάμενος
881 4802 1151 4872 ἀνανῆψαι
1191 4802 1323 4871 μηδὲ
1361 4799 1654 4868 ἐπιγνῶναι
1686 4797 1761 4859 ὼς

132 4902 370 4955 πᾶσαν
397 4899 744 4968 ἀνθρωπίνην
780 4895 1156 4967 ὑπερϐέϐηκεν
1190 4893 1437 4966 ἀνδρείαν
1463 4894 1494 4962 ἠ
1525 4890 1760 4960 τοσαύτη

128 4997 278 5067 τῆς
310 4989 612 5062 καρτερίας
637 4990 900 5059 ὑπομονὴ.
930 4990 1024 5050 Τίς
1048 4989 1154 5057 γάρ
1186 4985 1353 5056 χωρὶς
1381 4985 1530 5047 θείας
1557 4983 1762 5050 ἀναψύ-

129 5090 319 5152 ξεως
347 5079 604 5134 τοσοῦτον
649 5081 791 5133 κατά
827 5079 1126 5149 παμφάγου
1159 5077 1352 5146 φλογὸς
1397 5075 1759 5143 ἀγωνίσοιτος

131 5180 224 5230 ΟΞ
273 5175 338 5227 δδ
357 5172 440 5243 τῷ
469 5170 739 5240 πνεύματι
769 5171 976 5234 ζέοντες
1010 5169 1099 5221 καὶ
1133 5170 1224 5221 τὸν
1255 5170 1385 5221 Θεὸν
1411 5167 1761 5237 ἐνδυσάμενοι

129 5269 299 5338 πῦρ
361 5264 759 5318 καταναλίσκον
805 5265 929 5324 τοὺς
979 5262 1118 5314 κατὰ
1169 5261 1228 5313 σὲ
1277 5259 1551 5320 δυσσεϐεῖς
1581 5258 1760 5320 ὄντας,

124 5357 440 5427 οὐδαμῶς
481 5355 678 5424 βλάψαι
705 5357 830 5416 τοὺς
858 5353 1104 5416 εὐσεϐεῖς
1131 5353 1417 5422 δυνήσεται
1447 5365 1460 5381 ·
1495 5350 1626 5419 φλὸξ
1654 5352 1762 5419 γάρ

123 5453 286 5510 ὑπὸ
341 5446 543 5517 φλογὸς
578 5447 918 5518 προσκαίρου
969 5463 1027 5498 τε
1087 5448 1180 5497 καὶ
1229 5444 1474 5515 φθαρτῆς
1520 5444 1619 5494 οὐκ
1651 5442 1761 5511 ἔχει

124 5547 352 5617 φύσιν
395 5539 910 5594 καταναλίσκεσθαι.
939 5539 1133 5606 Μάτην
1167 5534 1258 5588 οὖν
1291 5536 1531 5605 μοχθεῖς,
1569 5536 1762 5604 ἀνόητε

116 5639 442 5709 τύραννε,
501 5634 625 5695 τοὺς
671 5632 1099 5701 πεπυρωμένους
1155 5630 1302 5700 ἡμᾶς
1336 5631 1398 5700 τῇ
1442 5628 1630 5698 ἀγάπῃ
1669 5627 1780 5683 τοῦ,

117 5724 429 5804 Χριστοῦ
479 5727 611 5794 πυρὶ
661 5723 1006 5793 δαπανῆσθαι
1060 5721 1420 5792 φιλονεικῶν·
1482 5721 1762 5788 ὲπύρωσεν

111 5826 287 5896 γὰρ
329 5819 500 5890 ἡμᾶς,
526 5817 602 5881 ὡς
631 5815 900 5887 πυροῢται
928 5817 986 5867 τὸ
1017 5814 1300 5885 ἀργύριον.

1865 4608 2064 4676 lapidci
2100 4609 2174 4661 tui
2212 4609 2396 4663 cordis
2425 4611 2771 4674 miseremur,
2803 4610 2948 4678 quod
2977 4611 3148 4665 fueris
3180 4613 3431 4668 minister

1861 4700 2064 4753 erroris
2114 4701 2486 4768 improborum
2522 4711 2577 4754 et
2628 4701 3034 4755 immundorum
3094 4705 3427 4768 daemonum,

1864 4808 1971 4846 non
2002 4792 2185 4845 valens
2219 4792 2564 4862 resipiscere,
2599 4804 2693 4846 aut
2731 4809 3062 4862 cognoscere
3099 4793 3267 4850 Deum
3303 4798 3429 4851 coeli

1862 4895 1918 4939 et
1945 4893 2122 4949 terrae,
2159 4887 2251 4954 qui
2290 4894 2494 4938 tantam
2556 4886 2715 4941 nobis
2743 4887 3130 4942 fortitudinem
3189 4889 3343 4943 dedit
3374 4900 3432 4942 et

1866 4977 2237 5030 tolerantiam.
2273 4976 2405 5041 Quis
2458 4977 2602 5032 enim
2661 4978 2866 5046 absque
2899 4978 3082 5033 divina
3137 4977 3434 5048 refrigera-

1866 5069 2034 5130 tione,
2062 5067 2325 5121 adversus
2359 5069 2539 5121 omnia
2572 5069 2896 5122 exedentem
2943 5068 3215 5124 flammam
3241 5070 3432 5124 decer—

1867 5158 2112 5213 taverit?
2161 5159 2262 5224 Qui
2309 5170 2490 5213 autem
2525 5160 2720 5229 spiritu
2773 5161 2986 5215 fervent
3048 5170 3103 5214 et
3143 5162 3314 5216 Deum
3351 5163 3436 5217 in-

1864 5249 2127 5313 duerunt,
2168 5248 2306 5316 ignis
2354 5264 2686 5303 consumens
2719 5250 2865 5314 illos,
2908 5251 3001 5320 qui
3026 5251 3171 5305 sicut
3216 5262 3272 5305 tu
3305 5263 3432 5308 sunt

1866 5339 2020 5410 impii
2074 5355 2416 5410 nequaquam
2469 5341 2590 5411 pios
2645 5342 2845 5396 laedere
2891 5343 3110 5412 poterit.
3177 5344 3430 5398 Flammm

1864 5434 2008 5488 enim
2036 5448 2142 5486 non
2176 5443 2259 5486 est
2285 5449 2313 5487 a
2340 5445 2533 5488 natura
2561 5435 2962 5504 ingeneratum,
2990 5447 3049 5490 ut
3073 5446 3430 5492 consumatur

1864 5541 1893 5578 a
1930 5525 2166 5589 ﬂamma,
2204 5541 2326 5596 qua:
2364 5535 2447 5580 est
2477 5526 2545 5580 ad
2581 5535 2816 5596 tempus,
2852 5538 2908 5581 et
2938 5528 2992 5581 in
3058 5532 3222 5598 quam
3283 5529 3433 5583 cadit

1866 5621 2142 5674 interitus.
2179 5620 2548 5684 Quamobrem
2599 5620 2798 5675 frustra
2870 5622 3109 5688 laboras,
3143 5638 3176 5676 ο
3233 5622 3431 5676 stolide

1867 5721 2112 5782 tyranne,
2148 5714 2239 5781 qui
2302 5726 2421 5771 nos.
2459 5711 2552 5779 qui
2595 5711 2797 5766 Christi
2848 5714 3248 5785 conflagramus
3302 5714 3432 5768 chao

1869 5809 2049 5863 ritate.
2087 5807 2208 5876 igne
2240 5805 2527 5859 contendis
2583 5821 2929 5866 consumere.
2968 5807 3072 5862 Nos
3100 5809 3247 5862 enim
3289 5805 3430 5878 ignis

1872 5899 2194 5964 candefecit,
2227 5900 2369 5953 sicut
2394 5898 2627 5953 candefit
2663 5907 2967 5967 argentum.
