4188 6310
801 320 905 384 367

2116 325 2404 414 MENSIS.
2442 329 2740 395 IULIUS.

3953 336 4059 402 368

871 442 965 499 ιι.
990 443 1127 499 Cum
1151 457 1345 504 omnes
1366 452 1550 500 autem
1573 441 1668 515 qui
1694 439 2000 497 audiebant
2016 449 2239 510 propter
2263 440 2367 494 haec

2555 443 2656 499 IA'.
2692 444 2918 500 Πάντων
2957 439 3050 501 οὖν
3100 444 3195 502 ἐπὶ
3222 445 3337 510 τοῖς
3368 447 3632 511 τοιούτοις
3667 447 4059 520 θαυμαζόντων

801 535 969 590 verba
1009 534 1441 602 admirarentur,
1474 544 1758 606 tyrannus,
1791 532 1886 602 qui
1944 530 2014 585 ab
2067 531 2226 585 initio
2252 539 2376 586 erat

801 645 896 685 vas
931 629 1208 691 interitus,
1255 627 1628 698 perseveravit
1658 627 1798 681 velle
1848 632 2069 679 sanctos
2120 623 2372 694 perdere,

776 732 856 778 -et
885 737 1065 792 neque
1119 735 1410 791 persuasus
1439 719 1544 776 fuit
1585 719 1769 773 verbis
1814 718 2179 789 gloriosoruin
2222 733 2372 771 mar-

802 829 1002 889 tyrum,
1030 832 1204 884 neque
1228 815 1395 869 rebus
1437 814 1572 883 ipsis
1591 812 1696 867 fuit
1716 805 2149 881 obstupefactus.
2175 810 2374 875 Quam-

799 915 990 965 obrem
1011 909 1168 980 jubet
1184 909 1267 962 eis
1287 921 1476 961 rursus
1498 906 1635 976 palis
1659 903 1853 967 aﬂixis,
1876 903 2073 958 ferreis
2097 903 2376 975 unguibus

801 1003 976 1057 latera
1008 1001 1226 1055 fortiter
1271 999 1426 1054 caedi.
1467 997 1603 1052 Cum
1638 1011 1770 1068 ergo
1801 996 1976 1051 sancti
2010 1005 2066 1051 et
2117 995 2371 1070 generosi

800 1104 1068 1164 martyres
1103 1091 1209 1146 hoc
1242 1104 1462 1160 quoque
1515 1096 1796 1144 certamen
1835 1097 2060 1142 strenue
2121 1087 2372 1142 decerta-

800 1195 943 1250 rent,
977 1193 1033 1240 et
1053 1198 1245 1239 omnes
1273 1183 1680 1236 admirarentur
1707 1179 2055 1250 imperatoris
2077 1177 2370 1232 amentiam

797 1283 856 1331 ct
918 1275 1182 1338 furorem,
1237 1273 1532 1344 praeclarus
1594 1281 1801 1340 martyr
1871 1269 2165 1324 Mauricius
2234 1268 2373 1324 dixit

800 1379 1038 1440 tyranno
1069 1384 1084 1422 :
1124 1366 1243 1420 Non
1300 1364 1479 1420 sentis
1511 1372 1658 1417 tuam
1695 1362 2130 1419 imbecillitatem
2165 1371 2222 1416 et
2269 1362 2372 1416 mi-

795 1462 1021 1523 seriam,
1053 1474 1085 1513 o
1116 1457 1398 1511 immunda
1433 1464 1491 1511 et
1515 1454 1742 1525 profane
1776 1464 2028 1526 tyranne,
2057 1453 2206 1522 quod
2231 1452 2374 1506 Pho-

800 1556 950 1609 tinus
994 1567 1198 1622 parvus
1255 1551 1344 1603 hic
1383 1548 1708 1604 adolescens
1757 1547 1834 1599 tui
1888 1544 2102 1614 imperii
2144 1543 2373 1614 fregerit

795 1645 1123 1701 audaciam?
1153 1643 1304 1697 Talia
1340 1641 1488 1696 enim
1519 1648 1577 1694 et
1607 1648 1717 1692 tam
1753 1637 1926 1691 multa
1974 1637 2208 1692 subiisse
2259 1645 2370 1690 tor-

798 1744 1006 1801 menta,
1055 1741 1139 1788 est
1205 1732 1284 1787 tui
1341 1727 1708 1785 crudelissimi
1776 1726 1994 1795 imperii
2045 1725 2366 1780 confractio.

797 1825 1084 1894 Quomodo
1131 1839 1264 1894 ergo
1351 1823 1668 1877 universam
1739 1831 1987 1876 nostram
2039 1820 2367 1890 phalangem

797 1921 1044 1990 frangere
1077 1918 1308 1988 poteris,
1340 1914 1434 1986 qui
1469 1929 1499 1968 a
1537 1913 1752 1968 tantillo
1815 1912 2166 1969 adolescente
2198 1910 2371 1966 fueris

799 2010 1130 2081 superatus?
1176 2009 1409 2077 Propter
1433 2005 1550 2060 haec
1595 2005 1761 2058 verba
1786 2003 1865 2056 ira
1913 2003 2160 2074 percitus
2201 2001 2372 2056 scele-

798 2111 951 2157 ratus
985 2100 1372 2165 Maximianus,
1398 2107 1455 2154 et
1484 2097 1809 2152 ardentibus
1838 2110 1965 2151 eum
1999 2095 2217 2149 intuens
2237 2109 2371 2149 ocu-

792 2195 884 2259 lis,
919 2203 975 2250 et
1007 2193 1248 2248 stridens
1280 2193 1334 2246 in
1361 2206 1489 2246 eum
1514 2189 1799 2254 dentibus,
1818 2197 1874 2243 et
1897 2187 2090 2242 volens
2113 2194 2368 2241 sanctum

794 2295 851 2340 et
875 2285 1097 2338 beatum
1141 2283 1348 2337 Christi
1373 2292 1669 2351 martyrem
1699 2278 2022 2332 Mauricium
2064 2277 2260 2331 acerbe
2287 2275 2370 2330 ul-

795 2377 950 2442 cisci,
980 2377 1140 2447 jubet
1163 2373 1506 2445 spiculatorl,
1535 2379 1594 2427 ut
1623 2381 1750 2426 ante
1780 2370 1972 2425 oculos
1993 2368 2166 2439 patris
2191 2369 2366 2423 filium

795 2464 1052 2521 conficiat
1074 2475 1137 2521 .et
1163 2463 1400 2520 occidat.
1433 2463 1513 2519 Eo
1551 2463 1734 2532 itaque
1783 2468 2075 2530 praesente,
2098 2469 2154 2515 et
2197 2460 2364 2515 filium

796 2555 1117 2626 aspiciente,
1143 2555 1262 2626 ejus
1296 2563 1460 2624 caput
1492 2552 1729 2609 abscidit
1763 2551 2081 2622 spiculator.

864 2731 984 2787 Ill.
1011 2731 1146 2788 Cum
1174 2745 1305 2801 ergo
1322 2730 1429 2785 hoc
1453 2729 1614 2798 modo
1635 2726 1941 2783 beatissimi
1963 2725 2185 2780 Photini
2205 2737 2369 2795 caput

795 2823 1173 2878 venerandum
1209 2823 1405 2876 fuisset
1432 2827 1799 2890 amputatum,
1826 2819 1985 2888 isque
2036 2818 2269 2889 pulchre
2310 2827 2367 2874 et

794 2915 1030 2987 gloriose
1074 2914 1363 2984 migrassct
1413 2912 1480 2967 ad
1540 2910 1855 2977 Dominum,
1893 2910 2030 2966 dixit
2068 2911 2366 2982 praeclarus

794 3008 1127 3063 Mauricius:
1158 3005 1413 3060 Nostrum
1467 3004 1805 3060 desiderium
1848 3003 2169 3072 implevisti,
2211 3017 2244 3056 ο
2285 3012 2366 3072 ty-

2480 536 2740 605 ρήμασιν,
2771 536 2964 600 σκεῦος
2992 537 3254 609 ὑπάρχων
3285 541 3387 607 τῆς
3422 539 3699 603 ἀπωλείας
3732 542 3760 594 6
3793 540 4059 612 τύραννος

2477 625 2746 695 διέμεινεν
2770 630 3127 699 ἐνιστάμενος
3156 631 3251 682 τοῦ
3281 632 3549 685 ἀπολέσαι
3588 633 3714 695 τοὺς
3735 634 3948 702 ἀγίους,
3969 638 4056 690 καὶ

2475 715 2601 768 οὕτε
2630 720 2742 779 τοῖς
2781 718 2959 786 λόγοις
3007 720 3258 773 ἐπείθετο
3287 719 3398 772 τῶν
3439 720 3704 790 ἀοιδίμων
3731 723 4054 795 μαρτύρων,

2475 809 2602 864 οὔτε
2627 814 2741 875 τοῖς
2765 812 3086 882 πράγμασιν
3112 813 3475 883 ἐξεπλήττετο
3501 829 3514 842 ·
3546 815 3641 866 καὶ
3686 815 3901 868 κελεύει
3923 819 4054 870 ἀναο

2477 901 2955 965 σκολωπισθέντας
3013 905 3143 966 τοὺς
3184 904 3392 972 ἀγίους
3452 904 3697 974 σιδηροῖς
3739 904 3924 970 ὄνυξιν
3962 907 4058 970 τάς

2475 994 2715 1062 πλευράς
2771 995 2952 1046 αὑτῶν
3011 995 3245 1058 εὐτόνως
3310 995 3562 1060 ξέεσθαι.
3607 996 3731 1050 Τῶν
3764 994 3859 1050 οὖν
3886 998 4058 1066 ἁγίων

2478 1086 2773 1157 μαρτύρων
2819 1088 2912 1138 καὶ
2971 1086 3178 1140 τούτων
3241 1087 3477 1156 ἰσχυρῶς
3542 1087 3912 1142 διαθλούντων
3967 1091 4056 1142 τὸν

2475 1179 2683 1243 ἀγῶνα,
2713 1179 2808 1232 καὶ
2847 1178 3068 1232 πάντων
3103 1177 3501 1246 θαυμαζόντων
3530 1179 3629 1247 τὴν
3663 1178 3758 1231 τοῦ
3786 1178 4058 1247 βασιλέως

2475 1270 2681 1335 ἄνοιαν,
2709 1271 3037 1339 Μαυρίκιος,
3069 1272 3096 1322 6
3122 1269 3367 1337 ἀοίδιμος
3408 1269 3642 1340 μάρτυς,
3682 1271 3818 1340 πρὸς
3849 1269 3944 1324 τὸν
3968 1270 4061 1324 τύ-

2479 1379 2668 1433 ραννον
2696 1362 2798 1432 ἐφη
2822 1379 2835 1394 ·
2866 1362 2981 1414 Οὑκ
3008 1361 3244 1436 αἰσθάνῃ
3271 1363 3369 1432 τῆς
3404 1362 3501 1431 σῆς
3528 1361 3834 1429 ἀσθενείας,
3865 1357 3912 1418 ὦ
3939 1364 4059 1432 βδε-

2474 1455 2754 1526 λυρώτατε
2816 1454 3071 1526 τύραννε,
3122 1457 3204 1509 ὅτι
3257 1457 3550 1521 Φωτεινδς,
3598 1457 3658 1508 τὸ
3694 1456 3872 1528 βραχὺ
3898 1459 4059 1511 τοῦτο

2479 1550 2790 1618 μειράκιον,
2826 1549 3127 1600 κατέλυσεν
3150 1548 3249 1617 τὴν
3283 1548 3598 1618 βασιλείαν;
3632 1549 3692 1602 τὸ
3721 1549 3828 1619 γὰρ
3861 1552 4059 1604 τοσαύ-

2476 1657 2575 1700 τας
2610 1638 2703 1691 καὶ
2738 1638 3072 1707 τηλικαύτας
3093 1640 3396 1710 ὑποστῆναι
3429 1640 3716 1709 βασάνους,
3755 1643 4058 1706 κατάλυσις

2473 1733 2572 1801 τῆς
2599 1731 2696 1800 σῆς
2728 1730 3021 1800 ὡμότατης
3053 1729 3330 1800 βασιλείας
3361 1731 3509 1784 ἐστίν
3536 1750 3549 1762 ·
3577 1735 3694 1798 πῶς
3725 1736 3913 1788 τοίνυν
3950 1736 4060 1789 πᾶ-

2476 1837 2575 1873 σαν
2603 1821 2760 1891 ἡμῶν
2795 1822 3108 1894 διαρῤήξεις
3146 1822 3244 1893 τὴν
3279 1822 3558 1892 φάλαγγα,
3588 1826 3921 1888 τοσαυτάκις
3955 1827 4058 1879 ὑπὸ

2476 1913 2866 1983 μειρακυλλίου
2900 1913 3221 1984 τηλικούτου
3247 1915 3578 1968 καταπεσών
3602 1933 3617 1980 ;
3645 1917 3939 1986 Θυμωθεὶς
3965 1916 4057 1973 οὖν

2471 2002 2564 2056 ἐπὶ
2594 2005 2705 2065 τοῖς
2748 2002 3016 2066 τοιούτοις
3060 2003 3409 2074 Μαξιμιανὸς
3444 2006 3472 2056 6
3511 2008 3837 2078 παμμιαρδς
3876 2010 4060 2080 ῥήμα-

2473 2111 2578 2158 σιν,
2611 2094 2705 2146 καὶ
2741 2094 2986 2162 πυρίνοις
3021 2094 3184 2146 αὑτὸν
3211 2094 3690 2164 περιὸλεψάμενος
3720 2097 4051 2168 ὀφθαλμοῖς,

2471 2182 2671 2251 τρίςων
2703 2182 2821 2233 κατ’
2852 2182 3019 2234 αὑτοῦ
3045 2184 3171 2244 τοὺς
3204 2183 3427 2246 ὀδόντας
3475 2188 3569 2238 καὶ
3604 2186 3948 2256 βουλόμενος
3965 2190 4055 2259 δῆ-

2474 2267 2565 2322 θεν
2588 2269 2679 2322 τὸν
2735 2271 3137 2342 τρισμακάριον
3173 2272 3489 2341 Μαυρίκιον
3543 2277 4054 2346 πικρῶςάνταμεί-

2471 2360 2699 2430 ψασθαι,
2736 2360 2950 2415 κελεύει
3002 2362 3080 2433 τῷ
3115 2365 3528 2436 σπεκουλάτωρι
3565 2366 3685 2418 κατ’
3739 2367 4053 2438 ὀφθαλμοὺς

2468 2453 2562 2508 τοῦ
2589 2457 2796 2526 πατρὸς
2828 2456 3270 2526 διαχειρίσασθαι
3296 2458 3387 2512 τὸν
3415 2459 3618 2523 παῖδα,
3653 2460 3749 2513 καὶ
3783 2461 4052 2532 παρόντος

2469 2545 2635 2600 αὑτοῦ
2693 2547 2790 2598 καὶ
2815 2544 3092 2615 θεωμένου
3140 2549 3231 2602 τὸν
3290 2551 3404 2603 υίὸν
3438 2551 3537 2621 τὴν
3566 2551 3759 2606 τούτου
3793 2553 4042 2624 κεφαλὴν

2470 2635 2636 2691 άποτε
2647 2639 2788 2706 μεῖν.

2542 2728 2641 2780 lB'.
2693 2726 2878 2796 Τούτῳ
2916 2727 3096 2782 τοίνυν
3144 2729 3230 2814 τῷ⁸
3251 2729 3439 2802 τρόπῳ
3465 2731 3735 2785 Φωτεινοῦ
3768 2735 3866 2786 τοῦ
3898 2753 4047 2806 τρισ-

2472 2818 2746 2891 μακαρίου
2787 2819 2886 2890 τὴν
2922 2822 3169 2891 κεφαλὴν
3201 2822 3615 2892 ἀποτμηθέντος
3637 2825 3731 2877 καὶ
3754 2824 3853 2897 τὴν
3881 2828 4050 2897 καλὴν

2468 2912 2736 2982 ἐκδημίαν
2771 2914 2905 2982 πρὸς
2968 2914 3101 2967 Θεὸν
3159 2915 3594 2986 ἐκδημήσαντος,
3653 2919 3988 2989 Μαυρίκιος,
4022 2927 4048 2973 6

2467 3003 2733 3073 ἀοίδιμος,
2787 3004 2928 3076 ἔφη’
2997 3006 3352 3077 Ἐπλήρωσας
3390 3009 3549 3078 ἡμῶν
3596 3011 3694 3080 τὴν
3721 3011 4046 3082 ἐπιθυμίαν,

795 3114 988 3161 ranne,
1013 3107 1068 3152 et
1113 3097 1181 3150 de
1230 3105 1428 3149 caztero
1463 3095 1680 3148 firmum
1711 3102 1766 3149 et
1813 3093 2068 3147 stabilem
2101 3093 2367 3150 habemus

2469 3094 2719 3167 τύραννε,
2754 3098 2845 3150 καὶ
2874 3097 3059 3151 λοιπὸν
3099 3098 3320 3169 βέϐαιον
3348 3103 3703 3172 ἐκτησάμεθα
3754 3105 3846 3156 τδν
3879 3107 4046 3177 οὐρά-

793 3206 1017 3247 cursuni
1049 3189 1348 3245 caelestem.
1374 3187 1508 3255 Quis
1529 3187 1675 3243 enim
1703 3203 1770 3244 ex
1797 3194 1986 3243 nostra
2010 3186 2364 3244 multitudine

793 3287 1090 3345 sustinebit
1138 3285 1387 3355 superari
1425 3301 1454 3339 a
1504 3285 1740 3340 Photino
1774 3283 1981 3340 Christi
2019 3285 2213 3350 milite,
2267 3286 2363 3354 qui

792 3381 1046 3450 migravit
1079 3379 1130 3432 in
1151 3379 1372 3442 caelum,
1407 3386 1464 3430 et
1488 3376 1696 3446 pudore
1719 3375 1907 3432 allecit
1961 3386 2173 3446 patrem
2206 3386 2363 3431 tuum

794 3467 1118 3524 diabolum?
1164 3465 1245 3521 Ad
1288 3466 1405 3521 haec
1453 3465 1649 3537 majori
1689 3464 1878 3520 studio
1923 3473 1978 3520 et
2005 3466 2365 3521 contentione

794 3572 1194 3618 tormentorum
1227 3561 1283 3613 in
1315 3574 1415 3614 nos
1467 3559 1719 3630 excogita
1750 3558 2050 3623 cruciatus,
2077 3567 2132 3613 et
2160 3559 2297 3614 nihil
2330 3574 2360 3613 a

793 3663 846 3709 te
876 3653 1329 3724 praetermittatur
1363 3666 1556 3705 eorum
1609 3666 1730 3721 quae
1762 3651 2000 3722 probant
2027 3668 2096 3706 an
2147 3653 2362 3706 firmam

789 3755 846 3800 et
901 3745 1235 3800 immobilem
1288 3743 1448 3798 ﬁdem
1513 3742 1736 3798 Christo
1781 3757 2085 3796 servemus.
2135 3742 2365 3806 Quando

769 3829 973 3892 'autem
1015 3836 1153 3889 vidit
1206 3835 1570 3889 Maximianus
1608 3844 1826 3888 sanctos
1855 3833 2062 3890 Christi
2094 3845 2364 3905 martyres

791 3939 1047 4000 prompto
1077 3936 1132 3982 et
1175 3927 1340 3981 alacri
1378 3926 1564 3981 animo
1621 3927 2015 3996 perpetientes.
2052 3935 2107 3980 ct
2154 3936 2360 3980 rectam

787 4035 942 4074 suam
973 4020 1131 4073 [idem
1150 4035 1258 4072 non
1283 4019 1625 4078 deserentes,
1645 4025 1947 4070 convocato
1973 4032 2073 4071 suo
2116 4017 2360 4072 belluino

788 4121 844 4165 et
873 4110 1170 4162 inhumano
1203 4115 1418 4171 senatu,
1445 4122 1569 4163 cum
1629 4107 1710 4162 eis
1759 4106 2130 4171 consultabat,
2163 4123 2359 4178 quem-

787 4201 1081 4256 admodum
1141 4208 1361 4255 sanctos
1414 4208 1685 4270 martyres
1720 4209 1895 4254 morte
1937 4199 2178 4255 alliceret
2202 4215 2361 4255 acer-

787 4294 1032 4353 bissima.
1061 4307 1156 4360 per
1180 4306 1320 4360 quos
1343 4300 1611 4344 terrorem
1643 4289 1868 4344 afferret
1894 4289 2246 4356 Christianis,
2265 4293 2358 4359 qui

785 4391 943 4439 erant
975 4381 1029 4436 in
1065 4389 1179 4436 toto
1210 4379 1342 4434 orbe
1377 4389 1670 4442 terrarum,
1703 4389 1758 4434 et
1805 4379 2070 4445 ediceret,
2123 4392 2184 4434 ut
2225 4380 2356 4434 defi-

2466 3205 2577 3242 νιον
2605 3188 2805 3259 δρόμον
2826 3206 2838 3220 ο
2874 3190 2955 3251 τίς
2979 3191 3089 3260 γάρ
3116 3192 3182 3242 ἐκ
3204 3191 3303 3260 τῆς
3328 3193 3602 3262 ἡμετέρας
3626 3195 3878 3260 ἀνέξεται
3909 3198 4048 3268 πλη.

2466 3279 2590 3342 θύος
2613 3277 2774 3350 ἦττον
2800 3281 3038 3350 φανῆναι
3073 3281 3166 3332 τοῦ
3207 3283 3444 3351 Χριστοῦ
3472 3286 3807 3355 στρατιώτου
3842 3289 4036 3340 Φωτει-

2464 3370 2580 3434 νοῦ,
2638 3370 2731 3423 τού
2767 3372 2904 3441 πρὸς
2953 3372 3185 3442 οὐρανὸν
3226 3373 3637 3443 ἐκδημήσαντος
3699 3385 3794 3433 καὶ
3828 3381 3920 3433 τὸν
3955 3381 4043 3434 σὺν

2466 3462 2680 3532 πατέρα
2711 3463 3180 3533 καταισχύναντος
3212 3464 3494 3532 διάϐολον;
3522 3468 3662 3538 Πρὸς
3685 3470 3861 3524 ταῦτα
3892 3475 4042 3541 φιλο·

2463 3555 2657 3626 τίμους
2714 3555 2824 3610 τῶν
2882 3555 3327 3628 βασανιστηρίων
3365 3558 3574 3611 ἐπινόει
3608 3559 3731 3612 καθ’
3757 3562 3916 3629 ημῶν
3951 3564 4043 3626 τὰς

2464 3649 2716 3712 κολάσεις
2746 3651 2842 3704 καὶ
2882 3651 3051 3722 μηδέν
3087 3669 3172 3706 σοι
3209 3653 3636 3724 παραλελείφθω
3673 3652 3782 3706 τῶν
3810 3655 4040 3724 δοκιμα-

2466 3738 2667 3802 ζόντων
2701 3743 2847 3809 ἡμᾶς
2874 3745 2922 3794 εί
2951 3742 3180 3810 βεϐαίαν
3206 3746 3283 3815 τῷ
3326 3747 3554 3816 Χριστῷ
3604 3748 3697 3800 καὶ
3741 3747 4039 3801 ἀσάλευτον

2463 3832 2564 3900 τὴν
2597 3831 2780 3886 πίστιν
2810 3834 3330 3904 παραφυλάττομεν.
3368 3839 3494 3890 Ὅτε
3517 3835 3609 3893 οὖν
3632 3836 3773 3892 είδεν
3804 3841 3833 3892 6
3868 3839 4040 3906 Μαξιο

2467 3924 2659 3994 μιανὺς
2713 3926 2839 3988 τοὺς
2894 3925 3084 3994 ἁγίους
3115 3925 3209 3977 τοὺ
3242 3925 3482 3996 Χριστοῦ
3522 3929 3812 4000 μάρτυρας
3869 3934 3927 3983 ἐν
3955 3932 4038 4001 βι-

2464 4015 2603 4086 σαίῳ
2630 4018 3034 4088 καρτεροῦντας
3056 4021 3150 4071 καὶ
3181 4020 3278 4087 τῆς
3301 4018 3480 4071 αὑτῶν
3505 4019 3672 4090 ὀρθῆς
3694 4023 3755 4073 οὑ
3784 4025 4040 4090 μεθιστα-

2467 4109 2662 4178 μένους
2700 4108 2957 4172 πίστεως,
3016 4113 3498 4184 συγκαλεσάμενος
3531 4111 3699 4166 αὑτοῦ
3737 4113 3837 4183 τὴν
3875 4118 4038 4168 ἀπάν-

2463 4205 2680 4273 θρωπον
2708 4205 3032 4275 σύγκλητον,
3060 4208 3377 4261 ἐδουλεύετο
3403 4209 3522 4278 μετ’
3548 4209 3748 4272 αὑτῶν,
3779 4210 3899 4273 πῶς
3920 4213 4038 4273 τοὺς

2467 4298 2663 4364 ἁγίους
2694 4298 2912 4367 θανάτῳ
2947 4299 3263 4370 πικροτάτῳ
3289 4300 3546 4365 διαθοιτο,
3566 4303 3635 4357 δι’
3655 4297 3732 4357 ὧν
3769 4306 3901 4368 τοὺς
3941 4305 4036 4357 ἀνὰ

2465 4394 2645 4445 πᾶσαν
2680 4393 2779 4460 τὴν
2802 4393 3135 4465 οἰκουμένην
3157 4395 3522 4464 Χριστιανοὺς
3553 4398 3917 4469 ἐκφοϐήσειεν
3950 4402 4038 4454 καὶ

785 4482 970 4532 cercnt
998 4490 1025 4527 a
1060 4481 1247 4527 sancla
1292 4482 1348 4526 et
1379 4471 1511 4525 nulli
1546 4469 1690 4524 affini
1749 4470 2168 4539 reprehensioni
2225 4473 2355 4526 reli-

2469 4488 2558 4552 τῆς
2576 4458 2877 4556 ἀμωμήτου
2896 4458 3192 4558 θρησκείας
3210 4458 3520 4557 ἀποστῆσαι
3539 4458 4037 4554 παρασκευάσειεν.

784 4569 943 4639 gione
970 4564 1431 4620 Christianorum.
1463 4563 1618 4617 Tunc
1652 4578 1774 4616 cum
1806 4563 1909 4632 ipsi
1929 4562 2098 4615 multa
2127 4564 2350 4616 consul-

787 4665 1012 4718 tassent,
1042 4663 1096 4708 et
1144 4653 1286 4706 alius
1315 4654 1418 4705 alia
1464 4653 1730 4707 dixissent
1763 4673 1776 4708 :
1809 4654 2031 4724 quidam
2058 4667 2124 4707 ex
2154 4653 2222 4706 iis
2255 4655 2350 4723 qui

785 4751 838 4804 in
862 4756 1524 4808 senatum-convenerant,
1558 4746 1648 4814 qui
1683 4757 1802 4802 erat
1831 4749 1983 4803 radix
2005 4749 2340 4809 acerbitatis,

781 4849 838 4893 et
871 4839 1083 4892 fructus
1118 4837 1398 4906 nequitiae,
1431 4847 1486 4890 et
1514 4839 1758 4907 cujusvis
1790 4839 2020 4894 alterius
2049 4841 2270 4896 malitia:
2294 4851 2350 4897 et

782 4927 1064 5000 injustitize
1121 4927 1287 4979 arbor
1337 4925 1694 4986 feracissima.
1752 4928 2036 4982 consuluit
2093 4937 2347 5000 tyranno,

782 5023 973 5076 dicens
1004 5038 1016 5074 :
1049 5019 1372 5087 Imperator,
1407 5019 1496 5072 hic
1532 5020 1733 5072 mensis
1763 5028 1846 5073 est
1882 5031 2096 5091 tempus
2125 5023 2345 5078 maximi

781 5125 948 5168 aestus
976 5114 1115 5182 (erat
1143 5111 1289 5166 enim
1321 5119 1450 5164 tunc
1480 5110 1682 5164 mensis
1705 5111 1930 5181 Julius),
1956 5114 2093 5169 situs
2115 5125 2198 5170 est
2217 5130 2347 5170 vero

780 5219 932 5262 extra
963 5205 1238 5260 civitatem
1274 5218 1463 5258 versus
1493 5203 1838 5258 occidentem
1869 5205 2012 5260 inter
2057 5207 2216 5270 duos,
2251 5210 2346 5278 qui

780 5305 1006 5366 propter
1054 5310 1174 5348 eam
1206 5293 1295 5348 siti
1317 5303 1465 5357 sunt,
1498 5294 1694 5350 fluvios
1719 5305 1774 5350 et
1817 5296 2018 5359 lacum.
2048 5300 2200 5353 locus
2245 5316 2344 5369 po-

779 5388 951 5443 situra
980 5384 1202 5456 quidem
1224 5387 1442 5455 planus,
1473 5385 1597 5440 feno
1626 5397 1806 5442 autem
1827 5389 2022 5456 plenus
2052 5400 2106 5444 et
2133 5390 2344 5448 inﬁnita

779 5479 882 5534 alia
914 5480 1140 5534 materia
1167 5497 1182 5530 :
1206 5493 1392 5547 quem,
1413 5480 1508 5547 qui
1539 5479 1593 5533 in
1617 5492 1683 5534 eo
1703 5478 1826 5533 loco
1851 5481 2119 5546 habitant,
2149 5495 2344 5539 vocant

777 5572 1006 5641 Rogam,
1031 5580 1319 5641 propterea
1349 5572 1492 5640 quod
1520 5571 1591 5626 sit
1616 5586 1901 5641 vesparum
1920 5587 1983 5627 ac
2008 5573 2341 5632 crabronum

779 5665 1036 5720 acerbum
1065 5663 1457 5725 habitaculum,
1495 5677 1634 5733 quos
1669 5664 1899 5719 meridie
1932 5681 1999 5720 ne
2024 5667 2182 5722 facile
2211 5671 2336 5738 qui—

783 5757 904 5812 dem
931 5757 1324 5828 potestaliquis
1350 5757 1580 5812 transire
1605 5756 1724 5813 sine
1746 5757 2014 5827 periculo.
2047 5759 2182 5817 lube
2215 5778 2343 5832 ergo

2461 4572 2555 4639 Εἷς
2585 4577 2678 4631 οὑν
2711 4579 2820 4631 τῶν
2856 4580 3222 4661 συνελθόντων
3251 4583 3309 4636 ἐν
3334 4586 3398 4655 τῇ
3441 4585 3756 4656 συγκλήτῳ,
3793 4588 3924 4658 ῥίζα
3959 4604 4038 4638 πι-

2464 4669 2626 4736 κρίας
2676 4668 2939 4736 ὑπάρχων
2992 4670 3086 4724 καὶ
3140 4674 3408 4744 πονηρίας
3460 4676 3692 4745 καρπὸς,
3729 4676 3828 4728 καὶ
3862 4675 4036 4744 πάσης

2462 4759 2676 4821 ἀδικίας
2704 4759 3153 4832 πολυφορὼτατον
3183 4764 3423 4834 δένδρον,
3454 4766 3811 4820 συνεϐούλευε
3841 4766 3921 4838 τῷ
3945 4783 4032 4820 τυ-

2463 4850 2642 4922 ράννῳ
2668 4850 2843 4919 λέγων
2865 4869 2876 4882 ·
2930 4853 2986 4907 Ὀ
3019 4855 3130 4925 μὴν
3154 4849 3313 4917 οὗτος
3341 4856 3623 4921 καύσωνός
3659 4860 3779 4912 ἐστι
3813 4860 4033 4931 καιρός·

2465 4942 2710 5011 πάνεμος
2743 4944 2850 5014 γὰρ
2881 4944 2987 5016 μὴν
3018 4945 3321 5015 τηνικαῦτα
3361 4946 3733 5016 καθέστηκεν·
3769 4953 4035 5020 παράκει-

2459 5047 2550 5084 ται
2595 5032 2652 5085 δέ
2712 5033 2816 5097 ἐξω
2849 5038 2948 5106 τῆς
2987 5037 3198 5096 πόλεως
3255 5039 3397 5094 κατά
3451 5041 3513 5092 τὸ
3547 5040 3771 5093 δυτικδν
3825 5041 4029 5111 κλῆμα,

2466 5123 2668 5192 μεταξὺ
2709 5125 2814 5178 τῶν
2849 5127 3270 5198 προσκειμένων
3298 5131 3502 5202 ταύτην
3523 5131 3617 5185 δύο
3641 5135 3914 5203 ποταμῶν
3947 5138 4032 5188 καὶ

2461 5216 2561 5283 τῆς
2600 5215 2813 5285 λίμνης,
2877 5218 3041 5280 τόπος
3074 5219 3274 5289 ὄμαλος
3311 5222 3411 5292 μὲν
3435 5225 3500 5294 τῇ
3539 5224 3714 5286 θέσει,
3750 5226 3953 5296 χόρτου
3982 5227 4029 5278 δὲ

2462 5306 2558 5358 καὶ
2601 5306 2764 5376 λυτῆς
2800 5307 2930 5377 ὑλης
2986 5311 3216 5380 ἀπείρου
3252 5313 3467 5382 μεστὸς.
3498 5313 3556 5368 ὃν
3586 5316 3633 5366 oi
3664 5316 3917 5372 ἐντόπιοι
3948 5318 4030 5387 66-

2464 5416 2569 5467 γαν
2601 5400 3032 5469 ἐπονομάζουσιν
3064 5405 3151 5457 διὰ
3177 5406 3237 5458 τό
3266 5407 3495 5476 σφηκῶν
3544 5409 3637 5461 καὶ
3679 5411 4029 5481 χαλκομυῖὼν

2459 5492 2654 5561 πικρὸν
2683 5491 3025 5561 καταγώγιον
3057 5497 3338 5567 ὑπάρχων,
3368 5499 3646 5553 κωνώπων
3677 5518 3740 5554 τε
3770 5503 3871 5557 καὶ
3893 5521 4030 5557 σκνι-

2456 5581 2575 5634 πῶν
2631 5584 3062 5654 πεπληρωμένον
3121 5589 3344 5658 χωρίον,
3390 5589 3483 5654 οὓς
3548 5592 3669 5645 οὑδέ
3736 5599 4028 5669 παρελθεῖν

2453 5692 2575 5728 τινα
2624 5677 2924 5742 ἀκινδύνως
2972 5681 3030 5731 ἐν
3073 5683 3392 5755 μεσημϐρία
3432 5686 3780 5758 καθέστηκεν
3815 5691 4023 5761 ῥᾴδιον·

2451 5768 2707 5832 κέλευσον
2738 5769 2826 5822 οὑν
2853 5771 3143 5841 χρισθῆναι
3183 5774 3306 5844 μέλι
3359 5776 3424 5830 τὰ
3452 5776 3682 5850 σώματα
3720 5781 3910 5836 αὑτῶν
3940 5792 4025 5845 καὶ
