4188 6310
178 426 285 492 359

1138 415 1310 475 VITA
1348 415 1453 476 SS.
1502 411 1876 473 MAURITII
1911 413 2008 473 ET
2039 413 2454 477 SOCIORUM.

3305 417 3414 480 370

170 541 226 592 ὲν
256 537 403 609 αύτῷ
431 533 797 607 δεσμενθῆναι
843 533 1125 602 ξωῦφίοις,
1163 534 1255 586 καὶ
1280 535 1337 584 ἐν
1377 530 1549 601 ταύτῃ
1576 546 1736 583 κατα-

1847 543 2037 583 eorum
2072 545 2303 600 corpora
2362 528 2488 599 ungi
2522 527 2701 592 melle,
2732 537 2787 581 et
2842 528 2894 583 in
2945 542 3013 582 eo
3045 528 3419 600 alligabuntur

166 632 425 701 λήψονται
444 628 660 683 πάντων
682 625 790 680 τῶν
810 624 1190 695 προλαδουσῶν
1216 622 1467 694 βασάνων
1497 621 1738 691 ἀλγεινό-

168 739 322 795 τερον
352 721 598 791 ὂλεθρον,
648 719 740 773 καὶ
772 716 1074 785 γνώσονται
1113 717 1190 786 μὴ
1239 714 1579 786 βλασφημεῖν
1613 714 1739 775 τοὺς

167 816 417 879 αίωνίους
448 815 607 885 ἡμῶν
649 813 831 875 θεοὺς,
874 811 968 865 καὶ
1009 810 1059 863 τί
1087 810 1149 862 τὸ
1193 807 1429 879 βαδίζειν
1458 806 1553 877 τὴν
1586 809 1739 859 ἐναν-

162 908 286 963 τίαν
314 912 429 970 τοῖς
456 904 764 977 βασιλεῦσιν
788 902 902 955 ὁδὸν
931 901 1059 965 τοὺς
1089 900 1467 970 τολμήσαντας
1499 896 1734 965 ὤνησαν.

234 996 336 1053 Il".
370 999 481 1051 Καὶ
533 996 728 1065 ἤρεσεν
779 993 839 1045 τὸ
869 991 1022 1061 ῥῆμα
1062 990 1220 1060 καὶὴ
1274 988 1438 1059 βουλὴ
1494 986 1631 1056 αὕτη
1660 984 1738 1056 τῷ

165 1089 375 1160 βασιλεῖ
402 1088 497 1140 καὶ
528 1085 675 1154 πασῃ
699 1086 763 1154 τῇ
799 1081 1088 1152 συγκλήτῳ
1107 1095 1120 1109 ·
1167 1079 1263 1132 καὶ
1289 1078 1500 1131 κελεύει
1528 1079 1555 1130 6
1581 1076 1737 1146 βασι-

162 1181 289 1241 λεὺς
317 1177 491 1246 ταύτῃ
515 1177 581 1246 τῇ
614 1175 857 1244 τιμωρίᾳ
884 1173 1083 1234 αὐτοὺς
1122 1169 1525 1240 παραδοθῆναι.
1571 1169 1635 1221 Oi
1677 1167 1734 1220 δὲ

159 1271 257 1340 τῆς
284 1269 496 1332 ἀδικίας
528 1267 803 1339 ὑπηρέται
828 1264 927 1335 τὴν
952 1261 1306 1334 μεσημϐρίαν
1344 1262 1737 1329 σκοπήσαντες,

158 1365 254 1417 καὶ
285 1362 475 1433 καιρὸν
498 1360 735 1431 ἠρεμίας
767 1356 1217 1426 ἐπιτηρήσαντες,
1248 1355 1307 1407 ἐν
1335 1346 1378 1420 ᾧ
1407 1354 1573 1421 πνοῆς
1604 1352 1733 1405 ἀνέ-

162 1474 283 1527 μων
307 1452 640 1526 ἀμοιροῦντα
663 1451 771 1504 τῶν
802 1449 1060 1518 ζωῦφίων
1090 1447 1157 1498 τα
1188 1445 1364 1515 πλήθη
1409 1444 1735 1512 τυγχάνουσι

158 1549 275 1611 τοῖς
305 1546 753 1617 παρεμπίπτουσι
791 1541 1005 1611 σώμασι
1044 1540 1262 1610 βαθεῖαν
1295 1537 1395 1609 τὴν
1425 1537 1617 1608 τρῆσιν
1642 1535 1736 1588 καὶ

155 1639 439 1693 ἐπώδυνον
511 1635 947 1707 ἀπεργάζονται⁸
1004 1631 1270 1702 δήσαντες
1324 1628 1547 1682 ἁλύσεσι
1612 1631 1737 1693 τοὺς

155 1730 350 1798 ἁγίους
383 1728 695 1799 κατήγαγον
725 1728 805 1788 εἰς
824 1724 915 1776 τὸν
944 1723 1109 1775 τόπον
1146 1722 1238 1773 καὶ
1272 1720 1490 1788 δίυγρον
1518 1718 1739 1784 ἐκλεξά-

156 1839 316 1889 μενοι
346 1822 530 1885 τ’ῐπον,
588 1817 799 1885 ἀεννάῳ
851 1817 1005 1884 πηγῇ
1065 1812 1497 1881 παρακείμενον,
1560 1810 1620 1876 ἐξ
1671 1807 1739 1882 ἧς

156 1913 358 1983 ἰλυώδη
399 1910 644 1980 τέλματα
676 1908 887 1975 πέφυκε
923 1904 1188 1973 γίνεσθαι,
1223 1895 1284 1956 οῦ
1320 1903 1415 1955 καὶ
1440 1904 1740 1973 ἐπιχωριά-

153 2006 275 2069 ζειν
318 2001 461 2071 φιλεί
497 2001 531 2070 ή
584 1997 694 2050 τῶν
749 1993 1176 2066 προρρηθέντων
1216 1991 1471 2062 ζωῦφίων
1504 1992 1735 2061 πληθὺς,

151 2098 375 2168 χρίουσι
411 2094 507 2161 μὲν
535 2094 646 2145 τῶν
695 2090 868 2155 ἁγίων
906 2088 1029 2159 μέλι
1060 2085 1128 2142 τὰ
1176 2090 1335 2157 τίμια
1364 2087 1615 2156 σώματα,
1651 2086 1737 2140 δε-

153 2185 436 2258 σμοῦσιδὲ
474 2183 664 2254 βιαίως
698 2181 876 2249 ξύλοις
922 2180 1064 2235 κατὰ
1086 2181 1176 2235 τὸν
1228 2181 1390 2235 αὑτὸν
1434 2182 1614 2245 τόπον,
1649 2181 1735 2251 ῥί-

146 2279 361 2347 ψαντες
385 2276 479 2327 καὶ
513 2272 575 2326 τδ
616 2271 798 2343 τίμιον
840 2269 999 2341 σῶμα
1032 2270 1327 2333 Φωτεινοῦ,
1353 2271 1447 2325 τοῦ
1482 2271 1731 2342 ἀοιδίμου

150 2370 461 2440 μάρτυρος,
487 2365 593 2437 πρὸ
626 2365 922 2437 προσώπου
948 2363 1043 2417 τοῦ
1072 2362 1238 2417 αὐτοῦ
1271 2365 1477 2436 πατρὸς
1517 2365 1735 2435 Μαυρι-

145 2459 278 2511 κίου
317 2456 412 2511 τοῦ
440 2456 824 2525 πανευφήμου,
857 2453 1083 2523 μείζονα
1130 2452 1403 2523 τιμωρίαν
1450 2456 1514 2507 ὲκ
1545 2455 1733 2508 τούτου

146 2548 461 2619 προσάγειν
493 2545 644 2616 αύτῷ
691 2542 1051 2611 λογιζόμενοι.
1102 2541 1275 2595 Τοῦτο
1306 2542 1609 2612 πράξαντες
1637 2545 1736 2615 τὴν

141 2641 423 2709 ταχίστην
453 2635 827 2707 ἀνεχώρησαν,
850 2633 927 2705 μὴ
970 2635 1229 2705 φέροντες
1252 2633 1350 2705 τὴν
1375 2634 1480 2688 τῶν
1512 2636 1734 2691 ίοϐόλων

146 2730 419 2799 ζωῦφίων
456 2726 788 2801 προσϐολήν.
819 2727 1360 2798 Διακαρτερήσαντες
1386 2724 1479 2783 οῦν
1507 2729 1557 2782 οι
1590 2728 1737 2799 ἀγιοι

143 2823 375 2893 ἡμέρας
414 2837 471 2874 τε
520 2820 611 2873 καὶ
658 2819 862 2882 νύκτας
907 2818 1060 2881 δέκα,
1093 2820 1161 2887 τῇ
1210 2820 1386 2888 πικρᾷ
1427 2819 1603 2892 ταύτῃ
1642 2822 1738 2874 καὶ

140 2912 473 2983 ἀνυποίστῳ
503 2911 741 2981 βασάνῳ,
774 2908 1157 2971 ἀνατείναντες
1199 2908 1262 2961 τὸ
1298 2907 1453 2978 ὄμμα
1484 2910 1620 2981 πρὸς
1644 2911 1736 2963 τὸν

137 3004 315 3069 Θεὸν,
357 3003 591 3073 ηῠξαντο
637 3002 924 3069 λέγοντες·
982 3000 1158 3071 Κύριε
1186 3039 1201 3064 ,
1254 3001 1282 3053 6
1316 3000 1449 3063 Θεὸς
1501 3001 1680 3072 ἡμῶν,
1709 3004 1736 3055 6

140 3098 360 3160 κτίσας
384 3098 529 3166 ἡμᾶς
562 3094 685 3148 κατ’
714 3093 899 3148 είκόνα
939 3093 1039 3164 σὴν
1070 3094 1165 3146 καὶ
1199 3090 1483 3162 ὁμοίωσιν,
1514 3096 1609 3146 καὶ
1647 3094 1732 3147 ὀδ-

135 3192 374 3259 ηγήσας
406 3188 550 3257 ἡμᾶς
608 3186 745 3257 πρὸς
768 3186 865 3255 τὴν
893 3184 1185 3253 ἐπίγνωσιν
1211 3184 1309 3253 τῆς
1350 3184 1450 3254 σῆς
1484 3184 1738 3254 ἀληθείας

135 3283 246 3334 καὶ
275 3280 558 3349 θεότητος,
579 3278 674 3331 καὶ
710 3278 805 3331 τοῦ
838 3276 1162 3347 μονογενοῦς
1209 3294 1302 3329 σου
1340 3277 1496 3343 Υίοῦ,
1519 3277 1615 3331 καὶ
1645 3279 1738 3332 τοῦ

134 3371 429 3440 παναγίου
450 3370 588 3425 Πνεύ
598 3387 785 3442 ματος,
807 3358 890 3425 σοὶ
913 3369 1472 3440 παρακατατιθέμεθα
1496 3370 1742 3442 τὰςὴμε-

135 3464 332 3534 τέρας
384 3462 563 3534 ψυχὰς
601 3464 696 3517 καὶ
749 3460 1180 3532 παρακαλοῦμεν
1236 3460 1539 3527 κατατάξαι
1572 3463 1742 3527 αὐτὰς

135 3556 303 3624 μετὰ
344 3556 561 3608 πάντων
605 3553 715 3606 τῶν
765 3551 860 3605 ἀπ’
892 3552 1090 3615 αἰῶνος
1139 3551 1623 3623 εύαρεστησάντων
1659 3572 1740 3608 σοι

127 3648 357 3714 ἁγίων.
398 3643 509 3698 Καὶ
533 3644 965 3715 προσευξάμενοι
989 3644 1315 3716 παρέδωκαν
1346 3646 1403 3697 ὲν
1428 3645 1622 3718 είρήνῃ
1643 3648 1742 3711 τὰς

1849 621 2200 687 animalcula,
2236 632 2294 676 ιιι
2325 621 2379 675 in
2432 621 2538 676 hoc
2567 620 2816 676 cruciatu
2851 620 3093 675 sentiant
3128 621 3418 678 interitum

1849 713 2154 784 graviorem
2180 712 2472 768 tormentis
2513 712 2793 777 omnibus,
2821 727 2941 782 qua:
2988 724 3413 782 praecesserunt,

1849 814 1905 858 et
1956 814 2308 874 cognoscant,
2359 820 2469 859 non
2514 818 2635 859 esse
2692 804 3005 859 maledictis
3067 803 3424 863 incessendos

1850 896 2085 951 invictos
2125 907 2346 953 nostros
2364 906 2418 951 et
2442 905 2681 952 aeternos
2705 896 2861 953 deos.

1921 988 2059 1043 XIII.
2093 987 2218 1043 Haec
2246 1004 2378 1059 ergo
2411 1003 2536 1043 cum
2591 988 2819 1045 dixisset
2845 990 3119 1057 pessimus
3163 999 3220 1044 et
3246 992 3415 1047 scele-

1850 1081 2159 1136 ratissimus
2190 1082 2278 1136 ille
2311 1090 2558 1149 senator,
2590 1083 2710 1153 ejus
2752 1082 3041 1137 consilium
3070 1084 3278 1154 placuit
3313 1083 3421 1137 im-

1847 1174 2084 1245 peratori
2105 1184 2160 1229 et
2191 1174 2450 1231 universo
2478 1175 2714 1238 senatui,
2736 1186 2792 1231 et
2811 1175 2971 1247 jubet
3001 1176 3301 1246 imperator
3321 1191 3415 1233 eos

1846 1267 1983 1322 tradi
2016 1268 2145 1323 huic
2165 1267 2452 1337 supplicio.
2484 1267 2621 1321 Cum
2652 1266 2837 1339 itaque
2878 1268 3166 1323 meridiem
3219 1269 3420 1323 obser-

1846 1371 2070 1415 vassent
2114 1359 2348 1415 ministri
2381 1358 2713 1429 iniquitatis,
2735 1370 2792 1414 et
2836 1370 3052 1431 tempus
3075 1359 3415 1430 quietum,in

1849 1466 1982 1520 quo,
2012 1451 2144 1506 ﬂatu
2167 1459 2455 1506 ventorum
2486 1450 2729 1505 carentia
2754 1451 3035 1517 animalia,
3063 1451 3422 1522 corporibus,

1849 1557 1971 1612 quae
2028 1542 2302 1608 incidunt,
2334 1556 2553 1614 gravem
2578 1551 2633 1596 et
2674 1542 2959 1598 molestam
2998 1543 3242 1598 eIIiciunt
3291 1559 3418 1615 per-

1846 1633 2199 1698 forationem,
2225 1634 2439 1690 catenis
2460 1635 2680 1690 vinctos
2731 1634 3083 1690 deduxerunt
3112 1644 3331 1689 sanctos
3362 1633 3419 1689 in

1849 1726 2003 1795 prius
2021 1724 2435 1780 dictumlocum
2467 1745 2480 1780 :
2520 1735 2723 1782 etcum
2755 1726 3022 1781 obiissent
3045 1736 3101 1782 et
3122 1726 3420 1797 elegissent

1848 1819 2030 1874 locum
2072 1816 2380 1880 humidum,
2412 1817 2579 1872 situm
2604 1833 2777 1888 prope
2802 1818 3006 1873 fontem
3035 1833 3335 1888 perennem
3361 1828 3419 1873 et

1847 1911 2124 1975 limosum,
2159 1925 2226 1965 ex
2263 1925 2370 1979 quo
2408 1910 2593 1989 enasci
2625 1911 2809 1966 solent
2862 1910 3074 1965 limosa:
3102 1910 3313 1965 lacunae
3361 1921 3432 1966 et.

1846 2000 2157 2071 voragines,
2194 2001 2289 2056 ubi
2318 2001 2484 2057 etiam
2513 2002 2655 2058 solet
2703 2002 2905 2075 degere
2941 2001 3237 2058 multitudo
3265 2004 3417 2073 ejus-

1844 2086 1993 2141 modi
2024 2089 2506 2151 animalculorum.
2540 2092 2701 2146 ntelle
2734 2092 2957 2162 quidem
3026 2100 3239 2163 ungunt
3289 2105 3422 2147 san-

1844 2191 2055 2235 ctorum
2084 2180 2394 2235 veneranda
2422 2196 2656 2252 corpora
2681 2200 2693 2236 :
2732 2183 2896 2251 lignis
2921 2193 3104 2239 autem
3130 2198 3228 2239 eos
3251 2187 3419 2239 vehe-

1844 2282 2059 2328 menter
2116 2271 2342 2344 alligant
2370 2272 2425 2327 in
2463 2287 2531 2327 eo
2557 2273 2993 2344 loco,jacientes
3029 2274 3195 2329 etiam
3244 2289 3419 2330 vene-

1848 2361 2077 2422 randum
2099 2380 2301 2436 corpus
2332 2363 2521 2438 inclyti
2549 2364 2806 2437 martyris
2831 2365 3051 2421 PhOtini
3069 2375 3195 2422 ante
3219 2365 3423 2422 faciem,

1845 2459 2016 2530 patris
2048 2457 2132 2514 sui
2189 2457 2466 2513 benedicti
2500 2457 2761 2521 Mauritii,
2797 2467 3117 2528 reputantes
3171 2446 3229 2513 se
3259 2474 3324 2513 ex
3349 2473 3416 2515 eo

1843 2552 1895 2605 ei
1933 2553 2107 2620 majus
2148 2552 2412 2604 allaturos
2465 2550 2819 2620 supplicium.
2872 2550 2997 2605 Haec
3025 2565 3155 2622 ergo
3178 2566 3304 2606 cum
3339 2551 3419 2605 fe-

1843 2642 2066 2706 cissent,
2098 2656 2259 2711 quam
2296 2642 2533 2709 primum
2567 2650 2936 2707 recesserunt,
2965 2652 3025 2695 ut
3062 2643 3154 2712 qui
3184 2657 3417 2696 venena-

1842 2745 2025 2789 torum
2065 2734 2525 2790 animalculorum
2583 2732 2811 2788 minime
2868 2737 3077 2788 ferrent
3125 2728 3414 2804 impetum.

1841 2824 1977 2881 Cum
2011 2825 2194 2894 itaque
2260 2824 2433 2878 sancti
2470 2823 2659 2879 decem
2693 2824 2811 2879 dies
2849 2833 2904 2879 et
2943 2833 3132 2879 noctes
3175 2825 3281 2879 hoc
3327 2823 3415 2878 in-

1847 2916 2133 2970 tolerabile
2199 2926 2255 2971 et
2304 2914 2565 2969 acerbum
2628 2916 2992 2986 pertulissent
3058 2917 3415 2987 supplicium,

1846 3006 2076 3061 sublatis
2112 3007 2177 3060 ad
2225 3007 2396 3061 Deum
2449 3008 2647 3071 oculis,
2674 3009 2965 3063 Dominum
3011 3009 3216 3079 precati
3264 3019 3417 3074 sunt,

1846 3097 2092 3153 dicentes
2122 3118 2133 3151 :
2163 3097 2392 3153 Domine
2435 3098 2581 3153 Dens
2609 3099 2930 3169 noster,qui
2979 3114 3077 3167 nos
3120 3099 3316 3153 creasti
3347 3100 3417 3154 ad

1768 3226 1813 3285 ο
1845 3189 2140 3261 imaginem
2162 3199 2219 3245 et
2261 3190 2684 3247 similitudinem
2720 3200 2891 3255 tuam,
2917 3198 2975 3247 et
3002 3189 3281 3247 deduxiSti
3314 3203 3417 3245 nos

1841 3281 1911 3335 ad
1934 3282 2269 3350 agnitionem
2312 3292 2419 3336 tuae
2444 3282 2690 3339 veritatis
2712 3292 2768 3338 et
2788 3282 3117 3349 divinitatis,
3135 3291 3192 3337 et
3215 3282 3417 3353 unige-

1842 3374 1940 3429 niti
1972 3373 2049 3428 tui
2079 3374 2222 3439 Filii,
2248 3382 2303 3429 et
2321 3373 2652 3429 sanctissimi
2679 3384 2735 3430 et
2758 3376 2959 3431 vivifici
2987 3358 3247 3445 Spiritus,
3272 3374 3417 3445 apud

1843 3478 1896 3525 te
1945 3478 2160 3524 nostras
2209 3467 2419 3522 animas
2467 3466 2815 3537 deponimus,
2847 3476 2903 3522 et
2934 3482 3191 3537 rogamus
3239 3476 3299 3521 ut
3324 3481 3417 3521 eas

1839 3560 2076 3616 colloces
2101 3575 2225 3615 cum
2253 3560 2511 3615 omnibus
2530 3560 2753 3627 sanctis,
2785 3560 2881 3631 qui
2909 3559 3008 3616 tibi
3033 3560 3362 3630 placuerunt
3386 3574 3418 3612 a

1844 3653 2062 3709 saeculo.
2098 3652 2365 3718 Quoniam
2396 3662 2448 3706 te
2466 3651 2780 3714 dileximus,
2802 3660 2858 3705 et
2888 3662 2937 3706 te
2970 3651 3420 3708 desideravimus

125 3736 336 3807 ψυχὰς
366 3734 545 3790 αὐτῶν
577 3736 653 3806 τῷ
680 3735 821 3807 Θεῷ,
852 3735 1075 3789 καὶτῶν
1116 3736 1397 3806 στεφάνων
1430 3736 1736 3807 ἠξιώθησαν

1846 3759 1915 3798 ex
1942 3752 2057 3797 toto
2085 3743 2271 3797 animo
2296 3752 2507 3805 nostro,
2527 3752 2583 3798 et
2606 3757 2705 3812 pro
2737 3749 2789 3797 te
2813 3743 3063 3813 nosipsos
3083 3743 3149 3797 ad
3185 3752 3417 3796 mortem

126 3831 241 3895 τῆς
278 3829 592 3900 ἀθλήσεως.

1849 3836 2196 3892 tradidimus.
2230 3836 2312 3891 Tu
2330 3851 2390 3892 es
2418 3835 2567 3891 enim
2593 3835 2737 3905 Deus
2770 3837 2919 3891 solus
2944 3836 3215 3907 benignus
3236 3845 3290 3891 et
3308 3836 3418 3889 cle-

124 3940 335 3989 mens,
361 3931 480 3976 ette
500 3921 657 3978 decet
691 3921 863 3993 gloria
884 3921 938 3975 in
962 3921 1183 3975 saecula.
1236 3923 1432 3977 Amen.
1496 3921 1624 3977 Haec
1676 3940 1802 3981 cum
1841 3926 2131 3995 dixissent,
2176 3926 2289 3980 Deo
2333 3925 2682 3981 tradiderunt
2721 3923 2907 3981 beatas
2937 3934 2992 3980 et
3037 3925 3253 3984 divinas
3300 3929 3417 3984 ani-

124 4000 288 4082 mas,
329 4024 389 4071 ct
416 4015 497 4070 sic
523 4015 729 4086 dignati
768 4015 992 4069 fuerunt
1043 4017 1265 4068 coronls
1303 4013 1719 4071 decertationis.
2698 4000 2708 4003 ”

204 4113 326 4168 ΙΔ’.
376 4112 438 4164 '0
472 4111 528 4163 δὲ
570 4108 893 4180 παμμιαρὺς
948 4106 1204 4177 βασιλεὺς
1259 4107 1605 4177 Μαξιμιανδς
1649 4112 1736 4164 καὶ

1913 4111 2053 4167 XIV.
2101 4110 2412 4167 Sceleratus
2441 4112 2622 4163 autem
2656 4117 2710 4162 et
2759 4106 3077 4179 tyrannicus
3120 4106 3416 4177 imperator

123 4206 288 4276 μετὰ
310 4204 553 4259 θάνατον
581 4204 691 4264 τοῖς
713 4201 797 4253 ἀεὶ
813 4198 950 4263 ζῶσι
974 4199 1319 4271 θυμούμενος
1350 4201 1587 4273 μάρτυσι
1604 4203 1736 4275 (Θεῷ

1842 4202 2219 4266 Maximianus,
2257 4203 2424 4255 etiam
2474 4210 2597 4269 post
2639 4209 2869 4253 mortem
2905 4198 3148 4269 irascens
3195 4212 3415 4267 semper

115 4299 247 4369 γὰρ
310 4296 491 4360 ζῶσιν
522 4295 570 4347 oi
608 4292 748 4345 κοιτά
782 4293 915 4345 Θεδν
950 4290 1365 4360 ὲκδημήσαντες
1398 4292 1503 4344 κᾶν
1534 4294 1736 4348 ἐνθένδε

1842 4286 2159 4348 viventibus
2212 4291 2545 4363 martyribus
2613 4289 2747 4361 (Deo
2772 4290 2922 4344 enim
2971 4288 3181 4354 vivunt,
3226 4289 3321 4359 qui
3348 4303 3411 4342 ex

116 4385 613 4457 ἀπαλλαγῶσιν),
663 4383 904 4445 ἀκούσας
946 4384 1027 4436 ὅτι
1057 4380 1387 4452 παρέδωκαν
1411 4382 1510 4447 τὰς
1542 4384 1736 4456 ψυχὰς,

1848 4384 1961 4439 Deo
1998 4384 2360 4453 emigrarunt,
2420 4381 2635 4437 etiamsi
2674 4381 2803 4436 hinc
2851 4381 3235 4453 excesserint),
3288 4396 3416 4435 cum

115 4482 378 4537 κελεύει
409 4481 521 4542 τοῖς
576 4478 894 4548 δορυφόροις
922 4474 1020 4537 τάς
1061 4474 1260 4544 τιμίων
1287 4475 1467 4530 αὐτῶν
1500 4478 1736 4548 κεφαλὰς

1847 4475 2149 4531 audivisset
2186 4490 2282 4530 eos
2315 4474 2567 4531 emisisse
2601 4474 2831 4540 animas,
2861 4473 3021 4545 jubet
3052 4473 3298 4528 abscindi
3324 4489 3419 4528 ve-

113 4574 421 4642 ὲκτεμεῖν
450 4571 543 4624 καὶ
576 4571 730 4641 ῥίψαι
754 4555 897 4620 σιατά
925 4569 1015 4621 τὸν
1046 4569 1207 4623 αὑτὸν
1230 4570 1418 4623 τόπον.
1436 4571 1499 4623 Οί
1528 4570 1586 4624 δὲ
1610 4588 1736 4626 κατ-

1847 4565 2090 4620 neranda
2109 4575 2165 4619 et
2188 4573 2376 4619 sancta
2413 4577 2604 4619 eorum
2639 4562 2844 4631 capita,
2868 4570 2924 4615 et
2946 4560 3054 4630 jaci
3084 4559 3139 4613 in
3158 4559 3417 4615 eumdem

110 4666 468 4736 αγαγόντες
509 4661 618 4715 ἀπὺ
654 4659 763 4715 τῶν
790 4659 963 4725 ξύλων
986 4661 1054 4714 τά
1079 4660 1264 4728 ἔνδοξα
1292 4661 1472 4717 αὐτῶν
1491 4664 1736 4734 λείψανα,

1843 4657 2045 4714 locum.
2079 4657 2306 4712 Pessimi
2334 4670 2465 4710 vero
2494 4652 2735 4709 ministri
2756 4652 3012 4708 scelerati
3038 4650 3414 4722 imperatoris,

110 4762 231 4812 οὐκ
297 4754 627 4824 ἑνάρκησαν
679 4751 781 4816 τὰς
818 4751 1145 4821 σεϐασμίους
1201 4750 1385 4805 αὐτῶν
1442 4755 1736 4822 ἀποτεμεῖν

1844 4763 1967 4802 cum
1997 4762 2028 4801 e
2057 4748 2207 4819 ligno
2237 4744 2622 4817 deposuissent
2674 4744 3020 4800 venerandas
3041 4751 3097 4798 et
3149 4743 3419 4814 gloriosas

111 4847 434 4921 κεφαλὰς,
477 4843 863 4906 ἀλλά-ταύτας
904 4843 1260 4912 ἐκκόψαντες,
1310 4843 1562 4914 πανταχῆ
1599 4845 1736 4897 κατά

1842 4851 2030 4891 eorum
2050 4836 2333 4905 reliquias,
2379 4850 2490 4890 non
2516 4834 2679 4890 veriti
2704 4845 2833 4890 sunt
2873 4844 3163 4905 amputare
3182 4833 3415 4890 colenda

104 4946 228 5014 τὴν
287 4940 447 5008 ὓλην
510 4935 727 5008 εκείνην
767 4933 1178 5004 διεσκόρπισαν.
1242 4934 1397 4998 Τινὲς
1451 4933 1510 4987 δὲ
1558 4935 1736 4988 πιστοὶ

1842 4944 2031 4983 eorum
2054 4928 2255 4998 capita.
2286 4925 2421 4981 Cum
2448 4941 2511 4982 ea
2545 4936 2729 4982 autem
2762 4926 3155 4991 abscidissent,
3209 4926 3415 4993 ultique

104 5035 407 5105 ἀδελφοὶ,
438 5031 632 5095 νυκτὸς
662 5029 800 5101 μετά
833 5026 1033 5081 πολλοῦ
1078 5026 1244 5095 φόϐου
1276 5026 1736 5099 παραγενόμενοι,

1843 5036 1940 5089 per
1964 5020 2113 5073 illam
2149 5019 2341 5075 silvam
2383 5019 2739 5089 projecerunt
2778 5033 2844 5074 ac
2879 5018 3241 5087 dissiparunt.
3276 5017 3415 5084 Qui-

109 5124 578 5194 συνέλεξανπάς
599 5122 787 5193 τιμίας
816 5120 995 5175 αὐτῶν
1024 5119 1264 5188 κεφαλὰς
1286 5120 1381 5173 καὶ
1408 5118 1478 5171 τὰ
1500 5118 1736 5188 πανάγια

1843 5110 1968 5165 dam
2004 5123 2137 5165 vero
2168 5108 2370 5164 fratres
2400 5108 2611 5173 fideles,
2633 5118 2799 5162 noctu
2833 5123 2961 5163 cum
2990 5122 3186 5175 magno
3216 5107 3415 5163 timore

102 5220 329 5278 αὐτῶν
367 5214 627 5286 σώματα,
662 5212 757 5266 καὶ
790 5210 930 5282 μετά
960 5212 1128 5281 τιμῆς
1156 5212 1250 5263 καὶ
1282 5207 1511 5272 εὐωδίας
1543 5208 1736 5279 πολλῆς

1842 5201 2192 5267 accedentes,
2238 5202 2587 5271 collegerunt
2620 5199 2930 5255 veneranda
2985 5214 3180 5254 eorum
3233 5200 3416 5269 capita

103 5317 216 5369 καὶ
255 5306 614 5381 ψαλμῳδὶας
636 5304 818 5358 ἐνθέου
856 5304 951 5357 καὶ
972 5302 1136 5372 εὐχῆς
1166 5300 1418 5362 ἑκτενοῦς
1442 5299 1736 5369 ὀρύξαντες

1842 5305 1895 5350 et
1923 5293 2267 5365 sanctissima
2306 5300 2363 5347 et
2432 5292 2757 5346 honoranda
2814 5306 3009 5347 eorum
3063 5306 3319 5361 corpora,
3358 5301 3416 5345 et

100 5411 178 5479 τῇ
220 5406 308 5475 γῇ
348 5400 539 5452 ταῦτα
566 5396 867 5451 κατέθεντο
894 5399 951 5448 ὲν
988 5395 1139 5465 αὐτῷ
1168 5393 1247 5462 τῷ
1288 5393 1440 5463 τόπῳ
1487 5391 1616 5446 ἔνθα
1643 5394 1736 5445 καὶ

1842 5401 1966 5440 cum
1994 5400 2081 5449 ep,
2109 5399 2219 5454 quo
2251 5398 2349 5453 par
2400 5392 2505 5447 est,
2563 5383 2795 5448 honore,
2844 5392 2901 5437 et
2948 5383 3122 5437 multo
3144 5397 3208 5437 ac
3260 5383 3414 5435 suavi

101 5469 508 5576 ᾐγωνίσαντο
531 5492 580 5543 οἱ
613 5492 851 5558 γενναῖοι
884 5485 977 5540 τοῦ
1017 5486 1256 5551 Χριστοῦ
1288 5485 1642 5554 στρατιῶται,
1681 5485 1736 5538 ὲν

1842 5480 2032 5543 odore,
2064 5478 2360 5546 divinaque
2397 5475 2719 5544 psalmodia,
2775 5483 2830 5529 et
2865 5473 3096 5528 intensis
3134 5474 3412 5542 precibus,

99 5566 305 5664 sistat
338 5582 735 5650 ἐπιφαίνονται
760 5581 835 5643 ὡς
866 5577 1153 5649 φωστῆρες
1176 5578 1232 5628 ἐν
1255 5577 1466 5646 κόσμῳ.
1490 5578 1734 5647 Εὐφραί-

1842 5572 1898 5627 in
1928 5580 2071 5627 terra
2106 5570 2405 5634 fodientes,
2425 5568 2801 5639 deposuerunt
2825 5568 2943 5639 ipsa
2969 5567 3023 5620 in
3045 5580 3112 5620 eo
3147 5567 3291 5631 loco,
3315 5566 3411 5619 ubi

99 5655 209 5738 νου
262 5678 500 5737 τοίνυν,
528 5671 824 5740 Ἀπάμεια,
863 5671 1129 5736 στέφανον
1154 5666 1547 5738 ἀναδησαμένη
1572 5684 1736 5720 πνευ-

1842 5663 2266 5718 decertaverunt
2305 5659 2550 5730 praclari
2585 5670 2641 5713 et
2695 5659 2869 5712 fortes
2919 5656 3124 5712 Christi
3184 5655 3410 5714 milites.

106 5769 422 5849 ματικδν,
454 5766 519 5817 ἐκ
535 5761 807 5832 διαφόρων
830 5759 993 5811 λίθων
1015 5756 1324 5824 πολυτίμων
1356 5757 1736 5826 συγκείμενον,

1842 5756 1900 5810 1η
1921 5770 2031 5825 quo
2045 5756 2210 5809 etiam
2231 5763 2497 5823 apparent
2516 5762 2773 5822 tanquam
2794 5750 3087 5805 luminaria
3112 5750 3163 5802 in
3180 5750 3409 5803 mundo.

98 5839 219 5925 sui
251 5861 418 5934 μίαν
467 5852 737 5925 ἁρμονίαν
783 5847 1086 5919 θεοπρεηοῦ
1148 5846 1468 5915 ἐλλάμψεως
1492 5848 1736 5917 ἀπεργα-

1847 5848 2091 5914 Quorum
2114 5860 2212 5901 nos
2252 5860 2472 5916 quoque
2502 5857 2692 5899 omnes
2715 5843 3005 5915 dignemur
3034 5857 3154 5898 esse
3176 5839 3413 5901 celebris
