4188 6310
806 389 905 454 371
2095 387 2374 447 MENSIS
2415 383 2685 448 IULIUS

3933 381 4041 441 372

802 509 1107 555 conventus
1134 500 1427 570 participes
1449 509 1504 554 et
1530 499 1737 569 gratiae,
1776 512 1886 551 uno
1923 498 2106 551 animo
2141 506 2196 550 et
2232 511 2365 550 con-
2396 525 2439 578 Α
2470 496 2492 559 ζ

2470 496 2714 565 ζὸμενον,
2767 492 3037 562 Θησαυρὸν
3062 490 3310 561 οὐράνιον
3350 492 3568 562 ἔχουσα,
3616 492 3910 561 διαφόρους
3942 492 4042 561 μὲν

802 608 965 648 sensu
987 592 1251 657 (ruentes,
1279 608 1398 663 qua!
1421 593 1488 646 ab
1506 592 1588 647 eis
1618 589 2005 661 proﬁciscitur,
2027 589 2312 643 curatione
2348 605 2361 641 :

800 681 857 736 in
883 682 1103 737 Christo
1135 682 1263 737 Jesu
1299 683 1531 737 Domino
1577 690 1790 747 nostro,
1844 679 1931 734 cui
1962 678 2134 750 gloria
2164 687 2220 732 et
2264 692 2367 748 po-

802 775 992 839 tentia,
1034 791 1156 830 cum
1201 776 1363 830 Patre
1388 784 1443 828 et
1477 782 1667 828 sancto
1702 772 1911 844 Spiritu
1945 788 2091 828 nunc
2127 781 2183 826 et
2226 787 2368 827 sem-

800 879 920 930 per,
944 874 999 918 et
1022 864 1074 918 in
1111 865 1311 919 sarcula
1347 864 1696 919 smculorum.
1739 864 1938 917 Amen.

2477 585 2821 658 μαργαρίτας
2851 584 3080 637 πλούτου
3114 585 3481 653 ὲκλάμποντα,
3522 585 3656 654 πρὸς
3699 586 3835 656 μίαν
3862 585 3918 637 δὲ
3950 586 4045 639 καὶ

2470 678 2566 749 τὴν
2590 678 2761 746 αὐτὴν
2789 676 2886 746 τῆς
2920 676 3174 730 mth
3207 676 3433 747 Τριάδος
3475 677 3916 744 φωταγωγοῦντα
3948 677 4043 728 πίσ-

2474 788 2611 832 στιν,
2634 771 2862 841 οὐρανὸς
2881 771 3193 839 ἀγάλλεται,
3218 770 3289 840 γῆ
3322 770 3395 840 τῶ
3412 771 3504 840 τῆς
3527 768 3876 839 δικαιοσύνης
3906 770 4043 838 ἡλίῳ

2473 862 2815 931 φωτιζομένη
2870 864 2962 915 καὶ
2996 862 3382 932 παμποικίλοις
3431 862 3650 931 ἄστροις
3681 860 4040 930 ἐκλάμπουσι

798 961 909 1021 τοῖς
938 960 1312 1031 ὲὸδομήκοντα
1341 960 1607 1031 μάρτυσιν
1631 959 1728 1028 τὴν
1758 959 1915 1022 δόξαν
1944 957 2039 1011 τοῦ
2056 957 2189 1012 Θεοῦ
2214 958 2640 1027 διαγγέλλουσιν,
2675 952 2751 1011 ὧν
2784 960 2877 1012 καὶ
2939 962 3096 1029 ἡμεῖς
3153 957 3520 1027 ἀξιωθείημεν
3574 958 3827 1011 κοινωνοί
3890 956 4043 1022 γενέ-

800 1052 924 1107 σθαι
954 1054 1054 1123 τῆς
1084 1054 1443 1124 πανηγύρεως
1470 1058 1565 1108 καὶ
1603 1055 1704 1125 τῆς
1738 1059 1957 1125 χάριτος
1998 1056 2236 1123 μέτοχοι,
2304 1056 2398 1107 καὶ
2434 1054 2534 1124 τῆς
2601 1056 2795 1127 ἑορτῆς
2847 1054 3229 1125 ὁμογνώμονες
3287 1056 3384 1126 τῆς
3438 1056 3565 1127 παρ’
3602 1054 3785 1108 αὐτῶν
3845 1053 4039 1115 ἰάσεως

797 1144 1181 1211 ἀπολαύοντες,
1212 1148 1269 1199 ἐν
1299 1147 1517 1218 Χριστῷ
1541 1148 1720 1219 Ἰησοῦ
1750 1148 1826 1219 τῷ
1866 1150 2056 1220 Κυρίῳ
2095 1150 2273 1221 ἡμῶν,
2396 1151 2427 1220 ἡ
2467 1147 2591 1215 δόξα
2638 1151 2734 1203 καὶ
2779 1150 2840 1203 τὸ
2883 1151 3083 1219 κράτος
3143 1150 3238 1203 σὺν
3296 1150 3373 1221 τῷ
3431 1149 3604 1220 Πατρὶ
3662 1148 3758 1202 καὶ
3791 1150 3871 1219 τῷ
3904 1146 4042 1217 ἁγίῳ

800 1238 1097 1310 Πνεύματι,
1144 1240 1240 1295 νῦν
1299 1244 1393 1297 καὶ
1448 1244 1559 1308 ἀεὶ,
1605 1245 1699 1297 καὶ
1729 1248 1807 1307 εἰς
1860 1247 1985 1309 τοὺς
2022 1245 2225 1307 αἰῶνας
2254 1246 2362 1300 τῶν
2404 1246 2635 1301 αἰώνων.
2674 1246 2864 1317 Ἀμην.

801 1398 1201 1426 m3

3942 1401 4021 1412 _

1210 1400 4020 1433 Μ

1954 1590 2863 1708 ΥΠΟΜΝΗΜΑ

1054 1965 1400 2103 ΤΟΝ
1475 1962 2042 2099 ΜΕΓΑΝ
2133 1964 3082 2099 ΠΡΟΦΗΤΗΝ
3167 1964 3799 2101 ΔΑΝΙΗΛ

1983 2206 2076 2258 καὶ
2100 2204 2229 2266 τοὺς
2253 2205 2445 2273 ἁγίους
2469 2209 2619 2277 τρεῖς
2654 2206 2853 2268 παῖδας

1634 2368 2150 2461 ΑΝΑΝΙΑΝ,
2230 2369 2727 2459 ΑΖΑΡΙΑΝ,
2808 2368 3273 2456 ΜΙΣΑΗΛ.

1904 2719 2939 2826 COMMENTARIUS

1010 3122 1749 3282 SANCTO
1860 3128 2887 3282 PROPHETA
2981 3126 3823 3286 DANIELE

1941 3396 2028 3453 ET
2070 3397 2156 3453 DE
2189 3394 2289 3453 SS.
2334 3397 2591 3456 TRlBUS
2617 3396 2872 3453 PUERIS

1469 3568 1960 3675 ANANIA,
2039 3570 2459 3659 AZARIA
2533 3570 2683 3658 ET
2757 3571 3309 3663 MISAELE.

793 3767 991 3833 (Latine
1018 3766 1144 3827 apud
1166 3766 1365 3815 Surium
1389 3764 1448 3813 ad
1470 3765 1601 3813 diem
1622 3762 1677 3811 ει
1695 3761 1841 3821 Julii;
1866 3763 2067 3813 Graecus
2096 3770 2264 3813 textus
2288 3776 2419 3814 nunc
2441 3768 2649 3826 primum
2669 3765 2840 3814 editur
2851 3778 2913 3814 ex
2935 3766 3044 3814 cod.
3069 3778 3158 3814 ms.
3186 3764 3339 3815 Paris.
3369 3762 3635 3827 ll90,saec.
3665 3778 3735 3813 xl.
3757 3765 3845 3815 Eo.
3865 3768 4040 3827 Pam.)

862 4071 900 4125 l.
923 4069 1059 4125 Cum
1078 4065 1585 4122 Nabuchodonosor
1605 4080 1699 4119 rex
1718 4064 2066 4136 Assyriorum
2087 4063 2365 4119 civitatem
2402 4073 2440 4127 Β

2540 4066 2618 4120 A'.
2653 4066 2815 4136 Ἀρτι
2852 4065 3326 4135 Ναϐουχοδονόσορ
3368 4068 3394 4119 ὁ
3430 4064 3687 4135 βασιλεὺς
3733 4066 4043 4139 ’Δσσυρίων

789 4162 1089 4218 Jerusalem
1115 4159 1261 4216 bello
1311 4159 1567 4228 cepisset,
1590 4169 1647 4211 et
1674 4172 1922 4227 magnam
1949 4155 2100 4209 illinc
2122 4155 2362 4225 praedam
2470 4174 2492 4209 ιι

2470 4157 2569 4227 τὴν
2611 4155 2964 4228 Ἰερουσαλὴμ
2992 4157 3214 4227 πολέμῳ
3253 4160 3768 4229 κατακτησάμενος,
3788 4160 3946 4217 λείαν
3986 4180 4042 4215 τε

792 4254 1016 4327 egisset,
1059 4262 1116 4310 et
1166 4252 1433 4322 plurimos
1482 4249 1805 4305 abduxisset
1858 4248 2005 4303 bello
2059 4256 2272 4319 captos,
2306 4259 2363 4302 et

792 4350 1079 4422 splendide
1126 4364 1190 4403 ac
1225 4345 1510 4419 magniﬁce
1535 4362 1787 4402 reversus
1816 4353 1964 4401 esset
2008 4344 2361 4418 Babylonem,

792 4460 877 4500 sui
910 4443 1121 4513 imperii
1152 4442 1360 4506 sedem,
1395 4440 1773 4495 nobilissimos
1800 4454 2004 4509 pueros
2049 4438 2363 4494 Iudaeorum

790 4537 1012 4606 delegit,
1032 4546 1088 4590 et
1111 4534 1216 4589 sibi
1239 4534 1307 4588 ad
1334 4548 1494 4587 suum
1528 4533 1781 4586 attribuit
1804 4532 2196 4587 ministerium.
2216 4531 2365 4586 Inter

792 4640 931 4694 quos
959 4632 1120 4680 erant
1146 4622 1310 4678 etiam
1338 4628 1580 4691 quatuor
1603 4635 1670 4674 ex
1704 4619 1793 4682 iis,
1826 4619 1919 4689 qui
1944 4635 1974 4672 a
2000 4635 2127 4690 rege
2159 4618 2363 4673 Davide

790 4717 1069 4772 ducebant
1120 4715 1433 4784 originem:
1493 4712 1709 4783 pulchri
1765 4712 1986 4781 quidem
2022 4712 2208 4781 specie
2238 4727 2360 4766 cor-

790 4809 962 4877 poris,
1014 4806 1231 4877 pulchri
1265 4814 1448 4859 autem
1485 4804 1669 4873 specie
1713 4818 1931 4873 quoque
1961 4804 2178 4866 animm,
2207 4804 2359 4873 inge-

790 4917 1071 4970 nuumque
1088 4910 1143 4955 et
1164 4900 1446 4954 liberalem
1471 4906 1751 4968 aspectum
1776 4897 2004 4968 pulchre
2024 4913 2089 4952 ex
2115 4898 2361 4968 utrisque

790 4992 1146 5049 ostendentes
1181 5011 1193 5044 :
1225 4992 1318 5060 qui
1366 4990 1530 5046 etiam
1588 4989 1654 5043 ad
1716 4988 2004 5044 Ezechiam
2042 4999 2099 5044 et
2155 4990 2359 5045 Josiam

786 5085 1295 5156 virosjustissimos
1345 5098 1520 5153 genus
1544 5083 1791 5152 proxime
1839 5081 2172 5136 referebant.
2221 5080 2358 5135 Cum

787 5180 913 5233 illos
959 5193 1089 5248 ergo
1149 5177 1467 5240 excidisset,
1507 5186 1562 5231 et
1614 5175 1947 5245 providisset
1976 5184 2034 5228 ut
2065 5190 2129 5228 ex
2166 5190 2353 5229 mensa

788 5274 936 5344 regia
966 5273 1263 5335 alerentur,
1314 5270 1484 5323 tradit
1534 5270 1861 5341 paedagogis,
1919 5280 1975 5324 ut
2034 5271 2087 5323 in
2131 5280 2357 5324 externa

2471 4246 2673 4316 πολλὴν
2699 4246 2912 4300 ἐκεῖθεν
2938 4246 3137 4311 ἐλάσας
3168 4249 3261 4301 καὶ
3278 4248 3615 4315 δορυαλώτος
3644 4250 3720 4313 ὼς
3753 4251 4044 4315 πλείστους

2469 4339 2674 4406 λαϐὼν,
2710 4340 2979 4412 λαμπρῶς
3010 4358 3067 4394 τε
3091 4342 3171 4404 εἰς
3196 4341 3493 4395 Βαϐυλῶνα
3518 4342 3681 4396 πάλιν
3713 4343 3817 4415 τὴν
3841 4345 4044 4398 οἰκείαν

2468 4432 2641 4502 ἀρχὴν
2667 4433 2991 4495 ἀναζεύξας,
3019 4434 3144 4495 τοὺς
3175 4429 3592 4501 εὐγενεστάτους
3621 4437 3732 4489 τῶν
3770 4438 4043 4491 Ἰουδαίων

2469 4503 2672 4585 παῖδας
2726 4523 3152 4596 ἀπολεξάμενος,
3209 4525 3289 4588 είς
3357 4526 3666 4594 ὑπουργίαν
3733 4529 4043 4597 ἀπένειμεν

2468 4614 2668 4685 ἑαυτῷ,
2700 4617 2755 4669 ὲν
2795 4610 2874 4680 οἷς
2902 4617 2995 4670 καὶ
3023 4616 3287 4687 τέσσαρες
3331 4614 3473 4689 ἦσαν
3513 4619 3623 4672 τῶν
3649 4617 3747 4672 τοῦ
3775 4619 4043 4691 βασιλέως

2466 4709 2628 4763 Δαυτδ
2667 4710 2970 4778 ἀπογόνων,
3004 4712 3162 4766 καλοὶ
3191 4712 3292 4783 μὲν
3315 4713 3415 4782 τὴν
3447 4711 3542 4765 τοῦ
3576 4713 3837 4778 σώματος
3874 4715 4040 4786 ὥραν,

2466 4806 2622 4859 καλοὶ
2657 4804 2711 4857 δὲ
2740 4807 2832 4857 καὶ
2856 4805 2955 4875 τὴν
2996 4808 3093 4875 τῆς
3112 4806 3317 4875 ψυχῆς,
3350 4808 3442 4857 καὶ
3465 4805 3598 4857 πολὺ
3633 4805 3697 4858 τὸ
3724 4808 3953 4874 εὐγενὲς
3988 4806 4041 4869 ἐξ

2465 4898 2790 4969 ἀμφοτέρων
2836 4897 3296 4968 ἐπιδεικνύμενοι,
3321 4898 3369 4952 οἳ
3404 4897 3499 4951 καὶ
3532 4898 3613 4962 είς
3657 4896 3919 4963 Ἐζεκίαν
3952 4900 4042 4952 καὶ

2478 4990 2689 5044 Ἰωσίαν
2730 4992 2858 5054 τοὺς
2896 4990 3270 5053 δικαιοτάτους
3317 4991 3599 5063 προσεχῶς
3646 4991 3711 5043 τὸ
3742 4992 3906 5058 γένος
3954 4994 4040 5044 ἀνα

2464 5084 2658 5152 ἐφερον
2681 5099 2693 5113 ⁸
2724 5083 2948 5144 τούτους
2981 5078 3074 5136 οὖν
3105 5084 3311 5145 ἐκεῖνος
3362 5081 3624 5152 ἐκτομίας
3666 5085 3909 5154 ποιήσας
3952 5088 4040 5137 καὶ

2464 5174 2815 5246 χορηγεῖσθαι
2854 5174 3036 5238 αὐτοῖς
3082 5178 3215 5244 τάγε
3252 5174 3388 5246 πρὸς
3428 5175 3634 5247 τροφὴν
3664 5177 3777 5230 ἀπὸ
3812 5178 3919 5247 τῆς
3953 5176 4042 5248 βαι

2465 5269 2676 5338 σιλικῆς
2710 5268 2994 5339 τραπέζης
3036 5269 3423 5338 οἰκονομήσας,
3454 5268 3833 5338 παιδαγωγοῖς
3870 5287 4044 5341 παρα-

788 5365 1053 5435 sapientia
1076 5372 1131 5415 et
1154 5362 1269 5432 ipsa
1292 5361 1671 5416 Chaldaaorum
1697 5361 1947 5415 doctrina
1976 5361 2202 5432 pulchre
2228 5376 2356 5416 eru-
2386 5358 2430 5419 C
2462 5361 2488 5414 δ

2466 5361 2700 5425 δίδωσιν,
2737 5361 2811 5425 ὡς
2849 5363 2915 5415 ἂν
2966 5363 3066 5431 τήν
3110 5379 3168 5413 τε
3223 5361 3458 5431 (θύραθεν
3511 5362 3706 5430 σοφίαν
3755 5365 3853 5417 καὶ
3909 5364 4043 5417 αύτά

789 5456 1042 5510 direntur
1068 5484 1074 5491 ο
1100 5454 1177 5508 Ex
1209 5453 1298 5507 bis
1324 5467 1469 5507 unus
1498 5452 1721 5521 quidem
1782 5455 2081 5517 vocabatur
2114 5454 2303 5510 Daniel
2340 5472 2351 5507 :

786 5547 881 5617 qui
943 5547 1120 5615 ipsum
1174 5558 1307 5597 vero
1356 5543 1716 5615 sequebatur,
1749 5544 2035 5599 Ananias:
2070 5554 2125 5598 et
2155 5544 2355 5600 tertius

786 5637 1030 5702 Azarias,
1058 5647 1112 5691 et
1136 5635 1277 5692 alius
1309 5634 1513 5690 Misael.
1544 5636 1764 5691 Mutatis
1796 5646 1979 5694 autem
2011 5652 2204 5692 eorum
2248 5652 2352 5692 no-

785 5731 1049 5794 minibus,
1084 5729 1361 5785 Daniciem
1416 5730 1639 5801 quidem
1668 5742 1828 5788 vocat
1874 5732 2175 5799 Baltassar,
2206 5733 2353 5787 Ana-

786 5826 934 5884 niam
966 5821 1215 5890 Bidrach,
1247 5822 1498 5882 Azariam
1545 5839 1673 5881 vero
1713 5825 1940 5896 Misaeh,
1975 5835 2027 5882 et
2077 5825 2355 5883 Misaelem

2468 5454 2669 5523 ἄριστα
2710 5454 3043 5509 παιδευθῶσι
3086 5454 3154 5508 τὰ
3198 5455 3306 5508 τῶν
3338 5454 3645 5509 Χαλδαίων.
3689 5454 3923 5510 Τούτων
3955 5457 4044 5525 μὲν

2466 5546 2662 5615 Δανιὴλ
2725 5546 3000 5599 ἐκαλεῖτο·
3048 5549 3075 5601 ὁ
3119 5547 3236 5617 μετ’
3280 5547 3440 5599 αὑτὸν
3475 5543 3521 5599 δ’
3565 5544 3848 5613 Ἀνανίας,
3895 5549 4045 5612 Ἀζα-

2465 5640 2584 5709 ρίας
2624 5656 2683 5692 τε
2732 5643 2759 5693 ὁ
2809 5640 2993 5710 τρίτος
3042 5641 3135 5694 καὶ
3186 5641 3432 5703 ὁλοιπος
3466 5641 4042 5711 Μισαήλοδιαμείψας

2464 5732 2521 5785 δὲ
2574 5732 2759 5807 αὐτοῖς
2812 5732 2880 5786 τὰ
2926 5733 3187 5804 ὀνόματα,
3225 5733 3318 5786 τὸν
3367 5734 3469 5803 μὲν
3505 5732 3709 5805 Δανιὴλ
3758 5733 4041 5798 Βαλτάσαρ

2467 5825 2645 5892 καλεῖ,
2690 5827 2897 5898 Σιδρὰχ
2933 5828 2988 5883 ὁὶ
3032 5828 3121 5880 τὸν
3161 5826 3430 5898 Ἀνανίαν,
3477 5826 3567 5883 τὸν
3628 5825 3899 5905 Ἀζαρίαν
3948 5826 4039 5881 κι-
