4188 6310
214 342 322 406 373

1254 343 1422 403 Vl'l'A
1466 344 1528 402 S.
1573 340 1996 401 ΡΒΡΟΗΕἸῈ
2035 343 2420 408 DANIELIS.

3358 346 3464 411 ΞΗ

212 461 339 523 σὰκ,
374 458 470 517 καὶ
518 456 827 527 Ἀϐδεναγὼ
861 458 954 510 τὸν
987 456 1207 527 Μισαὴλ
1241 453 1533 524 ὀνομάζει·
1563 452 1655 517 οὓς
1690 454 1779 524 δή·

1897 454 2143 510 nominat
2191 456 2512 527 Abdenago.
2534 459 2682 526 Quos
2699 464 2921 533 quidem
2947 474 3003 520 et
3031 480 3123 519 rex
3149 462 3388 527 amabat,
3412 474 3470 519 et

212 568 315 603 που
344 552 439 604 καὶ
467 550 643 618 ἐφίλει
695 552 723 603 6
766 549 1024 620 βασιλεὺς
1073 550 1166 603 καὶ
1209 548 1329 601 λίαν
1368 547 1599 619 εύμενές
1650 547 1788 617 πρὸς

211 641 413 706 αὐτοὺς
432 639 652 707 ἐϐλεπε,
686 643 785 712 τῆς
822 641 1104 712 ἀγχινοίας
1135 640 1556 710 ἀποδεχόμενος,
1584 641 1678 694 καὶ
1697 640 1789 713 δτι

216 734 292 803 μὴ
343 734 505 803 μόνον
555 734 773 804 εὐφυῶς
817 734 1082 788 διέκειντο
1147 736 1276 805 περὶ
1334 736 1406 787 τά
1463 733 1786 805 μαθήματα,

212 825 350 879 ἀλλὰ
377 828 471 880 καὶ
501 826 671 894 πολλή
702 843 788 889 τις
813 828 1126 896 ἐπεπρεπεν
1148 826 1331 889 αὐτοῖς
1362 826 1579 889 σύνεσίς
1611 842 1667 877 τε
1696 828 1790 880 καὶ

212 919 537 987 κοσμιότης.
566 916 711 970 Ἀλλ’
740 916 911 981 οὕτως
934 918 1034 988 μὲν
1072 919 1212 989 πρὸς
1242 919 1371 983 τοὺς
1404 918 1600 982 παῖδας
1629 919 1656 971 6
1689 917 1788 979 Ba-

214 1011 422 1073 σιλεύς.

287 1101 363 1159 B'.
392 1104 589 1173 Δανιὴλ
624 1103 680 1156 δὲ
720 1104 748 1156 6
784 1102 1090 1173 θαυμάσιος
1134 1103 1234 1155 οὐκ
1275 1102 1569 1170 ἐπαινέτης
1627 1102 1788 1175 μόνον

208 1196 311 1264 τῆς
343 1196 544 1265 ἀρετῆς
571 1191 659 1267 ἦν,
684 1195 824 1249 ἀλλὰ
869 1198 963 1248 καὶ⁵
1004 1196 1194 1265 μετῄει
1233 1194 1439 1264 ταύτην
1473 1196 1783 1265 ἐπιμελῶς’

210 1292 306 1340 καὶ
337 1288 427 1341 διὰ
458 1286 615 1339 τοῦτο
662 1287 1113 1357 σκληραγωγίαις
1150 1303 1210 1338 τε
1242 1285 1478 1351 ἐξεδίδου
1507 1286 1567 1340 τὸ
1600 1286 1782 1357 σῶμα,

211 1383 309 1433 καὶ
339 1379 446 1431 άπδ
472 1378 573 1447 τῆς
605 1378 896 1449 βασιλικῆς
925 1378 1206 1447 τραπέζης
1246 1380 1562 1450 ἐδεσμάτων
1592 1380 1653 1434 ού
1687 1381 1787 1450 μό-

209 1488 303 1523 νον
336 1468 500 1533 αύτδς
537 1471 836 1541 παρῃτεῖτο
877 1468 1341 1540 μεταλαμϐάνειν,
1368 1469 1506 1523 ἀλλὰ
1548 1472 1645 1525 καὶ
1676 1475 1789 1537 τοῖς

209 1564 422 1635 ἐτέροις
469 1562 564 1616 καὶ
600 1563 914 1629 συγγενέσι,
952 1565 1066 1626 τοῖς
1100 1563 1248 1633 τρισὶ
1278 1562 1423 1630 λέγω
1459 1563 1669 1631 παισὶν,
1696 1563 1789 1617 οὖ-

205 1676 287 1712 τω
319 1662 495 1712 ποιεῖν
538 1658 862 1730 παρηγγύα.
909 1658 1078 1725 Δόξαν
1117 1657 1217 1711 οὖν
1254 1659 1612 1729 ἀμφοτέροις,
1650 1658 1787 1714 καθ-

206 1750 334 1803 όλου
366 1751 586 1804 πάντων
613 1748 723 1803 τῶν
754 1747 1017 1817 ἐμψύχων
1047 1748 1347 1817 ἀπέχεσθαι
1380 1750 1475 1803 καὶ¹
1507 1750 1787 1821 σπέρμασι

206 1844 397 1913 μόνοις
429 1844 524 1895 καὶ
556 1807 812 1911 λαχάνοις
841 1807 1131 1907 σιτεῖσθαι,
1156 1807 1550 1911 ζπροσελθόντες
1590 1807 1788 1916 ’.λσχά-
1821 1807 1861 1861 Β

206 1933 273 2006 νη
314 1935 391 2004 τῷ
423 1936 523 2004 την
547 1932 870 2003 ἐπιμέλειαν
911 1934 1096 1988 αὐτῶν
1127 1936 1592 2011 ἐπιτετραμμένῳ
1620 1942 1782 2011 ἀρχι-

202 2029 471 2095 ευνούχῳ,
503 2026 573 2078 τά
620 2025 720 2094 μὲν
751 2026 901 2099 παρὰ
921 2026 1014 2079 τοῦ
1048 2027 1315 2097 βασιλέως
1345 2030 1528 2093 αὐτοῖς
1560 2033 1785 2100 κομιζό-

203 2137 347 2189 μενα
371 2117 556 2189 ἠξίουν
585 2118 749 2172 αὑτὸν
772 2117 1122 2189 λαμϐάνοντα
1148 2120 1486 2187 ἀναλίσκειν,
1520 2124 1783 2193 παρέχειν

200 2214 260 2267 δέ
294 2213 410 2268 ἀντ’
444 2213 623 2266 αὐτῶν
643 2212 847 2283 δσπριά
869 2229 928 2266 τε
953 2212 1047 2267 καὶ
1079 2214 1326 2283 φοίνικας
1353 2217 1432 2277 εἰς
1464 2215 1782 2286 διατροφὴν,

202 2309 305 2361 καὶ
328 2308 381 2361 εί
400 2325 451 2360 τι
478 2309 588 2361 τῶν
630 2306 858 2378 ἀψύχων
886 2307 1076 2379 ἕτερον
1110 2309 1268 2362 αὐτοὶ
1298 2307 1574 2378 βούλοιντο
1596 2324 1609 2338 ’
1646 2310 1783 2378 πρὸς

201 2400 318 2470 γὰρ
346 2398 443 2469 τὴν
480 2398 740 2468 τοιαύτην
779 2399 1012 2466 δίαιταν,
1046 2400 1255 2466 ἔλεγον,
1288 2400 1345 2466 ἐξ
1368 2403 1545 2472 ἀρχῆς
1571 2403 1784 2455 κεκονί-

201 2492 357 2554 σθαι,
387 2494 486 2562 τῆς
511 2492 566 2545 δὲ
589 2493 782 2561 ἐτέρας
813 2490 1198 2562 όλιγωρεῖν.⁹0
1233 2492 1289 2545 δέ
1331 2488 1472 2546 εἶναι
1512 2494 1613 2563 μὲν
1646 2497 1785 2547 ἕτοιο

202 2603 311 2655 μος
340 2585 543 2651 ἔλεγεν,
575 2584 870 2654 ὑπηρετεῖν
901 2582 1082 2639 αὐτῶν
1108 2587 1170 2656 τῇ
1202 2584 1441 2657 θελήσει,
1476 2574 1781 2658 ύιρορᾶσθαι

196 2680 256 2731 δὲ
306 2678 382 2750 μὴ
422 2677 712 2749 κατάδηλοι
753 2679 831 2750 τῷ
871 2678 1085 2749 βασιλεῖ
1126 2680 1450 2750 γενηθέντες
1484 2680 1545 2735 ἐκ
1574 2699 1633 2735 τε
1683 2682 1784 2750 τῆς

195 2772 318 2827 τῶν
356 2773 623 2843 σωμάτων
663 2773 973 2843 ἰσχνότητος
1032 2773 1125 2826 καὶ
1179 2773 1279 2841 τῆς
1321 2773 1629 2843 ὠχρότητος
1672 2774 1785 2829 τῶν

198 2867 556 2936 προσώπωνσ
601 2866 1075 2936 συμμεταϐάλλειν
1106 2864 1215 2937 γὰρ
1247 2866 1433 2928 αὐτοῖς
1462 2866 1676 2937 ἀνάγκη
1714 2867 1782 2919 τε

199 2958 444 3027 σώματα
477 2960 570 3011 καὶ
600 2959 700 3021 τάς
729 2958 896 3029 χρόας
931 2957 1049 3027 ἅμα
1076 2961 1142 3029 τῇ
1177 2956 1378 3028 διαίτῃ,
1409 2957 1503 3011 καὶ
1546 2958 1782 3029 μάλιστα

197 3051 320 3103 τῶν
382 3048 559 3102 ἄλλων
610 3048 818 3101 παίδων
871 3048 1275 3112 εὐπαθούντων,
1318 3052 1480 3103 αἴτιοι
1534 3052 1782 3105 κινδύνου

1892 549 2128 622 benigne
2151 552 2449 609 admodum
2485 572 2580 612 eos
2635 557 2961 629 aspiciebat,
2996 573 3187 615 eorum
3236 556 3471 612 laudans

1895 641 2134 697 indolem
2164 663 2176 698 :
2214 655 2271 700 et
2301 647 2448 715 (μιοά
2486 663 2597 704 non
2656 650 2831 705 solum
2866 650 3116 705 valebant
3151 649 3371 723 ingenio
3401 650 3469 708 ad

1892 733 2230 805 disciplinas,
2265 738 2360 792 sed
2397 740 2479 794 eis
2507 756 2729 812 quoque
2792 756 3048 813 magnum
3080 740 3352 795 afferebat
3375 756 3470 794 or-

1893 838 2211 882 namentum
2273 825 2497 890 solertia
2528 841 2585 888 et
2616 834 2903 889 modestia.
2959 833 3064 888 Sed
3099 833 3177 889 sic
3241 831 3469 903 quidem

1891 932 2013 974 erat
2037 936 2129 975 rex
2158 922 2387 983 aﬂeclus
2418 924 2471 978 in
2501 941 2721 995 pueros.

1962 1100 2027 1155 ΙΙ.
2063 1102 2292 1157 Divinus
2327 1112 2510 1157 autem
2561 1104 2749 1159 Daniel
2790 1121 2897 1158 non
2958 1105 3133 1159 solum
3180 1115 3301 1160 erat
3348 1106 3467 1161 lau-

1891 1194 2050 1247 (lator
2079 1196 2312 1257 virtutis,
2342 1196 2438 1250 sed
2474 1212 2594 1250 eam
2621 1198 2786 1252 etiam
2813 1199 3106 1267 diligenter
3152 1201 3466 1254 exercebat.

1890 1284 1956 1337 Et
1990 1285 2113 1339 ideo
2134 1286 2428 1356 asperitate
2450 1286 2573 1341 vitae
2601 1304 2801 1357 corpus
2820 1289 3113 1356 afﬂigebat,
3137 1299 3191 1344 et
3214 1288 3466 1347 ciborum

1890 1390 2092 1431 mensae
2118 1378 2279 1447 regia:
2315 1392 2421 1431 non
2453 1379 2628 1432 solum
2666 1380 2958 1434 recusabat
3006 1396 3129 1436 esse
3168 1382 3465 1453 particeps,

1890 1468 1985 1523 sed
2042 1470 2164 1523 aliis
2213 1471 2379 1524 etiam
2441 1473 2709 1541 cognatis,
2748 1473 2945 1537 tribus,
2984 1473 3232 1544 inquam,
3279 1477 3466 1545 pueris

1892 1561 1974 1617 sic
2004 1561 2176 1617 suasit
2208 1572 2269 1614 ut
2317 1562 2585 1617 facerent.
2638 1563 2775 1619 Cum
2811 1567 3061 1634 utrisque
3095 1581 3225 1634 ergo
3288 1567 3468 1621 visum

1890 1662 2054 1717 esset,
2079 1654 2147 1709 ab
2165 1654 2423 1709 omnibus
2440 1654 2719 1711 abstinere
2743 1657 3024 1719 animatis,
3046 1668 3099 1711 et
3123 1659 3266 1712 vesci
3291 1658 3468 1713 solum

1890 1745 2199 1801 Seminibus
2223 1757 2278 1801 et
2305 1747 2573 1812 oleribus,
2610 1749 2938 1804 accedentes
2990 1748 3059 1804 ad
3101 1749 3470 1806 Aschanetem

1895 1840 2391 1903 archieunucbum,
2426 1842 2513 1895 cui
2544 1852 2662 1895 erat
2698 1842 2991 1896 commissa
3025 1858 3218 1897 eorum
3274 1858 3406 1897 cura
3439 1860 3472 1898 a

1899 1947 2047 2001 rege,
2080 1947 2205 1986 eum
2243 1943 2526 2003 rogarunt.
2567 1942 2624 1986 ut
2654 1949 2777 2002 quae
2826 1934 2894 1987 ab
2931 1933 3049 2004 ipso
3080 1949 3209 2005 rege
3267 1934 3333 1993 ad
3375 1951 3473 1990 eos

1898 2024 2246 2089 all'errentur,
2291 2025 2407 2094 ipse
2461 2025 2737 2095 accipiens
2780 2036 3175 2081 consumeret:
3238 2042 3339 2096 pro
3391 2027 3474 2081 eis

1891 2126 2073 2171 autem
2101 2119 2366 2185 pra-heret
2389 2118 2661 2184 legumina
2697 2128 2753 2172 et
2775 2114 3019 2187 dactylos
3039 2117 3107 2171 ad
3158 2119 3470 2171 nutrimen-

1896 2218 2034 2269 tum,
2068 2210 2192 2264 etsi
2244 2209 2376 2279 quid
2409 2209 2559 2264 aliud
2592 2210 2757 2265 vellet
2813 2226 2879 2265 ex
2936 2210 3210 2265 inanimis.
3252 2211 3311 2264 ln
3366 2211 3469 2265 hac

1893 2303 2041 2356 enim
2096 2302 2220 2357 vitae
2260 2304 2472 2358 ratione
2528 2303 2785 2360 dicebant
2820 2318 2881 2357 se
2938 2318 3060 2357 esse
3106 2303 3370 2357 educatos
3397 2302 3470 2357 ab

1895 2393 2075 2458 initio,
2130 2396 2291 2448 aliam
2327 2411 2455 2449 vero
2493 2396 2796 2465 despicere.
2831 2395 2924 2449 Ille
2950 2407 3133 2450 autem
3161 2396 3383 2449 dicebat
3410 2409 3471 2450 se

1888 2504 2011 2543 esse
2050 2489 2274 2558 quidem
2307 2498 2555 2559 paratum
2591 2490 2859 2545 inservire
2895 2486 3088 2544 eorum
3150 2490 3419 2544 voluntati
3449 2496 3475 2546 ι

1895 2580 1991 2634 sed
2022 2581 2235 2644 timere,
2257 2598 2326 2635 ne
2362 2582 2414 2635 id
2446 2597 2540 2636 rex
2572 2582 2897 2635 rescisceret
2938 2598 3001 2640 ex
3035 2596 3327 2651 corporum
3347 2597 3471 2650 ειε-

1896 2672 2106 2726 eilitate
2170 2680 2226 2726 et
2289 2672 2474 2727 vultus
2521 2673 2747 2741 pallore.
2780 2673 3014 2735 Necesse
3046 2673 3193 2727 enim
3236 2687 3376 2735 esse,
3408 2682 3469 2727 ut

1896 2765 1979 2820 eis
2008 2765 2170 2820 simul
2202 2773 2483 2819 mutentur
2516 2781 2749 2835 corpora
2784 2776 2849 2820 et
2864 2766 3079 2818 colores
3111 2781 3234 2819 cum
3257 2765 3473 2820 ratione

1897 2859 2113 2912 vietus:
2144 2868 2197 2912 et
2250 2858 2504 2920 maxime,
2548 2874 2617 2913 ne
2654 2874 2777 2912 cum
2811 2858 2902 2912 alii
2953 2858 3109 2928 pueri
3168 2858 3281 2913 sint
3310 2856 3468 2912 bonae

1898 2948 2261 3013 habitudinis,
2309 2950 2412 3018 ipsi
2446 2949 2555 3003 sint
2577 2950 2627 3004 ei
2648 2964 2809 3003 causa
2844 2950 3071 3019 periculi
3104 2959 3161 3004 et
3184 2950 3466 3019 supplicii.

1896 3040 2031 3097 Cum
2070 3041 2251 3110 itaque
2289 3041 2545 3095 cautione
2582 3040 2685 3095 hac
2717 3040 2769 3094 in
2804 3056 2860 3094 re
2893 3049 3142 3096 uteretur
3165 3042 3467 3107 Asclianes,

197 3137 307 3189 καὶ
344 3136 615 3204 τιμωρίας
642 3134 790 3206 αὑτῷ
831 3136 1198 3198 καταστῶσιν.
1227 3138 1461 3208 Ἐχοντα
1508 3136 1601 3191 οὖν
1651 3142 1790 3211 πρὸς

1895 3134 1944 3188 ei
1976 3134 2309 3203 persuadent
2341 3133 2493 3202 pueri
2525 3135 2599 3187 illi
2640 3134 2867 3203 egregii,
2900 3142 2957 3187 ut
2996 3134 3185 3189 decem
3216 3134 3330 3189 dies
3357 3136 3472 3190 haec

194 3225 371 3279 τοῦτο
403 3225 646 3291 εὐλαϐῶς
678 3227 768 3279 τὸν
813 3226 1102 3297 Ἀσχάνην,
1142 3224 1426 3283 πείθουσιν
1468 3230 1516 3282 οἱ
1549 3235 1789 3299 γενναῖοι

195 3322 303 3374 ἐπὶ
354 3319 486 3372 δέκα
523 3320 738 3389 ἡμέρας
783 3319 956 3374 ταῦτα
1005 3323 1308 3393 παρασχεῖν
1357 3324 1542 3388 αὐτοῖς
1591 3326 1792 3396 πείρας

194 3415 401 3477 ἕνεκα,
453 3414 549 3465 καὶ
599 3411 674 3479 μὴ
720 3411 1140 3484 μεταϐαλούσης
1188 3415 1287 3484 μὲν
1327 3416 1511 3478 αὐτοῖς
1553 3417 1653 3484 τῆς
1681 3418 1792 3471 τῶν

197 3505 491 3574 σωμάτιον
520 3503 708 3567 ἓξεως,
745 3503 841 3556 ἐὰν
871 3509 985 3569 τοῖς
1016 3508 1202 3572 αὐτοῖς
1226 3508 1508 3579 ἐπιμένειν
1533 3508 1607 3572 ὡς
1637 3508 1792 3563 οὐδὲν

193 3600 285 3649 ἐτι
325 3595 767 3665 βλαϐησομένους
792 3613 804 3626 ·
856 3597 906 3649 εἰ
946 3598 1003 3650 δέ
1041 3600 1379 3669 μειωθέντας
1428 3602 1526 3655 ἴδοι
1556 3602 1652 3656 καὶ
1684 3602 1793 3658 τῶν

194 3688 397 3743 ἄλλων
433 3689 776 3760 άειδέστερον
818 3688 1062 3760 ἔχοντας,
1099 3690 1194 3744 ἐπὶ
1236 3690 1337 3761 τὴν
1382 3693 1657 3763 προτέραν
1695 3695 1793 3746 αύ-

190 3785 342 3845 τοὺς
372 3782 526 3852 ἄγειν
555 3784 766 3837 δίαιταν
796 3784 891 3837 καὶ
927 3783 1071 3836 κατὰ
1099 3784 1167 3838 τὰ
1199 3784 1544 3855 κελευσμὲνα
1592 3790 1785 3840 ποιεῖν,

205 3877 312 3939 Ὧς
344 3875 402 3929 δέ
438 3876 500 3928 ού
548 3877 710 3945 μόνον
763 3875 917 3929 οὐδὲν
959 3876 1159 3940 αὐτοὺς
1202 3875 1395 3930 ἐλύπει
1448 3879 1546 3950 τὴν
1585 3879 1792 3950 τροφὴν

194 3969 442 4036 ἐκείνην
473 3968 951 4037 προσφερομένης,
974 3967 1109 4019 ἀλλὰ
1132 3969 1226 4021 καὶ
1256 3966 1568 4023 τῶνᾶλλων
1599 3972 1793 4039 εύτρα-

192 4056 472 4123 φέστεροι
503 4053 572 4107 τὰ
614 4054 844 4124 σώματα
889 4056 986 4108 καὶ
1023 4056 1181 4111 καλοὶ
1224 4056 1324 4128 τὴν
1361 4057 1484 4129 δψιν
1523 4060 1791 4137 ἐγίνοντο,

196 4146 306 4212 Ὠς
337 4147 465 4211 τοὺς
494 4147 731 4218 ὁρῶντας
755 4146 882 4211 τοὺς
917 4147 1017 4220 μὲν
1047 4150 1175 4220 περὶ
1194 4150 1285 4204 τὸν
1310 4152 1510 4222 Δανιὴλ
1540 4154 1715 4207 δοκεῖν
1739 4156 1798 4208 ἐν

161 4238 458 4310 ’ἀφθονία
487 4242 580 4293 καὶ
616 4243 797 4312 τρυφῇ
828 4244 891 4311 τῇ
921 4242 1070 4312 πάσῃ
1110 4241 1280 4311 βιοῦν,
1306 4242 1437 4305 τοὺς
1478 4246 1700 4313 ἐτέρους
1735 4246 1794 4299 δὲ

194 4332 321 4386 τῶν
347 4330 557 4384 παίδων
581 4331 921 4401 ἐνδεέστερον
944 4329 1212 4385 σιτεῖσθαι
1240 4332 1335 4386 καὶ
1354 4330 1583 4402 μὴκατὰ
1606 4332 1795 4402 χρείαν

190 4422 521 4479 ἀπολαύειν
551 4422 662 4475 τῶν
692 4421 1012 4493 διδομένων.

274 4516 368 4570 1".
408 4515 499 4583 Ἐξ
539 4517 751 4572 ἐκείνου
792 4517 930 4588 μετὰ
969 4516 1153 4581 ἀδείας
1193 4519 1221 4571 6
1258 4519 1529 4590 Ἃσχάνης
1559 4519 1660 4573 ὅσα
1696 4521 1796 4587 μὲν
1828 4518 1872 4574 D

189 4610 325 4664 ἀπὸ
368 4608 468 4661 τοῦ
494 4609 714 4661 δείπνου
736 4609 860 4663 καθ’
888 4610 1101 4681 ἡμέραν
1133 4610 1379 4679 συνήθως
1421 4610 1638 4679 ἔπεμπε
1667 4610 1795 4663 τού-

183 4717 326 4764 τοις
378 4700 409 4751 6
440 4697 719 4768 βασιλεὺς,
741 4697 906 4760 αὐτὸς
942 4697 1270 4767 ἐλάμϐανεν,
1306 4699 1567 4768 ἐχορήγει
1610 4696 1666 4751 δέ
1701 4698 1799 4751 αύ-

183 4796 323 4857 τοϊς
356 4790 430 4844 τὰ
453 4791 831 4861 προειρημένα
849 4807 863 4820 ο
898 4792 945 4843 oi
965 4790 1021 4844 δὲ
1048 4790 1123 4855 ὡς
1153 4791 1247 4843 καὶ
1271 4791 1379 4844 τῶν
1405 4790 1591 4861 ψυχῶν
1617 4791 1799 4853 αὐτοῖς

184 4888 294 4941 διὰ
335 4883 502 4936 τοῦτο
551 4881 810 4953 καθαρῶν
850 4882 946 4935 καὶ
984 4883 1121 4951 πρὸς
1168 4884 1269 4952 τὴν
1311 4883 1419 4936 τῶν
1456 4884 1799 4954 μαθημάτων

184 4972 494 5043 ἀνάληψιν
520 4972 838 5043 ἐπιτηδείων
866 4973 931 5025 ἐκ
956 4972 1147 5027 τούτου
1179 4976 1582 5043 γεγενημένων,
1616 4976 1799 5027 πᾶσαν

184 5068 462 5138 ἑτοίμως
496 5063 765 5137 ἐξέμαθον
804 5067 905 5135 τὴν
946 5049 1219 5130 παιδείαν,
1257 5066 1379 5137 ἥτις
1429 5062 1497 5138 ἦν
1542 5067 1694 5136 παρά
1737 5083 1796 5119 τε

176 5157 322 5225 ιτοϊς
376 5158 654 5228 Ἑϐραίοις
697 5158 791 5211 καὶ
828 5160 941 5221 τοῖς
980 5158 1291 5223 Χαλδαίοις,
1332 5158 1565 5228 μάλιστα
1597 5158 1651 5211 δὲ
1692 5160 1797 5210 Δα-

183 5250 363 5321 νιὴλ,
401 5247 460 5306 ὃς
496 5247 680 5310 ἱκανὸς
701 5246 802 5318 ήδη
840 5244 973 5314 περὶ
994 5246 1091 5316 τὴν
1128 5245 1409 5299 παίδευσιν
1442 5244 1679 5313 γεγονὼς
1709 5246 1801 5296 καὶ

184 5346 347 5416 περὶ
370 5340 610 5412 κρίσεως
635 5340 859 5411 ὀνείρων
889 5339 1237 5404 ἐσπουδάκει,
1257 5338 1353 5392 καὶ
1377 5338 1436 5392 τὸ
1468 5338 1620 5391 Θεῖον
1651 5337 1800 5407 αύτῷ

186 5434 468 5508 φανερὸν
497 5434 705 5500 ἐγίνετο
724 5449 739 5465 ο
762 5434 852 5486 ὐπ’
884 5431 1051 5485 αὑτοῦ
1084 5449 1144 5485 τε
1172 5432 1511 5503 τυπούμενος
1552 5432 1650 5500 τὴν
1679 5431 1800 5483 δια-

184 5543 399 5585 νοιαν,
431 5523 605 5578 πολλὰ
637 5524 746 5579 τῶν
780 5524 1081 5595 μελλόντων
1124 5523 1371 5595 ἐναργῶς
1406 5524 1795 5594 προηγόρευεν.

183 5623 494 5690 Δεύτερον
526 5619 803 5688 παρῆλθεν
841 5620 958 5684 ἔτος
980 5620 1077 5689 τῆς
1106 5619 1215 5672 τῶν
1247 5618 1636 5691 Ἰεροσολύμων
1665 5619 1800 5676 άλὼ-

185 5731 387 5776 σεως,
425 5712 519 5764 καὶ
551 5714 582 5769 6
609 5711 861 5780 βασιλεὺς
890 5712 1363 5783 Ναϐουχοδονόσορ
1390 5710 1523 5781 ὄναρ
1542 5714 1640 5782 ὁρᾷ
1672 5713 1802 5763 θαυ-

185 5803 458 5877 μαστὸν,
484 5799 545 5861 οὗ
578 5804 678 5871 τὴν
703 5805 925 5859 ἰκϐασιν
959 5823 1024 5859 κα
1042 5809 1097 5856 ιὰ
1132 5804 1253 5868 τοὺς
1286 5803 1485 5867 Era/0:);
1514 5805 1671 5866 αὐτὸς
1700 5802 1801 5855 αύ-

1895 3226 2005 3279 illis
2028 3224 2631 3294 prmberetexperiendi
2655 3240 2818 3279 causa
2851 3226 3000 3280 :etsi
3025 3240 3134 3279 non
3165 3235 3471 3280 mutaretur

1896 3318 2116 3389 quidem
2150 3316 2230 3372 eis
2268 3332 2563 3387 corporum
2608 3317 2844 3380 habitus,
2880 3320 3084 3375 sineret
3120 3320 3174 3373 in
3209 3321 3290 3373 eis
3340 3336 3468 3388 per-

1896 3428 2170 3469 severare.
2203 3411 2295 3467 Sin
2348 3420 2531 3466 autem
2562 3410 2762 3465 viderit
2792 3411 3120 3478 diminutas,
3174 3423 3229 3469 et
3257 3412 3379 3467 aliis
3410 3427 3470 3466 se

1897 3506 2166 3562 habentes
2193 3505 2457 3569 deterius,
2494 3520 2589 3560 eos
2624 3503 2690 3558 ad
2729 3503 2969 3573 priorem
3008 3504 3187 3560 victus
3240 3503 3470 3558 redueat

1897 3596 2187 3660 rationem,
2213 3608 2268 3651 ct
2300 3598 2462 3651 faciat
2490 3607 2548 3650 ut
2570 3595 2674 3648 fuit
2704 3596 2755 3649 ei
2790 3596 3136 3663 imperatum.
3162 3595 3297 3648 Cum
3340 3610 3472 3649 vero

1895 3703 1962 3744 eo
2004 3686 2268 3740 alimento
2319 3694 2539 3741 utentes
2604 3684 2741 3740 nihil
2804 3685 3240 3749 oﬂ‘enderentur,
3280 3685 3373 3739 sed
3416 3694 3472 3739 et

1896 3795 2127 3848 corpora
2170 3796 2359 3835 eorum
2394 3778 2641 3833 melioris
2681 3787 2866 3832 essent
2900 3776 3266 3839 habitudinis,
3303 3792 3468 3846 quam

1896 3873 2150 3937 aliorum,
2197 3882 2252 3925 et
2306 3885 2529 3940 aspectu
2568 3871 2908 3941 pulchriora,
2947 3870 3087 3925 adeo
3134 3880 3196 3925 ut
3252 3873 3344 3941 qui
3377 3887 3473 3926 eos

1898 3967 2177 4030 videbant,
2219 3974 2476 4037 putarent
2512 3963 2790 4020 Danielem
2832 3964 3054 4033 quidem
3087 3975 3143 4019 et
3172 3975 3285 4020 tres
3334 3964 3473 4019 alios

1898 4062 2082 4116 vivere
2114 4062 2168 4115 in
2194 4060 2452 4115 ouinibus
2481 4060 2714 4114 lautitiis
2747 4069 2805 4114 et
2832 4058 3047 4113 deliciis
3075 4075 3089 4112 :
3122 4058 3260 4112 alios
3283 4067 3467 4112 autem

1898 4168 2099 4222 pueros
2149 4154 2293 4205 vesci
2328 4154 2570 4220 parcius,
2604 4166 2705 4204 nec
2758 4151 2838 4205 eis
2869 4158 3165 4219 suppetere
3216 4166 3300 4214 ea,
3352 4165 3474 4221 qua

1897 4252 2026 4297 sunt
2058 4241 2126 4296 ad
2158 4256 2317 4296 usum
2341 4241 2672 4295 necessaria.

1972 4516 2061 4571 Ill.
2114 4516 2188 4569 Ex
2228 4515 2319 4567 illo
2364 4520 2631 4582 tempore,
2659 4528 2783 4568 eum
2831 4512 3163 4571 reverentia.
3195 4512 3475 4568 Asclianes

1898 4622 2237 4678 quaecunque
2271 4606 2495 4677 quidem
2518 4621 2549 4660 e
2582 4622 2677 4661 sua
2711 4622 2887 4671 caena,
2919 4616 2977 4659 ut
3005 4605 3235 4668 solebat,
3260 4606 3327 4659 ad
3345 4622 3473 4659 eum

1898 4699 2149 4755 mittebat
2169 4717 2261 4755 rex
2280 4700 2393 4771 ipse
2411 4699 2714 4770 accipiebat
2734 4717 2746 4753 :
2763 4715 2884 4766 quae
2903 4698 3156 4770 prmdieta
3170 4708 3299 4752 sunt
3316 4714 3469 4762 vero,

1898 4793 1980 4849 eis
2000 4792 2410 4863 suppeditabat.
2436 4792 2513 4845 Illi
2536 4802 2741 4855 autem,
2784 4801 2973 4861 utpote
2994 4792 3139 4861 quod
3163 4792 3244 4845 eis
3276 4792 3473 4845 animm

1899 4896 2188 4957 propterea
2210 4894 2503 4940 evaserant
2523 4884 2741 4940 munda:
2765 4896 2821 4939 et
2848 4894 2986 4954 apta:
3000 4884 3066 4937 ad
3091 4883 3474 4952 suscipiendas

1900 4977 2242 5047 disciplinas,
2273 4993 2491 5031 omnem
2541 4977 2652 5031 cito
2703 4977 2947 5030 didicere
3002 4975 3332 5040 doctrinam,
3362 4985 3471 5029 tam

1902 5087 2023 5141 quae
2082 5081 2202 5124 erat
2247 5070 2391 5139 apud
2444 5069 2722 5133 Hebraeos,
2779 5083 2941 5138 quam
2982 5084 3102 5137 quae
3137 5069 3279 5136 apud
3312 5067 3473 5121 Chal-

1901 5163 2045 5216 daeos
2084 5177 2097 5213 :
2142 5162 2375 5214 maxime
2414 5176 2544 5214 vero
2585 5159 2799 5221 Daniel,
2853 5159 2944 5226 qui
2995 5173 3117 5210 cum
3153 5158 3267 5226 jam
3326 5166 3474 5210 esset

1902 5258 2036 5307 satis
2086 5251 2337 5307 doctrina
2379 5260 2690 5321 provectus,
2722 5250 2963 5305 studium
3014 5264 3234 5317 quoque
3267 5264 3473 5318 posue-

1904 5356 1988 5398 rat
2035 5345 2089 5398 in
2139 5344 2351 5415 judicio
2385 5343 2725 5399 somniorum
2757 5360 2769 5395 :
2796 5341 2959 5410 eique
2996 5339 3141 5395 Deus
3180 5341 3471 5395 manifeste

1902 5437 2238 5507 apparebat:
2273 5451 2303 5488 a
2336 5450 2446 5504 quo
2470 5450 2593 5488 cum
2629 5435 2749 5504 ejus
2777 5447 2933 5487 meus
2968 5431 3379 5496 informaretur,
3403 5448 3474 5486 ex

1904 5530 2103 5583 futuris
2129 5528 2298 5581 multa
2336 5526 2623 5580 evidenter
2664 5524 2936 5593 praedixit.
2974 5510 3260 5581 SecunduS
3294 5538 3475 5579 annus

1905 5622 2263 5691 praeterierat,
2299 5635 2366 5673 ex
2410 5634 2517 5687 quo
2572 5626 2728 5686 (apta
2794 5618 3011 5670 fuerant
3070 5615 3470 5685 Hierosolyma,

1904 5722 1957 5764 et
1985 5729 2073 5765 rex
2112 5698 2618 5764 Nabuchodonosor
2639 5719 2911 5760 somnium
2945 5708 3090 5760 videt
3127 5702 3469 5759 admirabile.

1905 5803 2062 5872 cujus
2093 5811 2348 5858 eventum
2378 5801 2431 5854 in
2451 5796 2658 5853 somnis
2701 5796 2815 5867 ipse
2850 5796 2995 5853 Deus
3034 5798 3083 5852 ei
3115 5795 3474 5866 signiﬁcavit,
