  <div class='ocr_page' id='page_1' title='image "/cluster/home/n/w/nwhite01/storage/ocr_20150623/115/pst.000005714285/255.png"; bbox 0 0 4188 6310; ppageno 0'>
   <div class='ocr_carea' id='block_1_1' title="bbox 751 336 854 398">
    <p class='ocr_par' dir='ltr' id='par_1_1' title="bbox 751 336 854 398">
     <span class='ocr_line' id='line_1_1' title="bbox 751 336 854 398; baseline -0.029 -1"><span class='ocrx_word' id='word_1_1' title='bbox 751 336 854 398; x_wconf 74' lang='grc'><strong>375</strong></span> 
     </span>
    </p>
   </div>
   <div class='ocr_carea' id='block_1_2' title="bbox 2050 327 2674 393">
    <p class='ocr_par' dir='ltr' id='par_1_2' title="bbox 2050 327 2674 393">
     <span class='ocr_line' id='line_1_2' title="bbox 2050 327 2674 393; baseline 0.003 -2"><span class='ocrx_word' id='word_1_2' title='bbox 2050 330 2335 391; x_wconf 76' lang='lat' dir='ltr'><strong>MENSlS</strong></span> <span class='ocrx_word' id='word_1_3' title='bbox 2375 327 2674 393; x_wconf 78' lang='lat' dir='ltr'><strong>IULIUS.</strong></span> 
     </span>
    </p>
   </div>
   <div class='ocr_carea' id='block_1_3' title="bbox 3891 312 3994 378">
    <p class='ocr_par' dir='ltr' id='par_1_3' title="bbox 3891 312 3994 378">
     <span class='ocr_line' id='line_1_3' title="bbox 3891 312 3994 378; baseline -0.058 0"><span class='ocrx_word' id='word_1_4' title='bbox 3891 312 3994 378; x_wconf 80' lang='lat'><strong>316</strong></span> 
     </span>
    </p>
   </div>
   <div class='ocr_carea' id='block_1_4' title="bbox 752 428 2336 514">
    <p class='ocr_par' dir='ltr' id='par_1_4' title="bbox 752 442 2316 514">
     <span class='ocr_line' id='line_1_4' title="bbox 752 442 2316 514; baseline -0.004 -13"><span class='ocrx_word' id='word_1_5' title='bbox 752 448 845 502; x_wconf 88' lang='lat' dir='ltr'><strong>llle</strong></span> <span class='ocrx_word' id='word_1_6' title='bbox 871 457 1051 498; x_wconf 82' lang='lat' dir='ltr'><strong>autem</strong></span> <span class='ocrx_word' id='word_1_7' title='bbox 1074 460 1195 497; x_wconf 90' lang='lat' dir='ltr'><strong>eum</strong></span> <span class='ocrx_word' id='word_1_8' title='bbox 1218 446 1544 499; x_wconf 75' lang='lat' dir='ltr'><strong>surrexisset</strong></span> <span class='ocrx_word' id='word_1_9' title='bbox 1570 461 1599 499; x_wconf 91' lang='lat' dir='ltr'><strong>e</strong></span> <span class='ocrx_word' id='word_1_10' title='bbox 1620 445 1815 509; x_wconf 80' lang='lat' dir='ltr'><strong>cubili,</strong></span> <span class='ocrx_word' id='word_1_11' title='bbox 1840 456 1895 498; x_wconf 90' lang='lat' dir='ltr'><strong>et</strong></span> <span class='ocrx_word' id='word_1_12' title='bbox 1922 444 2094 514; x_wconf 81' lang='lat' dir='ltr'><strong>ipsius</strong></span> <span class='ocrx_word' id='word_1_13' title='bbox 2119 442 2316 497; x_wconf 90' lang='lat' dir='ltr'><strong>somnii</strong></span> 
     </span>
    </p>
   </div>
   <div class='ocr_carea' id='block_1_5' title="bbox 2435 428 3990 514">
    <p class='ocr_par' dir='ltr' id='par_1_5' title="bbox 2435 428 3990 508">
     <span class='ocr_line' id='line_1_5' title="bbox 2435 428 3990 508; baseline -0.008 -16"><span class='ocrx_word' id='word_1_14' title='bbox 2435 439 2499 508; x_wconf 76' lang='grc' dir='ltr'>τῷ</span> <span class='ocrx_word' id='word_1_15' title='bbox 2539 440 2807 507; x_wconf 75' lang='grc' dir='ltr'>ἐδήλωσεν</span> <span class='ocrx_word' id='word_1_16' title='bbox 2839 440 2867 491; x_wconf 81' lang='grc' dir='ltr'>ὁ</span> <span class='ocrx_word' id='word_1_17' title='bbox 2898 438 3066 499; x_wconf 81' lang='grc' dir='ltr'>Θεός⁸</span> <span class='ocrx_word' id='word_1_18' title='bbox 3106 440 3133 489; x_wconf 80' lang='grc' dir='ltr'><strong><em>ὁ</em></strong></span> <span class='ocrx_word' id='word_1_19' title='bbox 3186 437 3242 490; x_wconf 84' lang='grc' dir='ltr'>δὲ</span> <span class='ocrx_word' id='word_1_20' title='bbox 3293 436 3391 503; x_wconf 76' lang='grc' dir='ltr'>τῆς</span> <span class='ocrx_word' id='word_1_21' title='bbox 3444 433 3629 500; x_wconf 81' lang='grc' dir='ltr'><strong>κοίτης</strong></span> <span class='ocrx_word' id='word_1_22' title='bbox 3673 428 3990 486; x_wconf 76' lang='grc' dir='ltr'>διαναστὰς.</span> 
     </span>
    </p>
   </div>
   <div class='ocr_carea' id='block_1_6' title="bbox 754 536 2314 607">
    <p class='ocr_par' dir='ltr' id='par_1_6' title="bbox 754 536 2314 607">
     <span class='ocr_line' id='line_1_6' title="bbox 754 536 2314 607; baseline -0.003 -14"><span class='ocrx_word' id='word_1_23' title='bbox 754 546 838 593; x_wconf 89' lang='lat' dir='ltr'><strong>est</strong></span> <span class='ocrx_word' id='word_1_24' title='bbox 871 539 1093 602; x_wconf 88' lang='lat' dir='ltr'><strong>oblitus,</strong></span> <span class='ocrx_word' id='word_1_25' title='bbox 1120 548 1175 591; x_wconf 92' lang='lat' dir='ltr'><strong>et</strong></span> <span class='ocrx_word' id='word_1_26' title='bbox 1212 538 1377 600; x_wconf 89' lang='lat' dir='ltr'><strong>illius,</strong></span> <span class='ocrx_word' id='word_1_27' title='bbox 1410 554 1571 607; x_wconf 87' lang='lat' dir='ltr'><strong>quam</strong></span> <span class='ocrx_word' id='word_1_28' title='bbox 1608 554 1639 589; x_wconf 91' lang='lat' dir='ltr'><strong>a</strong></span> <span class='ocrx_word' id='word_1_29' title='bbox 1694 540 1802 591; x_wconf 91' lang='lat' dir='ltr'><strong>Deo</strong></span> <span class='ocrx_word' id='word_1_30' title='bbox 1859 536 2074 601; x_wconf 78' lang='lat' dir='ltr'><strong>habuit,</strong></span> <span class='ocrx_word' id='word_1_31' title='bbox 2123 536 2314 604; x_wconf 84' lang='lat' dir='ltr'><strong>conje-</strong></span> 
     </span>
    </p>
   </div>
   <div class='ocr_carea' id='block_1_7' title="bbox 756 628 2315 699">
    <p class='ocr_par' dir='ltr' id='par_1_7' title="bbox 756 628 2315 699">
     <span class='ocr_line' id='line_1_7' title="bbox 756 628 2315 699; baseline -0.004 -12"><span class='ocrx_word' id='word_1_32' title='bbox 756 641 943 687; x_wconf 63' lang='lat' dir='ltr'><strong>cturae.</strong></span> <span class='ocrx_word' id='word_1_33' title='bbox 979 630 1249 684; x_wconf 71' lang='lat' dir='ltr'><strong>Chaldaeis</strong></span> <span class='ocrx_word' id='word_1_34' title='bbox 1282 646 1414 699; x_wconf 85' lang='lat' dir='ltr'><strong>ergo</strong></span> <span class='ocrx_word' id='word_1_35' title='bbox 1449 631 1699 696; x_wconf 85' lang='lat' dir='ltr'><strong>protinus</strong></span> <span class='ocrx_word' id='word_1_36' title='bbox 1739 630 2041 692; x_wconf 77' lang='lat' dir='ltr'><strong>accersitis,</strong></span> <span class='ocrx_word' id='word_1_37' title='bbox 2082 638 2189 683; x_wconf 90' lang='lat' dir='ltr'><strong>tam</strong></span> <span class='ocrx_word' id='word_1_38' title='bbox 2221 628 2315 698; x_wconf 86' lang='lat' dir='ltr'><strong>qui</strong></span> 
     </span>
    </p>
   </div>
   <div class='ocr_carea' id='block_1_8' title="bbox 752 718 2318 789">
    <p class='ocr_par' dir='ltr' id='par_1_8' title="bbox 752 718 2318 789">
     <span class='ocr_line' id='line_1_8' title="bbox 752 718 2318 789; baseline -0.002 -15"><span class='ocrx_word' id='word_1_39' title='bbox 752 730 911 774; x_wconf 87' lang='lat' dir='ltr'><strong>erant</strong></span> <span class='ocrx_word' id='word_1_40' title='bbox 948 722 1091 775; x_wconf 88' lang='lat' dir='ltr'><strong>inter</strong></span> <span class='ocrx_word' id='word_1_41' title='bbox 1130 735 1317 789; x_wconf 82' lang='lat' dir='ltr'><strong>magos</strong></span> <span class='ocrx_word' id='word_1_42' title='bbox 1349 721 1556 783; x_wconf 81' lang='lat' dir='ltr'><strong>eximii,</strong></span> <span class='ocrx_word' id='word_1_43' title='bbox 1592 736 1754 788; x_wconf 89' lang='lat' dir='ltr'><strong>quam</strong></span> <span class='ocrx_word' id='word_1_44' title='bbox 1784 720 1878 787; x_wconf 85' lang='lat' dir='ltr'><strong>qui</strong></span> <span class='ocrx_word' id='word_1_45' title='bbox 1915 718 2075 787; x_wconf 83' lang='lat' dir='ltr'><strong>periti</strong></span> <span class='ocrx_word' id='word_1_46' title='bbox 2099 718 2318 772; x_wconf 77' lang='lat' dir='ltr'><strong>divina-</strong></span> 
     </span>
    </p>
   </div>
   <div class='ocr_carea' id='block_1_9' title="bbox 754 808 2319 878">
    <p class='ocr_par' dir='ltr' id='par_1_9' title="bbox 754 808 2319 878">
     <span class='ocr_line' id='line_1_9' title="bbox 754 808 2319 878; baseline -0.001 -14"><span class='ocrx_word' id='word_1_47' title='bbox 754 810 942 873; x_wconf 90' lang='lat' dir='ltr'><strong>tionis,</strong></span> <span class='ocrx_word' id='word_1_48' title='bbox 973 810 1113 862; x_wconf 80' lang='lat' dir='ltr'><strong>dixit</strong></span> <span class='ocrx_word' id='word_1_49' title='bbox 1148 810 1228 861; x_wconf 91' lang='lat' dir='ltr'><strong>eis</strong></span> <span class='ocrx_word' id='word_1_50' title='bbox 1257 824 1315 862; x_wconf 91' lang='lat' dir='ltr'><strong>se</strong></span> <span class='ocrx_word' id='word_1_51' title='bbox 1346 809 1547 863; x_wconf 80' lang='lat' dir='ltr'><strong>vidisse</strong></span> <span class='ocrx_word' id='word_1_52' title='bbox 1568 810 1869 869; x_wconf 90' lang='lat' dir='ltr'><strong>somnium,</strong></span> <span class='ocrx_word' id='word_1_53' title='bbox 1896 817 1952 863; x_wconf 88' lang='lat' dir='ltr'><strong>et</strong></span> <span class='ocrx_word' id='word_1_54' title='bbox 1984 808 2114 878; x_wconf 90' lang='lat' dir='ltr'><strong>quid</strong></span> <span class='ocrx_word' id='word_1_55' title='bbox 2146 808 2319 878; x_wconf 85' lang='lat' dir='ltr'><strong>signi-</strong></span> 
     </span>
    </p>
   </div>
   <div class='ocr_carea' id='block_1_10' title="bbox 756 900 2317 965">
    <p class='ocr_par' dir='ltr' id='par_1_10' title="bbox 756 900 2317 965">
     <span class='ocr_line' id='line_1_10' title="bbox 756 900 2317 965; baseline 0 -14"><span class='ocrx_word' id='word_1_56' title='bbox 756 900 1005 953; x_wconf 87' lang='lat' dir='ltr'><strong>ﬁcaverit</strong></span> <span class='ocrx_word' id='word_1_57' title='bbox 1034 917 1045 951; x_wconf 91' lang='lat'>:</span> <span class='ocrx_word' id='word_1_58' title='bbox 1069 913 1234 965; x_wconf 91' lang='lat' dir='ltr'><strong>porro</strong></span> <span class='ocrx_word' id='word_1_59' title='bbox 1259 900 1553 963; x_wconf 87' lang='lat' dir='ltr'><strong>accidisse,</strong></span> <span class='ocrx_word' id='word_1_60' title='bbox 1580 907 1638 951; x_wconf 91' lang='lat' dir='ltr'><strong>ut</strong></span> <span class='ocrx_word' id='word_1_61' title='bbox 1659 913 1848 953; x_wconf 83' lang='lat' dir='ltr'><strong>eorum</strong></span> <span class='ocrx_word' id='word_1_62' title='bbox 1872 900 2317 963; x_wconf 78' lang='lat' dir='ltr'><strong>oblivisceretur,</strong></span> 
     </span>
    </p>
   </div>
   <div class='ocr_carea' id='block_1_11' title="bbox 754 989 2322 1061">
    <p class='ocr_par' dir='ltr' id='par_1_11' title="bbox 754 989 2322 1061">
     <span class='ocr_line' id='line_1_11' title="bbox 754 989 2322 1061; baseline 0.003 -20"><span class='ocrx_word' id='word_1_63' title='bbox 754 1004 876 1057; x_wconf 79' lang='lat' dir='ltr'><strong>quae</strong></span> <span class='ocrx_word' id='word_1_64' title='bbox 914 989 1126 1045; x_wconf 83' lang='lat' dir='ltr'><strong>viderat</strong></span> <span class='ocrx_word' id='word_1_65' title='bbox 1159 1008 1171 1045; x_wconf 91' lang='lat'>:</span> <span class='ocrx_word' id='word_1_66' title='bbox 1206 991 1623 1059; x_wconf 87' lang='lat' dir='ltr'><strong>ctjubebateos</strong></span> <span class='ocrx_word' id='word_1_67' title='bbox 1653 991 1835 1045; x_wconf 84' lang='lat' dir='ltr'><strong>dicere</strong></span> <span class='ocrx_word' id='word_1_68' title='bbox 1858 992 2134 1061; x_wconf 87' lang='lat' dir='ltr'><strong>quodnam</strong></span> <span class='ocrx_word' id='word_1_69' title='bbox 2178 1000 2322 1045; x_wconf 89' lang='lat' dir='ltr'><strong>esset</strong></span> 
     </span>
    </p>
   </div>
   <div class='ocr_carea' id='block_1_12' title="bbox 756 1082 2323 1151">
    <p class='ocr_par' dir='ltr' id='par_1_12' title="bbox 756 1082 2323 1151">
     <span class='ocr_line' id='line_1_12' title="bbox 756 1082 2323 1151; baseline 0.001 -17"><span class='ocrx_word' id='word_1_70' title='bbox 756 1082 1051 1142; x_wconf 85' lang='lat' dir='ltr'><strong>somnium,</strong></span> <span class='ocrx_word' id='word_1_71' title='bbox 1089 1092 1144 1135; x_wconf 91' lang='lat' dir='ltr'><strong>et</strong></span> <span class='ocrx_word' id='word_1_72' title='bbox 1204 1098 1451 1151; x_wconf 66' lang='lat' dir='ltr'><strong>quaenam</strong></span> <span class='ocrx_word' id='word_1_73' title='bbox 1483 1092 1629 1137; x_wconf 90' lang='lat' dir='ltr'><strong>esset</strong></span> <span class='ocrx_word' id='word_1_74' title='bbox 1664 1084 2008 1151; x_wconf 78' lang='lat' dir='ltr'><strong>signiﬁcatio.</strong></span> <span class='ocrx_word' id='word_1_75' title='bbox 2057 1083 2169 1138; x_wconf 87' lang='lat' dir='ltr'><strong>Illis</strong></span> <span class='ocrx_word' id='word_1_76' title='bbox 2194 1097 2323 1136; x_wconf 91' lang='lat' dir='ltr'><strong>vero</strong></span> 
     </span>
    </p>
   </div>
   <div class='ocr_carea' id='block_1_13' title="bbox 757 1164 2321 1241">
    <p class='ocr_par' dir='ltr' id='par_1_13' title="bbox 757 1164 2321 1241">
     <span class='ocr_line' id='line_1_13' title="bbox 757 1164 2321 1241; baseline 0.003 -19"><span class='ocrx_word' id='word_1_77' title='bbox 757 1164 1068 1223; x_wconf 83' lang='lat' dir='ltr'><strong>dicentibus</strong></span> <span class='ocrx_word' id='word_1_78' title='bbox 1104 1171 1219 1224; x_wconf 82' lang='lat' dir='ltr'><strong>ﬁeri</strong></span> <span class='ocrx_word' id='word_1_79' title='bbox 1270 1188 1379 1224; x_wconf 92' lang='lat' dir='ltr'><strong>non</strong></span> <span class='ocrx_word' id='word_1_80' title='bbox 1417 1188 1576 1241; x_wconf 86' lang='lat' dir='ltr'><strong>posse</strong></span> <span class='ocrx_word' id='word_1_81' title='bbox 1622 1172 1690 1226; x_wconf 90' lang='lat' dir='ltr'><strong>ab</strong></span> <span class='ocrx_word' id='word_1_82' title='bbox 1740 1174 2078 1237; x_wconf 81' lang='lat' dir='ltr'><strong>hominibus,</strong></span> <span class='ocrx_word' id='word_1_83' title='bbox 2110 1184 2168 1226; x_wconf 89' lang='lat' dir='ltr'><strong>ut</strong></span> <span class='ocrx_word' id='word_1_84' title='bbox 2217 1174 2321 1226; x_wconf 85' lang='lat' dir='ltr'><strong>nisi</strong></span> 
     </span>
    </p>
   </div>
   <div class='ocr_carea' id='block_1_14' title="bbox 757 1260 2325 1335">
    <p class='ocr_par' dir='ltr' id='par_1_14' title="bbox 757 1260 2325 1335">
     <span class='ocr_line' id='line_1_14' title="bbox 757 1260 2325 1335; baseline 0.003 -21"><span class='ocrx_word' id='word_1_85' title='bbox 757 1260 873 1330; x_wconf 90' lang='lat' dir='ltr'><strong>ipse</strong></span> <span class='ocrx_word' id='word_1_86' title='bbox 926 1264 1271 1332; x_wconf 80' lang='lat' dir='ltr'><strong>exposuisset</strong></span> <span class='ocrx_word' id='word_1_87' title='bbox 1341 1265 1633 1328; x_wconf 90' lang='lat' dir='ltr'><strong>visionem,</strong></span> <span class='ocrx_word' id='word_1_88' title='bbox 1665 1267 2038 1335; x_wconf 83' lang='lat' dir='ltr'><strong>conjecturam</strong></span> <span class='ocrx_word' id='word_1_89' title='bbox 2071 1268 2325 1320; x_wconf 82' lang='lat' dir='ltr'><strong>enuntia-</strong></span> 
     </span>
    </p>
   </div>
   <div class='ocr_carea' id='block_1_15' title="bbox 758 1357 2331 1429">
    <p class='ocr_par' dir='ltr' id='par_1_15' title="bbox 758 1357 2331 1429">
     <span class='ocr_line' id='line_1_15' title="bbox 758 1357 2331 1429; baseline 0.003 -22"><span class='ocrx_word' id='word_1_90' title='bbox 758 1364 883 1408; x_wconf 86' lang='lat' dir='ltr'><strong>rent</strong></span> <span class='ocrx_word' id='word_1_91' title='bbox 917 1372 929 1407; x_wconf 90' lang='lat'><strong>:</strong></span> <span class='ocrx_word' id='word_1_92' title='bbox 963 1357 1081 1424; x_wconf 89' lang='lat' dir='ltr'><strong>ipse</strong></span> <span class='ocrx_word' id='word_1_93' title='bbox 1124 1367 1359 1411; x_wconf 85' lang='lat' dir='ltr'><strong>mortem</strong></span> <span class='ocrx_word' id='word_1_94' title='bbox 1405 1359 1646 1411; x_wconf 90' lang='lat' dir='ltr'><strong>minatus</strong></span> <span class='ocrx_word' id='word_1_95' title='bbox 1698 1366 1781 1413; x_wconf 89' lang='lat' dir='ltr'><strong>est</strong></span> <span class='ocrx_word' id='word_1_96' title='bbox 1824 1360 2185 1429; x_wconf 84' lang='lat' dir='ltr'><strong>sapientibus,</strong></span> <span class='ocrx_word' id='word_1_97' title='bbox 2218 1358 2331 1413; x_wconf 87' lang='lat' dir='ltr'><strong>nisi</strong></span> 
     </span>
    </p>
   </div>
   <div class='ocr_carea' id='block_1_16' title="bbox 758 1444 2328 1522">
    <p class='ocr_par' dir='ltr' id='par_1_16' title="bbox 758 1444 2328 1522">
     <span class='ocr_line' id='line_1_16' title="bbox 758 1444 2328 1522; baseline 0.006 -25"><span class='ocrx_word' id='word_1_98' title='bbox 758 1444 809 1497; x_wconf 89' lang='lat' dir='ltr'><strong>ei</strong></span> <span class='ocrx_word' id='word_1_99' title='bbox 837 1454 892 1499; x_wconf 90' lang='lat' dir='ltr'><strong>et</strong></span> <span class='ocrx_word' id='word_1_100' title='bbox 927 1447 1192 1501; x_wconf 85' lang='lat' dir='ltr'><strong>visionem</strong></span> <span class='ocrx_word' id='word_1_101' title='bbox 1231 1459 1549 1503; x_wconf 84' lang='lat' dir='ltr'><strong>revocarent</strong></span> <span class='ocrx_word' id='word_1_102' title='bbox 1584 1449 1636 1504; x_wconf 91' lang='lat' dir='ltr'><strong>in</strong></span> <span class='ocrx_word' id='word_1_103' title='bbox 1678 1451 2019 1517; x_wconf 87' lang='lat' dir='ltr'><strong>memoriam,</strong></span> <span class='ocrx_word' id='word_1_104' title='bbox 2058 1462 2113 1506; x_wconf 90' lang='lat' dir='ltr'><strong>et</strong></span> <span class='ocrx_word' id='word_1_105' title='bbox 2139 1453 2328 1522; x_wconf 89' lang='lat' dir='ltr'><strong>conje-</strong></span> 
     </span>
    </p>
   </div>
   <div class='ocr_carea' id='block_1_17' title="bbox 760 1539 2328 1614">
    <p class='ocr_par' dir='ltr' id='par_1_17' title="bbox 760 1539 2328 1614">
     <span class='ocr_line' id='line_1_17' title="bbox 760 1539 2328 1614; baseline 0.006 -25"><span class='ocrx_word' id='word_1_106' title='bbox 760 1547 971 1591; x_wconf 86' lang='lat' dir='ltr'><strong>cturam</strong></span> <span class='ocrx_word' id='word_1_107' title='bbox 1026 1539 1188 1593; x_wconf 88' lang='lat' dir='ltr'><strong>simul</strong></span> <span class='ocrx_word' id='word_1_108' title='bbox 1235 1543 1607 1596; x_wconf 88' lang='lat' dir='ltr'><strong>enuntiarent.</strong></span> <span class='ocrx_word' id='word_1_109' title='bbox 1664 1544 1732 1597; x_wconf 87' lang='lat' dir='ltr'><strong>Et</strong></span> <span class='ocrx_word' id='word_1_110' title='bbox 1781 1545 1965 1598; x_wconf 85' lang='lat' dir='ltr'><strong>statim</strong></span> <span class='ocrx_word' id='word_1_111' title='bbox 2016 1546 2181 1614; x_wconf 85' lang='lat' dir='ltr'><strong>jussit</strong></span> <span class='ocrx_word' id='word_1_112' title='bbox 2233 1559 2328 1599; x_wconf 87' lang='lat' dir='ltr'><strong>eos</strong></span> 
     </span>
    </p>
   </div>
   <div class='ocr_carea' id='block_1_18' title="bbox 760 1632 2328 1708">
    <p class='ocr_par' dir='ltr' id='par_1_18' title="bbox 760 1632 2328 1708">
     <span class='ocr_line' id='line_1_18' title="bbox 760 1632 2328 1708; baseline 0.006 -25"><span class='ocrx_word' id='word_1_113' title='bbox 760 1644 951 1684; x_wconf 90' lang='lat' dir='ltr'><strong>omnes</strong></span> <span class='ocrx_word' id='word_1_114' title='bbox 981 1632 1249 1699; x_wconf 91' lang='lat' dir='ltr'><strong>interimi,</strong></span> <span class='ocrx_word' id='word_1_115' title='bbox 1277 1650 1399 1688; x_wconf 90' lang='lat' dir='ltr'><strong>cum</strong></span> <span class='ocrx_word' id='word_1_116' title='bbox 1464 1636 1917 1704; x_wconf 87' lang='lat' dir='ltr'><strong>pronuntiassent</strong></span> <span class='ocrx_word' id='word_1_117' title='bbox 1951 1652 2008 1691; x_wconf 90' lang='lat' dir='ltr'><strong>se</strong></span> <span class='ocrx_word' id='word_1_118' title='bbox 2042 1652 2149 1692; x_wconf 90' lang='lat' dir='ltr'><strong>non</strong></span> <span class='ocrx_word' id='word_1_119' title='bbox 2169 1652 2328 1708; x_wconf 87' lang='lat' dir='ltr'><strong>posse</strong></span> 
     </span>
    </p>
   </div>
   <div class='ocr_carea' id='block_1_19' title="bbox 761 1720 1643 1796">
    <p class='ocr_par' dir='ltr' id='par_1_19' title="bbox 761 1720 1643 1796">
     <span class='ocr_line' id='line_1_19' title="bbox 761 1720 1643 1796; baseline 0.01 -23"><span class='ocrx_word' id='word_1_120' title='bbox 761 1720 939 1777; x_wconf 79' lang='lat' dir='ltr'><strong>facere</strong></span> <span class='ocrx_word' id='word_1_121' title='bbox 966 1724 1041 1785; x_wconf 89' lang='lat' dir='ltr'><strong>id,</strong></span> <span class='ocrx_word' id='word_1_122' title='bbox 1070 1727 1216 1795; x_wconf 90' lang='lat' dir='ltr'><strong>quod</strong></span> <span class='ocrx_word' id='word_1_123' title='bbox 1247 1728 1381 1796; x_wconf 91' lang='lat' dir='ltr'><strong>jussi</strong></span> <span class='ocrx_word' id='word_1_124' title='bbox 1409 1729 1643 1782; x_wconf 81' lang='lat' dir='ltr'><strong>fuerant.</strong></span> 
     </span>
    </p>
   </div>
   <div class='ocr_carea' id='block_1_20' title="bbox 2420 517 3994 598">
    <p class='ocr_par' dir='ltr' id='par_1_20' title="bbox 2420 517 3994 598">
     <span class='ocr_line' id='line_1_20' title="bbox 2420 517 3994 598; baseline -0.01 -16"><span class='ocrx_word' id='word_1_125' title='bbox 2420 528 2585 582; x_wconf 73' lang='grc' dir='ltr'>αὑτοῦ</span> <span class='ocrx_word' id='word_1_126' title='bbox 2624 547 2680 582; x_wconf 89' lang='grc' dir='ltr'><strong>τε</strong></span> <span class='ocrx_word' id='word_1_127' title='bbox 2709 529 2803 582; x_wconf 80' lang='grc' dir='ltr'>τοῦ</span> <span class='ocrx_word' id='word_1_128' title='bbox 2832 531 3111 597; x_wconf 77' lang='grc' dir='ltr'><strong>ὀνείρατος</strong></span> <span class='ocrx_word' id='word_1_129' title='bbox 3140 527 3309 598; x_wconf 86' lang='grc' dir='ltr'>λήθην</span> <span class='ocrx_word' id='word_1_130' title='bbox 3345 525 3468 595; x_wconf 84' lang='grc' dir='ltr'><strong>ἔσχε</strong></span> <span class='ocrx_word' id='word_1_131' title='bbox 3495 526 3588 577; x_wconf 75' lang='grc' dir='ltr'><strong>καὶ</strong></span> <span class='ocrx_word' id='word_1_132' title='bbox 3622 519 3687 594; x_wconf 79' lang='grc' dir='ltr'>ἧς</span> <span class='ocrx_word' id='word_1_133' title='bbox 3716 522 3877 587; x_wconf 77' lang='grc' dir='ltr'>ἔτυχε</span> <span class='ocrx_word' id='word_1_134' title='bbox 3903 517 3994 583; x_wconf 74' lang='grc' dir='ltr'>δή·</span> 
     </span>
    </p>
   </div>
   <div class='ocr_carea' id='block_1_21' title="bbox 2421 608 3995 692">
    <p class='ocr_par' dir='ltr' id='par_1_21' title="bbox 2421 608 3995 692">
     <span class='ocr_line' id='line_1_21' title="bbox 2421 608 3995 692; baseline -0.025 5"><span class='ocrx_word' id='word_1_135' title='bbox 2421 638 2524 673; x_wconf 76' lang='grc' dir='ltr'>που</span> <span class='ocrx_word' id='word_1_136' title='bbox 2547 620 2698 692; x_wconf 50' lang='grc' dir='ltr'><strong>παρὰ</strong></span> <span class='ocrx_word' id='word_1_137' title='bbox 2726 620 2861 673; x_wconf 65' lang='grc' dir='ltr'>θεοῦ</span> <span class='ocrx_word' id='word_1_138' title='bbox 2892 623 2986 689; x_wconf 78' lang='grc' dir='ltr'><strong>τῆς</strong></span> <span class='ocrx_word' id='word_1_139' title='bbox 3018 620 3328 689; x_wconf 85' lang='grc' dir='ltr'>συγκρίσεω</span> <span class='ocrx_word' id='word_1_140' title='bbox 3365 657 3378 672; x_wconf 90' lang='grc'><strong>.</strong></span> <span class='ocrx_word' id='word_1_141' title='bbox 3404 616 3541 677; x_wconf 80' lang='grc' dir='ltr'>Τοὺς</span> <span class='ocrx_word' id='word_1_142' title='bbox 3569 613 3662 666; x_wconf 78' lang='grc' dir='ltr'><strong>οὖν</strong></span> <span class='ocrx_word' id='word_1_143' title='bbox 3692 608 3995 667; x_wconf 74' lang='grc' dir='ltr'>Χαλδαίους</span> 
     </span>
    </p>
   </div>
   <div class='ocr_carea' id='block_1_22' title="bbox 2421 700 3996 784">
    <p class='ocr_par' dir='ltr' id='par_1_22' title="bbox 2421 700 3996 784">
     <span class='ocr_line' id='line_1_22' title="bbox 2421 700 3996 784; baseline -0.014 -14"><span class='ocrx_word' id='word_1_144' title='bbox 2421 716 2622 771; x_wconf 76' lang='grc' dir='ltr'>αὐτίκα</span> <span class='ocrx_word' id='word_1_145' title='bbox 2648 731 2779 784; x_wconf 82' lang='grc' dir='ltr'>μετα</span> <span class='ocrx_word' id='word_1_146' title='bbox 2793 711 3169 782; x_wconf 75' lang='grc' dir='ltr'><strong>μεμψάμενος,</strong></span> <span class='ocrx_word' id='word_1_147' title='bbox 3203 710 3316 762; x_wconf 86' lang='grc' dir='ltr'>ὅσοι</span> <span class='ocrx_word' id='word_1_148' title='bbox 3340 724 3398 760; x_wconf 90' lang='grc' dir='ltr'><strong>τε</strong></span> <span class='ocrx_word' id='word_1_149' title='bbox 3425 705 3533 759; x_wconf 87' lang='grc' dir='ltr'>τῶν</span> <span class='ocrx_word' id='word_1_150' title='bbox 3564 705 3755 773; x_wconf 85' lang='grc' dir='ltr'>μάγων</span> <span class='ocrx_word' id='word_1_151' title='bbox 3785 700 3996 766; x_wconf 81' lang='grc' dir='ltr'>ἐξαίρε-</span> 
     </span>
    </p>
   </div>
   <div class='ocr_carea' id='block_1_23' title="bbox 2422 791 3995 874">
    <p class='ocr_par' dir='ltr' id='par_1_23' title="bbox 2422 791 3995 874">
     <span class='ocr_line' id='line_1_23' title="bbox 2422 791 3995 874; baseline -0.013 -13"><span class='ocrx_word' id='word_1_152' title='bbox 2422 826 2503 861; x_wconf 87' lang='grc' dir='ltr'><strong>τοι</strong></span> <span class='ocrx_word' id='word_1_153' title='bbox 2550 807 2641 860; x_wconf 72' lang='grc' dir='ltr'><strong>καὶ</strong></span> <span class='ocrx_word' id='word_1_154' title='bbox 2670 806 2785 859; x_wconf 82' lang='grc' dir='ltr'><strong>ὅσοι</strong></span> <span class='ocrx_word' id='word_1_155' title='bbox 2814 802 2911 874; x_wconf 80' lang='grc' dir='ltr'>τὴν</span> <span class='ocrx_word' id='word_1_156' title='bbox 2947 802 3213 871; x_wconf 80' lang='grc' dir='ltr'>μαντικὴν</span> <span class='ocrx_word' id='word_1_157' title='bbox 3244 799 3518 869; x_wconf 76' lang='grc' dir='ltr'>ἔμπειροι,</span> <span class='ocrx_word' id='word_1_158' title='bbox 3550 796 3626 855; x_wconf 83' lang='grc' dir='ltr'>ὡς</span> <span class='ocrx_word' id='word_1_159' title='bbox 3656 795 3741 862; x_wconf 78' lang='grc' dir='ltr'><strong>εἴη</strong></span> <span class='ocrx_word' id='word_1_160' title='bbox 3774 807 3835 843; x_wconf 88' lang='grc' dir='ltr'><strong>τε</strong></span> <span class='ocrx_word' id='word_1_161' title='bbox 3861 791 3995 856; x_wconf 86' lang='grc' dir='ltr'>δναρ</span> 
     </span>
    </p>
   </div>
   <div class='ocr_carea' id='block_1_24' title="bbox 2424 882 3996 970">
    <p class='ocr_par' dir='ltr' id='par_1_24' title="bbox 2424 882 3996 970">
     <span class='ocr_line' id='line_1_24' title="bbox 2424 882 3996 970; baseline -0.015 -17"><span class='ocrx_word' id='word_1_162' title='bbox 2424 898 2687 970; x_wconf 80' lang='grc' dir='ltr'>ἑωρακὼς</span> <span class='ocrx_word' id='word_1_163' title='bbox 2719 898 2903 959; x_wconf 80' lang='grc' dir='ltr'>αὐτοῖς</span> <span class='ocrx_word' id='word_1_164' title='bbox 2934 896 3116 961; x_wconf 78' lang='grc' dir='ltr'>ἔλεγεν</span> <span class='ocrx_word' id='word_1_165' title='bbox 3144 895 3238 946; x_wconf 53' lang='grc' dir='ltr'><strong>καὶ⁵</strong></span> <span class='ocrx_word' id='word_1_166' title='bbox 3266 893 3326 945; x_wconf 81' lang='grc' dir='ltr'><strong>τὸ</strong></span> <span class='ocrx_word' id='word_1_167' title='bbox 3354 887 3698 960; x_wconf 75' lang='grc' dir='ltr'>συμϐεϐηκὸς</span> <span class='ocrx_word' id='word_1_168' title='bbox 3733 900 3800 936; x_wconf 84' lang='grc' dir='ltr'><strong>πε</strong></span> <span class='ocrx_word' id='word_1_169' title='bbox 3810 882 3865 951; x_wconf 53' lang='lat' dir='ltr'><strong>pl.</strong></span> <span class='ocrx_word' id='word_1_170' title='bbox 3897 883 3996 948; x_wconf 73' lang='grc' dir='ltr'>τὴν</span> 
     </span>
    </p>
   </div>
   <div class='ocr_carea' id='block_1_25' title="bbox 2423 970 4001 1062">
    <p class='ocr_par' dir='ltr' id='par_1_25' title="bbox 2423 970 4001 1062">
     <span class='ocr_line' id='line_1_25' title="bbox 2423 970 4001 1062; baseline -0.015 -17"><span class='ocrx_word' id='word_1_171' title='bbox 2423 992 2596 1062; x_wconf 79' lang='grc' dir='ltr'>λήθην</span> <span class='ocrx_word' id='word_1_172' title='bbox 2626 990 2699 1052; x_wconf 86' lang='grc' dir='ltr'>ὡς</span> <span class='ocrx_word' id='word_1_173' title='bbox 2731 985 2871 1041; x_wconf 71' lang='grc' dir='ltr'>εἶδεν</span> <span class='ocrx_word' id='word_1_174' title='bbox 2903 983 3276 1055; x_wconf 77' lang='grc' dir='ltr'><strong>ἀπήγγελλεν⁹</strong></span> <span class='ocrx_word' id='word_1_175' title='bbox 3322 979 3539 1034; x_wconf 72' lang='grc' dir='ltr'>ἐκέλευέ</span> <span class='ocrx_word' id='word_1_176' title='bbox 3584 993 3641 1030; x_wconf 90' lang='grc' dir='ltr'><strong>τε</strong></span> <span class='ocrx_word' id='word_1_177' title='bbox 3680 975 3861 1042; x_wconf 81' lang='grc' dir='ltr'>λέγειν</span> <span class='ocrx_word' id='word_1_178' title='bbox 3907 970 4001 1023; x_wconf 82' lang='grc' dir='ltr'>αύ-</span> 
     </span>
    </p>
   </div>
   <div class='ocr_carea' id='block_1_26' title="bbox 2425 1069 4001 1157">
    <p class='ocr_par' dir='ltr' id='par_1_26' title="bbox 2425 1069 4001 1157">
     <span class='ocr_line' id='line_1_26' title="bbox 2425 1069 4001 1157; baseline -0.014 -16"><span class='ocrx_word' id='word_1_179' title='bbox 2425 1090 2570 1157; x_wconf 79' lang='grc' dir='ltr'>τοὺς,</span> <span class='ocrx_word' id='word_1_180' title='bbox 2609 1087 2637 1140; x_wconf 84' lang='grc' dir='ltr'>ὅ</span> <span class='ocrx_word' id='word_1_181' title='bbox 2658 1103 2710 1140; x_wconf 87' lang='grc' dir='ltr'><strong>τι</strong></span> <span class='ocrx_word' id='word_1_182' title='bbox 2741 1104 2800 1139; x_wconf 91' lang='grc' dir='ltr'><strong>τε</strong></span> <span class='ocrx_word' id='word_1_183' title='bbox 2829 1081 2897 1157; x_wconf 80' lang='grc' dir='ltr'>ἦν</span> <span class='ocrx_word' id='word_1_184' title='bbox 2928 1087 2988 1138; x_wconf 79' lang='grc' dir='ltr'>τὸ</span> <span class='ocrx_word' id='word_1_185' title='bbox 3016 1084 3148 1152; x_wconf 78' lang='grc' dir='ltr'>δναρ</span> <span class='ocrx_word' id='word_1_186' title='bbox 3177 1081 3271 1135; x_wconf 80' lang='grc' dir='ltr'>καὶ</span> <span class='ocrx_word' id='word_1_187' title='bbox 3294 1080 3375 1143; x_wconf 90' lang='grc' dir='ltr'><strong>τίς</strong></span> <span class='ocrx_word' id='word_1_188' title='bbox 3412 1080 3445 1148; x_wconf 83' lang='grc' dir='ltr'>ὴ</span> <span class='ocrx_word' id='word_1_189' title='bbox 3492 1076 3721 1147; x_wconf 79' lang='grc' dir='ltr'><strong>δήλωσις</strong></span> <span class='ocrx_word' id='word_1_190' title='bbox 3746 1087 3761 1102; x_wconf 91' lang='grc'><strong>·</strong></span> <span class='ocrx_word' id='word_1_191' title='bbox 3794 1070 3905 1122; x_wconf 84' lang='grc' dir='ltr'><strong>τῶν</strong></span> <span class='ocrx_word' id='word_1_192' title='bbox 3946 1069 4001 1121; x_wconf 74' lang='grc' dir='ltr'>δὲ</span> 
     </span>
    </p>
   </div>
   <div class='ocr_carea' id='block_1_27' title="bbox 2426 1163 4002 1246">
    <p class='ocr_par' dir='ltr' id='par_1_27' title="bbox 2426 1163 4002 1246">
     <span class='ocr_line' id='line_1_27' title="bbox 2426 1163 4002 1246; baseline -0.012 -13"><span class='ocrx_word' id='word_1_193' title='bbox 2426 1181 2687 1234; x_wconf 82' lang='grc' dir='ltr'>ἀδύνατον</span> <span class='ocrx_word' id='word_1_194' title='bbox 2730 1176 2871 1233; x_wconf 76' lang='grc' dir='ltr'>εἷναι</span> <span class='ocrx_word' id='word_1_195' title='bbox 2920 1178 3189 1246; x_wconf 88' lang='grc' dir='ltr'>λεγόντων</span> <span class='ocrx_word' id='word_1_196' title='bbox 3221 1171 3550 1243; x_wconf 82' lang='grc' dir='ltr'>ἀνθρώποις,</span> <span class='ocrx_word' id='word_1_197' title='bbox 3593 1169 3640 1220; x_wconf 84' lang='grc' dir='ltr'><strong>εί</strong></span> <span class='ocrx_word' id='word_1_198' title='bbox 3689 1166 3764 1237; x_wconf 81' lang='grc' dir='ltr'><strong>μὴ</strong></span> <span class='ocrx_word' id='word_1_199' title='bbox 3794 1165 3865 1217; x_wconf 76' lang='grc' dir='ltr'>τὰ</span> <span class='ocrx_word' id='word_1_200' title='bbox 3901 1163 4002 1231; x_wconf 81' lang='grc' dir='ltr'>τῆς</span> 
     </span>
    </p>
   </div>
   <div class='ocr_carea' id='block_1_28' title="bbox 2426 1258 4000 1345">
    <p class='ocr_par' dir='ltr' id='par_1_28' title="bbox 2426 1258 4000 1345">
     <span class='ocr_line' id='line_1_28' title="bbox 2426 1258 4000 1345; baseline -0.013 -18"><span class='ocrx_word' id='word_1_201' title='bbox 2426 1275 2671 1345; x_wconf 76' lang='grc' dir='ltr'><strong>ὁράσεως</strong></span> <span class='ocrx_word' id='word_1_202' title='bbox 2693 1273 2877 1333; x_wconf 76' lang='grc' dir='ltr'>αὐτοῖς</span> <span class='ocrx_word' id='word_1_203' title='bbox 2890 1270 3122 1332; x_wconf 74' lang='grc' dir='ltr'>ἔκθοιτο,</span> <span class='ocrx_word' id='word_1_204' title='bbox 3151 1268 3251 1338; x_wconf 81' lang='grc' dir='ltr'><strong>τήν</strong></span> <span class='ocrx_word' id='word_1_205' title='bbox 3282 1265 3571 1334; x_wconf 81' lang='grc' dir='ltr'><strong>σύγκρισιν</strong></span> <span class='ocrx_word' id='word_1_206' title='bbox 3600 1258 4000 1326; x_wconf 71' lang='grc' dir='ltr'><strong>ἀπαγγέλλειν*</strong></span> 
     </span>
    </p>
   </div>
   <div class='ocr_carea' id='block_1_29' title="bbox 2429 1349 4005 1431">
    <p class='ocr_par' dir='ltr' id='par_1_29' title="bbox 2429 1349 4005 1431">
     <span class='ocr_line' id='line_1_29' title="bbox 2429 1349 4005 1431; baseline -0.013 -12"><span class='ocrx_word' id='word_1_207' title='bbox 2429 1365 2590 1426; x_wconf 69' lang='grc' dir='ltr'>αὐτὸς</span> <span class='ocrx_word' id='word_1_208' title='bbox 2618 1363 2845 1417; x_wconf 83' lang='grc' dir='ltr'>θάνατον</span> <span class='ocrx_word' id='word_1_209' title='bbox 2872 1361 3087 1431; x_wconf 71' lang='grc' dir='ltr'>ἠπείλει</span> <span class='ocrx_word' id='word_1_210' title='bbox 3109 1360 3222 1422; x_wconf 87' lang='grc' dir='ltr'>τοῖς</span> <span class='ocrx_word' id='word_1_211' title='bbox 3251 1356 3378 1426; x_wconf 74' lang='grc' dir='ltr'>περὶ</span> <span class='ocrx_word' id='word_1_212' title='bbox 3404 1354 3577 1409; x_wconf 84' lang='grc' dir='ltr'>ταῦτα</span> <span class='ocrx_word' id='word_1_213' title='bbox 3606 1353 3811 1418; x_wconf 77' lang='grc' dir='ltr'>σοφοῖς,</span> <span class='ocrx_word' id='word_1_214' title='bbox 3847 1350 3898 1401; x_wconf 84' lang='grc' dir='ltr'>εἱ</span> <span class='ocrx_word' id='word_1_215' title='bbox 3932 1349 4005 1417; x_wconf 78' lang='grc' dir='ltr'><strong>μὴ</strong></span> 
     </span>
    </p>
   </div>
   <div class='ocr_carea' id='block_1_30' title="bbox 2432 1441 4004 1525">
    <p class='ocr_par' dir='ltr' id='par_1_30' title="bbox 2432 1441 4004 1525">
     <span class='ocr_line' id='line_1_30' title="bbox 2432 1441 4004 1525; baseline -0.012 -16"><span class='ocrx_word' id='word_1_216' title='bbox 2432 1457 2527 1509; x_wconf 76' lang='grc' dir='ltr'>καὶ</span> <span class='ocrx_word' id='word_1_217' title='bbox 2550 1455 2647 1525; x_wconf 72' lang='grc' dir='ltr'>τὴν</span> <span class='ocrx_word' id='word_1_218' title='bbox 2668 1453 2976 1522; x_wconf 80' lang='grc' dir='ltr'>ἀνάμνησιν</span> <span class='ocrx_word' id='word_1_219' title='bbox 3009 1451 3157 1521; x_wconf 80' lang='grc' dir='ltr'>αὑτῷ</span> <span class='ocrx_word' id='word_1_220' title='bbox 3187 1448 3279 1501; x_wconf 83' lang='grc' dir='ltr'>τοῦ</span> <span class='ocrx_word' id='word_1_221' title='bbox 3302 1449 3582 1517; x_wconf 83' lang='grc' dir='ltr'>δράματος</span> <span class='ocrx_word' id='word_1_222' title='bbox 3613 1442 3709 1496; x_wconf 77' lang='grc' dir='ltr'>καὶ</span> <span class='ocrx_word' id='word_1_223' title='bbox 3741 1442 3843 1511; x_wconf 86' lang='grc' dir='ltr'><strong>τὴν</strong></span> <span class='ocrx_word' id='word_1_224' title='bbox 3874 1441 4004 1507; x_wconf 90' lang='grc' dir='ltr'>σύγ-</span> 
     </span>
    </p>
   </div>
   <div class='ocr_carea' id='block_1_31' title="bbox 2431 1534 4009 1618">
    <p class='ocr_par' dir='ltr' id='par_1_31' title="bbox 2431 1534 4009 1618">
     <span class='ocr_line' id='line_1_31' title="bbox 2431 1534 4009 1618; baseline -0.011 -18"><span class='ocrx_word' id='word_1_225' title='bbox 2431 1564 2610 1618; x_wconf 89' lang='grc' dir='ltr'>κρισιν</span> <span class='ocrx_word' id='word_1_226' title='bbox 2626 1544 2760 1615; x_wconf 82' lang='grc' dir='ltr'>ὁμοῦ</span> <span class='ocrx_word' id='word_1_227' title='bbox 2785 1543 3158 1613; x_wconf 85' lang='grc' dir='ltr'>διαγγείλωσι,</span> <span class='ocrx_word' id='word_1_228' title='bbox 3195 1542 3292 1593; x_wconf 67' lang='grc' dir='ltr'><strong>καλ⁵</strong></span> <span class='ocrx_word' id='word_1_229' title='bbox 3317 1538 3478 1601; x_wconf 83' lang='grc' dir='ltr'>εὐθὺς</span> <span class='ocrx_word' id='word_1_230' title='bbox 3508 1536 3846 1606; x_wconf 81' lang='grc' dir='ltr'>προσέταττε</span> <span class='ocrx_word' id='word_1_231' title='bbox 3872 1534 4009 1587; x_wconf 83' lang='grc' dir='ltr'>πάν-</span> 
     </span>
    </p>
   </div>
   <div class='ocr_carea' id='block_1_32' title="bbox 2432 1625 4009 1706">
    <p class='ocr_par' dir='ltr' id='par_1_32' title="bbox 2432 1625 4009 1706">
     <span class='ocr_line' id='line_1_32' title="bbox 2432 1625 4009 1706; baseline -0.01 -15"><span class='ocrx_word' id='word_1_232' title='bbox 2432 1655 2530 1700; x_wconf 88' lang='grc' dir='ltr'><strong>τας</strong></span> <span class='ocrx_word' id='word_1_233' title='bbox 2553 1636 2751 1699; x_wconf 79' lang='grc' dir='ltr'>αὐτοὺς</span> <span class='ocrx_word' id='word_1_234' title='bbox 2772 1634 3126 1706; x_wconf 82' lang='grc' dir='ltr'>ἀναιρεθῆναι</span> <span class='ocrx_word' id='word_1_235' title='bbox 3153 1630 3289 1703; x_wconf 79' lang='grc' dir='ltr'>πρὸς</span> <span class='ocrx_word' id='word_1_236' title='bbox 3323 1630 3383 1682; x_wconf 80' lang='grc' dir='ltr'><strong>τὸ</strong></span> <span class='ocrx_word' id='word_1_237' title='bbox 3408 1627 3696 1681; x_wconf 74' lang='grc' dir='ltr'>κελευσθὲν</span> <span class='ocrx_word' id='word_1_238' title='bbox 3727 1625 4009 1686; x_wconf 80' lang='grc' dir='ltr'><strong>ἀδυνάτως</strong></span> 
     </span>
    </p>
   </div>
   <div class='ocr_carea' id='block_1_33' title="bbox 2434 1727 3127 1800">
    <p class='ocr_par' dir='ltr' id='par_1_33' title="bbox 2434 1727 3127 1800">
     <span class='ocr_line' id='line_1_33' title="bbox 2434 1727 3127 1800; baseline -0.006 -17"><span class='ocrx_word' id='word_1_239' title='bbox 2434 1730 2521 1800; x_wconf 81' lang='grc' dir='ltr'><strong>ἔχε</strong></span> <span class='ocrx_word' id='word_1_240' title='bbox 2534 1746 2581 1782; x_wconf 91' lang='grc' dir='ltr'><strong>ιν</strong></span> <span class='ocrx_word' id='word_1_241' title='bbox 2612 1727 3127 1798; x_wconf 80' lang='grc' dir='ltr'>ἁπαγορεύσαντας.</span> 
     </span>
    </p>
   </div>
   <div class='ocr_carea' id='block_1_34' title="bbox 832 1796 2336 1893">
    <p class='ocr_par' dir='ltr' id='par_1_34' title="bbox 832 1814 2324 1893">
     <span class='ocr_line' id='line_1_34' title="bbox 832 1814 2324 1893; baseline 0.007 -27"><span class='ocrx_word' id='word_1_242' title='bbox 832 1814 919 1867; x_wconf 82' lang='grc' dir='ltr'>ιν.</span> <span class='ocrx_word' id='word_1_243' title='bbox 952 1814 1087 1870; x_wconf 92' lang='lat' dir='ltr'><strong>Cum</strong></span> <span class='ocrx_word' id='word_1_244' title='bbox 1124 1818 1227 1874; x_wconf 92' lang='lat' dir='ltr'><strong>hoc</strong></span> <span class='ocrx_word' id='word_1_245' title='bbox 1260 1821 1617 1875; x_wconf 84' lang='lat' dir='ltr'><strong>intellexisset</strong></span> <span class='ocrx_word' id='word_1_246' title='bbox 1652 1822 1858 1885; x_wconf 83' lang='lat' dir='ltr'><strong>Daniel,</strong></span> <span class='ocrx_word' id='word_1_247' title='bbox 1888 1822 2117 1892; x_wconf 87' lang='lat' dir='ltr'><strong>jussisse</strong></span> <span class='ocrx_word' id='word_1_248' title='bbox 2144 1837 2324 1893; x_wconf 81' lang='lat' dir='ltr'><strong>regem</strong></span> 
     </span>
    </p>
   </div>
   <div class='ocr_carea' id='block_1_35' title="bbox 2435 1796 4011 1893">
    <p class='ocr_par' dir='ltr' id='par_1_35' title="bbox 2465 1796 4011 1890">
     <span class='ocr_line' id='line_1_35' title="bbox 2465 1796 4011 1890; baseline -0.012 -14"><span class='ocrx_word' id='word_1_249' title='bbox 2465 1796 2578 1878; x_wconf 40' lang='grc' dir='ltr'><strong>ΗΔΖ</strong></span> <span class='ocrx_word' id='word_1_250' title='bbox 2614 1796 2997 1890; x_wconf 37' lang='grc' dir='ltr'>Τοῦτο-μαθὼν</span> <span class='ocrx_word' id='word_1_251' title='bbox 3019 1818 3244 1887; x_wconf 75' lang='grc' dir='ltr'>Δανιὴλ,</span> <span class='ocrx_word' id='word_1_252' title='bbox 3274 1815 3358 1869; x_wconf 78' lang='grc' dir='ltr'><strong>ὅτι</strong></span> <span class='ocrx_word' id='word_1_253' title='bbox 3388 1811 3710 1884; x_wconf 78' lang='grc' dir='ltr'>προστάξειε</span> <span class='ocrx_word' id='word_1_254' title='bbox 3744 1808 3957 1869; x_wconf 81' lang='grc' dir='ltr'>πάντας</span> <span class='ocrx_word' id='word_1_255' title='bbox 3982 1807 4011 1858; x_wconf 79' lang='grc' dir='ltr'><strong>ὁ</strong></span> 
     </span>
    </p>
   </div>
   <div class='ocr_carea' id='block_1_36' title="bbox 762 1909 2329 1985">
    <p class='ocr_par' dir='ltr' id='par_1_36' title="bbox 762 1909 2329 1985">
     <span class='ocr_line' id='line_1_36' title="bbox 762 1909 2329 1985; baseline 0.008 -30"><span class='ocrx_word' id='word_1_256' title='bbox 762 1921 955 1960; x_wconf 72' lang='lat' dir='ltr'><strong>(&quot;lines</strong></span> <span class='ocrx_word' id='word_1_257' title='bbox 987 1909 1165 1964; x_wconf 89' lang='lat' dir='ltr'><strong>occidi</strong></span> <span class='ocrx_word' id='word_1_258' title='bbox 1191 1912 1491 1981; x_wconf 84' lang='lat' dir='ltr'><strong>sapientes,</strong></span> <span class='ocrx_word' id='word_1_259' title='bbox 1518 1915 1660 1968; x_wconf 88' lang='lat' dir='ltr'><strong>inter</strong></span> <span class='ocrx_word' id='word_1_260' title='bbox 1693 1914 1793 1968; x_wconf 93' lang='lat' dir='ltr'><strong>hos</strong></span> <span class='ocrx_word' id='word_1_261' title='bbox 1820 1926 2000 1969; x_wconf 90' lang='lat' dir='ltr'><strong>autem</strong></span> <span class='ocrx_word' id='word_1_262' title='bbox 2029 1931 2087 1968; x_wconf 88' lang='lat' dir='ltr'><strong>se</strong></span> <span class='ocrx_word' id='word_1_263' title='bbox 2110 1931 2329 1985; x_wconf 87' lang='lat' dir='ltr'><strong>quoque</strong></span> 
     </span>
    </p>
   </div>
   <div class='ocr_carea' id='block_1_37' title="bbox 764 2002 2328 2072">
    <p class='ocr_par' dir='ltr' id='par_1_37' title="bbox 764 2002 2328 2072">
     <span class='ocr_line' id='line_1_37' title="bbox 764 2002 2328 2072; baseline 0.006 -22"><span class='ocrx_word' id='word_1_264' title='bbox 764 2012 887 2050; x_wconf 87' lang='lat' dir='ltr'><strong>cum</strong></span> <span class='ocrx_word' id='word_1_265' title='bbox 908 2002 1154 2069; x_wconf 81' lang='lat' dir='ltr'><strong>cognatis</strong></span> <span class='ocrx_word' id='word_1_266' title='bbox 1179 2003 1433 2057; x_wconf 86' lang='lat' dir='ltr'><strong>venirein</strong></span> <span class='ocrx_word' id='word_1_267' title='bbox 1455 2005 1779 2072; x_wconf 90' lang='lat' dir='ltr'><strong>periculum,</strong></span> <span class='ocrx_word' id='word_1_268' title='bbox 1806 2007 2019 2060; x_wconf 87' lang='lat' dir='ltr'><strong>accedit</strong></span> <span class='ocrx_word' id='word_1_269' title='bbox 2040 2008 2104 2059; x_wconf 87' lang='lat' dir='ltr'><strong>ad</strong></span> <span class='ocrx_word' id='word_1_270' title='bbox 2133 2007 2328 2060; x_wconf 75' lang='lat' dir='ltr'><strong>Ariocb</strong></span> 
     </span>
    </p>
   </div>
   <div class='ocr_carea' id='block_1_38' title="bbox 768 2093 2333 2167">
    <p class='ocr_par' dir='ltr' id='par_1_38' title="bbox 768 2093 2333 2167">
     <span class='ocr_line' id='line_1_38' title="bbox 768 2093 2333 2167; baseline 0.005 -24"><span class='ocrx_word' id='word_1_271' title='bbox 768 2105 938 2144; x_wconf 85' lang='lat' dir='ltr'><strong>unum</strong></span> <span class='ocrx_word' id='word_1_272' title='bbox 967 2106 1033 2145; x_wconf 88' lang='lat' dir='ltr'><strong>ex</strong></span> <span class='ocrx_word' id='word_1_273' title='bbox 1088 2093 1232 2163; x_wconf 85' lang='lat' dir='ltr'><strong>regis</strong></span> <span class='ocrx_word' id='word_1_274' title='bbox 1264 2095 1613 2160; x_wconf 89' lang='lat' dir='ltr'><strong>satellitibus,</strong></span> <span class='ocrx_word' id='word_1_275' title='bbox 1665 2107 1722 2150; x_wconf 90' lang='lat' dir='ltr'><strong>et</strong></span> <span class='ocrx_word' id='word_1_276' title='bbox 1774 2106 1946 2167; x_wconf 86' lang='lat' dir='ltr'><strong>rogat,</strong></span> <span class='ocrx_word' id='word_1_277' title='bbox 1995 2099 2129 2151; x_wconf 90' lang='lat' dir='ltr'><strong>utei</strong></span> <span class='ocrx_word' id='word_1_278' title='bbox 2186 2097 2333 2152; x_wconf 82' lang='lat' dir='ltr'><strong>dicat</strong></span> 
     </span>
    </p>
   </div>
   <div class='ocr_carea' id='block_1_39' title="bbox 768 2188 2334 2259">
    <p class='ocr_par' dir='ltr' id='par_1_39' title="bbox 768 2188 2334 2259">
     <span class='ocr_line' id='line_1_39' title="bbox 768 2188 2334 2259; baseline 0.007 -26"><span class='ocrx_word' id='word_1_279' title='bbox 768 2195 1010 2247; x_wconf 85' lang='lat' dir='ltr'><strong>causam,</strong></span> <span class='ocrx_word' id='word_1_280' title='bbox 1038 2192 1264 2253; x_wconf 87' lang='lat' dir='ltr'><strong>propter</strong></span> <span class='ocrx_word' id='word_1_281' title='bbox 1292 2203 1455 2254; x_wconf 92' lang='lat' dir='ltr'><strong>quam</strong></span> <span class='ocrx_word' id='word_1_282' title='bbox 1490 2204 1582 2242; x_wconf 85' lang='lat' dir='ltr'><strong>rex</strong></span> <span class='ocrx_word' id='word_1_283' title='bbox 1635 2198 1741 2242; x_wconf 89' lang='lat' dir='ltr'><strong>tam</strong></span> <span class='ocrx_word' id='word_1_284' title='bbox 1777 2188 2025 2258; x_wconf 85' lang='lat' dir='ltr'><strong>improbe</strong></span> <span class='ocrx_word' id='word_1_285' title='bbox 2076 2190 2334 2259; x_wconf 75' lang='lat' dir='ltr'><strong>jussisset</strong></span> 
     </span>
    </p>
   </div>
   <div class='ocr_carea' id='block_1_40' title="bbox 765 2271 2331 2350">
    <p class='ocr_par' dir='ltr' id='par_1_40' title="bbox 765 2271 2331 2350">
     <span class='ocr_line' id='line_1_40' title="bbox 765 2271 2331 2350; baseline 0.007 -27"><span class='ocrx_word' id='word_1_286' title='bbox 765 2271 944 2326; x_wconf 89' lang='lat' dir='ltr'><strong>occidi</strong></span> <span class='ocrx_word' id='word_1_287' title='bbox 979 2288 1172 2329; x_wconf 92' lang='lat' dir='ltr'><strong>omnes</strong></span> <span class='ocrx_word' id='word_1_288' title='bbox 1226 2278 1501 2345; x_wconf 87' lang='lat' dir='ltr'><strong>sapientes</strong></span> <span class='ocrx_word' id='word_1_289' title='bbox 1548 2279 1831 2335; x_wconf 84' lang='lat' dir='ltr'><strong>Chaldaeos</strong></span> <span class='ocrx_word' id='word_1_290' title='bbox 1863 2291 1917 2335; x_wconf 92' lang='lat' dir='ltr'><strong>ct</strong></span> <span class='ocrx_word' id='word_1_291' title='bbox 1955 2295 2161 2350; x_wconf 86' lang='lat' dir='ltr'><strong>magos.</strong></span> <span class='ocrx_word' id='word_1_292' title='bbox 2195 2282 2331 2335; x_wconf 91' lang='lat' dir='ltr'><strong>Cum</strong></span> 
     </span>
    </p>
   </div>
   <div class='ocr_carea' id='block_1_41' title="bbox 767 2364 2334 2441">
    <p class='ocr_par' dir='ltr' id='par_1_41' title="bbox 767 2364 2334 2441">
     <span class='ocr_line' id='line_1_41' title="bbox 767 2364 2334 2441; baseline 0.007 -26"><span class='ocrx_word' id='word_1_293' title='bbox 767 2377 899 2418; x_wconf 85' lang='lat' dir='ltr'><strong>vero</strong></span> <span class='ocrx_word' id='word_1_294' title='bbox 934 2364 1001 2417; x_wconf 90' lang='lat' dir='ltr'><strong>de</strong></span> <span class='ocrx_word' id='word_1_295' title='bbox 1035 2368 1249 2422; x_wconf 82' lang='lat' dir='ltr'><strong>somnio</strong></span> <span class='ocrx_word' id='word_1_296' title='bbox 1285 2383 1348 2421; x_wconf 82' lang='lat' dir='ltr'><strong>ex</strong></span> <span class='ocrx_word' id='word_1_297' title='bbox 1380 2383 1446 2423; x_wconf 89' lang='lat' dir='ltr'><strong>eo</strong></span> <span class='ocrx_word' id='word_1_298' title='bbox 1486 2370 1871 2436; x_wconf 79' lang='lat' dir='ltr'><strong>intellexisset,</strong></span> <span class='ocrx_word' id='word_1_299' title='bbox 1899 2380 1954 2425; x_wconf 93' lang='lat' dir='ltr'><strong>et</strong></span> <span class='ocrx_word' id='word_1_300' title='bbox 1995 2372 2140 2441; x_wconf 89' lang='lat' dir='ltr'><strong>quod</strong></span> <span class='ocrx_word' id='word_1_301' title='bbox 2194 2374 2334 2440; x_wconf 88' lang='lat' dir='ltr'><strong>jussi</strong></span> 
     </span>
    </p>
   </div>
   <div class='ocr_carea' id='block_1_42' title="bbox 766 2457 2337 2534">
    <p class='ocr_par' dir='ltr' id='par_1_42' title="bbox 766 2457 2337 2534">
     <span class='ocr_line' id='line_1_42' title="bbox 766 2457 2337 2534; baseline 0.009 -27"><span class='ocrx_word' id='word_1_302' title='bbox 766 2470 796 2507; x_wconf 93' lang='lat' dir='ltr'><strong>a</strong></span> <span class='ocrx_word' id='word_1_303' title='bbox 830 2471 956 2526; x_wconf 84' lang='lat' dir='ltr'><strong>rege</strong></span> <span class='ocrx_word' id='word_1_304' title='bbox 981 2457 1083 2511; x_wconf 89' lang='lat' dir='ltr'><strong>hoc</strong></span> <span class='ocrx_word' id='word_1_305' title='bbox 1106 2459 1154 2512; x_wconf 91' lang='lat' dir='ltr'><strong>ei</strong></span> <span class='ocrx_word' id='word_1_306' title='bbox 1187 2460 1487 2528; x_wconf 85' lang='lat' dir='ltr'><strong>declarare,</strong></span> <span class='ocrx_word' id='word_1_307' title='bbox 1508 2464 1599 2531; x_wconf 87' lang='lat' dir='ltr'><strong>qui</strong></span> <span class='ocrx_word' id='word_1_308' title='bbox 1627 2464 1804 2518; x_wconf 83' lang='lat' dir='ltr'><strong>fuerat</strong></span> <span class='ocrx_word' id='word_1_309' title='bbox 1830 2464 2058 2534; x_wconf 84' lang='lat' dir='ltr'><strong>oblitus,</strong></span> <span class='ocrx_word' id='word_1_310' title='bbox 2080 2466 2337 2521; x_wconf 88' lang='lat' dir='ltr'><strong>dixerunt</strong></span> 
     </span>
    </p>
   </div>
   <div class='ocr_carea' id='block_1_43' title="bbox 769 2556 2335 2624">
    <p class='ocr_par' dir='ltr' id='par_1_43' title="bbox 769 2556 2335 2624">
     <span class='ocr_line' id='line_1_43' title="bbox 769 2556 2335 2624; baseline 0.006 -23"><span class='ocrx_word' id='word_1_311' title='bbox 769 2560 827 2601; x_wconf 85' lang='lat' dir='ltr'><strong>se</strong></span> <span class='ocrx_word' id='word_1_312' title='bbox 880 2564 989 2603; x_wconf 92' lang='lat' dir='ltr'><strong>non</strong></span> <span class='ocrx_word' id='word_1_313' title='bbox 1024 2565 1184 2620; x_wconf 90' lang='lat' dir='ltr'><strong>posse</strong></span> <span class='ocrx_word' id='word_1_314' title='bbox 1220 2569 1234 2605; x_wconf 92' lang='lat'><strong>:</strong></span> <span class='ocrx_word' id='word_1_315' title='bbox 1266 2562 1322 2607; x_wconf 90' lang='lat' dir='ltr'><strong>et</strong></span> <span class='ocrx_word' id='word_1_316' title='bbox 1365 2564 1653 2623; x_wconf 88' lang='lat' dir='ltr'><strong>propterea</strong></span> <span class='ocrx_word' id='word_1_317' title='bbox 1704 2572 1795 2609; x_wconf 87' lang='lat' dir='ltr'><strong>rex</strong></span> <span class='ocrx_word' id='word_1_318' title='bbox 1855 2556 1934 2610; x_wconf 89' lang='lat' dir='ltr'><strong>ira</strong></span> <span class='ocrx_word' id='word_1_319' title='bbox 1992 2567 2208 2624; x_wconf 89' lang='lat' dir='ltr'><strong>motus,</strong></span> <span class='ocrx_word' id='word_1_320' title='bbox 2238 2572 2335 2611; x_wconf 85' lang='lat' dir='ltr'><strong>eos</strong></span> 
     </span>
    </p>
   </div>
   <div class='ocr_carea' id='block_1_44' title="bbox 772 2636 2334 2708">
    <p class='ocr_par' dir='ltr' id='par_1_44' title="bbox 772 2636 2334 2708">
     <span class='ocr_line' id='line_1_44' title="bbox 772 2636 2334 2708; baseline 0.008 -24"><span class='ocrx_word' id='word_1_321' title='bbox 772 2644 946 2689; x_wconf 91' lang='lat' dir='ltr'><strong>morte</strong></span> <span class='ocrx_word' id='word_1_322' title='bbox 979 2636 1303 2693; x_wconf 84' lang='lat' dir='ltr'><strong>damnavit:</strong></span> <span class='ocrx_word' id='word_1_323' title='bbox 1366 2641 1577 2708; x_wconf 78' lang='lat' dir='ltr'><strong>rogavit</strong></span> <span class='ocrx_word' id='word_1_324' title='bbox 1615 2642 1832 2707; x_wconf 78' lang='lat' dir='ltr'><strong>Ariocb,</strong></span> <span class='ocrx_word' id='word_1_325' title='bbox 1870 2653 1929 2698; x_wconf 91' lang='lat' dir='ltr'><strong>ut</strong></span> <span class='ocrx_word' id='word_1_326' title='bbox 1980 2643 2211 2698; x_wconf 86' lang='lat' dir='ltr'><strong>intraret</strong></span> <span class='ocrx_word' id='word_1_327' title='bbox 2266 2642 2334 2696; x_wconf 86' lang='lat' dir='ltr'><strong>ad</strong></span> 
     </span>
    </p>
   </div>
   <div class='ocr_carea' id='block_1_45' title="bbox 770 2733 2337 2802">
    <p class='ocr_par' dir='ltr' id='par_1_45' title="bbox 770 2733 2337 2802">
     <span class='ocr_line' id='line_1_45' title="bbox 770 2733 2337 2802; baseline 0.005 -23"><span class='ocrx_word' id='word_1_328' title='bbox 770 2741 977 2796; x_wconf 81' lang='lat' dir='ltr'><strong>regem,</strong></span> <span class='ocrx_word' id='word_1_329' title='bbox 1010 2738 1066 2783; x_wconf 83' lang='lat' dir='ltr'><strong>et</strong></span> <span class='ocrx_word' id='word_1_330' title='bbox 1118 2739 1331 2798; x_wconf 86' lang='lat' dir='ltr'><strong>peteret</strong></span> <span class='ocrx_word' id='word_1_331' title='bbox 1364 2733 1535 2802; x_wconf 84' lang='lat' dir='ltr'><strong>magis</strong></span> <span class='ocrx_word' id='word_1_332' title='bbox 1592 2750 1753 2787; x_wconf 92' lang='lat' dir='ltr'><strong>unam</strong></span> <span class='ocrx_word' id='word_1_333' title='bbox 1790 2745 2025 2797; x_wconf 88' lang='lat' dir='ltr'><strong>noctem,</strong></span> <span class='ocrx_word' id='word_1_334' title='bbox 2056 2745 2112 2790; x_wconf 90' lang='lat' dir='ltr'><strong>et</strong></span> <span class='ocrx_word' id='word_1_335' title='bbox 2166 2736 2219 2787; x_wconf 91' lang='lat' dir='ltr'><strong>in</strong></span> <span class='ocrx_word' id='word_1_336' title='bbox 2272 2748 2337 2788; x_wconf 87' lang='lat' dir='ltr'><strong>ea</strong></span> 
     </span>
    </p>
   </div>
   <div class='ocr_carea' id='block_1_46' title="bbox 772 2816 2338 2893">
    <p class='ocr_par' dir='ltr' id='par_1_46' title="bbox 772 2816 2338 2893">
     <span class='ocr_line' id='line_1_46' title="bbox 772 2816 2338 2893; baseline 0.008 -24"><span class='ocrx_word' id='word_1_337' title='bbox 772 2816 913 2873; x_wconf 85' lang='lat' dir='ltr'><strong>hanc</strong></span> <span class='ocrx_word' id='word_1_338' title='bbox 965 2818 1216 2874; x_wconf 68' lang='lat' dir='ltr'><strong>diﬁ‘erret</strong></span> <span class='ocrx_word' id='word_1_339' title='bbox 1250 2822 1747 2893; x_wconf 89' lang='lat' dir='ltr'><strong>interemplionem.</strong></span> <span class='ocrx_word' id='word_1_340' title='bbox 1818 2826 2046 2880; x_wconf 89' lang='lat' dir='ltr'><strong>Dicebat</strong></span> <span class='ocrx_word' id='word_1_341' title='bbox 2095 2827 2241 2880; x_wconf 92' lang='lat' dir='ltr'><strong>enim</strong></span> <span class='ocrx_word' id='word_1_342' title='bbox 2279 2841 2338 2881; x_wconf 85' lang='lat' dir='ltr'><strong>se</strong></span> 
     </span>
    </p>
   </div>
   <div class='ocr_carea' id='block_1_47' title="bbox 771 2913 2337 2982">
    <p class='ocr_par' dir='ltr' id='par_1_47' title="bbox 771 2913 2337 2982">
     <span class='ocr_line' id='line_1_47' title="bbox 771 2913 2337 2982; baseline 0.007 -19"><span class='ocrx_word' id='word_1_343' title='bbox 771 2920 993 2978; x_wconf 81' lang='lat' dir='ltr'><strong>sperare</strong></span> <span class='ocrx_word' id='word_1_344' title='bbox 1041 2913 1159 2966; x_wconf 80' lang='lat' dir='ltr'><strong>fore</strong></span> <span class='ocrx_word' id='word_1_345' title='bbox 1188 2924 1248 2967; x_wconf 89' lang='lat' dir='ltr'><strong>ut</strong></span> <span class='ocrx_word' id='word_1_346' title='bbox 1275 2929 1398 2967; x_wconf 90' lang='lat' dir='ltr'><strong>cum</strong></span> <span class='ocrx_word' id='word_1_347' title='bbox 1427 2916 1481 2968; x_wconf 92' lang='lat' dir='ltr'><strong>in</strong></span> <span class='ocrx_word' id='word_1_348' title='bbox 1505 2932 1567 2970; x_wconf 88' lang='lat' dir='ltr'><strong>ea</strong></span> <span class='ocrx_word' id='word_1_349' title='bbox 1594 2918 1764 2972; x_wconf 91' lang='lat' dir='ltr'><strong>Deum</strong></span> <span class='ocrx_word' id='word_1_350' title='bbox 1798 2928 2029 2982; x_wconf 86' lang='lat' dir='ltr'><strong>orasset,</strong></span> <span class='ocrx_word' id='word_1_351' title='bbox 2059 2920 2337 2974; x_wconf 88' lang='lat' dir='ltr'><strong>somnium</strong></span> 
     </span>
    </p>
   </div>
   <div class='ocr_carea' id='block_1_48' title="bbox 771 3002 2335 3082">
    <p class='ocr_par' dir='ltr' id='par_1_48' title="bbox 771 3002 2335 3082">
     <span class='ocr_line' id='line_1_48' title="bbox 771 3002 2335 3082; baseline 0.011 -31"><span class='ocrx_word' id='word_1_352' title='bbox 771 3012 1149 3068; x_wconf 80' lang='lat' dir='ltr'><strong>cognosceret.</strong></span> <span class='ocrx_word' id='word_1_353' title='bbox 1175 3002 1242 3057; x_wconf 88' lang='lat' dir='ltr'><strong>Et</strong></span> <span class='ocrx_word' id='word_1_354' title='bbox 1277 3004 1365 3059; x_wconf 90' lang='lat' dir='ltr'><strong>ille</strong></span> <span class='ocrx_word' id='word_1_355' title='bbox 1386 3006 1607 3075; x_wconf 89' lang='lat' dir='ltr'><strong>quidem</strong></span> <span class='ocrx_word' id='word_1_356' title='bbox 1640 3009 1754 3064; x_wconf 61' lang='lat' dir='ltr'><strong>bare</strong></span> <span class='ocrx_word' id='word_1_357' title='bbox 1777 3012 1889 3080; x_wconf 90' lang='lat' dir='ltr'><strong>regi</strong></span> <span class='ocrx_word' id='word_1_358' title='bbox 1913 3028 2073 3081; x_wconf 89' lang='lat' dir='ltr'><strong>quam</strong></span> <span class='ocrx_word' id='word_1_359' title='bbox 2100 3013 2335 3082; x_wconf 87' lang='lat' dir='ltr'><strong>primum</strong></span> 
     </span>
    </p>
   </div>
   <div class='ocr_carea' id='block_1_49' title="bbox 776 3092 2333 3173">
    <p class='ocr_par' dir='ltr' id='par_1_49' title="bbox 776 3092 2333 3173">
     <span class='ocr_line' id='line_1_49' title="bbox 776 3092 2333 3173; baseline 0.011 -31"><span class='ocrx_word' id='word_1_360' title='bbox 776 3092 1134 3149; x_wconf 90' lang='lat' dir='ltr'><strong>renuntiavit.</strong></span> <span class='ocrx_word' id='word_1_361' title='bbox 1191 3095 1285 3150; x_wconf 88' lang='lat' dir='ltr'><strong>llle</strong></span> <span class='ocrx_word' id='word_1_362' title='bbox 1330 3107 1513 3153; x_wconf 90' lang='lat' dir='ltr'><strong>autem</strong></span> <span class='ocrx_word' id='word_1_363' title='bbox 1568 3101 1797 3170; x_wconf 87' lang='lat' dir='ltr'><strong>cupiens</strong></span> <span class='ocrx_word' id='word_1_364' title='bbox 1860 3106 2025 3169; x_wconf 88' lang='lat' dir='ltr'><strong>scire,</strong></span> <span class='ocrx_word' id='word_1_365' title='bbox 2083 3121 2333 3173; x_wconf 80' lang='lat' dir='ltr'><strong>quamam</strong></span> 
     </span>
    </p>
   </div>
   <div class='ocr_carea' id='block_1_50' title="bbox 769 3184 2342 3268">
    <p class='ocr_par' dir='ltr' id='par_1_50' title="bbox 769 3184 2342 3268">
     <span class='ocr_line' id='line_1_50' title="bbox 769 3184 2342 3268; baseline 0.012 -33"><span class='ocrx_word' id='word_1_366' title='bbox 769 3191 918 3237; x_wconf 85' lang='lat' dir='ltr'><strong>esset</strong></span> <span class='ocrx_word' id='word_1_367' title='bbox 947 3184 1106 3249; x_wconf 90' lang='lat' dir='ltr'><strong>visio,</strong></span> <span class='ocrx_word' id='word_1_368' title='bbox 1138 3197 1192 3241; x_wconf 92' lang='lat' dir='ltr'><strong>et</strong></span> <span class='ocrx_word' id='word_1_369' title='bbox 1216 3204 1464 3257; x_wconf 73' lang='lat' dir='ltr'><strong>quaenam</strong></span> <span class='ocrx_word' id='word_1_370' title='bbox 1500 3203 1646 3248; x_wconf 91' lang='lat' dir='ltr'><strong>esset</strong></span> <span class='ocrx_word' id='word_1_371' title='bbox 1672 3195 1791 3264; x_wconf 88' lang='lat' dir='ltr'><strong>ejus</strong></span> <span class='ocrx_word' id='word_1_372' title='bbox 1813 3193 2161 3265; x_wconf 89' lang='lat' dir='ltr'><strong>signiﬁcatio,</strong></span> <span class='ocrx_word' id='word_1_373' title='bbox 2184 3196 2342 3268; x_wconf 88' lang='lat' dir='ltr'><strong>jubet</strong></span> 
     </span>
    </p>
   </div>
   <div class='ocr_carea' id='block_1_51' title="bbox 772 3274 2341 3357">
    <p class='ocr_par' dir='ltr' id='par_1_51' title="bbox 772 3274 2341 3357">
     <span class='ocr_line' id='line_1_51' title="bbox 772 3274 2341 3357; baseline 0.013 -31"><span class='ocrx_word' id='word_1_374' title='bbox 772 3274 1033 3329; x_wconf 80' lang='lat' dir='ltr'><strong>sustineri</strong></span> <span class='ocrx_word' id='word_1_375' title='bbox 1074 3292 1357 3346; x_wconf 86' lang='lat' dir='ltr'><strong>magorum</strong></span> <span class='ocrx_word' id='word_1_376' title='bbox 1384 3281 1882 3355; x_wconf 86' lang='lat' dir='ltr'><strong>interemptionem,</strong></span> <span class='ocrx_word' id='word_1_377' title='bbox 1927 3289 2102 3346; x_wconf 90' lang='lat' dir='ltr'><strong>donec</strong></span> <span class='ocrx_word' id='word_1_378' title='bbox 2150 3294 2341 3357; x_wconf 88' lang='lat' dir='ltr'><strong>sciret,</strong></span> 
     </span>
    </p>
   </div>
   <div class='ocr_carea' id='block_1_52' title="bbox 776 3366 2344 3451">
    <p class='ocr_par' dir='ltr' id='par_1_52' title="bbox 776 3366 2344 3451">
     <span class='ocr_line' id='line_1_52' title="bbox 776 3366 2344 3451; baseline 0.012 -33"><span class='ocrx_word' id='word_1_379' title='bbox 776 3366 1039 3435; x_wconf 89' lang='lat' dir='ltr'><strong>quidnam</strong></span> <span class='ocrx_word' id='word_1_380' title='bbox 1067 3369 1314 3427; x_wconf 79' lang='lat' dir='ltr'><strong>dicturus</strong></span> <span class='ocrx_word' id='word_1_381' title='bbox 1361 3386 1505 3430; x_wconf 88' lang='lat' dir='ltr'><strong>esset</strong></span> <span class='ocrx_word' id='word_1_382' title='bbox 1560 3378 1770 3446; x_wconf 87' lang='lat' dir='ltr'><strong>Daniel,</strong></span> <span class='ocrx_word' id='word_1_383' title='bbox 1810 3392 1864 3436; x_wconf 86' lang='lat' dir='ltr'><strong>et</strong></span> <span class='ocrx_word' id='word_1_384' title='bbox 1896 3400 2143 3451; x_wconf 68' lang='lat' dir='ltr'><strong>quaenam</strong></span> <span class='ocrx_word' id='word_1_385' title='bbox 2196 3393 2344 3438; x_wconf 88' lang='lat' dir='ltr'><strong>esset</strong></span> 
     </span>
    </p>
   </div>
   <div class='ocr_carea' id='block_1_53' title="bbox 774 3459 2341 3537">
    <p class='ocr_par' dir='ltr' id='par_1_53' title="bbox 774 3459 2341 3537">
     <span class='ocr_line' id='line_1_53' title="bbox 774 3459 2341 3537; baseline 0.01 -25"><span class='ocrx_word' id='word_1_386' title='bbox 774 3459 895 3529; x_wconf 87' lang='lat' dir='ltr'><strong>ejus</strong></span> <span class='ocrx_word' id='word_1_387' title='bbox 946 3461 1141 3518; x_wconf 88' lang='lat' dir='ltr'><strong>virtus.</strong></span> <span class='ocrx_word' id='word_1_388' title='bbox 1178 3463 1278 3520; x_wconf 86' lang='lat' dir='ltr'><strong>Hic</strong></span> <span class='ocrx_word' id='word_1_389' title='bbox 1316 3480 1447 3537; x_wconf 85' lang='lat' dir='ltr'><strong>ergo</strong></span> <span class='ocrx_word' id='word_1_390' title='bbox 1478 3468 1671 3524; x_wconf 89' lang='lat' dir='ltr'><strong>beatus</strong></span> <span class='ocrx_word' id='word_1_391' title='bbox 1706 3486 1829 3526; x_wconf 90' lang='lat' dir='ltr'><strong>eum</strong></span> <span class='ocrx_word' id='word_1_392' title='bbox 1864 3483 1976 3527; x_wconf 89' lang='lat' dir='ltr'><strong>tota</strong></span> <span class='ocrx_word' id='word_1_393' title='bbox 2025 3484 2184 3529; x_wconf 91' lang='lat' dir='ltr'><strong>nocte</strong></span> <span class='ocrx_word' id='word_1_394' title='bbox 2217 3490 2341 3530; x_wconf 89' lang='lat' dir='ltr'><strong>cum</strong></span> 
     </span>
    </p>
   </div>
   <div class='ocr_carea' id='block_1_54' title="bbox 776 3554 2346 3639">
    <p class='ocr_par' dir='ltr' id='par_1_54' title="bbox 776 3554 2346 3639">
     <span class='ocr_line' id='line_1_54' title="bbox 776 3554 2346 3639; baseline 0.013 -35"><span class='ocrx_word' id='word_1_395' title='bbox 776 3554 1022 3622; x_wconf 80' lang='lat' dir='ltr'><strong>cognatis</strong></span> <span class='ocrx_word' id='word_1_396' title='bbox 1044 3555 1111 3610; x_wconf 90' lang='lat' dir='ltr'><strong>ad</strong></span> <span class='ocrx_word' id='word_1_397' title='bbox 1150 3572 1207 3612; x_wconf 88' lang='lat' dir='ltr'><strong>se</strong></span> <span class='ocrx_word' id='word_1_398' title='bbox 1239 3562 1579 3629; x_wconf 88' lang='lat' dir='ltr'><strong>secessisset,</strong></span> <span class='ocrx_word' id='word_1_399' title='bbox 1613 3572 1725 3619; x_wconf 92' lang='lat' dir='ltr'><strong>tota</strong></span> <span class='ocrx_word' id='word_1_400' title='bbox 1781 3576 1941 3621; x_wconf 87' lang='lat' dir='ltr'><strong>nocte</strong></span> <span class='ocrx_word' id='word_1_401' title='bbox 1975 3566 2086 3622; x_wconf 91' lang='lat' dir='ltr'><strong>Deo</strong></span> <span class='ocrx_word' id='word_1_402' title='bbox 2137 3570 2346 3639; x_wconf 87' lang='lat' dir='ltr'><strong>suppli-</strong></span> 
     </span>
    </p>
   </div>
   <div class='ocr_carea' id='block_1_55' title="bbox 776 3647 2346 3733">
    <p class='ocr_par' dir='ltr' id='par_1_55' title="bbox 776 3647 2346 3733">
     <span class='ocr_line' id='line_1_55' title="bbox 776 3647 2346 3733; baseline 0.013 -36"><span class='ocrx_word' id='word_1_403' title='bbox 776 3647 943 3710; x_wconf 86' lang='lat' dir='ltr'><strong>cavit,</strong></span> <span class='ocrx_word' id='word_1_404' title='bbox 978 3657 1243 3733; x_wconf 89' lang='lat' dir='ltr'><strong>utmagos</strong></span> <span class='ocrx_word' id='word_1_405' title='bbox 1270 3665 1591 3710; x_wconf 87' lang='lat' dir='ltr'><strong>servarctet</strong></span> <span class='ocrx_word' id='word_1_406' title='bbox 1643 3658 1948 3724; x_wconf 66' lang='lat' dir='ltr'><strong>Chaldmos,</strong></span> <span class='ocrx_word' id='word_1_407' title='bbox 1978 3677 2103 3716; x_wconf 90' lang='lat' dir='ltr'><strong>eum</strong></span> <span class='ocrx_word' id='word_1_408' title='bbox 2143 3665 2346 3733; x_wconf 88' lang='lat' dir='ltr'><strong>quibus</strong></span> 
     </span>
    </p>
   </div>
   <div class='ocr_carea' id='block_1_56' title="bbox 779 3732 2346 3818">
    <p class='ocr_par' dir='ltr' id='par_1_56' title="bbox 779 3732 2346 3818">
     <span class='ocr_line' id='line_1_56' title="bbox 779 3732 2346 3818; baseline 0.011 -29"><span class='ocrx_word' id='word_1_409' title='bbox 779 3736 896 3805; x_wconf 87' lang='lat' dir='ltr'><strong>ipse</strong></span> <span class='ocrx_word' id='word_1_410' title='bbox 924 3753 1142 3810; x_wconf 89' lang='lat' dir='ltr'><strong>quoque</strong></span> <span class='ocrx_word' id='word_1_411' title='bbox 1182 3732 1343 3797; x_wconf 82' lang='lat' dir='ltr'><strong>simul</strong></span> <span class='ocrx_word' id='word_1_412' title='bbox 1374 3756 1493 3801; x_wconf 89' lang='lat' dir='ltr'><strong>erat</strong></span> <span class='ocrx_word' id='word_1_413' title='bbox 1526 3749 1826 3818; x_wconf 88' lang='lat' dir='ltr'><strong>periturus,</strong></span> <span class='ocrx_word' id='word_1_414' title='bbox 1877 3761 1933 3804; x_wconf 91' lang='lat' dir='ltr'><strong>et</strong></span> <span class='ocrx_word' id='word_1_415' title='bbox 1978 3732 2239 3805; x_wconf 87' lang='lat' dir='ltr'><strong>liberaret</strong></span> <span class='ocrx_word' id='word_1_416' title='bbox 2279 3754 2346 3806; x_wconf 91' lang='lat' dir='ltr'><strong>ab</strong></span> 
     </span>
    </p>
   </div>
   <div class='ocr_carea' id='block_1_57' title="bbox 778 3827 2347 3914">
    <p class='ocr_par' dir='ltr' id='par_1_57' title="bbox 778 3827 2347 3914">
     <span class='ocr_line' id='line_1_57' title="bbox 778 3827 2347 3914; baseline 0.011 -34"><span class='ocrx_word' id='word_1_417' title='bbox 778 3827 858 3882; x_wconf 88' lang='lat' dir='ltr'><strong>ira</strong></span> <span class='ocrx_word' id='word_1_418' title='bbox 925 3834 1089 3901; x_wconf 86' lang='lat' dir='ltr'><strong>regis,</strong></span> <span class='ocrx_word' id='word_1_419' title='bbox 1146 3837 1442 3904; x_wconf 87' lang='lat' dir='ltr'><strong>aperiendo</strong></span> <span class='ocrx_word' id='word_1_420' title='bbox 1465 3840 1516 3894; x_wconf 89' lang='lat' dir='ltr'><strong>ei</strong></span> <span class='ocrx_word' id='word_1_421' title='bbox 1569 3841 1859 3906; x_wconf 88' lang='lat' dir='ltr'><strong>visionem,</strong></span> <span class='ocrx_word' id='word_1_422' title='bbox 1893 3843 2049 3914; x_wconf 89' lang='lat' dir='ltr'><strong>cujus</strong></span> <span class='ocrx_word' id='word_1_423' title='bbox 2094 3860 2185 3898; x_wconf 83' lang='lat' dir='ltr'><strong>rex</strong></span> <span class='ocrx_word' id='word_1_424' title='bbox 2229 3855 2347 3899; x_wconf 81' lang='lat' dir='ltr'><strong>erat</strong></span> 
     </span>
    </p>
   </div>
   <div class='ocr_carea' id='block_1_58' title="bbox 780 3923 2341 4006">
    <p class='ocr_par' dir='ltr' id='par_1_58' title="bbox 780 3923 2341 4006">
     <span class='ocr_line' id='line_1_58' title="bbox 780 3923 2341 4006; baseline 0.01 -30"><span class='ocrx_word' id='word_1_425' title='bbox 780 3923 1005 3978; x_wconf 91' lang='lat' dir='ltr'><strong>oblitus.</strong></span> <span class='ocrx_word' id='word_1_426' title='bbox 1043 3926 1185 3980; x_wconf 89' lang='lat' dir='ltr'><strong>Deus</strong></span> <span class='ocrx_word' id='word_1_427' title='bbox 1223 3938 1406 3982; x_wconf 89' lang='lat' dir='ltr'><strong>autem</strong></span> <span class='ocrx_word' id='word_1_428' title='bbox 1433 3932 1593 3985; x_wconf 90' lang='lat' dir='ltr'><strong>simul</strong></span> <span class='ocrx_word' id='word_1_429' title='bbox 1636 3945 1686 3988; x_wconf 90' lang='lat' dir='ltr'><strong>et</strong></span> <span class='ocrx_word' id='word_1_430' title='bbox 1721 3938 1982 3990; x_wconf 91' lang='lat' dir='ltr'><strong>misertus</strong></span> <span class='ocrx_word' id='word_1_431' title='bbox 2006 3953 2197 3990; x_wconf 91' lang='lat' dir='ltr'><strong>eorum</strong></span> <span class='ocrx_word' id='word_1_432' title='bbox 2249 3940 2341 4006; x_wconf 89' lang='lat' dir='ltr'><strong>qui</strong></span> 
     </span>
    </p>
   </div>
   <div class='ocr_carea' id='block_1_59' title="bbox 779 4016 2349 4095">
    <p class='ocr_par' dir='ltr' id='par_1_59' title="bbox 779 4016 2349 4095">
     <span class='ocr_line' id='line_1_59' title="bbox 779 4016 2349 4095; baseline 0.008 -26"><span class='ocrx_word' id='word_1_433' title='bbox 779 4025 938 4069; x_wconf 91' lang='lat' dir='ltr'><strong>crant</strong></span> <span class='ocrx_word' id='word_1_434' title='bbox 969 4016 1023 4070; x_wconf 91' lang='lat' dir='ltr'><strong>in</strong></span> <span class='ocrx_word' id='word_1_435' title='bbox 1058 4019 1322 4084; x_wconf 88' lang='lat' dir='ltr'><strong>periculo,</strong></span> <span class='ocrx_word' id='word_1_436' title='bbox 1351 4031 1407 4075; x_wconf 87' lang='lat' dir='ltr'><strong>et</strong></span> <span class='ocrx_word' id='word_1_437' title='bbox 1438 4023 1628 4078; x_wconf 86' lang='lat' dir='ltr'><strong>volens</strong></span> <span class='ocrx_word' id='word_1_438' title='bbox 1666 4041 1825 4079; x_wconf 89' lang='lat' dir='ltr'><strong>suum</strong></span> <span class='ocrx_word' id='word_1_439' title='bbox 1856 4028 2179 4095; x_wconf 83' lang='lat' dir='ltr'><strong>prophetam</strong></span> <span class='ocrx_word' id='word_1_440' title='bbox 2226 4028 2349 4080; x_wconf 87' lang='lat' dir='ltr'><strong>red-</strong></span> 
     </span>
    </p>
   </div>
   <div class='ocr_carea' id='block_1_60' title="bbox 782 4105 2349 4189">
    <p class='ocr_par' dir='ltr' id='par_1_60' title="bbox 782 4105 2349 4189">
     <span class='ocr_line' id='line_1_60' title="bbox 782 4105 2349 4189; baseline 0.008 -29"><span class='ocrx_word' id='word_1_441' title='bbox 782 4105 913 4162; x_wconf 89' lang='lat' dir='ltr'><strong>dere</strong></span> <span class='ocrx_word' id='word_1_442' title='bbox 949 4107 1271 4177; x_wconf 87' lang='lat' dir='ltr'><strong>gloriosum,</strong></span> <span class='ocrx_word' id='word_1_443' title='bbox 1307 4113 1356 4166; x_wconf 91' lang='lat' dir='ltr'><strong>ei</strong></span> <span class='ocrx_word' id='word_1_444' title='bbox 1410 4114 1681 4184; x_wconf 84' lang='lat' dir='ltr'><strong>signiﬁcat</strong></span> <span class='ocrx_word' id='word_1_445' title='bbox 1731 4118 2028 4183; x_wconf 87' lang='lat' dir='ltr'><strong>somnium,</strong></span> <span class='ocrx_word' id='word_1_446' title='bbox 2070 4129 2126 4174; x_wconf 93' lang='lat' dir='ltr'><strong>et</strong></span> <span class='ocrx_word' id='word_1_447' title='bbox 2172 4120 2349 4189; x_wconf 90' lang='lat' dir='ltr'><strong>aperit</strong></span> 
     </span>
    </p>
   </div>
   <div class='ocr_carea' id='block_1_61' title="bbox 781 4199 2348 4274">
    <p class='ocr_par' dir='ltr' id='par_1_61' title="bbox 781 4199 2348 4274">
     <span class='ocr_line' id='line_1_61' title="bbox 781 4199 2348 4274; baseline 0.01 -25"><span class='ocrx_word' id='word_1_448' title='bbox 781 4199 1153 4268; x_wconf 76' lang='lat' dir='ltr'><strong>conjecturam</strong></span> <span class='ocrx_word' id='word_1_449' title='bbox 1190 4220 1201 4255; x_wconf 94' lang='lat'><strong>:</strong></span> <span class='ocrx_word' id='word_1_450' title='bbox 1243 4213 1298 4257; x_wconf 90' lang='lat' dir='ltr'><strong>et</strong></span> <span class='ocrx_word' id='word_1_451' title='bbox 1328 4219 1449 4257; x_wconf 90' lang='lat' dir='ltr'><strong>cum</strong></span> <span class='ocrx_word' id='word_1_452' title='bbox 1485 4208 1735 4274; x_wconf 84' lang='lat' dir='ltr'><strong>protinus</strong></span> <span class='ocrx_word' id='word_1_453' title='bbox 1775 4209 1961 4264; x_wconf 88' lang='lat' dir='ltr'><strong>Daniel</strong></span> <span class='ocrx_word' id='word_1_454' title='bbox 1998 4209 2113 4264; x_wconf 75' lang='lat' dir='ltr'><strong>haec</strong></span> <span class='ocrx_word' id='word_1_455' title='bbox 2141 4211 2348 4265; x_wconf 72' lang='lat' dir='ltr'><strong>Azariaa</strong></span> 
     </span>
    </p>
   </div>
   <div class='ocr_carea' id='block_1_62' title="bbox 782 4290 2347 4371">
    <p class='ocr_par' dir='ltr' id='par_1_62' title="bbox 782 4290 2347 4371">
     <span class='ocr_line' id='line_1_62' title="bbox 782 4290 2347 4371; baseline 0.009 -30"><span class='ocrx_word' id='word_1_456' title='bbox 782 4298 837 4341; x_wconf 89' lang='lat' dir='ltr'><strong>et</strong></span> <span class='ocrx_word' id='word_1_457' title='bbox 860 4290 1074 4344; x_wconf 65' lang='lat' dir='ltr'><strong>caeteris</strong></span> <span class='ocrx_word' id='word_1_458' title='bbox 1120 4293 1445 4359; x_wconf 88' lang='lat' dir='ltr'><strong>aperuisset,</strong></span> <span class='ocrx_word' id='word_1_459' title='bbox 1474 4310 1589 4359; x_wconf 91' lang='lat' dir='ltr'><strong>eos,</strong></span> <span class='ocrx_word' id='word_1_460' title='bbox 1620 4299 1714 4365; x_wconf 93' lang='lat' dir='ltr'><strong>qui</strong></span> <span class='ocrx_word' id='word_1_461' title='bbox 1743 4302 1867 4351; x_wconf 72' lang='lat' dir='ltr'><strong>vitae</strong></span> <span class='ocrx_word' id='word_1_462' title='bbox 1917 4315 2069 4367; x_wconf 87' lang='lat' dir='ltr'><strong>spem</strong></span> <span class='ocrx_word' id='word_1_463' title='bbox 2125 4292 2347 4371; x_wconf 51' lang='lat' dir='ltr'><strong>abjéce.</strong></span> 
     </span>
    </p>
   </div>
   <div class='ocr_carea' id='block_1_63' title="bbox 784 4382 2345 4461">
    <p class='ocr_par' dir='ltr' id='par_1_63' title="bbox 784 4382 2345 4461">
     <span class='ocr_line' id='line_1_63' title="bbox 784 4382 2345 4461; baseline 0.008 -27"><span class='ocrx_word' id='word_1_464' title='bbox 784 4391 927 4446; x_wconf 88' lang='lat' dir='ltr'><strong>rant,</strong></span> <span class='ocrx_word' id='word_1_465' title='bbox 951 4389 1006 4436; x_wconf 90' lang='lat' dir='ltr'><strong>et</strong></span> <span class='ocrx_word' id='word_1_466' title='bbox 1037 4382 1091 4438; x_wconf 88' lang='lat' dir='ltr'><strong>in</strong></span> <span class='ocrx_word' id='word_1_467' title='bbox 1130 4388 1364 4440; x_wconf 84' lang='lat' dir='ltr'><strong>mortem</strong></span> <span class='ocrx_word' id='word_1_468' title='bbox 1398 4402 1549 4441; x_wconf 91' lang='lat' dir='ltr'><strong>suam</strong></span> <span class='ocrx_word' id='word_1_469' title='bbox 1605 4388 1907 4446; x_wconf 74' lang='lat' dir='ltr'><strong>deﬁxerant</strong></span> <span class='ocrx_word' id='word_1_470' title='bbox 1938 4393 2345 4461; x_wconf 84' lang='lat' dir='ltr'><strong>cogitationem,</strong></span> 
     </span>
    </p>
   </div>
   <div class='ocr_carea' id='block_1_64' title="bbox 783 4474 2347 4541">
    <p class='ocr_par' dir='ltr' id='par_1_64' title="bbox 783 4474 2347 4541">
     <span class='ocr_line' id='line_1_64' title="bbox 783 4474 2347 4541; baseline 0.003 -9"><span class='ocrx_word' id='word_1_471' title='bbox 783 4474 1039 4533; x_wconf 85' lang='lat' dir='ltr'><strong>immutat</strong></span> <span class='ocrx_word' id='word_1_472' title='bbox 1084 4487 1138 4533; x_wconf 91' lang='lat' dir='ltr'><strong>et</strong></span> <span class='ocrx_word' id='word_1_473' title='bbox 1179 4479 1356 4533; x_wconf 87' lang='lat' dir='ltr'><strong>reddit</strong></span> <span class='ocrx_word' id='word_1_474' title='bbox 1416 4480 1651 4535; x_wconf 61' lang='lat' dir='ltr'><strong>laetiores</strong></span> <span class='ocrx_word' id='word_1_475' title='bbox 1681 4490 1734 4535; x_wconf 93' lang='lat' dir='ltr'><strong>et</strong></span> <span class='ocrx_word' id='word_1_476' title='bbox 1795 4484 1980 4539; x_wconf 90' lang='lat' dir='ltr'><strong>animo</strong></span> <span class='ocrx_word' id='word_1_477' title='bbox 2021 4476 2347 4541; x_wconf 82' lang='lat' dir='ltr'><strong>alacriores.</strong></span> 
     </span>
    </p>
   </div>
   <div class='ocr_carea' id='block_1_65' title="bbox 856 4746 2353 4821">
    <p class='ocr_par' dir='ltr' id='par_1_65' title="bbox 856 4746 2353 4821">
     <span class='ocr_line' id='line_1_65' title="bbox 856 4746 2353 4821; baseline 0.002 -19"><span class='ocrx_word' id='word_1_478' title='bbox 856 4748 921 4803; x_wconf 74' lang='grc' dir='ltr'>ν.</span> <span class='ocrx_word' id='word_1_479' title='bbox 948 4746 1085 4802; x_wconf 90' lang='lat' dir='ltr'><strong>Cum</strong></span> <span class='ocrx_word' id='word_1_480' title='bbox 1111 4746 1222 4801; x_wconf 90' lang='lat' dir='ltr'><strong>Deo</strong></span> <span class='ocrx_word' id='word_1_481' title='bbox 1257 4757 1439 4803; x_wconf 91' lang='lat' dir='ltr'><strong>autem</strong></span> <span class='ocrx_word' id='word_1_482' title='bbox 1483 4765 1606 4803; x_wconf 91' lang='lat' dir='ltr'><strong>eum</strong></span> <span class='ocrx_word' id='word_1_483' title='bbox 1642 4750 1724 4803; x_wconf 90' lang='lat' dir='ltr'><strong>eis</strong></span> <span class='ocrx_word' id='word_1_484' title='bbox 1758 4750 1959 4821; x_wconf 84' lang='lat' dir='ltr'><strong>egisset</strong></span> <span class='ocrx_word' id='word_1_485' title='bbox 2006 4752 2227 4821; x_wconf 78' lang='lat' dir='ltr'><strong>gratias,</strong></span> <span class='ocrx_word' id='word_1_486' title='bbox 2259 4752 2353 4821; x_wconf 90' lang='lat' dir='ltr'><strong>qui</strong></span> 
     </span>
    </p>
   </div>
   <div class='ocr_carea' id='block_1_66' title="bbox 786 4840 2356 4905">
    <p class='ocr_par' dir='ltr' id='par_1_66' title="bbox 786 4840 2356 4905">
     <span class='ocr_line' id='line_1_66' title="bbox 786 4840 2356 4905; baseline 0.004 -12"><span class='ocrx_word' id='word_1_487' title='bbox 786 4842 1046 4895; x_wconf 85' lang='lat' dir='ltr'><strong>misertus</strong></span> <span class='ocrx_word' id='word_1_488' title='bbox 1076 4840 1256 4895; x_wconf 82' lang='lat' dir='ltr'><strong>fuerat</strong></span> <span class='ocrx_word' id='word_1_489' title='bbox 1284 4856 1475 4896; x_wconf 90' lang='lat' dir='ltr'><strong>eorum</strong></span> <span class='ocrx_word' id='word_1_490' title='bbox 1506 4843 1704 4905; x_wconf 80' lang='lat' dir='ltr'><strong>aetatis,</strong></span> <span class='ocrx_word' id='word_1_491' title='bbox 1730 4853 1787 4898; x_wconf 91' lang='lat' dir='ltr'><strong>et</strong></span> <span class='ocrx_word' id='word_1_492' title='bbox 1815 4853 1961 4897; x_wconf 89' lang='lat' dir='ltr'><strong>esset</strong></span> <span class='ocrx_word' id='word_1_493' title='bbox 1982 4844 2118 4904; x_wconf 80' lang='lat' dir='ltr'><strong>dies.</strong></span> <span class='ocrx_word' id='word_1_494' title='bbox 2143 4844 2356 4899; x_wconf 88' lang='lat' dir='ltr'><strong>accedit</strong></span> 
     </span>
    </p>
   </div>
   <div class='ocr_carea' id='block_1_67' title="bbox 787 4934 2357 5006">
    <p class='ocr_par' dir='ltr' id='par_1_67' title="bbox 787 4934 2357 5006">
     <span class='ocr_line' id='line_1_67' title="bbox 787 4934 2357 5006; baseline 0.001 -17"><span class='ocrx_word' id='word_1_495' title='bbox 787 4934 856 4989; x_wconf 86' lang='lat' dir='ltr'><strong>ad</strong></span> <span class='ocrx_word' id='word_1_496' title='bbox 881 4935 1110 5000; x_wconf 85' lang='lat' dir='ltr'><strong>Arioch,</strong></span> <span class='ocrx_word' id='word_1_497' title='bbox 1133 4946 1188 4990; x_wconf 91' lang='lat' dir='ltr'><strong>et</strong></span> <span class='ocrx_word' id='word_1_498' title='bbox 1212 4946 1382 5005; x_wconf 85' lang='lat' dir='ltr'><strong>rogat,</strong></span> <span class='ocrx_word' id='word_1_499' title='bbox 1421 4948 1478 4991; x_wconf 89' lang='lat' dir='ltr'><strong>ut</strong></span> <span class='ocrx_word' id='word_1_500' title='bbox 1506 4953 1631 4991; x_wconf 85' lang='lat' dir='ltr'><strong>eum</strong></span> <span class='ocrx_word' id='word_1_501' title='bbox 1666 4938 1831 4992; x_wconf 88' lang='lat' dir='ltr'><strong>ducat</strong></span> <span class='ocrx_word' id='word_1_502' title='bbox 1861 4937 1927 4992; x_wconf 92' lang='lat' dir='ltr'><strong>ad</strong></span> <span class='ocrx_word' id='word_1_503' title='bbox 1964 4952 2167 5006; x_wconf 80' lang='lat' dir='ltr'><strong>regem.</strong></span> <span class='ocrx_word' id='word_1_504' title='bbox 2209 4938 2357 4992; x_wconf 86' lang='lat' dir='ltr'><strong>Dixit</strong></span> 
     </span>
    </p>
   </div>
   <div class='ocr_carea' id='block_1_68' title="bbox 787 5027 2356 5100">
    <p class='ocr_par' dir='ltr' id='par_1_68' title="bbox 787 5027 2356 5100">
     <span class='ocr_line' id='line_1_68' title="bbox 787 5027 2356 5100; baseline 0.003 -20"><span class='ocrx_word' id='word_1_505' title='bbox 787 5028 956 5092; x_wconf 89' lang='lat' dir='ltr'><strong>enim,</strong></span> <span class='ocrx_word' id='word_1_506' title='bbox 984 5042 1041 5082; x_wconf 84' lang='lat' dir='ltr'><strong>se</strong></span> <span class='ocrx_word' id='word_1_507' title='bbox 1067 5027 1116 5082; x_wconf 92' lang='lat' dir='ltr'><strong>ei</strong></span> <span class='ocrx_word' id='word_1_508' title='bbox 1146 5029 1283 5082; x_wconf 88' lang='lat' dir='ltr'><strong>velle</strong></span> <span class='ocrx_word' id='word_1_509' title='bbox 1314 5031 1588 5084; x_wconf 84' lang='lat' dir='ltr'><strong>somnium</strong></span> <span class='ocrx_word' id='word_1_510' title='bbox 1620 5031 1949 5100; x_wconf 86' lang='lat' dir='ltr'><strong>signiﬁcare,</strong></span> <span class='ocrx_word' id='word_1_511' title='bbox 1986 5030 2130 5099; x_wconf 87' lang='lat' dir='ltr'><strong>quod</strong></span> <span class='ocrx_word' id='word_1_512' title='bbox 2166 5030 2217 5086; x_wconf 86' lang='lat' dir='ltr'><strong>ei</strong></span> <span class='ocrx_word' id='word_1_513' title='bbox 2267 5046 2356 5084; x_wconf 90' lang='lat' dir='ltr'><strong>ac-</strong></span> 
     </span>
    </p>
   </div>
   <div class='ocr_carea' id='block_1_69' title="bbox 788 5121 2352 5194">
    <p class='ocr_par' dir='ltr' id='par_1_69' title="bbox 788 5121 2352 5194">
     <span class='ocr_line' id='line_1_69' title="bbox 788 5121 2352 5194; baseline 0.004 -21"><span class='ocrx_word' id='word_1_514' title='bbox 788 5121 1006 5177; x_wconf 82' lang='lat' dir='ltr'><strong>cidit&#39;ut</strong></span> <span class='ocrx_word' id='word_1_515' title='bbox 1055 5132 1216 5179; x_wconf 89' lang='lat' dir='ltr'><strong>nocte</strong></span> <span class='ocrx_word' id='word_1_516' title='bbox 1265 5122 1473 5177; x_wconf 81' lang='lat' dir='ltr'><strong>videret</strong></span> <span class='ocrx_word' id='word_1_517' title='bbox 1521 5125 1815 5192; x_wconf 68' lang='lat' dir='ltr'><strong>praeterita.</strong></span> <span class='ocrx_word' id='word_1_518' title='bbox 1877 5125 2158 5194; x_wconf 82' lang='lat' dir='ltr'><strong>Ingressus</strong></span> <span class='ocrx_word' id='word_1_519' title='bbox 2202 5142 2352 5189; x_wconf 80' lang='lat' dir='ltr'><strong>vero,</strong></span> 
     </span>
    </p>
   </div>
   <div class='ocr_carea' id='block_1_70' title="bbox 790 5218 2354 5285">
    <p class='ocr_par' dir='ltr' id='par_1_70' title="bbox 790 5218 2354 5285">
     <span class='ocr_line' id='line_1_70' title="bbox 790 5218 2354 5285; baseline 0.003 -18"><span class='ocrx_word' id='word_1_520' title='bbox 790 5218 1026 5285; x_wconf 82' lang='lat' dir='ltr'><strong>primum</strong></span> <span class='ocrx_word' id='word_1_521' title='bbox 1064 5232 1122 5271; x_wconf 90' lang='lat' dir='ltr'><strong>se</strong></span> <span class='ocrx_word' id='word_1_522' title='bbox 1157 5221 1457 5281; x_wconf 86' lang='lat' dir='ltr'><strong>excusavit,</strong></span> <span class='ocrx_word' id='word_1_523' title='bbox 1494 5218 1685 5270; x_wconf 88' lang='lat' dir='ltr'><strong>nolens</strong></span> <span class='ocrx_word' id='word_1_524' title='bbox 1716 5220 1839 5273; x_wconf 87' lang='lat' dir='ltr'><strong>aliis</strong></span> <span class='ocrx_word' id='word_1_525' title='bbox 1870 5220 2145 5277; x_wconf 75' lang='lat' dir='ltr'><strong>Chaldazis</strong></span> <span class='ocrx_word' id='word_1_526' title='bbox 2183 5221 2354 5275; x_wconf 87' lang='lat' dir='ltr'><strong>videri</strong></span> 
     </span>
    </p>
   </div>
   <div class='ocr_carea' id='block_1_71' title="bbox 790 5309 2357 5380">
    <p class='ocr_par' dir='ltr' id='par_1_71' title="bbox 790 5309 2357 5380">
     <span class='ocr_line' id='line_1_71' title="bbox 790 5309 2357 5380; baseline -0.001 -17"><span class='ocrx_word' id='word_1_527' title='bbox 790 5311 1095 5378; x_wconf 86' lang='lat' dir='ltr'><strong>sapientior</strong></span> <span class='ocrx_word' id='word_1_528' title='bbox 1126 5327 1137 5362; x_wconf 91' lang='lat'>:</span> <span class='ocrx_word' id='word_1_529' title='bbox 1173 5318 1228 5363; x_wconf 90' lang='lat' dir='ltr'><strong>et</strong></span> <span class='ocrx_word' id='word_1_530' title='bbox 1271 5309 1417 5377; x_wconf 91' lang='lat' dir='ltr'><strong>quod</strong></span> <span class='ocrx_word' id='word_1_531' title='bbox 1451 5324 1573 5362; x_wconf 91' lang='lat' dir='ltr'><strong>cum</strong></span> <span class='ocrx_word' id='word_1_532' title='bbox 1609 5310 1792 5365; x_wconf 88' lang='lat' dir='ltr'><strong>nullus</strong></span> <span class='ocrx_word' id='word_1_533' title='bbox 1842 5313 2056 5365; x_wconf 91' lang='lat' dir='ltr'><strong>illorum</strong></span> <span class='ocrx_word' id='word_1_534' title='bbox 2090 5311 2357 5380; x_wconf 82' lang='lat' dir='ltr'><strong>potuisset</strong></span> 
     </span>
    </p>
   </div>
   <div class='ocr_carea' id='block_1_72' title="bbox 791 5402 2357 5470">
    <p class='ocr_par' dir='ltr' id='par_1_72' title="bbox 791 5402 2357 5470">
     <span class='ocr_line' id='line_1_72' title="bbox 791 5402 2357 5470; baseline -0.001 -15"><span class='ocrx_word' id='word_1_535' title='bbox 791 5402 1041 5456; x_wconf 83' lang='lat' dir='ltr'><strong>invenire</strong></span> <span class='ocrx_word' id='word_1_536' title='bbox 1065 5402 1361 5465; x_wconf 87' lang='lat' dir='ltr'><strong>somnium,</strong></span> <span class='ocrx_word' id='word_1_537' title='bbox 1384 5402 1497 5470; x_wconf 86' lang='lat' dir='ltr'><strong>ipse</strong></span> <span class='ocrx_word' id='word_1_538' title='bbox 1524 5402 1576 5454; x_wconf 87' lang='lat' dir='ltr'><strong>id</strong></span> <span class='ocrx_word' id='word_1_539' title='bbox 1606 5412 1749 5456; x_wconf 81' lang='lat' dir='ltr'><strong>esset</strong></span> <span class='ocrx_word' id='word_1_540' title='bbox 1778 5403 2043 5456; x_wconf 82' lang='lat' dir='ltr'><strong>dicturus.</strong></span> <span class='ocrx_word' id='word_1_541' title='bbox 2069 5405 2184 5457; x_wconf 78' lang='lat' dir='ltr'><strong>Non</strong></span> <span class='ocrx_word' id='word_1_542' title='bbox 2210 5404 2357 5457; x_wconf 88' lang='lat' dir='ltr'><strong>enim</strong></span> 
     </span>
    </p>
   </div>
   <div class='ocr_carea' id='block_1_73' title="bbox 792 5494 2353 5564">
    <p class='ocr_par' dir='ltr' id='par_1_73' title="bbox 792 5494 2353 5564">
     <span class='ocr_line' id='line_1_73' title="bbox 792 5494 2353 5564; baseline -0.001 -16"><span class='ocrx_word' id='word_1_543' title='bbox 792 5510 889 5564; x_wconf 86' lang='lat' dir='ltr'><strong>per</strong></span> <span class='ocrx_word' id='word_1_544' title='bbox 917 5494 1334 5563; x_wconf 85' lang='lat' dir='ltr'><strong>experientiam,</strong></span> <span class='ocrx_word' id='word_1_545' title='bbox 1360 5510 1531 5563; x_wconf 87' lang='lat' dir='ltr'><strong>neque</strong></span> <span class='ocrx_word' id='word_1_546' title='bbox 1564 5495 1709 5563; x_wconf 83' lang='lat' dir='ltr'><strong>quod</strong></span> <span class='ocrx_word' id='word_1_547' title='bbox 1744 5496 1813 5548; x_wconf 86' lang='lat' dir='ltr'><strong>sit</strong></span> <span class='ocrx_word' id='word_1_548' title='bbox 1842 5496 2145 5549; x_wconf 81' lang='lat' dir='ltr'><strong>subtilioris</strong></span> <span class='ocrx_word' id='word_1_549' title='bbox 2191 5507 2245 5550; x_wconf 89' lang='lat' dir='ltr'><strong>et</strong></span> <span class='ocrx_word' id='word_1_550' title='bbox 2271 5512 2353 5550; x_wconf 84' lang='lat' dir='ltr'><strong>so-</strong></span> 
     </span>
    </p>
   </div>
   <div class='ocr_carea' id='block_1_74' title="bbox 792 5585 2353 5656">
    <p class='ocr_par' dir='ltr' id='par_1_74' title="bbox 792 5585 2353 5656">
     <span class='ocr_line' id='line_1_74' title="bbox 792 5585 2353 5656; baseline -0.001 -16"><span class='ocrx_word' id='word_1_551' title='bbox 792 5586 1035 5640; x_wconf 86' lang='lat' dir='ltr'><strong>lertioris</strong></span> <span class='ocrx_word' id='word_1_552' title='bbox 1091 5585 1315 5654; x_wconf 87' lang='lat' dir='ltr'><strong>ingenii,</strong></span> <span class='ocrx_word' id='word_1_553' title='bbox 1357 5585 1458 5639; x_wconf 86' lang='lat' dir='ltr'><strong>hoc</strong></span> <span class='ocrx_word' id='word_1_554' title='bbox 1506 5586 1703 5640; x_wconf 88' lang='lat' dir='ltr'><strong>accidit</strong></span> <span class='ocrx_word' id='word_1_555' title='bbox 1736 5605 1747 5639; x_wconf 89' lang='lat'><strong>:</strong></span> <span class='ocrx_word' id='word_1_556' title='bbox 1780 5588 1871 5639; x_wconf 85' lang='lat' dir='ltr'><strong>sed</strong></span> <span class='ocrx_word' id='word_1_557' title='bbox 1930 5587 2123 5651; x_wconf 84' lang='lat' dir='ltr'><strong>nostri,</strong></span> <span class='ocrx_word' id='word_1_558' title='bbox 2160 5590 2353 5656; x_wconf 88' lang='lat' dir='ltr'><strong>inquit,</strong></span> 
     </span>
    </p>
   </div>
   <div class='ocr_carea' id='block_1_75' title="bbox 792 5676 2354 5760">
    <p class='ocr_par' dir='ltr' id='par_1_75' title="bbox 792 5676 2354 5760">
     <span class='ocr_line' id='line_1_75' title="bbox 792 5676 2354 5760; baseline 0 -27"><span class='ocrx_word' id='word_1_559' title='bbox 792 5676 1050 5760; x_wconf 76' lang='lat' dir='ltr'><strong>misertus</strong></span> <span class='ocrx_word' id='word_1_560' title='bbox 1075 5678 1237 5743; x_wconf 84' lang='lat' dir='ltr'><strong>Deus,</strong></span> <span class='ocrx_word' id='word_1_561' title='bbox 1262 5682 1353 5751; x_wconf 88' lang='lat' dir='ltr'><strong>qui</strong></span> <span class='ocrx_word' id='word_1_562' title='bbox 1381 5695 1704 5734; x_wconf 82' lang='lat' dir='ltr'><strong>veneramus</strong></span> <span class='ocrx_word' id='word_1_563' title='bbox 1734 5681 1784 5733; x_wconf 86' lang='lat' dir='ltr'><strong>in</strong></span> <span class='ocrx_word' id='word_1_564' title='bbox 1816 5680 2005 5735; x_wconf 84' lang='lat' dir='ltr'><strong>mortis</strong></span> <span class='ocrx_word' id='word_1_565' title='bbox 2032 5682 2354 5749; x_wconf 71' lang='lat' dir='ltr'><strong>periculum,</strong></span> 
     </span>
    </p>
   </div>
   <div class='ocr_carea' id='block_1_76' title="bbox 795 5774 2355 5847">
    <p class='ocr_par' dir='ltr' id='par_1_76' title="bbox 795 5774 2355 5847">
     <span class='ocr_line' id='line_1_76' title="bbox 795 5774 2355 5847; baseline -0.002 -16"><span class='ocrx_word' id='word_1_566' title='bbox 795 5776 928 5832; x_wconf 82' lang='lat' dir='ltr'><strong>mihi</strong></span> <span class='ocrx_word' id='word_1_567' title='bbox 968 5790 1065 5847; x_wconf 86' lang='lat' dir='ltr'><strong>pro</strong></span> <span class='ocrx_word' id='word_1_568' title='bbox 1108 5789 1227 5832; x_wconf 69' lang='lat' dir='ltr'><strong>mea</strong></span> <span class='ocrx_word' id='word_1_569' title='bbox 1278 5774 1457 5834; x_wconf 68' lang='lat' dir='ltr'><strong>anima</strong></span> <span class='ocrx_word' id='word_1_570' title='bbox 1488 5784 1541 5831; x_wconf 84' lang='lat' dir='ltr'><strong>et</strong></span> <span class='ocrx_word' id='word_1_571' title='bbox 1574 5789 1787 5841; x_wconf 74' lang='lat' dir='ltr'><strong>eorum,</strong></span> <span class='ocrx_word' id='word_1_572' title='bbox 1820 5777 1912 5844; x_wconf 85' lang='lat' dir='ltr'><strong>qui</strong></span> <span class='ocrx_word' id='word_1_573' title='bbox 1940 5786 2063 5833; x_wconf 84' lang='lat' dir='ltr'><strong>sunt</strong></span> <span class='ocrx_word' id='word_1_574' title='bbox 2110 5776 2355 5846; x_wconf 73' lang='lat' dir='ltr'><strong>ejusdem</strong></span> 
     </span>
    </p>
   </div>
   <div class='ocr_carea' id='block_1_77' title="bbox 2436 1900 4013 1984">
    <p class='ocr_par' dir='ltr' id='par_1_77' title="bbox 2436 1900 4013 1984">
     <span class='ocr_line' id='line_1_77' title="bbox 2436 1900 4013 1984; baseline -0.013 -16"><span class='ocrx_word' id='word_1_575' title='bbox 2436 1913 2689 1984; x_wconf 80' lang='grc' dir='ltr'>βασιλεὺς</span> <span class='ocrx_word' id='word_1_576' title='bbox 2721 1912 3014 1966; x_wconf 75' lang='grc' dir='ltr'>ἀποθανεῖν</span> <span class='ocrx_word' id='word_1_577' title='bbox 3054 1911 3180 1973; x_wconf 83' lang='grc' dir='ltr'>τοὺς</span> <span class='ocrx_word' id='word_1_578' title='bbox 3219 1908 3438 1977; x_wconf 79' lang='grc' dir='ltr'>σοφοὺς,</span> <span class='ocrx_word' id='word_1_579' title='bbox 3478 1908 3535 1958; x_wconf 88' lang='grc' dir='ltr'><strong>ἐν</strong></span> <span class='ocrx_word' id='word_1_580' title='bbox 3561 1903 3774 1964; x_wconf 80' lang='grc' dir='ltr'>τούτοις</span> <span class='ocrx_word' id='word_1_581' title='bbox 3813 1900 3872 1953; x_wconf 75' lang='grc' dir='ltr'>δὲ</span> <span class='ocrx_word' id='word_1_582' title='bbox 3919 1900 4013 1951; x_wconf 80' lang='grc' dir='ltr'>καὶ</span> 
     </span>
    </p>
   </div>
   <div class='ocr_carea' id='block_1_78' title="bbox 2434 1992 4013 2075">
    <p class='ocr_par' dir='ltr' id='par_1_78' title="bbox 2434 1992 4013 2075">
     <span class='ocr_line' id='line_1_78' title="bbox 2434 1992 4013 2075; baseline -0.011 -17"><span class='ocrx_word' id='word_1_583' title='bbox 2434 2006 2595 2059; x_wconf 73' lang='grc' dir='ltr'>αὐτὸν</span> <span class='ocrx_word' id='word_1_584' title='bbox 2637 2004 2776 2075; x_wconf 85' lang='grc' dir='ltr'>μετά</span> <span class='ocrx_word' id='word_1_585' title='bbox 2827 2003 2935 2056; x_wconf 82' lang='grc' dir='ltr'>τῶν</span> <span class='ocrx_word' id='word_1_586' title='bbox 2995 2001 3274 2070; x_wconf 79' lang='grc' dir='ltr'>συγγενῶν</span> <span class='ocrx_word' id='word_1_587' title='bbox 3330 1996 3685 2058; x_wconf 83' lang='grc' dir='ltr'><strong>κινδυνεύειν,</strong></span> <span class='ocrx_word' id='word_1_588' title='bbox 3722 1992 4013 2061; x_wconf 80' lang='grc' dir='ltr'>πρόσεισιν</span> 
     </span>
    </p>
   </div>
   <div class='ocr_carea' id='block_1_79' title="bbox 2448 2083 4014 2168">
    <p class='ocr_par' dir='ltr' id='par_1_79' title="bbox 2448 2083 4014 2168">
     <span class='ocr_line' id='line_1_79' title="bbox 2448 2083 4014 2168; baseline -0.011 -17"><span class='ocrx_word' id='word_1_589' title='bbox 2448 2098 2646 2168; x_wconf 83' lang='grc' dir='ltr'>Ἀριὼχ</span> <span class='ocrx_word' id='word_1_590' title='bbox 2676 2096 2754 2166; x_wconf 84' lang='grc' dir='ltr'>τῷ</span> <span class='ocrx_word' id='word_1_591' title='bbox 2789 2096 2884 2149; x_wconf 86' lang='grc' dir='ltr'>τοῦ</span> <span class='ocrx_word' id='word_1_592' title='bbox 2921 2093 3188 2165; x_wconf 81' lang='grc' dir='ltr'>βασιλέως</span> <span class='ocrx_word' id='word_1_593' title='bbox 3233 2088 3662 2160; x_wconf 83' lang='grc' dir='ltr'>σωματοφύλακι</span> <span class='ocrx_word' id='word_1_594' title='bbox 3700 2086 3795 2137; x_wconf 75' lang='grc' dir='ltr'><strong>καὶ</strong></span> <span class='ocrx_word' id='word_1_595' title='bbox 3842 2083 4014 2135; x_wconf 85' lang='grc' dir='ltr'>δεῖται</span> 
     </span>
    </p>
   </div>
   <div class='ocr_carea' id='block_1_80' title="bbox 2436 2175 4017 2261">
    <p class='ocr_par' dir='ltr' id='par_1_80' title="bbox 2436 2175 4017 2261">
     <span class='ocr_line' id='line_1_80' title="bbox 2436 2175 4017 2261; baseline -0.01 -17"><span class='ocrx_word' id='word_1_596' title='bbox 2436 2191 2565 2261; x_wconf 77' lang='grc' dir='ltr'>παρ’</span> <span class='ocrx_word' id='word_1_597' title='bbox 2592 2187 2757 2242; x_wconf 79' lang='grc' dir='ltr'>αὑτοῦ</span> <span class='ocrx_word' id='word_1_598' title='bbox 2791 2188 2890 2257; x_wconf 79' lang='grc' dir='ltr'><strong>τὴν</strong></span> <span class='ocrx_word' id='word_1_599' title='bbox 2924 2186 3105 2241; x_wconf 76' lang='grc' dir='ltr'>αἰτίαν</span> <span class='ocrx_word' id='word_1_600' title='bbox 3144 2184 3356 2253; x_wconf 81' lang='grc' dir='ltr'>μαθεῖν,</span> <span class='ocrx_word' id='word_1_601' title='bbox 3394 2179 3460 2232; x_wconf 83' lang='grc' dir='ltr'>δι’</span> <span class='ocrx_word' id='word_1_602' title='bbox 3488 2180 3554 2249; x_wconf 76' lang='grc' dir='ltr'>ἢν</span> <span class='ocrx_word' id='word_1_603' title='bbox 3589 2177 3732 2231; x_wconf 83' lang='grc' dir='ltr'>οὓτω</span> <span class='ocrx_word' id='word_1_604' title='bbox 3767 2175 3960 2237; x_wconf 83' lang='grc' dir='ltr'>κακῶς</span> <span class='ocrx_word' id='word_1_605' title='bbox 3988 2177 4017 2228; x_wconf 82' lang='grc' dir='ltr'><strong><em>ὁ</em></strong></span> 
     </span>
    </p>
   </div>
   <div class='ocr_carea' id='block_1_81' title="bbox 2440 2267 4017 2351">
    <p class='ocr_par' dir='ltr' id='par_1_81' title="bbox 2440 2267 4017 2351">
     <span class='ocr_line' id='line_1_81' title="bbox 2440 2267 4017 2351; baseline -0.011 -17"><span class='ocrx_word' id='word_1_606' title='bbox 2440 2280 2694 2351; x_wconf 77' lang='grc' dir='ltr'>βασιλεὺς</span> <span class='ocrx_word' id='word_1_607' title='bbox 2723 2282 2934 2338; x_wconf 76' lang='grc' dir='ltr'>πάντας</span> <span class='ocrx_word' id='word_1_608' title='bbox 2960 2276 3045 2345; x_wconf 70' lang='grc' dir='ltr'>εἴη</span> <span class='ocrx_word' id='word_1_609' title='bbox 3110 2272 3373 2334; x_wconf 82' lang='grc' dir='ltr'>κελεύσας</span> <span class='ocrx_word' id='word_1_610' title='bbox 3395 2269 3746 2341; x_wconf 81' lang='grc' dir='ltr'>ἀναιρεθῆναι</span> <span class='ocrx_word' id='word_1_611' title='bbox 3772 2267 3900 2327; x_wconf 76' lang='grc' dir='ltr'>τοὺς</span> <span class='ocrx_word' id='word_1_612' title='bbox 3928 2282 4017 2317; x_wconf 81' lang='grc' dir='ltr'>σο-</span> 
     </span>
    </p>
   </div>
   <div class='ocr_carea' id='block_1_82' title="bbox 2440 2356 4017 2439">
    <p class='ocr_par' dir='ltr' id='par_1_82' title="bbox 2440 2356 4017 2439">
     <span class='ocr_line' id='line_1_82' title="bbox 2440 2356 4017 2439; baseline -0.01 -17"><span class='ocrx_word' id='word_1_613' title='bbox 2440 2370 2572 2439; x_wconf 89' lang='grc' dir='ltr'>φούς</span> <span class='ocrx_word' id='word_1_614' title='bbox 2604 2385 2664 2422; x_wconf 90' lang='grc' dir='ltr'><strong>τε</strong></span> <span class='ocrx_word' id='word_1_615' title='bbox 2701 2370 2797 2422; x_wconf 73' lang='grc' dir='ltr'>καὶ</span> <span class='ocrx_word' id='word_1_616' title='bbox 2824 2365 3125 2425; x_wconf 74' lang='grc' dir='ltr'>Χαλδαίους</span> <span class='ocrx_word' id='word_1_617' title='bbox 3161 2364 3256 2416; x_wconf 73' lang='grc' dir='ltr'><strong>καὶ</strong></span> <span class='ocrx_word' id='word_1_618' title='bbox 3288 2362 3499 2432; x_wconf 81' lang='grc' dir='ltr'>μάγους</span> <span class='ocrx_word' id='word_1_619' title='bbox 3523 2376 3537 2390; x_wconf 76' lang='grc'><strong><em>⁸</em></strong></span> <span class='ocrx_word' id='word_1_620' title='bbox 3572 2361 3666 2412; x_wconf 79' lang='grc' dir='ltr'><strong>καὶ</strong></span> <span class='ocrx_word' id='word_1_621' title='bbox 3712 2356 3904 2428; x_wconf 86' lang='grc' dir='ltr'>μαθὼν</span> <span class='ocrx_word' id='word_1_622' title='bbox 3947 2356 4017 2406; x_wconf 72' lang='grc' dir='ltr'>τὰ</span> 
     </span>
    </p>
   </div>
   <div class='ocr_carea' id='block_1_83' title="bbox 2439 2446 4017 2533">
    <p class='ocr_par' dir='ltr' id='par_1_83' title="bbox 2439 2446 4017 2533">
     <span class='ocr_line' id='line_1_83' title="bbox 2439 2446 4017 2533; baseline -0.013 -16"><span class='ocrx_word' id='word_1_623' title='bbox 2439 2463 2570 2533; x_wconf 74' lang='grc' dir='ltr'>περὶ</span> <span class='ocrx_word' id='word_1_624' title='bbox 2609 2461 2701 2515; x_wconf 76' lang='grc' dir='ltr'>τοῦ</span> <span class='ocrx_word' id='word_1_625' title='bbox 2738 2459 2989 2514; x_wconf 77' lang='grc' dir='ltr'>ἐνυπνίου</span> <span class='ocrx_word' id='word_1_626' title='bbox 3046 2458 3141 2511; x_wconf 80' lang='grc' dir='ltr'>καὶ</span> <span class='ocrx_word' id='word_1_627' title='bbox 3188 2457 3268 2508; x_wconf 82' lang='grc' dir='ltr'>ὅτι</span> <span class='ocrx_word' id='word_1_628' title='bbox 3330 2452 3718 2513; x_wconf 83' lang='grc' dir='ltr'>κελευσθέντες</span> <span class='ocrx_word' id='word_1_629' title='bbox 3765 2449 3873 2503; x_wconf 77' lang='grc' dir='ltr'><strong>ὑπὸ</strong></span> <span class='ocrx_word' id='word_1_630' title='bbox 3918 2446 4017 2498; x_wconf 83' lang='grc' dir='ltr'>τοῦ</span> 
     </span>
    </p>
   </div>
   <div class='ocr_carea' id='block_1_84' title="bbox 2440 2538 4013 2625">
    <p class='ocr_par' dir='ltr' id='par_1_84' title="bbox 2440 2538 4013 2625">
     <span class='ocr_line' id='line_1_84' title="bbox 2440 2538 4013 2625; baseline -0.012 -16"><span class='ocrx_word' id='word_1_631' title='bbox 2440 2555 2701 2625; x_wconf 73' lang='grc' dir='ltr'>βασιλέως</span> <span class='ocrx_word' id='word_1_632' title='bbox 2734 2552 2876 2605; x_wconf 82' lang='grc' dir='ltr'>τοῦτ’</span> <span class='ocrx_word' id='word_1_633' title='bbox 2902 2550 3049 2619; x_wconf 81' lang='grc' dir='ltr'>αὐτῷ</span> <span class='ocrx_word' id='word_1_634' title='bbox 3074 2548 3266 2618; x_wconf 70' lang='grc' dir='ltr'>δηλοῦν</span> <span class='ocrx_word' id='word_1_635' title='bbox 3294 2544 3724 2615; x_wconf 68' lang='grc' dir='ltr'>ἐπιλελησμένον</span> <span class='ocrx_word' id='word_1_636' title='bbox 3750 2540 3828 2609; x_wconf 79' lang='grc' dir='ltr'>μὴ</span> <span class='ocrx_word' id='word_1_637' title='bbox 3853 2538 4013 2591; x_wconf 87' lang='grc' dir='ltr'>δύνα-</span> 
     </span>
    </p>
   </div>
   <div class='ocr_carea' id='block_1_85' title="bbox 2441 2628 4013 2706">
    <p class='ocr_par' dir='ltr' id='par_1_85' title="bbox 2441 2628 4013 2706">
     <span class='ocr_line' id='line_1_85' title="bbox 2441 2628 4013 2706; baseline -0.013 -6"><span class='ocrx_word' id='word_1_638' title='bbox 2441 2647 2567 2700; x_wconf 87' lang='grc' dir='ltr'>σθαι</span> <span class='ocrx_word' id='word_1_639' title='bbox 2593 2642 2779 2698; x_wconf 75' lang='grc' dir='ltr'>εἷπον·</span> <span class='ocrx_word' id='word_1_640' title='bbox 2810 2643 2905 2693; x_wconf 74' lang='grc' dir='ltr'><strong>καὶ</strong></span> <span class='ocrx_word' id='word_1_641' title='bbox 2931 2642 3019 2692; x_wconf 71' lang='grc' dir='ltr'>διὰ</span> <span class='ocrx_word' id='word_1_642' title='bbox 3041 2639 3215 2690; x_wconf 76' lang='grc' dir='ltr'>ταῦτα</span> <span class='ocrx_word' id='word_1_643' title='bbox 3248 2640 3381 2706; x_wconf 66' lang='grc' dir='ltr'>πρὸς</span> <span class='ocrx_word' id='word_1_644' title='bbox 3416 2636 3587 2705; x_wconf 75' lang='grc' dir='ltr'>ὀργὴν</span> <span class='ocrx_word' id='word_1_645' title='bbox 3619 2632 3885 2701; x_wconf 76' lang='grc' dir='ltr'>κινηθεὶς,</span> <span class='ocrx_word' id='word_1_646' title='bbox 3915 2628 4013 2681; x_wconf 76' lang='grc' dir='ltr'><strong>θά-</strong></span> 
     </span>
    </p>
   </div>
   <div class='ocr_carea' id='block_1_86' title="bbox 2441 2720 4017 2803">
    <p class='ocr_par' dir='ltr' id='par_1_86' title="bbox 2441 2720 4017 2803">
     <span class='ocr_line' id='line_1_86' title="bbox 2441 2720 4017 2803; baseline -0.013 -11"><span class='ocrx_word' id='word_1_647' title='bbox 2441 2756 2600 2792; x_wconf 90' lang='grc' dir='ltr'>νατον</span> <span class='ocrx_word' id='word_1_648' title='bbox 2632 2734 2810 2790; x_wconf 78' lang='grc' dir='ltr'>αὐτῶν</span> <span class='ocrx_word' id='word_1_649' title='bbox 2842 2733 3184 2803; x_wconf 88' lang='grc' dir='ltr'>κατακρίνοι,</span> <span class='ocrx_word' id='word_1_650' title='bbox 3207 2732 3361 2797; x_wconf 77' lang='grc' dir='ltr'>ἠξίου</span> <span class='ocrx_word' id='word_1_651' title='bbox 3386 2729 3477 2780; x_wconf 83' lang='grc' dir='ltr'><strong>τὸν</strong></span> <span class='ocrx_word' id='word_1_652' title='bbox 3516 2725 3720 2795; x_wconf 79' lang='grc' dir='ltr'>Ἀριὼχ</span> <span class='ocrx_word' id='word_1_653' title='bbox 3747 2720 4017 2775; x_wconf 77' lang='grc' dir='ltr'>εἰσελθόν-</span> 
     </span>
    </p>
   </div>
   <div class='ocr_carea' id='block_1_87' title="bbox 2440 2814 4016 2899">
    <p class='ocr_par' dir='ltr' id='par_1_87' title="bbox 2440 2814 4016 2899">
     <span class='ocr_line' id='line_1_87' title="bbox 2440 2814 4016 2899; baseline -0.011 -14"><span class='ocrx_word' id='word_1_654' title='bbox 2440 2848 2509 2885; x_wconf 87' lang='grc' dir='ltr'><strong>τα</strong></span> <span class='ocrx_word' id='word_1_655' title='bbox 2539 2829 2674 2899; x_wconf 75' lang='grc' dir='ltr'>πρὺς</span> <span class='ocrx_word' id='word_1_656' title='bbox 2703 2828 2794 2881; x_wconf 79' lang='grc' dir='ltr'><strong>τὸν</strong></span> <span class='ocrx_word' id='word_1_657' title='bbox 2823 2825 3049 2896; x_wconf 83' lang='grc' dir='ltr'>βασιλέα</span> <span class='ocrx_word' id='word_1_658' title='bbox 3080 2822 3206 2894; x_wconf 84' lang='grc' dir='ltr'>μίαν</span> <span class='ocrx_word' id='word_1_659' title='bbox 3224 2817 3548 2891; x_wconf 82' lang='grc' dir='ltr'>αἰτήσασθαι</span> <span class='ocrx_word' id='word_1_660' title='bbox 3568 2818 3740 2889; x_wconf 83' lang='grc' dir='ltr'>νύκτα</span> <span class='ocrx_word' id='word_1_661' title='bbox 3760 2817 3872 2877; x_wconf 81' lang='grc' dir='ltr'>τοῖς</span> <span class='ocrx_word' id='word_1_662' title='bbox 3906 2814 4016 2883; x_wconf 82' lang='grc' dir='ltr'>μά·</span> 
     </span>
    </p>
   </div>
   <div class='ocr_carea' id='block_1_88' title="bbox 2441 2909 4013 2994">
    <p class='ocr_par' dir='ltr' id='par_1_88' title="bbox 2441 2909 4013 2994">
     <span class='ocr_line' id='line_1_88' title="bbox 2441 2909 4013 2994; baseline -0.011 -16"><span class='ocrx_word' id='word_1_663' title='bbox 2441 2942 2560 2994; x_wconf 84' lang='grc' dir='ltr'>γοις</span> <span class='ocrx_word' id='word_1_664' title='bbox 2592 2920 2874 2991; x_wconf 71' lang='grc' dir='ltr'>καὶταύτῃ</span> <span class='ocrx_word' id='word_1_665' title='bbox 2898 2918 2996 2988; x_wconf 84' lang='grc' dir='ltr'>τὴν</span> <span class='ocrx_word' id='word_1_666' title='bbox 3020 2917 3298 2985; x_wconf 79' lang='grc' dir='ltr'>ἀναίρεσιν</span> <span class='ocrx_word' id='word_1_667' title='bbox 3322 2914 3595 2982; x_wconf 76' lang='grc' dir='ltr'>ἐπισχεῖνο</span> <span class='ocrx_word' id='word_1_668' title='bbox 3627 2909 3871 2969; x_wconf 77' lang='grc' dir='ltr'>ἐλπίζειν</span> <span class='ocrx_word' id='word_1_669' title='bbox 3903 2910 4013 2977; x_wconf 76' lang='grc' dir='ltr'>γὰρ</span> 
     </span>
    </p>
   </div>
   <div class='ocr_carea' id='block_1_89' title="bbox 2440 3000 4016 3081">
    <p class='ocr_par' dir='ltr' id='par_1_89' title="bbox 2440 3000 4016 3081">
     <span class='ocr_line' id='line_1_89' title="bbox 2440 3000 4016 3081; baseline -0.013 -10"><span class='ocrx_word' id='word_1_670' title='bbox 2440 3018 2529 3071; x_wconf 63' lang='grc' dir='ltr'><strong>διὰ</strong></span> <span class='ocrx_word' id='word_1_671' title='bbox 2555 3015 2783 3081; x_wconf 88' lang='grc' dir='ltr'>ταύτην,</span> <span class='ocrx_word' id='word_1_672' title='bbox 2811 3012 3037 3079; x_wconf 81' lang='grc' dir='ltr'>ἔφασκε,</span> <span class='ocrx_word' id='word_1_673' title='bbox 3070 3008 3280 3079; x_wconf 80' lang='grc' dir='ltr'>δεηθεὶς</span> <span class='ocrx_word' id='word_1_674' title='bbox 3312 3005 3405 3059; x_wconf 83' lang='grc' dir='ltr'>τοῦ</span> <span class='ocrx_word' id='word_1_675' title='bbox 3426 3002 3583 3066; x_wconf 80' lang='grc' dir='ltr'>θεοῦ,</span> <span class='ocrx_word' id='word_1_676' title='bbox 3616 3000 3920 3070; x_wconf 82' lang='grc' dir='ltr'>γνώσεσθαι</span> <span class='ocrx_word' id='word_1_677' title='bbox 3955 3003 4016 3051; x_wconf 68' lang='grc' dir='ltr'><strong>τὸ</strong></span> 
     </span>
    </p>
   </div>
   <div class='ocr_carea' id='block_1_90' title="bbox 2445 3091 4017 3171">
    <p class='ocr_par' dir='ltr' id='par_1_90' title="bbox 2445 3091 4017 3171">
     <span class='ocr_line' id='line_1_90' title="bbox 2445 3091 4017 3171; baseline -0.012 -10"><span class='ocrx_word' id='word_1_678' title='bbox 2445 3106 2727 3161; x_wconf 79' lang='grc' dir='ltr'>ἐνύπνιονο</span> <span class='ocrx_word' id='word_1_679' title='bbox 2756 3103 2845 3156; x_wconf 64' lang='grc' dir='ltr'><strong>καὶ</strong></span> <span class='ocrx_word' id='word_1_680' title='bbox 2879 3104 2907 3154; x_wconf 80' lang='grc' dir='ltr'>ὀ</span> <span class='ocrx_word' id='word_1_681' title='bbox 2949 3101 3047 3171; x_wconf 77' lang='grc' dir='ltr'><strong>μὲν</strong></span> <span class='ocrx_word' id='word_1_682' title='bbox 3093 3099 3233 3151; x_wconf 83' lang='grc' dir='ltr'>κατὰ</span> <span class='ocrx_word' id='word_1_683' title='bbox 3273 3099 3435 3167; x_wconf 84' lang='grc' dir='ltr'>τάχος</span> <span class='ocrx_word' id='word_1_684' title='bbox 3479 3093 3793 3164; x_wconf 82' lang='grc' dir='ltr'>ἀπήγγελλε</span> <span class='ocrx_word' id='word_1_685' title='bbox 3842 3091 4017 3145; x_wconf 80' lang='grc' dir='ltr'>ταῦτα</span> 
     </span>
    </p>
   </div>
   <div class='ocr_carea' id='block_1_91' title="bbox 2447 3183 4018 3269">
    <p class='ocr_par' dir='ltr' id='par_1_91' title="bbox 2447 3183 4018 3269">
     <span class='ocr_line' id='line_1_91' title="bbox 2447 3183 4018 3269; baseline -0.011 -17"><span class='ocrx_word' id='word_1_686' title='bbox 2447 3199 2525 3269; x_wconf 83' lang='grc' dir='ltr'>τῷ</span> <span class='ocrx_word' id='word_1_687' title='bbox 2553 3196 2797 3268; x_wconf 82' lang='grc' dir='ltr'>βασιλεῖ·</span> <span class='ocrx_word' id='word_1_688' title='bbox 2827 3197 2853 3247; x_wconf 87' lang='grc' dir='ltr'>ὁ</span> <span class='ocrx_word' id='word_1_689' title='bbox 2890 3195 2945 3246; x_wconf 88' lang='grc' dir='ltr'><strong>δέ</strong></span> <span class='ocrx_word' id='word_1_690' title='bbox 2978 3192 3171 3262; x_wconf 84' lang='grc' dir='ltr'>μαθεῖν</span> <span class='ocrx_word' id='word_1_691' title='bbox 3204 3192 3308 3260; x_wconf 75' lang='grc' dir='ltr'>ἄρα</span> <span class='ocrx_word' id='word_1_692' title='bbox 3333 3189 3677 3258; x_wconf 80' lang='grc' dir='ltr'>γλιχόμενος,</span> <span class='ocrx_word' id='word_1_693' title='bbox 3712 3184 3794 3246; x_wconf 86' lang='grc' dir='ltr'><strong>τίς</strong></span> <span class='ocrx_word' id='word_1_694' title='bbox 3836 3186 3870 3253; x_wconf 84' lang='grc' dir='ltr'><strong>ἡ</strong></span> <span class='ocrx_word' id='word_1_695' title='bbox 3896 3183 4018 3249; x_wconf 71' lang='grc' dir='ltr'>δψις</span> 
     </span>
    </p>
   </div>
   <div class='ocr_carea' id='block_1_92' title="bbox 2447 3276 4019 3357">
    <p class='ocr_par' dir='ltr' id='par_1_92' title="bbox 2447 3276 4019 3357">
     <span class='ocr_line' id='line_1_92' title="bbox 2447 3276 4019 3357; baseline -0.011 -10"><span class='ocrx_word' id='word_1_696' title='bbox 2447 3295 2543 3347; x_wconf 76' lang='grc' dir='ltr'>καὶ</span> <span class='ocrx_word' id='word_1_697' title='bbox 2568 3291 2650 3353; x_wconf 87' lang='grc' dir='ltr'><strong>τίς</strong></span> <span class='ocrx_word' id='word_1_698' title='bbox 2682 3289 2884 3357; x_wconf 79' lang='grc' dir='ltr'>ταύτης</span> <span class='ocrx_word' id='word_1_699' title='bbox 2926 3290 2958 3355; x_wconf 81' lang='grc' dir='ltr'><strong>ἡ</strong></span> <span class='ocrx_word' id='word_1_700' title='bbox 2998 3285 3307 3351; x_wconf 72' lang='grc' dir='ltr'>σύγκρισις,</span> <span class='ocrx_word' id='word_1_701' title='bbox 3350 3281 3561 3332; x_wconf 77' lang='grc' dir='ltr'>κελεύει</span> <span class='ocrx_word' id='word_1_702' title='bbox 3608 3280 3709 3348; x_wconf 80' lang='grc' dir='ltr'>τὴν</span> <span class='ocrx_word' id='word_1_703' title='bbox 3740 3276 4019 3348; x_wconf 78' lang='grc' dir='ltr'>αναίρεσιν</span> 
     </span>
    </p>
   </div>
   <div class='ocr_carea' id='block_1_93' title="bbox 2446 3368 4018 3450">
    <p class='ocr_par' dir='ltr' id='par_1_93' title="bbox 2446 3368 4018 3450">
     <span class='ocr_line' id='line_1_93' title="bbox 2446 3368 4018 3450; baseline -0.011 -15"><span class='ocrx_word' id='word_1_704' title='bbox 2446 3382 2555 3436; x_wconf 84' lang='grc' dir='ltr'>τῶν</span> <span class='ocrx_word' id='word_1_705' title='bbox 2616 3381 2807 3450; x_wconf 79' lang='grc' dir='ltr'>μάγων</span> <span class='ocrx_word' id='word_1_706' title='bbox 2858 3374 3235 3445; x_wconf 76' lang='grc' dir='ltr'>ἐπισχεθῆναι,</span> <span class='ocrx_word' id='word_1_707' title='bbox 3271 3373 3372 3435; x_wconf 80' lang='grc' dir='ltr'><strong>ἓως</strong></span> <span class='ocrx_word' id='word_1_708' title='bbox 3411 3371 3542 3440; x_wconf 82' lang='grc' dir='ltr'>γνῷ,</span> <span class='ocrx_word' id='word_1_709' title='bbox 3584 3370 3728 3430; x_wconf 89' lang='grc' dir='ltr'>τίνες</span> <span class='ocrx_word' id='word_1_710' title='bbox 3778 3369 3828 3420; x_wconf 84' lang='grc' dir='ltr'><strong>οῖ</strong></span> <span class='ocrx_word' id='word_1_711' title='bbox 3870 3368 4018 3434; x_wconf 83' lang='grc' dir='ltr'>λόγοι</span> 
     </span>
    </p>
   </div>
   <div class='ocr_carea' id='block_1_94' title="bbox 2448 3459 4021 3540">
    <p class='ocr_par' dir='ltr' id='par_1_94' title="bbox 2448 3459 4021 3540">
     <span class='ocr_line' id='line_1_94' title="bbox 2448 3459 4021 3540; baseline -0.007 -15"><span class='ocrx_word' id='word_1_712' title='bbox 2448 3473 2541 3526; x_wconf 82' lang='grc' dir='ltr'><strong>τοῦ</strong></span> <span class='ocrx_word' id='word_1_713' title='bbox 2567 3471 2784 3540; x_wconf 80' lang='grc' dir='ltr'>Δανιὴλ,</span> <span class='ocrx_word' id='word_1_714' title='bbox 2810 3470 2901 3521; x_wconf 73' lang='grc' dir='ltr'>καὶ</span> <span class='ocrx_word' id='word_1_715' title='bbox 2933 3470 3013 3530; x_wconf 78' lang='grc' dir='ltr'><strong>τίς</strong></span> <span class='ocrx_word' id='word_1_716' title='bbox 3044 3467 3107 3520; x_wconf 81' lang='grc' dir='ltr'>ἂν</span> <span class='ocrx_word' id='word_1_717' title='bbox 3142 3468 3173 3537; x_wconf 85' lang='grc' dir='ltr'><strong>ή</strong></span> <span class='ocrx_word' id='word_1_718' title='bbox 3209 3467 3339 3535; x_wconf 80' lang='grc' dir='ltr'>παρ’</span> <span class='ocrx_word' id='word_1_719' title='bbox 3371 3465 3553 3526; x_wconf 74' lang='grc' dir='ltr'>αὐτοῖς</span> <span class='ocrx_word' id='word_1_720' title='bbox 3579 3463 3661 3532; x_wconf 80' lang='grc' dir='ltr'>εἴη</span> <span class='ocrx_word' id='word_1_721' title='bbox 3680 3462 3932 3530; x_wconf 80' lang='grc' dir='ltr'>δύναμις.</span> <span class='ocrx_word' id='word_1_722' title='bbox 3961 3459 4021 3514; x_wconf 84' lang='lat'><strong>&#39;0</strong></span> 
     </span>
    </p>
   </div>
   <div class='ocr_carea' id='block_1_95' title="bbox 2451 3555 4018 3635">
    <p class='ocr_par' dir='ltr' id='par_1_95' title="bbox 2451 3555 4018 3635">
     <span class='ocr_line' id='line_1_95' title="bbox 2451 3555 4018 3635; baseline -0.008 -17"><span class='ocrx_word' id='word_1_723' title='bbox 2451 3564 2718 3635; x_wconf 79' lang='grc' dir='ltr'>μακάριος</span> <span class='ocrx_word' id='word_1_724' title='bbox 2756 3557 2908 3624; x_wconf 73' lang='grc' dir='ltr'>οὗτος</span> <span class='ocrx_word' id='word_1_725' title='bbox 2946 3563 3124 3614; x_wconf 78' lang='grc' dir='ltr'>τοίνυν</span> <span class='ocrx_word' id='word_1_726' title='bbox 3162 3559 3297 3624; x_wconf 73' lang='grc' dir='ltr'>μετὰ</span> <span class='ocrx_word' id='word_1_727' title='bbox 3334 3556 3441 3611; x_wconf 78' lang='grc' dir='ltr'><strong>τῶν</strong></span> <span class='ocrx_word' id='word_1_728' title='bbox 3480 3555 3759 3624; x_wconf 78' lang='grc' dir='ltr'>συγγενῶν</span> <span class='ocrx_word' id='word_1_729' title='bbox 3803 3556 4018 3623; x_wconf 81' lang='grc' dir='ltr'>ὑποχω-</span> 
     </span>
    </p>
   </div>
   <div class='ocr_carea' id='block_1_96' title="bbox 2449 3647 4021 3730">
    <p class='ocr_par' dir='ltr' id='par_1_96' title="bbox 2449 3647 4021 3730">
     <span class='ocr_line' id='line_1_96' title="bbox 2449 3647 4021 3730; baseline -0.01 -20"><span class='ocrx_word' id='word_1_730' title='bbox 2449 3660 2621 3730; x_wconf 85' lang='grc' dir='ltr'>ρήσας</span> <span class='ocrx_word' id='word_1_731' title='bbox 2654 3655 2792 3726; x_wconf 69' lang='grc' dir='ltr'>πρὸς</span> <span class='ocrx_word' id='word_1_732' title='bbox 2820 3655 3032 3717; x_wconf 76' lang='grc' dir='ltr'>ἑαυτὸν,</span> <span class='ocrx_word' id='word_1_733' title='bbox 3067 3654 3135 3705; x_wconf 84' lang='grc' dir='ltr'>δι’</span> <span class='ocrx_word' id='word_1_734' title='bbox 3165 3652 3292 3718; x_wconf 80' lang='grc' dir='ltr'>ὅλης</span> <span class='ocrx_word' id='word_1_735' title='bbox 3330 3650 3539 3702; x_wconf 69' lang='grc' dir='ltr'>ἱκέτευε</span> <span class='ocrx_word' id='word_1_736' title='bbox 3579 3649 3674 3715; x_wconf 75' lang='grc' dir='ltr'><strong>τῆς</strong></span> <span class='ocrx_word' id='word_1_737' title='bbox 3702 3647 3901 3707; x_wconf 72' lang='grc' dir='ltr'>νυκτὸς</span> <span class='ocrx_word' id='word_1_738' title='bbox 3929 3647 4021 3695; x_wconf 68' lang='grc' dir='ltr'>τὸν</span> 
     </span>
    </p>
   </div>
   <div class='ocr_carea' id='block_1_97' title="bbox 2448 3732 4017 3809">
    <p class='ocr_par' dir='ltr' id='par_1_97' title="bbox 2448 3732 4017 3809">
     <span class='ocr_line' id='line_1_97' title="bbox 2448 3732 4017 3809; baseline -0.012 -10"><span class='ocrx_word' id='word_1_739' title='bbox 2448 3749 2605 3809; x_wconf 70' lang='grc' dir='ltr'>Θεὸν,</span> <span class='ocrx_word' id='word_1_740' title='bbox 2642 3746 2812 3796; x_wconf 84' lang='grc' dir='ltr'>σῶσαι</span> <span class='ocrx_word' id='word_1_741' title='bbox 2841 3745 2935 3795; x_wconf 60' lang='grc' dir='ltr'><strong>διαὶ⁷</strong></span> <span class='ocrx_word' id='word_1_742' title='bbox 2972 3742 3099 3801; x_wconf 76' lang='grc' dir='ltr'>τοὺς</span> <span class='ocrx_word' id='word_1_743' title='bbox 3143 3739 3351 3807; x_wconf 80' lang='grc' dir='ltr'>μάγους</span> <span class='ocrx_word' id='word_1_744' title='bbox 3396 3736 3490 3787; x_wconf 80' lang='grc' dir='ltr'>καὶ</span> <span class='ocrx_word' id='word_1_745' title='bbox 3538 3734 3661 3793; x_wconf 71' lang='grc' dir='ltr'>τοὺς</span> <span class='ocrx_word' id='word_1_746' title='bbox 3696 3732 4017 3791; x_wconf 77' lang='grc' dir='ltr'>Χαλδαίους,</span> 
     </span>
    </p>
   </div>
   <div class='ocr_carea' id='block_1_98' title="bbox 2449 3821 4019 3908">
    <p class='ocr_par' dir='ltr' id='par_1_98' title="bbox 2449 3821 4019 3908">
     <span class='ocr_line' id='line_1_98' title="bbox 2449 3821 4019 3908; baseline -0.014 -15"><span class='ocrx_word' id='word_1_747' title='bbox 2449 3834 2530 3903; x_wconf 75' lang='grc' dir='ltr'>οἷς</span> <span class='ocrx_word' id='word_1_748' title='bbox 2566 3838 2632 3908; x_wconf 84' lang='grc' dir='ltr'>δὴ</span> <span class='ocrx_word' id='word_1_749' title='bbox 2664 3837 2756 3889; x_wconf 78' lang='grc' dir='ltr'>καὶ</span> <span class='ocrx_word' id='word_1_750' title='bbox 2786 3834 2947 3896; x_wconf 77' lang='grc' dir='ltr'>αὐτὸς</span> <span class='ocrx_word' id='word_1_751' title='bbox 2980 3830 3160 3901; x_wconf 86' lang='grc' dir='ltr'>μέλλει</span> <span class='ocrx_word' id='word_1_752' title='bbox 3189 3826 3605 3891; x_wconf 83' lang='grc' dir='ltr'>συναπολέσθαι,</span> <span class='ocrx_word' id='word_1_753' title='bbox 3625 3822 3719 3877; x_wconf 77' lang='grc' dir='ltr'>καὶ</span> <span class='ocrx_word' id='word_1_754' title='bbox 3756 3821 4019 3891; x_wconf 76' lang='grc' dir='ltr'>ῥύσασθαι</span> 
     </span>
    </p>
   </div>
   <div class='ocr_carea' id='block_1_99' title="bbox 2449 3910 4023 4000">
    <p class='ocr_par' dir='ltr' id='par_1_99' title="bbox 2449 3910 4023 4000">
     <span class='ocr_line' id='line_1_99' title="bbox 2449 3910 4023 4000; baseline -0.014 -15"><span class='ocrx_word' id='word_1_755' title='bbox 2449 3933 2545 4000; x_wconf 78' lang='grc' dir='ltr'>τῆς</span> <span class='ocrx_word' id='word_1_756' title='bbox 2580 3928 2674 3983; x_wconf 81' lang='grc' dir='ltr'>τοῦ</span> <span class='ocrx_word' id='word_1_757' title='bbox 2698 3926 2964 4000; x_wconf 84' lang='grc' dir='ltr'>βασιλέως</span> <span class='ocrx_word' id='word_1_758' title='bbox 2986 3923 3154 3995; x_wconf 83' lang='grc' dir='ltr'>ὀργῆς</span> <span class='ocrx_word' id='word_1_759' title='bbox 3180 3920 3559 3992; x_wconf 86' lang='grc' dir='ltr'>ἐμφανίσαντα</span> <span class='ocrx_word' id='word_1_760' title='bbox 3591 3916 3690 3986; x_wconf 81' lang='grc' dir='ltr'>τὴν</span> <span class='ocrx_word' id='word_1_761' title='bbox 3719 3914 3845 3984; x_wconf 67' lang='grc' dir='ltr'>δψιν</span> <span class='ocrx_word' id='word_1_762' title='bbox 3878 3910 4023 3983; x_wconf 77' lang='grc' dir='ltr'>αὐτῷ</span> 
     </span>
    </p>
   </div>
   <div class='ocr_carea' id='block_1_100' title="bbox 2450 4007 4023 4091">
    <p class='ocr_par' dir='ltr' id='par_1_100' title="bbox 2450 4007 4023 4091">
     <span class='ocr_line' id='line_1_100' title="bbox 2450 4007 4023 4091; baseline -0.011 -16"><span class='ocrx_word' id='word_1_763' title='bbox 2450 4025 2546 4075; x_wconf 68' lang='grc' dir='ltr'><strong>καὶ</strong></span> <span class='ocrx_word' id='word_1_764' title='bbox 2576 4024 2877 4091; x_wconf 78' lang='grc' dir='ltr'>ποιήσαντα</span> <span class='ocrx_word' id='word_1_765' title='bbox 2903 4018 3088 4086; x_wconf 81' lang='grc' dir='ltr'>δήλην,</span> <span class='ocrx_word' id='word_1_766' title='bbox 3123 4012 3190 4087; x_wconf 82' lang='grc' dir='ltr'>ἦς</span> <span class='ocrx_word' id='word_1_767' title='bbox 3233 4015 3261 4066; x_wconf 79' lang='grc' dir='ltr'><strong><em>ὁ</em></strong></span> <span class='ocrx_word' id='word_1_768' title='bbox 3303 4012 3556 4082; x_wconf 78' lang='grc' dir='ltr'>βασιλεὺς</span> <span class='ocrx_word' id='word_1_769' title='bbox 3605 4008 3961 4076; x_wconf 78' lang='grc' dir='ltr'>ἐπιλέληστο’</span> <span class='ocrx_word' id='word_1_770' title='bbox 3995 4007 4023 4057; x_wconf 85' lang='grc' dir='ltr'>ὁ</span> 
     </span>
    </p>
   </div>
   <div class='ocr_carea' id='block_1_101' title="bbox 2452 4097 4021 4179">
    <p class='ocr_par' dir='ltr' id='par_1_101' title="bbox 2452 4097 4021 4179">
     <span class='ocr_line' id='line_1_101' title="bbox 2452 4097 4021 4179; baseline -0.013 -12"><span class='ocrx_word' id='word_1_771' title='bbox 2452 4114 2506 4168; x_wconf 76' lang='grc' dir='ltr'>δὲ</span> <span class='ocrx_word' id='word_1_772' title='bbox 2542 4112 2672 4174; x_wconf 81' lang='grc' dir='ltr'>Θεὸς</span> <span class='ocrx_word' id='word_1_773' title='bbox 2711 4111 2829 4179; x_wconf 75' lang='grc' dir='ltr'>ἅμα</span> <span class='ocrx_word' id='word_1_774' title='bbox 2862 4109 2987 4170; x_wconf 89' lang='grc' dir='ltr'>τούς</span> <span class='ocrx_word' id='word_1_775' title='bbox 3020 4124 3077 4159; x_wconf 91' lang='grc' dir='ltr'><strong>τε</strong></span> <span class='ocrx_word' id='word_1_776' title='bbox 3111 4105 3521 4162; x_wconf 87' lang='grc' dir='ltr'>κινδυνεύοντας</span> <span class='ocrx_word' id='word_1_777' title='bbox 3548 4101 3778 4168; x_wconf 77' lang='grc' dir='ltr'>ἐλεήσας</span> <span class='ocrx_word' id='word_1_778' title='bbox 3811 4099 3907 4150; x_wconf 78' lang='grc' dir='ltr'><strong>καὶ</strong></span> <span class='ocrx_word' id='word_1_779' title='bbox 3934 4097 4021 4151; x_wconf 68' lang='grc' dir='ltr'>τὸν</span> 
     </span>
    </p>
   </div>
   <div class='ocr_carea' id='block_1_102' title="bbox 2452 4190 4020 4276">
    <p class='ocr_par' dir='ltr' id='par_1_102' title="bbox 2452 4190 4020 4276">
     <span class='ocr_line' id='line_1_102' title="bbox 2452 4190 4020 4276; baseline -0.015 -14"><span class='ocrx_word' id='word_1_780' title='bbox 2452 4205 2618 4262; x_wconf 75' lang='grc' dir='ltr'>αὑτοῦ</span> <span class='ocrx_word' id='word_1_781' title='bbox 2651 4203 2938 4276; x_wconf 86' lang='grc' dir='ltr'>προφήτην</span> <span class='ocrx_word' id='word_1_782' title='bbox 2973 4198 3193 4264; x_wconf 80' lang='grc' dir='ltr'>δοξάσαι</span> <span class='ocrx_word' id='word_1_783' title='bbox 3225 4196 3567 4267; x_wconf 80' lang='grc' dir='ltr'>βουλόμενος,</span> <span class='ocrx_word' id='word_1_784' title='bbox 3590 4190 3651 4245; x_wconf 89' lang='grc' dir='ltr'>τό</span> <span class='ocrx_word' id='word_1_785' title='bbox 3676 4207 3734 4243; x_wconf 90' lang='grc' dir='ltr'><strong>τε</strong></span> <span class='ocrx_word' id='word_1_786' title='bbox 3757 4190 3894 4259; x_wconf 83' lang='grc' dir='ltr'>δναρ</span> <span class='ocrx_word' id='word_1_787' title='bbox 3922 4192 4020 4241; x_wconf 81' lang='grc' dir='ltr'>αύ-</span> 
     </span>
    </p>
   </div>
   <div class='ocr_carea' id='block_1_103' title="bbox 2454 4284 4017 4368">
    <p class='ocr_par' dir='ltr' id='par_1_103' title="bbox 2454 4284 4017 4368">
     <span class='ocr_line' id='line_1_103' title="bbox 2454 4284 4017 4368; baseline -0.012 -16"><span class='ocrx_word' id='word_1_788' title='bbox 2454 4299 2528 4368; x_wconf 83' lang='grc' dir='ltr'>τῷ</span> <span class='ocrx_word' id='word_1_789' title='bbox 2550 4298 2807 4365; x_wconf 78' lang='grc' dir='ltr'>γνωρίζει</span> <span class='ocrx_word' id='word_1_790' title='bbox 2831 4296 2923 4348; x_wconf 79' lang='grc' dir='ltr'>καὶ</span> <span class='ocrx_word' id='word_1_791' title='bbox 2951 4293 3019 4346; x_wconf 71' lang='grc' dir='ltr'><strong>τὰ</strong></span> <span class='ocrx_word' id='word_1_792' title='bbox 3046 4292 3145 4360; x_wconf 82' lang='grc' dir='ltr'>τῆς</span> <span class='ocrx_word' id='word_1_793' title='bbox 3182 4289 3521 4359; x_wconf 85' lang='grc' dir='ltr'>συγκρίσεως</span> <span class='ocrx_word' id='word_1_794' title='bbox 3545 4284 3678 4355; x_wconf 81' lang='grc' dir='ltr'>δῆλα</span> <span class='ocrx_word' id='word_1_795' title='bbox 3701 4284 4017 4353; x_wconf 74' lang='grc' dir='ltr'>παρίστησι·</span> 
     </span>
    </p>
   </div>
   <div class='ocr_carea' id='block_1_104' title="bbox 2454 4372 4025 4458">
    <p class='ocr_par' dir='ltr' id='par_1_104' title="bbox 2454 4372 4025 4458">
     <span class='ocr_line' id='line_1_104' title="bbox 2454 4372 4025 4458; baseline -0.012 -14"><span class='ocrx_word' id='word_1_796' title='bbox 2454 4393 2545 4444; x_wconf 66' lang='grc' dir='ltr'>καὶ</span> <span class='ocrx_word' id='word_1_797' title='bbox 2570 4388 2765 4458; x_wconf 80' lang='grc' dir='ltr'>Δανιὴλ</span> <span class='ocrx_word' id='word_1_798' title='bbox 2793 4386 2955 4447; x_wconf 80' lang='grc' dir='ltr'>εὐθὺς</span> <span class='ocrx_word' id='word_1_799' title='bbox 2992 4383 3165 4436; x_wconf 80' lang='grc' dir='ltr'>ταῦτα</span> <span class='ocrx_word' id='word_1_800' title='bbox 3193 4384 3304 4442; x_wconf 83' lang='grc' dir='ltr'>τοῖς</span> <span class='ocrx_word' id='word_1_801' title='bbox 3338 4379 3465 4448; x_wconf 60' lang='grc' dir='ltr'><strong>περὶ⁵</strong></span> <span class='ocrx_word' id='word_1_802' title='bbox 3507 4377 3765 4446; x_wconf 75' lang='grc' dir='ltr'>Ἀζαρίαν</span> <span class='ocrx_word' id='word_1_803' title='bbox 3796 4372 4025 4427; x_wconf 75' lang='grc' dir='ltr'>ἐκκαλύο</span> 
     </span>
    </p>
   </div>
   <div class='ocr_carea' id='block_1_105' title="bbox 2388 4464 4023 4561">
    <p class='ocr_par' dir='ltr' id='par_1_105' title="bbox 2388 4464 4023 4561">
     <span class='ocr_line' id='line_1_105' title="bbox 2388 4464 4023 4561; baseline -0.014 -25"><span class='ocrx_word' id='word_1_804' title='bbox 2388 4489 2426 4540; x_wconf 92' lang='lat' dir='ltr'><strong>D</strong></span> <span class='ocrx_word' id='word_1_805' title='bbox 2457 4483 2587 4552; x_wconf 71' lang='grc' dir='ltr'>ψας,</span> <span class='ocrx_word' id='word_1_806' title='bbox 2619 4480 2745 4540; x_wconf 79' lang='grc' dir='ltr'>τοὺς</span> <span class='ocrx_word' id='word_1_807' title='bbox 2780 4476 2880 4547; x_wconf 80' lang='grc' dir='ltr'>μὲν</span> <span class='ocrx_word' id='word_1_808' title='bbox 2908 4471 3296 4561; x_wconf 54' lang='grc' dir='ltr'>ἀπεγνωκότας</span> <span class='ocrx_word' id='word_1_809' title='bbox 3338 4469 3438 4539; x_wconf 79' lang='grc' dir='ltr'><strong>ήδη</strong></span> <span class='ocrx_word' id='word_1_810' title='bbox 3482 4466 3575 4519; x_wconf 81' lang='grc' dir='ltr'>τοῦ</span> <span class='ocrx_word' id='word_1_811' title='bbox 3618 4466 3716 4535; x_wconf 69' lang='grc' dir='ltr'><strong>ζῇν</strong></span> <span class='ocrx_word' id='word_1_812' title='bbox 3762 4466 3859 4517; x_wconf 77' lang='grc' dir='ltr'><strong>καὶ</strong></span> <span class='ocrx_word' id='word_1_813' title='bbox 3894 4464 4023 4531; x_wconf 49' lang='grc' dir='ltr'>πρὸς</span> 
     </span>
    </p>
   </div>
   <div class='ocr_carea' id='block_1_106' title="bbox 2460 4554 4023 4639">
    <p class='ocr_par' dir='ltr' id='par_1_106' title="bbox 2460 4554 4023 4639">
     <span class='ocr_line' id='line_1_106' title="bbox 2460 4554 4023 4639; baseline -0.015 -12"><span class='ocrx_word' id='word_1_814' title='bbox 2460 4574 2521 4627; x_wconf 82' lang='grc' dir='ltr'><strong>τὸ</strong></span> <span class='ocrx_word' id='word_1_815' title='bbox 2550 4570 2805 4626; x_wconf 83' lang='grc' dir='ltr'>τεθνάναι</span> <span class='ocrx_word' id='word_1_816' title='bbox 2838 4568 2935 4639; x_wconf 85' lang='grc' dir='ltr'>τὴν</span> <span class='ocrx_word' id='word_1_817' title='bbox 2967 4554 3207 4620; x_wconf 79' lang='grc' dir='ltr'>διάνόιαν</span> <span class='ocrx_word' id='word_1_818' title='bbox 3248 4561 3481 4631; x_wconf 77' lang='grc' dir='ltr'>ἔχοντες,</span> <span class='ocrx_word' id='word_1_819' title='bbox 3518 4560 3598 4621; x_wconf 85' lang='grc' dir='ltr'><strong>είς</strong></span> <span class='ocrx_word' id='word_1_820' title='bbox 3630 4556 3691 4611; x_wconf 84' lang='grc' dir='ltr'>τὸ</span> <span class='ocrx_word' id='word_1_821' title='bbox 3727 4554 4023 4626; x_wconf 73' lang='grc' dir='ltr'>εὐθυμότε-</span> 
     </span>
    </p>
   </div>
   <div class='ocr_carea' id='block_1_107' title="bbox 2465 4662 2936 4736">
    <p class='ocr_par' dir='ltr' id='par_1_107' title="bbox 2465 4662 2936 4736">
     <span class='ocr_line' id='line_1_107' title="bbox 2465 4662 2936 4736; baseline -0.011 -18"><span class='ocrx_word' id='word_1_822' title='bbox 2465 4683 2555 4736; x_wconf 84' lang='grc' dir='ltr'><strong>ρον</strong></span> <span class='ocrx_word' id='word_1_823' title='bbox 2588 4662 2936 4733; x_wconf 73' lang='grc' dir='ltr'>μεταϐάλλει.</span> 
     </span>
    </p>
   </div>
   <div class='ocr_carea' id='block_1_108' title="bbox 2530 4738 4027 4825">
    <p class='ocr_par' dir='ltr' id='par_1_108' title="bbox 2530 4738 4027 4825">
     <span class='ocr_line' id='line_1_108' title="bbox 2530 4738 4027 4825; baseline -0.015 -14"><span class='ocrx_word' id='word_1_824' title='bbox 2530 4757 2606 4812; x_wconf 85' lang='lat' dir='ltr'><strong>E&#39;.</strong></span> <span class='ocrx_word' id='word_1_825' title='bbox 2646 4756 3061 4825; x_wconf 75' lang='grc' dir='ltr'>Εὐχαριστήσας</span> <span class='ocrx_word' id='word_1_826' title='bbox 3109 4749 3167 4802; x_wconf 79' lang='grc' dir='ltr'>δὲ</span> <span class='ocrx_word' id='word_1_827' title='bbox 3216 4748 3296 4817; x_wconf 83' lang='grc' dir='ltr'>τῷ</span> <span class='ocrx_word' id='word_1_828' title='bbox 3337 4744 3455 4814; x_wconf 85' lang='grc' dir='ltr'><strong>Θεῷ</strong></span> <span class='ocrx_word' id='word_1_829' title='bbox 3509 4739 3836 4814; x_wconf 76' lang='grc' dir='ltr'>μετάὖτῶν</span> <span class='ocrx_word' id='word_1_830' title='bbox 3885 4738 4027 4791; x_wconf 77' lang='grc' dir='ltr'>ἔλεον</span> 
     </span>
    </p>
   </div>
   <div class='ocr_carea' id='block_1_109' title="bbox 2459 4831 4024 4914">
    <p class='ocr_par' dir='ltr' id='par_1_109' title="bbox 2459 4831 4024 4914">
     <span class='ocr_line' id='line_1_109' title="bbox 2459 4831 4024 4914; baseline -0.014 -11"><span class='ocrx_word' id='word_1_831' title='bbox 2459 4849 2675 4903; x_wconf 72' lang='grc' dir='ltr'>λαϐόντι</span> <span class='ocrx_word' id='word_1_832' title='bbox 2695 4846 2790 4914; x_wconf 71' lang='grc' dir='ltr'>τῆς</span> <span class='ocrx_word' id='word_1_833' title='bbox 2814 4845 3028 4913; x_wconf 79' lang='grc' dir='ltr'>ήλικίας</span> <span class='ocrx_word' id='word_1_834' title='bbox 3059 4840 3260 4903; x_wconf 78' lang='grc' dir='ltr'>αὐτῶν,</span> <span class='ocrx_word' id='word_1_835' title='bbox 3284 4835 3577 4906; x_wconf 86' lang='grc' dir='ltr'>γενομένης</span> <span class='ocrx_word' id='word_1_836' title='bbox 3599 4831 3814 4904; x_wconf 81' lang='grc' dir='ltr'>ἡμέρας</span> <span class='ocrx_word' id='word_1_837' title='bbox 3849 4848 4024 4899; x_wconf 71' lang='grc' dir='ltr'>παρα-</span> 
     </span>
    </p>
   </div>
   <div class='ocr_carea' id='block_1_110' title="bbox 2460 4922 4029 5010">
    <p class='ocr_par' dir='ltr' id='par_1_110' title="bbox 2460 4922 4029 5010">
     <span class='ocr_line' id='line_1_110' title="bbox 2460 4922 4029 5010; baseline -0.015 -14"><span class='ocrx_word' id='word_1_838' title='bbox 2460 4943 2670 5010; x_wconf 86' lang='grc' dir='ltr'>γίνεται</span> <span class='ocrx_word' id='word_1_839' title='bbox 2729 4939 2863 5007; x_wconf 79' lang='grc' dir='ltr'>πρὸς</span> <span class='ocrx_word' id='word_1_840' title='bbox 2909 4938 2999 4989; x_wconf 67' lang='grc' dir='ltr'>τὸν</span> <span class='ocrx_word' id='word_1_841' title='bbox 3040 4932 3242 5004; x_wconf 77' lang='grc' dir='ltr'>Ἀριὼχ</span> <span class='ocrx_word' id='word_1_842' title='bbox 3301 4932 3395 4983; x_wconf 71' lang='grc' dir='ltr'>καὶ</span> <span class='ocrx_word' id='word_1_843' title='bbox 3452 4930 3605 4994; x_wconf 77' lang='grc' dir='ltr'>ἄγειν</span> <span class='ocrx_word' id='word_1_844' title='bbox 3658 4924 3822 4977; x_wconf 72' lang='grc' dir='ltr'>αὑτὸν</span> <span class='ocrx_word' id='word_1_845' title='bbox 3881 4922 4029 4991; x_wconf 70' lang='grc' dir='ltr'>ἠξίου</span> 
     </span>
    </p>
   </div>
   <div class='ocr_carea' id='block_1_111' title="bbox 2468 5016 4027 5107">
    <p class='ocr_par' dir='ltr' id='par_1_111' title="bbox 2468 5016 4027 5107">
     <span class='ocr_line' id='line_1_111' title="bbox 2468 5016 4027 5107; baseline -0.015 -18"><span class='ocrx_word' id='word_1_846' title='bbox 2468 5037 2596 5107; x_wconf 77' lang='grc' dir='ltr'>πρὸς</span> <span class='ocrx_word' id='word_1_847' title='bbox 2636 5030 2858 5105; x_wconf 80' lang='grc' dir='ltr'>βασιλέα</span> <span class='ocrx_word' id='word_1_848' title='bbox 2880 5046 2893 5059; x_wconf 89' lang='grc'><strong>·</strong></span> <span class='ocrx_word' id='word_1_849' title='bbox 2926 5027 3163 5096; x_wconf 78' lang='grc' dir='ltr'>δηλῶσαι</span> <span class='ocrx_word' id='word_1_850' title='bbox 3198 5024 3302 5092; x_wconf 80' lang='grc' dir='ltr'><strong>γάρ</strong></span> <span class='ocrx_word' id='word_1_851' title='bbox 3338 5019 3485 5089; x_wconf 75' lang='grc' dir='ltr'>αὐτῷ</span> <span class='ocrx_word' id='word_1_852' title='bbox 3530 5016 3818 5088; x_wconf 82' lang='grc' dir='ltr'>βούλεσθαι</span> <span class='ocrx_word' id='word_1_853' title='bbox 3853 5018 3917 5069; x_wconf 85' lang='grc' dir='ltr'><strong>τὸ</strong></span> <span class='ocrx_word' id='word_1_854' title='bbox 3949 5019 4027 5107; x_wconf 74' lang='grc' dir='ltr'>ἐν-</span> 
     </span>
    </p>
   </div>
   <div class='ocr_carea' id='block_1_112' title="bbox 2465 5106 4028 5190">
    <p class='ocr_par' dir='ltr' id='par_1_112' title="bbox 2465 5106 4028 5190">
     <span class='ocr_line' id='line_1_112' title="bbox 2465 5106 4028 5190; baseline -0.015 -11"><span class='ocrx_word' id='word_1_855' title='bbox 2465 5106 2649 5179; x_wconf 80' lang='grc' dir='ltr'>ύπνιον</span> <span class='ocrx_word' id='word_1_856' title='bbox 2699 5124 2825 5190; x_wconf 74' lang='grc' dir='ltr'>ἔφη,</span> <span class='ocrx_word' id='word_1_857' title='bbox 2872 5120 3007 5188; x_wconf 69' lang='grc' dir='ltr'>ὅπερ</span> <span class='ocrx_word' id='word_1_858' title='bbox 3064 5116 3191 5170; x_wconf 63' lang='grc' dir='ltr'>ἰδεῖν</span> <span class='ocrx_word' id='word_1_859' title='bbox 3246 5113 3345 5180; x_wconf 74' lang='grc' dir='ltr'>τῆς</span> <span class='ocrx_word' id='word_1_860' title='bbox 3399 5108 3778 5182; x_wconf 80' lang='grc' dir='ltr'>παρελθούσης</span> <span class='ocrx_word' id='word_1_861' title='bbox 3837 5106 4028 5168; x_wconf 73' lang='grc' dir='ltr'>νυκτὸς</span> 
     </span>
    </p>
   </div>
   <div class='ocr_carea' id='block_1_113' title="bbox 2462 5192 4026 5287">
    <p class='ocr_par' dir='ltr' id='par_1_113' title="bbox 2462 5192 4026 5287">
     <span class='ocr_line' id='line_1_113' title="bbox 2462 5192 4026 5287; baseline -0.015 -17"><span class='ocrx_word' id='word_1_862' title='bbox 2462 5220 2635 5287; x_wconf 78' lang='grc' dir='ltr'>τούτῳ</span> <span class='ocrx_word' id='word_1_863' title='bbox 2667 5213 3032 5284; x_wconf 71' lang='grc' dir='ltr'>συμϐέϐηκεν.</span> <span class='ocrx_word' id='word_1_864' title='bbox 3057 5204 3329 5262; x_wconf 77' lang='grc' dir='ltr'>Εἰσελθὼν</span> <span class='ocrx_word' id='word_1_865' title='bbox 3355 5204 3409 5258; x_wconf 79' lang='grc' dir='ltr'>δὲ</span> <span class='ocrx_word' id='word_1_866' title='bbox 3448 5192 3745 5273; x_wconf 78' lang='grc' dir='ltr'>παρῃτεῖτο</span> <span class='ocrx_word' id='word_1_867' title='bbox 3778 5198 3850 5249; x_wconf 67' lang='grc' dir='ltr'>τὰ</span> <span class='ocrx_word' id='word_1_868' title='bbox 3879 5195 4026 5266; x_wconf 74' lang='grc' dir='ltr'>πρῶ-</span> 
     </span>
    </p>
   </div>
   <div class='ocr_carea' id='block_1_114' title="bbox 2462 5290 4027 5378">
    <p class='ocr_par' dir='ltr' id='par_1_114' title="bbox 2462 5290 4027 5378">
     <span class='ocr_line' id='line_1_114' title="bbox 2462 5290 4027 5378; baseline -0.014 -15"><span class='ocrx_word' id='word_1_869' title='bbox 2462 5330 2548 5374; x_wconf 86' lang='grc' dir='ltr'><strong>τα,</strong></span> <span class='ocrx_word' id='word_1_870' title='bbox 2588 5310 2659 5378; x_wconf 75' lang='grc' dir='ltr'><strong>μὴ</strong></span> <span class='ocrx_word' id='word_1_871' title='bbox 2694 5306 2999 5375; x_wconf 64' lang='grc' dir='ltr'>σοφώτερον</span> <span class='ocrx_word' id='word_1_872' title='bbox 3032 5302 3194 5355; x_wconf 69' lang='grc' dir='ltr'>αὑτὸν</span> <span class='ocrx_word' id='word_1_873' title='bbox 3226 5299 3373 5362; x_wconf 76' lang='grc' dir='ltr'>δόξαι</span> <span class='ocrx_word' id='word_1_874' title='bbox 3404 5295 3513 5347; x_wconf 81' lang='grc' dir='ltr'>τῶν</span> <span class='ocrx_word' id='word_1_875' title='bbox 3545 5293 3721 5346; x_wconf 75' lang='grc' dir='ltr'>ἄλλων</span> <span class='ocrx_word' id='word_1_876' title='bbox 3744 5290 4027 5343; x_wconf 73' lang='grc' dir='ltr'>Χαλδαίων</span> 
     </span>
    </p>
   </div>
   <div class='ocr_carea' id='block_1_115' title="bbox 2467 5385 4028 5474">
    <p class='ocr_par' dir='ltr' id='par_1_115' title="bbox 2467 5385 4028 5474">
     <span class='ocr_line' id='line_1_115' title="bbox 2467 5385 4028 5474; baseline -0.017 -16"><span class='ocrx_word' id='word_1_877' title='bbox 2467 5405 2808 5474; x_wconf 71' lang='grc' dir='ltr'>βουλόμενος,</span> <span class='ocrx_word' id='word_1_878' title='bbox 2844 5398 2936 5451; x_wconf 76' lang='grc' dir='ltr'><strong>καὶ</strong></span> <span class='ocrx_word' id='word_1_879' title='bbox 2968 5399 3048 5449; x_wconf 83' lang='grc' dir='ltr'><strong>ὅτι</strong></span> <span class='ocrx_word' id='word_1_880' title='bbox 3083 5393 3306 5463; x_wconf 75' lang='grc' dir='ltr'>μηδενὸς</span> <span class='ocrx_word' id='word_1_881' title='bbox 3338 5389 3560 5442; x_wconf 82' lang='grc' dir='ltr'>ἐκείνων</span> <span class='ocrx_word' id='word_1_882' title='bbox 3585 5385 3643 5438; x_wconf 79' lang='grc' dir='ltr'><strong>τὸ</strong></span> <span class='ocrx_word' id='word_1_883' title='bbox 3673 5386 3809 5453; x_wconf 65' lang='grc' dir='ltr'>ὄναρ</span> <span class='ocrx_word' id='word_1_884' title='bbox 3851 5385 4028 5453; x_wconf 81' lang='grc' dir='ltr'>εὑρεῖν</span> 
     </span>
    </p>
   </div>
   <div class='ocr_carea' id='block_1_116' title="bbox 2464 5473 4026 5565">
    <p class='ocr_par' dir='ltr' id='par_1_116' title="bbox 2464 5473 4026 5565">
     <span class='ocr_line' id='line_1_116' title="bbox 2464 5473 4026 5565; baseline -0.016 -15"><span class='ocrx_word' id='word_1_885' title='bbox 2464 5498 2798 5565; x_wconf 79' lang='grc' dir='ltr'>δυνηθέντος,</span> <span class='ocrx_word' id='word_1_886' title='bbox 2832 5492 2991 5550; x_wconf 65' lang='grc' dir='ltr'>αὐτὸς</span> <span class='ocrx_word' id='word_1_887' title='bbox 3020 5487 3149 5540; x_wconf 76' lang='grc' dir='ltr'>αὐτὸ</span> <span class='ocrx_word' id='word_1_888' title='bbox 3182 5486 3366 5555; x_wconf 77' lang='grc' dir='ltr'>μέλλοι</span> <span class='ocrx_word' id='word_1_889' title='bbox 3404 5482 3616 5546; x_wconf 75' lang='grc' dir='ltr'><strong>λέγειν⁸</strong></span> <span class='ocrx_word' id='word_1_890' title='bbox 3654 5480 3713 5530; x_wconf 84' lang='grc' dir='ltr'>οὐ</span> <span class='ocrx_word' id='word_1_891' title='bbox 3749 5479 3859 5545; x_wconf 70' lang='grc' dir='ltr'>γὰρ</span> <span class='ocrx_word' id='word_1_892' title='bbox 3911 5473 4026 5528; x_wconf 84' lang='grc' dir='ltr'>κατ’</span> 
     </span>
    </p>
   </div>
   <div class='ocr_carea' id='block_1_117' title="bbox 2466 5568 4027 5658">
    <p class='ocr_par' dir='ltr' id='par_1_117' title="bbox 2466 5568 4027 5658">
     <span class='ocr_line' id='line_1_117' title="bbox 2466 5568 4027 5658; baseline -0.016 -15"><span class='ocrx_word' id='word_1_893' title='bbox 2466 5589 2780 5658; x_wconf 70' lang='grc' dir='ltr'>ἐμπειρίαν,</span> <span class='ocrx_word' id='word_1_894' title='bbox 2814 5584 2920 5636; x_wconf 67' lang='grc' dir='ltr'>οὐδ’</span> <span class='ocrx_word' id='word_1_895' title='bbox 2951 5585 3029 5634; x_wconf 73' lang='grc' dir='ltr'><strong>ὅτι</strong></span> <span class='ocrx_word' id='word_1_896' title='bbox 3060 5580 3158 5650; x_wconf 73' lang='grc' dir='ltr'>τὴν</span> <span class='ocrx_word' id='word_1_897' title='bbox 3196 5579 3433 5628; x_wconf 65' lang='grc' dir='ltr'>ὀι.ἲ.ιοιαν</span> <span class='ocrx_word' id='word_1_898' title='bbox 3480 5573 3657 5625; x_wconf 68' lang='grc' dir='ltr'>αὐτῶν</span> <span class='ocrx_word' id='word_1_899' title='bbox 3707 5570 3913 5637; x_wconf 74' lang='grc' dir='ltr'>μᾶλλον</span> <span class='ocrx_word' id='word_1_900' title='bbox 3940 5568 4027 5619; x_wconf 63' lang='lat' dir='ltr'><strong>Ex-</strong></span> 
     </span>
    </p>
   </div>
   <div class='ocr_carea' id='block_1_118' title="bbox 2468 5661 4047 5747">
    <p class='ocr_par' dir='ltr' id='par_1_118' title="bbox 2468 5661 4047 5747">
     <span class='ocr_line' id='line_1_118' title="bbox 2468 5661 4047 5747; baseline -0.015 -16"><span class='ocrx_word' id='word_1_901' title='bbox 2468 5682 2790 5747; x_wconf 77' lang='grc' dir='ltr'>πεπόνηται,</span> <span class='ocrx_word' id='word_1_902' title='bbox 2850 5673 3007 5727; x_wconf 72' lang='grc' dir='ltr'>τοῦτο</span> <span class='ocrx_word' id='word_1_903' title='bbox 3059 5672 3286 5738; x_wconf 66' lang='grc' dir='ltr'>γίνεται,</span> <span class='ocrx_word' id='word_1_904' title='bbox 3338 5667 3449 5720; x_wconf 79' lang='grc' dir='ltr'>ἀλλ’</span> <span class='ocrx_word' id='word_1_905' title='bbox 3486 5666 3733 5733; x_wconf 70' lang='grc' dir='ltr'>ἐλεήσας,</span> <span class='ocrx_word' id='word_1_906' title='bbox 3795 5661 3949 5729; x_wconf 72' lang='grc' dir='ltr'>φησὶ,</span> <span class='ocrx_word' id='word_1_907' title='bbox 4007 5664 4047 5707; x_wconf 71' lang='grc' dir='ltr'><strong>ὸ⁷</strong></span> 
     </span>
    </p>
   </div>
   <div class='ocr_carea' id='block_1_119' title="bbox 2469 5754 4028 5833">
    <p class='ocr_par' dir='ltr' id='par_1_119' title="bbox 2469 5754 4028 5833">
     <span class='ocr_line' id='line_1_119' title="bbox 2469 5754 4028 5833; baseline -0.016 -6"><span class='ocrx_word' id='word_1_908' title='bbox 2469 5771 2597 5833; x_wconf 69' lang='grc' dir='ltr'>Θιδς</span> <span class='ocrx_word' id='word_1_909' title='bbox 2633 5765 3035 5828; x_wconf 71' lang='grc' dir='ltr'>χινδννιύοντσς</span> <span class='ocrx_word' id='word_1_910' title='bbox 3068 5762 3380 5822; x_wconf 46' lang='lat' dir='ltr'><strong>«nomini»,</strong></span> <span class='ocrx_word' id='word_1_911' title='bbox 3417 5755 3657 5827; x_wconf 68' lang='grc' dir='ltr'>δεηθέντι</span> <span class='ocrx_word' id='word_1_912' title='bbox 3687 5754 3816 5826; x_wconf 76' lang='grc' dir='ltr'>περί</span> <span class='ocrx_word' id='word_1_913' title='bbox 3846 5769 3902 5807; x_wconf 73' lang='grc' dir='ltr'><strong>τε</strong></span> <span class='ocrx_word' id='word_1_914' title='bbox 3938 5770 4028 5821; x_wconf 79' lang='grc' dir='ltr'><strong>της</strong></span> 
     </span>
    </p>
   </div>
  </div>
