4188 6310
188 346 290 411 377

1201 360 1378 420 VITA
1425 360 1485 420 S.
1530 359 1953 420 PROPHETKE
1996 361 2384 424 DANIELIS.

3336 364 3444 425 378

190 464 327 532 ἐμῆς
366 462 545 532 ψυχῆς
596 462 692 517 καὶ
742 465 851 519 τῶν
906 466 1198 537 ὁμοεθνῶν,
1245 471 1340 522 καὶ
1383 468 1447 521 τὸ
1488 469 1623 539 ὄναρ
1673 472 1766 522 καὶ

1872 471 2066 540 gentis,
2101 471 2369 541 precanti,
2407 478 2464 526 et
2488 471 2763 527 somnium
2792 471 3011 541 aperuit
3039 482 3096 529 et
3125 475 3245 545 ejus
3272 490 3447 544 expo-

187 556 283 626 τὴν
338 556 621 626 σύγκρισιν
686 557 850 611 αὑτοῦ
937 563 1177 629 φανερὴν
1258 562 1548 629 ἐποίησεν·
1667 562 1762 631 οὐχ

187 643 346 716 ἦττον
376 650 481 717 γὰρ
511 651 607 717 τῆς
636 651 722 718 ἐφ’
754 652 886 719 ήμῖν
917 652 1094 721 λύπης
1125 653 1157 722 ἢ
1193 651 1322 722 περὶ
1352 653 1451 722 τῆς
1486 654 1582 723 σῆς
1607 653 1766 722 δόξης

191 741 523 810 ἐφρόντιζον,
557 737 601 795 ὦ
636 740 877 811 βασιλεῦ,
911 743 1113 806 ἀδίκως
1144 743 1315 807 οὕτως
1340 744 1541 815 ἄνδρας
1566 745 1765 808 καλούς

190 847 250 883 τε
284 834 377 883 καὶ
412 832 650 898 ἀγαθοὺς
683 834 976 887 ἀποθανεῖν
1017 836 1429 904 ἐπιτρέψαντος.
1472 836 1531 901 ἐξ
1565 830 1640 890 ὧν
1670 839 1764 890 οὐ·

190 926 281 978 δὲν
328 927 426 995 μὲν
466 928 811 997 ἀνθρωπίνης
849 932 1041 998 σοφίας
1080 932 1338 1001 ἐχόμενον
1371 932 1598 1003 ᾔτησας,
1646 934 1673 986 ὃ
1708 934 1765 987 δὲ

187 1013 255 1086 ἦν
294 1018 456 1087 ἔργον
485 1021 646 1089 μόνου
681 1019 816 1071 Θεοῦ
850 1021 1158 1090 ἐπεζήτεις.
1194 1024 1281 1076 Σοὶ
1306 1025 1507 1085 τοίνυν,
1539 1018 1583 1076 ὧ
1615 1027 1765 1095 βασιο

185 1110 307 1175 λεῦ,
350 1113 690 1180 φροντίζοντι
750 1113 881 1183 περὶ
933 1114 1026 1168 τοῦ
1074 1116 1158 1177 τίς
1208 1116 1361 1182 ἄρξει
1411 1116 1506 1168 τοῦ
1557 1118 1761 1186 κόσμου

187 1205 393 1265 παντὸς
446 1204 580 1271 μετά
626 1203 716 1266 σὲ,
766 1203 1089 1272 βουλόμενος
1139 1205 1376 1274 δηλῶσαι
1425 1207 1575 1271 Θεὸς,
1632 1209 1763 1280 ὄναρ

188 1295 534 1347 ὑποδεικνύει
565 1296 806 1349 τοιοῦτον
826 1313 839 1326 ⁸
865 1298 1089 1362 Ἐδοξας
1119 1298 1252 1368 ὀρᾷν
1273 1299 1562 1369 ἀνδριάντα
1597 1302 1765 1371 μέγαν

189 1385 427 1449 ἑστῶτα,
460 1379 522 1439 οὗ
548 1386 646 1453 τὴν
686 1387 781 1455 μὲν
815 1388 1059 1463 κετραλὴν
1103 1388 1415 1441 συνέϐαινεν
1458 1386 1599 1444 εἶναι
1632 1408 1764 1461 χρυ-

184 1477 313 1546 σὴν,
352 1479 477 1540 τοὺς
518 1477 573 1530 δὲ
608 1478 793 1547 ὤμους
833 1481 924 1532 καὶ
965 1481 1089 1542 τοὺς
1138 1480 1430 1551 βραχίονας
1470 1482 1762 1553 ἀργυροῦς,

183 1568 297 1620 ἀπὸ
329 1568 529 1638 χαλκοῦ
557 1569 612 1623 δὲ
638 1572 735 1638 τὴν
760 1572 1001 1641 γαστέρα
1024 1573 1118 1624 καὶ
1142 1573 1264 1635 τοὺς
1285 1576 1517 1644 μηροὺς,
1550 1576 1764 1645 κνήμας

183 1662 282 1714 καὶ
332 1662 494 1722 πόδας
544 1663 833 1732 σιδηροῦς·
877 1662 1067 1716 ἔπειτα
1112 1664 1262 1717 λίθον
1320 1662 1459 1728 εἶδες
1499 1667 1555 1732 ἐξ
1607 1667 1765 1736 ὄρους

182 1755 580 1824 ἀπορραγέντα
613 1756 875 1820 ἐμπεσεῖν
910 1771 969 1806 τε
1021 1754 1100 1824 τῷ
1133 1755 1409 1825 ἀνδριάντι
1454 1760 1547 1809 καὶ
1574 1760 1765 1811 τοῦτον

183 1842 565 1895 καταϐαλόντα
596 1843 885 1913 συντρῖψαι
925 1845 1017 1899 καὶ
1052 1845 1217 1915 μηδὲν
1250 1847 1413 1901 αὐτοῦ
1447 1849 1611 1917 μέρος
1646 1850 1765 1901 ὁλό-

181 1932 394 1999 κληρον
421 1931 661 1998 ἀφεῖναι,
692 1932 783 1985 τὸν
826 1934 879 1985 δὲ
921 1937 1120 2004 χρυσὸν
1149 1937 1242 1989 καὶ
1272 1937 1360 1991 τὸν
1385 1939 1625 2007 ἄργυρον
1669 1939 1765 1992 καὶ

179 2024 277 2075 τὶν
310 2024 511 2093 χαλκὸν
548 2027 641 2077 καὶ
676 2025 766 2078 τὸν
795 2025 1012 2095 σίδηρον
1042 2027 1369 2100 λεπτότερον
1394 2032 1645 2098 γενέσθαι
1676 2033 1769 2084 καὶ

183 2117 395 2179 κόνεως
420 2133 431 2143 ·
466 2116 559 2169 καὶ
592 2117 682 2170 τὸν
726 2119 825 2186 μὲν
870 2120 1076 2187 ἀνέμου
1131 2120 1467 2184 πνεύσαντος
1504 2126 1582 2183 είς
1630 2125 1768 2192 ἀέρα

178 2206 579 2275 διασπαρῆναι,
608 2209 701 2260 τὸν
726 2209 782 2260 δὲ
805 2210 948 2261 λίθον
978 2209 1213 2278 αὐξῆσαι
1247 2211 1500 2265 τοσοῦτον
1527 2213 1602 2274 ὡς
1631 2214 1767 2266 άπαο

181 2312 292 2348 σαν
325 2296 502 2349 δοκεῖν
526 2298 624 2367 τὴν
650 2297 753 2366 γῆν
793 2299 883 2351 ὑπ’
909 2300 1074 2353 αὑτοῦ
1109 2302 1524 2373 πεπληρῶσθαι.
1559 2305 1631 2357 Τὸ
1670 2307 1769 2375 μὲν

178 2388 347 2458 ὄναρ,
381 2389 520 2458 ὅπερ
545 2390 704 2453 αὐτὸς
740 2384 900 2454 εἶδες,
932 2392 1132 2446 τοιόνδε
1156 2409 1168 2422 ⁵
1202 2396 1232 2464 ὴ
1264 2396 1551 2464 σύγκρισις
1587 2395 1641 2449 δὲ
1673 2398 1770 2450 αὐ-

181 2479 283 2533 τοῦ
315 2481 505 2535 τοῦτον
533 2483 646 2551 ἔχει
678 2482 769 2535 τὸν
799 2484 995 2555 τρόπον
1016 2501 1031 2515 ο
1062 2487 1092 2556 ή
1125 2485 1224 2554 μὲν
1251 2488 1429 2557 χρυσῆ
1464 2489 1676 2559 κεφαλὴ
1710 2490 1767 2543 σέ

176 2590 247 2625 τε
285 2574 474 2643 ἐδήλου
510 2576 602 2627 καὶ
634 2577 761 2638 τοὺς
803 2577 908 2646 πρὸ
938 2578 1029 2630 σοῦ
1082 2579 1338 2648 βασιλέας
1400 2581 1771 2647 Βαϐυλωνίους

115 2656 117 2658 ’
178 2668 245 2717 αἱ
280 2666 376 2718 δύο
406 2666 461 2717 δὲ
489 2668 671 2737 χεῖρες
701 2669 792 2722 καὶ
813 2671 861 2721 οἱ
883 2664 1022 2739 ὦμοι
1047 2671 1150 2724 ὑπὸ
1180 2671 1273 2725 δύο
1300 2674 1770 2743 καταλυθήσεσθαι

180 2758 463 2826 βασιλέων
515 2759 612 2831 τὴν
660 2761 961 2832 ἠγεμονίαν
1009 2763 1186 2834 ὑμῶν,
1235 2766 1450 2833 Πέρσας
1496 2764 1635 2822 εἶναι
1676 2769 1771 2822 καὶ

178 2852 413 2919 Μήδους
444 2852 667 2940 τούτους
722 2856 895 2925 φημί·
945 2856 1045 2925 τὴν
1104 2855 1161 2908 δὲ
1206 2857 1431 2940 ἐκείνων
1462 2858 1648 2928 ἕτερός
1689 2877 1771 2923 τις

176 2943 299 2993 ἀπὸ
351 2943 451 3009 τῆς
495 2936 701 3007 δόσεως
766 2946 1088 3018 καθαιρήσει
1119 2936 1319 3018 χαλκδν
1366 2950 1768 3020 ἠμφιεσμένος.

192 3033 557 3104 Ἀλέξανδρος
607 3033 761 3100 οὗτος
804 3041 833 3091 ὀ
883 3040 1191 3095 Μακεδών·
1240 3040 1335 3095 καὶ
1381 3040 1586 3112 ταύτην
1634 3042 1767 3115 άλλη

1870 563 2146 617 sitionem.
2184 564 2307 617 Non
2355 562 2621 617 minorem
2650 562 2797 617 enim
2818 564 2990 619 nostri
3022 564 3252 631 doloris,
3278 581 3446 636 quam

1871 664 1977 710 tua:
2001 655 2186 724 gloria:
2232 671 2420 711 curam
2463 656 2742 726 gerebam,
2776 671 2809 710 ο
2834 672 2950 722 rex,
2980 658 3073 726 qui
3123 656 3269 712 viros
3329 668 3440 711 tam

1871 747 2047 801 honos
2078 758 2134 802 et
2166 758 2274 801 tam
2315 750 2595 814 honestos,
2631 749 2817 817 inique
2850 750 2986 803 mori
3016 751 3279 820 jusseras,
3314 765 3443 804 cum

1870 840 2004 893 nihil
2041 840 2316 909 petiisses,
2346 841 2495 909 quod
2535 850 2683 896 esset
2713 842 2966 896 humanae
2996 844 3316 908 sapientiae:
3350 844 3448 896 sed

1872 934 1975 987 hoc
2022 933 2090 986 ab
2121 933 2205 988 eis
2242 932 2538 1003 exegisses,
2570 933 2719 1001 quod
2759 943 2880 987 erat
2922 933 3091 987 solius
3151 932 3244 985 Dei
3281 948 3444 1000 opus.

1870 1025 1989 1080 Tibi
2008 1041 2205 1097 ergo,o
2234 1040 2348 1090 rex,
2374 1025 2655 1093 cogitanti,
2687 1027 2812 1093 quis
2843 1034 2964 1094 post
2994 1033 3044 1079 te
3076 1034 3221 1078 esset
3242 1024 3447 1078 munde

1870 1119 2263 1187 imperaturus,
2300 1117 2487 1169 volens
2517 1116 2659 1169 Deus
2695 1115 3022 1184 signiﬁcare.
3064 1116 3171 1168 tale
3206 1114 3450 1168 ostendit

1868 1210 2164 1265 somnium.
2199 1208 2363 1262 Visus
2406 1222 2470 1264 es
2512 1206 2610 1260 tibi
2671 1206 2859 1260 videre
2907 1220 3157 1276 magnam
3206 1213 3444 1257 statuam

1867 1310 2131 1363 stantem,
2156 1300 2313 1369 cujus
2339 1307 2506 1365 caput
2531 1297 2756 1366 quidem
2776 1297 3005 1365 contigit
3030 1302 3151 1350 es‘se
3176 1310 3442 1349 aureum:

1870 1393 2131 1451 humeros
2158 1401 2338 1445 autem
2369 1400 2424 1444 et
2451 1390 2699 1451 brachia,
2728 1399 2987 1459 argentea
3019 1406 3032 1443 :
3070 1404 3133 1442 ex
3160 1403 3266 1441 aere
3289 1403 3443 1449 vero,

1868 1494 2116 1538 ventrem
2144 1494 2198 1536 et
2228 1480 2458 1545 femora,
2480 1481 2638 1535 tibias
2661 1491 2716 1534 et
2754 1481 2919 1546 pedes
2975 1480 3206 1534 ferreos.
3240 1478 3447 1532 Deinde

1869 1577 2104 1646 lapidem
2133 1574 2315 1629 vidisti
2343 1575 2639 1644 abruptum
2673 1590 2701 1627 a
2729 1583 2936 1639 monte,
2977 1573 3221 1628 incidere
3253 1572 3304 1624 in
3330 1580 3447 1624 sta-

1873 1678 2020 1722 tuam
2061 1687 2073 1723 :
2114 1677 2170 1722 et
2218 1682 2339 1721 eam
2386 1665 2857 1735 comprehendere
2916 1680 2980 1719 ac
3042 1672 3349 1727 conterere,
3390 1671 3447 1717 et

1874 1760 2077 1814 nullam
2109 1760 2228 1828 ejus
2274 1767 2488 1826 partem
2533 1760 2843 1825 relinquere
2890 1757 3209 1825 integram:
3245 1770 3443 1807 aurum

1872 1862 2054 1904 autem
2112 1859 2167 1904 et
2224 1858 2509 1920 argentum
2540 1859 2596 1903 et
2632 1863 2705 1901 (BS
2752 1857 2808 1902 et
2849 1848 3057 1900 ferrum
3104 1845 3188 1898 vel
3216 1846 3445 1913 pulvere

1874 1942 1991 1995 ﬁeri
2022 1942 2281 1995 subtilius
2325 1960 2338 1994 :
2375 1950 2431 1995 et
2467 1951 2701 1995 statuam
2752 1938 2975 2009 quidem
3008 1946 3175 1992 vento
3204 1937 3447 2005 spirante

1873 2035 2177 2104 dispersam
2233 2034 2403 2088 fuisse
2457 2033 2513 2086 in
2554 2048 2780 2088 aerem:
2838 2031 3073 2101 lapidem
3123 2046 3255 2084 vero
3307 2030 3447 2083 adeo

1874 2128 2133 2190 crevisse,
2163 2136 2221 2178 ut
2253 2125 2534 2181 videretur
2565 2124 2820 2177 universa
2854 2132 2998 2175 terra
3056 2121 3123 2174 ab
3160 2135 3227 2174 eo
3276 2120 3448 2175 fuisse

1875 2222 2100 2290 repleta.
2127 2220 2305 2287 Atque
2330 2233 2606 2272 somnium
2637 2216 2882 2285 quidem,
2912 2215 3057 2285 quod
3092 2215 3204 2283 ipse
3233 2214 3445 2277 vidisti,

1874 2312 1977 2366 fuit
2002 2312 2126 2366 tale.
2149 2311 2280 2381 Ejus
2297 2319 2481 2364 autem
2504 2311 2818 2379 conjeCtura
2839 2310 2944 2363 hoc
2969 2308 3128 2361 modo
3160 2322 3218 2362 se
3241 2305 3406 2359 habet
3429 2322 3445 2359 :

1873 2406 2117 2457 Aureum
2159 2403 2379 2472 quidem
2422 2411 2607 2472 caput,
2641 2412 2691 2455 te
2722 2399 3083 2470 signiﬁcabat,
3112 2408 3168 2452 et
3191 2399 3282 2467 qui
3320 2406 3449 2451 ante

1876 2503 1927 2548 te
1958 2493 2205 2555 fuerunt,
2238 2508 2394 2561 reges
2445 2493 2793 2561 Babylonios.
2821 2492 2950 2544 Duae
3001 2506 3133 2543 vero
3168 2503 3361 2541 manus
3389 2496 3448 2541 et

1875 2585 2111 2649 humeri,
2131 2601 2159 2639 a
2176 2584 2390 2638 duobus
2408 2584 2630 2653 regibus
2644 2581 3050 2637 dissolvendum
3066 2595 3186 2636 esse
3204 2589 3448 2633 vestrum

1873 2678 2262 2746 principatum,
2296 2691 2325 2727 a
2370 2675 2570 2739 Persis,
2610 2676 2853 2743 inquam,
2884 2682 2939 2727 et
2969 2673 3160 2727 Medis.
3215 2672 3446 2725 illorum

1874 2778 2054 2823 autem
2089 2768 2461 2837 principatum
2488 2767 2738 2820 destruet
2778 2765 2998 2832 quidam
3034 2766 3175 2817 alius
3203 2780 3268 2816 ex
3297 2760 3448 2816 oeci-

1872 2860 2058 2924 dente,
2080 2874 2187 2914 rere
2215 2859 2460 2913 indutus.
2490 2857 2539 2913 is
2560 2867 2644 2912 est
2666 2855 2974 2911 Alexander
2991 2854 3215 2910 Macedo
3239 2862 3295 2907 et
3319 2869 3447 2908 eum

1873 2951 2034 3005 faciet
2064 2951 2203 3004 alius
2230 2965 2467 3013 cessare,
2495 2950 2707 3005 viribus
2732 2950 2879 3004 ferro
2905 2950 3121 3004 similis.
3152 2940 3451 3017 Superabit

1874 3054 2057 3100 autem
2092 3044 2316 3099 omnino
2348 3055 2572 3114 propter
2604 3043 2735 3097 ferri
2767 3051 3020 3096 naturam
3050 3060 3065 3106 ;
3100 3052 3185 3094 est
3215 3042 3363 3093 enim
3404 3039 3450 3093 is

180 3128 420 3189 παύσει,
456 3129 555 3199 τὴν
596 3130 750 3198 ίσχὺν
779 3132 939 3200 ὁμοία
985 3132 1063 3201 τῷ
1094 3133 1337 3204 σιδήρῳο
1381 3135 1475 3188 καὶ
1512 3138 1766 3208 κρατήσει

1879 3136 2075 3192 fortior
2107 3151 2263 3202 auro,
2296 3144 2523 3206 argento
2554 3145 2610 3190 et
2637 3150 2744 3189 aere
2777 3152 2788 3187 :
2820 3124 3063 3188 est'vero
3096 3131 3150 3185 id
3185 3130 3450 3201 petentis-

181 3222 294 3291 μὲν
328 3223 409 3284 εἰς
447 3222 592 3274 ἆπαν
626 3222 713 3277 διὰ
739 3223 835 3295 τὴν
864 3221 957 3279 τοῦ
999 3224 1218 3294 σιδήρου
1250 3223 1414 3293 φύσιν
1436 3240 1449 3254 ·
1484 3221 1622 3278 εῖναι
1654 3228 1765 3298 γάρ

177 3312 366 3382 αὐτὴν
391 3312 754 3385 στερροτέραν
786 3314 888 3383 τῆς
921 3312 1014 3368 τοῦ
1052 3315 1255 3385 χρυσοῦ
1282 3315 1373 3368 καὶ
1404 3314 1498 3367 τοῦ
1525 3314 1769 3385 ἀργύρου

178 3406 287 3457 καί
317 3406 411 3457 τοῦ
438 3405 674 3474 χαλκοῦ·
696 3410 728 3473 ὴ
759 3406 867 3458 τῶν
908 3407 1194 3477 Ῥωμαίων
1228 3406 1367 3478 αὕτη
1402 3405 1771 3475 μεγαλοδύναο

176 3514 293 3567 μος
332 3496 602 3564 βασιλεία.
640 3496 907 3570 Ἐδήλωσε
936 3499 994 3552 δὲ
1026 3500 1176 3570 αὐτῷ
1202 3501 1297 3554 καὶ
1326 3503 1456 3569 περὶ
1489 3500 1584 3554 τοῦ
1620 3501 1769 3554 λίθου

174 3589 370 3653 λέγων
393 3605 405 3617 ο
436 3588 520 3638 ὅτι
554 3589 613 3640 ’0
646 3588 791 3650 λίθος
834 3590 861 3639 ὁ
888 3589 1121 3655 τμηθεὶς
1151 3590 1281 3642 ἄνευ
1314 3591 1538 3660 χειρῶν,
1572 3593 1599 3642 δ
1628 3593 1767 3659 Χρι-

1873 3230 2073 3281 simum
2117 3228 2488 3280 Romanorum
2544 3227 2857 3295 imperium.
2889 3224 3227 3295 Significavit
3263 3234 3449 3277 autem

1878 3320 1927 3373 ei
1953 3323 2119 3374 etiam
2156 3320 2225 3373 de
2270 3318 2475 3389 lapide,
2506 3317 2735 3372 dicens:
2762 3317 2926 3385 Lapis
2975 3318 3068 3385 qui
3098 3316 3202 3369 fuit
3244 3315 3451 3369 scissus

1878 3412 1996 3467 sine
2048 3412 2320 3476 manibus,
2348 3422 2433 3467 est
2468 3410 2742 3466 Christus.
2783 3409 2921 3464 illud
2952 3423 3107 3465 vero.
3168 3406 3297 3461 Sine
3334 3420 3452 3458 ma-

1878 3505 2065 3567 nibus,
2089 3503 2341 3575 praedixit
2367 3518 2496 3558 eum
2523 3504 2642 3557 sine
2681 3502 2831 3557 coitu
2870 3515 2991 3555 esse
3022 3498 3361 3553 nasciturum
3384 3509 3453 3548 ex

1879 3605 2037 3648 utero
2061 3612 2091 3648 a
2119 3597 2243 3649 labe
2272 3596 2473 3649 alieno.

176 3683 319 3744 στος
354 3684 506 3736 ἐστι’
572 3682 631 3735 τὸ
706 3682 764 3736 δὲ
806 3682 1007 3754 χειρῶν
1044 3682 1174 3737 ἄνευ
1224 3683 1285 3738 τὸ
1332 3682 1502 3755 χωρὶς
1555 3685 1842 3752 συνουσίας
1884 3690 1947 3741 ὲκ
1996 3690 2096 3759 τῆς
2138 3688 2372 3760 ἀμώμου
2417 3688 2679 3759 τεχθῆναι
2723 3686 2961 3755 γαστρὸς
3005 3680 3166 3736 αὑτὸν
3204 3679 3449 3752 προεφή·

170 3793 409 3830 τευσεν.

1948 3872 2033 3925 νι.
2063 3870 2577 3925 Nabuchodonosor
2607 3879 2792 3923 autem
2820 3881 2944 3921 cum
2972 3866 3088 3918 hac
3126 3862 3451 3927 audivisset,

262 3871 360 3935 ς’.
406 3869 464 3919 Ὁ
491 3868 546 3920 δὲ
570 3868 824 3937 βασιλεὺς
839 3870 1313 3943 Ναὸουχοδονόσορ
1331 3872 1583 3943 ἀκηκοὼς
1603 3875 1776 3927 ταῦτα

168 3961 288 4012 καὶ
320 3958 469 4011 τοῦτ’
491 3960 624 4010 αὐτὸ
653 3954 791 4010 εἶναι
824 3961 884 4010 τὸ
911 3961 1076 4026 φανὲν
1103 3960 1237 4027 ὄναρ
1267 3964 1469 4023 συνεὶς,
1495 3962 1766 4031 ἐξεπλάγη

1875 3975 1929 4021 et
1952 3966 2055 4021 hoc
2084 3982 2205 4022 esse
2230 3963 2377 4035 quod
2398 3965 2448 4019 ei
2476 3970 2826 4034 apparuerat,
2849 3948 3123 4015 somnium
3150 3956 3453 4011 intellexis-

170 4054 285 4105 τὸν
308 4050 513 4121 Δανιὴλ
534 4049 627 4102 τοῦ
658 4050 947 4119 μεγαλείου
975 4050 1077 4121 τῆς
1104 4052 1341 4120 φύσεως,
1370 4056 1463 4106 καὶ
1491 4058 1766 4125 παραχρῆ-

1874 4068 1977 4123 sel,
2029 4061 2239 4127 stupuit
2293 4058 2534 4112 Danieiis
2593 4056 2797 4127 ingenii
2865 4051 3343 4124 magnitudinem:
3396 4057 3453 4102 et

171 4162 273 4215 μα
313 4145 491 4213 μικρά
513 4143 695 4198 πάντα
721 4146 815 4197 καὶ
850 4142 1131 4213 βασιλείαν
1157 4145 1330 4214 αὐτὴν
1361 4147 1453 4200 καὶ
1485 4147 1647 4215 ὄγκον
1675 4149 1766 4216 τῆς

1873 4149 2125 4221 protinus
2154 4162 2320 4215 parva
2343 4148 2552 4210 omnia,
2575 4154 2630 4197 et
2671 4146 2849 4213 ipsum
2879 4156 3124 4211 regnum,
3154 4149 3211 4192 et
3237 4138 3451 4206 imperii

166 4237 370 4309 ἀρχῆς
397 4234 643 4304 θέμενος,
669 4234 983 4305 τοῦ.θρόνου
1016 4251 1075 4287 τε
1117 4235 1466 4299 ἐξανίσταται
1517 4238 1609 4288 καὶ
1658 4240 1766 4288 ισο-

1876 4240 2311 4312 magnitudinem
2332 4253 2455 4293 esse
2486 4237 2718 4300 ducens,
2749 4234 2979 4305 surgite
3010 4233 3230 4297 throno,
3265 4241 3321 4285 et
3341 4231 3453 4283 Deo

164 4329 342 4389 θέσις
376 4329 583 4379 ἐκεῖνον
613 4328 778 4393 ἐτίμα
800 4328 1020 4394 τιμαῖς’
1050 4325 1130 4378 ἔτι
1160 4325 1215 4378 δὲ
1250 4325 1344 4379 xui
1377 4324 1474 4395 τὴν
1500 4340 1766 4395 προσηγο-

1881 4334 2107 4406 paribus
2143 4334 2294 4387 illum
2330 4331 2496 4385 allicit
2530 4328 2858 4383 honoribus.
2924 4327 3199 4381 Praeterea
3239 4339 3371 4377 vero
3398 4322 3451 4377 ei

168 4425 319 4493 ρίαν
348 4416 518 4473 αὑτοῦ
568 4416 663 4469 τοῦ
699 4417 829 4469 ἰδίου
872 4417 1010 4470 Θεοῦ
1055 4418 1301 4488 θέμενος,
1349 4418 1567 4488 ἀπάσης
1610 4418 1766 4471 αὑτὸν

1880 4424 2225 4495 quoque.’sui
2257 4423 2343 4475 dci
2388 4421 2640 4489 imposita
2669 4418 3058 4488 appellatione,
3095 4430 3222 4468 eum
3282 4414 3452 4467 tetius

161 4514 495 4581 ἐπίτροπον
518 4507 615 4579 τῆς
650 4506 931 4579 βασιλείας
963 4508 1218 4577 ἐποίησεν
1240 4524 1253 4538 °
1288 4511 1346 4561 οὑ
1384 4512 1491 4577 μὴν
1521 4510 1655 4562 ἀλλά
1678 4510 1766 4563 καὶ

1880 4520 2031 4589 regni
2050 4534 2169 4572 esse
2195 4515 2380 4571 cll'ecit
2405 4523 2738 4569 curatorem.
2758 4511 2900 4577 Quin
2928 4510 3096 4565 etiam
3118 4510 3237 4578 ejus
3254 4522 3453 4573 cogna-

158 4609 318 4669 τοὺς
355 4605 644 4672 συγγενεῖς
682 4600 833 4673 αὑτῷ
878 4603 973 4655 καὶ
1024 4601 1127 4671 τὴν
1169 4602 1371 4672 ἀρετὴν
1409 4602 1766 4671 ὁμοτρόπους,

1882 4617 1986 4666 tos.
2005 4610 2095 4676 qui
2121 4615 2279 4659 erant
2312 4606 2362 4658 ei
2394 4608 2595 4660 virtute
2618 4618 2799 4673 pares,
2824 4602 3099 4659 Azariam,
3120 4601 3366 4666 inquam,
3392 4607 3448 4652 et

165 4702 317 4762 τοὺς
377 4699 509 4768 περὶ
566 4696 825 4766 Ἀζαρίαν
874 4697 1037 4765 φημὶ,
1094 4696 1359 4765 ἄρχοντας
1421 4695 1766 4748 ἀναδείκνυσι

1876 4710 2128 4763 caeteros,
2170 4707 2321 4752 creat
2367 4695 2646 4766 principes
2704 4692 3041 4765 Babylonis:
3089 4706 3231 4761 quos
3280 4690 3445 4759 paulo

164 4790 545 4855 Βαὸυλῶνος,
569 4788 664 4851 οὒς
701 4788 815 4859 μετ’
849 4788 1030 4855 ὀλίγον
1063 4789 1169 4841 ὑπὸ
1206 4787 1402 4856 φθόνου
1446 4789 1541 4841 καὶ
1567 4788 1766 4857 βασκα-

1877 4802 2002 4864 post
2022 4792 2251 4861 contigit
2268 4802 2491 4860 propter
2508 4789 2764 4843 invidiam
2785 4788 3027 4842 incidere
3046 4791 3099 4841 in
3120 4785 3447 4857 periculum,

157 4886 312 4942 νίας
346 4882 433 4940 εὶς
470 4880 711 4931 κίνδυνον
737 4879 1001 4946 ἐμπεσεῖν
1032 4876 1335 4949 συνέϐη,τῷ
1365 4875 1577 4945 βασιλεῖ
1607 4892 1766 4945 προσ-

1878 4898 2002 4937 cum
2036 4897 2213 4949 regem
2244 4881 2601 4935 oti‘eudissent
2633 4880 2735 4931 hac
2765 4878 2832 4932 de
2855 4893 3019 4932 causa
3053 4894 3064 4929 :
3100 4892 3193 4929 rex
3226 4876 3313 4927 ille
3346 4875 3447 4927 Ba-

160 4969 543 5044 κρούσαντας
581 4966 639 5035 ἐξ
672 4971 852 5031 αἰτίας
886 4967 1145 5036 τοιαύτης
1173 4985 1186 4999 ·
1227 4973 1255 5023 ὁ
1286 4966 1625 5029 Βαϐυλώνιος
1677 4967 1766 5036 βω

1879 4974 2112 5045 bylonis,
2144 4973 2288 5027 felici
2324 4986 2503 5025 rerum
2543 4985 2825 5034 successu,
2851 4981 2905 5021 et
2939 4967 3167 5021 infinitis
3216 4964 3445 5031 divitiis,

159 5066 384 5130 σιλεὺς
414 5066 621 5128 ἐκεῖνος
650 5067 771 5128 ταῖς
798 5069 939 5119 κατὰ
961 5066 1052 5118 τὸν
1079 5064 1194 5135 βίον
1223 5066 1505 5135 εὑθηνίαις
1527 5066 1607 5127 είς
1636 5064 1766 5115 ἀπό-

1877 5074 1931 5118 et
1963 5062 2312 5117 multitudine
2346 5078 2533 5117 earum
2579 5075 2716 5130 quas
2782 5058 3141 5129 subjunxerat
3176 5058 3447 5128 gentium,

154 5179 345 5218 νοιαν
378 5156 665 5228 ἑπαρθεὶς,
689 5155 769 5210 ῐτι
806 5158 862 5209 δὲ
896 5160 990 5211 καὶ
1019 5158 1095 5228 τῷ
1120 5144 1387 5227 ἀμυθήτῳ
1426 5157 1638 5224 πλούτῳ
1679 5156 1766 5217 καὶ

1879 5157 1932 5210 iu
1957 5156 2269 5224 superbiam
2302 5155 2479 5208 elatus
2509 5161 2564 5206 et
2589 5151 2745 5206 valde
2802 5150 3042 5210 inflatus.
3073 5162 3127 5203 et
3155 5163 3446 5218 propemo-

153 5254 258 5327 τῷ
289 5249 496 5322 πλήθει
521 5252 630 5304 τῶν
667 5251 1051 5317 ὑποταγέντων
1084 5250 1253 5303 ἐθνῶν
1288 5251 1378 5301 ἐπὶ
1410 5250 1552 5318 μέγα
1584 5266 1642 5302 τε
1671 5266 1766 5317 φυ-

1875 5247 2005 5300 dum
2037 5256 2259 5315 propter
2281 5246 2558 5299 levitatem
2584 5260 2641 5299 se
2666 5244 2829 5297 deum
2854 5256 2976 5296 esse
3004 5241 3215 5295 visione
3243 5256 3447 5308 appre-

151 5341 387 5415 σηοεὶς
442 5340 537 5393 καὶ
589 5338 788 5409 μικροῦ
834 5341 928 5393 καὶ
970 5340 1101 5404 Θεὸς
1152 5336 1292 5395 εῖναι
1340 5341 1426 5393 διά
1460 5342 1766 5410 κουφότητα

1875 5337 2554 5407 hcndens,propemodum
2584 5352 2641 5392 se
2668 5337 2750 5390 vel
2771 5336 2905 5391 deos
2933 5351 3000 5389 eo
3028 5335 3146 5403 ipso
3170 5335 3259 5388 die
3289 5343 3445 5403 puta-

150 5432 554 5509 φαντασθεὶς,
591 5435 875 5504 μονονουχὶ
906 5435 997 5485 καὶ
1029 5434 1183 5496 θεοὺς
1216 5434 1475 5487 πλάττειν
1522 5435 1766 5503 αὐθημε-

1875 5433 1964 5488 bat
1988 5445 2146 5500 posse
2182 5430 2407 5500 lingere,
2436 5440 2493 5485 et
2538 5445 2759 5484 suarum
2803 5442 3063 5481 manuum
3096 5442 3262 5496 opera
3307 5426 3445 5493 deos

151 5546 279 5601 ρον
340 5523 485 5595 ᾤετο
522 5524 617 5577 καὶ
669 5524 738 5575 τά
787 5527 965 5579 οἰκεῖα
1017 5525 1129 5578 τῶν
1175 5525 1337 5578 αὐτοῦ
1390 5525 1595 5598 χειρῶν
1633 5526 1766 5597 ἔργα

1873 5525 2240 5579 contendebat
2272 5523 2506 5578 eliicere.
2549 5522 2688 5577 Hinc
2722 5522 2922 5576 factum
2953 5531 3057 5583 est,
3092 5532 3149 5577 ut
3176 5535 3300 5574 cum
3340 5535 3441 5573 au-

147 5621 348 5681 Geobc
378 5602 663 5681 ἀποδεῖξαι
686 5615 793 5668 δεῖν
817 5615 1076 5670 ἔσπευδεν
1098 5634 1108 5645 ·
1133 5618 1385 5670 ἐντεῦθεν
1412 5622 1505 5671 καὶ
1534 5619 1766 5689 χρυσοῦν

1874 5630 2019 5671 ream
2088 5616 2484 5670 construxisset
2557 5623 2813 5678 statuam,
2874 5612 3154 5683 sexaginta
3214 5612 3441 5680 quidem

150 5711 495 5781 ἀνδριάντα
532 5702 975 5769 κατασκευάσας,
1012 5710 1202 5780 πηχῶν
1238 5710 1297 5763 τὸ
1345 5711 1447 5780 μὲν
1482 5710 1611 5779 ὕψος
1649 5711 1766 5779 ἐξῆ-

1872 5708 2186 5762 cubitorum
2243 5708 2554 5773 altitudine,
2590 5722 2685 5762 sex
2742 5719 2924 5761 autem
2962 5706 3270 5769 latitudine,
3320 5720 3442 5760 eam

150 5814 382 5867 κοντα,
415 5798 475 5851 τὸ
518 5796 719 5862 πλάτος
756 5798 809 5853 δὲ
840 5798 915 5865 ἐξ,
958 5800 1150 5871 ἔστησε
1185 5802 1370 5856 τοῦτον
1403 5803 1459 5855 ἐν
1491 5803 1642 5871 μέσῳ
1673 5801 1764 5855 τ’ιῦ

1872 5802 2121 5857 Statuerit
2155 5801 2212 5857 in
2242 5800 2423 5857 medio
2468 5816 2659 5872 campo
2716 5800 3027 5871 Babylonis,
3082 5799 3177 5869 qui
3212 5806 3441 5853 vocatur
