4188 6310
784 354 890 415 379

2084 347 2371 411 MENSIS
2410 347 2704 411 IULIUS.

3921 349 4026 411 380

785 464 975 518 Deera.
1008 461 1219 516 Etcum
1273 474 1417 517 esset
1447 478 1568 517 eam
1596 473 2065 525 consecraturos,
2110 478 2177 515 ex
2234 469 2346 515 tota

2469 458 2638 512 τεδὶου
2682 458 3000 522 Βαϐυλῶνος
3053 458 3236 532 Δεηρὰ
3288 459 3622 531 καλουμένου
3674 462 3768 516 καὶ
3815 461 4026 531 μέλλων

787 563 952 619 terra,
983 553 1065 607 cui
1095 551 1418 622 imperabat,
1451 552 1777 607 convocavit
1815 551 2023 622 primos
2079 560 2350 620 satrapas.

786 644 1017 699 Dederat
1050 658 1184 697 vero
1233 645 1314 698 eis
1361 660 1580 714 quoque
1606 644 1845 714 signum,
1878 654 1937 698 ut
1971 659 2078 696 non
2132 653 2238 696 tam
2271 650 2351 696 te-

786 752 959 797 mere,
990 751 1091 790 nec
1133 735 1339 805 absque
1383 735 1561 805 aliqua
1603 737 1814 790 ratione
1850 737 1900 790 ei
1940 734 2207 788 honorem
2250 735 2351 787 tri-

785 827 1066 882 buerent:
1111 827 1206 880 sed
1273 836 1532 896 tanquam
1595 826 1750 897 signo
1820 826 1952 880 dato
2007 824 2350 885 accedentes,

784 933 908 973 cum
950 932 1146 986 magno
1177 925 1324 969 metu
1358 916 1672 969 adorarent.
1709 915 1833 970 Fuit
1874 924 2056 970 autem
2113 913 2217 965 tale
2268 914 2346 966 si-

784 1026 947 1081 gnum
984 1029 995 1061 :
1030 1009 1279 1075 Quando,
1315 1008 1512 1077 inquit,
1546 1009 1820 1061 audierint
1847 1008 2056 1070 tubam,
2092 1004 2195 1059 hoc
2243 1020 2357 1059 ma—

785 1119 888 1176 gna
926 1118 1055 1157 voce
1083 1102 1498 1171 significantem,
1528 1109 1656 1155 tunc
1687 1110 1924 1169 Oportet,
1970 1099 2171 1168 inquit,
2229 1112 2355 1167 pro-

786 1195 1028 1248 cidentes
1060 1194 1289 1247 adorare
1324 1202 1557 1246 statuam
1594 1210 1605 1245 :
1640 1208 1736 1247 eos
1758 1207 1912 1254 vero,
1956 1194 2049 1260 qui
2101 1190 2205 1247 hoc
2245 1205 2352 1243 non

786 1287 1032 1359 fecerint,
1060 1287 1322 1338 continuo
1361 1285 1509 1353 injici
1537 1286 1590 1337 in
1615 1284 1891 1339 fornacem
1921 1284 2059 1352 ignis
2086 1282 2352 1335 ardentis.

787 1375 855 1431 Ut
890 1376 1036 1428 enim
1071 1385 1217 1429 esset
1249 1377 1299 1428 ei
1358 1376 1532 1445 majus
1567 1384 1622 1428 et
1674 1373 1877 1428 clarius
1926 1381 2202 1426 certamen
2255 1385 2356 1440 pro

784 1475 983 1530 statua,
1011 1467 1167 1535 jubet
1229 1466 1509 1520 fornacem
1572 1483 1639 1520 ex
1696 1464 1969 1519 diametro
2040 1463 2354 1528 distantem,

785 1562 925 1628 pice,
950 1560 1263 1616 sarmentis.
1283 1559 1519 1627 naphtha
1547 1568 1602 1612 et
1622 1568 1814 1627 stuppa
1837 1557 2060 1612 accendi
2085 1573 2113 1609 e
2134 1557 2356 1625 regione

786 1660 978 1703 statua:
1008 1668 1020 1705 :
1050 1661 1110 1704 ut
1139 1652 1182 1705 si
1220 1652 1342 1720 quis
1382 1651 1804 1704 convinceretur
1856 1649 2033 1716 jussui
2071 1648 2213 1718 regis
2248 1663 2355 1701 non

788 1742 1107 1806 assentiens,
1134 1742 1189 1796 in
1220 1742 1497 1797 fornacem
1540 1742 1722 1795 statim
1752 1740 2143 1810 conjiceretur.

860 2017 973 2075 VII.
998 2019 1134 2075 Cum
1170 2034 1362 2074 omnes
1389 2034 1541 2087 ergo,
1571 2028 1625 2071 ut
1649 2016 1786 2087 jussi
1818 2014 2054 2076 fuerant,
2078 2011 2190 2082 jam
2216 2026 2362 2066 reso-

790 2121 955 2165 nante
986 2114 1138 2173 tuba,
1178 2111 1470 2166 adorarent
1497 2119 1754 2167 statuam,
1788 2105 1838 2158 hi
1862 2114 1971 2159 tres
2000 2104 2099 2159 soli
2141 2118 2362 2158 recusa-

794 2211 922 2255 runt
948 2202 1050 2256 hoc
1079 2202 1281 2264 facere,
1319 2210 1375 2253 ut
1431 2215 1582 2255 sacra
1619 2198 1818 2252 docent
1858 2194 2084 2266 Eloquia
2120 2211 2133 2246 :
2172 2204 2231 2247 ut
2267 2193 2361 2261 qui

792 2295 999 2364 patrias
1053 2293 1195 2364 leges
1253 2292 1558 2362 transgredi
1624 2291 1850 2344 minimc
1908 2288 2273 2348 sustinerent,
2302 2288 2360 2336 et

794 2384 964 2440 Deum
989 2383 1258 2436 dedecore
1284 2382 1521 2442 allicere,
1544 2390 1600 2433 ct
1630 2378 1924 2432 simulacro
1964 2374 2163 2429 offerre
2223 2372 2362 2426 ado-

796 2472 1083 2527 rationem.
1114 2470 1250 2524 Hinc
1282 2470 1481 2524 factum
1507 2477 1591 2523 est
1646 2477 1705 2521 ut
1727 2467 1870 2537 apud
1907 2465 2156 2534 iniquum
2181 2476 2363 2531 regem

793 2572 1202 2621 accusarentur.
1234 2562 1575 2617 Accedentes
1599 2571 1804 2621 autem,
1860 2562 1953 2631 qui
2001 2574 2097 2615 eos
2132 2574 2362 2613 accusa-

794 2656 928 2711 bant
964 2674 978 2709 :
1012 2657 1147 2721 Rex,
1187 2656 1465 2719 dixerunt,
1498 2654 1556 2713 ii.
1609 2653 1816 2723 quibus
1850 2670 1879 2706 a
1914 2662 1965 2707 te
2019 2653 2207 2707 datum
2278 2661 2365 2707 est

797 2748 1089 2818 imperium
1133 2747 1393 2818 regionis,
1437 2746 1691 2812 Sidrach,
1745 2747 1989 2815 inquam,
2026 2745 2137 2807 hic,
2178 2745 2364 2804 Misac.

795 2851 850 2896 et
879 2840 1192 2912 Abdenago,
1221 2856 1400 2911 neque
1424 2840 1649 2893 omnino
1675 2838 1952 2894 sustinent
1976 2836 2204 2892 adorare
2229 2838 2365 2891 ima—

797 2933 999 3001 ginem,
1032 2947 1209 3001 neque
1261 2932 1367 2986 tuis
1397 2929 1564 3001 jussis
1596 2930 1883 2985 obediunt.
1936 2929 2060 2984 Haec
2114 2945 2237 2984 cum
2288 2929 2363 2985 illi

798 3016 1084 3088 dixissent,
1115 3024 1151 3078 ii
1178 3024 1362 3078 statim
1392 3024 1643 3093 producti
1679 3032 1807 3077 sunt
1834 3032 1960 3076 ante
1994 3021 2229 3075 tribunal
2280 3034 2364 3073 re-

2457 548 2745 619 καθιεροῦν
2798 551 2994 616 αὐτὸν,
3022 552 3381 604 συνεκάλεσεν
3426 553 3484 619 ὲξ
3520 553 3737 622 ἀπάσης
3780 548 3850 622 ἦς
3883 548 4024 623 ἦρχε

2457 643 2560 712 γῆς
2603 643 2731 705 τοὺς
2772 643 3023 711 πρώτους
3060 644 3168 697 τῶν
3209 644 3528 713 σατραπῶν,
3558 644 3780 697 δεδώκει
3820 644 3877 698 δὲ
3928 645 4024 697 καὶ

2459 735 2687 802 σημεῖον
2717 735 2923 798 αὐτοῖς,
2948 734 3034 787 ῖνα
3064 735 3138 805 μὴ
3168 735 3354 798 ἁπλῶς
3388 734 3531 787 οὕτω
3556 734 3680 802 μηδ’
3707 734 3836 787 ἄνευ
3864 734 4025 802 λόγου

2454 831 2600 889 τινος
2635 826 2696 879 τὸ
2728 826 2890 890 σέϐας
2939 830 3088 900 αύτῷ
3122 829 3357 898 νέμοιεν,
3404 827 3517 880 ἀλλ’
3554 826 3741 894 ὥσπερ
3790 829 3857 879 ἐκ
3908 844 4028 879 συν·

2457 912 2701 985 ϐήματος
2750 918 3073 988 προσιόντας
3124 921 3220 973 σὺν
3263 920 3413 989 φόϐῳ
3458 918 3636 989 πολλῷ
3675 921 4025 987 προσκυνεῖν.

2457 1010 2565 1062 Καὶ
2585 1009 2641 1061 τὸ
2661 1013 2882 1078 σημεῖον
2906 1010 3128 1075 τοιόνδε,
3177 1011 3392 1075 Ἠνίκα,
3434 1013 3620 1079 φησὶν,
3648 1010 4025 1078 σημαινούσης

2458 1099 2755 1152 ἀκούσουσι
2796 1099 2939 1169 μέγα
2970 1100 3067 1169 τῆς
3104 1100 3424 1167 σάλπιγγος,
3456 1101 3599 1163 τότε,
3641 1101 3795 1169 φησὶ,
3840 1099 4028 1150 πεσόν-

2457 1206 2556 1251 τας
2589 1196 2919 1260 προσκυνεῖν
2956 1191 3047 1243 τὸν
3075 1189 3399 1259 ἀνδριάντα·
3452 1192 3578 1253 τοὺς
3620 1190 3678 1243 δὲ
3738 1189 3813 1259 μὴ
3870 1189 4029 1241 τοῦτο

2459 1278 2745 1342 ποιοῦντας
2773 1280 2973 1342 εὐθέως
3001 1283 3067 1349 τῇ
3090 1279 3182 1333 τοῦ
3217 1280 3385 1351 παρὸς
3414 1278 3753 1349 ἐμϐληθῆναι
3784 1279 4028 1346 καμίνῳ.

2461 1371 2580 1423 Ἵνα
2612 1371 2720 1440 γὰρ
2766 1370 2969 1438 μείζων
3017 1373 3164 1441 αὐτῷ
3190 1374 3294 1424 ’καὶ
3316 1374 3778 1442 περιφανέστερος
3821 1372 3851 1423 δ
3892 1373 4030 1441 ὑπὲρ

2458 1462 2553 1515 τοῦ
2588 1462 2905 1531 ἀνδριάντος
2937 1462 3088 1528 ἀγὼν
3117 1467 3381 1533 καταστῇ,
3416 1465 3509 1516 καὶ
3540 1466 3768 1533 κάμινον
3818 1465 3882 1515 ἐκ
3912 1463 4029 1513 δια-

2464 1556 2664 1625 μέτρου
2698 1556 2981 1607 κατέναντι
3017 1557 3114 1624 τῆς
3150 1555 3358 1617 εἰκόνος
3398 1556 3663 1624 ὲκκαῆναι
3701 1556 4031 1625 προστάττει

2460 1650 2630 1721 πίσσῃ
2674 1651 2768 1703 καὶ.
2804 1648 3114 1718 κληματίδι,
3149 1648 3282 1717 πρὸς
3318 1647 3373 1699 δὲ
3418 1645 3513 1699 καὶ
3556 1648 3733 1717 νάφθῃ
3777 1648 3877 1700 καὶ
3908 1664 4033 1699 στυ·

2462 1745 2599 1813 πείῳ
2655 1745 2891 1813 ίσχυρῶς
2930 1743 3292 1812 τρεφομένην,
3327 1744 3393 1794 ἵν’
3439 1743 3587 1804 ὅστις
3641 1741 3920 1812 ἐλέγχοιτο
3959 1741 4033 1811 τῷ

2390 1810 2432 1866 Β
2466 1810 2984 1906 βασιλικῷδόγματι
3020 1810 3578 1905 μὴήκατατιθέμενος,
3618 1810 3815 1888 αὐτίκα
3853 1810 4033 1903 παραέ

2464 1926 2685 1981 διδῶται
2707 1930 2772 1999 τῇ
2804 1929 3043 1997 καμίνῳ.

2534 2019 2606 2073 Z'.
2642 2019 2867 2072 Πάντων
2906 2015 3002 2072 οὖν
3036 2017 3178 2071 κατὰ
3202 2017 3262 2070 τὸ
3289 2016 3580 2070 κελευσθὲν
3602 2018 3666 2069 ἐκ
3692 2016 4035 2087 συνθήματος

2463 2112 2703 2180 ἡκούσης
2743 2110 2841 2179 ἤδη
2870 2111 2968 2179 τῆς
3002 2108 3298 2174 σάλπιγγος
3334 2106 3781 2177 προσκυνούντων
3825 2108 3919 2158 τον
3945 2107 4038 2156 ἀν-

2464 2202 2710 2272 δριάντα,
2743 2202 2791 2252 οἱ
2819 2202 2967 2269 τρεῖς
3004 2194 3149 2252 οὗτοι
3184 2198 3335 2266 μόνοι
3376 2199 3533 2251 τοῦτο
3562 2199 3767 2267 πρᾶξαι
3798 2199 4036 2266 ἠπείθη-

2469 2310 2589 2356 σαν,
2636 2291 2710 2354 ὼς
2754 2290 2850 2342 καὶ
2892 2292 2959 2341 τά
3005 2288 3123 2357 ἱερά
3172 2288 3484 2341 διδάσκουσι
3533 2289 3723 2355 Λόγια,
3763 2288 3858 2341 ἆτε
3912 2287 4037 2348 τοὺς

2468 2381 2752 2453 πατρῴους
2800 2380 2997 2449 νόμους
3043 2376 3361 2447 παραϐῆναι
3407 2376 3480 2446 μὴ
3530 2378 3895 2444 ἀνασχόμενοι
3940 2376 4040 2429 καὶ

2465 2474 2558 2529 τὸν
2612 2473 2834 2543 ὕψιστον
2881 2471 3013 2523 Θεὸν
3054 2470 3324 2540 ἀτιμάσαι
3360 2469 3454 2521 καὶ
3491 2465 3693 2536 εἰδώλῳ
3738 2482 4041 2534 προσενεγ-

2467 2571 2585 2629 κεῖν
2619 2566 2717 2636 τὴν
2747 2563 3120 2635 προσκύνησιν
3145 2578 3161 2594 ο
3208 2561 3383 2634 ταύτῃ
3423 2578 3501 2615 τοι
3548 2560 3641 2613 καὶ
3694 2560 3772 2629 τῷ
3813 2558 4041 2628 πονηρῷ

2468 2658 2847 2714 διαϐάλλονται
2882 2655 3128 2725 βασιλεῖ·
3168 2656 3263 2708 καὶ
3304 2655 3693 2724 προσελθόντες
3731 2654 3779 2706 οἱ
3815 2652 4044 2707 διαϐάλ-

2471 2752 2654 2813 λοντες
2697 2747 2927 2810 αὐτούς’
2962 2744 3216 2809 Βασιλεῦ,
3266 2744 3495 2814 ἔφησαν,
3542 2747 3591 2797 οῖ
3625 2744 3775 2815 παρὰ
3814 2744 3909 2797 σοῦ
3942 2744 4038 2812 τῆς

2470 2843 2653 2917 χώρας
2679 2843 2869 2913 ἄρχειν
2893 2840 3171 2917 λαχόντες,
3202 2837 3409 2905 Σεδρὰκ
3430 2831 3583 2897 οὗτος
3612 2836 3706 2888 καὶ
3730 2837 3915 2889 Μισάκ
3946 2838 4043 2891 καὶ

2484 2934 2813 3003 Ἀϐδεναγὼ,
2835 2932 2956 2986 οὔτε
2989 2935 3056 3003 τῇ
3093 2931 3261 2983 εἰκόνι
3293 2931 3624 2999 προσκυνεῖν
3649 2928 3785 2992 ὅλως
3817 2929 4045 2997 ἀνέχον-

2471 3044 2582 3091 ται,
2625 3025 2748 3102 οῦτε
2798 3025 2905 3094 μὴν
2948 3027 3061 3086 τοῖς
3109 3025 3220 3085 σοῖς
3271 3022 3607 3093 διατάγμασι
3663 3020 4041 3091 πειθαρχοῦσι.

796 3116 966 3187 Βίυῐηο
1025 3114 1165 3181 Ουίά
1207 3131 1338 3184 81⁵80
1389 3115 1650 3182 deinceps
1687 3122 1772 3166 est
1825 3111 2227 3165 εοηεοευιυωῗ
2273 3110 2366 3164 me
2394 3145 2437 3203 ο
2473 3119 2660 3175 Ταῦτα
2689 3113 2843 3171 εἷπον
2873 3119 3095 3182 ἐκεῖνοι,
3133 3117 3223 3169 καὶ
3255 3117 3391 3186 ταχὺ
3406 3116 3625 3177 τούτους
3650 3116 3728 3177 εἰς
3764 3114 4049 3182 παράστα-

799 3207 1022 3277 quidem
1059 3207 1289 3275 rogavit,
1336 3220 1404 3257 an
1436 3220 1563 3257 vera
1590 3209 1802 3268 essent,
1826 3212 1883 3257 et
1914 3201 2121 3256 nollent
2141 3217 2363 3257 auream

800 3305 1037 3353 statuam
1075 3295 1306 3351 adorare
1350 3310 1474 3350 cum
1515 3294 1655 3349 aliis.
1707 3294 1935 3350 Dicebat
1963 3294 2108 3348 enim
2138 3309 2195 3349 se
2259 3310 2369 3348 non

799 3390 1026 3445 credere
1058 3390 1173 3445 haec
1192 3404 1311 3444 esse
1354 3405 1500 3444 vera.
1530 3389 1611 3443 Illi
1656 3404 1784 3442 vero
1819 3403 2015 3457 magno
2046 3396 2103 3441 et
2147 3388 2369 3441 excelso

802 3483 987 3537 animo
1020 3482 1357 3535 dixeruntsc
1386 3483 1593 3534 nullum
1629 3482 1795 3533 alium
1845 3480 2074 3539 habere.
2129 3479 2233 3532 nisi
2286 3493 2378 3531 so.

802 3574 916 3628 lum
944 3573 1112 3628 Deum
1148 3573 1202 3626 in
1233 3572 1386 3627 caelis
1422 3588 1436 3627 :
1468 3571 1562 3641 qui
1602 3586 1701 3625 nos
1722 3579 1926 3640 potest,
1961 3584 1992 3623 ο
2020 3586 2132 3635 rex,
2155 3569 2373 3639 eripere

802 3683 867 3722 ex
906 3666 1008 3720 bac
1033 3664 1255 3720 fornace
1290 3665 1538 3727 ardente,
1574 3673 1631 3716 et
1657 3680 1723 3717 ex
1746 3664 1852 3716 tuis
1876 3662 2151 3716 manibus.
2205 3659 2373 3716 Certo

803 3760 948 3813 enim
1001 3760 1165 3819 scias,
1220 3756 1367 3824 quod
1400 3771 1499 3809 nos
1544 3756 1676 3809 deos
1712 3764 1834 3807 tuos
1880 3770 1988 3806 non
2034 3756 2296 3817 colemus,
2321 3761 2375 3805 et

806 3863 1050 3909 auream,
1084 3862 1246 3915 quam
1277 3845 1529 3914 posuisti,
1573 3856 1803 3903 statuam
1846 3859 1954 3898 non
1995 3843 2375 3897 adorabimus.

808 3944 1186 4012 Histyrannus
1220 3954 1329 3995 non
1359 3943 1540 3992 minus
1571 3940 1650 3992 ira
1678 3953 1965 3998 accensus,
1992 3952 2155 4007 quam
2180 3936 2371 3990 fornax

806 4036 1199 4107 ardens,jubet
1234 4036 1405 4088 iratus
1440 4035 1590 4087 viros
1636 4034 1914 4097 robustos,
1958 4031 2208 4083 Azariam
2252 4044 2378 4084 cum

806 4133 1039 4193 caeteris,
1072 4130 1283 4183 vinctos
1304 4142 1428 4181 cum
1480 4127 1726 4180 vestibus
1777 4135 1833 4177 et
1869 4124 2169 4189 tibialibus,
2217 4122 2291 4176 ita
2320 4129 2381 4175 ut

807 4233 984 4287 erant,
1023 4222 1077 4276 in
1108 4221 1385 4275 fornacem
1424 4217 1673 4287 injicere.
1700 4216 1768 4271 Et
1804 4215 1889 4271 illi.
1923 4215 2143 4286 quidem
2192 4215 2379 4269 statim

809 4319 864 4372 in
898 4318 1076 4387 ignem
1112 4313 1319 4383 injecti,
1349 4312 1534 4366 divina
1590 4308 1936 4380 providentia
1982 4314 2380 4361 conservantur

810 4410 987 4470 Πιθεῖ,
1020 4416 1075 4461 et
1098 4404 1494 4458 admirabiliter
1522 4418 1587 4457 ac
1607 4411 1799 4457 contra
1835 4400 2150 4470 opinionem
2203 4398 2381 4451 mani-

2476 3232 2560 3269 σιν
2592 3213 2652 3266 τὸ
2683 3212 2963 3278 βασιλικὸν
2989 3211 3202 3281 ἐδέχετο
3237 3210 3415 3280 βῆμα·
3448 3210 3501 3260 τί
3528 3207 3622 3261 οὖν
3652 3208 3712 3259 τὸ
3748 3206 4043 3271 ἑντεῦθενς

2481 3305 2541 3358 Ὀ
2574 3304 2674 3375 μὲν
2696 3306 2744 3357 εί
2773 3302 2948 3373 άληθῆ
2985 3302 3159 3355 ταῦτα
3203 3301 3587 3354 διεπυνθάνετο
3631 3297 3725 3349 καὶ
3761 3299 3827 3365 τῇ
3868 3300 4042 3366 χρυσῇ

2471 3394 2639 3446 εἰκόνι
2671 3390 2810 3459 μετά
2835 3389 2941 3440 τῶν
2970 3389 3144 3442 ἄλλων
3178 3390 3239 3439 ού
3278 3388 3603 3454 προσκυνεῖν
3630 3383 3908 3453 βούλοιντο
3927 3398 3943 3412 ⁸
3974 3386 4045 3455 μὴ

2471 3479 2665 3545 δὲ’γάρ
2698 3477 2979 3530 πιστεύειν
3003 3476 3191 3544 ἔλεγεν
3221 3476 3478 3545 ἀληθείας
3500 3473 3719 3543 ἔχεσθαι
3749 3474 3924 3528 ταῦτα
3947 3490 3961 3504 ·
4000 3479 4049 3528 οῖ

2472 3571 2530 3624 δὲ
2566 3568 2937 3640 μεγαλόφρονι
2976 3569 3184 3639 διανοίᾳ
3214 3567 3365 3620 οὐδὲν
3405 3568 3591 3636 ἕτερον
3627 3565 3659 3634 ἢ
3704 3566 3850 3634 ἔχειν
3886 3568 4050 3634 μόνον

2473 3663 2606 3717 Θεὸν
2637 3666 2693 3716 ὲν
2721 3664 2971 3733 οὐρανοῖς
3003 3661 3345 3730 ἔφασκονώς
3378 3660 3662 3727 ἐξελέσθαι
3696 3662 3847 3728 ἡμᾶς
3886 3658 4047 3713 δύνα-

2473 3770 2567 3805 ται
2600 3754 2695 3821 τῆς
2732 3754 2967 3819 καμίνου
2994 3750 3199 3817 ταύτης
3234 3752 3334 3821 τῆς
3369 3754 3663 3823 καιομένης
3689 3755 3781 3805 καὶ
3809 3751 3917 3804 τῶν
3944 3752 4055 3804 σῶν

2477 3844 2698 3915 χειρῶν,
2729 3837 2773 3896 ὦ
2805 3841 3047 3912 βασιλεῦ.
3083 3842 3330 3894 Γνωστὸν
3371 3845 3480 3915 γὰρ
3510 3845 3727 3917 ἀληθῶς
3769 3845 3913 3898 ἔστω
3945 3862 4048 3909 σοι,

2475 3938 2556 3990 ὅτι
2589 3937 2702 3999 τοῖς
2732 3933 2875 3997 θεοῖς
2919 3948 3014 3985 σου
3053 3931 3111 3983 ού
3145 3930 3484 4003 λατρεύομεν
3527 3938 3620 3988 καὶ
3664 3938 3729 4005 τῇ
3764 3938 3936 3989 εικόνι
3988 3939 4049 4006 τῇ

2476 4029 2653 4096 χρυσῇ
2739 4025 2980 4095 ἔστησας
3003 4023 3063 4077 οὐ
3087 4024 3531 4096 προσκυνοῦμεν.
3559 4023 3784 4086 Τούτοις
3810 4025 3839 4075 ό
3856 4024 4053 4092 τύριν⁴

2478 4133 2567 4180 νος
2592 4117 2745 4168 οὐδὲν
2771 4133 2933 4186 ηττον
2969 4118 3065 4183 τῆς
3097 4118 3431 4186 ἀναφθείσης
3462 4118 3695 4183 καμίνου
3736 4115 4051 4178 διακαυθεὶς

2480 4206 2682 4276 ἄνδρας
2706 4205 2960 4276 ἰσχυροὺς
2991 4205 3049 4255 ὲν
3075 4206 3212 4274 ὀργῇ
3246 4204 3456 4256 κελεύει
3482 4206 3609 4266 τοὺς
3634 4205 3761 4271 περὶ
3796 4205 4053 4273 Ἀζαρίαν

2480 4300 2676 4363 αὐταῖς
2706 4298 2922 4360 στολαῖς
2949 4299 3043 4350 καὶ
3078 4298 3471 4367 περικνημῖσιν
3502 4294 3578 4359 ὡς
3606 4291 3752 4364 εἶχον
3790 4297 4056 4365 πεδήσαν-

2481 4412 2596 4457 τες,
2632 4395 2895 4462 ἐμϐαλεῖν
2928 4395 3008 4458 είς
3047 4392 3145 4464 τὴν
3183 4393 3452 4462 κάμινον·
3497 4392 3591 4446 καὶ
3637 4392 3686 4445 oi
3732 4392 3834 4462 μὲν
3876 4372 3964 4453 είς
4000 4390 4056 4442 τὸ

809 4498 1007 4554 festum
1032 4495 1303 4565 emugiunt
1329 4492 1656 4563 periculum.
1696 4490 1814 4546 Non
1846 4490 1995 4545 enim
2026 4504 2123 4543 eos
2157 4488 2376 4542 omnino

2488 4485 2600 4554 πῦρ
2630 4486 2833 4547 εὐθέως
2865 4486 3185 4556 βληθέντες,
3213 4483 3278 4536 ὲκ
3322 4484 3577 4554 προνοίας
3608 4483 3759 4545 θείας
3797 4480 4057 4542 ἀϐλαϐεῖς

811 4590 953 4660 ignis
986 4588 1186 4658 attigit,
1241 4601 1420 4655 neque
1455 4600 1550 4639 eos
1580 4584 1691 4638 ulla
1723 4584 1908 4637 affecit
1940 4580 2214 4635 molestia.
2275 4578 2383 4635 Sed

811 4694 935 4735 cum
968 4694 1074 4732 una
1105 4693 1229 4738 cum
1267 4680 1348 4731 eis
1377 4677 1751 4732 descendisset
1780 4686 1835 4729 et
1874 4676 2134 4745 Angelus,
2194 4674 2383 4727 statim

812 4765 1037 4837 quidem
1062 4781 1091 4819 a
1132 4765 1543 4833 circumpositis
1572 4766 1891 4817 relaxantur
1942 4764 2215 4817 vinculis:
2250 4778 2384 4817 aura

817 4866 998 4915 autem
1029 4873 1153 4912 rore
1203 4871 1518 4928 aspergens,
1543 4855 1624 4910 eis
1647 4857 1824 4911 evasit
1849 4854 2011 4926 ignis,
2042 4865 2097 4909 et
2121 4867 2382 4925 tanquam

815 4952 869 5004 in
933 4952 1171 5011 thalamo
1222 4951 1276 5004 in
1333 4951 1512 5003 media
1544 4949 1761 5004 flamma
1807 4957 2039 5009 stantes,
2092 4948 2388 5001 laudabant

817 5044 987 5100 Deum
1028 5044 1413 5097 universorum
1451 5059 1464 5095 :
1497 5042 1825 5097 Benedictus
1866 5057 1948 5105 es,
1979 5040 2250 5103 dicentes,
2284 5040 2389 5093 Do-

820 5142 989 5208 mine,
1028 5140 1172 5195 Deus
1198 5146 1414 5209 patrum
1449 5147 1783 5201 nostrorum,
1802 5147 1870 5192 .et
1897 5136 2172 5191 laudabile
2197 5142 2254 5190 et
2276 5134 2390 5205 glo-

822 5234 1032 5288 riosum
1058 5242 1143 5287 est
1170 5246 1369 5287 nomen
1405 5242 1557 5285 tuum
1607 5232 1662 5285 in
1702 5232 1897 5286 saecula
1924 5246 1937 5282 :
1967 5238 2023 5283 et
2080 5244 2203 5298 quae
2234 5228 2392 5282 dein-

819 5339 950 5393 ceps
999 5331 1309 5392 sequuntur
1361 5322 1414 5375 in
1471 5323 1704 5376 cantico.
1761 5323 1869 5377 Eos
1911 5336 2040 5375 vero
2100 5320 2197 5390 qui
2242 5320 2391 5389 ipsos

820 5408 1175 5477 accusabant,
1198 5413 1499 5474 Chaldaeos,
1530 5422 1587 5466 et
1616 5412 1818 5465 multos
1860 5412 1997 5465 alios
2033 5427 2098 5465 ex
2132 5410 2389 5481 Assyriis,

825 5506 966 5576 ignis
990 5520 1290 5559 excurrens
1314 5503 1552 5573 perdidit
1580 5510 1635 5558 et
1664 5501 1964 5557 interemit.
2020 5503 2111 5556 Sic
2132 5503 2307 5573 gloria
2337 5511 2395 5557 et

824 5600 1037 5654 honore
1065 5612 1327 5653 coronare
1356 5598 1509 5651 novit
1530 5597 1674 5651 Deus
1697 5611 1812 5659 eos,
1838 5597 1933 5666 qui
1963 5611 2155 5651 revera
2190 5610 2392 5651 nomen

830 5693 981 5745 illius
1006 5690 1332 5762 glorificant.
1361 5690 1451 5745 Sic
1478 5689 1582 5744 ﬁde
1630 5690 1829 5759 dignus
1855 5698 1962 5753 est,
1993 5690 2085 5759 qui
2116 5689 2391 5760 promisit,

826 5784 971 5859 quod
1044 5783 1257 5839 etiamsi
1293 5799 1388 5853 per
1427 5784 1604 5852 ignem
1648 5783 1855 5847 venias,
1888 5798 1994 5838 non
2031 5783 2394 5846 combureris,

2485 4576 2843 4641 διασώζονται
2882 4576 2976 4629 καὶ
3013 4575 3333 4644 παραδόξως
3389 4574 3479 4627 τὸν
3510 4574 3764 4646 προφανῆ
3812 4574 4056 4627 κίνδυνον

2488 4667 2928 4736 ὑποφεύγουσινο
2962 4668 3024 4720 ού
3052 4668 3159 4738 γάρ
3194 4667 3374 4738 ἥψατο
3404 4665 3588 4720 αὐτῶν
3630 4664 3690 4718 τὸ
3734 4665 3973 4718 καθόλου
4004 4666 4060 4718 τὸ

2490 4760 2600 4831 πῦρ
2631 4760 2757 4814 οὐδὲ
2791 4760 2898 4831 μὴν
2933 4759 3170 4829 ἐλύπησε
3202 4761 3263 4812 τὸ
3292 4760 3572 4829 παράπαν,
3606 4756 3743 4810 ἀλλὰ
3785 4773 4061 4825 συγκατα-

2490 4852 2687 4916 ϐάντος
2712 4855 2894 4914 αὐτοῖς
2926 4853 3182 4921 ἀγγέλου,
3206 4852 3447 4905 ἀνίενται
3473 4850 3572 4921 μὲν
3606 4850 3713 4903 τῶν
3741 4851 4062 4919 περικειμέ-

2492 4966 2597 5002 νων
2634 4948 2831 5001 αύτίκα
2864 4947 3081 5013 δεσμῶν
3105 4960 3121 4979 ⁸
3150 4944 3292 5015 αὖρα
3321 4942 3378 4995 δὲ
3414 4940 3737 5012 δροσίζουσα
3756 4942 3819 4993 τὸ
3843 4942 3958 5011 πῦρ
3979 4942 4062 4993 αὖ·

2491 5042 2606 5102 τοῖς
2645 5041 2915 5106 ἐγεγόνει,
2947 5038 3044 5091 καὶ
3085 5037 3159 5099 ὡς
3204 5039 3262 5088 ἐν
3304 5034 3537 5087 παστάδι
3587 5036 3655 5103 τῇ
3694 5031 3860 5100 φλογὶ
3907 5033 4064 5094 μέσον

2494 5132 2727 5194 ἑστῶτες
2748 5132 2837 5185 τὸν
2862 5131 2953 5183 ἐπὶ
2975 5129 3191 5182 πάντων
3218 5126 3424 5196 ὕμνουν
3454 5126 3619 5179 Θεόν·
3646 5124 3967 5195 Εὐλογητὸς
3999 5120 4061 5187 εἰ,

2496 5224 2691 5295 Κύριε,
2722 5222 2993 5290 λέγοντες,
3023 5223 3052 5275 δ
3081 5220 3213 5282 Θεὸς
3229 5220 3337 5271 τῶν
3364 5217 3617 5287 πατέρων
3640 5216 3819 5285 ἡμῶν,
3857 5220 3953 5271 καὶ
3986 5217 4065 5266 αἰ-

2496 5316 2647 5368 νετὸν
2673 5315 2766 5367 καὶ
2787 5312 3170 5380 δεδοξασμένον
3195 5310 3254 5362 τὸ
3275 5307 3446 5377 ὄνομά
3466 5322 3557 5359 σου
3585 5308 3663 5369 είς
3688 5306 3821 5367 τοὺς
3845 5306 4063 5365 αἰῶνας,

2498 5410 2591 5461 καὶ
2623 5408 2691 5460 τὰ
2720 5406 2847 5473 ἑξῆς
2876 5403 2976 5473 τῆς
3008 5402 3177 5472 ᾠδῆς·
3217 5402 3343 5461 τοὺς
3369 5399 3426 5450 δὲ
3465 5394 3823 5458 διαϐαλόντας
3876 5396 4064 5454 αὐτοὺς

2499 5499 2801 5560 Χαλδαίους
2825 5497 2921 5550 καὶ
2943 5494 3173 5557 πολλοὺς
3196 5492 3383 5552 ἄλλου,
3412 5489 3519 5542 τῶν
3552 5488 3861 5558 ’Δσσυρίων
3882 5490 3943 5540 τὸ
3963 5485 4065 5554 πῦρ

2500 5591 2771 5662 ὲκδραμὸν
2804 5587 3079 5657 διέφθειρέ
3110 5602 3171 5638 τε
3200 5584 3293 5638 καὶ
3326 5582 3408 5645 είς
3430 5582 3583 5642 τέλος
3604 5579 3897 5633 ἀπώλεσεν
3922 5617 3939 5636 ,
3969 5575 4069 5633 06-

2501 5703 2578 5737 τω
2613 5682 2742 5753 δόξῃ
2772 5683 2866 5734 καὶ
2896 5682 3025 5749 τιμῇ
3057 5675 3357 5744 στεφανοῦν
3388 5670 3495 5727 οἵδε
3527 5672 3661 5736 Θεὸς
3680 5675 3812 5737 τοὺς
3844 5674 3992 5745 ἔργῳ
4015 5670 4064 5723 τὸ

2500 5776 2713 5833 ἑκείνου
2749 5773 3072 5841 δοξάζοντας
3123 5772 3293 5841 ὄνομα
3317 5785 3328 5798 ·
3366 5767 3508 5823 οὕτω
3538 5768 3729 5829 πιστὸς
3758 5770 3786 5821 ο
3816 5770 4064 5835 ἐπαγγει-
