4188 6310
212 406 310 469 381

1233 401 1405 466 νιΤΑ
1449 400 1510 462 S.
1568 394 1992 458 PROPHETIE
2028 390 2411 453 DANlELlS.

3351 379 3457 441 382

213 524 468 591 λάμενος,
519 521 599 573 ὅτι
631 517 748 571 Κᾶν
788 516 877 570 διὰ
921 518 1088 583 πυρὸς
1127 514 1362 584 διέλθῃς,
1400 512 1460 566 οὗ
1501 511 1574 582 μὴ
1610 526 1781 563 καταο

1904 522 2062 576 ιοῳιε
2094 502 2334 557 ardebis.
2370 499 2552 568 Atque
2586 496 2702 551 haec
2736 491 2958 565 quidem
2995 490 3075 546 sic
3124 487 3459 546 habuerunt,

217 611 421 681 καυθῇς
449 610 572 664 οὺδέ
613 608 684 678 μὴ
724 608 1067 679 συμφλεγῇς.
1097 603 1222 675 Εῐχε
1258 605 1358 674 μὲν
1398 604 1542 657 οὕτω
1575 601 1779 656 ταῦτα’

218 704 313 756 καὶ
338 704 388 756 oi
417 703 565 771 τρεῖς
593 699 779 763 παῖδες
803 701 860 752 ἐν
883 700 948 770 τῇ
974 698 1187 767 καμίνῳ
1218 696 1429 767 διῆγον,
1464 696 1542 747 ἔτι
1574 694 1664 748 τὸν
1692 694 1785 746 ἐπὶ

220 798 439 849 πάντων
471 793 750 854 αἰνοῦντες
774 791 926 844 Θεόν.

292 886 373 941 H'.
416 888 475 941 '0
508 884 857 954 βασιλευς⁴δὲ
907 883 966 934 τὸ
1006 883 1236 952 πρᾶγμα
1269 878 1357 933 διὰ
1388 878 1663 947 θαύματος
1697 876 1786 927 θέ-

222 994 409 1044 μενος,
439 975 532 1028 τοῦ
568 975 757 1042 Θρὸνου
798 970 895 1040 μὲν
925 970 1087 1033 εὐθὺς
1110 972 1482 1036 ἐξανίσταται·
1515 964 1789 1033 διαπορῶν

217 1068 276 1119 δὲ
306 1063 397 1137 ἦν,
433 1065 550 1126 πῶς
591 1063 699 1132 ἄρα
741 1062 888 1133 τρεῖς
932 1061 1061 1130 παρ’
1097 1059 1260 1112 αὑτοῦ
1305 1062 1371 1129 τῇ
1407 1058 1623 1126 καμίνῳ
1660 1055 1790 1124 βλη-

220 1157 408 1219 θέντες
444 1156 707 1221 τέσσαρες
742 1148 1246 1220 ἄρτικαθορῶνται,
1286 1149 1451 1219 μηδὲν
1482 1148 1723 1217 λυπηρὶν
1755 1148 1785 1217 ἢ

220 1246 384 1313 ἀηδὲς
411 1244 545 1304 ὅλως
593 1240 836 1310 ἔχοντες⁸
884 1241 917 1309 ή
963 1235 1058 1289 τοῦ
1096 1238 1359 1305 τετάρτου
1396 1236 1449 1287 δέ
1480 1235 1599 1303 ὄψις
1626 1234 1788 1303 ὁμοία

224 1336 342 1406 Υἱῷ
376 1335 534 1398 Θεοῦ,
561 1335 654 1387 καὶ
688 1332 887 1385 αὐτίκα
933 1330 1070 1399 πρὸς
1110 1333 1174 1399 τῇ
1220 1328 1357 1399 θύρα
1409 1327 1505 1380 τοῦ
1554 1328 1787 1394 καμίνου

222 1432 555 1499 γενόμενος’
588 1428 812 1497 Σεδρὰχ,
844 1426 969 1495 ἔφη,
996 1425 1089 1476 καὶ
1120 1424 1305 1477 Μισόυι
1334 1425 1427 1475 καὶ
1458 1421 1787 1489 Ἀὅδεναγὼ,

223 1524 274 1574 οἱ
302 1520 480 1575 δοῦλοι
504 1519 597 1571 τοῦ
625 1518 761 1570 Θεοῦ
803 1517 897 1568 τοῦ
942 1515 1193 1582 ὑψίστου,
1216 1513 1458 1577 ἐξὲλθετε
1487 1515 1580 1565 καὶ
1607 1513 1785 1566 δεῦτε’

218 1614 271 1665 οῖ
302 1612 359 1666 δέ
387 1610 610 1680 ἐξῆλθον
640 1609 764 1662 σῶοι
813 1607 904 1660 καὶ
933 1605 1165 1670 ἄθικτοι,
1206 1606 1337 1675 μηδέ
1379 1606 1561 1674 τριχὸς
1610 1604 1789 1659 αὐτῶν

216 1705 315 1758 τοῦ
344 1706 516 1774 πυρὸς
541 1702 955 1774 κυριεύσαντος.
984 1702 1170 1754 Ταῦτα
1192 1700 1267 1763 ὡς
1302 1695 1441 1753 εἶδεν
1461 1702 1486 1753 ὁ
1515 1699 1788 1769 βασιλεὺς,

217 1798 320 1869 τὴν
349 1795 657 1866 ὑπερϐολὴν
681 1794 773 1846 τοῦ
808 1793 1109 1857 θαύματος,
1137 1793 1338 1862 μᾶλλον
1367 1792 1424 1844 δέ
1448 1793 1556 1845 τῶν
1582 1792 1792 1861 θαυμά-

216 1905 330 1941 των
358 1885 750 1952 καταπλαγεὶς,
786 1883 867 1935 ὅτι
893 1900 951 1934 τε
983 1882 1263 1950 κρείττους
1291 1880 1554 1948 ὤφθησαν
1583 1881 1788 1933 τοιοῦδε

218 1977 416 2047 πυρὸς,
447 1976 541 2029 καὶ
571 1975 651 2028 ὃτι
686 1972 761 2043 μὴ
791 1971 975 2033 ἁπλῶς
1003 1965 1311 2042 κρείττους,
1336 1969 1471 2021 ἀλλὰ
1504 1969 1638 2038 μηδὲ
1671 1968 1792 2037 θρὶξ

217 2068 403 2122 αὐτῶν
430 2068 489 2120 τὸ
510 2064 985 2136 εύμαραντότατον
1005 2061 1244 2133 τοσαύτῃ
1275 2060 1561 2131 παρερῤύη
1593 2061 1752 2129 φλογί
1774 2076 1787 2090 ·

216 2179 361 2233 προς
405 2161 616 2223 τούτοις
648 2161 729 2213 ὅτι
764 2158 1042 2228 δεδεμένοι
1082 2154 1231 2219 ὅντες
1254 2154 1414 2218 εὐθὺς
1466 2155 1783 2225 ἀνείθησαν,

216 2256 318 2307 καὶ
355 2257 545 2323 οτιπερ
589 2254 645 2303 ἐν
697 2253 765 2321 τῇ
814 2250 1033 2320 καμίνῳ
1075 2248 1343 2318 παρόντες
1390 2247 1467 2301 ἔτι
1510 2247 1603 2301 καὶ
1648 2247 1794 2318 ᾅδειν

216 2344 503 2414 ἠκούοντο,
532 2343 559 2395 ὃ
589 2343 701 2407 τοῖς
747 2345 803 2396 ἐν
844 2340 1003 2410 φλογὶ
1036 2340 1270 2393 θάνατον
1303 2339 1468 2403 ὀξέως
1516 2334 1658 2392 οἶδεν
1693 2340 1794 2392 ἐπι

217 2440 378 2506 ἁγειν
429 2436 565 2505 αὑτῇ
601 2434 947 2504 παραχρῆμα
977 2432 1326 2502 τῇιδιανοίξει
1364 2432 1457 2484 τοῦ
1503 2432 1794 2502 στόματος,

218 2528 319 2581 καὶ
358 2527 440 2580 ὅτι
483 2526 542 2579 τὸ
582 2524 692 2594 πῦρ
734 2526 913 2576 ἐκεῖνο
944 2523 969 2575 ὃ
994 2526 1092 2592 τῆς
1119 2523 1327 2584 οἰκείας
1373 2523 1430 2574 ἐν
1460 2522 1671 2584 τούτοις
1710 2524 1796 2588 ἐξ-

216 2621 452 2679 ελάθετο
506 2619 746 2689 φύσεως,
789 2619 848 2669 ἐν
888 2619 999 2673 τοῖς
1056 2616 1187 2683 περὶ
1240 2614 1341 2686 τὴν
1404 2613 1634 2685 κάμινον
1677 2610 1795 2669 οὖσι

218 2712 517 2774 Χαλδαίοις
550 2709 659 2779 πῦρ
689 2708 915 2771 ἀκριϐὲς
944 2703 1012 2778 ἦν
1042 2706 1135 2760 καὶ
1164 2707 1288 2760 οὐδὲ
1320 2706 1462 2761 κατὰ
1488 2705 1670 2776 χώραν
1700 2707 1797 2776 μὲ-

222 2820 342 2865 νονν,
373 2801 489 2855 ἀλλ’
516 2800 658 2866 ἐξιὰν
700 2798 794 2852 καὶ
824 2799 1116 2869 ἁλλόμενον
1159 2797 1252 2849 καὶ
1297 2798 1425 2859 τοὺς
1474 2795 1658 2860 ἀξίους
1705 2796 1796 2848 εύ-

224 2894 548 2964 μαρέστατα
590 2890 953 2958 καταρλέγον·
1012 2889 1186 2942 ταῦτα
1243 2888 1421 2941 πάντα
1471 2888 1679 2951 ἐκεῖνος
1723 2888 1799 2949 ὡς

221 2983 389 3051 εἶδεν,
425 2986 505 3047 είς
535 2983 637 3051 γῆν
677 2999 737 3033 τε
785 2980 946 3043 εὐθὺς
966 2980 1162 3033 ἔπιπτε
1213 2978 1338 3045 καὶ,
1380 2978 1679 3048 Εὐλόγητος
1725 2972 1795 3045 εἴ,

223 3078 424 3147 Κύριε,
455 3074 664 3145 μεγάλῃ
687 3070 888 3142 ἕκραζε
919 3074 984 3142 τῇ
1016 3075 1190 3143 φωνῇ,
1224 3071 1252 3125 ὀ
1274 3070 1407 3134 Θεὸς
1433 3069 1526 3123 τοῦ
1567 3070 1796 3140 Σεδρὰχ,

1887 612 1943 656 et
1978 612 2085 654 tres
2119 596 2277 667 pueri
2313 594 2582 664 degebant
2630 590 2683 644 in
2711 588 2933 642 fornace
2961 582 3250 638 laudantes
3286 580 3456 633 Deum

1893 692 2294 747 universorum.

1963 871 2098 927 Vlll.
2132 869 2245 923 Rex
2274 874 2455 921 autem
2497 877 2611 916 rem
2643 859 2971 921 admiratus,
3002 851 3185 909 statim
3236 848 3459 920 quidem

1892 965 2067 1032 surgit
2108 978 2137 1015 e
2172 960 2370 1013 throno
2409 974 2421 1009 :
2458 952 2745 1009 dubitabat
2792 957 2999 1009 autem,
3035 942 3312 1013 quomodo
3346 950 3461 994 tres

1892 1057 1959 1109 ab
1982 1070 2047 1109 eo
2083 1052 2315 1122 cmijeCti
2352 1049 2404 1101 in
2460 1047 2760 1106 fornacem,
2788 1055 2937 1094 nunc
2967 1044 3268 1092 cernantur
3320 1047 3459 1102 qua-

1895 1157 2039 1206 tuor.
2066 1144 2159 1213 qui
2190 1141 2329 1195 nihil
2355 1138 2580 1192 omnino
2602 1148 2766 1205 grave
2785 1142 2879 1185 aut
2902 1130 3189 1183 molestum
3214 1138 3459 1180 sensere.

1894 1243 2164 1309 Aspectus
2194 1249 2327 1290 vero
2371 1233 2551 1303 quarti
2597 1236 2683 1283 est
2706 1227 2903 1283 similis
2934 1224 3074 1278 Filio
3103 1220 3219 1275 Dei.
3246 1218 3316 1273 Et
3351 1228 3461 1271 stac

1897 1335 1990 1388 tim
2025 1329 2293 1386 accedens
2325 1326 2393 1380 ad
2423 1324 2622 1380 ostium
2644 1320 2902 1384 fornacis,
2940 1314 3211 1372 Sedrach.
3259 1313 3458 1380 inquit,

1892 1433 1949 1480 et
1983 1424 2169 1484 Misac.
2197 1429 2251 1475 et
2282 1419 2601 1489 Abdenago,
2636 1412 2780 1469 servi
2818 1410 2912 1465 Dei
2944 1407 3213 1470 altissimi,
3249 1404 3466 1458 exiteet

1892 1517 2093 1571 venite.
2156 1514 2234 1568 llli
2290 1520 2473 1565 autem
2510 1507 2645 1562 salvi
2702 1502 2908 1575 egressi
2968 1510 3097 1555 sunt
3134 1508 3192 1552 et
3246 1494 3463 1556 intacti,

1896 1622 2020 1663 cum
2052 1620 2119 1659 ne
2165 1604 2219 1657 in
2252 1615 2420 1655 unum
2456 1597 2681 1667 quidem
2716 1595 2887 1663 pilum
2924 1589 3263 1644 dominatum
3323 1582 3469 1636 obti-

1898 1699 2109 1754 nuisset
2138 1694 2297 1765 ignis.
2323 1691 2449 1747 llaac
2480 1687 2870 1746 cum-vidisset
2918 1698 3037 1745 rex,
3078 1675 3332 1733 miraculi
3378 1673 3466 1728 vel

1901 1791 2084 1862 potius
2109 1786 2500 1843 miraculorum
2541 1794 2809 1837 summam
2854 1784 3083 1846 stupens
3132 1767 3467 1840 magnitudi-

1897 1898 2045 1947 nem,
2084 1897 2282 1949 nempe
2319 1878 2466 1948 quod
2497 1887 2554 1932 et
2601 1876 2695 1929 tali
2743 1875 2868 1943 igne
2898 1870 3103 1926 fuerint
3128 1864 3466 1937 superiores,

1894 1980 1950 2026 et
1978 1969 2125 2040 quod
2157 1984 2266 2022 non
2293 1969 2467 2021 solum
2496 1966 2833 2033 superiores,
2869 1961 2965 2016 sed
2988 1974 3090 2014 nec
3114 1970 3310 2011 eorum
3338 1952 3468 2023 qui-

1896 2068 2020 2121 dem
2049 2064 2215 2135 pilus,
2246 2078 2355 2127 res,
2387 2074 2509 2130 qua:
2546 2057 2805 2116 facillime
2832 2052 3107 2109 ﬂaccescit
3165 2058 3223 2104 et
3258 2060 3470 2102 marce-

1895 2157 2018 2223 scit,
2060 2164 2209 2210 tanta
2246 2153 2462 2207 ﬂamma
2517 2149 2787 2205 eﬂluxerit
2816 2165 2834 2202 :
2878 2156 2935 2202 et
2992 2156 3278 2215 praeterea,
3323 2140 3470 2207 quod

1897 2264 2021 2305 cum
2054 2255 2241 2302 essent
2268 2242 2458 2305 vincti,
2511 2240 2776 2294 continuo
2811 2237 2965 2291 fuere
2996 2234 3158 2289 soluti
3192 2241 3289 2287 :et
3318 2229 3467 2300 quod

1898 2356 2021 2397 cum
2055 2336 2236 2393 adhuc
2263 2341 2448 2390 essent
2485 2332 2538 2384 in
2583 2329 2827 2393 fornace,
2859 2326 3032 2381 auditi
3072 2331 3202 2379 sunt
3252 2336 3465 2378 canen-

1900 2442 1981 2487 tes
2012 2450 2024 2484 :
2061 2427 2206 2500 quod
2246 2425 2471 2496 quidem
2515 2422 2604 2488 iis,
2661 2420 2755 2491 qui
2792 2428 2921 2474 sunt
2950 2419 3003 2472 in
3059 2417 3298 2480 ﬂamma,
3351 2413 3471 2483 ipsa

1896 2522 2081 2578 statim
2121 2519 2234 2573 oris
2266 2515 2550 2585 apertione
2598 2519 2832 2566 mortem
2882 2511 3023 2565 solet
3059 2508 3259 2562 aerrre
3296 2505 3471 2575 proti-

1897 2628 2001 2668 nus
2038 2631 2050 2665 :
2085 2620 2139 2664 et
2202 2607 2348 2677 quod
2382 2606 2471 2660 ille
2528 2603 2693 2674 ignis,
2728 2603 2823 2672 qui
2885 2603 2939 2655 in
2972 2603 3054 2655 eis
3114 2599 3351 2668 proprie
3386 2604 3472 2650 est

1898 2706 2099 2761 oblitus
2153 2711 2381 2762 naturae,
2425 2698 2481 2752 in
2520 2695 2814 2761 Chaldaeis,
2844 2693 2938 2764 qui
2970 2700 3130 2747 erant
3172 2692 3318 2744 circa
3360 2689 3474 2741 for-

1900 2812 2116 2863 nacem,
2153 2796 2255 2850 fuit
2283 2807 2446 2849 verus
2470 2799 2526 2846 et
2552 2789 2829 2860 perfectus
2865 2786 3028 2856 ignis,
3050 2793 3106 2838 et
3129 2798 3229 2837 nec
3270 2782 3324 2836 in
3350 2780 3472 2834 loco

1902 2894 2125 2965 quidem
2154 2903 2403 2951 manens,
2438 2883 2533 2940 sed
2571 2880 2861 2954 egrediens
2899 2887 2955 2934 et
3001 2876 3225 2941 saliens,
3262 2880 3320 2929 et
3353 2887 3470 2934 eos,

1902 2989 1994 3057 qui
2044 2986 2191 3054 digni
2237 2990 2413 3044 erant,
2470 2979 2805 3034 comburens
2856 2971 3131 3028 facillime.
3174 2970 3474 3036 Postquam

1905 3080 1995 3137 ille
2023 3076 2159 3130 vidit
2186 3074 2301 3129 haec
2333 3071 2539 3135 omnia,
2571 3068 2756 3124 statim
2788 3065 2942 3119 humi
2968 3061 3187 3124 cecidit,
3215 3071 3269 3113 et
3303 3059 3475 3111 Bene-

224 3146 418 3222 Μισὰκ
460 3165 554 3217 καὶ
590 3159 925 3228 Ἀδδεναγὼ,
966 3159 1025 3221 ὃς
1071 3158 1360 3212 ἀπέστειλε
1421 3158 1510 3209 τὸν
1560 3156 1795 3223 ἄγγελον

1904 3169 2083 3225 dictus
2107 3182 2187 3230 cs,
2209 3162 2459 3227 Domine,
2492 3174 2687 3230 magna
2712 3172 2845 3212 voce
2884 3152 3164 3215 clamavit,
3199 3151 3344 3204 Deus
3385 3146 3475 3202 Si-

221 3253 395 3310 αὑτοῦ
418 3255 512 3307 καὶ
539 3251 805 3326 ἐρρύσατο
832 3252 958 3312 τοὺς
983 3249 1164 3312 ὁσίους
1191 3248 1358 3302 αὐτοῦ
1388 3248 1579 3310 παῖδας
1608 3247 1672 3300 ἐκ
1702 3245 1795 3299 τοῦ

222 3347 403 3418 πυρὸς
435 3346 529 3399 καὶ
562 3344 752 3400 κακῶν
780 3345 1014 3407 ἀπαθεῖς
1041 3342 1362 3413 διετήρησεν
1381 3357 1394 3371 ·
1432 3336 1552 3393 εἶτα
1582 3338 1679 3393 καὶ⁵
1710 3338 1797 3391 δό-

220 3436 348 3512 γμα
386 3439 686 3508 ἐκτίθησιν,
710 3438 827 3499 Πᾶς
862 3438 1032 3500 ὅστις,
1061 3436 1257 3503 λέγων,
1282 3433 1343 3487 οὑ
1378 3434 1681 3504 προσκυνεῖ
1708 3431 1801 3485 τὸν

220 3533 361 3587 Θεὸν
401 3531 630 3602 Σεδρὰχ,
662 3527 849 3582 Μισὰκ
898 3526 991 3579 καὶ
1033 3524 1363 3592 Ἀϐδεναγὼ,
1403 3524 1486 3583 είς
1520 3523 1802 3576 ἀπώλειαν

221 3628 385 3680 ἔσται
414 3625 509 3678 καὶ
536 3623 605 3673 τὰ
634 3620 848 3672 ἐκείνου
890 3618 1071 3671 πάντα
1114 3619 1193 3682 είς
1235 3616 1518 3688 προνομήν
1544 3631 1559 3646 ”
1602 3615 1801 3677 αὐτοὺς

220 3720 281 3773 δὲ
313 3718 439 3778 τοὺς
471 3712 774 3785 μακαρίους
821 3711 1019 3772 παῖδας
1068 3708 1229 3778 νῦνῆ
1274 3708 1542 3778 πρότερον
1589 3702 1803 3775 μείζοσι

220 3807 468 3878 δοξάσας
500 3807 712 3878 τιμαῖς,
748 3804 937 3876 ἄρχειν
988 3803 1084 3855 καὶ
1128 3802 1237 3855 τῶν
1284 3800 1556 3854 Ἰουδαίων
1599 3799 1803 3867 αἰχμα-

221 3898 421 3952 λώτων
450 3896 780 3964 ἐπέτρεπεν.

299 3991 377 4042 ϐ’.
407 3987 588 4057 Βραχὺ
609 3988 668 4040 τὸ
706 3984 845 4055 μετὰ
871 3983 1064 4050 ταῦτα,
1098 3985 1192 4037 καὶ
1230 3982 1394 4035 πάλιν
1425 3982 1617 4050 ὅρασις
1642 3980 1803 4049 ἑτέρα

222 4084 377 4139 κατὰ
402 4083 528 4146 τοὺς
553 4082 753 4144 ὕπνους
774 4080 851 4151 τῷ
877 4078 1090 4149 βασιλεῖ
1114 4077 1414 4143 δείκνυται,
1440 4075 1533 4129 καὶ
1559 4076 1592 4146 ή
1615 4073 1806 4143 ὅρασις

223 4175 414 4231 τοιάδε
439 4189 453 4204 ’
483 4172 697 4243 δένδρον
724 4173 859 4242 ὀρᾷν
881 4170 1060 4223 ἐδόκει
1096 4168 1239 4240 μέγα
1260 4185 1319 4220 τε
1351 4169 1445 4221 καὶ
1476 4167 1805 4238 θαυμάσιον,

223 4270 259 4323 ὃ
301 4266 575 4340 ἐρῤίξωτο
606 4264 704 4333 μὲν
739 4265 833 4316 ἐπὶ
862 4262 988 4332 γῆς,
1015 4259 1362 4328 ἐμεγαλύνθη
1392 4259 1449 4310 δὲ
1490 4260 1584 4310 καὶ
1618 4255 1807 4325 ἴσχυσε

231 4363 407 4435 μέγα,
435 4361 526 4413 καὶ
542 4360 605 4411 τὸ
628 4358 758 4426 ὕψος
786 4354 954 4410 αὐτοῦ
986 4354 1306 4422 κατειλήφει
1335 4351 1425 4404 τὸν
1455 4350 1681 4421 οὐρανὸν
1716 4348 1809 4402 καὶ

225 4453 457 4523 φύλλοις
486 4448 708 4521 ὡραίοις
737 4446 911 4516 ἐκόμα
934 4445 1028 4498 καί
1057 4444 1242 4515 ἐϐριθε
1271 4441 1451 4512 πολλῷ
1482 4441 1558 4513 τῷ
1582 4441 1803 4511 καρπῷ,

1901 3262 2094 3324 drach,
2157 3259 2322 3313 Misac
2353 3265 2408 3310 et
2469 3253 2818 3323 Abdenago:
2873 3248 2966 3321 qui
3013 3246 3165 3302 misit
3216 3242 3474 3314 angelum

1901 3368 2083 3417 suum,
2108 3361 2162 3405 et
2184 3348 2441 3403 liberavit
2474 3354 2696 3400 sanctos
2733 3359 2860 3398 suos
2900 3356 3102 3411 pueros
3131 3339 3200 3392 ab
3235 3338 3381 3405 igne,
3418 3343 3477 3388 et

1903 3442 2112 3500 amalis
2150 3438 2496 3495 conservavit
2525 3434 2747 3489 illmsos.
2788 3430 2996 3486 Deinde
3032 3429 3200 3483 etiam
3236 3424 3351 3480 edit
3382 3422 3478 3477 de-

1903 3533 2515 3602 cretum,Quicuane,
2563 3528 2776 3589 dicens,
2825 3540 2934 3579 non
2989 3520 3246 3577 adorabit
3304 3518 3475 3579 Deum

1905 3627 2159 3692 Sidrach,
2218 3625 2385 3679 Misac
2431 3631 2487 3677 et
2537 3618 2857 3685 Abdenago,
2916 3611 3185 3675 interibit,
3215 3618 3272 3664 et
3329 3609 3479 3671 illius

1905 3721 2047 3775 bona
2081 3716 2266 3773 omnia
2292 3713 2485 3784 praeda:
2516 3716 2702 3765 erunt.
2733 3708 2888 3778 Ipsos
2912 3715 3097 3759 autem
3131 3701 3322 3756 beatos
3342 3713 3479 3769 pue-

1907 3831 1997 3870 ros
2027 3813 2240 3883 majori,
2269 3825 2431 3880 quam
2464 3807 2635 3878 prius,
2666 3805 2878 3859 honore
2908 3800 3167 3861 afﬁciens,
3188 3798 3354 3868 jussit
3376 3793 3479 3849 Ju-

1906 3908 2037 3967 daeis
2065 3903 2296 3973 captivis
2322 3912 2579 3971 praeesse.

1977 3995 2069 4051 IX.
2101 3995 2220 4050 Non
2254 3993 2487 4046 multum
2522 3985 2836 4068 intercessit
2872 3982 3160 4053 temporis,
3184 3989 3241 4033 et
3283 3992 3479 4032 rursus

1909 4090 2014 4144 alia
2043 4088 2185 4143 visio
2219 4083 2331 4153 regi
2367 4088 2597 4151 apparet
2628 4079 2683 4133 in
2743 4078 2970 4131 somnis.
3006 4072 3310 4127 Videbatur
3369 4068 3477 4124 sibi

1909 4180 2096 4233 videre
2125 4177 2384 4232 arborem
2434 4186 2683 4243 magnam
2712 4166 3184 4230 etadmirabilem,
3220 4177 3342 4233 quae
3388 4176 3479 4215 ra-

1909 4270 2059 4325 dices
2124 4268 2346 4338 quidem
2400 4272 2588 4334 egerat
2647 4262 2702 4314 in
2760 4271 2904 4315 terra
2942 4255 3153 4311 :crevit
3207 4264 3392 4307 autem
3423 4259 3481 4303 et

1910 4361 2063 4415 valde
2086 4359 2244 4413 fortis
2265 4356 2459 4420 evasit,
2492 4362 2550 4409 et
2577 4350 2810 4407 altitudo
2837 4351 2956 4420 ejus
2996 4346 3197 4402 malum
3239 4343 3480 4412 attinge-

1912 4456 2026 4517 bat,
2058 4464 2113 4507 et
2140 4450 2404 4522 speciosis
2434 4456 2555 4503 erat
2594 4456 2810 4501 comata
2842 4443 3008 4505 foliis,
3057 4449 3112 4495 et
3165 4438 3323 4509 plena
3360 4444 3482 4490 erat

220 4546 303 4600 τὰ
335 4544 501 4615 θηρία
532 4559 594 4595 τε
634 4540 729 4595 τοῦ
768 4538 943 4610 ἀγροῦ
985 4538 1167 4591 πάντα
1208 4536 1302 4588 καὶ
1337 4534 1407 4587 τὰ
1443 4533 1665 4587 πετεινά
1710 4530 1801 4584 τοῦ

1912 4547 2082 4602 multo
2108 4544 2289 4598 fructu
2326 4560 2339 4595 :
2378 4553 2569 4596 omnes
2602 4551 2735 4592 vero
2764 4535 2954 4590 bestiae
2983 4532 3096 4601 agri
3130 4540 3187 4584 et
3227 4528 3482 4582 volucres

222 4637 467 4711 οὐρανοῦ
501 4636 762 4703 ἐντούτῳ
783 4632 1020 4702 κατῴκει
1046 4646 1059 4658 ·
1093 4625 1213 4682 εἶτα
1242 4628 1336 4681 καὶ
1369 4628 1523 4697 φωνή
1554 4644 1639 4689 τις
1661 4627 1802 4678 ἄνω-

224 4734 328 4788 θεν
375 4728 546 4799 ἀθρόα
592 4727 788 4797 προῄει
816 4725 1066 4793 ἐκτεμεῖν
1112 4722 1173 4775 τὺ
1219 4721 1438 4791 δένδρον
1484 4719 1808 4784 κελεύουσα,

231 4824 411 4895 μόνην
448 4819 506 4874 δέ
540 4818 635 4889 τὴν
660 4818 755 4885 τῆς
800 4815 957 4886 ῥίζης
998 4814 1225 4883 ἐαθῆναι
1269 4812 1412 4881 φυήν
1435 4827 1447 4840 ⁸
1490 4812 1584 4863 καὶ
1614 4810 1677 4881 δὴ
1713 4810 1808 4862 καὶ

225 4917 498 4982 ἐτέμνετο
542 4912 639 4963 καὶ
682 4909 751 4960 τὰ
790 4906 968 4975 φύλλα.
994 4905 1150 4958 τοῦδε
1177 4902 1527 4973 παραχρῆμα
1562 4901 1811 4971 ἐξερροί-

228 5020 422 5067 σκετο,
459 5001 551 5055 καὶ
586 5001 654 5053 τὰ
680 5001 738 5052 ἐν
770 4997 1113 5066 αὑτῷπάντα
1146 4995 1261 5059 ζῶα
1295 4995 1389 5047 καὶ
1422 4992 1644 5044 πετεινὰ
1676 4991 1808 5045 θᾶτ-

226 5112 330 5150 τον
359 5092 724 5162 ὰφίστατοδθ
758 5090 858 5160 μὲν
902 5089 1112 5159 ὄνειρος
1160 5081 1349 5151 οὗτος·
1386 5087 1415 5138 ό
1458 5085 1513 5137 δὲ
1557 5083 1809 5153 βασιλεὺς

225 5187 334 5243 τοῦ
364 5187 534 5238 ὕπνου
562 5184 852 5245 διαναστὰς
903 5184 996 5236 καὶ
1029 5181 1194 5234 πάλιν
1226 5181 1355 5241 τοὺς
1400 5180 1611 5248 μάγους
1647 5176 1811 5230 καλέ-

232 5296 368 5342 σας,
402 5275 602 5347 διεξῄει
632 5276 692 5327 τὸ
725 5274 915 5327 θεαθὲν
958 5274 1051 5327 καὶ
1087 5272 1204 5341 ᾇμα
1240 5271 1295 5324 τί
1334 5269 1596 5339 σημαίνοι
1632 5270 1810 5335 λέγειν

230 5369 431 5441 ἠξίουο
466 5366 784 5440 παραυτίκα
830 5364 940 5417 τῶν
990 5364 1087 5435 μὲν
1126 5364 1303 5417 ἄλλων
1351 5362 1526 5425 οὐδεὶς
1576 5358 1807 5429 ἐδυνήθη

230 5467 341 5536 τὴν
372 5459 560 5514 τούτου
588 5460 823 5530 δήλωσιν
847 5460 1100 5527 ἐφευρεῖν
1130 5456 1308 5509 καὶτὸ
1345 5454 1537 5524 μέλλον
1574 5454 1811 5524 ἐμφανί-

239 5571 341 5610 σαι
370 5553 447 5623 τῷ
479 5552 711 5621 βασιλεῖ,
750 5550 950 5621 Δανιὴλ
988 5550 1045 5602 δέ
1079 5549 1239 5619 μόνος
1282 5550 1377 5600 καὶ
1416 5545 1561 5599 τοῦτ’
1595 5546 1812 5617 ἔκρινεν

236 5650 339 5702 καὶ
366 5644 546 5707 καθὼς
573 5648 724 5721 οὗτος
755 5645 1036 5717 προεῖπεν,
1056 5641 1237 5711 ἁπέὸη
1256 5658 1268 5670 ·
1317 5639 1508 5711 εἴρηκε
1539 5641 1669 5710 γὰρ,
1727 5642 1810 5692 ὅτι

235 5738 314 5795 Σὺ
340 5733 394 5793 εἴ
416 5737 477 5792 τὸ
504 5737 741 5807 δένδρον,
774 5738 910 5807 ὅπερ
940 5731 1100 5800 εἶδες,
1123 5728 1167 5788 ὦ
1190 5733 1432 5805 βασιλεῦ,
1466 5734 1558 5786 καὶ
1587 5733 1647 5785 οὐ
1676 5733 1811 5802 μετᾶ

240 5833 421 5904 βραχὺ
448 5833 542 5904 τῆς
569 5831 740 5908 ἁρχῇς
777 5832 984 5899 ἐκπεοῇ
1008 5844 1021 5856 ’
1055 5828 1214 5883 τοῦτο
1244 5826 1401 5897 γὰρὴ
1436 5824 1574 5896 τομὴ
1599 5826 1802 5910 ἐδηλου-

1907 4641 1965 4695 ἰη
1996 4654 2057 4693 ea
2094 4635 2440 4690 habitabant.
2479 4629 2687 4684 Deinde
2718 4642 2822 4680 vox
2855 4633 3077 4695 quoque
3109 4621 3358 4692 quaedam
3392 4635 3483 4674 re-

1908 4740 2071 4803 pente
2099 4745 2165 4784 ex
2192 4728 2301 4781 alto
2333 4723 2565 4789 exstitit,
2585 4736 2707 4792 qua;
2734 4718 2961 4790 jubebat
2985 4716 3237 4771 arborem
3262 4714 3482 4768 exscin-

1912 4827 2064 4889 dere,
2095 4823 2270 4878 solum
2306 4828 2486 4873 autem
2538 4814 2740 4870 dimitti
2799 4827 3025 4883 germen
3095 4809 3317 4865 radicis.
3355 4805 3485 4861 Fuit

1911 4920 2097 4987 itaque
2122 4915 2326 4974 excisa.
2348 4922 2406 4965 et
2445 4911 2566 4982 ejus
2608 4907 2737 4963 folia
2765 4913 2989 4973 repente
3029 4901 3360 4955 eliluxerunt
3386 4914 3399 4950 :
3427 4904 3487 4950 et

1914 5026 2035 5080 quae
2086 5016 2245 5063 erant
2277 5008 2332 5060 in
2364 5020 2451 5067 ea,
2486 5016 2681 5057 omnes
2733 4998 3042 5053 animantes
3088 5006 3145 5048 et
3204 4990 3483 5053 volucres,

1913 5104 2023 5158 cito
2054 5104 2418 5157 recesserunt.
2451 5095 2629 5164 Atque
2662 5093 2767 5146 fuit
2798 5090 3021 5159 quidem
3054 5087 3160 5140 hoc
3186 5084 3485 5140 somnium.

1916 5199 2033 5253 Rex
2069 5204 2250 5250 autem
2282 5208 2312 5246 e
2343 5206 2538 5247 somno
2568 5188 2861 5250 excitatus,
2893 5184 3060 5251 Magis
3093 5193 3285 5234 rursus
3320 5190 3483 5231 voca-

1916 5289 1987 5342 tis
2017 5293 2198 5340 narrat
2222 5283 2299 5347 id,
2333 5281 2479 5353 quod
2505 5279 2683 5333 visum
2703 5276 2884 5332 fuerat
2914 5293 2927 5327 :
2967 5283 3024 5327 et
3054 5271 3217 5325 simul
3254 5268 3489 5337 rogarit,

1919 5388 1980 5432 υι
2005 5377 2273 5438 dicerent,
2311 5372 2575 5443 quidnam
2608 5368 2965 5440 significaret.
3022 5363 3199 5432 Atque
3252 5360 3495 5413 aliorum

1919 5466 2142 5538 quidem
2177 5466 2358 5518 nullus
2387 5463 2565 5533 potuit
2601 5459 2783 5515 statim
2824 5458 3072 5512 invenire
3118 5450 3484 5524 signiﬁcatio-

1919 5570 2067 5618 nem,
2098 5563 2154 5608 et
2187 5551 2402 5621 aperire
2429 5552 2540 5621 regi
2566 5549 2826 5620 quidnam
2868 5554 3013 5603 esset
3055 5544 3301 5598 futurum
3337 5558 3350 5594 :
3379 5538 3490 5593 Da-

1921 5647 2029 5700 niel
2088 5661 2219 5699 vero
2247 5645 2400 5699 solus
2461 5644 2566 5698 hoc
2611 5642 2846 5712 conjecit
2877 5656 2891 5693 :
2927 5650 2981 5695 et
3033 5638 3237 5698 evenit,
3269 5634 3413 5690 sicut
3445 5630 3494 5685 is

1920 5735 2429 5805 praedixeratﬁixit
2461 5735 2605 5788 enim
2642 5750 2655 5785 :
2688 5731 2768 5785 Tu
2800 5746 2860 5785 es
2883 5731 3049 5785 arbor
3074 5741 3236 5798 quam
3278 5721 3490 5785 vidisti,

1920 5846 1950 5882 0
1986 5846 2096 5883 rex.
2132 5829 2249 5884 Non
2282 5829 2453 5886 multo
2487 5835 2605 5898 post
2637 5834 2817 5881 autem
2854 5824 3073 5881 excides
3104 5822 3172 5878 ah
3228 5819 3487 5889 imperio-
