4188 6310
696 339 818 403 383

2009 332 2291 395 MENSIS
2335 328 2627 397 IULIUS.

3858 333 3963 397 386

715 453 820 507 hoe
856 452 1001 505 enim
1025 453 1369 524 signiﬁcabat
1402 452 1595 509 sectio.
1636 453 1840 509 Deinde
1891 450 2058 507 etiam
2118 451 2286 505 vitam

2416 446 2513 503 ἶτα
2543 451 2636 502 καὶ
2667 449 2875 520 θηρίοις
2908 449 3008 520 ἔσῃ
3044 450 3496 520 συνδιαιτώμενος
3533 450 3624 504 καὶ
3664 450 3859 521 χόρτον
3892 448 3967 504 ὡς

715 560 840 615 ages
874 546 1036 601 simul
1068 562 1193 601 cum
1226 548 1379 611 feris,
1411 558 1468 603 et
1497 549 1626 603 l‘eno
1666 547 1911 617 pasceris
1967 546 2112 601 sicut
2142 544 2282 599 bos:

715 651 951 707 cumque
1008 638 1088 693 sic
1113 648 1321 709 septem
1346 641 1507 695 annis
1530 640 1730 696 vixeris
1762 640 1817 693 in
1841 637 2163 696 solitudine,
2186 636 2289 690 im-

718 728 933 797 perium
987 746 1180 786 rursus
1235 732 1488 801 accipies.
1524 731 1640 787 Hoc
1701 732 1845 787 enim
1889 731 1996 786 sibi
2035 730 2152 784 vult
2186 745 2289 783 vox

720 818 834 883 illa,
871 820 965 874 sed
1013 837 1236 891 germen
1278 821 1523 876 radicum
1571 824 1852 877 dimittite.
1898 823 2223 891 Propterea,
2256 834 2290 874 o

720 925 838 977 rcx,
871 913 970 966 tibi
1037 928 1218 968 meum
1283 915 1493 985 placeat
1526 916 1842 981 consilium,
1874 926 1930 970 et
1968 915 2292 984 iniquitates

721 1012 847 1058 tuas
902 1006 1262 1077 eleemosynis
1297 1008 1526 1073 redime,
1556 1018 1612 1063 et
1650 1017 1872 1078 peccata
1907 1018 1998 1062 tua
2039 1008 2092 1061 in
2130 1007 2295 1061 mise-

725 1096 1033 1152 rationibus
1068 1113 1371 1167 pauperum
1403 1117 1415 1151 :
1453 1111 1509 1154 et
1541 1099 1773 1155 fortasse
1818 1102 1873 1155 in
1926 1100 2038 1156 tuis
2079 1098 2296 1155 delictis

724 1188 1075 1240 exercebitur
1101 1189 1299 1243 lenitas
1326 1199 1381 1244 et
1406 1191 1693 1260 patientia.

799 1278 862 1333 X.
892 1280 1067 1349 Atque
1088 1279 1203 1336 haec
1225 1282 1444 1351 quidem
1474 1292 1661 1350 postea
1684 1290 2005 1347 evenerunt,
2035 1291 2091 1337 et
2132 1281 2295 1337 linem

727 1379 1083 1438 acceperunt,
1109 1371 1253 1426 sicut
1279 1372 1492 1428 dixerat
1526 1374 1738 1430 Daniel.
1762 1375 1899 1431 Cum
1928 1376 2074 1432 enim
2120 1376 2299 1432 dictos

731 1472 941 1529 septem
983 1479 1157 1518 annos
1195 1474 1445 1521 versatus
1472 1476 1619 1522 esset
1642 1484 1735 1523 rex
1763 1468 1818 1523 in
1847 1459 2168 1532 solitudine.
2198 1484 2300 1524 ne-

730 1567 836 1622 que
862 1555 1005 1609 ullus
1029 1567 1176 1612 esset
1220 1573 1390 1613 ausus
1425 1574 1654 1629 regnum
1685 1562 1930 1631 aggredi,
1968 1561 2141 1616 Deum
2171 1575 2299 1630 pre—

731 1657 907 1709 catus,
946 1656 1004 1701 ut
1032 1665 1193 1704 suum
1223 1665 1451 1720 regnum
1472 1653 1766 1722 reciperet,
1790 1667 1915 1707 cum
1948 1651 2299 1707 successione

732 1742 992 1809 potentiae
1022 1744 1292 1800 excelsam
1334 1762 1525 1800 rursus
1573 1755 1811 1800 mentem
1854 1746 2105 1809 induens,
2140 1744 2195 1798 in
2219 1759 2306 1798 re-

732 1848 899 1901 gnum
957 1836 1253 1890 revertitur
1288 1855 1302 1891 :
1353 1848 1406 1893 et
1441 1853 1566 1893 cum
1604 1845 1888 1905 regnasset
1936 1836 2302 1912 quadraginta

736 1932 847 1978 tres
879 1940 1072 1989 annos,
1113 1928 1329 1982 excedit
1365 1943 1396 1983 e
1430 1930 1541 1982 vita
1569 1947 1582 1982 :
1614 1929 1698 1982 vir
1732 1928 1786 1981 in
1838 1927 2005 1982 rebus
2049 1926 2306 1996 gerendis

734 2028 861 2066 acer
885 2023 939 2068 et
971 2014 1287 2077 vehemens.
1318 2028 1372 2069 et
1398 2032 1615 2081 eorum,
1652 2018 1744 2086 qui
1776 2019 1956 2085 ipsum
2018 2029 2309 2085 praeesse-

736 2114 888 2166 runt,
924 2121 1152 2177 regnum
1214 2108 1376 2179 longe
1435 2108 1808 2164 felicissimus.
1844 2108 1972 2163 Post
2020 2107 2306 2163 decessum

735 2208 919 2250 autem
956 2198 1534 2265 Nabuchodonosoris,
1570 2202 1686 2270 ejus
1720 2200 1865 2255 illius
1896 2215 2120 2271 regnum
2188 2215 2307 2254 sus-

735 2291 869 2359 cipit
904 2292 1036 2360 :qui
1099 2295 1283 2346 statim
1318 2294 1637 2348 Jechoniam
1681 2308 1861 2362 regem
1907 2293 2309 2362 Hierosolymo-

738 2399 880 2445 rum,
912 2399 1074 2453 quem
1114 2395 1268 2453 pater
1291 2386 1801 2441 Nabuchodonosor
1827 2386 2099 2455 captivum
2144 2385 2310 2439 duxe-

747 2482 830 2524 rat
859 2472 1274 2544 Hierosolymis,
1320 2476 1538 2531 solvens
1567 2492 1596 2531 e
1638 2477 1892 2539 vinculis,
1928 2476 2118 2531 habuit
2164 2477 2309 2530 inter

739 2561 946 2615 amicos
978 2564 1211 2619 maxime
1240 2567 1582 2621 necessarios
1616 2569 1701 2621 :ei
1741 2568 1953 2621 donans
1990 2570 2161 2621 multa
2188 2560 2309 2621 mu?

740 2666 895 2715 nera,
932 2662 988 2705 et
1037 2654 1246 2707 honore
1306 2655 1547 2710 alliciens
1593 2658 1736 2709 inter
1764 2671 1882 2721 eos,
1930 2658 2024 2726 qui
2064 2666 2217 2710 erant
2252 2658 2307 2711 in

742 2757 909 2810 regno
972 2744 1415 2815 Babyloniorum.
1476 2747 1808 2803 Nihil‘enim
1852 2748 1981 2801 boni
2032 2748 2311 2803 Jcchonite

738 2836 967 2891 omnino
1020 2839 1338 2893 ostenderat
1394 2851 1549 2909 pater
1607 2841 2157 2896 Nabuchodonosor:
2215 2842 2310 2901 sed

740 2942 867 2979 eum
895 2927 949 2981 in
985 2930 1216 2986 vinculis
1252 2931 1469 2985 tenebat
1507 2942 1561 2985 et
1612 2931 1903 3002 aﬂligebat,
1938 2934 2063 2988 etsi
2110 2932 2313 2987 decho-

743 3019 862 3073 nias
889 3019 1097 3074 fecerat
1131 3037 1243 3075 rem
1272 3024 1747 3090 humanissimam,
1775 3036 1831 3081 et
1864 3026 2083 3097 dignam
2122 3029 2314 3083 multis

2398 543 2525 615 βοῦν
2546 543 2822 614 ψωμιοῦσί
2854 563 2912 597 σε
2937 560 2950 573 ⁸
2981 545 3075 597 καὶ
3102 536 3362 612 διαζήσας
3392 542 3562 605 οὕτως
3592 544 3681 596 ἐπὶ
3711 542 3814 611 τῆς
3842 544 3968 611 6911-

2399 636 2523 705 μίας
2550 636 2773 705 χρόνους
2805 636 2964 701 ἑπτὰ,
2994 634 3149 698 αὖθις
3176 635 3271 702 τὴν
3292 636 3465 705 ἀρχὴν
3496 635 3749 707 ἀπολήψῃ
3769 650 3783 664 ⁸
3810 631 3971 686 τοῦτο

2396 728 2505 797 γὰρ
2540 729 2572 797 ή
2602 728 2784 796 φωνή·
2820 726 2963 796 Πλὴν
2996 727 3093 797 τὴν
3123 728 3259 797 φυὴν
3284 727 3391 780 τῶν
3428 727 3591 796 ρίζων
3618 727 3835 779 ἐάσατε.
3877 727 3972 777 Διά

2396 820 2576 885 τοῦτο,
2600 814 2642 872 ὦ
2669 819 2964 890 βασιλεῦ,ή
3000 802 3160 889 βουλή
3198 838 3298 889 μου
3327 820 3579 890 ἀρεσάτω
3610 835 3714 882 σοι,
3751 820 3843 869 καὶ
3873 817 3969 882 τὰς

2400 911 2624 979 ἀνομίας
2650 925 2744 961 σου
2770 911 2825 961 ὲν
2848 909 3240 978 ὲλεημοσύναις
3265 910 3536 980 λύτρωσαι
3564 908 3774 969 καὶτὰς
3799 908 3973 975 ἁμαρ.

2397 998 2519 1063 τίας
2554 1015 2649 1053 σου
2686 1001 2742 1049 ἐν
2777 1000 3079 1068 οίκτιρμοῖς
3109 1002 3358 1070 πενήτων
3383 1017 3396 1031 °
3435 1002 3563 1062 ἴσως
3590 999 3742 1052 ἔσται
3770 1014 3975 1068 μακρο-

2403 1089 2568 1160 θυμία
2599 1091 2712 1153 τοῖς
2744 1090 3153 1161 παραπτώμασί
3178 1108 3291 1145 σου.

2474 1269 2533 1329 I'.
2586 1274 2773 1345 Ἐξέὄη
2811 1274 2909 1344 μὶν
2942 1272 3169 1343 ὕστερον
3212 1273 3380 1327 ταῦτα
3407 1274 3498 1327 καὶ
3537 1273 3687 1335 τέλος
3726 1272 3974 1342 εἴληφεν,

2403 1365 2476 1430 ὡς
2500 1367 2529 1419 6
2560 1367 2757 1438 Δανιὴλ
2783 1367 2998 1437 εἰρήκει
3018 1380 3030 1394 ·
3064 1364 3346 1435 διατρίψας
3377 1364 3480 1433 γὰρ
3506 1362 3595 1416 ἐπὶ
3619 1363 3717 1428 τῆς
3742 1362 3978 1431 ἐρημίας

2405 1462 2433 1513 6
2477 1459 2728 1530 βασιλεὺς
2766 1460 2857 1512 τὸν
2893 1457 3185 1528 εἰρημένον
3229 1456 3465 1526 ἐπτεστῆ
3519 1455 3731 1527 χρόνον,
3764 1455 3978 1518 οὐδενος

2404 1552 2775 1622 τολμήσαντος
2811 1549 3094 1603 ἐπιθέσθαι
3135 1552 3248 1612 τοῖς
3287 1548 3591 1617 πράγμασι,
3621 1552 3710 1600 καὶ
3752 1547 3970 1618 δεηθεὶς

2406 1643 2500 1696 τοῦ
2541 1642 2674 1695 Θεοῦ
2709 1644 2807 1711 τὴν
2846 1642 3121 1712 βασιλείαν
3159 1641 3313 1705 αὖθις
3357 1642 3673 1705 ἀπολαϐεῖν,
3727 1637 3850 1693 εἶτα
3891 1641 3983 1693 καὶ

2410 1736 2500 1789 τὸν
2526 1735 2875 1806 ὑψηλόφρονα
2905 1734 3029 1787 νοῦν
3099 1737 3163 1805 τῇ
3197 1734 3415 1803 διαδοχῇ
3444 1733 3537 1787 τοῦ
3573 1735 3807 1803 κράτους
3858 1750 3984 1785 συν-

2410 1824 2632 1889 αποδὺς,
2676 1825 2837 1877 πάλιν
2884 1826 2964 1885 εἰς
3007 1824 3178 1893 αὐτὴν
3209 1824 3567 1894 ἐπανέρχεται
3600 1822 3694 1876 καὶ
3726 1823 3822 1891 ἔτη
3860 1823 3987 1892 τρία

2409 1918 2505 1970 καὶ
2557 1916 2965 1985 τεσσαράκοντα
3017 1916 3365 1984 βασιλεύσας,
3416 1915 3641 1985 τελευτᾷ
3692 1916 3788 1968 τὸν
3850 1915 3986 1985 βίον,

2408 2007 2547 2078 ἀνὴρ
2578 2008 2907 2079 δραστήριος
2941 2009 3033 2060 καὶ
3064 2007 3174 2059 τῶν
3201 2007 3305 2078 πρὸ
3332 2007 3497 2059 αὐτοῦ
3531 2006 3794 2076 βασιλέων
3838 2007 3990 2074 γενό-

2412 2115 2571 2169 μενος
2616 2100 3028 2169 εὐτυχέστατος.
3066 2098 3220 2151 Μετὰ
3251 2099 3308 2151 δὲ
3355 2099 3454 2166 τὴν
3484 2097 3741 2168 τελευτὴν
3772 2099 3992 2151 Ναϐου-

2408 2187 2712 2258 χοδονόσορ,
2740 2190 2767 2240 6
2810 2192 2939 2251 παῖς
2969 2187 3136 2242 αὑτοῦ
3164 2190 3263 2257 τὴν
3296 2186 3575 2257 βασιλείαν
3612 2188 3987 2258 παραλαμεά-

2411 2296 2513 2345 νει,
2532 2281 2588 2342 ὃς
2608 2280 2769 2343 εὐθὺς
2791 2280 2887 2332 τὸν
2903 2281 3011 2333 τῶν
3040 2272 3428 2350 Ἰεροσολύμων
3451 2280 3675 2350 βασιλέα
3701 2282 3987 2351 Ἰεχονίαν,

2410 2371 2468 2425 ὃν
2497 2374 2524 2424 6
2552 2372 2732 2443 πατὴρ
2762 2370 3231 2442 Ναϐουχοδονόσορ
3260 2372 3604 2442 αίχμάλωτον
3643 2374 3854 2444 ᾖγαγεν
3882 2377 3990 2428 ἀπὸ

2408 2468 2507 2535 τῆς
2549 2464 2926 2535 Ἰερουσαλὴμ,
2958 2465 3068 2517 τῶν
3112 2466 3328 2534 δεσμῶν
3369 2466 3540 2530 ἀνεὶς,
3566 2469 3621 2520 ἐν
3667 2471 3780 2529 τάς
3820 2469 3990 2529 ἀναγ-

2411 2558 2719 2619 καιοτάτοις
2748 2558 2855 2608 τῶν
2880 2558 3047 2624 φίλων
3075 2553 3207 2627 εἶχε,
3233 2558 3430 2621 πολλὰς
3455 2558 3601 2627 αὖτῷ
3624 2559 3837 2628 δωρεὰς
3867 2562 3990 2621 δοὺς

2412 2650 2506 2702 καὶ
2541 2652 2771 2719 ποιήσας
2844 2650 3060 2718 ἔντιμον
3091 2650 3183 2702 ἐπὶ
3210 2650 3318 2703 τῶν
3354 2653 3412 2705 ἐν
3445 2654 3510 2721 τῇ
3533 2649 3861 2723 ’Βαϐυλωνίᾳ
3890 2653 3993 2721 βα·

2414 2742 2638 2795 σιλέων⁸
2676 2743 2775 2795 οὐκ
2806 2737 2874 2813 ἦν
2910 2743 3016 2813 γὰρ
3050 2743 3185 2806 ὅλως
3217 2744 3419 2812 ἀγαθόν
3457 2761 3509 2796 τι
3545 2744 3681 2813 πρδς
3735 2744 3994 2814 Ἰεχονίαν

2413 2814 2786 2905 ἐνδειξάμενος
2810 2838 2837 2888 6
2864 2836 3051 2888 τούτου
3080 2836 3261 2907 πατὴρ
3286 2837 3779 2907 Ναϐουχοδονόσορ,
3800 2838 3915 2890 ἀλλ’
3938 2841 3994 2889 ἐν

2413 2926 2635 2994 δεσμοῖς
2667 2923 2814 2997 εἶχεν
2846 2929 3009 2981 αὑτὸν
3036 2930 3127 2979 καὶ
3159 2931 3221 2998 τῇ
3262 2927 3396 2999 ἄλλῃ
3425 2928 3688 2991 κακώσει,
3719 2931 3900 2982 καίτοι
3932 2946 3993 2993 γε

2430 3017 2678 3087 Ἰεχονίου
2750 3019 2984 3089 πρᾶγμα
3033 3019 3551 3089 φιλανθρωπότατον
3614 3021 3709 3073 καὶ
3782 3020 3995 3086 πολλῴν

745 3110 1022 3177 laudibus,
1048 3122 1105 3167 ut
1137 3115 1229 3183 qui
1258 3115 1501 3185 seipsum
1563 3118 1864 3172 tradiderat
1895 3135 2019 3174 cum
2056 3122 2307 3176 uxoribus

2420 3111 2567 3176 ἄξιον
2594 3114 2830 3166 ἐπαίνων
2867 3114 3266 3184 ἐργασαμένου,
3301 3114 3375 3175 ὡς
3408 3113 3472 3165 ἂν
3499 3113 3691 3165 ἑαυτὸν
3719 3114 3997 3183 παραδόν-

743 3210 799 3256 et
832 3202 1045 3267 liberis,
1077 3215 1131 3258 et
1169 3216 1285 3260 toto
1332 3224 1532 3276 genere
1565 3211 1819 3265 manibus
1856 3211 2309 3283 Babyloniorum,

745 3311 816 3350 ne
878 3297 1011 3353 urbs
1057 3298 1126 3353 ab
1179 3299 1435 3356 hostibus
1468 3315 1624 3372 capta
1667 3315 2057 3361 everteretur:
2112 3316 2172 3362 ut
2201 3310 2317 3364 haec

746 3388 895 3456 leges
923 3390 1065 3457 apud
1102 3391 1401 3460 Josephum
1434 3404 1755 3448 narrantem
1786 3397 2125 3466 singulatim.
2178 3398 2315 3453 Cum

746 3491 931 3533 autem
970 3483 1014 3534 is
1043 3498 1262 3552 quoque
1290 3498 1321 3537 e
1356 3485 1464 3538 vita
1519 3484 1863 3547 decessisset.
1908 3498 2195 3558 postquam
2227 3507 2317 3546 re-

746 3582 963 3639 gnasset
992 3574 1298 3628 octodecim
1339 3591 1533 3639 annos,
1569 3578 1690 3645 ejus
1736 3578 1881 3631 lilius
1912 3578 1961 3633 ei
1992 3579 2239 3634 succedit
2262 3582 2318 3635 in

750 3664 985 3730 imperio
1019 3682 1030 3716 :
1059 3667 1207 3731 quod
1241 3683 1366 3720 cum
1396 3670 1667 3722 tenuisset
1726 3671 2086 3739 quadraginta
2124 3687 2317 3741 annos,

749 3770 781 3810 e
814 3756 924 3809 vita
953 3756 1187 3811 excedit.
1222 3758 1428 3814 Deinde
1468 3760 1750 3815 Baithasar
1780 3778 1999 3832 quoque
2043 3764 2162 3831 ejus
2223 3780 2320 3817 ne-

753 3860 852 3914 pos
918 3846 976 3900 lit
1042 3850 1215 3905 haeres
1269 3852 1505 3918 imperii.
1541 3853 1658 3906 Non
1722 3856 1954 3907 multum
2014 3856 2323 3909 intercessit

754 3939 1043 4007 temporis,
1075 3952 1129 3993 et
1165 3940 1338 4010 Cyrus
1368 3957 1461 3995 rex
1487 3941 1799 4025 l’ersarum.
1830 3955 1886 3997 et
1915 3945 2108 4000 Darius
2144 3947 2324 4000 Medo-

756 4045 899 4092 rum,
953 4030 1359 4098 expeditionem
1414 4035 1723 4101 suscipiunt
1782 4037 2047 4091 adversus
2097 4037 2327 4109 Babylo-

755 4136 903 4174 nem.
940 4120 1206 4175 Caalerum
1240 4139 1364 4177 cum
1390 4139 1617 4194 regnum
1655 4127 1957 4195 accepisset
2017 4129 2322 4196 Ballhasar,

754 4228 811 4271 et
856 4216 1057 4270 accidit
1090 4230 1292 4270 novum
1324 4217 1584 4287 quidnam
1618 4229 1673 4272 et
1701 4219 2107 4290 prodigiosum.

828 4397 920 4455 XI.
964 4397 1336 4452 Accumbcbat
1375 4398 1487 4464 ille,
1533 4414 1756 4454 cmnans
1799 4398 1851 4453 in
1895 4415 2085 4469 magna
2138 4400 2322 4463 domo,

2418 3220 2510 3264 τος
2557 3205 2653 3257 σὺν
2683 3204 2798 3273 ἅμα
2834 3202 3053 3270 γυναιξὶ
3085 3204 3176 3256 καλ⁵
3206 3204 3412 3264 τέκνοις
3465 3202 3558 3255 καὶ
3594 3203 3701 3268 ὅλῳ
3731 3204 3809 3271 τῷ
3846 3205 3996 3269 γένει

2417 3295 2576 3363 χερσὶ
2598 3293 2707 3346 τῶν
2734 3295 3115 3357 Βαϐυλωνίων,
3146 3295 3231 3347 ἵνα
3278 3294 3351 3365 μὴ
3379 3294 3562 3362 ἐκείνη
3610 3295 3995 3364 κατασκαφείη

2415 3386 2683 3455 ληφθεῖσα
2734 3386 2838 3439 ὑπὸ
2875 3387 2983 3440 τῶν
3034 3387 3329 3457 πολεμίων,
3362 3387 3437 3451 ὡς
3484 3387 3775 3458 Ἰωσήππῳ
3825 3388 3997 3440 ταῦτα

2421 3476 2562 3529 κατὰ
2600 3478 2765 3548 μέρος
2800 3478 3029 3551 ἐντεύξῃ
3053 3478 3418 3549 διηγουμένῳ.
3456 3477 3895 3548 Τελευτήσαντος
3941 3481 3997 3532 δὲ

2419 3572 2511 3621 καὶ
2551 3569 2739 3620 τούτου
2776 3571 2914 3638 μετὰ
2944 3571 3035 3637 ἐτη
3069 3570 3443 3624 ὀκτωκαίδεκα
3484 3572 3579 3640 τῆς
3627 3571 3928 3640 βασιλείας,
3973 3575 4003 3623 6

2422 3664 2550 3724 παῖς
2583 3661 2748 3713 αὑτοῦ
2786 3662 2885 3731 τὴν
2917 3662 3094 3731 ἀρχὴν
3122 3663 3424 3731 διαδέχεται
3465 3663 3556 3714 καὶ
3588 3662 3885 3733 κατασχὼν
3907 3666 3999 3716 a6-

2419 3754 2517 3822 τὴν
2551 3755 2641 3807 ἐπὶ
2672 3754 3080 3825 τεσσαράκοντα
3125 3753 3240 3821 ἐτη,
3273 3753 3638 3822 καταστρέφει
3688 3755 3780 3806 τὸν
3852 3756 3997 3827 βίον·

2424 3843 2540 3899 εῐτα
2567 3849 2658 3899 καὶ
2680 3846 2968 3915 Βαλτάσαρ
2992 3849 3018 3900 6
3040 3847 3229 3899 τούτου
3253 3848 3515 3914 ἀπόγονος
3544 3840 3882 3917 κληρονόμος
3906 3850 4001 3916 τῆς

2424 3940 2600 4008 ἀρχῆς
2649 3938 2895 4006 γίνεται’
2930 3939 2991 3991 o6
3047 3939 3213 4002 πολὺς
3235 3940 3383 4010 ἔρρει
3431 3939 3491 3991 τὸ
3519 3941 3724 4007 μεταξὺ
3775 3942 3995 4010 χρόνος,

2427 4034 2522 4082 καὶ
2553 4031 2735 4099 Κύρος
2764 4033 2790 4081 6
2819 4031 3037 4100 Περσῶν
3067 4031 3312 4101 βασιλεὺς
3346 4031 3439 4082 καὶ
3482 4031 3704 4098 Δαρεῖος
3749 4030 3777 4080 6
3802 4031 4002 4099 Μήδων

2427 4121 2884 4192 ἐπιστρατεύουσι
2919 4124 3059 4174 κατὰ
3086 4121 3403 4184 Βαϐυλῶνος
3424 4137 3440 4153 ο
3470 4120 3608 4189 πλὴν
3632 4119 3769 4171 ἀλλὰ
3800 4122 3994 4173 Βαλτα-

2428 4232 2532 4285 σαρ
2572 4214 2668 4285 τὴν
2693 4213 2967 4283 βασιλείαν
2993 4213 3422 4284 παραλαϐόντος,
3453 4210 3634 4265 καινόν
3676 4228 3730 4264 τι
3780 4215 3877 4266 καὶ
3915 4231 3999 4267 τεο

2431 4324 2653 4376 ραστιον
2682 4300 2793 4358 οἷον
2826 4322 2889 4358 συ
2899 4306 3165 4375 μϐἑδηκε.

2500 4396 2604 4453 lA'.
2628 4400 2937 4453 ⁵Κατέκειτο
2956 4400 3057 4471 μὲν
3091 4399 3201 4469 γὰρ
3238 4400 3440 4465 ἐκεῖνος
3476 4402 3731 4468 δειπνῶν,
3775 4406 3835 4457 ὲν
3876 4405 4006 4475 οῐκῳ

758 4501 814 4545 ct
844 4494 983 4544 l'aeta
1026 4491 1090 4544 ad
1124 4492 1375 4545 convivia
1405 4491 1623 4561 regalia,
1673 4507 1795 4545 cum
1844 4493 1958 4547 suis
2003 4493 2307 4547 concubini:

2441 4490 2659 4561 μεγάλῳ
2685 4495 2774 4545 καὶ
2812 4494 2949 4562 πρὸς
2988 4494 3259 4555 ἑστιάσεις
3299 4497 3649 4564 πεποιημένῳ
3691 4471 4006 4564 βασιλικὰς,

759 4589 813 4635 et
847 4580 1062 4635 amicis.
1092 4580 1212 4649 Ipse
1236 4591 1442 4643 autem,
1469 4596 1593 4635 cum
1618 4581 1697 4635 sic
1726 4581 1777 4634 ei
1810 4581 1987 4635 visum
2020 4591 2185 4647 esset,
2219 4598 2328 4651 pra:

762 4690 954 4743 magna
1004 4675 1313 4744 arrogantia
1352 4674 1504 4743 jubet
1532 4690 1563 4729 e
1608 4690 1708 4729 suo
1740 4675 1940 4744 templo
1984 4672 2167 4730 all'erri
2199 4691 2326 4730 vasa

763 4768 881 4830 Dei,
913 4783 1033 4835 qua:
1065 4768 1575 4822 Nabuchodonosor
1605 4770 1724 4839 ejus
1751 4785 1885 4823 avus
1905 4785 2029 4823 cum
2059 4770 2331 4839 rapuisset

764 4857 1176 4928 Hierosolymis,
1222 4858 1288 4913 iis
1337 4874 1681 4929 nequaquam
1728 4875 1859 4914 usus
1906 4859 2104 4924 fuerat,
2134 4862 2226 4914 sed
2278 4862 2332 4915 in

765 4964 865 5001 suo
906 4950 1111 5017 templo
1159 4951 1246 5018 pie
1292 4949 1643 5018 deposuerat.
1693 4950 1792 5005 llic
1838 4968 1966 5007 vero
2022 4953 2333 5010 inconside-

767 5050 882 5093 rata
942 5050 998 5095 et
1047 5056 1077 5094 a
1121 5042 1334 5097 ratione
1388 5042 1567 5097 aliena
1640 5043 1897 5098 inductus
1949 5044 2196 5111 audacia,
2255 5047 2335 5102 eis

768 5134 1057 5197 utebatur;
1106 5142 1161 5187 et
1193 5136 1323 5187 dum
1373 5134 1586 5188 biberet
1632 5143 1687 5190 et
1722 5135 2041 5191 maledicam
2091 5137 2331 5207 linguam

769 5234 1017 5279 moveret
1056 5226 1321 5281 adversus
1352 5225 1659 5293 Excelsum,
1690 5244 1755 5282 ex
1790 5229 1999 5295 pariete
2035 5229 2183 5285 videt
2220 5245 2332 5283 ma-

768 5333 900 5370 num
963 5318 1378 5385 procedentem,
1440 5330 1496 5375 et
1540 5321 1593 5373 in
1650 5336 1807 5375 muro
1861 5312 2094 5391 syllabas
2144 5322 2336 5376 inscri-

774 5406 1010 5460 bentem.
1055 5407 1427 5463 Conturbatus
1469 5425 1596 5463 vero
1630 5424 1658 5462 a
1690 5409 1923 5471 visione,
1953 5410 2133 5479 Magos
2168 5411 2330 5464 simul

772 5508 827 5549 ut
866 5497 1171 5565 Chaldaaos,
1228 5510 1283 5553 et
1339 5496 1610 5569 quotquot
1681 5513 1840 5555 erant
1889 5502 2161 5573 Babylone
2214 5505 2335 5575 ejus

772 5592 1009 5657 generis,
1048 5592 1142 5660 qui
1191 5603 1446 5660 poterant
1497 5593 1649 5664 signa
1699 5603 1754 5653 et
1800 5594 1986 5648 futura
2037 5597 2331 5665 conjicere,

845 5778 919 5842 tl)
955 5776 1364 5836 l'Lt/iliiicrodach
1402 5779 1643 5833 nomine.

2438 4587 2573 4654 μετὰ
2610 4587 2719 4638 τῶν
2764 4585 3101 4638 παλλακίδων
3140 4585 3303 4638 αὑτοῦ
3334 4588 3429 4639 καὶ
3467 4587 3574 4639 τῶν
3615 4587 3818 4655 φίλωνο
3848 4589 4007 4649 αὐτὸς

2434 4679 2490 4730 δὲ
2516 4678 2658 4729 οὕτω
2680 4678 2835 4741 δόξαν
2861 4681 2923 4731 ὲκ
2948 4678 3148 4743 πολλῆς
3174 4678 3429 4747 ἀπονοίας
3447 4680 3778 4748 κομισθῆναι
3797 4681 4009 4734 κελεύει

2437 4769 2528 4821 τοῦ
2557 4768 2684 4821 ίδίου
2719 4769 2845 4820 ναοῦ
2868 4769 2935 4821 τὰ
2965 4767 3058 4821 τοῦ
3086 4766 3222 4820 Θεοῦ
3251 4771 3443 4838 σκεύη,
3470 4768 3505 4822 ἃ
3531 4767 4010 4839 Ναϐουχοδονόσορ

2436 4861 2464 4914 6
2494 4860 2685 4914 τούτου
2713 4865 2929 4925 πάππος
2973 4862 3207 4931 συλήσας
3239 4863 3301 4915 ἐκ
3328 4862 3436 4915 τῶν
3468 4861 3888 4933 Ἰεροσολύμων,
3915 4863 4011 4914 οὐκ

2438 4956 2635 5025 ἐχρῆτο
2662 4956 2780 5023 μὲν,
2811 4958 2889 5015 εἰς
2915 4955 2969 5007 δὲ
2998 4954 3089 5009 τὸν
3123 4955 3288 5009 αὐτοῦ
3318 4955 3442 5009 ναὸν
3477 4954 3723 5017 εὐλαϐῶς
3772 4954 4011 5007 κατατέ-

2436 5048 2616 5101 θεικεν
2635 5064 2650 5080 ο
2679 5039 2831 5109 οὗτος
2863 5045 2918 5098 δὲ
2943 5045 3132 5115 θράσει
3165 5046 3456 5116 προαχθεὶς
3486 5045 3666 5115 ἀλόγῳ
3694 5046 3900 5115 ἐχρῆτο
3922 5046 4010 5098 καὶ

2443 5139 2646 5209 μεταξὺ
2708 5138 2874 5190 πίνων
2919 5141 3011 5189 καὶ
3066 5138 3385 5207 βλάσφημον
3420 5136 3669 5205 γλῶτταν
3720 5138 3869 5189 κατὰ
3920 5135 4010 5189 τοῦ

2442 5230 2707 5299 ’Υψίστου
2736 5228 2921 5292 κινῶν,
2952 5230 3014 5280 ἐκ
3036 5228 3129 5281 τοῦ
3158 5230 3370 5298 τείχους
3395 5229 3496 5298 ὁρᾷ
3526 5227 3682 5296 χεῖρα
3713 5227 4013 5297 προϊοῦσαν

2441 5324 2534 5377 καὶ
2572 5322 2650 5392 τῷ
2680 5323 2842 5392 τοίχῳ
2869 5321 3020 5385 τινὰς
3058 5322 3329 5384 συλλαϐὰς
3372 5320 3783 5389 ἐγγράφουσαν.
3830 5321 4011 5390 Ταρα-

2434 5414 2589 5484 .χοεὶς
2620 5415 2674 5467 δὲ
2711 5415 2814 5469 ὑπὸ
2846 5414 2942 5482 τῆς
2970 5413 3163 5482 ὅψεως,
3196 5413 3404 5481 μάγους
3432 5411 3547 5481 ἅμα
3583 5411 3677 5463 καὶ
3708 5411 4011 5473 Χαλδαίους

2442 5508 2539 5560 καὶ
2577 5507 2685 5559 πᾶν
2735 5506 2893 5558 τοῦτο
2936 5507 3000 5558 τὸ
3033 5506 3209 5573 γένος,
3247 5506 3371 5556 ὅσον
3415 5499 3483 5575 ἦν
3534 5504 3593 5555 ὲν
3642 5502 4011 5564 Βαϐυλωνίοις

2446 5600 2647 5669 σημεῖά
2668 5616 2726 5652 τε
2758 5599 2849 5651 καὶ
2878 5597 3130 5667 ὀνείρατα
3161 5597 3366 5668 κρίνειν
3395 5596 3554 5660 είδὺς,
3588 5594 3753 5658 εὐθὺς
3779 5594 4009 5647 συνεκὰο
