4188 6310
184 351 294 415 385

1219 357 1401 418 VITA
1441 359 1501 420 S.
1539 358 1965 422 ΡΒΟΡΗΕΤιΕ
2009 361 2388 424 DANIELIS.

3327 371 3434 434 386

175 461 282 524 λει,
322 458 510 531 μαθεῖν
551 460 618 516 τά
661 462 1028 536 γεγραμμένα
1061 467 1193 540 παρ’
1226 469 1452 524 ἐκείνων
1505 469 1735 541 βουλὸμε

1861 471 2046 526 statim
2088 474 2434 541 convocavit,
2465 489 2534 530 ex
2565 473 2675 530 illis
2722 473 2912 529 volens
2958 474 3174 532 discere
3217 492 3281 533 ea
3311 495 3434 548 qua:

174 569 265 615 νος
292 567 307 582 '
342 551 448 605 τῶν
481 552 537 605 δέ
570 554 764 623 μάγων
794 557 950 610 οὐδὲν
972 559 1030 612 έν
1061 558 1272 624 τούτοις
1303 563 1545 616 συνεῖναι
1572 563 1752 630 λεγόν-

172 647 305 710 των,
337 645 444 700 ὑπὸ
492 646 736 716 μεγάλης
780 648 1017 716 ἀγωνίας
1047 652 1074 704 ὁ
1113 650 1368 722 βασιλεὺς
1417 655 1512 707 καὶ
1549 655 1752 725 πολλῆς

172 735 275 804 τῆς
319 736 411 790 ἐπὶ
461 735 539 806 τῷ
585 738 879 809 παραδόξῳ
923 740 1100 811 λύπης
1145 744 1478 814 ἐπισχεθεὴ,
1513 746 1749 817 ἐκήρυξε

172 826 318 879 κατὰ
349 829 532 882 πᾶσαν
560 831 616 882 ἐν
658 831 853 900 βραχεῖ
882 822 982 902 τήν
1009 834 1216 903 χώραν,
1242 837 1320 905 τῷ
1349 838 1415 891 τὰ
1445 839 1751 909 γράμματα

171 915 348 968 ταῦτα
373 919 468 970 καὶ
496 920 596 988 τὴν
635 919 730 972 ὑπ’
756 922 936 974 αὐτῶν
960 922 1299 996 δηλουμένην
1327 928 1567 980 διάνοιαν
1602 930 1749 1000 σαφῆ

171 1010 570 1079 καταστήσοντι
616 1010 810 1066 δώσειν
852 1014 1328 1085 ἐπαγγελλόμενος
1374 1021 1644 1089 πρεπτὸν
1690 1038 1750 1074 τε

171 1103 560 1171 περιαυχένιον
588 1105 822 1173 χρύσεον
851 1109 947 1159 καὶ
977 1112 1267 1180 πορφυρᾶν
1298 1112 1501 1180 ἐσθῆτα
1540 1116 1748 1182 φορεῖν,

171 1187 364 1258 ὥσπερ
397 1191 448 1243 οἱ
483 1191 592 1245 τῶν
621 1194 904 1249 Χαλδαίων
945 1197 1168 1250 είώϐασι
1206 1198 1466 1268 βασιλεῖς,
1505 1203 1642 1271 πρὸς
1694 1202 1750 1255 δὲ

169 1280 268 1333 καὶ
319 1282 378 1332 τὸ
413 1281 595 1351 τρίτον
629 1285 798 1355 μέρος
846 1287 944 1355 τῆς
989 1289 1124 1354 ιδίας
1176 1291 1383 1361 ἀρχῆςο
1433 1291 1608 1355 οὕτως
1659 1295 1751 1346 ἐκο

167 1369 437 1438 δηλότατα
467 1372 852 1445 διακηρυχθέν,
883 1378 965 1431 ἔτι
1003 1381 1102 1450 μὲν
1134 1383 1299 1435 πλέον
1334 1384 1383 1436 ol
1430 1385 1592 1453 μάγοι
1630 1402 1754 1437 συν-

167 1463 410 1534 έδραμόν
459 1483 515 1518 τε
561 1467 656 1520 καὶ
706 1466 844 1540 πρὸς
893 1472 993 1544 τὴν
1038 1473 1258 1546 εὕρεσιν
1292 1477 1752 1548 ἐφιλοτιμήσαντο

167 1556 283 1607 τῶν
346 1559 730 1628 γραμμάτων,
784 1563 935 1617 οὐδὲν
996 1567 1052 1620 δὲ
1122 1568 1344 1624 ἔλαττον
1412 1569 1750 1637 ἀποροῦντες

165 1647 496 1716 ἑστήκεσαν.

237 1739 336 1792 IB'.
375 1744 461 1795 Ἐν
485 1746 658 1816 τούτῳ
687 1746 779 1802 τὸν
816 1748 1043 1818 βασιλέα
1086 1751 1282 1820 μέστὸν
1305 1751 1547 1822 ἀθυμίας
1600 1758 1748 1824 γενό-

166 1847 334 1898 μενον
368 1836 398 1903 ή
428 1834 592 1889 αὑτοῦ
641 1838 842 1910 μάμμη
876 1841 1211 1913 θεασαμένη,
1252 1844 1654 1915 ἀναλαμϐάνειν
1685 1867 1744 1901 τε

163 1919 370 1990 ήρξσιτο
397 1925 491 1977 καὶ
523 1926 588 1980 τὰ
623 1931 750 1996 περὶ
793 1931 886 1985 τοῦ
925 1935 1210 2004 προφήτου
1251 1938 1452 2009 Δανιὴλ
1494 1941 1748 2012 γνώριμα

163 2013 458 2087 καθιστᾷν,
493 2019 595 2072 ὅσα
625 2021 712 2096 τῷ,
739 2024 952 2076 ἐκείνου
976 2027 1211 2096 πάππῳ,
1241 2029 1318 2098 τῷ
1345 2031 1746 2101 Ναϐουχοδονό-

162 2122 264 2175 σορ
295 2110 459 2179 φημὶ,
493 2113 578 2180 ἐφ’
605 2110 685 2176 οἷς
712 2114 954 2185 ἑώρακεν
978 2118 1338 2190 ἀπορρήτοις,
1365 2123 1526 2186 αὐτὸς
1559 2125 1743 2178 διεσά-

163 2213 340 2264 φησεν
367 2217 378 2228 ·
417 2197 572 2252 Ἔστι
597 2219 700 2267 τις,
729 2204 993 2272 λέγουσα,
1011 2208 1118 2260 ἀπὸ
1155 2210 1250 2279 τῆς
1287 2209 1549 2278 Ἰουδαίας
1578 2216 1746 2286 αἰχμ-

164 2288 380 2352 άλωτος
428 2292 664 2348 ἐνταῦθα
702 2296 890 2366 ἀχθεὶς
923 2299 1142 2370 (Δανιὴλ
1179 2301 1326 2371 αύτῷ
1349 2305 1565 2376 ὄνομα),
1608 2309 1744 2380 ἀνὴρ

157 2379 335 2442 δεινὸς
368 2383 551 2459 εὑρεῖν
590 2386 658 2440 τὰ
692 2389 983 2460 ἀπόρρητα
1021 2395 1116 2446 καὶ
1140 2393 1256 2463 Θεῷ
1291 2396 1542 2468 γνώριμα
1575 2379 1741 2470 tton,

158 2472 218 2536 ὃς
254 2474 730 2548 Ναϐουχοδονόσορ
759 2483 834 2550 τῷ
860 2481 1091 2549 βασιλεῖ,
1120 2485 1347 2552 μηδενὸς
1377 2489 1538 2542 άλλου
1569 2492 1697 2562 δυνη
1717 2522 1740 2533 «-

159 2564 347 2629 θέντος
375 2569 552 2622 εἰπεῖν
577 2573 705 2640 περὶ
725 2566 798 2624 ὧν
829 2573 1000 2627 ἐδεῖτο
1030 2575 1243 2645 μαθεῖν,
1273 2579 1535 2650 ἐγνώρισε
1566 2586 1743 2638 πάντα

154 2654 343 2746 καλῶς
373 2657 581 2746 καὶῌεὶς
624 2660 739 2728 φῶς
775 2663 950 2732 ῆγαγε
978 2665 1046 2718 τὰ
1078 2665 1390 2738 ζητούμενα
1411 2687 1424 2701 ·
1457 2690 1743 2746 μεταπεμο

153 2744 402 2814 ψάμενος
426 2743 518 2802 οὖν
548 2750 711 2806 αὑτὸν
741 2753 997 2825 εὑρήσεις
1023 2758 1224 2821 εὐθέως
1247 2759 1274 2809 δ
1297 2762 1500 2827 γνῶναι
1537 2743 1740 2836 ζητεῖς.

155 2839 272 2892 Καὶ
309 2841 364 2902 ὃς
396 2842 625 2911 τάχιστα
652 2845 842 2900 τοῦτον
897 2853 1253 2918 μετεκαλεῖτο
1305 2858 1400 2906 καὶ
1437 2857 1740 2929 διαλεχθεὶς

155 2931 262 2983 ὅσα
300 2931 525 2986 πύθοιτο
568 2940 693 3005 περὶ
726 2942 888 2994 αὐτοῦ
931 2945 1024 2995 καὶ
1056 2940 1124 3017 ἦς
1160 2945 1272 3015 ἔχει
1307 2949 1498 3016 σοφίας
1539 2951 1631 3006 καὶ
1667 2953 1742 3017 ὡς

151 3022 216 3073 τὸ
253 3021 399 3074 θεῖον
447 3025 594 3094 αὐτῷ
643 3028 866 3097 Πνεῦμα
914 3035 1260 3101 συμπάρεστι
1309 3043 1403 3091 καὶ
1455 3041 1615 3109 μόνος
1655 3044 1742 3107 ἐξ·

1856 563 2057 634 scripta
2082 566 2322 632 fuerant,
2351 567 2674 622 Dicentihus
2699 570 2881 624 autem
2914 572 3108 640 magis.
3142 584 3200 625 se
3237 585 3430 624 eorum

1854 654 1989 708 nihil
2017 656 2346 727 intelligere.
2378 658 2492 713 Rex
2517 658 2676 713 valde
2720 662 2939 728 anxius,
2964 673 3019 718 et
3041 677 3236 732 magno
3260 663 3428 716 animi

1851 745 2039 801 dolore
2088 763 2406 819 Oppressus.
2460 761 2684 822 prepter
2729 754 2871 808 hanc
2917 771 3032 809 rem
3093 755 3428 824 inopinatam

1851 849 1906 891 et
1936 839 2092 894 valde
2137 840 2539 908 admirabilem,
2567 844 2790 914 publico
2842 848 3116 916 praeconio
3139 847 3290 901 brevi
3311 846 3429 900 edi-

1853 927 1932 981 xit
1977 944 2076 998 per
2122 939 2291 986 totam
2339 935 2640 1004 regionem,
2673 950 2731 990 se
2761 936 2833 1001 ei,
2868 939 2960 1006 qui
3007 937 3106 991 has
3134 938 3347 992 litteras
3375 945 3432 990 et

1849 1020 2114 1088 quidnam
2158 1023 2557 1092 signiﬁcarent,
2615 1036 2762 1082 esset
2808 1029 3222 1089 declaraturus:
3263 1030 3429 1098 polli-

1851 1127 1982 1167 cens
2005 1127 2126 1168 esse
2167 1115 2421 1169 daturum
2467 1127 2718 1186 torquem
2748 1134 2998 1183 aureum,
3024 1129 3078 1174 et
3105 1100 3308 1174 vestem
3335 1135 3430 1192 ge-

1852 1205 2104 1258 standam
2143 1223 2500 1275 purpuream,
2536 1210 2677 1262 sicut
2708 1209 2885 1263 solent
2919 1210 3064 1265 ferre
3092 1225 3245 1280 reges
3269 1208 3432 1264 Chal-

1851 1296 2116 1362 dzeorum,
2147 1307 2202 1352 et
2245 1307 2511 1368 praeterea
2547 1301 2764 1355 tertiam
2809 1310 3016 1372 partem
3056 1302 3142 1356 sui
3187 1301 3426 1371 imperii.

1850 1391 1986 1448 Cum
2023 1393 2126 1448 hoc
2157 1394 2381 1463 publico
2422 1395 2702 1464 praaconio
2734 1396 2813 1452 sic
2855 1396 3051 1451 fuisset
3101 1395 3428 1466 promulga-

1854 1493 1991 1548 tum,
2027 1486 2210 1539 adhuc
2259 1486 2481 1554 quidem
2528 1487 2702 1557 magis
2732 1489 3139 1544 concurrebant
3174 1489 3335 1558 magi,
3373 1497 3429 1542 et

1853 1575 2269 1628 contendebant
2312 1575 2585 1639 invenire,
2628 1576 2759 1645 quid
2801 1576 2904 1631 sibi
2951 1577 3156 1630 vellent
3204 1577 3425 1631 litterre.

1849 1665 2223 1720 Nihilominus
2259 1676 2441 1720 autem
2493 1669 2708 1722 stabant
2737 1668 3077 1722 dubitantes.

1937 1759 2057 1813 XII.
2091 1759 2306 1814 Interea
2341 1774 2524 1829 regem
2553 1775 2752 1830 angore
2785 1761 2952 1814 animi
2982 1761 3204 1829 plenum
3239 1760 3428 1815 videns

1783 1825 1824 1880 Β
1855 1852 1974 1922 ejus
2018 1852 2161 1908 avia.
2196 1853 2362 1920 cmpit
2402 1825 2674 1920 repetere,
2707 1861 2763 1906 et
2794 1852 2860 1906 de
2904 1825 3125 1906 Daniele
3160 1842 3427 1921 propheta

1848 1943 1896 1996 ei
1946 1942 2272 2012 signiﬁcare,
2317 1959 2438 2012 quae
2484 1943 2629 1996 illius
2685 1959 2824 2007 avo,
2868 1943 3423 2006 Nabuchodonosori,

1851 2033 2099 2102 inquam,
2150 2043 2376 2103 propter
2432 2048 2495 2087 ea
2527 2049 2649 2103 qua:
2682 2034 2896 2092 viderat
2922 2050 3142 2099 arcana,
3174 2035 3224 2087 ei
3255 2049 3427 2103 expo-

1846 2133 2051 2186 suerat,
2099 2126 2196 2178 Est
2226 2125 2470 2193 quidam,
2501 2126 2712 2192 dicens,
2753 2129 2848 2196 qui
2893 2127 2993 2181 fuit
3024 2127 3222 2182 ductus
3255 2126 3362 2181 huc
3393 2142 3424 2181 e

1845 2212 2029 2267 Judaea
2079 2213 2352 2281 captivus,
2395 2213 2618 2268 nomine
2661 2216 2870 2280 Daniel,
2923 2217 3009 2269 vir
3055 2217 3310 2285 egregius
3353 2218 3421 2270 ad

1849 2303 2182 2357 invenienda
2223 2317 2448 2366 arcana,
2484 2312 2540 2357 et
2567 2319 2687 2374 quae
2714 2313 2843 2359 sunt
2875 2305 2974 2359 soli
3008 2303 3119 2360 Deo
3153 2306 3372 2376 cognita
3405 2323 3418 2359 :

1845 2396 1939 2464 qui
1988 2396 2099 2465 regi
2125 2395 2676 2458 Nabuchodonosori,
2706 2411 2830 2450 cum
2859 2397 3044 2451 nullus
3075 2396 3214 2450 alius
3238 2406 3422 2465 posset

1851 2489 2036 2542 dicere
2069 2489 2136 2542 de
2173 2488 2241 2542 iis
2268 2503 2388 2556 qua:
2431 2487 2734 2556 qumrcbat,
2767 2489 2948 2544 omnia
2981 2488 3211 2557 pulchre
3251 2489 3422 2560 signi-

1848 2576 2056 2642 ﬁcavit,
2084 2588 2138 2632 et
2167 2579 2342 2632 edidit
2375 2579 2428 2632 in
2463 2581 2638 2632 lucem
2670 2594 2733 2633 ea
2767 2595 2886 2648 quas
2914 2581 3329 2647 qumrebantur.
3364 2580 3421 2633 Si

1843 2684 1972 2723 eum
2012 2685 2143 2740 ergo
2194 2670 2576 2735 accersive'ris,
2621 2671 2671 2726 id
2709 2671 2854 2740 quod
2900 2671 3039 2725 seire
3080 2670 3256 2740 cupis,
3295 2687 3417 2726 mox

1849 2759 2124 2814 invenies.
2175 2759 2266 2813 Ille
2311 2775 2444 2813 vero
2489 2775 2613 2813 eum
2676 2761 2965 2815 celerrime
3012 2761 3266 2815 accersiit
3309 2777 3324 2814 :
3364 2769 3421 2816 et

1843 2867 1969 2907 cum
2023 2853 2272 2914 dixisset,
2316 2868 2436 2922 qua:
2491 2852 2559 2905 de
2611 2853 2729 2922 ipso
2774 2860 2831 2906 et
2882 2852 2950 2907 de
2993 2854 3115 2922 ejus
3164 2853 3422 2907 audiebat

1841 2944 2132 3014 sapientia,
2183 2953 2237 2997 et
2270 2945 2400 3013 quid
2431 2944 2652 2998 divinus
2692 2945 2762 2998 sit
2796 2960 2920 2998 cum
2959 2961 3026 2998 eo
3057 2944 3333 3014 Spiritus;
3363 2954 3420 2999 et

1844 3037 2004 3093 sitad
2052 3037 2443 3091 inveniendum
2492 3037 2644 3089 solus
2692 3036 2776 3091 vel
2827 3038 3061 3092 maxime
3093 3038 3324 3091 idoneus
3353 3052 3417 3090 ea

154 3113 344 3182 ευρεῖν
409 3112 762 3178 ικανώτατος,
810 3116 846 3170 ἃ.
897 3118 971 3186 μὴ
1012 3123 1125 3182 τοῖς
1155 3122 1333 3186 ἄλλοις
1384 3127 1464 3187 είς
1495 3128 1735 3183 ἐπίνοιαν

1843 3146 1966 3200 qua:
2013 3145 2124 3184 non
2166 3129 2399 3183 veniunt
2430 3129 2553 3196 aliis
2583 3129 2637 3182 in
2683 3133 2950 3194 mentem,
2997 3129 3224 3200 rogabat
3270 3139 3329 3183 ut
3365 3131 3418 3184 ei

152 3205 404 3276 ἔρχεται,
434 3208 662 3278 φράζειν
693 3209 840 3278 αύτῷ
863 3210 930 3262 τὰ
961 3214 1326 3284 γεγραμμένα
1367 3220 1461 3268 καὶ
1502 3219 1735 3274 διαλύειν

1842 3223 2051 3276 diceret
2075 3232 2132 3278 et
2166 3223 2406 3277 solveret
2425 3239 2512 3286 ea,
2541 3238 2663 3291 quae
2694 3224 2895 3293 scripta
2929 3224 3144 3278 fuerant
3168 3243 3183 3290 ;
3203 3225 3416 3280 etiamsi

150 3298 338 3366 ἠξίου,
381 3298 481 3351 κᾶν
529 3300 854 3368 σκυθρωπὸν
899 3295 957 3374 ᾗ,
999 3303 1183 3373 φησὶν,
1219 3304 1279 3356 τὸ
1330 3305 1435 3359 ὑπὸ
1473 3307 1607 3361 Θεοῦ
1645 3328 1741 3380 ση-

152 3388 522 3456 μαινόμενον⁶
567 3391 724 3444 τοῦτο
765 3391 878 3463 γὰρ
925 3396 1213 3463 ποιήσαντι
1252 3397 1538 3470 πορφύραν
1583 3400 1739 3456 δώσω

150 3478 482 3532 ἐνδύσασθαι
527 3483 620 3532 καὶ
663 3488 898 3550 χρύσεον
934 3488 1066 3556 περὶ
1104 3486 1197 3546 τὸν
1235 3489 1439 3558 αὐχένα
1474 3494 1739 3563 στρεπτὸν

149 3571 248 3622 καὶ
277 3569 336 3621 τὸ
360 3571 540 3640 τρίτον
570 3573 666 3640 τῆς
693 3575 868 3644 ἀρχῆς
897 3578 1086 3644 μέρος.
1125 3578 1294 3646 τιμὴν
1322 3583 1416 3633 καὶ
1442 3585 1606 3653 γέρας
1638 3587 1738 3655 τῆς

148 3661 352 3729 σοφίας
412 3663 692 3732 ἐσόμενον,
748 3665 822 3726 ὡς
876 3665 942 3719 ἂν
995 3666 1055 3730 ἐξ
1104 3666 1285 3722 αὐτῶν
1334 3670 1735 3742 ἐπισημότατος

146 3752 330 3806 ἅπασι
354 3755 531 3821 γένοιο
561 3758 655 3809 καὶ
687 3757 1070 3830 περίϐλεπτος.

223 3845 326 3897 1Γ¹.
360 3849 556 3918 Δανιὴλ
580 3849 635 3901 δὲ
662 3852 760 3912 τὰς
794 3853 892 3921 μὲν
917 3853 1125 3922 δωρεὰς
1164 3858 1328 3912 αὐτὸν
1367 3859 1513 3930 ἔχειν
1544 3862 1730 3933 ήξίου⁶

141 3934 239 3986 τὸν
274 3937 384 4004 γὰρ
417 3939 578 4003 σοφὸν
612 3941 706 3990 καὶ
735 3941 875 3992 θεῖον
912 3943 1108 4013 δώροις
1136 3949 1234 4017 οὐχ
1275 3950 1551 4019 ἁλώσιμον
1591 3951 1732 4008 εῖναι

139 4027 263 4078 δείο
303 4029 505 4095 προῖκα
541 4028 598 4080 δὲ
642 4030 766 4093 τοὺς
805 4031 1094 4103 δεομένους
1129 4037 1364 4112 ώφελείγ
1409 4041 1728 4113 βούλεσθαι·

144 4116 383 4190 μηνύειν
413 4116 467 4169 δὲ
496 4117 649 4206 αὐτῷ,
670 4135 734 4170 τα
764 4127 1129 4193 γεγραμμένα
1158 4130 1249 4181 τοῦ
1276 4130 1391 4200 βίου
1425 4151 1730 4206 καταστρο-

144 4209 281 4281 φὴν,
316 4210 402 4262 δτι
432 4210 566 4280 μηδὲ
595 4204 674 4274 οἷς
709 4211 737 4263 δ
772 4214 1039 4283 πρόγονος
1069 4218 1234 4270 αὑτοῦ
1265 4204 1731 4297 Ναϐουχοδονόσορ

137 4302 231 4355 διὰ
294 4302 394 4364 τὰς
449 4305 528 4365 είς
578 4304 710 4358 Θεὸν
766 4305 954 4377 ὕϐρεις
1004 4309 1297 4383 ἐκολάσθη,
1330 4313 1538 4378 τούτοις
1568 4319 1730 4383 αὐτὸς

137 4393 356 4464 ιμαθεν
388 4395 634 4446 εὐσεϐεῖν
665 4399 761 4448 καὶ
794 4399 964 4466 μηδὲν
1002 4401 1102 4470 τῆς
1137 4403 1487 4476 ἀνθρωπίνης
1516 4408 1729 4476 φύσεως

1839 3313 1930 3374 sit,
1949 3313 2149 3382 inquit,
2167 3314 2523 3384 injucundum
2539 3324 2856 3382 etasperum
2875 3317 3021 3385 quod
3036 3332 3065 3371 a
3087 3317 3196 3370 Deo
3219 3317 3419 3386 signiﬂ'

1839 3414 2020 3459 catur.
2037 3405 2147 3459 Hoc
2163 3420 2294 3476 ergo
2311 3405 2356 3459 si
2374 3405 2591 3468 feceris.
2609 3406 2751 3460 dabo
2777 3407 2876 3460 tibi
2903 3424 3338 3480 purpuram,qua
3366 3422 3417 3466 te

1840 3496 2071 3553 induas:
2092 3507 2412 3570 ettorquem
2432 3515 2848 3570 aureum,quem
2866 3501 3006 3555 collo
3027 3509 3121 3556 tuo
3142 3503 3412 3572 imponas,

1839 3599 1894 3644 et
1918 3590 2135 3644 tertiam
2157 3601 2364 3661 partem
2388 3593 2491 3645 mei
2513 3592 2748 3660 imperii,
2769 3592 3010 3648 futuram
3048 3597 3331 3663 praemium
3359 3605 3414 3653 et

1837 3683 2105 3762 honor-3m
2144 3692 2250 3736 tuae
2291 3686 2579 3753 sapientiae
2610 3702 2622 3738 :
2654 3694 2716 3739 ut
2752 3698 2818 3740 ex
2861 3685 2994 3755 ipsis
3020 3689 3224 3744 evadas
3250 3689 3412 3762 longe

1836 3746 2196 3838 clarissimus,
2229 3783 2286 3828 et
2312 3775 2380 3829 ab
2410 3777 2668 3830 omnibus
2702 3779 3112 3848 suspiciendus.

1909 3864 2045 3921 XIII.
2090 3867 2279 3923 Daniel
2309 3878 2494 3924 autem
2529 3869 2755 3940 rogabat
2796 3872 3046 3939 quidem,
3082 3882 3142 3926 ut
3173 3875 3278 3929 sibi
3313 3893 3410 3933 sua

1837 3957 2068 4013 haberet
2143 3973 2395 4021 munera,
2444 3958 2626 4012 virum
2674 3959 2819 4012 enim
2866 3958 3170 4028 sapientem
3221 3972 3276 4015 et
3323 3964 3407 4017 di-

1833 4047 2021 4101 vinum
2061 4063 2165 4101 non
2215 4064 2336 4102 esse
2384 4049 2714 4117 capiendum
2764 4051 3087 4105 muneribus
3131 4067 3236 4107 :se
3279 4069 3411 4108 vero

1832 4140 2001 4209 gratis
2029 4140 2166 4192 velle
2209 4141 2403 4209 juvare
2426 4155 2522 4193 eos
2551 4144 2644 4208 qui
2686 4157 2825 4210 Opus
2867 4142 3122 4198 habeant.
3163 4145 3410 4206 Declarat

1833 4241 2018 4287 autem
2051 4232 2101 4286 ei
2150 4247 2212 4286 ea
2242 4249 2362 4302 quae
2395 4232 2600 4301 scripta
2630 4231 2867 4292 fuerant.
2904 4249 3099 4302 nempe
3134 4238 3255 4290 vitae
3296 4238 3408 4291 exi-

1833 4333 1946 4377 tum
1971 4342 1983 4376 :
2006 4325 2148 4392 quod
2182 4341 2284 4378 nec
2314 4326 2380 4379 iis
2403 4325 2648 4392 quidem,
2669 4340 2789 4395 quae
2817 4340 2950 4380 avus
2974 4326 3093 4396 ejus
3111 4327 3406 4389 Nahuelio~

1831 4412 2076 4468 donosor
2126 4429 2319 4484 passus
2366 4422 2506 4480 erat,
2574 4417 2858 4484 suppliciis
2908 4429 3131 4486 propter
3174 4436 3302 4474 snas
3351 4423 3405 4476 in

139 4485 296 4556 πέρα
346 4486 592 4555 φρονεῖν’
646 4484 761 4538 ἀλλ’
793 4487 874 4539 ὅτι
911 4489 1005 4540 καὶ
1037 4491 1519 4566 Ναϐουχοδονόσορ
1559 4515 1727 4566 μετα-

1840 4507 2006 4560 Deum
2062 4508 2454 4571 contumelias,
2511 4509 2628 4577 ipse
2676 4508 2944 4561 didicerat
2988 4523 3108 4560 esse
3141 4511 3312 4578 pium,
3349 4525 3405 4567 et

138 4577 482 4641 πλασθέντος
538 4579 618 4641 είς
664 4577 868 4649 θηρίων
916 4578 1193 4651 διαγωγὴν
1227 4584 1312 4650 ἐφ’
1351 4581 1431 4647 οἷς
1465 4588 1724 4656 ἠσέϐησε,

135 4673 236 4724 καὶ
291 4671 434 4740 μετὰ
480 4670 681 4733 πολλὰς
737 4670 944 4735 ἱκεσίας
992 4674 1085 4726 καὶ
1130 4673 1342 4746 δεήσεις
1390 4676 1721 4746 ἐλεηθέντος,

131 4763 285 4817 ὥστε
315 4763 478 4816 πάλιν
507 4761 822 4815 ἐπανελθεῖν
865 4763 945 4825 είς
979 4766 1068 4816 τὸν
1100 4766 1440 4834 ἀνθρώπινον
1471 4769 1586 4838 βίον
1631 4772 1724 4824 καὶ

128 4858 236 4924 τὴν
259 4854 552 4924 βασιλείαν
586 4853 758 4923 αὐτὴν
783 4854 879 4908 καὶ
906 4855 994 4908 διὰ
1029 4856 1202 4908 ταῦτα
1235 4858 1324 4910 τὸν
1359 4859 1490 4911 Θεὸν
1519 4861 1593 4925 ώς
1626 4863 1724 4934 τὴν

131 4947 368 5001 ἃπασαν
432 4945 624 5016 ἔχοντα
696 4946 928 5017 δύναμιν
992 4949 1085 5003 καὶ
1150 4949 1553 5020 προνοούμενον
1614 4955 1722 5007 τῶν

129 5039 473 5111 ἀνθρώπων,
499 5037 624 5108 ἄχρι
658 5040 751 5089 καὶ
777 5040 1033 5111 τελευτῆς
1049 5041 1346 5109 ὑμνοῦντος
1369 5039 1538 5114 λήθην
1561 5046 1720 5111 αὐτὸς

129 5133 301 5186 ἐλαδε
349 5131 555 5184 τούτων
603 5130 698 5183 καὶ
740 5132 910 5185 πολλὰ
952 5133 1053 5202 μὶν
1087 5134 1521 5206 ἐϐλασφήμησεν.
1551 5140 1630 5200 εἰς
1659 5138 1721 5193 τὸ

127 5226 321 5286 Θεῖον,
360 5225 471 5286 τοῖς
502 5223 558 5276 δὲ
589 5223 838 5276 σκεύεσιν
867 5226 1035 5278 αὑτοῦ
1069 5225 1208 5295 μετὰ
1237 5229 1345 5280 τῶν
1379 5230 1719 5286 παλλακίδων

127 5317 480 5386 διηκονεῖτο·
510 5314 681 5368 ταῦτα
723 5310 816 5368 οὖν
848 5317 1058 5385 δρῶντα
1091 5319 1180 5370 τὸν
1211 5318 1363 5384 Θεὸν,
1393 5321 1716 5394 ὀργισθῆναι

128 5408 293 5476 αὐτῷ
340 5406 434 5460 καὶ
477 5406 562 5459 διὰ
605 5407 711 5457 τῶν
748 5410 1153 5476 γεγραμμένων
1190 5414 1711 5482 προκαταγγέλλειν,

124 5498 210 5559 εἰς
242 5490 362 5548 οἷον
388 5496 549 5547 αὑτὸν
578 5497 950 5566 καταστρέψαι
982 5498 1062 5549 δεῖ
1102 5500 1252 5564 τέλος
1273 5521 1284 5532 ·
1326 5503 1512 5570 ἐδήλου
1554 5504 1608 5559 δὲ
1647 5508 1714 5559 τὰ

125 5589 452 5659 γράμματα
465 5588 622 5640 τάδε’
641 5587 823 5657 μάνη,
859 5589 1053 5654 θέκελ,
1074 5594 1261 5660 φαρές
1281 5611 1295 5624 ο
1324 5595 1480 5648 τοῦτο
1508 5596 1564 5648 δέ
1595 5598 1713 5651 ἕλε-

121 5697 240 5754 τιν.
266 5677 480 5732 Ἐλλάδι
519 5679 742 5756 γλώσσῃ
779 5683 1086 5752 σημαίνειν,
1139 5685 1222 5737 ὃτι
1283 5687 1392 5741 Τὸν
1422 5686 1529 5753 τῆς
1562 5687 1712 5756 ζωῆς

119 5786 245 5826 σου
275 5775 505 5841 χρόνον
529 5773 856 5844 ἠρίθμηκεν
877 5778 909 5830 ό
941 5777 1084 5840 Θεὸς
1112 5778 1207 5831 καὶ
1241 5778 1481 5848 σταθμῷ
1522 5785 1710 5850 περιέ-

1832 4597 1970 4649 ultra
1996 4597 2215 4649 modum
2248 4598 2497 4650 humana:
2523 4608 2734 4651 natura:
2756 4613 2863 4652 non
2892 4614 3108 4674 sumere
3134 4602 3399 4669 spiritus:

1827 4686 1923 4742 sed
1941 4689 2087 4756 quod
2114 4688 2280 4742 etiam
2307 4704 2430 4742 cum
2453 4688 2962 4744 Nabuchodonosor
2983 4700 3225 4747 mutatus
3257 4707 3404 4749 esset

1827 4778 1884 4834 in
1935 4781 2095 4833 vitam
2158 4780 2386 4833 ferinam
2434 4789 2722 4848 propterea
2751 4798 2872 4850 qua:
2922 4784 3088 4852 impie
3137 4797 3400 4853 gesserat,

1825 4879 1880 4923 et
1915 4879 2034 4939 post
2068 4870 2265 4923 multas
2294 4885 2485 4939 preces
2513 4879 2569 4924 et
2623 4873 3051 4940 supplicationes
3082 4876 3399 4930 misericor-

1825 4959 1972 5014 diam
1996 4971 2142 5016 esset
2163 4972 2512 5022 consecutus,
2543 4969 2597 5014 et
2627 4962 2882 5015 rediisset
2912 4961 2980 5014 ad
3008 4962 3172 5017 vitam
3202 4965 3397 5019 huma-

1823 5069 1950 5107 nam
2004 5064 2060 5108 et
2110 5053 2286 5122 ipsum
2334 5065 2607 5123 regnum:
2649 5061 2706 5107 et
2744 5061 3034 5122 propterea
3081 5055 3278 5117 Deum,
3337 5070 3397 5111 ut

1821 5145 1915 5215 qui
1942 5159 2163 5199 onmem
2201 5145 2428 5198 haberet
2459 5145 2780 5213 potentiam,
2810 5152 2866 5196 et
2895 5143 3177 5198 hominum
3204 5161 3392 5202 curam

1820 5245 2059 5308 gereret,
2106 5252 2282 5307 usque
2314 5236 2381 5290 ad
2430 5247 2662 5290 mortem
2715 5235 2987 5302 laudaret,
3041 5237 3154 5306 ipse
3198 5253 3390 5293 eorum

1820 5339 1905 5382 est
1934 5327 2139 5383 oblitus
2167 5346 2182 5381 :
2217 5337 2273 5382 et
2305 5327 2476 5382 Deum
2508 5327 2731 5398 quidem
2763 5327 2953 5381 multis
2983 5328 3282 5382 insectatus
3307 5342 3391 5385 est

1821 5421 2155 5487 maledicus,
2187 5420 2335 5474 vasis
2365 5430 2548 5474 autem
2573 5421 2693 5491 ejus
2738 5430 2796 5473 ut
2819 5419 2925 5474 sibi
2954 5419 3385 5484 ministraretur,

1815 5511 2001 5566 elleeit
2046 5511 2209 5564 simul
2256 5527 2382 5565 cum
2417 5511 2727 5581 pellicibus.
2764 5509 2890 5565 Haec
2927 5525 3060 5581 ergo
3106 5510 3383 5564 videntem

1815 5605 1984 5657 Deum
2011 5604 2061 5658 ei
2083 5619 2202 5658 esse
2237 5604 2456 5669 iratum,
2476 5615 2531 5660 et
2564 5618 2660 5673 per
2686 5617 2750 5656 ea
2775 5619 2896 5673 qua:
2928 5603 3129 5673 scripta
3162 5612 3310 5665 sunt,
3331 5604 3385 5659 ei

1814 5697 2260 5766 praesigniﬁcare,
2303 5696 2481 5765 qualis
2511 5696 2582 5750 sit
2623 5695 2844 5750 futurus
2895 5696 3019 5749 vitae
3060 5693 3258 5748 exitus.
3298 5693 3383 5747 Si-

1812 5787 2141 5853 gniﬁcabant
2177 5796 2360 5844 autem
2405 5787 2489 5842 lia:
2524 5787 2743 5851 litterae,
2781 5785 2955 5850 Mane,
3000 5782 3198 5851 Thuc],
3239 5782 3380 5839 Plia-
