4188 6310
740 364 842 429 387

2061 345 2347 406 MENSIS
2388 343 2681 406 IULIUS.

3886 337 3992 400 388

741 496 850 542 res,
888 480 991 532 hoc
1023 490 1155 530 vero
1205 470 1427 526 dicebat
1479 469 1665 538 lingua
1715 467 1906 520 Latina
1959 460 2315 532 signiﬁcare:

2436 472 2616 525 γτησε
2648 460 2745 512 καί
2788 457 3079 526 περιελών
3107 475 3220 512 σου
3256 456 3369 524 τὴν
3408 456 3737 520 ,βασιλείαν
3771 455 3995 522 Μήδοις

744 576 966 636 Tempus
1000 571 1114 623 vita:
1146 576 1249 620 tua:
1283 564 1582 618 numeravit
1615 561 1772 623 Deus,
1805 566 1852 611 et
1883 559 1936 610 in
1963 556 2098 608 libra
2127 568 2323 622 appen-

741 669 922 725 dit.ct
970 660 1205 716 ablatum
1244 672 1463 727 regnum
1504 664 1653 706 tuum
1691 651 1877 704 dividet
1911 647 2074 702 Medis
2102 655 2148 698 et
2187 643 2316 697 Per-

741 762 834 813 sis.
882 758 1017 812 Cum
1071 757 1180 826 regi
1218 757 1288 809 sit
1326 754 1555 807 dixisset
1589 748 1814 813 Daniel,
1849 758 2097 814 quaenam
2152 740 2319 809 signi-

747 851 973 905 ﬁcarent
1034 849 1117 902 hae
1178 848 1234 900 in
1285 862 1444 898 muro
1498 845 1727 905 litterae,
1785 838 2031 892 Baltasar
2095 833 2317 902 quidem

745 957 952 1010 angore
1001 950 1056 994 et
1111 939 1278 992 animi
1333 936 1520 990 dolore
1594 935 1696 986 fuit
1749 942 2044 1000 oppressus
2096 931 2322 994 pr0pter

745 1050 938 1103 aspera
962 1033 1052 1086 illa
1077 1041 1131 1086 et
1166 1029 1364 1092 tristia,
1394 1044 1515 1097 quae
1552 1026 1600 1079 ei
1627 1021 2095 1094 signiﬁcabantur.
2132 1015 2321 1082 Neque

749 1137 931 1181 tamen
969 1126 1016 1180 ei
1053 1133 1313 1193 tanquam
1346 1121 1628 1191 prophetae
1662 1117 1956 1175 malorum,
1988 1125 2096 1164 non
2129 1108 2221 1160 dat
2257 1119 2321 1160 ea

747 1233 999 1281 munera,
1031 1232 1153 1285 qua
1198 1216 1378 1269 fuerat
1432 1211 1729 1282 pollicitus,
1756 1207 1849 1261 sed
1881 1202 2112 1273 prmbuit
2140 1198 2324 1253 omnia

747 1327 912 1382 quam
954 1309 1202 1363 minatus
1251 1307 1475 1376 quidem
1510 1313 1630 1356 erat
1663 1299 1812 1369 regni
1849 1296 2158 1356 eversione,
2191 1291 2328 1344 deﬂ-

747 1381 878 1455 nita:
912 1417 1032 1455 esse
1084 1397 1448 1457 necessitatis,
1480 1395 1574 1448 sed
1611 1407 1718 1445 non
1752 1393 1870 1460 ejus
1911 1388 2004 1456 qui
2055 1381 2326 1455 praedixit,

751 1510 870 1548 esse
903 1500 1160 1561 reputans
1192 1511 1203 1545 :
1238 1506 1299 1544 ea
1361 1499 1567 1546 autem,
1619 1499 1740 1554 quae
1776 1480 2044 1551 promissa
2088 1477 2327 1535 fuerant,

750 1587 1001 1654 implere,
1029 1583 1160 1637 boni
1193 1597 1311 1636 esse
1336 1579 1443 1634 viri
1477 1577 1752 1648 judicans,
1784 1571 2033 1642 justique
2058 1577 2114 1622 et
2153 1565 2287 1621 veri.

820 1679 956 1732 XIV.
1012 1673 1370 1732 Praeterﬂuxit
1435 1672 1596 1724 breve
1653 1667 1887 1734 spatium
1934 1661 2215 1732 temporis,
2273 1669 2328 1713 et

753 1782 944 1837 captus
975 1768 1077 1820 iuit
1110 1767 1224 1834 ipse
1255 1773 1309 1816 et
1341 1762 1565 1821 civitas,
1625 1759 1767 1811 sicut
1798 1755 2120 1823 praedictum
2152 1754 2330 1804 fuerat

2418 549 2614 613 αὐτὴν
2638 551 2733 602 καί
2759 550 3020 618 Πέρσαις
3041 549 3326 619 διανεμεῖ.
3347 549 3502 602 Οῦτω
3515 549 3708 620 Δανιὴλ.
3727 549 3900 603 ταῦτα
3919 549 3994 620 τῷ

2423 641 2632 710 βασιλεῖ
2656 643 2941 710 σημαίνειν
2970 643 3279 712 φράσαντος
3308 643 3373 694 τά
3402 644 3457 693 ἐν
3485 641 3648 711 τοίχῳ
3673 641 3992 712 γράμματα,

2419 734 2512 786 τὸν
2550 735 2648 803 μὲν
2687 734 2973 805 Βαλτάσαρ
3000 729 3108 788 οἷον
3156 736 3300 798 είκὸς
3331 733 3575 804 ὲφόὖτω
3599 734 3852 803 χαλεποῖς
3887 736 3995 796 τοῖς

2421 824 2814 893 δεδηλωμένοις
2839 826 2981 896 λύπη
3022 827 3116 878 καὶ¹
3149 826 3405 895 συμτορά
3434 824 3756 888 κατέλαϐεν,
3790 827 3850 876 οὐ
3893 826 3996 894 μὴν

2424 916 2497 978 ὼς
2530 918 2784 986 προφήτῃ
2811 917 2997 970 κακῶν
3028 916 3177 986 αὐτῷ
3205 918 3483 987 γενομένῳ
3506 916 3582 986 τῷ
3614 923 3866 987 προφήτῃ
3901 920 3997 980 τὰς

2423 1007 2630 1078 δωρεὰς
2664 1008 2728 1070 ἃς
2761 1009 3026 1077 ὑπέσχετο
3059 1008 3271 1070 δώσειν,
3305 1010 3366 1060 οὐ
3390 1009 3625 1073 δίδωσιν,
3650 1009 3786 1062 ἀλλὰ
3818 1010 3998 1071 πάσας

2427 1099 2754 1170 παρέσχετο,
2819 1100 2919 1171 τὴν
2980 1100 3079 1170 μὲν
3125 1101 3498 1171 ἠπειλημένην
3557 1102 3658 1172 τῆς
3721 1100 3999 1171 βασιλείας

2425 1193 2746 1259 καθαίρεσιν
2787 1192 2884 1260 τῆς
2923 1191 3235 1262 ὁρισθείσης
3275 1192 3539 1262 ἀνάγκης,
3590 1191 3704 1244 ἀλλ’
3735 1191 3856 1261 οὐχὶ
3901 1190 3997 1244 τοῦ

2428 1283 2909 1354 προφητεύσαντος
2944 1280 3082 1336 εἶναι
3128 1283 3505 1353 λογισάμενος,
3533 1283 3631 1354 τὴν
3659 1283 3714 1336 δὲ
3763 1283 3874 1335 τῶν
3905 1283 4001 1334 ἑπ-

2426 1375 2780 1446 ηγγελμένων
2825 1377 3173 1446 ἐκπλήρωσιν
3215 1377 3404 1446 ἀνδρὸς
3441 1375 3645 1442 ἀγαθοῦ
3671 1376 3870 1447 κρίνων
3906 1373 3999 1427 καὶ

2427 1468 2639 1521 δικαίου
2669 1469 2763 1520 καὶ
2797 1467 3080 1536 ἀψευδοῦς.

2502 1652 2600 1704 lA'.
2621 1649 2801 1718 Βραιχύ
2834 1647 3012 1717 διῆλθε
3039 1649 3098 1700 τὸ
3128 1647 3355 1718 μεταξὺ,
3386 1649 3479 1702 καὶ
3510 1650 3671 1712 αὐτός
3697 1667 3754 1701 τε
3791 1651 3999 1720 ἐλήφθη

2431 1743 2527 1794 καὶ
2583 1743 2617 1811 ή
2673 1739 2849 1802 πόλις.
2886 1739 2960 1800 ὡς
2991 1738 3068 1807 τῷ
3098 1739 3294 1807 Δανιὴλ
3339 1739 3771 1809 νπροηγόρευται,
3813 1741 4000 1809 Κύρου

754 1878 782 1914 a
819 1859 1060 1921 Daniele,
1107 1871 1230 1910 cum
1279 1854 1388 1906 [lex
1437 1853 1724 1906 Persarum
1768 1847 1822 1900 in
1857 1847 2034 1914 ipsum
2080 1843 2326 1898 duxisset

2436 1834 2536 1884 τῶν
2575 1833 2799 1900 Περσῶν
2837 1832 3097 1899 βασιλέως
3130 1832 3657 1900 ἐπιστρατεύσαντος
3685 1833 3770 1886 ἐπ’
3805 1834 3999 1887 αὐτόν·

752 1951 1077 2004 exercitum.
1102 1947 1206 2002 Sed
1234 1946 1507 1999 Baltassar
1532 1940 1754 2010 quidem
1782 1939 1861 1993 sic
1885 1953 1914 1992 e
1937 1937 2047 1991 vita
2068 1933 2320 1990 excedit:

756 2040 952 2093 Darius
997 2053 1150 2098 vero,
1206 2037 1298 2102 qui
1361 2032 1782 2101 Babyloniorum
1819 2027 2067 2082 dissolvit
2117 2025 2323 2095 princi-

757 2136 967 2196 patum,
1005 2126 1096 2194 qui
1127 2133 1244 2178 erat
1275 2123 1438 2176 etiam
1484 2121 1627 2174 ﬁlius
1667 2119 1934 2188 Astyagis,
1976 2117 2126 2186 regni
2161 2131 2323 2172 sexa-

755 2219 1027 2289 gesimum
1082 2215 1388 2270 secundum
1440 2227 1645 2266 annum
1695 2218 2055 2279 transegerat,
2106 2209 2326 2278 quando

758 2309 906 2377 cepit
927 2307 1277 2377 Babylonem.
1307 2305 1410 2370 Qui
1438 2304 1602 2356 etiam
1629 2301 2007 2354 admirabilem
2035 2301 2182 2353 hunc
2211 2314 2330 2367 pro-

759 2399 979 2470 phelam
1044 2413 1234 2451 secum
1286 2395 1586 2462 accipiens,
1643 2401 1900 2460 tanquam
1940 2407 2053 2444 rem
2081 2390 2324 2459 aliquam

761 2506 1011 2561 magnam
1045 2498 1097 2544 et
1130 2487 1606 2558 pretiosissimam,
1639 2486 1797 2539 duxit
1839 2485 1890 2538 in
1934 2483 2186 2545 Mediam,
2216 2499 2329 2538 ma-

761 2597 925 2651 gnum
972 2594 1130 2633 suum
1173 2580 1226 2631 in
1261 2594 1385 2632 cum
1429 2578 1671 2632 studium
1705 2575 2001 2630 ostendens
2045 2584 2100 2629 et
2139 2574 2330 2629 obser-

761 2673 1025 2727 vantiam.
1060 2671 1245 2722 Daniel
1273 2684 1403 2739 ergo
1432 2683 1556 2722 cum
1585 2680 1732 2721 esset
1766 2668 1818 2719 in
1855 2677 2003 2720 tanto
2034 2665 2242 2719 honore
2276 2672 2332 2718 et

760 2763 1200 2819 exsistimatione
1241 2760 1381 2829 apud
1413 2760 1656 2822 Darium,
1690 2767 1744 2811 et
1772 2760 1886 2825 ipse
1912 2759 2031 2825 ejus
2053 2771 2333 2810 sermones

764 2857 1063 2922 acciperet,
1122 2860 1179 2905 ut
1224 2853 1319 2920 qui
1371 2850 1639 2902 haberent
1683 2847 1886 2916 aliquid
1958 2845 2224 2909 divinum,
2277 2847 2332 2900 in

758 2961 888 3001 eum
923 2959 1142 3013 quoque
1173 2943 1407 2996 excitata
1437 2949 1520 2993 est
1556 2940 1758 2993 invidia
1803 2939 1871 2992 ab
1905 2939 1970 2994 iis
2003 2940 2094 3008 qui
2129 2941 2333 3009 primas

764 3048 948 3108 partes
989 3036 1243 3089 ferebant
1293 3034 1349 3087 in
1398 3033 1590 3087 Media.
1622 3018 1835 3087 Etenim
1893 3032 2212 3086 invidebant
2250 3047 2337 3085 sa-

2429 1926 2567 1980 ἀλλὲι
2600 1925 2888 1992 Βαλτάσαρ
2929 1923 3025 1990 μὲν
3056 1923 3199 1974 οὕτω
3242 1923 3330 1974 τὸν
3374 1923 3484 1991 βίον
3522 1924 3757 1992 ἀμείϐει.
3792 1926 4003 1994 Δαρείῳ

2427 2021 2482 2072 δὲ
2510 2021 2584 2088 τῷ
2608 2016 2971 2071 καταλύσαντι
2999 2015 3096 2091 τὴν
3147 2015 3487 2068 Βαϐυλώνιον
3513 2017 3826 2086 ἠγεμονίαν,
3854 2017 3913 2081 ὃς
3940 2017 4004 2086 δὴ

2429 2114 2521 2166 καὶ
2552 2113 2876 2177 Ἀστυάγους
2913 2110 3031 2172 υίὸς
3057 2106 3146 2180 ἦν,
3170 2109 3287 2171 ἔτος
3317 2108 3604 2177 ἑξηκοστὸν
3635 2111 3728 2162 καὶ
3751 2108 4004 2180 δεύτερον

2428 2207 2523 2274 τῆς
2544 2204 2818 2272 βασιλείας
2841 2199 3052 2270 ἠνύετο,
3079 2203 3240 2272 ἡνίκα
3266 2202 3365 2273 τὴν
3397 2199 3683 2253 Βαϐυλῶνα
3719 2196 3867 2254 εἷλεν
3890 2219 3902 2232 '
3947 2205 4008 2268 6;

2431 2298 2525 2348 καὶ
2553 2297 2642 2346 τὸν
2665 2294 2967 2365 θαυμάσιον
2995 2294 3206 2346 τουτονὶ
3232 2296 3514 2364 προφήτην
3540 2295 3658 2365 μεθ’
3687 2295 3888 2349 ἑαυτοῦ
3917 2297 4009 2349 λα·

2433 2386 2545 2439 ϐὼν
2577 2387 2652 2450 ὡς
2688 2386 2830 2456 μέγα
2874 2403 2926 2439 τι
2961 2385 3151 2455 χρῆμα
3206 2388 3298 2438 καὶ
3339 2386 3636 2455 ἀξιότιμον,
3677 2388 3887 2457 ἢγαγεν
3929 2391 4008 2453 είς

2430 2480 2529 2550 τὴν
2578 2477 2850 2548 Μηδικὴν,
2905 2478 3107 2549 πολλὴν
3159 2477 3258 2548 τὴν
3305 2478 3433 2546 περὶ
3481 2471 3644 2531 αὐτὸν
3706 2477 4007 2550 θεραπείαν

2434 2572 2762 2634 ἐπιδεικνύς.
2806 2570 3004 2638 Δανιὴλ
3039 2571 3216 2624 τοίνυν
3260 2571 3335 2623 ὢν
3375 2573 3432 2624 ὲν
3463 2572 3687 2643 τοιαύτῃ
3726 2575 3863 2643 τιμῇ
3920 2552 4010 2628 καὶ

2433 2665 2659 2733 λαμπρᾷ
2690 2662 2898 2732 σπουδῇ
2929 2663 3079 2732 παρὰ
3111 2663 3187 2732 τῷ
3217 2665 3449 2731 Δαρείῳ,
3488 2665 3646 2734 μόνος
3673 2682 3732 2716 τε
3765 2665 4010 2734 σύμϐου-

2433 2756 2520 2818 λος
2555 2756 2702 2826 αὐτῷ
2735 2755 3094 2825 ἐχρημάτισε,
3129 2759 3223 2812 καὶ
3256 2758 3380 2818 τοὺς
3412 2756 3577 2808 αὐτοῦ
3609 2757 3804 2824 λόγους
3842 2758 3919 2819 ὥς
3961 2776 4008 2810 τι

2436 2847 2576 2900 θεῖον
2604 2848 2827 2918 ἔχοντας
2865 2852 2892 2901 ὁ
2935 2849 3184 2918 βασιλεὺς
3215 2848 3612 2920 ἀποδεχόμενος
3656 2844 3742 2918 ἦν.
3789 2850 4009 2920 Ἀμέλει

2436 2944 2525 2994 καὶ
2559 2941 2752 3010 φθόνος
2796 2942 2946 3010 αὐτῷ
2977 2943 3208 3010 ὐφεῖριιε
3245 2944 3394 3010 παρὰ
3436 2943 3542 2994 τῶν
3576 2942 3642 2994 τὰ
3679 2943 3874 3013 πρῶτα
3919 2961 4012 3011 φε-

2443 3038 2644 3108 ρόντων
2671 3040 2725 3088 ὲν
2757 3037 2973 3106 Μηδικῇ
3001 3054 3014 3067 ·
3050 3037 3374 3090 ἐϐάσκαινον
3419 3039 3526 3107 γὰρ
3551 3037 3698 3106 αὐτῷ
3728 3041 3776 3091 oi
3811 3043 4015 3110 σατράο

765 3140 956 3200 ιτιιρεο,
982 3129 1233 3183 videntes
1253 3143 1378 3182 eum
1405 3141 1525 3182 esse
1558 3126 1610 3178 in
1645 3128 1852 3194 majore
1887 3125 2320 3179 exsistimatione

2449 3146 2546 3181 παι
2607 3127 3106 3200 παρευδοκιμοῦντα
3154 3129 3387 3199 δρῶντες
3430 3129 3522 3181 καὶ
3555 3130 3799 3193 πλείονος
3828 3133 4014 3198 ἀξιού-

762 3235 820 3279 et
853 3241 970 3277 esse
1005 3225 1179 3292 majus
1224 3224 1277 3274 in
1310 3236 1437 3275 eum
1478 3220 1619 3289 regis
1658 3220 1922 3281 studium,
1969 3228 2024 3273 et
2054 3219 2245 3274 haberi
2277 3221 2331 3277 in

766 3317 955 3386 majori
985 3314 1128 3383 apud
1156 3329 1280 3366 eum
1313 3313 1542 3366 honore.
1574 3312 1894 3378 Quaerentes
1915 3321 2098 3366 autem
2127 3315 2335 3368 calum-

766 3414 872 3465 niae
916 3408 1260 3462 occasionem
1291 3414 1346 3459 et
1388 3406 1774 3470 accusationis,
1822 3405 2045 3460 minime
2088 3406 2333 3460 invenie-

766 3506 935 3568 bant;
975 3503 1180 3556 nullam
1207 3500 1350 3553 enim
1381 3498 1460 3551 eis
1488 3497 1767 3567 prwbebat
1790 3513 2032 3559 causam,
2073 3515 2195 3549 nam
2241 3514 2336 3551 ne-

769 3613 876 3667 que
910 3613 938 3650 a
976 3595 1225 3665 pecuniis
1261 3594 1402 3648 vinci
1451 3600 1692 3662 poterat,
1725 3599 1785 3644 et-
1805 3604 2022 3642 omnem
2067 3599 2334 3658 quaestum

769 3690 1125 3757 despiciebat.
1166 3687 1304 3739 Hinc
1348 3686 1550 3737 laetum
1576 3695 1680 3741 est.
1711 3693 1772 3735 ut
1795 3699 1916 3736 cum
1951 3683 2085 3735 nihil
2118 3691 2339 3751 possent

773 3781 1048 3842 invenire,
1107 3777 1255 3848 quod
1313 3777 1381 3831 de
1412 3792 1478 3830 eo
1525 3775 1773 3829 dicentes
1820 3775 1963 3843 apud
2009 3791 2211 3842 regem,
2271 3776 2336 3828 de

774 3877 891 3944 ejus
928 3873 1138 3926 h0nore
1172 3881 1392 3940 possent
1424 3868 1631 3938 aliquid
1669 3867 1984 3927 detrahere,
2023 3867 2190 3918 alium
2224 3881 2340 3919 mo-

772 3967 904 4019 dum
949 3972 1280 4032 quaererent,
1308 3978 1417 4030 quo
1447 3977 1572 4013 eum
1607 3960 1946 4027 depellerent
1997 3974 2026 4012 ιι
2068 3958 2213 4028 regis
2241 3958 2338 4010 be-

775 4054 1106 4112 nevolentia.
1170 4052 1434 4108 Videntcs
1486 4065 1616 4120 ergo
1671 4050 1948 4103 Danielem
2008 4057 2092 4104 ter
2146 4049 2199 4102 in
2252 4048 2339 4101 die

775 4155 1113 4216 precantem,
1142 4143 1391 4197 arbitrati
1417 4151 1542 4195 sunt
1577 4157 1633 4195 se
1666 4141 1940 4195 invenisse
1969 4141 2336 4201 occasionem.

774 4255 871 4308 per
895 4253 1057 4307 quam
1088 4237 1196 4290 sint
1222 4236 1270 4288 ei
1300 4234 1519 4286 allaturi
1549 4233 1777 4286 exitium
1803 4251 1813 4284 :
1837 4242 1892 4286 et
1923 4232 2249 4285 accedentes
2274 4234 2337 4284 ad

778 4332 1025 4392 Darium,
1076 4329 1126 4382 ei
1166 4327 1504 4388 renuntiant,
1553 4326 1726 4379 visura
1765 4342 1884 4382 esse
1931 4325 2188 4380 omnibus
2222 4327 2340 4394 ejus

773 4421 1010 4488 satrapis
1039 4431 1094 4474 et
1126 4420 1488 4489 principibus,
1532 4428 1590 4472 ut
1625 4420 1806 4472 nullus
1836 4434 1900 4472 ex
1932 4419 2192 4471 omnibus
2217 4432 2338 4483 spa-

2451 3243 2607 3294 μενον
2629 3225 2725 3294 τῆς
2759 3227 2820 3277 ἐκ
2849 3223 3110 3290 βασιλέως
3145 3224 3443 3295 θεραπείας
3481 3242 3538 3276 τε
3568 3226 3661 3276 καὶ
3684 3229 3888 3296 τιμῆς·
3923 3230 4014 3296 καὶ

2440 3292 2727 3383 ζητοῦντές
2784 3314 3033 3382 διαϐολῆς
3074 3292 3328 3384 ἀφορμὴν
3379 3317 3472 3368 καὶ
3520 3292 3878 3387 κατηγορίας,
3921 3292 4014 3391 οὐχ

2439 3407 2718 3475 εὕρισκον·
2757 3407 2987 3476 παρεῖχε
3033 3406 3140 3476 γὰρ
3162 3407 3338 3458 αίτίαν
3367 3407 3623 3478 οὐδεμίαν
3655 3411 3863 3473 αὐτοῖς,
3896 3412 4014 3464 ἐπεὶ

2439 3503 2532 3554 καὶ
2581 3500 2875 3571 χρημάτων
2922 3499 3193 3569 ἀνώτερος
3239 3495 3307 3570 ἦν
3358 3502 3451 3554 καὶ
3487 3503 3685 3563 παντὸς
3723 3502 4014 3572 λήμματος

2441 3593 2752 3660 ὑπερόπτης
2776 3607 2787 3620 ·
2824 3590 3073 3643 ἐντεῦθεν
3115 3592 3191 3651 ὡς
3237 3593 3387 3643 οὐδὲν
3433 3591 3574 3662 εἶχον
3603 3595 3784 3663 εὑρεῖν
3823 3596 3851 3646 ὃ
3884 3614 4015 3648 κατ-

2439 3687 2682 3747 ειπόντες
2708 3686 2870 3738 αὐτοῦ
2909 3686 3042 3753 πρὸς
3075 3685 3164 3737 τὸν
3190 3685 3414 3754 βασιλέα
3443 3685 3822 3756 ζημιώσουσιν
3855 3692 4015 3744 αὐτὸν

2441 3782 2520 3841 είς
2570 3779 2670 3848 τὴν
2708 3777 2838 3848 παρ’
2881 3777 3044 3830 αὐτοῦ
3095 3778 3282 3850 τιμὴν,
3317 3780 3516 3852 τρόπον
3558 3782 3717 3836 ἄλλον
3745 3783 4015 3854 ἐζήτουν,

2442 3877 2565 3929 καθ’
2586 3876 2644 3928 ὃν
2672 3875 2833 3926 αὐτὸν
2863 3874 2960 3942 τῆς
2997 3871 3284 3942 βασιλικῆς
3314 3872 3674 3943 ὲκστήσουσιν
3701 3875 4014 3944 εὐμενείας.

2453 3969 2719 4040 Ὀρῶντες
2749 3965 2841 4018 οῦν
2860 3966 2949 4017 τὸν
2981 3965 3178 4032 Δανιὴλ
3201 3966 3320 4033 τρὶς
3345 3965 3443 4032 τῆς
3471 3965 3684 4033 ἡμέρας
3711 3973 4014 4038 προσευχό-

2447 4078 2604 4129 μενον
2635 4058 2712 4126 τῷ
2739 4057 2880 4125 θεῷ,
2912 4056 3185 4126 πρόφασιν
3218 4056 3461 4122 ἔγνωσαν
3496 4055 3818 4125 εὑρηκέναι,
3859 4058 3928 4110 δι’
3956 4055 4018 4129 ἧς

2445 4148 2591 4219 αὐτῴ
2651 4150 3048 4201 συσκευάσουσι
3104 4148 3204 4215 τὴν
3253 4148 3563 4201 ἀπώλειαν
3608 4149 3704 4200 καὶ
3759 4151 3903 4217 πρὸς
3933 4150 4018 4202 τὸν

2443 4242 2666 4310 Δαρεῖον
2715 4239 2963 4302 ἐλθόντες
3013 4239 3384 4305 ἀπήγγελλον,
3424 4238 3500 4301 ὡς
3550 4239 3661 4299 τοῖς
3707 4243 4018 4308 σατράπαις

2442 4331 2608 4386 αὐτοῦ
2645 4333 2776 4384 πᾶσι
2824 4332 2915 4381 καὶ
2946 4329 3180 4400 ἡγεμόσι
3211 4330 3430 4395 δόξειεν,
3464 4331 3556 4383 ἐπὶ
3587 4330 3808 4401 ἡμέρας
3862 4333 4019 4400 τριά-

2445 4441 2610 4476 κοντα
2668 4423 2872 4492 μηδένα
2928 4423 3036 4476 τῶν
3086 4425 3303 4478 πάντων
3356 4425 3683 4496 αἰτήσασθαί
3733 4443 3785 4476 τι
3851 4426 4020 4496 μηδὲν

778 4515 853 4570 tio
876 4513 1097 4583 triginta
1127 4513 1340 4565 dierum
1386 4512 1550 4563 ullam
1574 4511 1797 4563 omnino
1825 4518 1971 4576 petat
1996 4508 2328 4578 petitionem

2448 4517 2678 4586 αἴτημα,
2715 4517 2850 4585 μήτε
2880 4516 3194 4587 παρὰ.Θεοῦ
3227 4519 3363 4586 μήτε
3405 4516 3555 4586 παρὰ
3591 4516 3912 4586 ἀνθρώπου,
3941 4519 4021 4570 ὅτι

779 4619 960 4674 neque
987 4619 1015 4657 a
1054 4603 1163 4657 Deo
1194 4617 1371 4671 neque
1404 4602 1471 4656 ab
1505 4601 1752 4665 homine,
1796 4601 1900 4655 nisi
1933 4601 2001 4654 ab
2043 4601 2160 4669 ipso
2195 4617 2342 4671 rege.

773 4696 877 4760 Qui
907 4695 1045 4748 hanc
1069 4703 1248 4746 autem
1271 4695 1444 4760 legem
1471 4695 1638 4746 fuerit
1665 4703 2056 4763 transgressus,
2086 4694 2138 4746 in
2163 4693 2341 4747 laeum

775 4788 998 4840 leonum
1040 4785 1352 4856 injiciatur.

849 4879 963 4932 XV.
1005 4879 1116 4931 Rex
1165 4894 1294 4931 vero
1342 4892 1449 4930 non
1502 4877 1812 4947 intelligens
1855 4893 2047 4931 eorum
2097 4878 2345 4947 maligni-

778 4980 968 5034 tatem,
1007 4986 1107 5025 nec
1163 4970 1448 5040 suapicans
1505 4985 1601 5025 eos
1657 4971 1772 5025 haec
1827 4985 1947 5024 esse
2007 4969 2346 5022 machinatos

779 5062 1043 5114 adversus
1081 5060 1380 5121 Danielem,
1425 5061 1592 5114 cessit
1643 5075 1834 5112 eorum
1879 5059 2248 5112 sermonibus.
2283 5057 2346 5113 Et

781 5152 872 5205 alii
909 5150 1129 5220 quidem
1178 5165 1367 5204 omnes
1412 5159 1690 5215 caventes,
1727 5166 1795 5204 ne
1828 5151 2346 5220 transgrederentur

785 5261 849 5300 ea
892 5258 1011 5315 qua:
1047 5245 1124 5297 eis
1164 5243 1426 5312 imperata
1457 5232 1695 5306 fuerant,
1727 5243 2125 5312 quiescebant:
2157 5244 2344 5297 Daniel

779 5347 960 5391 autem
997 5339 1100 5390 hoc
1129 5335 1350 5388 minime
1382 5335 1607 5388 curabat
1637 5353 1651 5389 ε
1681 5334 1800 5398 sed,
1823 5336 1967 5389 sicut
1990 5334 2039 5387 ei
2069 5350 2186 5387 mos
2209 5343 2345 5398 erat,

779 5442 935 5486 stans
967 5431 1177 5482 orabat.
1201 5427 1340 5482 Hinc
1368 5444 1491 5482 cum
1523 5444 1648 5481 eum
1680 5428 2064 5482 obscrvassent
2093 5436 2344 5495 satrapae,

778 5533 839 5577 et
875 5521 1220 5592 apparuisset
1251 5537 1336 5583 ea,
1377 5534 1539 5590 quam
1572 5520 1626 5571 in
1655 5522 1833 5588 ipsum
1878 5519 2172 5572 studebant
2205 5519 2347 5571 acci-

780 5629 933 5684 pere,
981 5615 1217 5678 occasio,
1245 5615 1425 5667 statim
1456 5621 1745 5674 venerunt,
1780 5610 1845 5664 ad
1878 5626 2076 5679 regem,
2102 5621 2154 5664 et
2185 5626 2348 5663 accu-

778 5715 972 5760 sarunt
1031 5707 1330 5772 Danielcm,
1365 5714 1426 5758 ut
1483 5706 1574 5775 qui
1637 5705 1785 5759 solus
1866 5704 2349 5774 transgrederetur

775 5815 838 5856 ea
864 5816 983 5871 qua:
1011 5800 1226 5854 fuerant
1254 5801 1540 5869 imperata.
1564 5800 1697 5854 Nam
1725 5813 1848 5854 cum
1875 5799 2079 5863 nullus,
2105 5799 2346 5861 aiebant,

2451 4610 2525 4680 μὴ
2563 4611 2722 4679 μόνον
2751 4611 2901 4680 παρὰ
2937 4608 3053 4670 σοῦ,
3084 4606 3328 4677 βασιλεῦ,
3351 4607 3439 4660 τὸν
3453 4608 3508 4661 δὲ
3536 4609 3627 4663 τὸν
3652 4609 3819 4679 νόμον
3843 4627 4022 4680 παρα-

2448 4702 2719 4770 ϐεϐηκότα
2749 4701 2936 4751 τοῦτον
2971 4701 3050 4760 είς
3079 4699 3169 4752 τὸν
3195 4700 3396 4752 λάκκον
3427 4701 3874 4770 ἐμϐληθήσεσθαι
3914 4703 4020 4756 τῶν

2447 4791 2701 4846 λεόντων.

2519 4884 2618 4936 lE'.
2657 4883 2718 4936 Ὀ
2766 4882 2820 4935 δὲ
2863 4880 3114 4952 βασιλεὺς
3149 4882 3206 4933 οὐ
3244 4881 3468 4936 συνιδὼν
3520 4883 3619 4952 τὴν
3675 4887 4020 4958 κακουργίαν

2450 4973 2648 5037 αὐτῶν,
2681 4971 2787 5023 οὐδ’
2815 4972 2906 5022 ἐπὶ
2944 4973 3034 5023 τὸν
3063 4971 3260 5040 Δανιὴλ
3293 4973 3464 5024 ταῦτα
3496 4980 4020 5041 συσκευασαμένους

2449 5065 2778 5133 ὑπονοήσας,
2824 5058 2932 5124 εἶξε
2982 5065 3092 5124 τοῖς
3135 5063 3312 5114 αὐτῶν
3355 5062 3536 5130 λόγοις
3585 5066 3678 5116 καὶ
3723 5066 4022 5136 προτίθησι

2453 5158 2800 5226 πρόγραμμα
2832 5154 3029 5226 δηλοῦν
3062 5154 3139 5222 τῷ
3172 5154 3364 5226 πλήθει
3406 5157 3474 5209 τὰ
3503 5157 3730 5222 δὸξαντα
3779 5162 3894 5220 τοῖς
3931 5177 4022 5213 σα⁹

2450 5249 2716 5319 τράπαις·
2751 5248 2847 5301 καὶ
2874 5249 2922 5300 οἱ
2957 5249 3055 5318 μὲν
3087 5248 3236 5300 ἄλλοι
3272 5248 3475 5310 πάντες
3517 5246 3924 5320 φυλαττόμενοι
3959 5253 4024 5304 τά

2451 5342 2906 5410 προστεταγμένα
2958 5340 3033 5409 μὴ
3072 5340 3656 5412 παραϐῆναιὴρέμουν,
3699 5341 3779 5409 τῷ
3825 5343 4024 5412 Δανιὴλ

2449 5431 2507 5483 δὲ
2546 5431 2753 5484 τούτων
2797 5431 3015 5501 φροντὶς
3055 5432 3305 5501 οὐδεμία,
3350 5431 3464 5483 ἀλλ’
3489 5431 3678 5501 ὥσπερ
3711 5433 3834 5497 ἔθος
3875 5435 4025 5487 ίστά·

2457 5540 2615 5592 μενος
2652 5523 2854 5592 ηὐχετο
2875 5540 2886 5550 ·
2919 5523 3068 5575 ἐνθεν
3105 5542 3185 5577 τοι
3218 5524 3308 5578 καὶ
3334 5526 3832 5596 παρατηρήσαντες
3859 5525 4022 5580 αὐτὸν

2449 5615 2498 5666 οἱ
2559 5617 2858 5685 σατράπαι,
2893 5615 2992 5684 τῆς
3031 5615 3309 5685 ἀφορμῆς,
3347 5617 3413 5685 ἣν
3457 5615 3794 5681 ἐσπούδαζον
3839 5614 4028 5669 λαϐεῖν

2450 5708 2708 5761 ἰπάὐτὸν
2731 5706 2915 5778 ῶσπερ
2945 5709 3382 5777 παραφανείσης,
3411 5707 3570 5770 εὐθὺς
3601 5704 3738 5780 ἧκον
3765 5709 3902 5778 πρὶς
3927 5707 4024 5777 βαι

2451 5797 2601 5851 σιλέα
2633 5801 2724 5850 καὶ
2757 5798 3098 5869 κατηγόρουν
3146 5800 3220 5861 ὡς
3255 5797 3680 5869 παραϐαίνοντος
3726 5799 3890 5870 μόνου
3927 5799 4017 5852 τοῦ
