4188 6310
197 347 300 412 389

1226 353 1403 416 νιτΑ
1452 351 1510 412 S.
1553 350 1979 411 ΡΒΟΙἮΕΤᾹΞ
2023 349 2404 409 DANIELIS.

3327 346 3434 410 390

197 463 389 534 Δανιὴλ
421 462 491 518 τὰ
524 463 1010 535 προστεταγμέναο
1044 464 1286 536 Μηδενὸς
1310 464 1441 534 γὰρ,
1473 464 1628 534 φησὶ,
1663 464 1771 516 τῶν

1885 462 2015 516 alius
2048 461 2275 516 auderet
2301 461 2434 517 deos
2465 475 2658 526 orare;
2689 459 2877 515 Daniel
2938 459 3041 515 hoc
3070 477 3180 517 non
3215 465 3333 521 vult
3361 465 3442 522 fa-

195 559 368 612 ἄλλων
398 557 704 626 τολμῶντος
733 556 1132 628 προσεύχεσθαι
1166 560 1279 620 τοῖς
1314 557 1476 622 θεοῖς,
1511 557 1540 610 6
1567 557 1768 626 Δανιὴλ

196 649 349 704 τοῦτο
370 651 631 720 πράττειν
652 649 714 702 οὑ
749 649 1024 719 βούλεται,
1051 652 1140 702 καὶ
1175 650 1292 718 ἅμα
1324 649 1397 713 ὡς
1438 650 1768 722 παραϐάτην

197 737 360 806 νόμου
389 736 574 806 ὴξίουν
604 737 742 789 κατὰ
773 739 862 789 τὸν
891 739 1052 804 νόμον
1087 739 1166 797 είς
1201 739 1292 790 τὸν
1321 737 1525 792 λάκκον
1560 740 1769 811 ἐμϐλη-

195 828 348 900 θῆναι
387 831 496 882 τῶν
533 828 786 884 λεόντων.
818 829 1113 900 Θαρρήσας
1144 830 1200 883 δὲ
1222 831 1251 883 6
1284 832 1530 899 Δαρεῖος,
1557 833 1641 884 ὅτι
1667 833 1766 903 ῥύ-

195 938 344 975 σεται
394 922 455 974 τὸ
486 921 640 974 Θεῖον
682 923 844 976 αὐτὸν
875 925 966 974 καί
997 925 1147 975 οὐδὲν
1177 925 1240 976 οὐ
1274 924 1434 977 πάθοι
1459 925 1631 977 δεινὸν
1665 927 1768 979 ὑπὸ

192 1013 301 1065 τῶν
349 1013 572 1084 θηρίων,
624 1014 906 1067 ἐκέλευσεν
946 1015 1109 1068 αὐτὸν
1155 1015 1406 1084 εὐθύμως
1447 1017 1508 1069 τὸ
1552 1016 1766 1085 συμσὰν

195 1105 412 1174 φέρειν’
444 1108 537 1158 καὶ
569 1105 863 1174 βληθέντος
921 1110 999 1172 είς
1053 1107 1146 1161 τὸν
1176 1108 1377 1163 λάκκον
1415 1109 1510 1162 τοῦ
1549 1111 1770 1180 Δανιὴλ,

195 1196 502 1264 σφραγίσας
539 1197 631 1247 τὸν
676 1198 770 1250 ἐπὶ
801 1199 897 1251 τοῦ
938 1200 1164 1270 στομίου
1211 1202 1465 1272 κείμενον
1510 1203 1633 1256 άντί
1677 1202 1776 1256 θύ-

1870 570 1995 609 cere
2030 571 2043 607 :
2074 563 2129 609 et
2154 555 2317 609 simul
2345 565 2600 622 tanquam
2624 554 2759 622 legis
2785 561 3266 624 transgressorem,
3292 559 3445 615 vole-

1870 647 2001 701 bant
2028 663 2152 701 eum
2187 664 2253 702 ex
2283 648 2400 718 lege
2424 647 2530 717 jaci
2570 646 2624 700 in
2665 647 2844 701 lacum
2876 648 3118 703 leonum.
3147 648 3448 708 Confidens

1869 749 2052 795 autem
2085 741 2277 795 Darius
2322 739 2439 794 fore
2468 749 2527 793 ut
2552 740 2694 794 Dens
2719 756 2844 794 eum
2871 741 3134 807 eriperet,
3165 752 3219 798 et
3256 759 3286 798 a
3311 745 3446 801 feris

1875 834 2012 887 nihil
2065 849 2232 903 grave
2285 842 2587 904 pateretur,
2641 835 2807 903 jussit
2853 849 2979 888 eum
3033 836 3197 889 alacri
3258 839 3446 891 animo

1871 925 2017 980 ferre
2049 926 2196 994 quod
2226 926 2503 981 acciderat
2530 943 2544 981 :
2575 926 2702 980 etin
2741 927 2920 981 lacum
2955 929 3156 997 injecto
3197 929 3444 988 Daniele.

1875 1033 1999 1072 cum
2043 1019 2385 1087 obsignasset
2431 1033 2527 1070 rex
2579 1017 2839 1086 lapidem,
2899 1020 2991 1087 qni
3039 1028 3159 1074 erat
3203 1019 3336 1074 litus
3393 1020 3448 1075 in

1873 1111 2025 1163 aditu
2057 1111 2178 1164 loco
2211 1108 2362 1173 ostii,
2411 1109 2660 1171 recessit,
2715 1116 2883 1164 totam
2921 1120 3142 1165 noctem
3180 1113 3450 1168 insomnis

1876 1201 2211 1271 transigens.
2242 1211 2304 1260 ut
2330 1203 2424 1273 qui
2453 1210 2806 1272 premeretur
2840 1218 2972 1256 cura
3007 1203 3075 1256 de
3100 1202 3350 1257 Daniele.

196 1303 293 1359 ρας
338 1287 486 1340 λίθον
533 1291 561 1343 6
592 1289 869 1358 βασιλεὺς,
914 1294 1280 1366 ἀνεχώρησεν,
1314 1296 1446 1368 ὃλην
1469 1295 1569 1369 τὴν
1603 1296 1771 1351 νύκτα
1811 1295 2088 1364 διαγαγὼν
2150 1297 2378 1358 άῦπνος,
2413 1294 2657 1365 φροντίδι
2686 1296 2751 1364 τῇ
2781 1293 2909 1364 περὶ
2936 1294 3028 1346 τὸν
3092 1295 3290 1366 Δανιὴλ
3326 1312 3449 1350 συν·

193 1382 473 1450 εχόμενος.

265 1470 381 1540 ις’.
420 1474 556 1528 Μεθ’
590 1477 806 1548 ἡμέραν
859 1479 915 1534 δι
973 1481 1233 1547 ἀναστάς,
1276 1483 1368 1536 ἐπὶ
1427 1484 1519 1539 τὸν
1569 1485 1791 1538 λάκκον-

191 1559 320 1635 ἦλθε
364 1569 457 1621 και
485 1570 802 1642 σωζομένην
852 1576 949 1645 τὴν
979 1576 1255 1644 σφραγῖδα
1287 1575 1485 1648 εὑρὼν.
1519 1572 1552 1651 ἦ
1593 1595 1773 1648 σημη-

195 1657 424 1726 νάμενος
471 1662 564 1715 τὸν
599 1663 747 1716 λίθον
789 1666 1194 1731 καταλελοίπει,
1242 1669 1462 1733 ἀνοίξας
1510 1668 1770 1738 ὀνομαστί

191 1765 251 1801 τε
281 1751 372 1805 τὸν
398 1753 594 1823 Δανιὴλ
625 1755 813 1809 ἐκάλει
839 1745 952 1810 καῖ’
972 1758 1360 1812 διεπυνθάνετο
1390 1763 1506 1828 εῐγε
1550 1762 1643 1814 καὶ
1676 1759 1772 1812 νῦν

193 1840 422 1906 σώζοιτο
447 1859 460 1874 ο
503 1845 596 1897 τοῦ
627 1845 685 1898 δὲ
732 1848 976 1903 κάτωθεν
1007 1851 1421 1915 ὑπακούσαντος
1467 1854 1560 1906 καὶ
1602 1853 1771 1925 μηδὲν

193 1933 389 1986 παθεῖν
431 1936 681 2000 είπόντος
724 1941 970 2010 ἀνιαρὸν,
1002 1943 1291 1994 ἐκέλευσεν
1334 1944 1496 1996 αὑτὸν
1538 1945 1770 1997 ἀνελκυ-

197 2025 392 2094 σθῆναι
422 2026 515 2080 τοῦ
547 2027 753 2082 λάκκου
773 2045 789 2062 ·
820 2032 867 2083 oi
892 2031 949 2084 δὲ
979 2031 1162 2101 ἐχθροὶ
1188 2033 1516 2103 θεασάμενοι
1547 2034 1639 2087 τὸν
1668 2038 1772 2088 Δα·

194 2118 317 2187 νιὴλ
355 2120 522 2188 μηδὲν
553 2121 859 2176 πεπονθότα
889 2124 1086 2188 δεινὸν,
1113 2125 1190 2181 Οὐ
1221 2128 1321 2196 μὲν
1347 2123 1462 2191 οὖν,
1494 2129 1702 2197 ελεγον,
1726 2123 1770 2183 ὧ

189 2207 439 2280 βασιλεῦ,
467 2212 556 2266 διὰ
583 2213 644 2266 τὸ
673 2213 828 2269 Οεῖον
864 2218 960 2270 καὶ
984 2221 1083 2290 τὴν
1121 2220 1312 2273 τούτου
1336 2222 1593 2292 πρόνοιαν
1616 2215 1772 2286 οὗτος

195 2305 492 2367 σέσωσται,
524 2307 660 2361 ἀλλὰ
689 2308 767 2380 τῷ
797 2310 923 2373 τοὺς
954 2310 1174 2375 λέοντας
1204 2316 1638 2384 κεκορεσμένους
1673 2317 1774 2368 ὑπ-

191 2397 386 2466 άρχειν
410 2400 641 2469 τροφῆς.
700 2402 873 2456 Τοῦτο
929 2405 1131 2458 ἐκεῖνοι
1188 2408 1288 2474 μὲν
1338 2406 1419 2459 ἔτι
1471 2407 1773 2476 βασκανίας

193 2488 491 2559 ἡττημένοι
521 2487 698 2547 εἷπον.
753 2494 811 2547 Ὀ
844 2493 1100 2562 βασιλεὺς
1124 2494 1179 2546 δὲ
1207 2496 1443 2565 μισήσας
1472 2497 1570 2565 τῆς
1601 2515 1773 2567 πονη-

195 2580 321 2653 ρίας
356 2583 576 2646 αὐτοὺς,
609 2583 1030 2653 παραθληθῆναι
1063 2585 1161 2653 μὲν
1196 2584 1367 2638 πολλὰ
1409 2585 1619 2638 κελεύει
1659 2589 1773 2650 τοῖς

195 2672 384 2724 λέουσι
443 2676 604 2741 κρέα,
660 2675 1042 2742 κορασθέντων
1081 2675 1138 2728 δὲ
1173 2676 1376 2736 αὐτῶν.
1410 2678 1490 2740 είς
1519 2678 1609 2729 τὸν
1639 2677 1774 2730 λάκε

194 2780 293 2817 κον
323 2764 806 2835 ὲμὸληθῆναιτοὺς
839 2768 927 2822 διὰ
960 2771 1149 2839 μίσους
1179 2770 1269 2822 τὸν
1299 2769 1497 2842 Δανιὴλ
1524 2769 1771 2842 ἔχοντας,

192 2856 346 2919 ὅπως
377 2859 425 2908 εί
454 2858 540 2912 διὰ
569 2859 730 2928 κόρον
759 2860 941 2923 αὐτοῖς
969 2861 1031 2913 οὐ
1075 2861 1435 2933 προσέξουσιν
1469 2864 1520 2916 oi
1559 2865 1774 2927 λέοντες

194 2949 383 3018 μάθοι.
410 2951 588 3018 Σαφὲς
616 2953 671 3004 δὲ
705 2953 921 3019 ἐγένετο
976 2953 1056 3021 τῷ
1101 2955 1338 3024 Δαρείῳ,
1364 2957 1448 3010 ὅτι
1483 2956 1603 3010 θεία
1653 2957 1786 3030 χεὶρΔ

1958 1482 2094 1537 XVI.
2139 1480 2275 1537 Cum
2303 1487 2509 1545 autem,
2539 1488 2827 1549 postquam
2851 1478 2968 1534 dies
2991 1488 3158 1543 esset,
3178 1481 3451 1536 surrexis-

1879 1585 1983 1633 set,
2007 1573 2241 1626 venitad
2265 1571 2442 1626 lacum
2466 1587 2479 1622 :
2503 1579 2560 1625 et
2577 1584 2701 1624 cum
2719 1568 2926 1622 salvum
2951 1568 3449 1637 invenissetsigna-

1877 1664 2082 1725 culum,
2102 1678 2213 1731 quo
2234 1663 2534 1730 reliquerat
2554 1661 2898 1730 obsignatum
2921 1659 3154 1729 lapidem
3175 1659 3450 1730 aperiens.

1878 1754 2206 1809 nominatim
2257 1755 2473 1807 vocavit
2534 1753 2838 1812 Danielem,
2867 1760 2922 1803 et
2965 1751 3195 1820 rogavit,
3229 1767 3297 1804 an
3353 1751 3453 1805 ad-

1883 1845 1992 1899 huc
2030 1852 2179 1899 esset
2211 1843 2415 1897 salvus.
2451 1844 2588 1897 Cum
2623 1841 2716 1896 ille
2750 1856 2882 1895 vero
2915 1841 3130 1895 inferne
3163 1841 3451 1904 audiisset,

1879 1947 1935 1991 et
1971 1938 2200 1992 dixisset
2235 1951 2293 1990 se
2328 1935 2466 1990 nihil
2509 1933 2803 1988 molestum
2848 1949 2968 1989 esse
3015 1949 3262 2003 passum,
3290 1935 3454 2004 jussit

1877 2043 2003 2081 eum
2036 2028 2251 2080 extrahi
2287 2042 2317 2080 e
2350 2027 2493 2080 lacu.
2534 2025 2670 2079 Cum
2717 2025 2995 2080 vidissent
3022 2035 3206 2081 autem
3239 2027 3453 2081 inimici

1878 2116 2161 2170 Danielem
2194 2115 2332 2168 nihil
2363 2115 2489 2169 mali
2523 2115 2695 2170 fuisse
2719 2131 2962 2186 passum.
3000 2117 3118 2170 Non
3150 2115 3276 2181 luit,
3304 2119 3456 2173 dice-

1879 2207 2032 2274 bant,
2054 2208 2154 2263 iste
2181 2217 2547 2263 conservatus
2573 2218 2798 2278 propter
2816 2209 2989 2262 Deum
3013 2217 3068 2262 et
3094 2220 3319 2278 propter
3334 2210 3455 2278 ejus

1881 2301 2250 2372 providentia,
2286 2302 2380 2356 sed
2427 2303 2575 2372 quod
2604 2303 2794 2360 leones
2835 2311 3024 2356 essent
3066 2292 3191 2356 cibo
3243 2302 3451 2356 satiati.

1883 2394 1997 2450 Hac
2025 2395 2103 2448 illi
2129 2395 2349 2465 quidem
2376 2395 2654 2460 dicebant,
2674 2395 2807 2449 victi
2839 2396 2908 2450 ab
2933 2396 3154 2450 invidia.
3177 2393 3291 2449 Rex
3323 2411 3456 2450 vero

1880 2488 2010 2542 odio
2058 2488 2267 2542 habens
2313 2504 2506 2542 eorum
2554 2489 2990 2557 imprdbitatem,
3034 2490 3192 2560 jubet
3226 2491 3455 2559 quidem

1883 2581 2085 2632 multas
2114 2595 2309 2633 carnes
2350 2581 2515 2648 objici
2551 2581 2846 2634 leonibus:
2877 2595 3002 2633 cum
3038 2581 3074 2633 ii
3106 2591 3288 2634 autem
3321 2582 3455 2634 fuis-

1879 2683 2002 2728 sent
2032 2675 2236 2741 satiati,
2263 2689 2359 2728 eos
2385 2675 2441 2728 in
2467 2675 2647 2728 lacum
2677 2674 2849 2746 injici,
2899 2674 2992 2745 qui
3020 2676 3148 2730 odio
3178 2676 3456 2731 habebant

1880 2766 2184 2831 Danielem,
2220 2778 2283 2822 ut
2311 2769 2499 2832 sciret,
2530 2783 2597 2822 an
2628 2777 2857 2839 pr0pter
2884 2769 3194 2823 satietatem
3222 2783 3318 2823 eos
3343 2784 3455 2824 non

1883 2870 2174 2930 tangerent
2215 2861 2424 2916 leones.
2471 2860 2704 2914 Planum
2742 2876 2876 2915 vero
2908 2860 3112 2913 factum
3144 2868 3230 2914 est
3269 2857 3452 2924 Dario,

1880 2951 2050 3007 fuisse
2102 2952 2344 3006 divinam
2407 2968 2649 3014 manum,
2687 2969 2810 3021 qua:
2854 2953 3096 3008 servavit
3150 2953 3457 3015 Danielem,

191 3039 263 3112 ἦν
306 3046 338 3113 ἡ
372 3044 462 3095 τὸν
502 3044 704 3112 Δανιὴλ
748 3042 995 3112 σώσασα,
1023 3036 1490 3117 παραδληθὲντων
1524 3050 1623 3121 ήδη
1663 3054 1775 3112 τοῖς

1885 3062 2010 3102 cum
2056 3046 2244 3118 injecti
2283 3045 2518 3101 fuissent
2552 3057 2821 3115 satrapa;
2878 3047 3014 3099 nulli
3065 3047 3212 3100 enim
3261 3061 3457 3099 eorum

193 3134 412 3202 θηρίοις
442 3135 549 3187 τῶν
574 3137 870 3204 σατραπῶν
891 3153 904 3167 ⁶
936 3139 1148 3201 οὐδενὸς
1175 3141 1283 3210 γὰρ
1303 3139 1485 3194 αὐτῶν
1507 3140 1568 3193 τὸ
1601 3143 1778 3212 παρά-

195 3245 310 3280 παν
341 3228 642 3297 ἐφείσαντο.
679 3227 817 3283 ἀλλὰ
849 3232 1058 3293 πάντας
1089 3231 1290 3295 αὐτοὺς
1317 3232 1467 3297 ὄνυξι
1500 3232 1594 3286 καὶ
1625 3234 1777 3289 ὀδοῦ-

197 3337 288 3373 σιν
337 3322 497 3383 εὑθὺς
561 3321 930 3394 διεσπάραξάν
980 3343 1040 3382 τε
1069 3328 1162 3379 καὶ
1214 3326 1383 3395 βορὰν
1422 3328 1776 3399 ἐποιήσαντο,

194 3411 453 3482 καθάπερ
495 3412 574 3484 τῷ
603 3413 748 3483 λιμῷ
787 3420 1086 3484 κάμνοντες
1119 3419 1211 3468 καὶ
1235 3417 1444 3486 τροφῆς
1483 3415 1779 3486 ἀστοχοῦν-

194 3518 315 3565 τες.
353 3507 773 3572 Διαφθαρέντων
820 3503 913 3557 οὖν
943 3505 1085 3558 οὕτω
1140 3505 1249 3558 τῶν
1279 3507 1783 3560 ἐπιϐουλευσάντων

194 3615 278 3666 τῳ
312 3599 530 3668 Δανιὴλ,
562 3600 588 3649 6
623 3598 879 3666 βασιλεὺς
909 3599 1136 3666 Δαρεῖος
1169 3596 1339 3665 ἄνδρα
1370 3600 1633 3666 φρόνιμον
1656 3599 1782 3650 tau-

194 3692 293 3744 τὸν
325 3691 539 3752 δεικνὺς
586 3691 681 3741 καὶ
726 3690 1048 3757 πειθόμενον
1091 3687 1344 3761 ἀληθείᾳ,
1379 3689 1668 3760 πράγμασι
1719 3707 1782 3744 τε

195 3786 462 3854 ςανεροίς
509 3783 605 3835 καὶ
641 3782 1082 3852 ἁναντιρρήτιιις,
1112 3783 1232 3835 καθ’
1263 3784 1396 3851 ὅλην
1432 3782 1648 3851 επεμψε
1681 3783 1782 3852 τὴν

195 3880 390 3950 χώραν
422 3880 662 3930 ἐπαινῶν
691 3879 776 3931 τὸν
803 3877 1030 3938 Θεὸν,δν
1058 3877 1088 3928 6
1111 3874 1312 3946 Δανιὴλ
1340 3880 1659 3947 προσκυνεῖ,
1687 3877 1785 3929 καὶ

197 3975 372 4041 μόνον
423 3972 586 4022 αὑτὸν
634 3965 774 4020 εἷναι
830 3968 1018 4036 ἔλεγεν
1070 3968 1246 4037 ἁληθῆ
1306 3969 1401 4021 καὶ
1431 3967 1516 4020 ,τὸ
1567 3969 1784 4022 πάντων

191 4068 398 4132 ἔχοντα
449 4065 649 4131 κράτος
684 4077 697 4090 °
730 4061 854 4132 ἔσχε
907 4060 964 4112 δὲ
1009 4062 1104 4114 καὶ
1146 4060 1239 4111 τὸν
1270 4060 1467 4129 Δανιὴλ
1501 4060 1588 4111 διὰ
1615 4058 1783 4128 τιμῆς

188 4158 379 4213 οὐδενὶ
411 4156 557 4227 άλλῳ
597 4153 1009 4224 παραπλησίας,
1039 4155 1256 4222 πρῶτον
1297 4151 1460 4202 αὑτὸν
1489 4150 1780 4214 ἀποδείξας

187 4252 311 4302 τὼν
358 4247 568 4316 φίλωνο
628 4243 870 4310 συνῆσαν
919 4241 975 4292 δὲ
1025 4240 1172 4310 αὺτῴ
1225 4241 1319 4310 καὶ
1351 4242 1398 4295 oi
1435 4242 1640 4308 ἑταῖροι
1689 4242 1786 4291 καὶ

192 4342 527 4408 συγγενεῖς,
588 4336 638 4386 oi
705 4335 836 4403 περὶ
907 4332 1169 4404 Ἀζαρίαν
1229 4334 1417 4402 φημὶ,
1478 4331 1572 4383 καὶ
1630 4330 1786 4383 αὐτοὶ

1882 3142 2110 3197 omnino
2154 3149 2561 3210 pepercerunt:
2599 3139 2694 3197 sed
2728 3153 2824 3193 eos
2866 3152 3060 3192 omnes
3091 3137 3372 3209 unguibus
3400 3145 3459 3192 et

1881 3233 2148 3287 dentibus
2181 3235 2442 3301 protinus
2475 3233 2894 3303 discerpserunt
2928 3241 2984 3286 et
3026 3235 3460 3298 devoraverunt,

1881 3325 2117 3397 perinde
2152 3340 2216 3379 ac
2236 3326 2280 3378 si
2310 3325 2453 3379 fame
2486 3326 2802 3379 laborarent
2836 3336 2891 3378 et
2919 3326 3177 3378 alimento
3206 3336 3457 3395 egerent.

1881 3418 2020 3473 Cum
2063 3417 2099 3471 ii
2147 3432 2276 3489 ergo
2321 3417 2696 3483 interiissent,
2745 3416 2838 3487 qui
2880 3415 3092 3470 Danicli
3130 3430 3460 3487 paraverant

1885 3511 2136 3576 insidias,
2194 3513 2308 3566 Rex
2363 3511 2564 3566 Darius
2614 3510 2854 3580 seipsum
2925 3511 3226 3565 ostendens
3278 3510 3461 3564 virum

1884 3602 2217 3670 prudentem
2254 3612 2307 3655 et
2348 3606 2631 3669 parentem
2665 3601 2907 3664 veritati,
2939 3605 3216 3670 rebusque
3255 3601 3463 3670 apertis

1884 3702 1941 3748 et
1969 3701 2160 3746 contra
2208 3706 2344 3761 quas
2373 3692 2509 3743 nihil
2555 3691 2663 3744 dici
2700 3699 2929 3759 poterat,
2967 3690 3115 3744 misit
3163 3706 3262 3759 per
3290 3694 3462 3744 totam

1887 3785 2192 3855 regionem,
2226 3784 2456 3838 laudans
2480 3782 2674 3846 Deum,
2707 3798 2872 3851 quem
2915 3781 3108 3836 adorat
3149 3781 3376 3838 Daniel:
3404 3793 3462 3837 et

1887 3894 2014 3932 eum
2063 3878 2244 3931 solum
2291 3877 2514 3931 dicebat
2547 3893 2669 3931 esse
2706 3891 2921 3941 verum,
2960 3885 3015 3930 et
3043 3877 3136 3946 qui
3183 3876 3235 3930 in
3271 3891 3469 3931 omnes

1890 3969 2105 4025 obtinet
2153 3970 2516 4023 dominatum.
2564 3969 2810 4022 Habebat
2856 3977 3036 4022 autem
3086 3969 3362 4022 Danielem
3407 3971 3466 4022 in

1891 4063 2086 4132 majori
2117 4063 2348 4126 honore,
2385 4074 2551 4130 quam
2581 4059 2753 4115 ullum
2788 4059 2977 4123 alium,
3012 4061 3310 4116 ostendens
3335 4075 3464 4115 eum

1889 4171 2009 4212 esse
2049 4155 2288 4225 primum
2323 4171 2391 4211 ex
2420 4155 2631 4210 amicis.
2674 4155 2848 4208 Simul
2881 4170 3012 4209 vero
3053 4170 3177 4208 cum
3212 4170 3280 4208 eo
3306 4163 3469 4209 erant

1888 4249 2053 4305 etiam
2086 4249 2304 4317 cognati
2351 4265 2364 4300 :
2410 4247 2656 4310 Azarias,
2697 4249 2942 4314 inquam,
2975 4261 3100 4299 cum
3137 4248 3372 4309 caeteris,
3409 4245 3462 4298 in

1889 4356 2028 4411 quos
2081 4348 2137 4394 et
2185 4353 2283 4408 par
2330 4346 2449 4392 erat
2491 4338 2735 4392 studium
2786 4337 2950 4407 regis,
2996 4347 3054 4393 et
3099 4337 3157 4392 in
3199 4338 3317 4407 pari
3369 4353 3467 4394 eos

187 4436 406 4501 ὁμοίως
428 4432 531 4499 τῆς
570 4429 696 4497 ῖσης
730 4427 880 4498 αὐτῷ
908 4428 1004 4480 καὶ
1036 4426 1292 4493 προνοίας
1323 4425 1416 4477 καὶ
1444 4426 1607 4494 τιμῆς
1653 4426 1778 4477 άπο-

1897 4433 2106 4489 bonore
2146 4430 2407 4486 habebat.

190 4527 487 4584 λαύοντες.

273 4614 379 4672 ιτ.
415 4617 508 4668 Ὧν
534 4615 591 4668 δι
615 4613 787 4674 οὕτως
825 4610 1097 4681 ἐπίσημος
1143 4611 1238 4663 καὶ
1278 4609 1549 4680 λαμπρὸς,
1584 4608 1785 4679 ᾠκοδό-

195 4729 385 4787 μησεν
414 4715 472 4764 ὲν
513 4708 866 4769 Ἐκΰατάνοις
900 4709 1012 4768 τοῖς
1053 4705 1314 4776 Μηδικοῖς
1362 4703 1455 4755 καὶ
1501 4704 1662 4774 βάριν
1693 4704 1784 4755 εκ-

192 4802 595 4877 πρεπὲστατόν
622 4817 677 4853 τι
729 4798 1171 4866 κατασκεύασμα
1202 4800 1296 4848 καὶ
1334 4798 1652 4865 θαυμασίως
1686 4813 1784 4848 πε-

193 4899 534 4968 ποιημένον,
583 4895 618 4964 ἡ
653 4896 814 4963 μέχρι
851 4891 1013 4962 δεῦρο
1070 4892 1169 4956 μὲν
1218 4889 1336 4941 ἐστι
1388 4888 1485 4940 καὶ
1515 4887 1782 4951 σώζεταιο

191 4999 315 5057 τοῖς
347 4992 406 5046 δὲ
449 4990 618 5060 ὁρῶσι
655 4988 806 5040 δοκεῖ
838 4985 1168 5056 προσφάτως
1209 4982 1654 5034 κατεσκευάσθαι
1687 4979 1784 5034 καὶ

191 5088 494 5157 summa;
523 5083 760 5154 ἡμέρας.
791 5074 859 5151 ἦς
900 5080 1132 5140 ἔκαστος
1171 5077 1346 5147 αὐτὴν
1376 5077 1582 5146 ἱστορεῖ
1601 5092 1615 5107 ·
1644 5075 1788 5128 οὕτω

197 5180 608 5252 νεαρὺνοαὺτῆς
650 5176 712 5231 τδ
741 5173 938 5236 κάλλος
969 5174 1063 5227 καὶ
1097 5170 1351 5245 μηδαμοῦ
1391 5168 1703 5242 γεγηρακὸς
1727 5167 1788 5221 δν

199 5277 318 5334 ὑπὸ
349 5272 447 5327 τοῦ
474 5272 733 5326 τοσούτου
763 5268 959 5341 χρόνου
981 5266 1260 5337 φαίνεται.
1294 5265 1609 5317 Θάπτονται
1646 5261 1703 5314 δὲ
1729 5263 1789 5314 εν

196 5373 276 5443 τῇ
324 5368 484 5442 βάρει
524 5365 704 5436 ταύτῃ
731 5364 784 5417 οἵ
809 5377 870 5416 τε
903 5361 1103 5431 Μήδων
1137 5361 1233 5414 καὶ
1260 5356 1486 5429 Περσῶν
1523 5354 1786 5426 βασιλεῖς,

198 5467 307 5518 καὶ
331 5464 363 5516 6
394 5461 602 5530 ταύτην
638 5455 1078 5527 πεπιστευμένος
1121 5453 1374 5516 Ἰουδαῖός
1409 5452 1561 5504 ἐστιν
1588 5448 1788 5522 ἱερεύς.

213 5557 521 5626 Ἰωσήππφ
566 5551 664 5608 καὶ
709 5551 884 5604 ταῦτα
913 5548 1048 5622 πρὸς
1089 5546 1237 5611 λέξιν
1271 5545 1351 5606 τῶ
1394 5545 1634 5617 Ἰουδαίῳ
1665 5562 1793 5598 συν-

196 5651 496 5708 τέτακται.
532 5644 688 5702 Ἐπεὶ
732 5643 790 5696 δὲ
823 5642 886 5696 οὐ
915 5640 1230 5712 θαυμαστὸς
1282 5640 1445 5711 μόνον
1477 5638 1725 5710 ὑπῆρχεν
1764 5640 1792 5692 6

198 5742 412 5816 Δανιὴλ
455 5742 661 5813 ιτάρων
717 5734 963 5792 ἐπιλύειν
1008 5736 1273 5804 ὀνείρους,
1308 5733 1445 5786 ἀλλὰ
1486 5733 1579 5787 καὶ
1610 5732 1791 5802 πο).λῴ

205 5840 422 5912 μᾶλλον
468 5832 942 5907 θαυμασιώτερος,
984 5829 1072 5898 ἔφ’
1105 5823 1186 5891 οἷς
1215 5827 1376 5890 αὐτὸς
1421 5828 1632 5888 ἐκεῖνος
1652 5825 1795 5896 δρῶν

1960 4614 2126 4670 XVII.
2152 4612 2290 4668 Cum
2323 4610 2369 4664 is
2393 4617 2576 4663 autem
2601 4615 2748 4662 esset
2776 4605 3008 4676 insignis
3034 4613 3089 4659 et
3115 4604 3466 4674 splendidus,

1895 4707 2172 4763 exstruxit
2205 4707 2259 4758 in
2290 4703 2518 4759 Medicis
2554 4702 2870 4764 Ecbatanis,
2908 4701 3126 4766 turrim,
3160 4701 3467 4770 pulcherri-

1892 4816 2043 4856 mum
2079 4799 2354 4868 quoddam
2391 4797 2684 4851 aediﬁcium
2715 4803 2773 4848 et
2803 4794 3006 4848 factum
3047 4792 3468 4859 admirabiliter,

1893 4911 2015 4966 qua:
2060 4896 2112 4948 in
2149 4894 2478 4947 hodiernum
2518 4905 2690 4959 usque
2725 4888 2869 4942 diem
2919 4897 3282 4939 conservatur
3323 4903 3337 4948 ;
3397 4886 3468 4938 iis

1893 4998 2076 5042 autem
2109 4986 2203 5056 qui
2236 4984 2443 5042 vident.
2472 4984 2692 5037 videtur
2720 4996 2897 5051 nuper
2923 4981 3093 5036 fuisse
3119 4991 3467 5045 constructa,

1893 5091 2062 5150 atque
2107 5080 2246 5131 adeo
2292 5088 2360 5130 eo
2406 5076 2528 5145 ipso
2559 5075 2669 5139 die,
2713 5090 2824 5144 quo
2855 5076 3003 5128 illam
3055 5076 3252 5144 aspicit
3297 5091 3471 5130 unus-

1896 5173 2168 5244 quisque,
2222 5167 2332 5224 iam
2386 5184 2582 5223 recens
2631 5169 2754 5239 ejus
2803 5167 3194 5236 pulchritudo,
3243 5175 3300 5222 et
3347 5184 3474 5237 qua:

1897 5266 2127 5321 minime
2162 5261 2456 5318 consenuit
2502 5271 2654 5316 tanto
2693 5269 2963 5330 tempore,
2993 5259 3262 5313 cernitur.
3304 5258 3476 5331 Sepe-

1895 5358 2110 5413 liuntur
2132 5370 2266 5411 vero
2334 5354 2389 5407 in
2420 5353 2526 5408 hac
2549 5363 2702 5407 turre
2751 5366 2910 5422 reges
2935 5349 3216 5405 Medorum
3247 5359 3302 5405 et
3337 5351 3473 5405 Per-

1899 5466 2086 5508 sarum
2119 5457 2217 5505 :et
2250 5449 2297 5502 is
2343 5445 2433 5501 cui
2488 5461 2552 5500 ea
2601 5453 2688 5499 est
2755 5443 3070 5509 commissa,
3121 5449 3207 5496 est
3251 5441 3480 5498 Judazus

1901 5543 2175 5601 sacerdos.
2225 5539 2349 5596 Hac
2385 5540 2453 5596 ab
2487 5539 2691 5608 Joseph
2730 5535 2922 5592 Judaeo
2964 5535 3032 5589 ad
3062 5535 3293 5590 verbum
3337 5550 3475 5590 con-

1900 5640 2105 5709 scripta
2162 5642 2312 5690 sunt.
2386 5633 2657 5699 Quoniam
2711 5640 2895 5686 autem
2948 5644 3056 5685 non
3123 5628 3302 5683 solum
3370 5628 3479 5683 fuit

1901 5728 2248 5787 admirabilis
2301 5728 2357 5782 in
2413 5723 2694 5781 solvendis
2756 5723 2992 5777 aliorum
3057 5722 3326 5786 somniis,
3378 5720 3478 5776 sed

1905 5827 2066 5894 longe
2138 5819 2519 5878 admirabilior
2576 5816 2630 5871 in
2686 5816 2754 5870 iis
2803 5831 2928 5884 qua
2981 5814 3071 5870 ille
3143 5815 3260 5885 ipse
3315 5811 3477 5878 vidit,
