4188 6310
761 360 858 427 391

2058 336 2344 400 MENSIS
2383 329 2682 395 IULIUS.

3914 333 4018 396 39?.

752 488 933 547 operae
968 467 1206 541 pretium
1235 472 1321 518 est
1367 461 1458 517 hic
1480 472 1704 528 quoque
1752 469 1941 511 eorum
1993 450 2331 512 meminisse,

2467 445 2758 513 τύγχανεν,
2790 441 2941 506 ἄξιον
2963 439 3197 495 ἐνταῦθα
3225 440 3319 494 καὶ
3350 439 3476 511 περὶ
3501 441 3682 495 αὐτῶν
3707 445 4018 517 μνησθῆναι

753 544 810 623 ei
840 563 1150 625 ostendere,
1201 571 1365 630 quam
1411 562 1558 609 esset
1588 554 1708 623 ejus
1747 563 1903 604 mens
1947 561 2089 618 pura
2119 553 2174 600 et
2218 544 2332 597 Deo

755 661 938 730 digna.

826 747 1013 805 XVIII.
1045 743 1088 798 Α
1118 756 1314 812 magno
1346 739 1452 793 hoc
1485 735 1777 806 propheta,
1807 748 1930 787 cum
1959 732 2139 785 adhuc
2166 730 2332 799 dege-

757 853 842 896 ret
886 841 1128 894 Baltasar
1197 835 1248 887 in
1295 844 1440 886 terra
1485 825 2016 887 Clialdzeorum,visi
2050 833 2336 891 suntqua-

759 944 884 986 tuor
915 931 1065 981 venti
1093 923 1216 979 coeli
1249 925 1296 975 in
1331 936 1480 975 mare
1510 921 1748 980 iri-uere,
1780 923 1836 969 et
1863 924 2102 983 quatuor
2127 928 2334 982 magnae

759 1024 948 1078 bestim
980 1036 1042 1074 ex
1076 1033 1142 1072 eo
1180 1016 1502 1077 ascendere,
1538 1028 1659 1081 qua:
1688 1007 2072 1080 signiﬁcabant
2100 1016 2336 1075 quatuor

759 1132 956 1186 magna
1002 1127 1187 1182 regna.
1235 1110 1479 1176 Quarum
1514 1121 1622 1160 una
1657 1104 1880 1175 quidem
1911 1103 2029 1156 visa
2083 1101 2186 1154 fuit
2217 1109 2336 1154 tan-

761 1223 927 1278 quam
970 1207 1164 1267 lemna,
1202 1213 1258 1256 et
1287 1202 1408 1272 ejus
1458 1214 1650 1269 penna:
1701 1207 1959 1267 tanquam
2005 1195 2222 1264 aquilae.
2264 1195 2336 1248 Ea

761 1298 1116 1370 significabat
1187 1308 1418 1364 regnum
1480 1291 1904 1364 Chaldmorum._
1945 1289 2082 1344 Ursa
2154 1296 2336 1340 autem

764 1387 1026 1447 secunda,
1074 1399 1194 1454 qua:
1229 1385 1280 1436 in
1317 1398 1411 1437 ore
1447 1382 1550 1434 tria
1595 1381 1835 1434 habebat
1865 1381 2078 1433 latera:
2107 1379 2200 1432 cui
2237 1395 2339 1432 vox

765 1495 982 1549 quoque
1010 1477 1361 1539 audiebatur,
1395 1476 1587 1530 dicens
1615 1494 1627 1528 :
1657 1473 1854 1542 Surge.
1889 1472 2114 1527 comede
2147 1487 2340 1526 carnes

765 1570 986 1628 multas,
1027 1582 1090 1621 ea
1123 1565 1466 1635 significabat
1514 1577 1743 1632 regnum
1779 1561 2058 1615 Medorum
2107 1569 2164 1614 et
2211 1561 2344 1616 Per-

765 1677 972 1716 sarum.
1015 1660 1082 1713 Et
1110 1659 1293 1719 tertia,
1325 1656 1528 1727 pardus
1556 1672 1569 1708 :
1595 1669 1715 1724 quae
1742 1653 1904 1708 etiam
1945 1652 2342 1706 ostendebatur

768 1753 981 1807 habens
1017 1760 1256 1820 quatuor
1305 1762 1513 1818 pennas
1555 1745 1796 1800 volucris
1839 1761 2001 1814 supra
2048 1746 2218 1814 ipsam
2248 1764 2260 1796 :
2288 1751 2344 1798 et

766 1844 824 1899 in
856 1859 919 1898 ea
959 1858 1179 1913 quoque
1227 1841 1404 1895 bestia
1448 1839 1820 1894 cernebantur
1858 1847 2096 1906 quatuor
2140 1837 2337 1905 capita.
2374 1822 2419 1880 Β

770 1937 1019 2004 Regnum
1060 1933 1377 1987 Graecorum
1415 1947 1513 1998 per
1547 1945 1666 1983 eam
1716 1928 2146 1997 significabatur.
2195 1925 2345 1991 Quo-

769 2044 890 2083 rum
917 2026 1331 2094 potentissimos
1355 2038 1511 2093 reges
1541 2021 1680 2076 vidit
1703 2030 1892 2090 postea
1921 2021 1974 2072 in
2002 2019 2176 2073 forma
2201 2021 2344 2073 aric-

769 2122 840 2175 tis
874 2129 931 2173 et
982 2119 1144 2172 hirci.
1179 2118 1403 2171 Darium
1447 2114 1672 2184 quidem
1707 2121 1964 2181 tanquam
1998 2112 2249 2178 arietem,
2291 2112 2345 2166 in

772 2210 1032 2264 omnibus
1067 2220 1226 2263 terrae
1255 2208 1510 2278 partibus
1536 2220 1705 2260 eornu
1753 2213 2060 2274 petentem;
2110 2205 2346 2258 Alexan-

770 2302 933 2357 drum
966 2317 1099 2355 νει-ο
1147 2311 1403 2370 tanquam
1450 2299 1666 2354 hircum
1698 2299 1752 2352 in
1793 2313 1918 2351 eum
1953 2298 2347 2365 insurgentem,

771 2402 828 2447 et
859 2392 1070 2446 viribus
1101 2407 1164 2445 ac
1209 2391 1413 2459 impetu
1469 2387 1883 2441 conculcantem
1913 2395 1967 2438 et
1996 2393 2350 2453 prosternen-

774 2490 906 2540 tem.
961 2486 1224 2552 Quartam
1272 2493 1454 2538 autem
1504 2482 1734 2537 bestiam
1776 2481 1913 2535 vidit
1961 2482 2258 2536 terribilem
2296 2492 2349 2536 et

778 2575 1131 2646 slupendam,
1161 2585 1216 2630 et
1242 2575 1551 2629 mirandum
1579 2575 1633 2628 in
1673 2573 1895 2628 modum
1924 2574 2119 2628 fortem
2155 2593 2166 2627 :
2194 2576 2352 2646 cujus

773 2670 938 2724 ferrei
965 2670 1185 2739 quidem
1214 2671 1425 2733 dentes,
1458 2683 1670 2738 ungues
1696 2675 1879 2720 autem
1926 2667 2087 2720 aenei.
2117 2667 2192 2720 Ea
2219 2682 2352 2719 vero

776 2761 1073 2830 superabat
1094 2777 1307 2826 omnes,
1337 2777 1458 2828 quae
1487 2761 1660 2828 ipsam
1690 2768 2110 2828 praeesserant,
2137 2758 2352 2811 viribus

775 2861 832 2907 et
864 2853 1092 2906 audacia
1121 2869 1135 2905 :
1161 2852 1568 2920 excedebatque
1601 2858 1656 2904 et
1687 2850 2117 2914 comminuebat,
2142 2856 2197 2904 et
2223 2849 2353 2903 reli-

778 2958 916 3011 quas
947 2943 1309 2998 conculcabat
1354 2944 1606 3012 pedibus.
1631 2944 1732 2997 Per
1763 2943 1878 2997 haec
1905 2947 2107 2997 docens
2132 2958 2353 2996 manum

782 3037 1181 3096 Romanorum,
1209 3050 1329 3102 quae
1352 3036 1562 3102 jamdiu
1591 3043 1742 3088 tenet
1772 3035 2085 3102 imperium.
2116 3035 2174 3087 In
2199 3035 2358 3102 cujus

784 3122 964 3188 capite
1009 3121 1393 3187 animadverti,
1441 3122 1617 3191 inquit
1663 3122 1953 3192 propheta,
2000 3123 2190 3177 decem
2236 3139 2351 3178 cor-

788 3226 895 3263 nua
929 3221 983 3264 et
1013 3211 1161 3266 aliud
1193 3228 1412 3282 quoque
1438 3229 1691 3283 parvum,
1727 3214 1872 3282 quod
1903 3215 2047 3268 inter
2077 3230 2140 3268 ea
2171 3230 2360 3270 nasce-

787 3303 973 3366 batur,
1004 3313 1059 3357 et
1095 3306 1199 3357 tria
1231 3321 1296 3357 ex
1334 3306 1615 3375 prioribus
1644 3306 1918 3360 evellebat
1944 3307 2362 3362 radicitus.Jam

789 3393 938 3446 enim
972 3395 1022 3444 in
1056 3393 1173 3463 ipso
1205 3394 1310 3449 fine
1341 3394 1570 3450 Romani
1606 3397 1848 3465 imperii,
1881 3397 2028 3466 quod
2056 3408 2276 3452 secatur
2309 3397 2365 3449 in

793 3483 996 3538 multos
1044 3485 1405 3555 principatus,
1446 3485 1582 3538 dicit
1635 3485 1859 3552 quidem
1910 3484 2026 3536 fore
2074 3493 2134 3537 ut
2176 3485 2365 3537 decem

793 3592 951 3647 reges
979 3576 1143 3630 simul
1175 3587 1488 3646 exsurgant.
1523 3576 1635 3629 Hoc
1677 3575 1822 3629 enim
1856 3574 2202 3644 significabat
2230 3575 2369 3629 visio

791 3667 982 3720 decem
1033 3682 1324 3731 cornuum,
1369 3667 1473 3719 tria
1504 3675 1686 3720 autem
1717 3681 1780 3720 ex
1813 3663 1898 3719 his
1929 3667 2112 3736 regnis
2140 3682 2168 3718 a
2201 3682 2369 3736 parvo

793 3757 889 3811 illo
915 3773 1090 3812 cornu
1125 3757 1373 3822 dissolvi,
1423 3758 1566 3828 quod
1615 3759 1878 3813 cernebat
1928 3759 2130 3811 habere
2179 3761 2370 3814 oculos

795 3851 1060 3916 hominis,
1097 3861 1152 3904 et
1189 3866 1249 3905 os
1277 3852 1713 3920 magniloquum,
1747 3857 1800 3900 et
1835 3858 2222 3916 superaturum
2252 3864 2372 3904 esse

794 3945 992 3997 vitium
1025 3942 1271 3994 omnium
1302 3941 1580 4003 vitiorum,
1606 3955 1726 4008 quae
1760 3938 1914 3993 fuere
1939 3953 1968 3992 a
1999 3939 2219 4006 saaculo,
2252 3955 2374 4011 qua

800 4034 1022 4107 quidem
1054 4042 1238 4104 aperte
1273 4032 1584 4103 significant
1615 4033 2040 4088 Antichristum.

867 4131 1004 4186 XIX.
1041 4130 1178 4184 Cum
1214 4131 1294 4181 sic
1326 4145 1456 4196 ergo
1497 4129 1550 4179 in
1584 4129 1796 4181 visione
1843 4129 2000 4182 valde
2031 4128 2228 4183 fuisset
2276 4128 2373 4184 ad-

803 4223 1078 4278 mirabilis
1121 4220 1411 4291 propheta,
1458 4219 1595 4273 vidit
1639 4220 1802 4274 etiam
1837 4220 2104 4290 quosdam
2145 4221 2376 4276 thronos

803 4318 1177 4388 intelligentes
1220 4315 1428 4384 positos
1461 4325 1515 4368 et
1557 4315 2076 4384 supramundanos:
2115 4324 2172 4370 et
2203 4316 2375 4370 Deum

807 4410 1017 4480 gloriae,
1052 4418 1309 4475 tanquam
1349 4408 1642 4475 Antiquum
1683 4407 1920 4469 dierum,
1949 4407 2373 4476 praesidentem:

2439 537 2536 588 καὶ
2560 535 2726 598 δεῖξαι
2761 536 2860 603 τῆς
2887 531 2982 586 τοῦ
3015 533 3211 604 ἀνδρὸς
3244 533 3484 596 διανοίας
3517 533 3578 586 τὸ
3620 535 4016 607 καθαρώτατόν

2441 644 2499 680 τε
2537 627 2626 679 καὶ
2655 626 2916 690 ἀξιόθεον.

2515 715 2621 772 IH'.
2653 715 2858 771 Ὧπται
2884 718 2958 788 τῷ
2987 718 3208 788 μεγάλῳ
3223 717 3396 786 τούτῳ
3425 721 3703 792 προφήτῃ,
3729 721 4020 792 Βαλτάσαρ

2442 812 2524 864 ἔτι
2582 813 2640 864 ἐν
2680 813 2743 879 τῇ
2770 810 2878 860 τῶν
2931 810 3215 863 Χαλδαίων
3264 810 3560 878 διάγοντος,
3591 813 3716 874 τοὺς
3746 815 4020 882 τέσσαρας

2443 905 2680 974 ἀνέμους
2710 903 2806 956 τοῦ
2835 902 3064 971 οὐρανοῦ
3109 903 3514 972 προσϐαλόντας
3546 907 3609 974 τῇ
3646 905 3898 977 θαλάσσῃ
3932 909 4021 958 καὶ

2443 999 2684 1065 τέσσαρα
2735 997 2899 1065 θηρία
2947 994 3161 1066 μεγάλα
3214 996 3308 1047 ἀπ’
3340 997 3512 1066 αὐτῆς
3565 998 3958 1060 ἀναϐαίνοντα,
3989 999 4022 1050 ἃ

2447 1089 2668 1152 καὶτὰς
2718 1089 2960 1157 μεγάλας
3016 1089 3290 1158 τέσσαρας
3345 1088 3628 1156 βασιλείας
3670 1091 4021 1158 αίνιττόμενα

2448 1180 2538 1252 ἦν,
2571 1179 2644 1236 ῶν
2671 1183 2768 1251 τὴν
2811 1182 2912 1250 μὲν
2933 1182 3065 1236 ὡσεὶ
3101 1182 3323 1234 λέαιναν
3352 1178 3554 1252 ὦφθαι,
3589 1188 3680 1238 καὶ
3709 1187 3893 1255 πτερά
3928 1187 4025 1238 αὑ-

2445 1283 2544 1346 τῆς
2567 1277 2697 1330 ὡσεὶ
2741 1277 2899 1330 ἀετοῦ
2923 1293 2935 1306 ·
2968 1279 3076 1328 τῶν
3109 1278 3390 1330 Χαλδαίων
3423 1279 3559 1348 αὕτη
3613 1280 3710 1350 τὴν
3747 1280 4027 1349 βασιλείαν

2449 1372 2848 1441 ὑπογράφουσα
2905 1365 2998 1441 ἦν’
3058 1371 3230 1441 ἄρκον
3287 1372 3343 1423 δὲ
3397 1371 3494 1442 τὴν
3552 1372 3833 1441 δευτέραν,
3901 1375 4027 1442 τρία

2450 1464 2662 1533 πλευρά
2685 1463 2915 1533 ἔχουσαν
2967 1465 3024 1516 ἐν
3075 1465 3152 1533 τῷ
3186 1467 3434 1534 στόματι,
3471 1467 3607 1534 πρὸς
3636 1468 3702 1537 ῆν
3747 1468 3845 1519 καὶ
3878 1467 4028 1536 φωνὴ

2449 1559 2683 1625 λέγουσα
2715 1557 2997 1626 διηκούετο
3020 1569 3036 1585 ⁶
3076 1557 3386 1622 ’Δνάστηθι,
3418 1558 3557 1624 φάγε
3588 1559 3796 1626 σάρκας
3825 1559 4031 1621 πολλὰς

2449 1681 2519 1692 —
2542 1652 2679 1720 αὕτη
2717 1651 2815 1719 τὴν
2851 1651 3053 1720 Μήδων
3078 1649 3170 1701 καὶ
3199 1651 3306 1701 τῶν
3344 1649 3570 1719 Περσῶν
3602 1651 3908 1720 διῃνίττετο
3931 1654 4029 1722 βα-

2455 1744 2660 1796 σιλείαν
2685 1758 2701 1774 ⁸
2729 1742 2823 1796 καὶ
2855 1743 3122 1810 πάρδαλιν
3155 1741 3253 1811 τὴν
3285 1742 3500 1811 τρίτην,
3535 1742 3658 1811 ἥτις
3703 1742 3797 1794 καὶ
3854 1746 4030 1812 πτερᾶ

2449 1838 2694 1906 τέσσαρα
2722 1835 2971 1888 πετεινοῦ
3005 1835 3262 1905 ὑπεράνω
3288 1834 3457 1904 αὐτῆς
3485 1835 3757 1887 ἐδείκνυτο
3789 1835 3988 1904 ἔχουσα
4013 1850 4030 1867 ο

2450 1931 2542 1981 καὶ
2574 1929 2914 1997 τέσσαρεςδέ
2946 1927 3053 1979 τῶν
3083 1928 3287 1996 Θηρίων
3320 1928 3558 1992 κεφαλαὶ
3597 1928 3954 1996 καθωρῶντοο
3998 1929 4029 1998 ἡ

2463 2022 2733 2092 Ἑλλήνων
2780 2020 3029 2091 βασιλεία
3062 2020 3128 2072 δι’
3156 2021 3330 2086 αὐτῆς
3361 2019 3632 2089 ἐδηλοῦτο·
3666 2015 3740 2072 ὧν
3776 2022 3907 2084 τοὺς
3946 2022 4036 2073 δυ’

2449 2118 2790 2177 νατωτάτους
2827 2116 3080 2183 βασιλέας
3129 2116 3187 2166 ἐν
3223 2113 3378 2183 κριοῦ
3415 2113 3506 2166 καὶ
3561 2113 3763 2182 τράγου
3823 2119 4028 2182 μορφῇ·

2451 2210 2675 2276 Δαρεῖον
2707 2211 2804 2276 μὲν
2826 2203 2912 2260 οἷα
2947 2207 3100 2276 κριὸν
3133 2206 3271 2258 κατὰ
3305 2207 3480 2258 πάντα
3512 2209 3578 2257 τὰ
3618 2205 3757 2276 μέρη
3790 2206 3894 2272 τῆς
3925 2208 4028 2274 γῆς

2453 2301 2812 2370 κυρίττοντα·
2862 2297 3013 2368 αὐτῷ
3063 2299 3118 2351 δὲ
3170 2298 3263 2352 τὸν
3299 2298 3646 2368 Ἀλέξανδρον
3694 2296 3779 2352 οἷα
3822 2302 4029 2370 τράγον

2454 2392 2886 2460 ἐπανιστάμενον
2941 2395 3034 2443 καὶ
3067 2393 3211 2462 ὁρμῇ
3268 2389 3447 2461 ίσχῦος
3491 2391 3882 2460 συμπατοῦντα
3940 2395 4033 2444 καὶ

2455 2482 2892 2538 καταδάλλοντα·
2924 2483 2983 2534 τὸ
3023 2484 3282 2551 τέταρτον
3329 2483 3384 2536 δέ
3420 2482 3609 2552 θηρίον
3651 2483 3888 2550 φοϐερὸν
3930 2479 4036 2535 εἶδε

2455 2578 2552 2628 καὶ
2577 2575 2857 2644 ἐκθαμὸον
2889 2575 2983 2628 καὶ
3025 2575 3248 2647 ἰσχυρὸν
3282 2575 3535 2644 περιττὰ,
3578 2567 3638 2625 οὗ
3682 2575 3904 2642 σιδηροὶ
3942 2575 4040 2642 μὲν

2455 2669 2503 2718 οἱ
2529 2667 2760 2733 ὀδόντες,
2797 2667 2844 2719 oi
2871 2666 3054 2736 ὄνυχες
3087 2669 3141 2719 δὲ
3165 2668 3270 2719 ἀπὸ
3299 2666 3524 2734 χαλκοῦ·
3554 2666 3834 2718 καὶτοῦτο
3869 2667 4041 2736 ὑπερο

2458 2759 2678 2812 ϐάλλειν
2731 2760 2876 2827 ίσχύῖ
2904 2760 2980 2808 τὰ
3027 2760 3131 2824 πρὸ
3173 2755 3338 2808 αὐτοῦ
3374 2758 3550 2809 πάντα
3592 2757 3687 2807 καὶ
3725 2757 4038 2828 ίταμότητι,

2459 2853 2638 2906 ἐσθίον
2663 2853 2758 2902 καῖ
2791 2850 3055 2903 λεπτύνον
3078 2853 3171 2902 καὶ
3203 2851 3270 2903 τά
3307 2852 3565 2929 ἐπίλοιπα
3597 2854 3708 2916 τοῖς
3742 2854 3870 2905 ποσὶ
3894 2870 4039 2929 ρυμ-

2462 2942 2698 2997 πατοῦν·
2731 2943 2830 3011 τὴν
2861 2941 2983 3011 ἄρτι
3012 2923 3349 3012 κατέχουσαν
3380 2946 3537 3013 χεῖρα
3566 2945 3654 2997 διὰ
3679 2945 3872 2998 τούτου
3898 2923 4045 3001 διδα-

2467 3037 2732 3106 σκόμενος
2787 3037 2896 3089 τῶν
2932 3036 3259 3106 Ῥωμαίων·
3309 3029 3368 3089 οὗ
3420 3037 3557 3104 πρὸς
3597 3039 3661 3109 τῇ
3706 3039 3924 3110 κεφαλῇ
3953 3038 4046 3091 καὶ

2465 3129 2597 3183 δέκα
2645 3132 2852 3197 κέρατα
2899 3129 3251 3197 προσενόουν,
3281 3129 3449 3200 φησὶν
3488 3131 3514 3181 ό
3563 3132 3856 3200 προφήτης
3885 3147 3900 3161 °
3955 3133 4047 3185 καὶ

2471 3222 2666 3292 μικρὸν
2692 3221 2820 3275 ἄλλο
2872 3222 3078 3290 μεταξὺ
3112 3228 3318 3273 τούτων
3349 3221 3617 3288 φυόμενον
3657 3221 3751 3272 καὶ
3773 3221 3907 3290 τρία
3938 3223 4044 3275 τῶν

2471 3315 2749 3381 προτέρων
2782 3311 3037 3378 ἐκριζοῦν
3061 3326 3077 3342 υ
3107 3311 3208 3380 ήδη
3241 3312 3350 3379 γὰρ
3372 3313 3461 3362 ἐπ’
3485 3310 3632 3379 αὐτῷ
3662 3312 3740 3380 τῷ
3765 3312 3917 3366 τέλει
3952 3316 4046 3383 τῆς

2483 3396 2771 3464 Ῥωμαίων
2804 3396 2980 3466 ἀρχῆς
3030 3399 3107 3458 εἰς
3135 3399 3474 3468 πολυαρχίαν
3514 3405 4009 3474 κατατεμνομένης
4030 3444 4046 3470 ,

2469 3489 2600 3543 δέκα
2636 3491 2733 3558 μὲν
2765 3491 3169 3562 ἀναστήσεσθαι
3218 3491 3459 3561 βασιλεῖς
3505 3493 3641 3563 ὁμοῦ
3684 3495 3859 3561 λέγει’
3893 3498 4051 3552 τοῦτο

2471 3584 2582 3652 γάρ
2613 3585 2644 3652 ἡ
2676 3582 2785 3637 τῶν
2813 3583 2944 3637 δέκα
2976 3587 3224 3654 κεράτων
3258 3587 3383 3655 ὄψις
3418 3586 3606 3656 ἐδήλου
3633 3603 3647 3617 ·
3675 3590 3828 3657 τρεῖς
3856 3588 3916 3642 δὲ
3947 3591 4050 3642 τῶν

2471 3677 2731 3729 τοιούτων
2759 3677 3050 3742 βασιλειῶν
3089 3678 3192 3728 ὑπὸ
3221 3678 3313 3729 τοῦ
3348 3680 3544 3748 μικροῦ
3574 3681 3806 3750 κέρατος
3840 3684 4050 3736 ἐκείνου

2474 3767 2869 3834 καταλυθῆναι,
2902 3767 2929 3817 ὃ
2961 3769 3053 3818 καὶ
3091 3768 3402 3833 ὀφθαλμοὺς
3433 3769 3578 3838 ἔχειν
3608 3771 3914 3838 ἀνθρώπου
3962 3776 4051 3827 καὶ

2478 3854 2654 3925 στόμα
2678 3854 2876 3907 λαλοῦν
2906 3855 3122 3926 μεγάλα
3163 3856 3256 3908 καὶ
3279 3856 3375 3925 τὴν
3399 3858 3599 3910 κακίαν
3631 3859 3861 3914 πάντων
3888 3864 4054 3934 ὑπερ-

2475 3945 2644 4000 οίσειν
2671 3946 2780 4000 τῶν
2803 3945 2896 4000 ἀπ’
2921 3946 3118 4010 αἰῶνος
3142 3947 3330 4000 κακῶν
3351 3947 3521 4018 ἐώρα,
3553 3949 3647 4002 τοῦ
3679 3949 4053 4024 Ἀντιχρίστον

2477 4040 2654 4094 ταῦτα
2684 4041 2964 4110 προδήλως
2997 4043 3331 4110 σημαντικά.

2551 4124 2653 4180 ΙΘ’.
2685 4120 2812 4178 Ὧδε
2842 4129 3132 4196 τοιγαροῦν
3163 4131 3262 4198 τῆς
3291 4131 3746 4200 ὑπερφνεστάτης
3772 4135 3901 4198 ὅλος
3931 4135 4057 4206 ὁρά-

2484 4236 2623 4284 σεως
2681 4217 2922 4288 γεγονὼς
2977 4221 3005 4270 ό
3062 4221 3371 4289 προφήτης,
3408 4221 3632 4291 ἐθεώρει
3679 4223 3775 4276 καὶ
3835 4226 4058 4294 Θρόνους

2482 4308 2705 4382 νοερούς
2733 4326 2885 4369 τινας
2925 4308 3020 4361 καὶ
3050 4310 3454 4380 ὑπερκοσμίους
3489 4313 3812 4384 τιθεμένους
3849 4320 3947 4370 καὶ
3975 4321 4059 4371 τὸν

2479 4403 2613 4456 Θεὸν
2645 4402 2743 4471 τῆς
2769 4400 2926 4472 δόξης
2962 4396 3050 4453 οἷα
3096 4402 3331 4456 Παλαιὸν
3364 4407 3584 4478 ἡμερῶν
3609 4409 4058 4479 προκαθήμενον,

803 4503 898 4572 qui
929 4516 1016 4566 eo,
1051 4499 1194 4570 quod
1227 4501 1296 4554 sit
1346 4507 1472 4552 ante
1507 4499 1726 4564 szecula,
1761 4500 1840 4552 sic
1869 4499 2079 4553 videnti
2139 4500 2358 4554 volueril

2478 4494 2554 4563 τῷ
2591 4493 2916 4562 προαιώνιον
2947 4495 3110 4547 αὐτὸν
3146 4491 3304 4557 εἶναι,
3337 4497 3508 4560 οὕτως
3550 4499 3783 4570 ὀφθῆναι
3816 4501 3899 4573 τῷ
3941 4502 4058 4572 βλί’

804 4597 981 4650 videri
1008 4613 1021 4648 :
1047 4597 1205 4664 cujus
1226 4594 1394 4648 etiam
1426 4593 1810 4648 indumentum
1842 4603 1961 4647 erat
1987 4594 2197 4658 album,
2232 4594 2379 4647 sicut

809 4695 901 4742 nix
950 4704 965 4741 ε
1007 4697 1064 4741 et
1116 4685 1346 4754 capillus
1397 4686 1518 4752 ejus
1566 4687 1899 4740 cernebatur
1947 4696 2208 4756 tanquam
2259 4686 2382 4740 lana

817 4795 978 4850 pura.
1016 4778 1161 4832 Nihil
1197 4778 1342 4831 enim
1371 4777 1690 4840 obscurum,
1719 4778 1855 4832 nihil
1889 4779 2064 4843 triste.
2098 4778 2238 4832 nihil
2263 4794 2383 4832 sor-

808 4874 998 4928 didum
1046 4872 1188 4941 apud
1221 4888 1405 4927 veram
1443 4879 1501 4925 et
1545 4887 1793 4942 magnam
1824 4883 1878 4926 et
1909 4873 2140 4943 primam
2174 4872 2377 4927 lucem.

810 4965 951 5031 Quin
986 4965 1151 5018 etiam
1177 4964 1436 5016 thronum
1471 4979 1692 5033 quoque
1720 4964 1840 5033 ejus
1871 4963 2007 5016 dicit
2035 4963 2384 5033 apparuisse,

815 5066 1072 5125 tanquam
1097 5056 1369 5107 flammam
1413 5055 1573 5123 ignis,
1603 5066 1655 5108 et
1706 5067 1854 5111 rotas
1897 5057 2076 5126 ignem
2117 5057 2378 5111 emitten-

813 5160 916 5214 tes,
963 5157 1018 5202 et
1052 5148 1275 5200 fluvium
1329 5147 1470 5218 ignis
1515 5157 1638 5201 ante
1683 5163 1808 5202 eum
1860 5149 2222 5215 fluentem,et
2256 5149 2386 5202 hor-

815 5239 989 5294 renda
1034 5239 1217 5292 omnia
1251 5248 1306 5293 et
1351 5221 1639 5302 terribilia,
1686 5249 1741 5292 et
1786 5239 2133 5294 admirabilia
2176 5240 2382 5302 omnia,

811 5340 868 5383 et
903 5346 1023 5399 qua
1055 5331 1225 5384 Deum
1273 5331 1559 5385 decebant.
1601 5331 1742 5385 Mille
1775 5333 1920 5384 enim
1956 5330 2146 5394 millia,
2181 5332 2384 5399 inquit,

816 5431 874 5476 et
904 5420 1089 5474 decies
1116 5421 1263 5476 mille
1299 5421 1471 5475 millia
1505 5423 1556 5475 ei
1592 5423 1934 5486 assistentes,
1970 5423 2055 5492 pic
2087 5422 2403 5476 admodum-

821 5509 1226 5564 ministrabant.
1257 5511 1459 5564 Deinde
1483 5527 1605 5565 cum
1629 5512 1870 5566 nubibus
1914 5523 2168 5581 tanquam
2191 5512 2388 5566 Filium

2485 4603 2641 4638 ποντι
2675 4584 3024 4655 βουληθέντα,
3080 4582 3140 4641 οὗ
3191 4589 3284 4640 καὶ
3334 4589 3395 4641 τὸ
3425 4589 3630 4661 ἔνδυμα
3669 4591 3890 4661 λευκὸν,
3931 4595 4058 4648 ὡσεὶ

2485 4678 2618 4750 χιὼν
2648 4680 2740 4732 καὶ
2767 4682 2863 4750 τὴν
2889 4680 3052 4749 τρίχα
3078 4680 3176 4748 τῆς
3209 4682 3451 4753 κεφαλῆς
3473 4685 3606 4736 ὡσεὶ
3635 4686 3782 4755 ἔριον
3815 4688 4058 4758 καθαρὸν

2484 4771 2749 4841 όρᾶσθαιο
2793 4771 3078 4840 οὐδὲνγὰρ
3105 4771 3377 4842 ἀλαμπὲς,
3421 4771 3592 4829 ὀὐδὲν
3640 4777 3891 4847 κατηφὲς
3940 4780 4059 4832 οὐδὲ

2489 4863 2677 4935 ῥυπῶν
2715 4864 2869 4932 παρὰ
2901 4864 2977 4934 τῷ
3021 4867 3241 4936 μεγάλῳ
3289 4867 3384 4919 καὶ
3428 4866 3669 4940 ἀληθινῷ
3714 4873 3808 4924 καὶ
3860 4875 4063 4943 πρώτῳ

2489 4956 2662 5025 φωτί·
2697 4955 2831 5010 ἀλλὰ
2857 4955 2948 5008 καὶ
2975 4957 3066 5009 τὸν
3096 4957 3282 5026 θρόνον
3305 4957 3470 5010 αὐτοῦ
3495 4959 3568 5023 ὡς
3599 4963 3770 5030 πυρὸς
3790 4959 3915 5015 εἷπε
3942 4967 4068 5033 φαίη

2489 5049 2676 5104 νεσθαι
2714 5047 2885 5114 φλόγα
2920 5048 3014 5100 καὶ
3047 5049 3277 5118 τροχοὺς
3308 5049 3418 5121 πῦρ
3450 5050 3710 5121 ἀφιέντας
3751 5057 3848 5105 καὶ
3895 5072 4064 5109 ποτα..

2493 5141 2592 5209 μὸν
2623 5138 2792 5207 πυρὸς
2822 5138 3133 5208 ἔμπροσθεν
3164 5141 3358 5210 ῥέοντα
3389 5142 3484 5194 καὶ
3510 5143 3684 5195 πάντα
3726 5144 3939 5214 φοϐερὰ
3972 5150 4063 5200 καὶ

2492 5230 2694 5300 φρικτὰ
2741 5231 2833 5283 καὶ
2865 5231 3041 5282 πάντα
3081 5229 3372 5298 θαυμαστά
3415 5234 3508 5284 καὶ
3536 5232 3851 5303 θεοπρεπῆ’
3892 5237 4063 5305 χίλιαι

2492 5327 2598 5396 γὰρ
2624 5324 2885 5394 χιλιάδες,
2915 5325 3067 5393 φησὶ,
3101 5325 3193 5377 καὶ
3227 5326 3418 5393 μυρίαι
3443 5326 3706 5395 μυριάδες
3737 5328 3889 5398 αὐτῷ
3921 5347 4063 5398 ταρ-

2493 5418 2730 5469 εστῶσαι
2783 5416 3134 5479 πανευλαὸὠς
3169 5417 3565 5486 ἐλειτούργουν.
3605 5413 3739 5471 Εἶτα
3771 5423 3913 5488 μετὰ
3958 5423 4064 5474 τῶν

2495 5510 2732 5577 νεφελῶν
2775 5512 2849 5573 ὡς
2879 5511 3005 5562 Υἰὺν
3040 5510 3329 5580 ἀνθρώπου
3359 5507 3450 5562 τὸν
3483 5510 3609 5562 Υίδν
3636 5509 3939 5580 ἐρχόμενον
3973 5509 4063 5563 τοῦ

820 5602 1077 5666 hominis,
1117 5602 1312 5656 Filium
1344 5603 1436 5656 Dei
1466 5604 1602 5658 dixit
1635 5620 1693 5658 se
1728 5605 1932 5658 vidisse
1964 5606 2298 5668 venientem,
2336 5619 2358 5657 ε

2494 5603 2630 5657 Θεοῦ
2671 5601 2824 5656 εἶπεν
2853 5604 2985 5673 όρᾷν
3031 5604 3126 5655 καὶ
3157 5599 3343 5654 τοῦτον
3370 5601 3496 5673 ἄχρι
3537 5599 3630 5653 τοῦ
3673 5601 3888 5668 Πατρδς
3923 5601 4066 5654 ἰόντι

821 5709 948 5748 eum
983 5697 1046 5748 ad
1097 5696 1311 5752 Patrem
1360 5712 1531 5766 usque
1562 5707 1810 5761 euntem,
1844 5705 1899 5752 et
1936 5707 2193 5766 tanquam
2226 5697 2294 5751 ab
2327 5711 2393 5750 eo

825 5787 1114 5856 dilectum,
1159 5805 1282 5843 eum
1318 5806 1383 5846 eo
1420 5789 1719 5845 honorifice
1764 5789 2067 5854 sedentem,
2100 5800 2154 5844 et
2185 5791 2233 5845 ei
2271 5789 2385 5844 uni-

2497 5700 2591 5750 καὶ
2642 5696 2716 5760 ὡς
2761 5696 3044 5765 ἀγαπητὸν
3076 5694 3222 5765 αὐτῷ
3253 5696 3486 5764 ἐντίμως
3525 5694 3952 5764 συνεδριάξοντα
3978 5699 4062 5748 καὶ

2499 5790 2668 5860 τούτῳ
2695 5793 2793 5860 την
2817 5791 2944 5857 ὅλην
2968 5784 3212 5855 ἐξουσίαν
3245 5789 3338 5844 καὶ
3359 5790 3456 5858 τὴν
3484 5789 3768 5856 βασιλείαν
3796 5789 3905 5845 τῶν
3934 5791 4062 5842 πάν-
