  <div class='ocr_page' id='page_1' title='image "/cluster/home/n/w/nwhite01/storage/ocr_20150623/115/pst.000005714285/264.png"; bbox 0 0 4188 6310; ppageno 0'>
   <div class='ocr_carea' id='block_1_1' title="bbox 219 347 317 413">
    <p class='ocr_par' dir='ltr' id='par_1_1' title="bbox 219 347 317 413">
     <span class='ocr_line' id='line_1_1' title="bbox 219 347 317 413; baseline 0 0"><span class='ocrx_word' id='word_1_1' title='bbox 219 347 317 413; x_wconf 79' lang='lat'><strong>393</strong></span> 
     </span>
    </p>
   </div>
   <div class='ocr_carea' id='block_1_2' title="bbox 1264 351 2405 420">
    <p class='ocr_par' dir='ltr' id='par_1_2' title="bbox 1264 351 2405 420">
     <span class='ocr_line' id='line_1_2' title="bbox 1264 351 2405 420; baseline -0.005 -1"><span class='ocrx_word' id='word_1_2' title='bbox 1264 359 1437 419; x_wconf 80' lang='grc' dir='ltr'><strong>νΙΤΑ</strong></span> <span class='ocrx_word' id='word_1_3' title='bbox 1478 351 1982 420; x_wconf 69' lang='lat' dir='ltr'><strong>S.PROPHET£</strong></span> <span class='ocrx_word' id='word_1_4' title='bbox 2023 351 2405 413; x_wconf 78' lang='lat' dir='ltr'><strong>DANIELIS.</strong></span> 
     </span>
    </p>
   </div>
   <div class='ocr_carea' id='block_1_3' title="bbox 3357 354 3462 419">
    <p class='ocr_par' dir='ltr' id='par_1_3' title="bbox 3357 354 3462 419">
     <span class='ocr_line' id='line_1_3' title="bbox 3357 354 3462 419; baseline -0.048 0"><span class='ocrx_word' id='word_1_5' title='bbox 3357 354 3462 419; x_wconf 75' lang='grc'><strong>394</strong></span> 
     </span>
    </p>
   </div>
   <div class='ocr_carea' id='block_1_4' title="bbox 223 465 1794 549">
    <p class='ocr_par' dir='ltr' id='par_1_4' title="bbox 223 468 1789 541">
     <span class='ocr_line' id='line_1_4' title="bbox 223 468 1789 541; baseline 0.001 -24"><span class='ocrx_word' id='word_1_6' title='bbox 223 485 324 519; x_wconf 87' lang='grc' dir='ltr'><strong>των</strong></span> <span class='ocrx_word' id='word_1_7' title='bbox 360 468 645 538; x_wconf 71' lang='grc' dir='ltr'><strong>διδομένην</strong></span> <span class='ocrx_word' id='word_1_8' title='bbox 684 468 776 522; x_wconf 75' lang='grc' dir='ltr'>καὶ</span> <span class='ocrx_word' id='word_1_9' title='bbox 807 469 905 539; x_wconf 74' lang='grc' dir='ltr'>τὴν</span> <span class='ocrx_word' id='word_1_10' title='bbox 933 472 1102 540; x_wconf 76' lang='grc' dir='ltr'>τιμήν</span> <span class='ocrx_word' id='word_1_11' title='bbox 1127 483 1139 502; x_wconf 81' lang='grc'><strong><em>⁸</em></strong></span> <span class='ocrx_word' id='word_1_12' title='bbox 1178 473 1237 525; x_wconf 72' lang='grc' dir='ltr'><strong>οὐ</strong></span> <span class='ocrx_word' id='word_1_13' title='bbox 1278 472 1388 541; x_wconf 76' lang='grc' dir='ltr'>μὴν</span> <span class='ocrx_word' id='word_1_14' title='bbox 1418 470 1552 524; x_wconf 79' lang='grc' dir='ltr'>ἀλλὰ</span> <span class='ocrx_word' id='word_1_15' title='bbox 1581 469 1674 522; x_wconf 78' lang='grc' dir='ltr'>καὶ</span> <span class='ocrx_word' id='word_1_16' title='bbox 1711 469 1789 538; x_wconf 77' lang='grc' dir='ltr'>βίο</span> 
     </span>
    </p>
   </div>
   <div class='ocr_carea' id='block_1_5' title="bbox 1897 465 3465 549">
    <p class='ocr_par' dir='ltr' id='par_1_5' title="bbox 1897 465 3465 534">
     <span class='ocr_line' id='line_1_5' title="bbox 1897 465 3465 534; baseline 0.005 -19"><span class='ocrx_word' id='word_1_17' title='bbox 1897 478 2107 518; x_wconf 78' lang='lat' dir='ltr'><strong>versam</strong></span> <span class='ocrx_word' id='word_1_18' title='bbox 2165 471 2492 533; x_wconf 84' lang='lat' dir='ltr'><strong>potestatem</strong></span> <span class='ocrx_word' id='word_1_19' title='bbox 2547 471 2600 517; x_wconf 81' lang='lat' dir='ltr'><strong>et</strong></span> <span class='ocrx_word' id='word_1_20' title='bbox 2653 479 2880 534; x_wconf 85' lang='lat' dir='ltr'><strong>regnum</strong></span> <span class='ocrx_word' id='word_1_21' title='bbox 2938 465 3182 520; x_wconf 89' lang='lat' dir='ltr'><strong>omnium</strong></span> <span class='ocrx_word' id='word_1_22' title='bbox 3239 466 3354 522; x_wconf 91' lang='lat' dir='ltr'><strong>dari</strong></span> <span class='ocrx_word' id='word_1_23' title='bbox 3406 478 3465 524; x_wconf 80' lang='lat' dir='ltr'><strong>et</strong></span> 
     </span>
    </p>
   </div>
   <div class='ocr_carea' id='block_1_6' title="bbox 220 557 1788 634">
    <p class='ocr_par' dir='ltr' id='par_1_6' title="bbox 220 557 1788 634">
     <span class='ocr_line' id='line_1_6' title="bbox 220 557 1788 634; baseline 0.002 -25"><span class='ocrx_word' id='word_1_24' title='bbox 220 557 375 620; x_wconf 63' lang='grc' dir='ltr'>ὅλους</span> <span class='ocrx_word' id='word_1_25' title='bbox 417 560 778 630; x_wconf 76' lang='grc' dir='ltr'><strong>ἀνοιγομένας</strong></span> <span class='ocrx_word' id='word_1_26' title='bbox 831 565 924 615; x_wconf 74' lang='grc' dir='ltr'><strong>καὶ</strong></span> <span class='ocrx_word' id='word_1_27' title='bbox 985 563 1190 634; x_wconf 75' lang='grc' dir='ltr'>κρύφια</span> <span class='ocrx_word' id='word_1_28' title='bbox 1255 561 1633 632; x_wconf 79' lang='grc' dir='ltr'>φανερούμενα</span> <span class='ocrx_word' id='word_1_29' title='bbox 1695 560 1788 613; x_wconf 69' lang='grc' dir='ltr'>καὶ</span> 
     </span>
    </p>
   </div>
   <div class='ocr_carea' id='block_1_7' title="bbox 223 652 1790 725">
    <p class='ocr_par' dir='ltr' id='par_1_7' title="bbox 223 652 1790 725">
     <span class='ocr_line' id='line_1_7' title="bbox 223 652 1790 725; baseline 0.001 -21"><span class='ocrx_word' id='word_1_30' title='bbox 223 654 393 704; x_wconf 72' lang='grc' dir='ltr'>πάντα</span> <span class='ocrx_word' id='word_1_31' title='bbox 428 652 613 725; x_wconf 78' lang='grc' dir='ltr'>γυμνὰ</span> <span class='ocrx_word' id='word_1_32' title='bbox 673 652 751 722; x_wconf 85' lang='grc' dir='ltr'><strong>τῷ</strong></span> <span class='ocrx_word' id='word_1_33' title='bbox 806 657 966 724; x_wconf 81' lang='grc' dir='ltr'>κριτῇ</span> <span class='ocrx_word' id='word_1_34' title='bbox 1027 654 1120 707; x_wconf 77' lang='grc' dir='ltr'>καὶ</span> <span class='ocrx_word' id='word_1_35' title='bbox 1150 653 1620 725; x_wconf 77' lang='grc' dir='ltr'><strong>τετραχηλισμένα</strong></span> <span class='ocrx_word' id='word_1_36' title='bbox 1650 671 1790 722; x_wconf 83' lang='grc' dir='ltr'>παρ-</span> 
     </span>
    </p>
   </div>
   <div class='ocr_carea' id='block_1_8' title="bbox 225 724 1789 818">
    <p class='ocr_par' dir='ltr' id='par_1_8' title="bbox 225 742 1789 818">
     <span class='ocr_line' id='line_1_8' title="bbox 225 742 1789 818; baseline 0.003 -25"><span class='ocrx_word' id='word_1_37' title='bbox 225 742 427 796; x_wconf 81' lang='grc' dir='ltr'>εστῶτα</span> <span class='ocrx_word' id='word_1_38' title='bbox 470 745 696 798; x_wconf 72' lang='grc' dir='ltr'>καὶτῶν</span> <span class='ocrx_word' id='word_1_39' title='bbox 729 746 828 814; x_wconf 80' lang='grc' dir='ltr'>μὲν</span> <span class='ocrx_word' id='word_1_40' title='bbox 858 747 1033 800; x_wconf 75' lang='grc' dir='ltr'>ἄλλων</span> <span class='ocrx_word' id='word_1_41' title='bbox 1071 746 1168 818; x_wconf 81' lang='grc' dir='ltr'>τὴν</span> <span class='ocrx_word' id='word_1_42' title='bbox 1201 747 1449 812; x_wconf 78' lang='grc' dir='ltr'>ἐξουσίαν</span> <span class='ocrx_word' id='word_1_43' title='bbox 1479 761 1789 816; x_wconf 87' lang='grc' dir='ltr'>καταργου-</span> 
     </span>
    </p>
   </div>
   <div class='ocr_carea' id='block_1_9' title="bbox 227 835 1789 908">
    <p class='ocr_par' dir='ltr' id='par_1_9' title="bbox 227 835 1789 908">
     <span class='ocr_line' id='line_1_9' title="bbox 227 835 1789 908; baseline 0.001 -22"><span class='ocrx_word' id='word_1_44' title='bbox 227 835 391 902; x_wconf 79' lang='grc' dir='ltr'>μένην</span> <span class='ocrx_word' id='word_1_45' title='bbox 439 838 533 890; x_wconf 72' lang='grc' dir='ltr'>καὶ</span> <span class='ocrx_word' id='word_1_46' title='bbox 590 838 690 907; x_wconf 79' lang='grc' dir='ltr'><strong>την</strong></span> <span class='ocrx_word' id='word_1_47' title='bbox 726 839 922 907; x_wconf 79' lang='grc' dir='ltr'>ἀρχήν·</span> <span class='ocrx_word' id='word_1_48' title='bbox 973 840 1148 891; x_wconf 77' lang='grc' dir='ltr'>ἐκεῖνο</span> <span class='ocrx_word' id='word_1_49' title='bbox 1206 839 1262 891; x_wconf 81' lang='grc' dir='ltr'>δὲ</span> <span class='ocrx_word' id='word_1_50' title='bbox 1311 839 1373 891; x_wconf 77' lang='grc' dir='ltr'><strong>τὸ</strong></span> <span class='ocrx_word' id='word_1_51' title='bbox 1419 839 1789 908; x_wconf 84' lang='grc' dir='ltr'>πονηρότατον</span> 
     </span>
    </p>
   </div>
   <div class='ocr_carea' id='block_1_10' title="bbox 221 925 1790 1000">
    <p class='ocr_par' dir='ltr' id='par_1_10' title="bbox 221 925 1790 1000">
     <span class='ocr_line' id='line_1_10' title="bbox 221 925 1790 1000; baseline 0.004 -24"><span class='ocrx_word' id='word_1_52' title='bbox 221 925 405 995; x_wconf 86' lang='grc' dir='ltr'>θηρίον</span> <span class='ocrx_word' id='word_1_53' title='bbox 451 929 542 983; x_wconf 82' lang='grc' dir='ltr'>καὶ</span> <span class='ocrx_word' id='word_1_54' title='bbox 581 930 677 1000; x_wconf 81' lang='grc' dir='ltr'><strong>τὴν</strong></span> <span class='ocrx_word' id='word_1_55' title='bbox 704 931 901 983; x_wconf 80' lang='grc' dir='ltr'>κακίαν</span> <span class='ocrx_word' id='word_1_56' title='bbox 940 931 1301 998; x_wconf 84' lang='grc' dir='ltr'>ἀσύγκριτον,</span> <span class='ocrx_word' id='word_1_57' title='bbox 1331 931 1359 984; x_wconf 80' lang='grc' dir='ltr'><strong>δ</strong></span> <span class='ocrx_word' id='word_1_58' title='bbox 1395 933 1488 984; x_wconf 74' lang='grc' dir='ltr'><strong>καὶ</strong></span> <span class='ocrx_word' id='word_1_59' title='bbox 1525 932 1613 983; x_wconf 77' lang='grc' dir='ltr'><strong>τὸν</strong></span> <span class='ocrx_word' id='word_1_60' title='bbox 1651 929 1790 1000; x_wconf 84' lang='grc' dir='ltr'>μετὰ</span> 
     </span>
    </p>
   </div>
   <div class='ocr_carea' id='block_1_11' title="bbox 221 1018 1788 1092">
    <p class='ocr_par' dir='ltr' id='par_1_11' title="bbox 221 1018 1788 1092">
     <span class='ocr_line' id='line_1_11' title="bbox 221 1018 1788 1092; baseline 0.002 -22"><span class='ocrx_word' id='word_1_61' title='bbox 221 1018 327 1071; x_wconf 85' lang='grc' dir='ltr'><strong>τῶν</strong></span> <span class='ocrx_word' id='word_1_62' title='bbox 357 1019 527 1087; x_wconf 80' lang='grc' dir='ltr'>ἀγίων</span> <span class='ocrx_word' id='word_1_63' title='bbox 560 1023 828 1090; x_wconf 77' lang='grc' dir='ltr'>ἐτόλμησε</span> <span class='ocrx_word' id='word_1_64' title='bbox 863 1023 1220 1092; x_wconf 76' lang='grc' dir='ltr'>πόλεμονκαὶ</span> <span class='ocrx_word' id='word_1_65' title='bbox 1246 1023 1420 1092; x_wconf 80' lang='grc' dir='ltr'>στόμα</span> <span class='ocrx_word' id='word_1_66' title='bbox 1448 1022 1642 1076; x_wconf 78' lang='grc' dir='ltr'>λαλοῦν</span> <span class='ocrx_word' id='word_1_67' title='bbox 1674 1019 1788 1092; x_wconf 79' lang='grc' dir='ltr'>εἶχε</span> 
     </span>
    </p>
   </div>
   <div class='ocr_carea' id='block_1_12' title="bbox 219 1110 1790 1185">
    <p class='ocr_par' dir='ltr' id='par_1_12' title="bbox 219 1110 1790 1185">
     <span class='ocr_line' id='line_1_12' title="bbox 219 1110 1790 1185; baseline 0.004 -25"><span class='ocrx_word' id='word_1_68' title='bbox 219 1110 433 1177; x_wconf 79' lang='grc' dir='ltr'>μεγάλα</span> <span class='ocrx_word' id='word_1_69' title='bbox 463 1111 916 1185; x_wconf 80' lang='grc' dir='ltr'>ἐξαναιρούμενον</span> <span class='ocrx_word' id='word_1_70' title='bbox 947 1115 1043 1168; x_wconf 73' lang='grc' dir='ltr'>καὶ</span> <span class='ocrx_word' id='word_1_71' title='bbox 1076 1116 1155 1177; x_wconf 89' lang='grc' dir='ltr'><strong>είς</strong></span> <span class='ocrx_word' id='word_1_72' title='bbox 1193 1114 1386 1168; x_wconf 76' lang='grc' dir='ltr'>καῦσιν</span> <span class='ocrx_word' id='word_1_73' title='bbox 1418 1118 1589 1184; x_wconf 83' lang='grc' dir='ltr'>πυρὸς</span> <span class='ocrx_word' id='word_1_74' title='bbox 1625 1115 1790 1169; x_wconf 76' lang='grc' dir='ltr'>ἄσϐε-</span> 
     </span>
    </p>
   </div>
   <div class='ocr_carea' id='block_1_13' title="bbox 222 1205 1788 1278">
    <p class='ocr_par' dir='ltr' id='par_1_13' title="bbox 222 1205 1788 1278">
     <span class='ocr_line' id='line_1_13' title="bbox 222 1205 1788 1278; baseline 0.004 -24"><span class='ocrx_word' id='word_1_75' title='bbox 222 1219 345 1255; x_wconf 84' lang='grc' dir='ltr'>στον</span> <span class='ocrx_word' id='word_1_76' title='bbox 403 1205 917 1275; x_wconf 72' lang='grc' dir='ltr'>παραπεμπόμενον</span> <span class='ocrx_word' id='word_1_77' title='bbox 941 1223 957 1238; x_wconf 79' lang='grc' dir='ltr'><strong>ο</strong></span> <span class='ocrx_word' id='word_1_78' title='bbox 989 1206 1238 1260; x_wconf 77' lang='grc' dir='ltr'>ἐντεῦθεν</span> <span class='ocrx_word' id='word_1_79' title='bbox 1261 1207 1316 1260; x_wconf 79' lang='grc' dir='ltr'>δὲ</span> <span class='ocrx_word' id='word_1_80' title='bbox 1345 1208 1442 1278; x_wconf 74' lang='grc' dir='ltr'>τὴν</span> <span class='ocrx_word' id='word_1_81' title='bbox 1481 1207 1788 1275; x_wconf 77' lang='grc' dir='ltr'>μεγαλοσύ-</span> 
     </span>
    </p>
   </div>
   <div class='ocr_carea' id='block_1_14' title="bbox 219 1295 1790 1368">
    <p class='ocr_par' dir='ltr' id='par_1_14' title="bbox 219 1295 1790 1368">
     <span class='ocr_line' id='line_1_14' title="bbox 219 1295 1790 1368; baseline 0.004 -24"><span class='ocrx_word' id='word_1_82' title='bbox 219 1311 316 1361; x_wconf 88' lang='grc' dir='ltr'><strong>νην</strong></span> <span class='ocrx_word' id='word_1_83' title='bbox 368 1295 460 1348; x_wconf 73' lang='grc' dir='ltr'><strong>καὶ</strong></span> <span class='ocrx_word' id='word_1_84' title='bbox 515 1296 615 1366; x_wconf 75' lang='grc' dir='ltr'>τὴν</span> <span class='ocrx_word' id='word_1_85' title='bbox 674 1297 782 1350; x_wconf 85' lang='grc' dir='ltr'><strong>τῶν</strong></span> <span class='ocrx_word' id='word_1_86' title='bbox 833 1299 968 1351; x_wconf 81' lang='grc' dir='ltr'>ὅλων</span> <span class='ocrx_word' id='word_1_87' title='bbox 1020 1298 1297 1368; x_wconf 83' lang='grc' dir='ltr'>βασιλείαν</span> <span class='ocrx_word' id='word_1_88' title='bbox 1331 1301 1408 1362; x_wconf 77' lang='grc' dir='ltr'><strong>είς</strong></span> <span class='ocrx_word' id='word_1_89' title='bbox 1445 1299 1648 1361; x_wconf 82' lang='grc' dir='ltr'>αἰῶνας</span> <span class='ocrx_word' id='word_1_90' title='bbox 1677 1301 1790 1361; x_wconf 80' lang='grc' dir='ltr'>τοῖς</span> 
     </span>
    </p>
   </div>
   <div class='ocr_carea' id='block_1_15' title="bbox 215 1385 828 1460">
    <p class='ocr_par' dir='ltr' id='par_1_15' title="bbox 215 1385 828 1460">
     <span class='ocr_line' id='line_1_15' title="bbox 215 1385 828 1460; baseline 0.01 -23"><span class='ocrx_word' id='word_1_91' title='bbox 215 1385 390 1452; x_wconf 84' lang='grc' dir='ltr'>ἁγίοις</span> <span class='ocrx_word' id='word_1_92' title='bbox 422 1387 828 1460; x_wconf 81' lang='grc' dir='ltr'>δεδωρημένην.</span> 
     </span>
    </p>
   </div>
   <div class='ocr_carea' id='block_1_16' title="bbox 291 1476 1792 1554">
    <p class='ocr_par' dir='ltr' id='par_1_16' title="bbox 291 1476 1792 1554">
     <span class='ocr_line' id='line_1_16' title="bbox 291 1476 1792 1554; baseline 0.003 -23"><span class='ocrx_word' id='word_1_93' title='bbox 291 1476 376 1532; x_wconf 73' lang='grc' dir='ltr'><strong>κ’.</strong></span> <span class='ocrx_word' id='word_1_94' title='bbox 405 1481 514 1533; x_wconf 79' lang='grc' dir='ltr'><strong>Καὶ</strong></span> <span class='ocrx_word' id='word_1_95' title='bbox 555 1483 616 1534; x_wconf 76' lang='grc' dir='ltr'><strong>ού</strong></span> <span class='ocrx_word' id='word_1_96' title='bbox 659 1482 833 1539; x_wconf 75' lang='grc' dir='ltr'>ταῦτα</span> <span class='ocrx_word' id='word_1_97' title='bbox 869 1483 1032 1553; x_wconf 86' lang='grc' dir='ltr'>μόνον</span> <span class='ocrx_word' id='word_1_98' title='bbox 1060 1484 1126 1553; x_wconf 85' lang='grc' dir='ltr'><strong>(ὣ</strong></span> <span class='ocrx_word' id='word_1_99' title='bbox 1167 1482 1442 1554; x_wconf 77' lang='grc' dir='ltr'>μακαρίας</span> <span class='ocrx_word' id='word_1_100' title='bbox 1477 1483 1674 1553; x_wconf 68' lang='grc' dir='ltr'>ὅψεως)</span> <span class='ocrx_word' id='word_1_101' title='bbox 1705 1499 1792 1536; x_wconf 81' lang='grc' dir='ltr'>τε·</span> 
     </span>
    </p>
   </div>
   <div class='ocr_carea' id='block_1_17' title="bbox 220 1569 1789 1648">
    <p class='ocr_par' dir='ltr' id='par_1_17' title="bbox 220 1569 1789 1648">
     <span class='ocr_line' id='line_1_17' title="bbox 220 1569 1789 1648; baseline 0.006 -26"><span class='ocrx_word' id='word_1_102' title='bbox 220 1569 408 1625; x_wconf 80' lang='grc' dir='ltr'>θέαται</span> <span class='ocrx_word' id='word_1_103' title='bbox 433 1574 649 1645; x_wconf 69' lang='grc' dir='ltr'>Δανιὴλ,</span> <span class='ocrx_word' id='word_1_104' title='bbox 676 1576 812 1630; x_wconf 88' lang='grc' dir='ltr'><strong>ἀλλά</strong></span> <span class='ocrx_word' id='word_1_105' title='bbox 840 1577 932 1630; x_wconf 76' lang='grc' dir='ltr'><strong>καὶ</strong></span> <span class='ocrx_word' id='word_1_106' title='bbox 966 1579 1407 1648; x_wconf 79' lang='grc' dir='ltr'>προσευχόμενος</span> <span class='ocrx_word' id='word_1_107' title='bbox 1443 1579 1579 1648; x_wconf 81' lang='grc' dir='ltr'><strong>μετά</strong></span> <span class='ocrx_word' id='word_1_108' title='bbox 1616 1579 1789 1632; x_wconf 78' lang='grc' dir='ltr'>ταῦτα</span> 
     </span>
    </p>
   </div>
   <div class='ocr_carea' id='block_1_18' title="bbox 218 1665 1792 1741">
    <p class='ocr_par' dir='ltr' id='par_1_18' title="bbox 218 1665 1792 1741">
     <span class='ocr_line' id='line_1_18' title="bbox 218 1665 1792 1741; baseline 0.006 -27"><span class='ocrx_word' id='word_1_109' title='bbox 218 1666 312 1716; x_wconf 83' lang='grc' dir='ltr'><strong>καὶ</strong></span> <span class='ocrx_word' id='word_1_110' title='bbox 339 1665 577 1735; x_wconf 75' lang='grc' dir='ltr'>ῥήμασιν</span> <span class='ocrx_word' id='word_1_111' title='bbox 607 1669 1047 1741; x_wconf 70' lang='grc' dir='ltr'>ἑξομολογήσιως</span> <span class='ocrx_word' id='word_1_112' title='bbox 1073 1672 1161 1724; x_wconf 77' lang='grc' dir='ltr'><strong>τὸν</strong></span> <span class='ocrx_word' id='word_1_113' title='bbox 1193 1673 1540 1741; x_wconf 77' lang='grc' dir='ltr'>ὑπεράγαθον</span> <span class='ocrx_word' id='word_1_114' title='bbox 1567 1673 1792 1740; x_wconf 77' lang='grc' dir='ltr'>ἐξευμε-</span> 
     </span>
    </p>
   </div>
   <div class='ocr_carea' id='block_1_19' title="bbox 220 1755 1785 1831">
    <p class='ocr_par' dir='ltr' id='par_1_19' title="bbox 220 1755 1785 1831">
     <span class='ocr_line' id='line_1_19' title="bbox 220 1755 1785 1831; baseline 0.006 -26"><span class='ocrx_word' id='word_1_115' title='bbox 220 1755 495 1825; x_wconf 82' lang='grc' dir='ltr'>νιζόμενος</span> <span class='ocrx_word' id='word_1_116' title='bbox 526 1777 540 1790; x_wconf 92' lang='grc'>·</span> <span class='ocrx_word' id='word_1_117' title='bbox 577 1760 783 1830; x_wconf 84' lang='grc' dir='ltr'>Ἤμην,</span> <span class='ocrx_word' id='word_1_118' title='bbox 842 1763 996 1830; x_wconf 69' lang='grc' dir='ltr'>φησὶ,</span> <span class='ocrx_word' id='word_1_119' title='bbox 1055 1764 1115 1814; x_wconf 77' lang='grc' dir='ltr'><strong>το</strong></span> <span class='ocrx_word' id='word_1_120' title='bbox 1159 1763 1283 1830; x_wconf 80' lang='grc' dir='ltr'>ἑξῆς</span> <span class='ocrx_word' id='word_1_121' title='bbox 1342 1765 1400 1814; x_wconf 86' lang='grc' dir='ltr'>ὲν</span> <span class='ocrx_word' id='word_1_122' title='bbox 1453 1762 1672 1826; x_wconf 83' lang='grc' dir='ltr'>Σούτοις</span> <span class='ocrx_word' id='word_1_123' title='bbox 1721 1765 1785 1831; x_wconf 85' lang='grc' dir='ltr'>τῇ</span> 
     </span>
    </p>
   </div>
   <div class='ocr_carea' id='block_1_20' title="bbox 1891 557 3464 631">
    <p class='ocr_par' dir='ltr' id='par_1_20' title="bbox 1891 557 3464 631">
     <span class='ocr_line' id='line_1_20' title="bbox 1891 557 3464 631; baseline 0.007 -20"><span class='ocrx_word' id='word_1_124' title='bbox 1891 557 2179 612; x_wconf 85' lang='lat' dir='ltr'><strong>honorem.</strong></span> <span class='ocrx_word' id='word_1_125' title='bbox 2201 558 2344 625; x_wconf 86' lang='lat' dir='ltr'><strong>Quin</strong></span> <span class='ocrx_word' id='word_1_126' title='bbox 2378 559 2542 613; x_wconf 89' lang='lat' dir='ltr'><strong>etiam</strong></span> <span class='ocrx_word' id='word_1_127' title='bbox 2579 557 2752 615; x_wconf 90' lang='lat' dir='ltr'><strong>libros</strong></span> <span class='ocrx_word' id='word_1_128' title='bbox 2780 560 2828 613; x_wconf 90' lang='lat' dir='ltr'><strong>ei</strong></span> <span class='ocrx_word' id='word_1_129' title='bbox 2859 576 2978 615; x_wconf 86' lang='lat' dir='ltr'><strong>esse</strong></span> <span class='ocrx_word' id='word_1_130' title='bbox 3014 571 3253 631; x_wconf 88' lang='lat' dir='ltr'><strong>apertos,</strong></span> <span class='ocrx_word' id='word_1_131' title='bbox 3289 574 3343 618; x_wconf 90' lang='lat' dir='ltr'><strong>et</strong></span> <span class='ocrx_word' id='word_1_132' title='bbox 3371 580 3464 622; x_wconf 83' lang='lat' dir='ltr'><strong>oc-</strong></span> 
     </span>
    </p>
   </div>
   <div class='ocr_carea' id='block_1_21' title="bbox 1893 651 3462 716">
    <p class='ocr_par' dir='ltr' id='par_1_21' title="bbox 1893 651 3462 716">
     <span class='ocr_line' id='line_1_21' title="bbox 1893 651 3462 716; baseline 0.005 -12"><span class='ocrx_word' id='word_1_133' title='bbox 1893 651 2039 705; x_wconf 89' lang='lat' dir='ltr'><strong>culta</strong></span> <span class='ocrx_word' id='word_1_134' title='bbox 2078 651 2126 705; x_wconf 89' lang='lat' dir='ltr'><strong>ei</strong></span> <span class='ocrx_word' id='word_1_135' title='bbox 2159 666 2279 706; x_wconf 87' lang='lat' dir='ltr'><strong>esse</strong></span> <span class='ocrx_word' id='word_1_136' title='bbox 2324 652 2636 716; x_wconf 86' lang='lat' dir='ltr'><strong>manifesta,</strong></span> <span class='ocrx_word' id='word_1_137' title='bbox 2672 663 2726 708; x_wconf 90' lang='lat' dir='ltr'><strong>et</strong></span> <span class='ocrx_word' id='word_1_138' title='bbox 2758 655 2946 709; x_wconf 83' lang='lat' dir='ltr'><strong>omnia</strong></span> <span class='ocrx_word' id='word_1_139' title='bbox 2977 658 3192 711; x_wconf 88' lang='lat' dir='ltr'><strong>adstare</strong></span> <span class='ocrx_word' id='word_1_140' title='bbox 3225 658 3370 713; x_wconf 90' lang='lat' dir='ltr'><strong>nuda</strong></span> <span class='ocrx_word' id='word_1_141' title='bbox 3408 668 3462 712; x_wconf 83' lang='lat' dir='ltr'><strong>et</strong></span> 
     </span>
    </p>
   </div>
   <div class='ocr_carea' id='block_1_22' title="bbox 1893 740 3463 815">
    <p class='ocr_par' dir='ltr' id='par_1_22' title="bbox 1893 740 3463 815">
     <span class='ocr_line' id='line_1_22' title="bbox 1893 740 3463 815; baseline 0.006 -20"><span class='ocrx_word' id='word_1_142' title='bbox 1893 740 2107 798; x_wconf 89' lang='lat' dir='ltr'><strong>detecta</strong></span> <span class='ocrx_word' id='word_1_143' title='bbox 2135 760 2148 796; x_wconf 93' lang='lat'>:</span> <span class='ocrx_word' id='word_1_144' title='bbox 2176 752 2232 798; x_wconf 90' lang='lat' dir='ltr'><strong>et</strong></span> <span class='ocrx_word' id='word_1_145' title='bbox 2269 743 2503 798; x_wconf 90' lang='lat' dir='ltr'><strong>aliorum</strong></span> <span class='ocrx_word' id='word_1_146' title='bbox 2543 745 2765 815; x_wconf 90' lang='lat' dir='ltr'><strong>quidem</strong></span> <span class='ocrx_word' id='word_1_147' title='bbox 2816 747 3022 802; x_wconf 82' lang='lat' dir='ltr'><strong>aboleri</strong></span> <span class='ocrx_word' id='word_1_148' title='bbox 3055 757 3380 814; x_wconf 87' lang='lat' dir='ltr'><strong>potestatem</strong></span> <span class='ocrx_word' id='word_1_149' title='bbox 3406 762 3463 805; x_wconf 87' lang='lat' dir='ltr'><strong>et</strong></span> 
     </span>
    </p>
   </div>
   <div class='ocr_carea' id='block_1_23' title="bbox 1894 831 3462 905">
    <p class='ocr_par' dir='ltr' id='par_1_23' title="bbox 1894 831 3462 905">
     <span class='ocr_line' id='line_1_23' title="bbox 1894 831 3462 905; baseline 0.006 -21"><span class='ocrx_word' id='word_1_150' title='bbox 1894 831 2185 900; x_wconf 87' lang='lat' dir='ltr'><strong>imperium</strong></span> <span class='ocrx_word' id='word_1_151' title='bbox 2228 849 2240 884; x_wconf 89' lang='lat'><strong>:</strong></span> <span class='ocrx_word' id='word_1_152' title='bbox 2285 833 2432 886; x_wconf 86' lang='lat' dir='ltr'><strong>illam</strong></span> <span class='ocrx_word' id='word_1_153' title='bbox 2477 843 2659 890; x_wconf 87' lang='lat' dir='ltr'><strong>autem</strong></span> <span class='ocrx_word' id='word_1_154' title='bbox 2691 838 2982 905; x_wconf 81' lang='lat' dir='ltr'><strong>pessimam</strong></span> <span class='ocrx_word' id='word_1_155' title='bbox 3018 837 3245 893; x_wconf 77' lang='lat' dir='ltr'><strong>bestiam</strong></span> <span class='ocrx_word' id='word_1_156' title='bbox 3276 850 3331 894; x_wconf 93' lang='lat' dir='ltr'><strong>et</strong></span> <span class='ocrx_word' id='word_1_157' title='bbox 3358 841 3462 894; x_wconf 88' lang='lat' dir='ltr'><strong>im-</strong></span> 
     </span>
    </p>
   </div>
   <div class='ocr_carea' id='block_1_24' title="bbox 1893 925 3462 998">
    <p class='ocr_par' dir='ltr' id='par_1_24' title="bbox 1893 925 3462 998">
     <span class='ocr_line' id='line_1_24' title="bbox 1893 925 3462 998; baseline 0.008 -23"><span class='ocrx_word' id='word_1_158' title='bbox 1893 925 2168 993; x_wconf 89' lang='lat' dir='ltr'><strong>probitate</strong></span> <span class='ocrx_word' id='word_1_159' title='bbox 2214 926 2729 996; x_wconf 85' lang='lat' dir='ltr'><strong>incomparabilem,</strong></span> <span class='ocrx_word' id='word_1_160' title='bbox 2762 945 2883 998; x_wconf 72' lang='lat' dir='ltr'><strong>quae</strong></span> <span class='ocrx_word' id='word_1_161' title='bbox 2927 931 3094 984; x_wconf 81' lang='lat' dir='ltr'><strong>movit</strong></span> <span class='ocrx_word' id='word_1_162' title='bbox 3130 931 3333 986; x_wconf 89' lang='lat' dir='ltr'><strong>bellum</strong></span> <span class='ocrx_word' id='word_1_163' title='bbox 3366 933 3462 987; x_wconf 90' lang='lat' dir='ltr'><strong>ad-</strong></span> 
     </span>
    </p>
   </div>
   <div class='ocr_carea' id='block_1_25' title="bbox 1893 1020 3466 1092">
    <p class='ocr_par' dir='ltr' id='par_1_25' title="bbox 1893 1020 3466 1092">
     <span class='ocr_line' id='line_1_25' title="bbox 1893 1020 3466 1092; baseline 0.007 -23"><span class='ocrx_word' id='word_1_164' title='bbox 1893 1031 2087 1071; x_wconf 90' lang='lat' dir='ltr'><strong>versus</strong></span> <span class='ocrx_word' id='word_1_165' title='bbox 2149 1027 2393 1080; x_wconf 88' lang='lat' dir='ltr'><strong>sanctos,</strong></span> <span class='ocrx_word' id='word_1_166' title='bbox 2453 1029 2509 1074; x_wconf 84' lang='lat' dir='ltr'><strong>et</strong></span> <span class='ocrx_word' id='word_1_167' title='bbox 2565 1035 2627 1074; x_wconf 92' lang='lat' dir='ltr'><strong>os</strong></span> <span class='ocrx_word' id='word_1_168' title='bbox 2679 1020 2895 1086; x_wconf 84' lang='lat' dir='ltr'><strong>habuit,</strong></span> <span class='ocrx_word' id='word_1_169' title='bbox 2954 1023 3100 1092; x_wconf 90' lang='lat' dir='ltr'><strong>quod</strong></span> <span class='ocrx_word' id='word_1_170' title='bbox 3159 1040 3352 1092; x_wconf 83' lang='lat' dir='ltr'><strong>magna</strong></span> <span class='ocrx_word' id='word_1_171' title='bbox 3408 1035 3466 1080; x_wconf 90' lang='lat' dir='ltr'><strong>et</strong></span> 
     </span>
    </p>
   </div>
   <div class='ocr_carea' id='block_1_26' title="bbox 1893 1109 3460 1180">
    <p class='ocr_par' dir='ltr' id='par_1_26' title="bbox 1893 1109 3460 1180">
     <span class='ocr_line' id='line_1_26' title="bbox 1893 1109 3460 1180; baseline 0.006 -17"><span class='ocrx_word' id='word_1_172' title='bbox 1893 1109 2133 1177; x_wconf 87' lang='lat' dir='ltr'><strong>superba</strong></span> <span class='ocrx_word' id='word_1_173' title='bbox 2183 1110 2534 1180; x_wconf 85' lang='lat' dir='ltr'><strong>loquebatur,</strong></span> <span class='ocrx_word' id='word_1_174' title='bbox 2586 1113 2825 1168; x_wconf 90' lang='lat' dir='ltr'><strong>deletam</strong></span> <span class='ocrx_word' id='word_1_175' title='bbox 2863 1125 2918 1168; x_wconf 90' lang='lat' dir='ltr'><strong>et</strong></span> <span class='ocrx_word' id='word_1_176' title='bbox 2983 1117 3358 1172; x_wconf 89' lang='lat' dir='ltr'><strong>transmissam</strong></span> <span class='ocrx_word' id='word_1_177' title='bbox 3394 1118 3460 1172; x_wconf 82' lang='lat' dir='ltr'><strong>ad</strong></span> 
     </span>
    </p>
   </div>
   <div class='ocr_carea' id='block_1_27' title="bbox 1896 1201 3461 1279">
    <p class='ocr_par' dir='ltr' id='par_1_27' title="bbox 1896 1201 3461 1279">
     <span class='ocr_line' id='line_1_27' title="bbox 1896 1201 3461 1279; baseline 0.008 -26"><span class='ocrx_word' id='word_1_178' title='bbox 1896 1201 2037 1270; x_wconf 87' lang='lat' dir='ltr'><strong>ignis</strong></span> <span class='ocrx_word' id='word_1_179' title='bbox 2081 1201 2592 1274; x_wconf 73' lang='lat' dir='ltr'><strong>conﬂagrationem,</strong></span> <span class='ocrx_word' id='word_1_180' title='bbox 2628 1208 2721 1278; x_wconf 85' lang='lat' dir='ltr'><strong>qui</strong></span> <span class='ocrx_word' id='word_1_181' title='bbox 2756 1223 3038 1278; x_wconf 86' lang='lat' dir='ltr'><strong>nunquam</strong></span> <span class='ocrx_word' id='word_1_182' title='bbox 3070 1210 3461 1279; x_wconf 80' lang='lat' dir='ltr'><strong>exstinguitur.</strong></span> 
     </span>
    </p>
   </div>
   <div class='ocr_carea' id='block_1_28' title="bbox 1891 1292 3465 1374">
    <p class='ocr_par' dir='ltr' id='par_1_28' title="bbox 1891 1292 3465 1374">
     <span class='ocr_line' id='line_1_28' title="bbox 1891 1292 3465 1374; baseline 0.008 -29"><span class='ocrx_word' id='word_1_183' title='bbox 1891 1292 2100 1350; x_wconf 83' lang='lat' dir='ltr'><strong>Deinde</strong></span> <span class='ocrx_word' id='word_1_184' title='bbox 2156 1311 2287 1350; x_wconf 90' lang='lat' dir='ltr'><strong>vero</strong></span> <span class='ocrx_word' id='word_1_185' title='bbox 2338 1299 2680 1368; x_wconf 76' lang='lat' dir='ltr'><strong>maiestatem</strong></span> <span class='ocrx_word' id='word_1_186' title='bbox 2710 1311 2766 1357; x_wconf 89' lang='lat' dir='ltr'><strong>et</strong></span> <span class='ocrx_word' id='word_1_187' title='bbox 2813 1301 3196 1358; x_wconf 88' lang='lat' dir='ltr'><strong>universorum</strong></span> <span class='ocrx_word' id='word_1_188' title='bbox 3233 1320 3465 1374; x_wconf 80' lang='lat' dir='ltr'><strong>regnum</strong></span> 
     </span>
    </p>
   </div>
   <div class='ocr_carea' id='block_1_29' title="bbox 1892 1383 2752 1447">
    <p class='ocr_par' dir='ltr' id='par_1_29' title="bbox 1892 1383 2752 1447">
     <span class='ocr_line' id='line_1_29' title="bbox 1892 1383 2752 1447; baseline 0.012 -10"><span class='ocrx_word' id='word_1_189' title='bbox 1892 1383 2084 1440; x_wconf 89' lang='lat' dir='ltr'><strong>datum</strong></span> <span class='ocrx_word' id='word_1_190' title='bbox 2126 1389 2332 1444; x_wconf 85' lang='lat' dir='ltr'><strong>sanctis</strong></span> <span class='ocrx_word' id='word_1_191' title='bbox 2372 1390 2426 1444; x_wconf 93' lang='lat' dir='ltr'><strong>in</strong></span> <span class='ocrx_word' id='word_1_192' title='bbox 2463 1401 2752 1447; x_wconf 69' lang='lat' dir='ltr'><strong>mternum.</strong></span> 
     </span>
    </p>
   </div>
   <div class='ocr_carea' id='block_1_30' title="bbox 1965 1477 3469 1558">
    <p class='ocr_par' dir='ltr' id='par_1_30' title="bbox 1965 1477 3469 1558">
     <span class='ocr_line' id='line_1_30' title="bbox 1965 1477 3469 1558; baseline 0.011 -28"><span class='ocrx_word' id='word_1_193' title='bbox 1965 1477 2082 1532; x_wconf 79' lang='lat' dir='ltr'><strong>XX.</strong></span> <span class='ocrx_word' id='word_1_194' title='bbox 2122 1480 2310 1551; x_wconf 88' lang='lat' dir='ltr'><strong>Neque</strong></span> <span class='ocrx_word' id='word_1_195' title='bbox 2336 1499 2468 1538; x_wconf 88' lang='lat' dir='ltr'><strong>vero</strong></span> <span class='ocrx_word' id='word_1_196' title='bbox 2494 1484 2607 1540; x_wconf 72' lang='lat' dir='ltr'><strong>haec</strong></span> <span class='ocrx_word' id='word_1_197' title='bbox 2632 1487 2806 1541; x_wconf 89' lang='lat' dir='ltr'><strong>solum</strong></span> <span class='ocrx_word' id='word_1_198' title='bbox 2833 1486 2888 1558; x_wconf 91' lang='grc' dir='ltr'>(ο</span> <span class='ocrx_word' id='word_1_199' title='bbox 2926 1490 3140 1546; x_wconf 86' lang='lat' dir='ltr'><strong>beatam</strong></span> <span class='ocrx_word' id='word_1_200' title='bbox 3171 1491 3469 1555; x_wconf 77' lang='lat' dir='ltr'><strong>visionem)</strong></span> 
     </span>
    </p>
   </div>
   <div class='ocr_carea' id='block_1_31' title="bbox 1893 1570 3466 1651">
    <p class='ocr_par' dir='ltr' id='par_1_31' title="bbox 1893 1570 3466 1651">
     <span class='ocr_line' id='line_1_31' title="bbox 1893 1570 3466 1651; baseline 0.011 -29"><span class='ocrx_word' id='word_1_201' title='bbox 1893 1570 2030 1626; x_wconf 80' lang='lat' dir='ltr'><strong>vidit</strong></span> <span class='ocrx_word' id='word_1_202' title='bbox 2060 1571 2248 1626; x_wconf 87' lang='lat' dir='ltr'><strong>Daniel</strong></span> <span class='ocrx_word' id='word_1_203' title='bbox 2282 1590 2295 1626; x_wconf 77' lang='grc' dir='ltr'><strong>ι</strong></span> <span class='ocrx_word' id='word_1_204' title='bbox 2334 1575 2428 1630; x_wconf 86' lang='lat' dir='ltr'><strong>sed</strong></span> <span class='ocrx_word' id='word_1_205' title='bbox 2483 1591 2648 1632; x_wconf 82' lang='lat' dir='ltr'><strong>orans</strong></span> <span class='ocrx_word' id='word_1_206' title='bbox 2682 1594 2900 1650; x_wconf 91' lang='lat' dir='ltr'><strong>quoque</strong></span> <span class='ocrx_word' id='word_1_207' title='bbox 2945 1592 3154 1651; x_wconf 89' lang='lat' dir='ltr'><strong>postea,</strong></span> <span class='ocrx_word' id='word_1_208' title='bbox 3192 1593 3247 1638; x_wconf 89' lang='lat' dir='ltr'><strong>et</strong></span> <span class='ocrx_word' id='word_1_209' title='bbox 3279 1586 3466 1640; x_wconf 88' lang='lat' dir='ltr'><strong>verbis</strong></span> 
     </span>
    </p>
   </div>
   <div class='ocr_carea' id='block_1_32' title="bbox 1893 1660 3460 1739">
    <p class='ocr_par' dir='ltr' id='par_1_32' title="bbox 1893 1660 3460 1739">
     <span class='ocr_line' id='line_1_32' title="bbox 1893 1660 3460 1739; baseline 0.012 -26"><span class='ocrx_word' id='word_1_210' title='bbox 1893 1660 2258 1718; x_wconf 89' lang='lat' dir='ltr'><strong>confessionis</strong></span> <span class='ocrx_word' id='word_1_211' title='bbox 2287 1665 2507 1734; x_wconf 87' lang='lat' dir='ltr'><strong>placans</strong></span> <span class='ocrx_word' id='word_1_212' title='bbox 2555 1683 2680 1722; x_wconf 90' lang='lat' dir='ltr'><strong>eum</strong></span> <span class='ocrx_word' id='word_1_213' title='bbox 2729 1670 2824 1739; x_wconf 89' lang='lat' dir='ltr'><strong>qui</strong></span> <span class='ocrx_word' id='word_1_214' title='bbox 2871 1680 2954 1725; x_wconf 93' lang='lat' dir='ltr'><strong>est</strong></span> <span class='ocrx_word' id='word_1_215' title='bbox 2990 1688 3202 1730; x_wconf 89' lang='lat' dir='ltr'><strong>summe</strong></span> <span class='ocrx_word' id='word_1_216' title='bbox 3239 1675 3418 1730; x_wconf 89' lang='lat' dir='ltr'><strong>bonus</strong></span> <span class='ocrx_word' id='word_1_217' title='bbox 3449 1696 3460 1730; x_wconf 94' lang='lat'><strong>:</strong></span> 
     </span>
    </p>
   </div>
   <div class='ocr_carea' id='block_1_33' title="bbox 1895 1742 3468 1839">
    <p class='ocr_par' dir='ltr' id='par_1_33' title="bbox 1895 1742 3468 1839">
     <span class='ocr_line' id='line_1_33' title="bbox 1895 1742 3468 1839; baseline 0.013 -35"><span class='ocrx_word' id='word_1_218' title='bbox 1895 1742 2077 1816; x_wconf 82' lang='lat' dir='ltr'><strong>Eram,</strong></span> <span class='ocrx_word' id='word_1_219' title='bbox 2116 1754 2315 1824; x_wconf 85' lang='lat' dir='ltr'><strong>inquit,</strong></span> <span class='ocrx_word' id='word_1_220' title='bbox 2353 1758 2636 1829; x_wconf 88' lang='lat' dir='ltr'><strong>deinceps,</strong></span> <span class='ocrx_word' id='word_1_221' title='bbox 2671 1761 2846 1826; x_wconf 88' lang='lat' dir='ltr'><strong>Susis,</strong></span> <span class='ocrx_word' id='word_1_222' title='bbox 2891 1780 3013 1835; x_wconf 71' lang='lat' dir='ltr'><strong>qua:</strong></span> <span class='ocrx_word' id='word_1_223' title='bbox 3033 1775 3117 1822; x_wconf 67' lang='grc' dir='ltr'>θα</span> <span class='ocrx_word' id='word_1_224' title='bbox 3148 1771 3468 1839; x_wconf 84' lang='lat' dir='ltr'><strong>metropolis</strong></span> 
     </span>
    </p>
   </div>
   <div class='ocr_carea' id='block_1_34' title="bbox 221 1843 1794 1928">
    <p class='ocr_par' dir='ltr' id='par_1_34' title="bbox 221 1848 1785 1920">
     <span class='ocr_line' id='line_1_34' title="bbox 221 1848 1785 1920; baseline 0.005 -24"><span class='ocrx_word' id='word_1_225' title='bbox 221 1848 556 1915; x_wconf 79' lang='grc' dir='ltr'>μητροπόλει</span> <span class='ocrx_word' id='word_1_226' title='bbox 593 1849 876 1920; x_wconf 86' lang='grc' dir='ltr'>Περσίδος,</span> <span class='ocrx_word' id='word_1_227' title='bbox 914 1851 1009 1904; x_wconf 75' lang='grc' dir='ltr'><strong>καὶ</strong></span> <span class='ocrx_word' id='word_1_228' title='bbox 1037 1852 1109 1915; x_wconf 81' lang='grc' dir='ltr'>ὡς</span> <span class='ocrx_word' id='word_1_229' title='bbox 1143 1851 1368 1919; x_wconf 77' lang='grc' dir='ltr'>ἐξῆλθον</span> <span class='ocrx_word' id='word_1_230' title='bbox 1395 1853 1475 1914; x_wconf 84' lang='grc' dir='ltr'><strong>είς</strong></span> <span class='ocrx_word' id='word_1_231' title='bbox 1508 1852 1569 1905; x_wconf 81' lang='grc' dir='ltr'>τὸ</span> <span class='ocrx_word' id='word_1_232' title='bbox 1601 1853 1785 1906; x_wconf 78' lang='grc' dir='ltr'>πεδίον</span> 
     </span>
    </p>
   </div>
   <div class='ocr_carea' id='block_1_35' title="bbox 1897 1843 3465 1928">
    <p class='ocr_par' dir='ltr' id='par_1_35' title="bbox 1897 1843 3465 1928">
     <span class='ocr_line' id='line_1_35' title="bbox 1897 1843 3465 1928; baseline 0.011 -31"><span class='ocrx_word' id='word_1_233' title='bbox 1897 1843 2152 1910; x_wconf 89' lang='lat' dir='ltr'><strong>Persidis,</strong></span> <span class='ocrx_word' id='word_1_234' title='bbox 2204 1856 2260 1900; x_wconf 89' lang='lat' dir='ltr'><strong>et</strong></span> <span class='ocrx_word' id='word_1_235' title='bbox 2311 1857 2598 1920; x_wconf 85' lang='lat' dir='ltr'><strong>postquam</strong></span> <span class='ocrx_word' id='word_1_236' title='bbox 2653 1866 2908 1922; x_wconf 87' lang='lat' dir='ltr'><strong>egressus</strong></span> <span class='ocrx_word' id='word_1_237' title='bbox 2954 1871 3075 1910; x_wconf 90' lang='lat' dir='ltr'><strong>sum</strong></span> <span class='ocrx_word' id='word_1_238' title='bbox 3123 1858 3176 1914; x_wconf 90' lang='lat' dir='ltr'><strong>in</strong></span> <span class='ocrx_word' id='word_1_239' title='bbox 3213 1875 3465 1928; x_wconf 86' lang='lat' dir='ltr'><strong>campum</strong></span> 
     </span>
    </p>
   </div>
   <div class='ocr_carea' id='block_1_36' title="bbox 221 1938 1782 2014">
    <p class='ocr_par' dir='ltr' id='par_1_36' title="bbox 221 1938 1782 2014">
     <span class='ocr_line' id='line_1_36' title="bbox 221 1938 1782 2014; baseline 0.006 -26"><span class='ocrx_word' id='word_1_240' title='bbox 221 1938 360 2006; x_wconf 71' lang='grc' dir='ltr'>μετὰ</span> <span class='ocrx_word' id='word_1_241' title='bbox 389 1941 482 1992; x_wconf 75' lang='grc' dir='ltr'><strong>καὶ</strong></span> <span class='ocrx_word' id='word_1_242' title='bbox 515 1939 623 1995; x_wconf 87' lang='grc' dir='ltr'><strong>τῶν</strong></span> <span class='ocrx_word' id='word_1_243' title='bbox 656 1941 910 2014; x_wconf 78' lang='grc' dir='ltr'>ἑταίρων,</span> <span class='ocrx_word' id='word_1_244' title='bbox 943 1943 1051 1997; x_wconf 84' lang='grc' dir='ltr'>ἰδοὺ</span> <span class='ocrx_word' id='word_1_245' title='bbox 1084 1945 1307 2014; x_wconf 72' lang='grc' dir='ltr'>σεισμὸς</span> <span class='ocrx_word' id='word_1_246' title='bbox 1337 1944 1508 2014; x_wconf 81' lang='grc' dir='ltr'>μέγας</span> <span class='ocrx_word' id='word_1_247' title='bbox 1535 1945 1750 2012; x_wconf 78' lang='grc' dir='ltr'>ἐγένετο</span> <span class='ocrx_word' id='word_1_248' title='bbox 1770 1963 1782 1975; x_wconf 92' lang='grc'><strong>·</strong></span> 
     </span>
    </p>
   </div>
   <div class='ocr_carea' id='block_1_37' title="bbox 218 2036 1788 2111">
    <p class='ocr_par' dir='ltr' id='par_1_37' title="bbox 218 2036 1788 2111">
     <span class='ocr_line' id='line_1_37' title="bbox 218 2036 1788 2111; baseline 0.007 -27"><span class='ocrx_word' id='word_1_249' title='bbox 218 2036 313 2086; x_wconf 79' lang='grc' dir='ltr'>καὶ</span> <span class='ocrx_word' id='word_1_250' title='bbox 359 2036 642 2105; x_wconf 77' lang='grc' dir='ltr'><strong>φυγόντων</strong></span> <span class='ocrx_word' id='word_1_251' title='bbox 692 2040 800 2092; x_wconf 86' lang='grc' dir='ltr'><strong>τῶν</strong></span> <span class='ocrx_word' id='word_1_252' title='bbox 850 2040 946 2093; x_wconf 77' lang='grc' dir='ltr'><strong>σὺν</strong></span> <span class='ocrx_word' id='word_1_253' title='bbox 990 2042 1136 2109; x_wconf 73' lang='grc' dir='ltr'>ἐμοὶ,</span> <span class='ocrx_word' id='word_1_254' title='bbox 1191 2041 1351 2110; x_wconf 89' lang='grc' dir='ltr'>μόνος</span> <span class='ocrx_word' id='word_1_255' title='bbox 1393 2041 1788 2111; x_wconf 83' lang='grc' dir='ltr'>ἀπολέλειμμαι</span> 
     </span>
    </p>
   </div>
   <div class='ocr_carea' id='block_1_38' title="bbox 216 2125 1790 2202">
    <p class='ocr_par' dir='ltr' id='par_1_38' title="bbox 216 2125 1790 2202">
     <span class='ocr_line' id='line_1_38' title="bbox 216 2125 1790 2202; baseline 0.007 -27"><span class='ocrx_word' id='word_1_256' title='bbox 216 2125 364 2177; x_wconf 85' lang='grc' dir='ltr'><strong>κατά</strong></span> <span class='ocrx_word' id='word_1_257' title='bbox 413 2126 587 2197; x_wconf 84' lang='grc' dir='ltr'>στόμα</span> <span class='ocrx_word' id='word_1_258' title='bbox 649 2129 855 2191; x_wconf 73' lang='grc' dir='ltr'>πεσών.</span> <span class='ocrx_word' id='word_1_259' title='bbox 891 2130 1000 2184; x_wconf 78' lang='grc' dir='ltr'><strong>Καὶ</strong></span> <span class='ocrx_word' id='word_1_260' title='bbox 1045 2131 1153 2184; x_wconf 76' lang='grc' dir='ltr'>ἰδού</span> <span class='ocrx_word' id='word_1_261' title='bbox 1193 2149 1276 2194; x_wconf 82' lang='grc' dir='ltr'><strong>τις</strong></span> <span class='ocrx_word' id='word_1_262' title='bbox 1329 2131 1576 2201; x_wconf 78' lang='grc' dir='ltr'>ἑστηκὼς</span> <span class='ocrx_word' id='word_1_263' title='bbox 1615 2133 1790 2202; x_wconf 68' lang='grc' dir='ltr'>ἣψατό</span> 
     </span>
    </p>
   </div>
   <div class='ocr_carea' id='block_1_39' title="bbox 221 2218 1790 2294">
    <p class='ocr_par' dir='ltr' id='par_1_39' title="bbox 221 2218 1790 2294">
     <span class='ocr_line' id='line_1_39' title="bbox 221 2218 1790 2294; baseline 0.007 -28"><span class='ocrx_word' id='word_1_264' title='bbox 221 2233 325 2285; x_wconf 71' lang='grc' dir='ltr'><strong>μου</strong></span> <span class='ocrx_word' id='word_1_265' title='bbox 358 2218 451 2272; x_wconf 73' lang='grc' dir='ltr'>καὶ</span> <span class='ocrx_word' id='word_1_266' title='bbox 481 2220 746 2290; x_wconf 83' lang='grc' dir='ltr'>ἀνέστησε</span> <span class='ocrx_word' id='word_1_267' title='bbox 776 2223 870 2275; x_wconf 75' lang='grc' dir='ltr'>καὶ</span> <span class='ocrx_word' id='word_1_268' title='bbox 899 2225 965 2276; x_wconf 87' lang='grc' dir='ltr'><strong>τά</strong></span> <span class='ocrx_word' id='word_1_269' title='bbox 995 2223 1257 2292; x_wconf 86' lang='grc' dir='ltr'>μέλλοντα</span> <span class='ocrx_word' id='word_1_270' title='bbox 1284 2224 1658 2294; x_wconf 74' lang='grc' dir='ltr'>συμϐήσεσθαι</span> <span class='ocrx_word' id='word_1_271' title='bbox 1679 2228 1790 2289; x_wconf 87' lang='grc' dir='ltr'>τοῖς</span> 
     </span>
    </p>
   </div>
   <div class='ocr_carea' id='block_1_40' title="bbox 217 2310 1788 2388">
    <p class='ocr_par' dir='ltr' id='par_1_40' title="bbox 217 2310 1788 2388">
     <span class='ocr_line' id='line_1_40' title="bbox 217 2310 1788 2388; baseline 0.01 -28"><span class='ocrx_word' id='word_1_272' title='bbox 217 2310 466 2374; x_wconf 81' lang='grc' dir='ltr'>πολίταις</span> <span class='ocrx_word' id='word_1_273' title='bbox 499 2315 641 2381; x_wconf 82' lang='grc' dir='ltr'><strong>μετά</strong></span> <span class='ocrx_word' id='word_1_274' title='bbox 673 2316 874 2380; x_wconf 81' lang='grc' dir='ltr'>πολλὰς</span> <span class='ocrx_word' id='word_1_275' title='bbox 924 2317 1056 2380; x_wconf 78' lang='grc' dir='ltr'>ὅσας</span> <span class='ocrx_word' id='word_1_276' title='bbox 1090 2316 1526 2388; x_wconf 81' lang='grc' dir='ltr'>ὲμυσταγώγησε</span> <span class='ocrx_word' id='word_1_277' title='bbox 1575 2321 1788 2388; x_wconf 81' lang='grc' dir='ltr'>γενεάς.</span> 
     </span>
    </p>
   </div>
   <div class='ocr_carea' id='block_1_41' title="bbox 221 2399 1792 2483">
    <p class='ocr_par' dir='ltr' id='par_1_41' title="bbox 221 2399 1792 2483">
     <span class='ocr_line' id='line_1_41' title="bbox 221 2399 1792 2483; baseline 0.006 -29"><span class='ocrx_word' id='word_1_278' title='bbox 221 2401 349 2454; x_wconf 79' lang='grc' dir='ltr'>Ὄδε</span> <span class='ocrx_word' id='word_1_279' title='bbox 384 2404 492 2473; x_wconf 82' lang='grc' dir='ltr'><strong>ἀρα</strong></span> <span class='ocrx_word' id='word_1_280' title='bbox 520 2399 674 2470; x_wconf 78' lang='grc' dir='ltr'>οὗτος</span> <span class='ocrx_word' id='word_1_281' title='bbox 721 2403 788 2478; x_wconf 82' lang='grc' dir='ltr'>ἦν</span> <span class='ocrx_word' id='word_1_282' title='bbox 831 2411 859 2462; x_wconf 85' lang='grc' dir='ltr'><strong>ό</strong></span> <span class='ocrx_word' id='word_1_283' title='bbox 895 2411 1070 2480; x_wconf 78' lang='grc' dir='ltr'>μέγας</span> <span class='ocrx_word' id='word_1_284' title='bbox 1101 2413 1196 2465; x_wconf 72' lang='grc' dir='ltr'><strong>καὶ</strong></span> <span class='ocrx_word' id='word_1_285' title='bbox 1224 2411 1531 2483; x_wconf 81' lang='grc' dir='ltr'>πρώτιστος</span> <span class='ocrx_word' id='word_1_286' title='bbox 1564 2412 1671 2467; x_wconf 81' lang='grc' dir='ltr'>τῶν</span> <span class='ocrx_word' id='word_1_287' title='bbox 1702 2413 1792 2466; x_wconf 79' lang='grc' dir='ltr'>ού-</span> 
     </span>
    </p>
   </div>
   <div class='ocr_carea' id='block_1_42' title="bbox 218 2498 1793 2576">
    <p class='ocr_par' dir='ltr' id='par_1_42' title="bbox 218 2498 1793 2576">
     <span class='ocr_line' id='line_1_42' title="bbox 218 2498 1793 2576; baseline 0.005 -25"><span class='ocrx_word' id='word_1_288' title='bbox 218 2498 424 2567; x_wconf 87' lang='grc' dir='ltr'>ρανίων</span> <span class='ocrx_word' id='word_1_289' title='bbox 456 2499 742 2572; x_wconf 75' lang='grc' dir='ltr'>δυνάμεων</span> <span class='ocrx_word' id='word_1_290' title='bbox 768 2503 1033 2574; x_wconf 77' lang='grc' dir='ltr'>Γαῦριὴλ,</span> <span class='ocrx_word' id='word_1_291' title='bbox 1067 2507 1125 2567; x_wconf 84' lang='grc' dir='ltr'>ὃς</span> <span class='ocrx_word' id='word_1_292' title='bbox 1175 2507 1268 2557; x_wconf 82' lang='grc' dir='ltr'><strong>καὶ</strong></span> <span class='ocrx_word' id='word_1_293' title='bbox 1315 2507 1612 2560; x_wconf 81' lang='grc' dir='ltr'>ἀναστάντι</span> <span class='ocrx_word' id='word_1_294' title='bbox 1643 2505 1793 2576; x_wconf 88' lang='grc' dir='ltr'>αύτῷ</span> 
     </span>
    </p>
   </div>
   <div class='ocr_carea' id='block_1_43' title="bbox 215 2591 1794 2668">
    <p class='ocr_par' dir='ltr' id='par_1_43' title="bbox 215 2591 1794 2668">
     <span class='ocr_line' id='line_1_43' title="bbox 215 2591 1794 2668; baseline 0.004 -24"><span class='ocrx_word' id='word_1_295' title='bbox 215 2591 499 2662; x_wconf 75' lang='grc' dir='ltr'>δειχθῆναι</span> <span class='ocrx_word' id='word_1_296' title='bbox 548 2598 702 2662; x_wconf 68' lang='grc' dir='ltr'>κριὸν</span> <span class='ocrx_word' id='word_1_297' title='bbox 739 2595 1002 2664; x_wconf 79' lang='grc' dir='ltr'>ἐσήμαινε</span> <span class='ocrx_word' id='word_1_298' title='bbox 1043 2597 1244 2664; x_wconf 60' lang='grc' dir='ltr'>μέγαν,</span> <span class='ocrx_word' id='word_1_299' title='bbox 1278 2596 1450 2649; x_wconf 84' lang='grc' dir='ltr'>πολλά</span> <span class='ocrx_word' id='word_1_300' title='bbox 1482 2597 1582 2668; x_wconf 81' lang='grc' dir='ltr'>μὲν</span> <span class='ocrx_word' id='word_1_301' title='bbox 1627 2599 1794 2651; x_wconf 78' lang='grc' dir='ltr'>ἔκπε-</span> 
     </span>
    </p>
   </div>
   <div class='ocr_carea' id='block_1_44' title="bbox 218 2684 1793 2761">
    <p class='ocr_par' dir='ltr' id='par_1_44' title="bbox 218 2684 1793 2761">
     <span class='ocr_line' id='line_1_44' title="bbox 218 2684 1793 2761; baseline 0.006 -26"><span class='ocrx_word' id='word_1_302' title='bbox 218 2685 434 2751; x_wconf 67' lang='grc' dir='ltr'>φυκόντα</span> <span class='ocrx_word' id='word_1_303' title='bbox 465 2684 693 2753; x_wconf 77' lang='grc' dir='ltr'>κέρατα,</span> <span class='ocrx_word' id='word_1_304' title='bbox 722 2687 1033 2741; x_wconf 89' lang='grc' dir='ltr'>τελευταῖον</span> <span class='ocrx_word' id='word_1_305' title='bbox 1075 2689 1130 2741; x_wconf 82' lang='grc' dir='ltr'>δὲ</span> <span class='ocrx_word' id='word_1_306' title='bbox 1166 2688 1331 2743; x_wconf 79' lang='grc' dir='ltr'>αὑτὸν</span> <span class='ocrx_word' id='word_1_307' title='bbox 1367 2689 1424 2744; x_wconf 84' lang='grc' dir='ltr'>ἓν</span> <span class='ocrx_word' id='word_1_308' title='bbox 1459 2690 1793 2761; x_wconf 68' lang='grc' dir='ltr'>ὑψηλότερον</span> 
     </span>
    </p>
   </div>
   <div class='ocr_carea' id='block_1_45' title="bbox 218 2775 1796 2852">
    <p class='ocr_par' dir='ltr' id='par_1_45' title="bbox 218 2775 1796 2852">
     <span class='ocr_line' id='line_1_45' title="bbox 218 2775 1796 2852; baseline 0.006 -26"><span class='ocrx_word' id='word_1_309' title='bbox 218 2775 412 2845; x_wconf 69' lang='grc' dir='ltr'>ἔχοντα</span> <span class='ocrx_word' id='word_1_310' title='bbox 440 2791 456 2806; x_wconf 88' lang='grc'><strong>·</strong></span> <span class='ocrx_word' id='word_1_311' title='bbox 501 2775 695 2830; x_wconf 75' lang='grc' dir='ltr'>ἔπειτα</span> <span class='ocrx_word' id='word_1_312' title='bbox 725 2777 1036 2849; x_wconf 74' lang='grc' dir='ltr'>ἀναϐλέψας</span> <span class='ocrx_word' id='word_1_313' title='bbox 1070 2781 1170 2850; x_wconf 79' lang='grc' dir='ltr'><strong>μὲν</strong></span> <span class='ocrx_word' id='word_1_314' title='bbox 1211 2784 1290 2845; x_wconf 82' lang='grc' dir='ltr'>εἰς</span> <span class='ocrx_word' id='word_1_315' title='bbox 1318 2781 1420 2852; x_wconf 75' lang='grc' dir='ltr'>τὴν</span> <span class='ocrx_word' id='word_1_316' title='bbox 1449 2784 1634 2848; x_wconf 89' lang='grc' dir='ltr'>Δύσιν,</span> <span class='ocrx_word' id='word_1_317' title='bbox 1669 2783 1796 2837; x_wconf 82' lang='grc' dir='ltr'>θεά-</span> 
     </span>
    </p>
   </div>
   <div class='ocr_carea' id='block_1_46' title="bbox 218 2866 1788 2945">
    <p class='ocr_par' dir='ltr' id='par_1_46' title="bbox 218 2866 1788 2945">
     <span class='ocr_line' id='line_1_46' title="bbox 218 2866 1788 2945; baseline 0.006 -26"><span class='ocrx_word' id='word_1_318' title='bbox 218 2866 420 2920; x_wconf 85' lang='grc' dir='ltr'>σασθαι</span> <span class='ocrx_word' id='word_1_319' title='bbox 468 2867 667 2938; x_wconf 77' lang='grc' dir='ltr'>τράγον</span> <span class='ocrx_word' id='word_1_320' title='bbox 707 2871 810 2941; x_wconf 71' lang='grc' dir='ltr'><strong>ἔφη</strong></span> <span class='ocrx_word' id='word_1_321' title='bbox 849 2871 942 2924; x_wconf 86' lang='grc' dir='ltr'>ἀπ’</span> <span class='ocrx_word' id='word_1_322' title='bbox 972 2873 1142 2942; x_wconf 80' lang='grc' dir='ltr'>αὐτῆς</span> <span class='ocrx_word' id='word_1_323' title='bbox 1169 2872 1236 2925; x_wconf 87' lang='grc' dir='ltr'>δι’</span> <span class='ocrx_word' id='word_1_324' title='bbox 1273 2872 1433 2943; x_wconf 74' lang='grc' dir='ltr'>ἀέρος</span> <span class='ocrx_word' id='word_1_325' title='bbox 1469 2875 1788 2945; x_wconf 79' lang='grc' dir='ltr'>φερόμενον·</span> 
     </span>
    </p>
   </div>
   <div class='ocr_carea' id='block_1_47' title="bbox 220 2961 1792 3038">
    <p class='ocr_par' dir='ltr' id='par_1_47' title="bbox 220 2961 1792 3038">
     <span class='ocr_line' id='line_1_47' title="bbox 220 2961 1792 3038; baseline 0.006 -26"><span class='ocrx_word' id='word_1_326' title='bbox 220 2961 563 3031; x_wconf 76' lang='grc' dir='ltr'>συρράξαντα</span> <span class='ocrx_word' id='word_1_327' title='bbox 594 2963 651 3015; x_wconf 76' lang='grc' dir='ltr'>δὲ</span> <span class='ocrx_word' id='word_1_328' title='bbox 691 2963 772 3032; x_wconf 83' lang='grc' dir='ltr'>τῷ</span> <span class='ocrx_word' id='word_1_329' title='bbox 803 2965 942 3034; x_wconf 89' lang='grc' dir='ltr'>κριῷ</span> <span class='ocrx_word' id='word_1_330' title='bbox 975 2967 1206 3028; x_wconf 70' lang='grc' dir='ltr'>καὶτοῖς</span> <span class='ocrx_word' id='word_1_331' title='bbox 1242 2967 1437 3037; x_wconf 83' lang='grc' dir='ltr'>κέρασι</span> <span class='ocrx_word' id='word_1_332' title='bbox 1472 2967 1792 3038; x_wconf 81' lang='grc' dir='ltr'>κυρίξαντα,</span> 
     </span>
    </p>
   </div>
   <div class='ocr_carea' id='block_1_48' title="bbox 215 3051 1794 3131">
    <p class='ocr_par' dir='ltr' id='par_1_48' title="bbox 215 3051 1794 3131">
     <span class='ocr_line' id='line_1_48' title="bbox 215 3051 1794 3131; baseline 0.008 -29"><span class='ocrx_word' id='word_1_333' title='bbox 215 3051 301 3114; x_wconf 63' lang='grc' dir='ltr'><strong>δὶς</strong></span> <span class='ocrx_word' id='word_1_334' title='bbox 324 3054 650 3108; x_wconf 75' lang='grc' dir='ltr'>καταϐαλεῖν</span> <span class='ocrx_word' id='word_1_335' title='bbox 670 3057 833 3108; x_wconf 75' lang='grc' dir='ltr'>αὑτὸν</span> <span class='ocrx_word' id='word_1_336' title='bbox 859 3060 950 3109; x_wconf 70' lang='grc' dir='ltr'><strong>ἐπὶ</strong></span> <span class='ocrx_word' id='word_1_337' title='bbox 985 3061 1089 3128; x_wconf 73' lang='grc' dir='ltr'>γῆν</span> <span class='ocrx_word' id='word_1_338' title='bbox 1121 3061 1212 3131; x_wconf 66' lang='grc' dir='ltr'><strong>καὶ</strong></span> <span class='ocrx_word' id='word_1_339' title='bbox 1243 3061 1486 3130; x_wconf 81' lang='grc' dir='ltr'>πατῆσαι</span> <span class='ocrx_word' id='word_1_340' title='bbox 1510 3077 1526 3094; x_wconf 80' lang='grc' dir='ltr'><strong>ο</strong></span> <span class='ocrx_word' id='word_1_341' title='bbox 1555 3057 1672 3114; x_wconf 78' lang='grc' dir='ltr'>εἶτα</span> <span class='ocrx_word' id='word_1_342' title='bbox 1702 3059 1794 3114; x_wconf 81' lang='grc' dir='ltr'><strong>τὸν</strong></span> 
     </span>
    </p>
   </div>
   <div class='ocr_carea' id='block_1_49' title="bbox 217 3143 1792 3219">
    <p class='ocr_par' dir='ltr' id='par_1_49' title="bbox 217 3143 1792 3219">
     <span class='ocr_line' id='line_1_49' title="bbox 217 3143 1792 3219; baseline 0.008 -26"><span class='ocrx_word' id='word_1_343' title='bbox 217 3143 422 3210; x_wconf 81' lang='grc' dir='ltr'>τράγον</span> <span class='ocrx_word' id='word_1_344' title='bbox 465 3143 592 3196; x_wconf 81' lang='grc' dir='ltr'>ίδεϊν</span> <span class='ocrx_word' id='word_1_345' title='bbox 647 3146 711 3197; x_wconf 74' lang='grc' dir='ltr'>ἐκ</span> <span class='ocrx_word' id='word_1_346' title='bbox 749 3145 840 3199; x_wconf 82' lang='grc' dir='ltr'>τοῦ</span> <span class='ocrx_word' id='word_1_347' title='bbox 878 3147 1132 3216; x_wconf 79' lang='grc' dir='ltr'>μετώπου</span> <span class='ocrx_word' id='word_1_348' title='bbox 1189 3149 1454 3218; x_wconf 82' lang='grc' dir='ltr'>μέγιστον</span> <span class='ocrx_word' id='word_1_349' title='bbox 1508 3150 1792 3219; x_wconf 80' lang='grc' dir='ltr'>ἀναφύντα</span> 
     </span>
    </p>
   </div>
   <div class='ocr_carea' id='block_1_50' title="bbox 1891 1935 3468 2019">
    <p class='ocr_par' dir='ltr' id='par_1_50' title="bbox 1891 1935 3468 2019">
     <span class='ocr_line' id='line_1_50' title="bbox 1891 1935 3468 2019; baseline 0.012 -30"><span class='ocrx_word' id='word_1_350' title='bbox 1891 1950 2017 1989; x_wconf 91' lang='lat' dir='ltr'><strong>cum</strong></span> <span class='ocrx_word' id='word_1_351' title='bbox 2069 1935 2456 2000; x_wconf 84' lang='lat' dir='ltr'><strong>familiaribus.</strong></span> <span class='ocrx_word' id='word_1_352' title='bbox 2505 1958 2634 1998; x_wconf 88' lang='lat' dir='ltr'><strong>ecce</strong></span> <span class='ocrx_word' id='word_1_353' title='bbox 2665 1944 2840 2000; x_wconf 88' lang='lat' dir='ltr'><strong>factus</strong></span> <span class='ocrx_word' id='word_1_354' title='bbox 2893 1955 2974 2001; x_wconf 85' lang='lat' dir='ltr'><strong>cst</strong></span> <span class='ocrx_word' id='word_1_355' title='bbox 3023 1964 3253 2019; x_wconf 87' lang='lat' dir='ltr'><strong>magnus</strong></span> <span class='ocrx_word' id='word_1_356' title='bbox 3308 1962 3468 2008; x_wconf 74' lang='lat' dir='ltr'><strong>terra:</strong></span> 
     </span>
    </p>
   </div>
   <div class='ocr_carea' id='block_1_51' title="bbox 1892 2031 3466 2109">
    <p class='ocr_par' dir='ltr' id='par_1_51' title="bbox 1892 2031 3466 2109">
     <span class='ocr_line' id='line_1_51' title="bbox 1892 2031 3466 2109; baseline 0.013 -27"><span class='ocrx_word' id='word_1_357' title='bbox 1892 2037 2096 2094; x_wconf 89' lang='lat' dir='ltr'><strong>motus,</strong></span> <span class='ocrx_word' id='word_1_358' title='bbox 2134 2040 2189 2084; x_wconf 92' lang='lat' dir='ltr'><strong>et</strong></span> <span class='ocrx_word' id='word_1_359' title='bbox 2223 2031 2562 2104; x_wconf 80' lang='lat' dir='ltr'><strong>fugientibus</strong></span> <span class='ocrx_word' id='word_1_360' title='bbox 2598 2037 2667 2091; x_wconf 88' lang='lat' dir='ltr'><strong>iis</strong></span> <span class='ocrx_word' id='word_1_361' title='bbox 2716 2039 2810 2107; x_wconf 89' lang='lat' dir='ltr'><strong>qui</strong></span> <span class='ocrx_word' id='word_1_362' title='bbox 2861 2055 3076 2096; x_wconf 89' lang='lat' dir='ltr'><strong>mecum</strong></span> <span class='ocrx_word' id='word_1_363' title='bbox 3113 2055 3294 2109; x_wconf 87' lang='lat' dir='ltr'><strong>erant,</strong></span> <span class='ocrx_word' id='word_1_364' title='bbox 3337 2048 3466 2101; x_wconf 90' lang='lat' dir='ltr'><strong>reli-</strong></span> 
     </span>
    </p>
   </div>
   <div class='ocr_carea' id='block_1_52' title="bbox 1891 2125 3469 2208">
    <p class='ocr_par' dir='ltr' id='par_1_52' title="bbox 1891 2125 3469 2208">
     <span class='ocr_line' id='line_1_52' title="bbox 1891 2125 3469 2208; baseline 0.014 -35"><span class='ocrx_word' id='word_1_365' title='bbox 1891 2132 2013 2175; x_wconf 83' lang='lat' dir='ltr'><strong>cws</strong></span> <span class='ocrx_word' id='word_1_366' title='bbox 2038 2137 2157 2177; x_wconf 92' lang='lat' dir='ltr'><strong>sum</strong></span> <span class='ocrx_word' id='word_1_367' title='bbox 2199 2125 2367 2180; x_wconf 86' lang='lat' dir='ltr'><strong>solus.</strong></span> <span class='ocrx_word' id='word_1_368' title='bbox 2396 2127 2461 2181; x_wconf 81' lang='lat' dir='ltr'><strong>Et</strong></span> <span class='ocrx_word' id='word_1_369' title='bbox 2480 2143 2609 2183; x_wconf 90' lang='lat' dir='ltr'><strong>ecce</strong></span> <span class='ocrx_word' id='word_1_370' title='bbox 2641 2130 2864 2200; x_wconf 88' lang='lat' dir='ltr'><strong>quidam</strong></span> <span class='ocrx_word' id='word_1_371' title='bbox 2897 2142 3050 2190; x_wconf 89' lang='lat' dir='ltr'><strong>stans</strong></span> <span class='ocrx_word' id='word_1_372' title='bbox 3080 2151 3166 2191; x_wconf 90' lang='lat' dir='ltr'><strong>me</strong></span> <span class='ocrx_word' id='word_1_373' title='bbox 3199 2127 3469 2208; x_wconf 35' lang='lat' dir='ltr'><strong>tetigi‘t,et</strong></span> 
     </span>
    </p>
   </div>
   <div class='ocr_carea' id='block_1_53' title="bbox 1890 2208 3469 2300">
    <p class='ocr_par' dir='ltr' id='par_1_53' title="bbox 1890 2208 3469 2300">
     <span class='ocr_line' id='line_1_53' title="bbox 1890 2208 3469 2300; baseline 0.015 -37"><span class='ocrx_word' id='word_1_374' title='bbox 1890 2208 2022 2264; x_wconf 89' lang='lat' dir='ltr'><strong>fecit</strong></span> <span class='ocrx_word' id='word_1_375' title='bbox 2052 2229 2280 2284; x_wconf 82' lang='lat' dir='ltr'><strong>surgere</strong></span> <span class='ocrx_word' id='word_1_376' title='bbox 2312 2235 2325 2270; x_wconf 93' lang='lat'><strong>:</strong></span> <span class='ocrx_word' id='word_1_377' title='bbox 2354 2227 2566 2288; x_wconf 71' lang='lat' dir='ltr'><strong>etquae</strong></span> <span class='ocrx_word' id='word_1_378' title='bbox 2595 2221 2810 2277; x_wconf 80' lang='lat' dir='ltr'><strong>civibus</strong></span> <span class='ocrx_word' id='word_1_379' title='bbox 2841 2236 2999 2278; x_wconf 86' lang='lat' dir='ltr'><strong>erant</strong></span> <span class='ocrx_word' id='word_1_380' title='bbox 3031 2238 3298 2284; x_wconf 87' lang='lat' dir='ltr'><strong>eventura</strong></span> <span class='ocrx_word' id='word_1_381' title='bbox 3341 2242 3469 2300; x_wconf 90' lang='lat' dir='ltr'><strong>post</strong></span> 
     </span>
    </p>
   </div>
   <div class='ocr_carea' id='block_1_54' title="bbox 1893 2304 3469 2386">
    <p class='ocr_par' dir='ltr' id='par_1_54' title="bbox 1893 2304 3469 2386">
     <span class='ocr_line' id='line_1_54' title="bbox 1893 2304 3469 2386; baseline 0.015 -31"><span class='ocrx_word' id='word_1_382' title='bbox 1893 2304 2092 2360; x_wconf 84' lang='lat' dir='ltr'><strong>multas</strong></span> <span class='ocrx_word' id='word_1_383' title='bbox 2146 2311 2530 2377; x_wconf 87' lang='lat' dir='ltr'><strong>generationes</strong></span> <span class='ocrx_word' id='word_1_384' title='bbox 2574 2315 2803 2386; x_wconf 85' lang='lat' dir='ltr'><strong>mystice</strong></span> <span class='ocrx_word' id='word_1_385' title='bbox 2845 2320 3144 2374; x_wconf 86' lang='lat' dir='ltr'><strong>enarravit.</strong></span> <span class='ocrx_word' id='word_1_386' title='bbox 3190 2322 3241 2377; x_wconf 89' lang='lat' dir='ltr'><strong>ls</strong></span> <span class='ocrx_word' id='word_1_387' title='bbox 3281 2332 3469 2380; x_wconf 88' lang='lat' dir='ltr'><strong>autem</strong></span> 
     </span>
    </p>
   </div>
   <div class='ocr_carea' id='block_1_55' title="bbox 1893 2401 3469 2483">
    <p class='ocr_par' dir='ltr' id='par_1_55' title="bbox 1893 2401 3469 2483">
     <span class='ocr_line' id='line_1_55' title="bbox 1893 2401 3469 2483; baseline 0.016 -36"><span class='ocrx_word' id='word_1_388' title='bbox 1893 2404 2012 2450; x_wconf 90' lang='lat' dir='ltr'><strong>erat</strong></span> <span class='ocrx_word' id='word_1_389' title='bbox 2048 2412 2276 2468; x_wconf 83' lang='lat' dir='ltr'><strong>magnus</strong></span> <span class='ocrx_word' id='word_1_390' title='bbox 2317 2401 2407 2457; x_wconf 87' lang='lat' dir='ltr'><strong>ille</strong></span> <span class='ocrx_word' id='word_1_391' title='bbox 2440 2414 2495 2458; x_wconf 92' lang='lat' dir='ltr'><strong>et</strong></span> <span class='ocrx_word' id='word_1_392' title='bbox 2538 2407 2751 2475; x_wconf 86' lang='lat' dir='ltr'><strong>primus</strong></span> <span class='ocrx_word' id='word_1_393' title='bbox 2787 2410 3096 2465; x_wconf 67' lang='lat' dir='ltr'><strong>caelestium</strong></span> <span class='ocrx_word' id='word_1_394' title='bbox 3134 2418 3469 2483; x_wconf 85' lang='lat' dir='ltr'><strong>potestatum</strong></span> 
     </span>
    </p>
   </div>
   <div class='ocr_carea' id='block_1_56' title="bbox 1896 2486 3473 2580">
    <p class='ocr_par' dir='ltr' id='par_1_56' title="bbox 1896 2486 3473 2580">
     <span class='ocr_line' id='line_1_56' title="bbox 1896 2486 3473 2580; baseline 0.016 -39"><span class='ocrx_word' id='word_1_395' title='bbox 1896 2486 2140 2546; x_wconf 83' lang='lat' dir='ltr'><strong>Gabriel.</strong></span> <span class='ocrx_word' id='word_1_396' title='bbox 2177 2492 2281 2559; x_wconf 86' lang='lat' dir='ltr'><strong>Qui</strong></span> <span class='ocrx_word' id='word_1_397' title='bbox 2329 2497 2498 2553; x_wconf 88' lang='lat' dir='ltr'><strong>etiam</strong></span> <span class='ocrx_word' id='word_1_398' title='bbox 2530 2487 2658 2565; x_wconf 86' lang='lat' dir='ltr'><strong>sibi,</strong></span> <span class='ocrx_word' id='word_1_399' title='bbox 2702 2518 2829 2558; x_wconf 91' lang='lat' dir='ltr'><strong>cum</strong></span> <span class='ocrx_word' id='word_1_400' title='bbox 2865 2507 3224 2579; x_wconf 83' lang='lat' dir='ltr'><strong>surrexisset,</strong></span> <span class='ocrx_word' id='word_1_401' title='bbox 3261 2511 3473 2580; x_wconf 55' lang='lat' dir='ltr'><strong>signifi-</strong></span> 
     </span>
    </p>
   </div>
   <div class='ocr_carea' id='block_1_57' title="bbox 1895 2579 3472 2658">
    <p class='ocr_par' dir='ltr' id='par_1_57' title="bbox 1895 2579 3472 2658">
     <span class='ocr_line' id='line_1_57' title="bbox 1895 2579 3472 2658; baseline 0.015 -28"><span class='ocrx_word' id='word_1_402' title='bbox 1895 2579 2040 2632; x_wconf 83' lang='lat' dir='ltr'><strong>cavit</strong></span> <span class='ocrx_word' id='word_1_403' title='bbox 2065 2579 2237 2637; x_wconf 89' lang='lat' dir='ltr'><strong>fuisse</strong></span> <span class='ocrx_word' id='word_1_404' title='bbox 2279 2600 2536 2655; x_wconf 82' lang='lat' dir='ltr'><strong>magnum</strong></span> <span class='ocrx_word' id='word_1_405' title='bbox 2569 2598 2852 2644; x_wconf 90' lang='lat' dir='ltr'><strong>ostensum</strong></span> <span class='ocrx_word' id='word_1_406' title='bbox 2884 2593 3138 2658; x_wconf 89' lang='lat' dir='ltr'><strong>arietem,</strong></span> <span class='ocrx_word' id='word_1_407' title='bbox 3173 2596 3262 2650; x_wconf 88' lang='lat' dir='ltr'><strong>cui</strong></span> <span class='ocrx_word' id='word_1_408' title='bbox 3301 2579 3472 2653; x_wconf 85' lang='lat' dir='ltr'><strong>multa</strong></span> 
     </span>
    </p>
   </div>
   <div class='ocr_carea' id='block_1_58' title="bbox 1894 2669 3469 2751">
    <p class='ocr_par' dir='ltr' id='par_1_58' title="bbox 1894 2669 3469 2751">
     <span class='ocr_line' id='line_1_58' title="bbox 1894 2669 3469 2751; baseline 0.017 -31"><span class='ocrx_word' id='word_1_409' title='bbox 1894 2669 2117 2737; x_wconf 88' lang='lat' dir='ltr'><strong>quidem</strong></span> <span class='ocrx_word' id='word_1_410' title='bbox 2148 2685 2306 2730; x_wconf 82' lang='lat' dir='ltr'><strong>enata</strong></span> <span class='ocrx_word' id='word_1_411' title='bbox 2336 2688 2495 2734; x_wconf 90' lang='lat' dir='ltr'><strong>erant</strong></span> <span class='ocrx_word' id='word_1_412' title='bbox 2527 2695 2770 2751; x_wconf 86' lang='lat' dir='ltr'><strong>cornua;</strong></span> <span class='ocrx_word' id='word_1_413' title='bbox 2804 2683 3047 2742; x_wconf 83' lang='lat' dir='ltr'><strong>habebat</strong></span> <span class='ocrx_word' id='word_1_414' title='bbox 3081 2700 3265 2744; x_wconf 78' lang='lat' dir='ltr'><strong>autem</strong></span> <span class='ocrx_word' id='word_1_415' title='bbox 3300 2707 3469 2746; x_wconf 88' lang='lat' dir='ltr'><strong>unum</strong></span> 
     </span>
    </p>
   </div>
   <div class='ocr_carea' id='block_1_59' title="bbox 1895 2755 3470 2846">
    <p class='ocr_par' dir='ltr' id='par_1_59' title="bbox 1895 2755 3470 2846">
     <span class='ocr_line' id='line_1_59' title="bbox 1895 2755 3470 2846; baseline 0.018 -37"><span class='ocrx_word' id='word_1_416' title='bbox 1895 2755 2078 2813; x_wconf 88' lang='lat' dir='ltr'><strong>altius.</strong></span> <span class='ocrx_word' id='word_1_417' title='bbox 2130 2761 2197 2815; x_wconf 87' lang='lat' dir='ltr'><strong>Et</strong></span> <span class='ocrx_word' id='word_1_418' title='bbox 2243 2763 2359 2820; x_wconf 75' lang='lat' dir='ltr'><strong>haec</strong></span> <span class='ocrx_word' id='word_1_419' title='bbox 2427 2768 2648 2837; x_wconf 84' lang='lat' dir='ltr'><strong>quidem</strong></span> <span class='ocrx_word' id='word_1_420' title='bbox 2697 2787 2822 2827; x_wconf 91' lang='lat' dir='ltr'><strong>cum</strong></span> <span class='ocrx_word' id='word_1_421' title='bbox 2883 2779 3214 2846; x_wconf 85' lang='lat' dir='ltr'><strong>aspexisset,</strong></span> <span class='ocrx_word' id='word_1_422' title='bbox 3277 2783 3357 2836; x_wconf 87' lang='lat' dir='ltr'><strong>ait</strong></span> <span class='ocrx_word' id='word_1_423' title='bbox 3410 2799 3470 2838; x_wconf 88' lang='lat' dir='ltr'><strong>se</strong></span> 
     </span>
    </p>
   </div>
   <div class='ocr_carea' id='block_1_60' title="bbox 1896 2851 3473 2939">
    <p class='ocr_par' dir='ltr' id='par_1_60' title="bbox 1896 2851 3473 2939">
     <span class='ocr_line' id='line_1_60' title="bbox 1896 2851 3473 2939; baseline 0.016 -35"><span class='ocrx_word' id='word_1_424' title='bbox 1896 2851 2102 2909; x_wconf 87' lang='lat' dir='ltr'><strong>vidisse</strong></span> <span class='ocrx_word' id='word_1_425' title='bbox 2154 2855 2210 2910; x_wconf 92' lang='lat' dir='ltr'><strong>in</strong></span> <span class='ocrx_word' id='word_1_426' title='bbox 2280 2857 2580 2917; x_wconf 91' lang='lat' dir='ltr'><strong>Occidente</strong></span> <span class='ocrx_word' id='word_1_427' title='bbox 2613 2863 2852 2930; x_wconf 88' lang='lat' dir='ltr'><strong>hircum,</strong></span> <span class='ocrx_word' id='word_1_428' title='bbox 2885 2869 2978 2939; x_wconf 93' lang='lat' dir='ltr'><strong>qui</strong></span> <span class='ocrx_word' id='word_1_429' title='bbox 3013 2870 3140 2927; x_wconf 87' lang='lat' dir='ltr'><strong>inde</strong></span> <span class='ocrx_word' id='word_1_430' title='bbox 3187 2871 3473 2929; x_wconf 82' lang='lat' dir='ltr'><strong>ferebatur</strong></span> 
     </span>
    </p>
   </div>
   <div class='ocr_carea' id='block_1_61' title="bbox 1895 2952 3477 3033">
    <p class='ocr_par' dir='ltr' id='par_1_61' title="bbox 1895 2952 3477 3033">
     <span class='ocr_line' id='line_1_61' title="bbox 1895 2952 3477 3033; baseline 0.018 -38"><span class='ocrx_word' id='word_1_431' title='bbox 1895 2955 1997 3011; x_wconf 90' lang='lat' dir='ltr'><strong>per</strong></span> <span class='ocrx_word' id='word_1_432' title='bbox 2036 2959 2219 3001; x_wconf 88' lang='lat' dir='ltr'><strong>aerem</strong></span> <span class='ocrx_word' id='word_1_433' title='bbox 2263 2967 2278 3002; x_wconf 88' lang='lat'><strong>:</strong></span> <span class='ocrx_word' id='word_1_434' title='bbox 2331 2952 2715 3025; x_wconf 88' lang='lat' dir='ltr'><strong>confligentem</strong></span> <span class='ocrx_word' id='word_1_435' title='bbox 2752 2973 2885 3014; x_wconf 88' lang='lat' dir='ltr'><strong>vero</strong></span> <span class='ocrx_word' id='word_1_436' title='bbox 2915 2978 3038 3018; x_wconf 90' lang='lat' dir='ltr'><strong>cum</strong></span> <span class='ocrx_word' id='word_1_437' title='bbox 3070 2965 3270 3033; x_wconf 82' lang='lat' dir='ltr'><strong>ariete,</strong></span> <span class='ocrx_word' id='word_1_438' title='bbox 3301 2975 3356 3022; x_wconf 91' lang='lat' dir='ltr'><strong>et</strong></span> <span class='ocrx_word' id='word_1_439' title='bbox 3392 2969 3477 3024; x_wconf 80' lang='lat' dir='ltr'><strong>bis</strong></span> 
     </span>
    </p>
   </div>
   <div class='ocr_carea' id='block_1_62' title="bbox 1898 3043 3476 3123">
    <p class='ocr_par' dir='ltr' id='par_1_62' title="bbox 1898 3043 3476 3123">
     <span class='ocr_line' id='line_1_62' title="bbox 1898 3043 3476 3123; baseline 0.019 -37"><span class='ocrx_word' id='word_1_440' title='bbox 1898 3046 2071 3090; x_wconf 89' lang='lat' dir='ltr'><strong>cornu</strong></span> <span class='ocrx_word' id='word_1_441' title='bbox 2107 3049 2410 3109; x_wconf 87' lang='lat' dir='ltr'><strong>petentem,</strong></span> <span class='ocrx_word' id='word_1_442' title='bbox 2437 3043 2615 3123; x_wconf 87' lang='lat' dir='ltr'><strong>ipsum</strong></span> <span class='ocrx_word' id='word_1_443' title='bbox 2654 3049 2808 3106; x_wconf 85' lang='lat' dir='ltr'><strong>humi</strong></span> <span class='ocrx_word' id='word_1_444' title='bbox 2842 3057 3207 3121; x_wconf 83' lang='lat' dir='ltr'><strong>prostravisse</strong></span> <span class='ocrx_word' id='word_1_445' title='bbox 3242 3067 3298 3112; x_wconf 91' lang='lat' dir='ltr'><strong>et</strong></span> <span class='ocrx_word' id='word_1_446' title='bbox 3341 3075 3476 3114; x_wconf 87' lang='lat' dir='ltr'><strong>con-</strong></span> 
     </span>
    </p>
   </div>
   <div class='ocr_carea' id='block_1_63' title="bbox 1899 3124 3474 3220">
    <p class='ocr_par' dir='ltr' id='par_1_63' title="bbox 1899 3124 3474 3220">
     <span class='ocr_line' id='line_1_63' title="bbox 1899 3124 3474 3220; baseline 0.02 -43"><span class='ocrx_word' id='word_1_447' title='bbox 1899 3124 2168 3184; x_wconf 88' lang='lat' dir='ltr'><strong>culcasse.</strong></span> <span class='ocrx_word' id='word_1_448' title='bbox 2231 3131 2437 3190; x_wconf 86' lang='lat' dir='ltr'><strong>Deinde</strong></span> <span class='ocrx_word' id='word_1_449' title='bbox 2494 3139 2700 3194; x_wconf 81' lang='lat' dir='ltr'><strong>vidisse</strong></span> <span class='ocrx_word' id='word_1_450' title='bbox 2762 3142 3002 3210; x_wconf 84' lang='lat' dir='ltr'><strong>hircum,</strong></span> <span class='ocrx_word' id='word_1_451' title='bbox 3063 3148 3153 3202; x_wconf 91' lang='lat' dir='ltr'><strong>cui</strong></span> <span class='ocrx_word' id='word_1_452' title='bbox 3211 3165 3474 3220; x_wconf 87' lang='lat' dir='ltr'><strong>magnum</strong></span> 
     </span>
    </p>
   </div>
   <div class='ocr_carea' id='block_1_64' title="bbox 219 3212 1794 3315">
    <p class='ocr_par' dir='ltr' id='par_1_64' title="bbox 219 3212 1793 3314">
     <span class='ocr_line' id='line_1_64' title="bbox 219 3212 1793 3314; baseline 0.006 -26"><span class='ocrx_word' id='word_1_453' title='bbox 219 3237 413 3306; x_wconf 78' lang='grc' dir='ltr'>κέρας,</span> <span class='ocrx_word' id='word_1_454' title='bbox 444 3231 503 3291; x_wconf 77' lang='grc' dir='ltr'>οὗ</span> <span class='ocrx_word' id='word_1_455' title='bbox 539 3212 892 3305; x_wconf 73' lang='grc' dir='ltr'>κλασθέντος,</span> <span class='ocrx_word' id='word_1_456' title='bbox 921 3212 1330 3314; x_wconf 72' lang='grc' dir='ltr'>ἀναδλαστῆσαι</span> <span class='ocrx_word' id='word_1_457' title='bbox 1365 3212 1638 3314; x_wconf 67' lang='grc' dir='ltr'>τέσσαρα,</span> <span class='ocrx_word' id='word_1_458' title='bbox 1667 3243 1793 3298; x_wconf 80' lang='grc' dir='ltr'>καθ’</span> 
     </span>
    </p>
   </div>
   <div class='ocr_carea' id='block_1_65' title="bbox 1897 3212 3474 3315">
    <p class='ocr_par' dir='ltr' id='par_1_65' title="bbox 1899 3227 3474 3315">
     <span class='ocr_line' id='line_1_65' title="bbox 1899 3227 3474 3315; baseline 0.02 -46"><span class='ocrx_word' id='word_1_459' title='bbox 1899 3230 2072 3273; x_wconf 90' lang='lat' dir='ltr'><strong>cornu</strong></span> <span class='ocrx_word' id='word_1_460' title='bbox 2107 3227 2440 3282; x_wconf 86' lang='lat' dir='ltr'><strong>nascebatur</strong></span> <span class='ocrx_word' id='word_1_461' title='bbox 2491 3231 2547 3286; x_wconf 92' lang='lat' dir='ltr'><strong>in</strong></span> <span class='ocrx_word' id='word_1_462' title='bbox 2601 3233 2967 3307; x_wconf 87' lang='lat' dir='ltr'><strong>fronte:quo</strong></span> <span class='ocrx_word' id='word_1_463' title='bbox 3016 3238 3213 3304; x_wconf 88' lang='lat' dir='ltr'><strong>fracto,</strong></span> <span class='ocrx_word' id='word_1_464' title='bbox 3268 3245 3474 3315; x_wconf 83' lang='lat' dir='ltr'><strong>germi-</strong></span> 
     </span>
    </p>
   </div>
   <div class='ocr_carea' id='block_1_66' title="bbox 215 3329 1792 3404">
    <p class='ocr_par' dir='ltr' id='par_1_66' title="bbox 215 3329 1792 3404">
     <span class='ocr_line' id='line_1_66' title="bbox 215 3329 1792 3404; baseline 0.003 -23"><span class='ocrx_word' id='word_1_465' title='bbox 215 3329 452 3383; x_wconf 66' lang='grc' dir='ltr'>ἕκαστον</span> <span class='ocrx_word' id='word_1_466' title='bbox 500 3330 611 3383; x_wconf 84' lang='grc' dir='ltr'><strong>τῶν</strong></span> <span class='ocrx_word' id='word_1_467' title='bbox 654 3333 873 3404; x_wconf 77' lang='grc' dir='ltr'>ἀνέμων</span> <span class='ocrx_word' id='word_1_468' title='bbox 906 3333 1330 3404; x_wconf 77' lang='grc' dir='ltr'>ὲκτετραμμίνα</span> <span class='ocrx_word' id='word_1_469' title='bbox 1356 3353 1368 3365; x_wconf 88' lang='grc'><strong>·</strong></span> <span class='ocrx_word' id='word_1_470' title='bbox 1427 3334 1487 3399; x_wconf 76' lang='grc' dir='ltr'><strong>ἐξ</strong></span> <span class='ocrx_word' id='word_1_471' title='bbox 1520 3333 1702 3388; x_wconf 81' lang='grc' dir='ltr'>αὐτῶν</span> <span class='ocrx_word' id='word_1_472' title='bbox 1734 3332 1792 3386; x_wconf 74' lang='grc' dir='ltr'>δὲ</span> 
     </span>
    </p>
   </div>
   <div class='ocr_carea' id='block_1_67' title="bbox 213 3424 1794 3497">
    <p class='ocr_par' dir='ltr' id='par_1_67' title="bbox 213 3424 1794 3497">
     <span class='ocr_line' id='line_1_67' title="bbox 213 3424 1794 3497; baseline 0.003 -21"><span class='ocrx_word' id='word_1_473' title='bbox 213 3425 476 3492; x_wconf 78' lang='grc' dir='ltr'>ἀνασχεῖν</span> <span class='ocrx_word' id='word_1_474' title='bbox 506 3424 600 3477; x_wconf 72' lang='grc' dir='ltr'>καὶ</span> <span class='ocrx_word' id='word_1_475' title='bbox 625 3425 754 3479; x_wconf 77' lang='grc' dir='ltr'>ἄλλο</span> <span class='ocrx_word' id='word_1_476' title='bbox 784 3425 1144 3497; x_wconf 81' lang='grc' dir='ltr'>βραχύτερον,</span> <span class='ocrx_word' id='word_1_477' title='bbox 1173 3427 1201 3479; x_wconf 86' lang='grc' dir='ltr'><strong>δ</strong></span> <span class='ocrx_word' id='word_1_478' title='bbox 1231 3429 1321 3480; x_wconf 78' lang='grc' dir='ltr'>καὶ</span> <span class='ocrx_word' id='word_1_479' title='bbox 1342 3427 1575 3497; x_wconf 77' lang='grc' dir='ltr'>αὐξῆσαι</span> <span class='ocrx_word' id='word_1_480' title='bbox 1607 3427 1794 3496; x_wconf 76' lang='grc' dir='ltr'>ἔλεγεν</span> 
     </span>
    </p>
   </div>
   <div class='ocr_carea' id='block_1_68' title="bbox 215 3514 1796 3590">
    <p class='ocr_par' dir='ltr' id='par_1_68' title="bbox 215 3514 1796 3590">
     <span class='ocr_line' id='line_1_68' title="bbox 215 3514 1796 3590; baseline 0.003 -22"><span class='ocrx_word' id='word_1_481' title='bbox 215 3517 249 3568; x_wconf 80' lang='grc' dir='ltr'><strong>δ</strong></span> <span class='ocrx_word' id='word_1_482' title='bbox 283 3514 457 3567; x_wconf 85' lang='grc' dir='ltr'>ταῦτα</span> <span class='ocrx_word' id='word_1_483' title='bbox 487 3516 700 3579; x_wconf 77' lang='grc' dir='ltr'>δεικνὺς</span> <span class='ocrx_word' id='word_1_484' title='bbox 727 3519 820 3570; x_wconf 85' lang='grc' dir='ltr'>καὶ</span> <span class='ocrx_word' id='word_1_485' title='bbox 851 3519 1188 3590; x_wconf 80' lang='grc' dir='ltr'>πολεμήσειν</span> <span class='ocrx_word' id='word_1_486' title='bbox 1221 3519 1387 3574; x_wconf 80' lang='grc' dir='ltr'>αὑτοῦ</span> <span class='ocrx_word' id='word_1_487' title='bbox 1426 3521 1488 3573; x_wconf 86' lang='grc' dir='ltr'><strong>τὸ</strong></span> <span class='ocrx_word' id='word_1_488' title='bbox 1518 3520 1670 3583; x_wconf 80' lang='grc' dir='ltr'>ἔθνος</span> <span class='ocrx_word' id='word_1_489' title='bbox 1701 3522 1796 3573; x_wconf 77' lang='grc' dir='ltr'><strong>καὶ</strong></span> 
     </span>
    </p>
   </div>
   <div class='ocr_carea' id='block_1_69' title="bbox 214 3610 1793 3683">
    <p class='ocr_par' dir='ltr' id='par_1_69' title="bbox 214 3610 1793 3683">
     <span class='ocr_line' id='line_1_69' title="bbox 214 3610 1793 3683; baseline 0.005 -20"><span class='ocrx_word' id='word_1_490' title='bbox 214 3611 322 3680; x_wconf 76' lang='grc' dir='ltr'>τὴν</span> <span class='ocrx_word' id='word_1_491' title='bbox 352 3610 506 3664; x_wconf 90' lang='grc' dir='ltr'>πόλιν</span> <span class='ocrx_word' id='word_1_492' title='bbox 530 3611 758 3682; x_wconf 85' lang='grc' dir='ltr'>αίρῆσαι</span> <span class='ocrx_word' id='word_1_493' title='bbox 780 3611 886 3666; x_wconf 84' lang='grc' dir='ltr'><strong>ἀνά</strong></span> <span class='ocrx_word' id='word_1_494' title='bbox 913 3615 1114 3683; x_wconf 76' lang='grc' dir='ltr'>κράτος</span> <span class='ocrx_word' id='word_1_495' title='bbox 1151 3617 1244 3669; x_wconf 72' lang='grc' dir='ltr'><strong>καὶ</strong></span> <span class='ocrx_word' id='word_1_496' title='bbox 1273 3618 1453 3670; x_wconf 76' lang='grc' dir='ltr'>πάντα</span> <span class='ocrx_word' id='word_1_497' title='bbox 1483 3615 1553 3671; x_wconf 77' lang='grc' dir='ltr'>τὰ</span> <span class='ocrx_word' id='word_1_498' title='bbox 1581 3615 1672 3671; x_wconf 82' lang='grc' dir='ltr'>τοῦ</span> <span class='ocrx_word' id='word_1_499' title='bbox 1703 3617 1793 3671; x_wconf 90' lang='grc' dir='ltr'>νό-</span> 
     </span>
    </p>
   </div>
   <div class='ocr_carea' id='block_1_70' title="bbox 218 3705 1796 3778">
    <p class='ocr_par' dir='ltr' id='par_1_70' title="bbox 218 3705 1796 3778">
     <span class='ocr_line' id='line_1_70' title="bbox 218 3705 1796 3778; baseline 0.004 -22"><span class='ocrx_word' id='word_1_500' title='bbox 218 3721 331 3775; x_wconf 84' lang='grc' dir='ltr'><strong>μου</strong></span> <span class='ocrx_word' id='word_1_501' title='bbox 364 3705 636 3773; x_wconf 80' lang='grc' dir='ltr'>περιελεῖν</span> <span class='ocrx_word' id='word_1_502' title='bbox 662 3722 675 3736; x_wconf 92' lang='grc'><strong>·</strong></span> <span class='ocrx_word' id='word_1_503' title='bbox 730 3705 826 3758; x_wconf 69' lang='grc' dir='ltr'>καὶ</span> <span class='ocrx_word' id='word_1_504' title='bbox 879 3705 1053 3759; x_wconf 81' lang='grc' dir='ltr'>ταῦτα</span> <span class='ocrx_word' id='word_1_505' title='bbox 1102 3707 1193 3758; x_wconf 69' lang='grc' dir='ltr'>ἐπὶ</span> <span class='ocrx_word' id='word_1_506' title='bbox 1224 3708 1440 3778; x_wconf 78' lang='grc' dir='ltr'>ἡμέρας</span> <span class='ocrx_word' id='word_1_507' title='bbox 1481 3709 1661 3778; x_wconf 84' lang='grc' dir='ltr'>χιλίας</span> <span class='ocrx_word' id='word_1_508' title='bbox 1702 3711 1796 3764; x_wconf 76' lang='grc' dir='ltr'>καὶ</span> 
     </span>
    </p>
   </div>
   <div class='ocr_carea' id='block_1_71' title="bbox 209 3798 1791 3872">
    <p class='ocr_par' dir='ltr' id='par_1_71' title="bbox 209 3798 1791 3872">
     <span class='ocr_line' id='line_1_71' title="bbox 209 3798 1791 3872; baseline 0.003 -21"><span class='ocrx_word' id='word_1_509' title='bbox 209 3798 500 3862; x_wconf 77' lang='grc' dir='ltr'>διακοσίας</span> <span class='ocrx_word' id='word_1_510' title='bbox 552 3799 874 3870; x_wconf 67' lang='grc' dir='ltr'>ἐνενήκοντα</span> <span class='ocrx_word' id='word_1_511' title='bbox 917 3799 1003 3864; x_wconf 72' lang='grc' dir='ltr'><strong>ἓξ.</strong></span> <span class='ocrx_word' id='word_1_512' title='bbox 1057 3799 1244 3853; x_wconf 84' lang='grc' dir='ltr'>Ταῦτα</span> <span class='ocrx_word' id='word_1_513' title='bbox 1299 3801 1397 3870; x_wconf 84' lang='grc' dir='ltr'>μὲν</span> <span class='ocrx_word' id='word_1_514' title='bbox 1453 3799 1581 3855; x_wconf 79' lang='grc' dir='ltr'>ίδείν</span> <span class='ocrx_word' id='word_1_515' title='bbox 1625 3804 1683 3856; x_wconf 70' lang='grc' dir='ltr'>ἐν</span> <span class='ocrx_word' id='word_1_516' title='bbox 1716 3804 1791 3872; x_wconf 84' lang='grc' dir='ltr'><strong>τῷ</strong></span> 
     </span>
    </p>
   </div>
   <div class='ocr_carea' id='block_1_72' title="bbox 212 3890 1794 3969">
    <p class='ocr_par' dir='ltr' id='par_1_72' title="bbox 212 3890 1794 3969">
     <span class='ocr_line' id='line_1_72' title="bbox 212 3890 1794 3969; baseline 0.004 -27"><span class='ocrx_word' id='word_1_517' title='bbox 212 3891 392 3960; x_wconf 79' lang='grc' dir='ltr'>πεδίῳ</span> <span class='ocrx_word' id='word_1_518' title='bbox 438 3890 515 3958; x_wconf 84' lang='grc' dir='ltr'>τῷ</span> <span class='ocrx_word' id='word_1_519' title='bbox 561 3893 618 3944; x_wconf 86' lang='grc' dir='ltr'>ὲν</span> <span class='ocrx_word' id='word_1_520' title='bbox 675 3892 895 3969; x_wconf 80' lang='grc' dir='ltr'>Σούτοις</span> <span class='ocrx_word' id='word_1_521' title='bbox 936 3893 964 3944; x_wconf 79' lang='grc' dir='ltr'><strong>ό</strong></span> <span class='ocrx_word' id='word_1_522' title='bbox 989 3893 1208 3964; x_wconf 67' lang='grc' dir='ltr'>,Δανιὴλ</span> <span class='ocrx_word' id='word_1_523' title='bbox 1245 3894 1452 3966; x_wconf 74' lang='grc' dir='ltr'>ἔγραψε</span> <span class='ocrx_word' id='word_1_524' title='bbox 1476 3910 1492 3927; x_wconf 80' lang='grc' dir='ltr'><strong>ο</strong></span> <span class='ocrx_word' id='word_1_525' title='bbox 1529 3898 1712 3969; x_wconf 79' lang='grc' dir='ltr'>κρῖναι</span> <span class='ocrx_word' id='word_1_526' title='bbox 1736 3895 1794 3949; x_wconf 82' lang='grc' dir='ltr'>δὲ</span> 
     </span>
    </p>
   </div>
   <div class='ocr_carea' id='block_1_73' title="bbox 213 3979 1796 4056">
    <p class='ocr_par' dir='ltr' id='par_1_73' title="bbox 213 3979 1796 4056">
     <span class='ocr_line' id='line_1_73' title="bbox 213 3979 1796 4056; baseline 0.006 -23"><span class='ocrx_word' id='word_1_527' title='bbox 213 3980 373 4049; x_wconf 79' lang='grc' dir='ltr'>αὑτῷ</span> <span class='ocrx_word' id='word_1_528' title='bbox 425 3980 525 4051; x_wconf 75' lang='grc' dir='ltr'>τὴν</span> <span class='ocrx_word' id='word_1_529' title='bbox 574 3979 696 4049; x_wconf 80' lang='grc' dir='ltr'>δψιν</span> <span class='ocrx_word' id='word_1_530' title='bbox 734 3982 841 4034; x_wconf 83' lang='grc' dir='ltr'>τῶν</span> <span class='ocrx_word' id='word_1_531' title='bbox 875 3985 1221 4053; x_wconf 82' lang='grc' dir='ltr'>όρασθὲντων</span> <span class='ocrx_word' id='word_1_532' title='bbox 1268 3987 1455 4056; x_wconf 71' lang='grc' dir='ltr'>ἐδήλου</span> <span class='ocrx_word' id='word_1_533' title='bbox 1516 3988 1610 4040; x_wconf 78' lang='grc' dir='ltr'><strong>τὸν</strong></span> <span class='ocrx_word' id='word_1_534' title='bbox 1663 3989 1796 4042; x_wconf 81' lang='grc' dir='ltr'>Θεὸν</span> 
     </span>
    </p>
   </div>
   <div class='ocr_carea' id='block_1_74' title="bbox 209 4073 1798 4146">
    <p class='ocr_par' dir='ltr' id='par_1_74' title="bbox 209 4073 1798 4146">
     <span class='ocr_line' id='line_1_74' title="bbox 209 4073 1798 4146; baseline 0.004 -20"><span class='ocrx_word' id='word_1_535' title='bbox 209 4073 392 4136; x_wconf 72' lang='grc' dir='ltr'>οὕτως</span> <span class='ocrx_word' id='word_1_536' title='bbox 420 4090 435 4105; x_wconf 82' lang='grc'><em>’</em></span> <span class='ocrx_word' id='word_1_537' title='bbox 463 4075 554 4127; x_wconf 85' lang='grc' dir='ltr'><strong>τὸν</strong></span> <span class='ocrx_word' id='word_1_538' title='bbox 591 4073 692 4144; x_wconf 75' lang='grc' dir='ltr'>μὲν</span> <span class='ocrx_word' id='word_1_539' title='bbox 719 4076 828 4144; x_wconf 81' lang='grc' dir='ltr'><strong>γὰρ</strong></span> <span class='ocrx_word' id='word_1_540' title='bbox 860 4077 1011 4144; x_wconf 68' lang='grc' dir='ltr'>κριόν</span> <span class='ocrx_word' id='word_1_541' title='bbox 1040 4077 1317 4145; x_wconf 84' lang='grc' dir='ltr'>βασιλείας</span> <span class='ocrx_word' id='word_1_542' title='bbox 1347 4078 1445 4139; x_wconf 80' lang='grc' dir='ltr'>τὰς</span> <span class='ocrx_word' id='word_1_543' title='bbox 1473 4080 1672 4146; x_wconf 69' lang='grc' dir='ltr'>Μήδων</span> <span class='ocrx_word' id='word_1_544' title='bbox 1704 4084 1798 4134; x_wconf 76' lang='grc' dir='ltr'><strong>καὶ</strong></span> 
     </span>
    </p>
   </div>
   <div class='ocr_carea' id='block_1_75' title="bbox 212 4168 1796 4240">
    <p class='ocr_par' dir='ltr' id='par_1_75' title="bbox 212 4168 1796 4240">
     <span class='ocr_line' id='line_1_75' title="bbox 212 4168 1796 4240; baseline 0.003 -19"><span class='ocrx_word' id='word_1_545' title='bbox 212 4168 448 4238; x_wconf 83' lang='grc' dir='ltr'>Περσῶν</span> <span class='ocrx_word' id='word_1_546' title='bbox 483 4169 770 4239; x_wconf 86' lang='grc' dir='ltr'>σημαίνειν</span> <span class='ocrx_word' id='word_1_547' title='bbox 804 4168 954 4237; x_wconf 85' lang='grc' dir='ltr'>αὐτῷ</span> <span class='ocrx_word' id='word_1_548' title='bbox 981 4169 1210 4236; x_wconf 73' lang='grc' dir='ltr'>ἔφασκε,</span> <span class='ocrx_word' id='word_1_549' title='bbox 1233 4173 1301 4221; x_wconf 84' lang='grc' dir='ltr'>τὰ</span> <span class='ocrx_word' id='word_1_550' title='bbox 1338 4170 1394 4231; x_wconf 77' lang='grc' dir='ltr'>δὲ</span> <span class='ocrx_word' id='word_1_551' title='bbox 1429 4171 1638 4240; x_wconf 84' lang='grc' dir='ltr'>κέρατα</span> <span class='ocrx_word' id='word_1_552' title='bbox 1669 4175 1796 4236; x_wconf 62' lang='grc' dir='ltr'>τοὺς</span> 
     </span>
    </p>
   </div>
   <div class='ocr_carea' id='block_1_76' title="bbox 210 4262 1795 4335">
    <p class='ocr_par' dir='ltr' id='par_1_76' title="bbox 210 4262 1795 4335">
     <span class='ocr_line' id='line_1_76' title="bbox 210 4262 1795 4335; baseline 0.003 -21"><span class='ocrx_word' id='word_1_553' title='bbox 210 4262 520 4333; x_wconf 75' lang='grc' dir='ltr'><strong>¹μέλλοντας</strong></span> <span class='ocrx_word' id='word_1_554' title='bbox 557 4262 886 4333; x_wconf 82' lang='grc' dir='ltr'>βασιλεύειν.</span> <span class='ocrx_word' id='word_1_555' title='bbox 922 4263 1065 4316; x_wconf 70' lang='grc' dir='ltr'>Αὐτο</span> <span class='ocrx_word' id='word_1_556' title='bbox 1093 4263 1150 4315; x_wconf 81' lang='grc' dir='ltr'>δὲ</span> <span class='ocrx_word' id='word_1_557' title='bbox 1183 4263 1244 4315; x_wconf 88' lang='grc' dir='ltr'><strong>τὸ</strong></span> <span class='ocrx_word' id='word_1_558' title='bbox 1273 4265 1442 4332; x_wconf 84' lang='grc' dir='ltr'>κέρας</span> <span class='ocrx_word' id='word_1_559' title='bbox 1477 4264 1539 4316; x_wconf 83' lang='grc' dir='ltr'>τὸ</span> <span class='ocrx_word' id='word_1_560' title='bbox 1567 4265 1795 4335; x_wconf 78' lang='grc' dir='ltr'>ἔσχατον</span> 
     </span>
    </p>
   </div>
   <div class='ocr_carea' id='block_1_77' title="bbox 209 4353 1794 4428">
    <p class='ocr_par' dir='ltr' id='par_1_77' title="bbox 209 4353 1794 4428">
     <span class='ocr_line' id='line_1_77' title="bbox 209 4353 1794 4428; baseline 0.002 -22"><span class='ocrx_word' id='word_1_561' title='bbox 209 4353 386 4406; x_wconf 81' lang='grc' dir='ltr'>αὑτὸν</span> <span class='ocrx_word' id='word_1_562' title='bbox 437 4353 726 4421; x_wconf 73' lang='grc' dir='ltr'>σημαίνειν</span> <span class='ocrx_word' id='word_1_563' title='bbox 772 4355 864 4407; x_wconf 72' lang='grc' dir='ltr'><strong>τὸν</strong></span> <span class='ocrx_word' id='word_1_564' title='bbox 898 4355 1122 4424; x_wconf 75' lang='grc' dir='ltr'>ἔσχατον</span> <span class='ocrx_word' id='word_1_565' title='bbox 1153 4354 1377 4425; x_wconf 80' lang='grc' dir='ltr'>βασιλέα</span> <span class='ocrx_word' id='word_1_566' title='bbox 1406 4371 1419 4386; x_wconf 84' lang='lat'><strong><em>°</em></strong></span> <span class='ocrx_word' id='word_1_567' title='bbox 1466 4355 1654 4409; x_wconf 77' lang='grc' dir='ltr'>τοῦτον</span> <span class='ocrx_word' id='word_1_568' title='bbox 1687 4356 1794 4428; x_wconf 76' lang='grc' dir='ltr'>γὰρ</span> 
     </span>
    </p>
   </div>
   <div class='ocr_carea' id='block_1_78' title="bbox 208 4443 1794 4517">
    <p class='ocr_par' dir='ltr' id='par_1_78' title="bbox 208 4443 1794 4517">
     <span class='ocr_line' id='line_1_78' title="bbox 208 4443 1794 4517; baseline 0.001 -20"><span class='ocrx_word' id='word_1_569' title='bbox 208 4445 316 4497; x_wconf 75' lang='grc' dir='ltr'><strong>καὶ</strong></span> <span class='ocrx_word' id='word_1_570' title='bbox 350 4443 572 4495; x_wconf 85' lang='grc' dir='ltr'>διοίσειν</span> <span class='ocrx_word' id='word_1_571' title='bbox 607 4443 761 4510; x_wconf 72' lang='grc' dir='ltr'>ἔλεγε</span> <span class='ocrx_word' id='word_1_572' title='bbox 813 4445 921 4495; x_wconf 86' lang='grc' dir='ltr'><strong>τῶν</strong></span> <span class='ocrx_word' id='word_1_573' title='bbox 955 4445 1178 4509; x_wconf 83' lang='grc' dir='ltr'>λοιπῶν,</span> <span class='ocrx_word' id='word_1_574' title='bbox 1215 4444 1430 4513; x_wconf 82' lang='grc' dir='ltr'>πλούτῳ</span> <span class='ocrx_word' id='word_1_575' title='bbox 1456 4462 1514 4498; x_wconf 90' lang='grc' dir='ltr'><strong>τε</strong></span> <span class='ocrx_word' id='word_1_576' title='bbox 1547 4447 1640 4499; x_wconf 80' lang='grc' dir='ltr'><strong>καὶ</strong></span> <span class='ocrx_word' id='word_1_577' title='bbox 1671 4447 1794 4517; x_wconf 79' lang='grc' dir='ltr'>δόξῃ</span> 
     </span>
    </p>
   </div>
   <div class='ocr_carea' id='block_1_79' title="bbox 206 4533 1790 4605">
    <p class='ocr_par' dir='ltr' id='par_1_79' title="bbox 206 4533 1790 4605">
     <span class='ocr_line' id='line_1_79' title="bbox 206 4533 1790 4605; baseline 0.001 -16"><span class='ocrx_word' id='word_1_578' title='bbox 206 4535 313 4589; x_wconf 78' lang='grc' dir='ltr'><strong>καὶ</strong></span> <span class='ocrx_word' id='word_1_579' title='bbox 357 4535 421 4602; x_wconf 81' lang='grc' dir='ltr'><strong>τῇ</strong></span> <span class='ocrx_word' id='word_1_580' title='bbox 453 4534 587 4604; x_wconf 81' lang='grc' dir='ltr'>ἄλλῃ</span> <span class='ocrx_word' id='word_1_581' title='bbox 620 4533 950 4604; x_wconf 72' lang='grc' dir='ltr'>περιφανείᾳ</span> <span class='ocrx_word' id='word_1_582' title='bbox 971 4550 985 4564; x_wconf 87' lang='grc'><strong>·</strong></span> <span class='ocrx_word' id='word_1_583' title='bbox 1039 4537 1130 4587; x_wconf 71' lang='grc' dir='ltr'><strong>τὸν</strong></span> <span class='ocrx_word' id='word_1_584' title='bbox 1156 4535 1215 4589; x_wconf 81' lang='grc' dir='ltr'><strong>δὲ,</strong></span> <span class='ocrx_word' id='word_1_585' title='bbox 1236 4537 1436 4604; x_wconf 75' lang='grc' dir='ltr'>τράγον</span> <span class='ocrx_word' id='word_1_586' title='bbox 1469 4535 1685 4605; x_wconf 65' lang='grc' dir='ltr'>δηλοῦν,</span> <span class='ocrx_word' id='word_1_587' title='bbox 1719 4540 1790 4600; x_wconf 84' lang='grc' dir='ltr'>ὡς</span> 
     </span>
    </p>
   </div>
   <div class='ocr_carea' id='block_1_80' title="bbox 205 4625 1793 4699">
    <p class='ocr_par' dir='ltr' id='par_1_80' title="bbox 205 4625 1793 4699">
     <span class='ocr_line' id='line_1_80' title="bbox 205 4625 1793 4699; baseline -0.001 -19"><span class='ocrx_word' id='word_1_588' title='bbox 205 4627 330 4680; x_wconf 83' lang='grc' dir='ltr'><strong>τῶν</strong></span> <span class='ocrx_word' id='word_1_589' title='bbox 376 4627 643 4699; x_wconf 77' lang='grc' dir='ltr'>Ἐλλήνων</span> <span class='ocrx_word' id='word_1_590' title='bbox 701 4645 786 4692; x_wconf 91' lang='grc' dir='ltr'><strong>τις</strong></span> <span class='ocrx_word' id='word_1_591' title='bbox 839 4625 1138 4698; x_wconf 85' lang='grc' dir='ltr'>βασιλεύων</span> <span class='ocrx_word' id='word_1_592' title='bbox 1191 4627 1366 4690; x_wconf 80' lang='grc' dir='ltr'>ἔσται,</span> <span class='ocrx_word' id='word_1_593' title='bbox 1397 4625 1455 4689; x_wconf 72' lang='grc' dir='ltr'>ὃς</span> <span class='ocrx_word' id='word_1_594' title='bbox 1497 4627 1574 4695; x_wconf 77' lang='grc' dir='ltr'><strong>τῷ</strong></span> <span class='ocrx_word' id='word_1_595' title='bbox 1612 4629 1793 4698; x_wconf 80' lang='grc' dir='ltr'>Πέρσῃ</span> 
     </span>
    </p>
   </div>
   <div class='ocr_carea' id='block_1_81' title="bbox 208 4719 1797 4793">
    <p class='ocr_par' dir='ltr' id='par_1_81' title="bbox 208 4719 1797 4793">
     <span class='ocr_line' id='line_1_81' title="bbox 208 4719 1797 4793; baseline -0.001 -19"><span class='ocrx_word' id='word_1_596' title='bbox 208 4720 519 4790; x_wconf 75' lang='grc' dir='ltr'>συμϐαλὼν</span> <span class='ocrx_word' id='word_1_597' title='bbox 561 4720 644 4784; x_wconf 67' lang='grc' dir='ltr'>δὶς</span> <span class='ocrx_word' id='word_1_598' title='bbox 693 4724 956 4789; x_wconf 84' lang='grc' dir='ltr'>κρατήσει</span> <span class='ocrx_word' id='word_1_599' title='bbox 993 4722 1058 4790; x_wconf 80' lang='grc' dir='ltr'>τῇ</span> <span class='ocrx_word' id='word_1_600' title='bbox 1094 4719 1240 4793; x_wconf 79' lang='grc' dir='ltr'>μάχῃ</span> <span class='ocrx_word' id='word_1_601' title='bbox 1283 4720 1378 4772; x_wconf 75' lang='grc' dir='ltr'>καὶ</span> <span class='ocrx_word' id='word_1_602' title='bbox 1410 4720 1797 4790; x_wconf 66' lang='grc' dir='ltr'>παραλήψεται</span> 
     </span>
    </p>
   </div>
   <div class='ocr_carea' id='block_1_82' title="bbox 201 4811 1797 4883">
    <p class='ocr_par' dir='ltr' id='par_1_82' title="bbox 201 4811 1797 4883">
     <span class='ocr_line' id='line_1_82' title="bbox 201 4811 1797 4883; baseline 0.001 -19"><span class='ocrx_word' id='word_1_603' title='bbox 201 4814 314 4883; x_wconf 73' lang='grc' dir='ltr'><strong>τὴν</strong></span> <span class='ocrx_word' id='word_1_604' title='bbox 347 4815 641 4880; x_wconf 78' lang='grc' dir='ltr'>ἠγεμονίαν</span> <span class='ocrx_word' id='word_1_605' title='bbox 673 4811 912 4865; x_wconf 73' lang='grc' dir='ltr'>ἅπασαν.</span> <span class='ocrx_word' id='word_1_606' title='bbox 950 4812 1254 4880; x_wconf 81' lang='grc' dir='ltr'>Δηλούσθαι</span> <span class='ocrx_word' id='word_1_607' title='bbox 1310 4813 1366 4866; x_wconf 88' lang='grc' dir='ltr'>δὲ</span> <span class='ocrx_word' id='word_1_608' title='bbox 1419 4813 1523 4866; x_wconf 74' lang='grc' dir='ltr'>ὑπὸ</span> <span class='ocrx_word' id='word_1_609' title='bbox 1574 4814 1668 4866; x_wconf 83' lang='grc' dir='ltr'>τοῦ</span> <span class='ocrx_word' id='word_1_610' title='bbox 1704 4832 1797 4883; x_wconf 88' lang='grc' dir='ltr'>με-</span> 
     </span>
    </p>
   </div>
   <div class='ocr_carea' id='block_1_83' title="bbox 206 4901 1794 4972">
    <p class='ocr_par' dir='ltr' id='par_1_83' title="bbox 206 4901 1794 4972">
     <span class='ocr_line' id='line_1_83' title="bbox 206 4901 1794 4972; baseline 0.001 -15"><span class='ocrx_word' id='word_1_611' title='bbox 206 4904 390 4971; x_wconf 80' lang='grc' dir='ltr'>γάλου</span> <span class='ocrx_word' id='word_1_612' title='bbox 424 4904 653 4971; x_wconf 76' lang='grc' dir='ltr'>κέρατος</span> <span class='ocrx_word' id='word_1_613' title='bbox 712 4901 804 4955; x_wconf 82' lang='grc' dir='ltr'>τοῦ</span> <span class='ocrx_word' id='word_1_614' title='bbox 844 4905 900 4954; x_wconf 82' lang='grc' dir='ltr'>ὲν</span> <span class='ocrx_word' id='word_1_615' title='bbox 925 4902 1001 4968; x_wconf 82' lang='grc' dir='ltr'>τῷ</span> <span class='ocrx_word' id='word_1_616' title='bbox 1037 4904 1274 4972; x_wconf 78' lang='grc' dir='ltr'>μετώπῳ</span> <span class='ocrx_word' id='word_1_617' title='bbox 1322 4903 1415 4954; x_wconf 79' lang='grc' dir='ltr'>τοῦ</span> <span class='ocrx_word' id='word_1_618' title='bbox 1448 4904 1654 4972; x_wconf 84' lang='grc' dir='ltr'>τράγου</span> <span class='ocrx_word' id='word_1_619' title='bbox 1706 4904 1794 4958; x_wconf 74' lang='grc' dir='ltr'><strong>τὸν</strong></span> 
     </span>
    </p>
   </div>
   <div class='ocr_carea' id='block_1_84' title="bbox 206 4992 1797 5075">
    <p class='ocr_par' dir='ltr' id='par_1_84' title="bbox 206 4992 1797 5075">
     <span class='ocr_line' id='line_1_84' title="bbox 206 4992 1797 5075; baseline 0.001 -27"><span class='ocrx_word' id='word_1_620' title='bbox 206 4994 440 5065; x_wconf 81' lang='grc' dir='ltr'>πρῶτον</span> <span class='ocrx_word' id='word_1_621' title='bbox 469 4993 714 5062; x_wconf 81' lang='grc' dir='ltr'>βασιλέα.</span> <span class='ocrx_word' id='word_1_622' title='bbox 747 4992 879 5048; x_wconf 84' lang='grc' dir='ltr'>Εἶτα</span> <span class='ocrx_word' id='word_1_623' title='bbox 934 4996 1024 5047; x_wconf 77' lang='grc' dir='ltr'>καὶ</span> <span class='ocrx_word' id='word_1_624' title='bbox 1078 4995 1175 5075; x_wconf 68' lang='grc' dir='ltr'><strong>την</strong></span> <span class='ocrx_word' id='word_1_625' title='bbox 1210 4995 1318 5048; x_wconf 81' lang='grc' dir='ltr'>τῶν</span> <span class='ocrx_word' id='word_1_626' title='bbox 1347 4997 1626 5064; x_wconf 81' lang='grc' dir='ltr'>τεσσάρων</span> <span class='ocrx_word' id='word_1_627' title='bbox 1667 4999 1797 5050; x_wconf 88' lang='grc' dir='ltr'>ἀνα-</span> 
     </span>
    </p>
   </div>
   <div class='ocr_carea' id='block_1_85' title="bbox 205 5085 1797 5158">
    <p class='ocr_par' dir='ltr' id='par_1_85' title="bbox 205 5085 1797 5158">
     <span class='ocr_line' id='line_1_85' title="bbox 205 5085 1797 5158; baseline 0 -18"><span class='ocrx_word' id='word_1_628' title='bbox 205 5088 520 5156; x_wconf 72' lang='grc' dir='ltr'>ϐλάστησιν</span> <span class='ocrx_word' id='word_1_629' title='bbox 543 5085 808 5154; x_wconf 86' lang='grc' dir='ltr'>βασιλέων</span> <span class='ocrx_word' id='word_1_630' title='bbox 841 5087 1168 5148; x_wconf 74' lang='grc' dir='ltr'>ἐκπεσόντος</span> <span class='ocrx_word' id='word_1_631' title='bbox 1193 5087 1400 5138; x_wconf 79' lang='grc' dir='ltr'>ἐκείνου</span> <span class='ocrx_word' id='word_1_632' title='bbox 1433 5102 1449 5120; x_wconf 89' lang='grc'><strong>·</strong></span> <span class='ocrx_word' id='word_1_633' title='bbox 1483 5090 1548 5158; x_wconf 81' lang='grc' dir='ltr'>τῇ</span> <span class='ocrx_word' id='word_1_634' title='bbox 1576 5086 1630 5139; x_wconf 73' lang='grc' dir='ltr'>δὲ</span> <span class='ocrx_word' id='word_1_635' title='bbox 1660 5088 1797 5158; x_wconf 69' lang='grc' dir='ltr'>πρὸς</span> 
     </span>
    </p>
   </div>
   <div class='ocr_carea' id='block_1_86' title="bbox 203 5176 1795 5249">
    <p class='ocr_par' dir='ltr' id='par_1_86' title="bbox 203 5176 1795 5249">
     <span class='ocr_line' id='line_1_86' title="bbox 203 5176 1795 5249; baseline 0.001 -20"><span class='ocrx_word' id='word_1_636' title='bbox 203 5179 308 5229; x_wconf 59' lang='grc' dir='ltr'>τι</span> <span class='ocrx_word' id='word_1_637' title='bbox 344 5178 588 5247; x_wconf 74' lang='grc' dir='ltr'>τέσσαρα</span> <span class='ocrx_word' id='word_1_638' title='bbox 639 5176 880 5244; x_wconf 83' lang='grc' dir='ltr'>κλίματα</span> <span class='ocrx_word' id='word_1_639' title='bbox 931 5176 1028 5243; x_wconf 79' lang='grc' dir='ltr'><strong>τῆς</strong></span> <span class='ocrx_word' id='word_1_640' title='bbox 1085 5177 1189 5245; x_wconf 82' lang='grc' dir='ltr'>γῆς</span> <span class='ocrx_word' id='word_1_641' title='bbox 1244 5176 1424 5229; x_wconf 81' lang='grc' dir='ltr'>αὐτῶν</span> <span class='ocrx_word' id='word_1_642' title='bbox 1476 5178 1795 5249; x_wconf 74' lang='grc' dir='ltr'>ἀποστροφῇ</span> 
     </span>
    </p>
   </div>
   <div class='ocr_carea' id='block_1_87' title="bbox 203 5263 1795 5338">
    <p class='ocr_par' dir='ltr' id='par_1_87' title="bbox 203 5263 1795 5338">
     <span class='ocr_line' id='line_1_87' title="bbox 203 5263 1795 5338; baseline 0.001 -19"><span class='ocrx_word' id='word_1_643' title='bbox 203 5265 454 5319; x_wconf 78' lang='grc' dir='ltr'>ἑκάστου</span> <span class='ocrx_word' id='word_1_644' title='bbox 476 5265 600 5326; x_wconf 79' lang='grc' dir='ltr'>τοὺς</span> <span class='ocrx_word' id='word_1_645' title='bbox 621 5263 894 5332; x_wconf 80' lang='grc' dir='ltr'>διαδόχους</span> <span class='ocrx_word' id='word_1_646' title='bbox 926 5265 1065 5333; x_wconf 84' lang='grc' dir='ltr'><strong>μετά</strong></span> <span class='ocrx_word' id='word_1_647' title='bbox 1087 5266 1176 5318; x_wconf 79' lang='grc' dir='ltr'>τὸν</span> <span class='ocrx_word' id='word_1_648' title='bbox 1202 5267 1431 5318; x_wconf 76' lang='grc' dir='ltr'>θάνατον</span> <span class='ocrx_word' id='word_1_649' title='bbox 1454 5268 1544 5319; x_wconf 75' lang='grc' dir='ltr'>τοῦ</span> <span class='ocrx_word' id='word_1_650' title='bbox 1577 5266 1795 5338; x_wconf 76' lang='grc' dir='ltr'>πρώτου</span> 
     </span>
    </p>
   </div>
   <div class='ocr_carea' id='block_1_88' title="bbox 201 5356 1806 5432">
    <p class='ocr_par' dir='ltr' id='par_1_88' title="bbox 201 5356 1806 5432">
     <span class='ocr_line' id='line_1_88' title="bbox 201 5356 1806 5432; baseline 0.002 -22"><span class='ocrx_word' id='word_1_651' title='bbox 201 5357 487 5428; x_wconf 75' lang='grc' dir='ltr'>βασιλέως</span> <span class='ocrx_word' id='word_1_652' title='bbox 513 5356 957 5422; x_wconf 75' lang='grc' dir='ltr'>ἐξεικονίζεσθαι,</span> <span class='ocrx_word' id='word_1_653' title='bbox 987 5357 1078 5410; x_wconf 69' lang='grc' dir='ltr'>καὶ</span> <span class='ocrx_word' id='word_1_654' title='bbox 1109 5359 1196 5409; x_wconf 66' lang='grc' dir='ltr'><strong>τξν</strong></span> <span class='ocrx_word' id='word_1_655' title='bbox 1225 5359 1304 5419; x_wconf 88' lang='grc' dir='ltr'><strong>είς</strong></span> <span class='ocrx_word' id='word_1_656' title='bbox 1328 5358 1523 5420; x_wconf 75' lang='grc' dir='ltr'>αὐτοὺς</span> <span class='ocrx_word' id='word_1_657' title='bbox 1553 5360 1806 5432; x_wconf 67' lang='grc' dir='ltr'>διαμεριε</span> 
     </span>
    </p>
   </div>
   <div class='ocr_carea' id='block_1_89' title="bbox 204 5448 1799 5525">
    <p class='ocr_par' dir='ltr' id='par_1_89' title="bbox 204 5448 1799 5525">
     <span class='ocr_line' id='line_1_89' title="bbox 204 5448 1799 5525; baseline 0.003 -21"><span class='ocrx_word' id='word_1_658' title='bbox 204 5451 362 5520; x_wconf 71' lang='grc' dir='ltr'>σμδν</span> <span class='ocrx_word' id='word_1_659' title='bbox 389 5448 720 5520; x_wconf 77' lang='grc' dir='ltr'>δηλοῦσθαι·</span> <span class='ocrx_word' id='word_1_660' title='bbox 776 5451 1030 5520; x_wconf 81' lang='grc' dir='ltr'>γενέσθαι</span> <span class='ocrx_word' id='word_1_661' title='bbox 1083 5453 1138 5504; x_wconf 78' lang='grc' dir='ltr'>δὲ</span> <span class='ocrx_word' id='word_1_662' title='bbox 1187 5453 1280 5505; x_wconf 81' lang='grc' dir='ltr'><strong>καί</strong></span> <span class='ocrx_word' id='word_1_663' title='bbox 1335 5470 1457 5506; x_wconf 85' lang='grc' dir='ltr'>τινα</span> <span class='ocrx_word' id='word_1_664' title='bbox 1489 5455 1678 5525; x_wconf 76' lang='grc' dir='ltr'>ἕτερον</span> <span class='ocrx_word' id='word_1_665' title='bbox 1734 5458 1799 5508; x_wconf 82' lang='grc' dir='ltr'>ὲκ</span> 
     </span>
    </p>
   </div>
   <div class='ocr_carea' id='block_1_90' title="bbox 199 5540 1799 5616">
    <p class='ocr_par' dir='ltr' id='par_1_90' title="bbox 199 5540 1799 5616">
     <span class='ocr_line' id='line_1_90' title="bbox 199 5540 1799 5616; baseline 0.003 -22"><span class='ocrx_word' id='word_1_666' title='bbox 199 5543 429 5594; x_wconf 86' lang='grc' dir='ltr'>τούτων</span> <span class='ocrx_word' id='word_1_667' title='bbox 478 5540 720 5611; x_wconf 82' lang='grc' dir='ltr'>βασιλέα,</span> <span class='ocrx_word' id='word_1_668' title='bbox 772 5544 960 5612; x_wconf 82' lang='grc' dir='ltr'>ἀναιδῆ</span> <span class='ocrx_word' id='word_1_669' title='bbox 1004 5544 1105 5613; x_wconf 83' lang='grc' dir='ltr'><strong>μὲν</strong></span> <span class='ocrx_word' id='word_1_670' title='bbox 1145 5545 1220 5614; x_wconf 84' lang='grc' dir='ltr'><strong>τῷ</strong></span> <span class='ocrx_word' id='word_1_671' title='bbox 1258 5546 1555 5616; x_wconf 83' lang='grc' dir='ltr'>προσώπῳ,</span> <span class='ocrx_word' id='word_1_672' title='bbox 1618 5548 1799 5601; x_wconf 77' lang='grc' dir='ltr'>ἱκανὸν</span> 
     </span>
    </p>
   </div>
   <div class='ocr_carea' id='block_1_91' title="bbox 200 5624 1802 5708">
    <p class='ocr_par' dir='ltr' id='par_1_91' title="bbox 200 5624 1802 5708">
     <span class='ocr_line' id='line_1_91' title="bbox 200 5624 1802 5708; baseline 0 -20"><span class='ocrx_word' id='word_1_673' title='bbox 200 5633 271 5688; x_wconf 71' lang='grc' dir='ltr'>δὲ</span> <span class='ocrx_word' id='word_1_674' title='bbox 332 5634 579 5685; x_wconf 83' lang='grc' dir='ltr'>συνιέναι</span> <span class='ocrx_word' id='word_1_675' title='bbox 643 5632 1028 5703; x_wconf 72' lang='grc' dir='ltr'>προϐλήματα,</span> <span class='ocrx_word' id='word_1_676' title='bbox 1069 5634 1126 5695; x_wconf 85' lang='grc' dir='ltr'>ὃς</span> <span class='ocrx_word' id='word_1_677' title='bbox 1187 5637 1280 5686; x_wconf 79' lang='grc' dir='ltr'>καὶ</span> <span class='ocrx_word' id='word_1_678' title='bbox 1328 5624 1462 5706; x_wconf 74' lang='grc' dir='ltr'>δόλῳ</span> <span class='ocrx_word' id='word_1_679' title='bbox 1517 5637 1802 5708; x_wconf 76' lang='grc' dir='ltr'>διαφθερεῖ</span> 
     </span>
    </p>
   </div>
   <div class='ocr_carea' id='block_1_92' title="bbox 205 5726 1803 5800">
    <p class='ocr_par' dir='ltr' id='par_1_92' title="bbox 205 5726 1803 5800">
     <span class='ocr_line' id='line_1_92' title="bbox 205 5726 1803 5800; baseline 0.003 -21"><span class='ocrx_word' id='word_1_680' title='bbox 205 5726 454 5788; x_wconf 82' lang='grc' dir='ltr'>πολλοὺς</span> <span class='ocrx_word' id='word_1_681' title='bbox 507 5727 601 5778; x_wconf 68' lang='grc' dir='ltr'>καὶ</span> <span class='ocrx_word' id='word_1_682' title='bbox 657 5728 751 5779; x_wconf 69' lang='grc' dir='ltr'>ἐπὶ</span> <span class='ocrx_word' id='word_1_683' title='bbox 798 5727 1042 5800; x_wconf 76' lang='grc' dir='ltr'>ἀπωλείᾳ</span> <span class='ocrx_word' id='word_1_684' title='bbox 1069 5728 1276 5783; x_wconf 85' lang='grc' dir='ltr'>πολλῶν</span> <span class='ocrx_word' id='word_1_685' title='bbox 1313 5733 1611 5800; x_wconf 80' lang='grc' dir='ltr'>στήσεται·</span> <span class='ocrx_word' id='word_1_686' title='bbox 1647 5733 1803 5784; x_wconf 85' lang='grc' dir='ltr'>πολε-</span> 
     </span>
    </p>
   </div>
   <div class='ocr_carea' id='block_1_93' title="bbox 203 5819 1803 5899">
    <p class='ocr_par' dir='ltr' id='par_1_93' title="bbox 203 5819 1803 5899">
     <span class='ocr_line' id='line_1_93' title="bbox 203 5819 1803 5899; baseline 0.007 -31"><span class='ocrx_word' id='word_1_687' title='bbox 203 5820 388 5890; x_wconf 78' lang='grc' dir='ltr'>μήσει</span> <span class='ocrx_word' id='word_1_688' title='bbox 417 5835 477 5872; x_wconf 81' lang='grc' dir='ltr'><strong>τε</strong></span> <span class='ocrx_word' id='word_1_689' title='bbox 514 5821 574 5872; x_wconf 71' lang='grc' dir='ltr'>τὸ</span> <span class='ocrx_word' id='word_1_690' title='bbox 607 5819 757 5882; x_wconf 78' lang='grc' dir='ltr'>ἔθνος</span> <span class='ocrx_word' id='word_1_691' title='bbox 807 5822 898 5874; x_wconf 82' lang='grc' dir='ltr'><strong>καὶ</strong></span> <span class='ocrx_word' id='word_1_692' title='bbox 933 5829 1058 5882; x_wconf 80' lang='grc' dir='ltr'>τοὺς</span> <span class='ocrx_word' id='word_1_693' title='bbox 1090 5823 1287 5890; x_wconf 87' lang='grc' dir='ltr'>νόμους</span> <span class='ocrx_word' id='word_1_694' title='bbox 1327 5824 1508 5881; x_wconf 70' lang='grc' dir='ltr'>αὐτῶν</span> <span class='ocrx_word' id='word_1_695' title='bbox 1561 5826 1803 5899; x_wconf 76' lang='grc' dir='ltr'>ἰσχυρῶς</span> 
     </span>
    </p>
   </div>
   <div class='ocr_carea' id='block_1_94' title="bbox 539 5915 1167 5980">
    <p class='ocr_par' dir='ltr' id='par_1_94' title="bbox 539 5915 1167 5980">
     <span class='ocr_line' id='line_1_94' title="bbox 539 5915 1167 5980; baseline 0 -4"><span class='ocrx_word' id='word_1_696' title='bbox 539 5917 807 5980; x_wconf 73' lang='lat' dir='ltr'><strong>Pnaot.</strong></span> <span class='ocrx_word' id='word_1_697' title='bbox 860 5917 970 5976; x_wconf 73' lang='lat' dir='ltr'><strong>(in.</strong></span> <span class='ocrx_word' id='word_1_698' title='bbox 1024 5915 1167 5976; x_wconf 73' lang='lat' dir='ltr'><strong>CXV</strong></span> 
     </span>
    </p>
   </div>
   <div class='ocr_carea' id='block_1_95' title="bbox 1899 3324 3474 3405">
    <p class='ocr_par' dir='ltr' id='par_1_95' title="bbox 1899 3324 3474 3405">
     <span class='ocr_line' id='line_1_95' title="bbox 1899 3324 3474 3405; baseline 0.018 -42"><span class='ocrx_word' id='word_1_699' title='bbox 1899 3324 2062 3366; x_wconf 80' lang='lat' dir='ltr'><strong>nasse</strong></span> <span class='ocrx_word' id='word_1_700' title='bbox 2092 3326 2355 3384; x_wconf 86' lang='lat' dir='ltr'><strong>quatuor,</strong></span> <span class='ocrx_word' id='word_1_701' title='bbox 2391 3337 2550 3378; x_wconf 87' lang='lat' dir='ltr'><strong>versa</strong></span> <span class='ocrx_word' id='word_1_702' title='bbox 2593 3326 2659 3380; x_wconf 91' lang='lat' dir='ltr'><strong>ad</strong></span> <span class='ocrx_word' id='word_1_703' title='bbox 2689 3327 2937 3398; x_wconf 86' lang='lat' dir='ltr'><strong>singulos</strong></span> <span class='ocrx_word' id='word_1_704' title='bbox 2971 3342 3187 3387; x_wconf 90' lang='lat' dir='ltr'><strong>ventos.</strong></span> <span class='ocrx_word' id='word_1_705' title='bbox 3223 3333 3302 3388; x_wconf 82' lang='lat' dir='ltr'><strong>Ex</strong></span> <span class='ocrx_word' id='word_1_706' title='bbox 3337 3336 3474 3405; x_wconf 84' lang='lat' dir='ltr'><strong>ipsis</strong></span> 
     </span>
    </p>
   </div>
   <div class='ocr_carea' id='block_1_96' title="bbox 1899 3412 3473 3498">
    <p class='ocr_par' dir='ltr' id='par_1_96' title="bbox 1899 3412 3473 3498">
     <span class='ocr_line' id='line_1_96' title="bbox 1899 3412 3473 3498; baseline 0.018 -42"><span class='ocrx_word' id='word_1_707' title='bbox 1899 3412 2084 3459; x_wconf 89' lang='lat' dir='ltr'><strong>autem</strong></span> <span class='ocrx_word' id='word_1_708' title='bbox 2128 3421 2381 3466; x_wconf 78' lang='lat' dir='ltr'><strong>exortum</strong></span> <span class='ocrx_word' id='word_1_709' title='bbox 2413 3429 2535 3470; x_wconf 90' lang='lat' dir='ltr'><strong>esse</strong></span> <span class='ocrx_word' id='word_1_710' title='bbox 2565 3417 2712 3472; x_wconf 92' lang='lat' dir='ltr'><strong>aliud</strong></span> <span class='ocrx_word' id='word_1_711' title='bbox 2747 3436 2971 3490; x_wconf 90' lang='lat' dir='ltr'><strong>quoque</strong></span> <span class='ocrx_word' id='word_1_712' title='bbox 3003 3423 3231 3481; x_wconf 90' lang='lat' dir='ltr'><strong>brevius</strong></span> <span class='ocrx_word' id='word_1_713' title='bbox 3259 3445 3273 3482; x_wconf 91' lang='lat'><strong>:</strong></span> <span class='ocrx_word' id='word_1_714' title='bbox 3324 3429 3473 3498; x_wconf 90' lang='lat' dir='ltr'><strong>quod</strong></span> 
     </span>
    </p>
   </div>
   <div class='ocr_carea' id='block_1_97' title="bbox 1899 3497 3477 3591">
    <p class='ocr_par' dir='ltr' id='par_1_97' title="bbox 1899 3497 3477 3591">
     <span class='ocr_line' id='line_1_97' title="bbox 1899 3497 3477 3591; baseline 0.016 -41"><span class='ocrx_word' id='word_1_715' title='bbox 1899 3497 1946 3551; x_wconf 90' lang='lat' dir='ltr'><strong>is</strong></span> <span class='ocrx_word' id='word_1_716' title='bbox 1968 3500 2061 3567; x_wconf 91' lang='lat' dir='ltr'><strong>qui</strong></span> <span class='ocrx_word' id='word_1_717' title='bbox 2090 3502 2436 3572; x_wconf 82' lang='lat' dir='ltr'><strong>ostendebat,</strong></span> <span class='ocrx_word' id='word_1_718' title='bbox 2473 3506 2691 3564; x_wconf 85' lang='lat' dir='ltr'><strong>dicebat</strong></span> <span class='ocrx_word' id='word_1_719' title='bbox 2717 3509 2834 3566; x_wconf 92' lang='lat' dir='ltr'><strong>fore</strong></span> <span class='ocrx_word' id='word_1_720' title='bbox 2859 3521 2915 3565; x_wconf 92' lang='lat' dir='ltr'><strong>ut</strong></span> <span class='ocrx_word' id='word_1_721' title='bbox 2944 3524 3239 3580; x_wconf 89' lang='lat' dir='ltr'><strong>cresceret,</strong></span> <span class='ocrx_word' id='word_1_722' title='bbox 3266 3525 3322 3572; x_wconf 91' lang='lat' dir='ltr'><strong>et</strong></span> <span class='ocrx_word' id='word_1_723' title='bbox 3352 3497 3477 3591; x_wconf 87' lang='lat' dir='ltr'><strong>ejus</strong></span> 
     </span>
    </p>
   </div>
   <div class='ocr_carea' id='block_1_98' title="bbox 1897 3592 3477 3679">
    <p class='ocr_par' dir='ltr' id='par_1_98' title="bbox 1897 3592 3477 3679">
     <span class='ocr_line' id='line_1_98' title="bbox 1897 3592 3477 3679; baseline 0.02 -40"><span class='ocrx_word' id='word_1_724' title='bbox 1897 3595 2116 3656; x_wconf 79' lang='lat' dir='ltr'><strong>gentem</strong></span> <span class='ocrx_word' id='word_1_725' title='bbox 2148 3592 2291 3648; x_wconf 89' lang='lat' dir='ltr'><strong>bello</strong></span> <span class='ocrx_word' id='word_1_726' title='bbox 2319 3595 2624 3664; x_wconf 88' lang='lat' dir='ltr'><strong>invaderet,</strong></span> <span class='ocrx_word' id='word_1_727' title='bbox 2656 3611 2712 3654; x_wconf 90' lang='lat' dir='ltr'><strong>et</strong></span> <span class='ocrx_word' id='word_1_728' title='bbox 2737 3602 3020 3659; x_wconf 90' lang='lat' dir='ltr'><strong>civitatem</strong></span> <span class='ocrx_word' id='word_1_729' title='bbox 3051 3607 3102 3661; x_wconf 91' lang='lat' dir='ltr'><strong>vi</strong></span> <span class='ocrx_word' id='word_1_730' title='bbox 3133 3620 3376 3679; x_wconf 87' lang='lat' dir='ltr'><strong>caperet,</strong></span> <span class='ocrx_word' id='word_1_731' title='bbox 3419 3622 3477 3671; x_wconf 84' lang='lat' dir='ltr'><strong>et</strong></span> 
     </span>
    </p>
   </div>
   <div class='ocr_carea' id='block_1_99' title="bbox 1897 3689 3478 3768">
    <p class='ocr_par' dir='ltr' id='par_1_99' title="bbox 1897 3689 3478 3768">
     <span class='ocr_line' id='line_1_99' title="bbox 1897 3689 3478 3768; baseline 0.016 -35"><span class='ocrx_word' id='word_1_732' title='bbox 1897 3695 2245 3754; x_wconf 69' lang='lat' dir='ltr'><strong>qumcunque</strong></span> <span class='ocrx_word' id='word_1_733' title='bbox 2312 3696 2442 3742; x_wconf 89' lang='lat' dir='ltr'><strong>sunt</strong></span> <span class='ocrx_word' id='word_1_734' title='bbox 2498 3689 2654 3762; x_wconf 80' lang='lat' dir='ltr'><strong>legis,</strong></span> <span class='ocrx_word' id='word_1_735' title='bbox 2714 3695 2934 3750; x_wconf 89' lang='lat' dir='ltr'><strong>tolleret</strong></span> <span class='ocrx_word' id='word_1_736' title='bbox 2987 3713 2999 3750; x_wconf 91' lang='lat'><strong>:</strong></span> <span class='ocrx_word' id='word_1_737' title='bbox 3055 3697 3222 3768; x_wconf 88' lang='lat' dir='ltr'><strong>idque</strong></span> <span class='ocrx_word' id='word_1_738' title='bbox 3277 3702 3478 3760; x_wconf 90' lang='lat' dir='ltr'><strong>diebus</strong></span> 
     </span>
    </p>
   </div>
   <div class='ocr_carea' id='block_1_100' title="bbox 1898 3775 3478 3863">
    <p class='ocr_par' dir='ltr' id='par_1_100' title="bbox 1898 3775 3478 3863">
     <span class='ocr_line' id='line_1_100' title="bbox 1898 3775 3478 3863; baseline 0.018 -37"><span class='ocrx_word' id='word_1_739' title='bbox 1898 3775 2047 3830; x_wconf 89' lang='lat' dir='ltr'><strong>mille</strong></span> <span class='ocrx_word' id='word_1_740' title='bbox 2087 3778 2339 3838; x_wconf 88' lang='lat' dir='ltr'><strong>ducentis</strong></span> <span class='ocrx_word' id='word_1_741' title='bbox 2387 3775 2462 3838; x_wconf 79' lang='lat' dir='ltr'><strong>et</strong></span> <span class='ocrx_word' id='word_1_742' title='bbox 2489 3787 2786 3856; x_wconf 80' lang='lat' dir='ltr'><strong>nonaginta</strong></span> <span class='ocrx_word' id='word_1_743' title='bbox 2821 3805 2937 3844; x_wconf 84' lang='lat' dir='ltr'><strong>sex.</strong></span> <span class='ocrx_word' id='word_1_744' title='bbox 2971 3791 3097 3846; x_wconf 67' lang='lat' dir='ltr'><strong>Haec</strong></span> <span class='ocrx_word' id='word_1_745' title='bbox 3147 3794 3368 3863; x_wconf 89' lang='lat' dir='ltr'><strong>quidem</strong></span> <span class='ocrx_word' id='word_1_746' title='bbox 3418 3813 3478 3856; x_wconf 86' lang='lat' dir='ltr'><strong>se</strong></span> 
     </span>
    </p>
   </div>
   <div class='ocr_carea' id='block_1_101' title="bbox 1900 3865 3481 3951">
    <p class='ocr_par' dir='ltr' id='par_1_101' title="bbox 1900 3865 3481 3951">
     <span class='ocr_line' id='line_1_101' title="bbox 1900 3865 3481 3951; baseline 0.017 -36"><span class='ocrx_word' id='word_1_747' title='bbox 1900 3865 2107 3920; x_wconf 79' lang='lat' dir='ltr'><strong>vidisse</strong></span> <span class='ocrx_word' id='word_1_748' title='bbox 2134 3868 2191 3922; x_wconf 80' lang='lat' dir='ltr'><strong>in</strong></span> <span class='ocrx_word' id='word_1_749' title='bbox 2227 3887 2443 3942; x_wconf 86' lang='lat' dir='ltr'><strong>campo,</strong></span> <span class='ocrx_word' id='word_1_750' title='bbox 2484 3876 2578 3943; x_wconf 90' lang='lat' dir='ltr'><strong>qui</strong></span> <span class='ocrx_word' id='word_1_751' title='bbox 2629 3884 2714 3930; x_wconf 90' lang='lat' dir='ltr'><strong>est</strong></span> <span class='ocrx_word' id='word_1_752' title='bbox 2767 3878 2942 3945; x_wconf 90' lang='lat' dir='ltr'><strong>Susis,</strong></span> <span class='ocrx_word' id='word_1_753' title='bbox 2988 3882 3209 3951; x_wconf 88' lang='lat' dir='ltr'><strong>scripsit</strong></span> <span class='ocrx_word' id='word_1_754' title='bbox 3242 3886 3481 3942; x_wconf 75' lang='lat' dir='ltr'><strong>Daniel:</strong></span> 
     </span>
    </p>
   </div>
   <div class='ocr_carea' id='block_1_102' title="bbox 1900 3954 3476 4038">
    <p class='ocr_par' dir='ltr' id='par_1_102' title="bbox 1900 3954 3476 4038">
     <span class='ocr_line' id='line_1_102' title="bbox 1900 3954 3476 4038; baseline 0.013 -30"><span class='ocrx_word' id='word_1_755' title='bbox 1900 3954 2068 4009; x_wconf 87' lang='lat' dir='ltr'><strong>Deum</strong></span> <span class='ocrx_word' id='word_1_756' title='bbox 2125 3969 2309 4015; x_wconf 88' lang='lat' dir='ltr'><strong>autem</strong></span> <span class='ocrx_word' id='word_1_757' title='bbox 2367 3978 2586 4027; x_wconf 89' lang='lat' dir='ltr'><strong>eorum,</strong></span> <span class='ocrx_word' id='word_1_758' title='bbox 2632 3981 2754 4035; x_wconf 66' lang='lat' dir='ltr'><strong>quae</strong></span> <span class='ocrx_word' id='word_1_759' title='bbox 2797 3967 3150 4038; x_wconf 81' lang='lat' dir='ltr'><strong>adspexcrat,</strong></span> <span class='ocrx_word' id='word_1_760' title='bbox 3204 3972 3476 4028; x_wconf 85' lang='lat' dir='ltr'><strong>visionem</strong></span> 
     </span>
    </p>
   </div>
   <div class='ocr_carea' id='block_1_103' title="bbox 1899 4048 3543 4138">
    <p class='ocr_par' dir='ltr' id='par_1_103' title="bbox 1899 4048 3543 4138">
     <span class='ocr_line' id='line_1_103' title="bbox 1899 4048 3543 4138; baseline 0.013 -37"><span class='ocrx_word' id='word_1_761' title='bbox 1899 4048 2116 4104; x_wconf 89' lang='lat' dir='ltr'><strong>dicebat</strong></span> <span class='ocrx_word' id='word_1_762' title='bbox 2146 4054 2230 4108; x_wconf 87' lang='lat' dir='ltr'><strong>sic</strong></span> <span class='ocrx_word' id='word_1_763' title='bbox 2279 4055 2387 4109; x_wconf 90' lang='lat' dir='ltr'><strong>sibi</strong></span> <span class='ocrx_word' id='word_1_764' title='bbox 2437 4057 2769 4115; x_wconf 86' lang='lat' dir='ltr'><strong>declarasse.</strong></span> <span class='ocrx_word' id='word_1_765' title='bbox 2808 4061 2944 4114; x_wconf 81' lang='lat' dir='ltr'><strong>Nam</strong></span> <span class='ocrx_word' id='word_1_766' title='bbox 2986 4065 3216 4120; x_wconf 86' lang='lat' dir='ltr'><strong>arietem</strong></span> <span class='ocrx_word' id='word_1_767' title='bbox 3249 4067 3480 4138; x_wconf 87' lang='lat' dir='ltr'><strong>quidem</strong></span> <span class='ocrx_word' id='word_1_768' title='bbox 3533 4085 3543 4095; x_wconf 92' lang='grc'>·</span> 
     </span>
    </p>
   </div>
   <div class='ocr_carea' id='block_1_104' title="bbox 1899 4141 3469 4222">
    <p class='ocr_par' dir='ltr' id='par_1_104' title="bbox 1899 4141 3469 4222">
     <span class='ocr_line' id='line_1_104' title="bbox 1899 4141 3469 4222; baseline 0.011 -28"><span class='ocrx_word' id='word_1_769' title='bbox 1899 4141 2117 4194; x_wconf 89' lang='lat' dir='ltr'><strong>dicebat</strong></span> <span class='ocrx_word' id='word_1_770' title='bbox 2154 4145 2464 4213; x_wconf 85' lang='lat' dir='ltr'><strong>significare</strong></span> <span class='ocrx_word' id='word_1_771' title='bbox 2494 4165 2659 4220; x_wconf 81' lang='lat' dir='ltr'><strong>regna</strong></span> <span class='ocrx_word' id='word_1_772' title='bbox 2699 4151 2985 4210; x_wconf 84' lang='lat' dir='ltr'><strong>Medorum</strong></span> <span class='ocrx_word' id='word_1_773' title='bbox 3028 4163 3083 4208; x_wconf 89' lang='lat' dir='ltr'><strong>et</strong></span> <span class='ocrx_word' id='word_1_774' title='bbox 3123 4155 3418 4211; x_wconf 83' lang='lat' dir='ltr'><strong>Persarum</strong></span> <span class='ocrx_word' id='word_1_775' title='bbox 3455 4178 3469 4222; x_wconf 83' lang='lat'><strong>;</strong></span> 
     </span>
    </p>
   </div>
   <div class='ocr_carea' id='block_1_105' title="bbox 1899 4242 3476 4320">
    <p class='ocr_par' dir='ltr' id='par_1_105' title="bbox 1899 4242 3476 4320">
     <span class='ocr_line' id='line_1_105' title="bbox 1899 4242 3476 4320; baseline 0.014 -36"><span class='ocrx_word' id='word_1_776' title='bbox 1899 4246 2109 4286; x_wconf 88' lang='lat' dir='ltr'><strong>cornua</strong></span> <span class='ocrx_word' id='word_1_777' title='bbox 2146 4245 2355 4303; x_wconf 88' lang='lat' dir='ltr'><strong>autem,</strong></span> <span class='ocrx_word' id='word_1_778' title='bbox 2415 4255 2512 4295; x_wconf 89' lang='lat' dir='ltr'><strong>eos</strong></span> <span class='ocrx_word' id='word_1_779' title='bbox 2569 4242 2665 4311; x_wconf 92' lang='lat' dir='ltr'><strong>qui</strong></span> <span class='ocrx_word' id='word_1_780' title='bbox 2723 4247 2885 4296; x_wconf 88' lang='lat' dir='ltr'><strong>erant</strong></span> <span class='ocrx_word' id='word_1_781' title='bbox 2936 4251 3237 4314; x_wconf 88' lang='lat' dir='ltr'><strong>regnaturi.</strong></span> <span class='ocrx_word' id='word_1_782' title='bbox 3294 4250 3476 4320; x_wconf 84' lang='lat' dir='ltr'><strong>Ipsum</strong></span> 
     </span>
    </p>
   </div>
   <div class='ocr_carea' id='block_1_106' title="bbox 1898 4331 3478 4408">
    <p class='ocr_par' dir='ltr' id='par_1_106' title="bbox 1898 4331 3478 4408">
     <span class='ocr_line' id='line_1_106' title="bbox 1898 4331 3478 4408; baseline 0.013 -30"><span class='ocrx_word' id='word_1_783' title='bbox 1898 4341 2032 4381; x_wconf 88' lang='lat' dir='ltr'><strong>vero</strong></span> <span class='ocrx_word' id='word_1_784' title='bbox 2063 4342 2235 4383; x_wconf 90' lang='lat' dir='ltr'><strong>cornu</strong></span> <span class='ocrx_word' id='word_1_785' title='bbox 2269 4331 2547 4396; x_wconf 90' lang='lat' dir='ltr'><strong>ultimum,</strong></span> <span class='ocrx_word' id='word_1_786' title='bbox 2579 4333 2853 4404; x_wconf 80' lang='lat' dir='ltr'><strong>significat</strong></span> <span class='ocrx_word' id='word_1_787' title='bbox 2881 4336 3058 4408; x_wconf 82' lang='lat' dir='ltr'><strong>ipsiim</strong></span> <span class='ocrx_word' id='word_1_788' title='bbox 3096 4340 3352 4396; x_wconf 90' lang='lat' dir='ltr'><strong>ultimum</strong></span> <span class='ocrx_word' id='word_1_789' title='bbox 3391 4361 3478 4397; x_wconf 90' lang='lat' dir='ltr'><strong>re-</strong></span> 
     </span>
    </p>
   </div>
   <div class='ocr_carea' id='block_1_107' title="bbox 1902 4421 3476 4500">
    <p class='ocr_par' dir='ltr' id='par_1_107' title="bbox 1902 4421 3476 4500">
     <span class='ocr_line' id='line_1_107' title="bbox 1902 4421 3476 4500; baseline 0.013 -29"><span class='ocrx_word' id='word_1_790' title='bbox 1902 4435 2048 4488; x_wconf 89' lang='lat' dir='ltr'><strong>gem.</strong></span> <span class='ocrx_word' id='word_1_791' title='bbox 2085 4421 2310 4476; x_wconf 88' lang='lat' dir='ltr'><strong>Dicebat</strong></span> <span class='ocrx_word' id='word_1_792' title='bbox 2347 4424 2495 4478; x_wconf 89' lang='lat' dir='ltr'><strong>enim</strong></span> <span class='ocrx_word' id='word_1_793' title='bbox 2532 4424 2671 4492; x_wconf 89' lang='lat' dir='ltr'><strong>fore,</strong></span> <span class='ocrx_word' id='word_1_794' title='bbox 2711 4437 2771 4482; x_wconf 88' lang='lat' dir='ltr'><strong>ut</strong></span> <span class='ocrx_word' id='word_1_795' title='bbox 2803 4428 2850 4483; x_wconf 88' lang='lat' dir='ltr'><strong>is</strong></span> <span class='ocrx_word' id='word_1_796' title='bbox 2907 4442 3192 4500; x_wconf 83' lang='lat' dir='ltr'><strong>praestaret</strong></span> <span class='ocrx_word' id='word_1_797' title='bbox 3239 4439 3476 4500; x_wconf 70' lang='lat' dir='ltr'><strong>caeteris.</strong></span> 
     </span>
    </p>
   </div>
   <div class='ocr_carea' id='block_1_108' title="bbox 1903 4516 3473 4594">
    <p class='ocr_par' dir='ltr' id='par_1_108' title="bbox 1903 4516 3473 4594">
     <span class='ocr_line' id='line_1_108' title="bbox 1903 4516 3473 4594; baseline 0.013 -25"><span class='ocrx_word' id='word_1_798' title='bbox 1903 4523 1960 4569; x_wconf 87' lang='lat' dir='ltr'><strong>et</strong></span> <span class='ocrx_word' id='word_1_799' title='bbox 1990 4516 2200 4572; x_wconf 88' lang='lat' dir='ltr'><strong>divitiis</strong></span> <span class='ocrx_word' id='word_1_800' title='bbox 2237 4529 2291 4574; x_wconf 84' lang='lat' dir='ltr'><strong>et</strong></span> <span class='ocrx_word' id='word_1_801' title='bbox 2330 4521 2504 4589; x_wconf 88' lang='lat' dir='ltr'><strong>gloria</strong></span> <span class='ocrx_word' id='word_1_802' title='bbox 2538 4532 2594 4577; x_wconf 91' lang='lat' dir='ltr'><strong>et</strong></span> <span class='ocrx_word' id='word_1_803' title='bbox 2624 4524 2734 4579; x_wconf 85' lang='lat' dir='ltr'><strong>alio</strong></span> <span class='ocrx_word' id='word_1_804' title='bbox 2763 4528 3078 4594; x_wconf 78' lang='lat' dir='ltr'><strong>splendore.</strong></span> <span class='ocrx_word' id='word_1_805' title='bbox 3113 4531 3337 4586; x_wconf 88' lang='lat' dir='ltr'><strong>Hircum</strong></span> <span class='ocrx_word' id='word_1_806' title='bbox 3374 4551 3473 4588; x_wconf 88' lang='lat' dir='ltr'><strong>au-</strong></span> 
     </span>
    </p>
   </div>
   <div class='ocr_carea' id='block_1_109' title="bbox 1904 4610 3479 4693">
    <p class='ocr_par' dir='ltr' id='par_1_109' title="bbox 1904 4610 3479 4693">
     <span class='ocr_line' id='line_1_109' title="bbox 1904 4610 3479 4693; baseline 0.013 -33"><span class='ocrx_word' id='word_1_807' title='bbox 1904 4616 2033 4674; x_wconf 92' lang='lat' dir='ltr'><strong>tem,</strong></span> <span class='ocrx_word' id='word_1_808' title='bbox 2071 4610 2382 4680; x_wconf 88' lang='lat' dir='ltr'><strong>significare</strong></span> <span class='ocrx_word' id='word_1_809' title='bbox 2415 4614 2660 4667; x_wconf 87' lang='lat' dir='ltr'><strong>futurum</strong></span> <span class='ocrx_word' id='word_1_810' title='bbox 2706 4632 2772 4670; x_wconf 78' lang='lat' dir='ltr'><strong>ex</strong></span> <span class='ocrx_word' id='word_1_811' title='bbox 2808 4617 3013 4672; x_wconf 73' lang='lat' dir='ltr'><strong>Grmcis</strong></span> <span class='ocrx_word' id='word_1_812' title='bbox 3059 4638 3243 4691; x_wconf 81' lang='lat' dir='ltr'><strong>regem</strong></span> <span class='ocrx_word' id='word_1_813' title='bbox 3280 4641 3479 4693; x_wconf 88' lang='lat' dir='ltr'><strong>quent-</strong></span> 
     </span>
    </p>
   </div>
   <div class='ocr_carea' id='block_1_110' title="bbox 1900 4699 3476 4788">
    <p class='ocr_par' dir='ltr' id='par_1_110' title="bbox 1900 4699 3476 4788">
     <span class='ocr_line' id='line_1_110' title="bbox 1900 4699 3476 4788; baseline 0.014 -37"><span class='ocrx_word' id='word_1_814' title='bbox 1900 4699 2048 4763; x_wconf 88' lang='lat' dir='ltr'><strong>dam,</strong></span> <span class='ocrx_word' id='word_1_815' title='bbox 2119 4704 2212 4770; x_wconf 91' lang='lat' dir='ltr'><strong>qui</strong></span> <span class='ocrx_word' id='word_1_816' title='bbox 2264 4705 2349 4757; x_wconf 86' lang='lat' dir='ltr'><strong>bis</strong></span> <span class='ocrx_word' id='word_1_817' title='bbox 2405 4721 2528 4761; x_wconf 91' lang='lat' dir='ltr'><strong>eum</strong></span> <span class='ocrx_word' id='word_1_818' title='bbox 2560 4706 2727 4763; x_wconf 87' lang='lat' dir='ltr'><strong>Persa</strong></span> <span class='ocrx_word' id='word_1_819' title='bbox 2771 4708 3095 4781; x_wconf 82' lang='lat' dir='ltr'><strong>conﬂigens,</strong></span> <span class='ocrx_word' id='word_1_820' title='bbox 3135 4727 3261 4768; x_wconf 91' lang='lat' dir='ltr'><strong>eum</strong></span> <span class='ocrx_word' id='word_1_821' title='bbox 3298 4733 3476 4788; x_wconf 84' lang='lat' dir='ltr'><strong>pugna</strong></span> 
     </span>
    </p>
   </div>
   <div class='ocr_carea' id='block_1_111' title="bbox 1899 4793 3477 4879">
    <p class='ocr_par' dir='ltr' id='par_1_111' title="bbox 1899 4793 3477 4879">
     <span class='ocr_line' id='line_1_111' title="bbox 1899 4793 3477 4879; baseline 0.013 -35"><span class='ocrx_word' id='word_1_822' title='bbox 1899 4793 2170 4861; x_wconf 80' lang='lat' dir='ltr'><strong>vinceret,</strong></span> <span class='ocrx_word' id='word_1_823' title='bbox 2220 4803 2278 4849; x_wconf 89' lang='lat' dir='ltr'><strong>et</strong></span> <span class='ocrx_word' id='word_1_824' title='bbox 2324 4799 2642 4854; x_wconf 88' lang='lat' dir='ltr'><strong>universum</strong></span> <span class='ocrx_word' id='word_1_825' title='bbox 2699 4815 3007 4859; x_wconf 86' lang='lat' dir='ltr'><strong>assumeret</strong></span> <span class='ocrx_word' id='word_1_826' title='bbox 3057 4808 3477 4879; x_wconf 87' lang='lat' dir='ltr'><strong>principatum:</strong></span> 
     </span>
    </p>
   </div>
   <div class='ocr_carea' id='block_1_112' title="bbox 1903 4888 3477 4965">
    <p class='ocr_par' dir='ltr' id='par_1_112' title="bbox 1903 4888 3477 4965">
     <span class='ocr_line' id='line_1_112' title="bbox 1903 4888 3477 4965; baseline 0.012 -25"><span class='ocrx_word' id='word_1_827' title='bbox 1903 4888 2206 4956; x_wconf 86' lang='lat' dir='ltr'><strong>significari</strong></span> <span class='ocrx_word' id='word_1_828' title='bbox 2244 4906 2374 4944; x_wconf 84' lang='lat' dir='ltr'><strong>vero</strong></span> <span class='ocrx_word' id='word_1_829' title='bbox 2410 4907 2436 4945; x_wconf 88' lang='lat' dir='ltr'><strong>a</strong></span> <span class='ocrx_word' id='word_1_830' title='bbox 2474 4909 2670 4964; x_wconf 81' lang='lat' dir='ltr'><strong>magno</strong></span> <span class='ocrx_word' id='word_1_831' title='bbox 2697 4911 2891 4959; x_wconf 90' lang='lat' dir='ltr'><strong>cornu,</strong></span> <span class='ocrx_word' id='word_1_832' title='bbox 2925 4899 3070 4965; x_wconf 89' lang='lat' dir='ltr'><strong>quod</strong></span> <span class='ocrx_word' id='word_1_833' title='bbox 3097 4910 3181 4954; x_wconf 91' lang='lat' dir='ltr'><strong>est</strong></span> <span class='ocrx_word' id='word_1_834' title='bbox 3214 4902 3265 4954; x_wconf 90' lang='lat' dir='ltr'><strong>in</strong></span> <span class='ocrx_word' id='word_1_835' title='bbox 3299 4903 3477 4960; x_wconf 88' lang='lat' dir='ltr'><strong>fronte</strong></span> 
     </span>
    </p>
   </div>
   <div class='ocr_carea' id='block_1_113' title="bbox 1901 4980 3475 5066">
    <p class='ocr_par' dir='ltr' id='par_1_113' title="bbox 1901 4980 3475 5066">
     <span class='ocr_line' id='line_1_113' title="bbox 1901 4980 3475 5066; baseline 0.011 -34"><span class='ocrx_word' id='word_1_836' title='bbox 1901 4980 2066 5044; x_wconf 83' lang='lat' dir='ltr'><strong>hirci,</strong></span> <span class='ocrx_word' id='word_1_837' title='bbox 2113 4980 2351 5048; x_wconf 90' lang='lat' dir='ltr'><strong>primum</strong></span> <span class='ocrx_word' id='word_1_838' title='bbox 2415 5000 2615 5054; x_wconf 84' lang='lat' dir='ltr'><strong>regem.</strong></span> <span class='ocrx_word' id='word_1_839' title='bbox 2663 4989 2870 5042; x_wconf 84' lang='lat' dir='ltr'><strong>Deinde</strong></span> <span class='ocrx_word' id='word_1_840' title='bbox 2916 4991 3080 5044; x_wconf 88' lang='lat' dir='ltr'><strong>etiam</strong></span> <span class='ocrx_word' id='word_1_841' title='bbox 3116 5002 3299 5047; x_wconf 89' lang='lat' dir='ltr'><strong>ortum</strong></span> <span class='ocrx_word' id='word_1_842' title='bbox 3337 5011 3475 5066; x_wconf 59' lang='lat' dir='ltr'><strong>qua-</strong></span> 
     </span>
    </p>
   </div>
   <div class='ocr_carea' id='block_1_114' title="bbox 1903 5078 3477 5157">
    <p class='ocr_par' dir='ltr' id='par_1_114' title="bbox 1903 5078 3477 5157">
     <span class='ocr_line' id='line_1_114' title="bbox 1903 5078 3477 5157; baseline 0.011 -33"><span class='ocrx_word' id='word_1_843' title='bbox 1903 5081 2028 5126; x_wconf 86' lang='lat' dir='ltr'><strong>tuor</strong></span> <span class='ocrx_word' id='word_1_844' title='bbox 2063 5089 2275 5142; x_wconf 89' lang='lat' dir='ltr'><strong>regum,</strong></span> <span class='ocrx_word' id='word_1_845' title='bbox 2319 5090 2443 5130; x_wconf 88' lang='lat' dir='ltr'><strong>cum</strong></span> <span class='ocrx_word' id='word_1_846' title='bbox 2508 5078 2596 5134; x_wconf 92' lang='lat' dir='ltr'><strong>ille</strong></span> <span class='ocrx_word' id='word_1_847' title='bbox 2625 5081 2997 5142; x_wconf 81' lang='lat' dir='ltr'><strong>excessisset:</strong></span> <span class='ocrx_word' id='word_1_848' title='bbox 3038 5085 3477 5157; x_wconf 85' lang='lat' dir='ltr'><strong>uniuscujusque</strong></span> 
     </span>
    </p>
   </div>
   <div class='ocr_carea' id='block_1_115' title="bbox 1900 5173 3480 5246">
    <p class='ocr_par' dir='ltr' id='par_1_115' title="bbox 1900 5173 3480 5246">
     <span class='ocr_line' id='line_1_115' title="bbox 1900 5173 3480 5246; baseline 0.009 -26"><span class='ocrx_word' id='word_1_849' title='bbox 1900 5177 2085 5221; x_wconf 85' lang='lat' dir='ltr'><strong>autem</strong></span> <span class='ocrx_word' id='word_1_850' title='bbox 2151 5185 2343 5223; x_wconf 88' lang='lat' dir='ltr'><strong>eorum</strong></span> <span class='ocrx_word' id='word_1_851' title='bbox 2405 5173 2766 5228; x_wconf 85' lang='lat' dir='ltr'><strong>conversione</strong></span> <span class='ocrx_word' id='word_1_852' title='bbox 2830 5176 2897 5246; x_wconf 81' lang='lat' dir='ltr'><strong>ad</strong></span> <span class='ocrx_word' id='word_1_853' title='bbox 2955 5184 3194 5245; x_wconf 87' lang='lat' dir='ltr'><strong>quatuor</strong></span> <span class='ocrx_word' id='word_1_854' title='bbox 3257 5181 3480 5234; x_wconf 86' lang='lat' dir='ltr'><strong>climata</strong></span> 
     </span>
    </p>
   </div>
   <div class='ocr_carea' id='block_1_116' title="bbox 1900 5263 3481 5342">
    <p class='ocr_par' dir='ltr' id='par_1_116' title="bbox 1900 5263 3481 5342">
     <span class='ocr_line' id='line_1_116' title="bbox 1900 5263 3481 5342; baseline 0.011 -28"><span class='ocrx_word' id='word_1_855' title='bbox 1900 5269 2060 5317; x_wconf 72' lang='lat' dir='ltr'><strong>terra:</strong></span> <span class='ocrx_word' id='word_1_856' title='bbox 2090 5263 2328 5320; x_wconf 85' lang='lat' dir='ltr'><strong>describi</strong></span> <span class='ocrx_word' id='word_1_857' title='bbox 2362 5282 2714 5323; x_wconf 87' lang='lat' dir='ltr'><strong>successores</strong></span> <span class='ocrx_word' id='word_1_858' title='bbox 2748 5280 2870 5339; x_wconf 89' lang='lat' dir='ltr'><strong>post</strong></span> <span class='ocrx_word' id='word_1_859' title='bbox 2904 5282 3138 5326; x_wconf 80' lang='lat' dir='ltr'><strong>mortem</strong></span> <span class='ocrx_word' id='word_1_860' title='bbox 3193 5275 3353 5342; x_wconf 89' lang='lat' dir='ltr'><strong>primi</strong></span> <span class='ocrx_word' id='word_1_861' title='bbox 3394 5293 3481 5332; x_wconf 86' lang='lat' dir='ltr'><strong>re-</strong></span> 
     </span>
    </p>
   </div>
   <div class='ocr_carea' id='block_1_117' title="bbox 1901 5357 3477 5427">
    <p class='ocr_par' dir='ltr' id='par_1_117' title="bbox 1901 5357 3477 5427">
     <span class='ocr_line' id='line_1_117' title="bbox 1901 5357 3477 5427; baseline 0.01 -21"><span class='ocrx_word' id='word_1_862' title='bbox 1901 5358 2003 5425; x_wconf 82' lang='lat' dir='ltr'><strong>gis,</strong></span> <span class='ocrx_word' id='word_1_863' title='bbox 2023 5368 2077 5412; x_wconf 93' lang='lat' dir='ltr'><strong>et</strong></span> <span class='ocrx_word' id='word_1_864' title='bbox 2101 5357 2398 5427; x_wconf 82' lang='lat' dir='ltr'><strong>significari</strong></span> <span class='ocrx_word' id='word_1_865' title='bbox 2424 5358 2619 5413; x_wconf 87' lang='lat' dir='ltr'><strong>factam</strong></span> <span class='ocrx_word' id='word_1_866' title='bbox 2649 5362 2714 5414; x_wconf 89' lang='lat' dir='ltr'><strong>ab</strong></span> <span class='ocrx_word' id='word_1_867' title='bbox 2731 5361 2812 5414; x_wconf 91' lang='lat' dir='ltr'><strong>eis</strong></span> <span class='ocrx_word' id='word_1_868' title='bbox 2837 5360 3182 5418; x_wconf 90' lang='lat' dir='ltr'><strong>divisionem.</strong></span> <span class='ocrx_word' id='word_1_869' title='bbox 3208 5365 3477 5421; x_wconf 85' lang='lat' dir='ltr'><strong>Futurum</strong></span> 
     </span>
    </p>
   </div>
   <div class='ocr_carea' id='block_1_118' title="bbox 1901 5450 3474 5526">
    <p class='ocr_par' dir='ltr' id='par_1_118' title="bbox 1901 5450 3474 5526">
     <span class='ocr_line' id='line_1_118' title="bbox 1901 5450 3474 5526; baseline 0.006 -23"><span class='ocrx_word' id='word_1_870' title='bbox 1901 5460 2082 5507; x_wconf 81' lang='lat' dir='ltr'><strong>autem</strong></span> <span class='ocrx_word' id='word_1_871' title='bbox 2111 5450 2279 5503; x_wconf 91' lang='lat' dir='ltr'><strong>alium</strong></span> <span class='ocrx_word' id='word_1_872' title='bbox 2309 5467 2526 5521; x_wconf 87' lang='lat' dir='ltr'><strong>quoque</strong></span> <span class='ocrx_word' id='word_1_873' title='bbox 2555 5454 2848 5520; x_wconf 88' lang='lat' dir='ltr'><strong>quemdam</strong></span> <span class='ocrx_word' id='word_1_874' title='bbox 2879 5471 2942 5508; x_wconf 84' lang='lat' dir='ltr'><strong>ex</strong></span> <span class='ocrx_word' id='word_1_875' title='bbox 2975 5456 3042 5510; x_wconf 91' lang='lat' dir='ltr'><strong>iis</strong></span> <span class='ocrx_word' id='word_1_876' title='bbox 3072 5473 3285 5526; x_wconf 84' lang='lat' dir='ltr'><strong>regem,</strong></span> <span class='ocrx_word' id='word_1_877' title='bbox 3317 5461 3474 5513; x_wconf 86' lang='lat' dir='ltr'><strong>vultu</strong></span> 
     </span>
    </p>
   </div>
   <div class='ocr_carea' id='block_1_119' title="bbox 1902 5540 3478 5610">
    <p class='ocr_par' dir='ltr' id='par_1_119' title="bbox 1902 5540 3478 5610">
     <span class='ocr_line' id='line_1_119' title="bbox 1902 5540 3478 5610; baseline 0.006 -19"><span class='ocrx_word' id='word_1_878' title='bbox 1902 5540 2125 5609; x_wconf 87' lang='lat' dir='ltr'><strong>quidem</strong></span> <span class='ocrx_word' id='word_1_879' title='bbox 2181 5541 2603 5610; x_wconf 56' lang='lat' dir='ltr'><strong>impudentem;</strong></span> <span class='ocrx_word' id='word_1_880' title='bbox 2636 5543 2894 5596; x_wconf 88' lang='lat' dir='ltr'><strong>idoneum</strong></span> <span class='ocrx_word' id='word_1_881' title='bbox 2953 5561 3086 5598; x_wconf 90' lang='lat' dir='ltr'><strong>vero</strong></span> <span class='ocrx_word' id='word_1_882' title='bbox 3142 5547 3208 5599; x_wconf 89' lang='lat' dir='ltr'><strong>ad</strong></span> <span class='ocrx_word' id='word_1_883' title='bbox 3273 5547 3478 5601; x_wconf 91' lang='lat' dir='ltr'><strong>intelli-</strong></span> 
     </span>
    </p>
   </div>
   <div class='ocr_carea' id='block_1_120' title="bbox 1904 5622 3481 5708">
    <p class='ocr_par' dir='ltr' id='par_1_120' title="bbox 1904 5622 3481 5708">
     <span class='ocr_line' id='line_1_120' title="bbox 1904 5622 3481 5708; baseline 0.004 -20"><span class='ocrx_word' id='word_1_884' title='bbox 1904 5622 2080 5703; x_wconf 80' lang='lat' dir='ltr'><strong>genda</strong></span> <span class='ocrx_word' id='word_1_885' title='bbox 2129 5633 2467 5703; x_wconf 90' lang='lat' dir='ltr'><strong>problemata</strong></span> <span class='ocrx_word' id='word_1_886' title='bbox 2520 5637 2654 5706; x_wconf 89' lang='lat' dir='ltr'><strong>:qui</strong></span> <span class='ocrx_word' id='word_1_887' title='bbox 2686 5645 2740 5690; x_wconf 90' lang='lat' dir='ltr'><strong>et</strong></span> <span class='ocrx_word' id='word_1_888' title='bbox 2773 5635 2900 5691; x_wconf 87' lang='lat' dir='ltr'><strong>dolo</strong></span> <span class='ocrx_word' id='word_1_889' title='bbox 2938 5639 3139 5693; x_wconf 81' lang='lat' dir='ltr'><strong>multos</strong></span> <span class='ocrx_word' id='word_1_890' title='bbox 3179 5639 3481 5708; x_wconf 90' lang='lat' dir='ltr'><strong>interimet,</strong></span> 
     </span>
    </p>
   </div>
   <div class='ocr_carea' id='block_1_121' title="bbox 1906 5727 3481 5789">
    <p class='ocr_par' dir='ltr' id='par_1_121' title="bbox 1906 5727 3481 5789">
     <span class='ocr_line' id='line_1_121' title="bbox 1906 5727 3481 5789; baseline 0.007 -11"><span class='ocrx_word' id='word_1_891' title='bbox 1906 5734 1961 5779; x_wconf 91' lang='lat' dir='ltr'><strong>et</strong></span> <span class='ocrx_word' id='word_1_892' title='bbox 1999 5727 2165 5781; x_wconf 84' lang='lat' dir='ltr'><strong>stabit</strong></span> <span class='ocrx_word' id='word_1_893' title='bbox 2199 5727 2265 5782; x_wconf 89' lang='lat' dir='ltr'><strong>ad</strong></span> <span class='ocrx_word' id='word_1_894' title='bbox 2324 5728 2607 5783; x_wconf 89' lang='lat' dir='ltr'><strong>interitum</strong></span> <span class='ocrx_word' id='word_1_895' title='bbox 2643 5729 2944 5784; x_wconf 83' lang='lat' dir='ltr'><strong>multorum</strong></span> <span class='ocrx_word' id='word_1_896' title='bbox 2995 5750 3008 5784; x_wconf 89' lang='lat'><strong>:</strong></span> <span class='ocrx_word' id='word_1_897' title='bbox 3038 5731 3265 5787; x_wconf 80' lang='lat' dir='ltr'><strong>bellabit</strong></span> <span class='ocrx_word' id='word_1_898' title='bbox 3296 5744 3481 5789; x_wconf 87' lang='lat' dir='ltr'><strong>autem</strong></span> 
     </span>
    </p>
   </div>
   <div class='ocr_carea' id='block_1_122' title="bbox 1909 5820 3485 5894">
    <p class='ocr_par' dir='ltr' id='par_1_122' title="bbox 1909 5820 3485 5894">
     <span class='ocr_line' id='line_1_122' title="bbox 1909 5820 3485 5894; baseline 0.004 -19"><span class='ocrx_word' id='word_1_899' title='bbox 1909 5820 2176 5877; x_wconf 83' lang='lat' dir='ltr'><strong>adversus</strong></span> <span class='ocrx_word' id='word_1_900' title='bbox 2214 5831 2456 5893; x_wconf 82' lang='lat' dir='ltr'><strong>gentem,</strong></span> <span class='ocrx_word' id='word_1_901' title='bbox 2503 5831 2558 5877; x_wconf 90' lang='lat' dir='ltr'><strong>et</strong></span> <span class='ocrx_word' id='word_1_902' title='bbox 2596 5837 2788 5879; x_wconf 85' lang='lat' dir='ltr'><strong>eorum</strong></span> <span class='ocrx_word' id='word_1_903' title='bbox 2821 5823 2970 5894; x_wconf 84' lang='lat' dir='ltr'><strong>leges</strong></span> <span class='ocrx_word' id='word_1_904' title='bbox 3018 5824 3235 5879; x_wconf 85' lang='lat' dir='ltr'><strong>fortiter</strong></span> <span class='ocrx_word' id='word_1_905' title='bbox 3285 5821 3485 5886; x_wconf 71' lang='lat' dir='ltr'><strong>dissoi~</strong></span> 
     </span>
    </p>
   </div>
   <div class='ocr_carea' id='block_1_123' title="bbox 3086 5918 3157 5980">
    <p class='ocr_par' dir='ltr' id='par_1_123' title="bbox 3086 5918 3157 5980">
     <span class='ocr_line' id='line_1_123' title="bbox 3086 5918 3157 5980; baseline 0.042 -3"><span class='ocrx_word' id='word_1_906' title='bbox 3086 5918 3157 5980; x_wconf 84' lang='lat'><strong>13</strong></span> 
     </span>
    </p>
   </div>
  </div>
