4188 6310
763 345 867 407 395

2059 342 2340 402 MENSIS
2371 327 2666 408 JuuiJs.

3912 348 4017 408 396

761 465 853 509 vet
887 472 897 507 :
931 454 1060 523 quin
1100 454 1265 508 etiam
1306 452 1569 522 templum
1593 467 1810 520 quoque
1841 451 2117 521 spoliabit,
2149 460 2203 504 et
2246 450 2335 503 de-

2448 454 2780 507 καταλύσει·
2842 456 2920 508 ἔτι
2979 474 3040 523 γε
3112 456 3217 527 μὴν
3284 457 3507 527 συλήσει
3564 459 3659 510 καὶ
3723 456 3815 509 τὶν
3869 459 4017 511 ναὸν·

760 546 894 601 lebit
927 544 1339 613 rempublicam.
1391 552 1445 597 et
1490 542 1809 611 prohibebit
1855 552 1966 595 tres
1999 556 2173 594 annos
2212 539 2332 591 ﬂeri

760 618 1049 694 sacriﬁcia.
1089 636 1211 691 llaec
1240 651 1459 706 quoque
1486 636 1569 689 sic
1613 634 1752 689 facta
1799 644 1927 688 sunt
1969 642 2025 689 et
2080 633 2146 687 ad
2196 634 2333 688 cﬂ'e-

761 738 911 783 etum
966 736 1363 797 pervenerunt,
1416 726 1689 779 Antiocho
1742 726 1997 779 videlicet
2046 735 2332 795 regnante,

762 824 852 892 qui
889 822 991 874 fuit
1032 819 1448 886 cognominatus
1477 818 1816 887 Epiphanes.

833 914 975 967 XXI.
1035 912 1292 967 Prmdixit
1346 922 1530 967 autem
1572 911 1689 980 ipsa
1746 910 1933 964 Daniel
1984 910 2171 967 multis
2210 922 2335 965 ante

759 1006 1237 1077 generationibus,
1272 1020 1395 1057 cum
1436 1006 1576 1057 Deus
1615 1003 1665 1057 ei
1695 1018 1756 1057 ea
1800 1002 2154 1065 ostendisset,
2187 1013 2243 1055 et
2278 1012 2337 1056 ut

762 1101 1041 1155 scriberet
1086 1098 1365 1152 effecisset
1399 1116 1409 1149 :
1443 1107 1502 1151 ut
1530 1104 1585 1151 et
1618 1098 1708 1163 qui
1741 1112 1803 1149 ea
1834 1095 2043 1164 legunt,
2073 1104 2127 1149 et
2149 1096 2335 1156 consi-

760 1193 957 1245 derant
991 1206 1052 1243 ea
1108 1205 1229 1259 quae
1257 1190 1541 1252 eveniunt,
1573 1198 1628 1243 et
1673 1188 1952 1241 Danielem
1992 1187 2338 1241 admirentur

758 1294 987 1353 pr0ptcr
1017 1284 1314 1346 honorem,
1365 1298 1475 1351 quo
1507 1283 1609 1335 fuit
1656 1281 1855 1350 dignus
1897 1296 1925 1334 a
1967 1281 2078 1334 Deo
2119 1278 2335 1350 judica-

762 1388 870 1440 tus,
898 1386 953 1431 et
985 1377 1269 1431 inveniant
1319 1375 1614 1444 Epicureos
1655 1375 1835 1427 hacin
1865 1388 1922 1426 re
1948 1372 2106 1426 valde
2130 1386 2336 1434 errare,

757 1469 851 1537 qui
902 1478 959 1522 et
1015 1467 1421 1537 providentiam
1472 1482 1502 1521 e
1536 1466 1649 1519 vita
1696 1465 2002 1534 expellunt,
2059 1472 2117 1517 et
2166 1464 2335 1517 Deum

757 1578 869 1615 non
921 1571 1151 1615 censent
1203 1574 1387 1614 I'CI‘UID
1446 1559 1811 1612 humanarum
1862 1569 2047 1608 curam
2104 1568 2335 1622 gerere:

758 1669 935 1723 neque
975 1670 1003 1706 a
1056 1653 1215 1707 beata
1263 1651 1528 1713 essentia,
1586 1658 1641 1703 et
1706 1648 1761 1701 in
1811 1662 1974 1717 quam
2025 1661 2135 1699 non
2192 1643 2338 1699 cadit

758 1745 1038 1809 interitus,
1080 1744 1145 1799 ad
1198 1743 1302 1798 hoc
1342 1751 1402 1795 ut
1451 1741 1707 1795 universa
1739 1746 2099 1809 permaneant
2134 1736 2337 1806 guber-

2440 547 2660 613 ἀφανιεῖ
2701 566 2757 600 τε
2790 549 2886 618 τὴν
2931 551 3210 603 πολιτείαν
3240 552 3457 613 καὶτὰς
3492 550 3681 614 θυσίας
3714 552 3808 603 ἐπὶ
3842 552 4019 620 τρισὶν

2442 638 2619 691 ἔτεσιν
2658 642 2907 713 ἀπείρξει
2938 644 3231 697 τελεῖσθαι.
3267 645 3462 712 Γέγονε
3498 647 3594 715 μὲν
3652 647 3795 698 οὕτω
3847 646 4017 699 ταῦτα

2440 729 2533 779 καὶ
2564 729 2641 790 είς
2672 731 2827 798 ἔργον
2858 732 3041 802 ἐξέϐη,
3082 735 3355 805 Ἀντιόχου
3382 736 3517 804 δῆτα
3549 736 3642 788 τοῦ
3684 737 4016 803 Ἐπιφανοῦς

2441 818 2854 888 βασιλεύοντος.
3327 885 3336 893 ,

2513 914 2641 966 ΚΑ’.
2682 915 2919 984 Προεῖπε
2945 916 2999 968 δὲ
3027 916 3163 968 αὐτὰ
3185 916 3383 986 Δανιὴλ
3413 918 3636 981 πολλαῖς
3665 919 3774 987 ἄρα
3801 922 4014 985 γενεαῖς

2442 1006 2733 1078 πρότερον,
2767 1007 2859 1059 τοῦ
2891 1008 3027 1061 Θεοῦ
3058 1008 3331 1073 δείξαντος
3367 1010 3516 1078 αὑτῷ
3552 1011 3724 1063 ταῦτα
3751 1013 3847 1064 καὶ
3883 1014 4018 1081 γρά-

2439 1097 2538 1166 ψαι
2590 1100 3135 1166 παρασκευάσαντος,
3182 1100 3320 1152 ὥστε
3353 1103 3475 1165 τοὺς
3502 1104 4016 1171 ἀναγιγνώσκοντας

2440 1190 2533 1240 καὶ
2578 1190 2644 1241 τὰ
2695 1190 3067 1259 συμϐαίνοντα
3122 1190 3461 1254 σκοποῦντας
3504 1192 3808 1261 θαυμάζειν
3839 1211 3899 1246 τε
3930 1194 4017 1245 τὸν

2439 1280 2638 1349 Δανιὴλ
2667 1282 2764 1349 τῆς
2787 1281 2977 1349 τιμῆς,
3009 1278 3076 1351 ἦς
3101 1282 3248 1345 ἄξιος
3276 1283 3468 1352 ἐκρίθη
3496 1286 3642 1353 παρὰ
3672 1284 3831 1349 Θεοῦ,
3865 1286 4017 1355 εὖρί·

2441 1388 2594 1423 σκειν
2638 1389 2697 1423 τε
2741 1380 2865 1435 τοὺς
2908 1375 3319 1443 Ἐπικουρείους
3350 1374 3600 1428 ἐντεῦθεν
3642 1377 3840 1446 κομιδῆ
3882 1377 4019 1429 πλαο

2441 1462 2738 1529 νωμένους,
2770 1464 2819 1515 οἶ
2848 1464 2947 1532 τήν
2974 1481 3029 1516 τε
3063 1465 3319 1533 πρόνοιαν
3377 1466 3697 1519 ἐκϐάλλουσι
3752 1467 3849 1519 τοῦ
3901 1468 4016 1538 βίου

2441 1556 2534 1608 καὶ
2568 1555 2699 1607 θεον
2722 1557 2822 1619 οὐκ
2854 1550 3063 1622 ἀξιοῦσι
3092 1556 3197 1608 τῶν
3229 1561 3571 1627 πραγμάτων
3605 1561 4015 1630 ἐπιτροπεύειν,

2440 1646 2561 1698 οὐδὲ
2594 1646 2699 1699 ὑπὸ
2728 1645 2828 1714 τῆς
2871 1646 3151 1716 μακαρίας
3184 1648 3277 1697 καὶ
3312 1648 3839 1716 ἀφθάρτουοφύσεως
3881 1648 4018 1717 πρὸς

2440 1738 2705 1808 διαμονὴν
2772 1738 2880 1790 τῶν
2940 1740 3077 1791 ὅλων
3141 1737 3512 1807 κυϐερνᾶσθαι
3570 1738 3637 1790 τὰ
3701 1739 4016 1807 σύμπαντα,

760 1840 877 1891 nari
926 1840 1134 1901 omnia,
1173 1836 1419 1890 carentia
1455 1834 1642 1903 auriga
1672 1843 1726 1887 et
1760 1841 2038 1887 curatore.
2072 1828 2333 1884 Mundum

2440 1832 2671 1901 ἄμοιρον
2696 1831 2749 1883 δὲ
2776 1832 2991 1900 ἡνιόχου
3019 1832 3111 1882 καὶ
3140 1828 3481 1901 φροντιστοῦ.
3506 1829 3606 1880 Τὸν
3628 1830 3834 1898 κόσμον
3862 1830 4023 1882 αὑτο-

760 1938 941 1983 autem
1005 1930 1324 1982 universum
1378 1925 1571 1979 dicunt
1611 1938 1709 1979 sua
1762 1932 1956 1993 sponte
2009 1920 2140 1976 ferri
2189 1938 2202 1975 :
2254 1919 2336 1975 sic

759 2022 901 2075 male
953 2020 1258 2075 sentientes
1302 2028 1354 2073 el
1389 2019 1639 2073 dicentes
1683 2026 1871 2086 aperte
1906 2014 2090 2070 stolidi
2138 2021 2194 2069 et
2241 2029 2335 2068 ne-

756 2110 1018 2173 scientes,
1057 2106 1206 2175 quod
1240 2121 1308 2160 ne
1352 2106 1506 2159 navis
1535 2104 1760 2173 quidem
1812 2105 1866 2157 in
1913 2112 2076 2171 portu
2122 2100 2336 2156 servari

754 2200 1020 2271 potuerit,
1060 2197 1272 2252 defecta
1313 2196 1682 2266 gubernatore
1728 2201 1783 2249 et
1828 2194 2029 2249 nautis.
2057 2193 2164 2248 Sed
2211 2193 2336 2263 quis

756 2291 812 2345 in
856 2289 1025 2343 rebus
1068 2287 1319 2343 honestis
1358 2286 1526 2341 fuerit
1565 2285 1704 2341 adeo
1745 2300 1939 2340 socors
1982 2295 2038 2339 et
2081 2286 2332 2353 ignavus,

756 2388 851 2433 aut
892 2372 1178 2433 auditores
1203 2386 1375 2430 tanta:
1418 2376 1698 2430 damnarit
1735 2375 2082 2444 negligentiae
2108 2383 2163 2428 et
2194 2389 2337 2428 som-

755 2470 1041 2534 nolentize,
1074 2479 1135 2523 ut
1181 2484 1289 2521 non
1336 2467 1571 2521 aliorum
1629 2467 1794 2520 etiam
1841 2466 2155 2520 meminerit
2211 2481 2337 2535 pro-

753 2563 933 2632 phetae
973 2562 1136 2633 hujus
1169 2559 1536 2626 admirabilis,
1570 2575 1690 2629 quae
1737 2570 1792 2614 et
1843 2568 2075 2628 possunt
2108 2558 2323 2614 atiicere

756 2654 1146 2719 admiratione,
1173 2662 1229 2708 et
1275 2666 1529 2722 magnam
1573 2652 1769 2706 atl'erre
1819 2652 2111 2706 utilitatem
2138 2651 2336 2705 animis

757 2744 1076 2797 auditorum
1106 2742 1128 2795 ?

827 2835 995 2890 XXII.
1030 2835 1162 2889 Erat
1194 2834 1344 2888 enim
1380 2842 1511 2887 tunc
1541 2832 1684 2899 apud
1716 2831 2046 2901 Babylonios
2107 2830 2337 2883 simula-

755 2941 936 2991 crum,
958 2925 1102 2994 quod
1135 2926 1188 2979 in
1222 2938 1419 2993 magno
1450 2923 1757 2976 habebatur
1782 2922 2011 2975 honore.
2040 2922 2098 2976 lii
2132 2936 2335 2975 nomen

755 3025 878 3074 erat
908 3017 998 3071 Bel
1025 3035 1036 3070 :
1067 3016 1153 3070 cui
1176 3014 1344 3069 etiam
1379 3024 1639 3083 tanquam
1683 3014 1785 3069 deo
1816 3022 2196 3068 constructum
2218 3020 2337 3072 erat

761 3109 1028 3178 templum
1057 3117 1114 3162 et
1144 3122 1261 3169 ara,
1326 3106 1490 3174 eique
1521 3105 1857 3173 suppeditati
1896 3104 2129 3173 fuerant
2192 3102 2327 3171 largi
2359 3138 2403 3199 Ο

758 3210 1047 3269 sumptus:
1084 3207 1139 3251 et
1163 3199 1310 3250 circa
1341 3197 1495 3249 illum
1532 3204 1653 3248 erat
1683 3195 1943 3263 frequens
1975 3195 2133 3247 turba
2161 3209 2334 3247 sacer-

757 3293 968 3345 dotum.
1004 3290 1269 3358 Sumptus
1301 3302 1434 3342 vero
1464 3286 1647 3356 specie
1697 3287 1916 3356 quidem
1962 3302 2027 3341 ac
2068 3294 2332 3357 praetextu

756 3382 1255 3454 suppeditabantur
1308 3379 1494 3433 idolo:
1528 3394 1719 3432 revera
1773 3389 1956 3433 autem
1991 3380 2059 3433 ab
2103 3380 2223 3448 ejus
2247 3393 2334 3431 sa-

758 3474 1079 3529 cerdotibus
1105 3471 1338 3523 latenter
1363 3470 1852 3523 consumebantur.
1886 3469 1942 3523 Id
1977 3468 2091 3538 ipse
2115 3484 2336 3536 quoque

757 3581 853 3619 rex
886 3562 1122 3617 colebat.
1171 3560 1220 3615 Is
1255 3567 1371 3614 erat
1404 3558 1600 3628 Cyrus,
1644 3558 1736 3627 qui
1776 3558 1936 3611 Dario
1968 3564 2331 3610 successerat.

756 3656 861 3722 Qui
920 3654 1109 3714 etiam,
1140 3650 1401 3706 similiter
1439 3661 1605 3718 atque
1653 3650 1870 3710 Darius,
1904 3649 2169 3700 honorem
2200 3662 2335 3701 con-

758 3760 986 3802 servans
1016 3746 1068 3795 in
1102 3742 1405 3803 Danielem,
1433 3754 1559 3792 cum
1614 3738 1851 3793 habebat
1880 3739 2253 3793 convictorem
2281 3747 2337 3792 et

756 3834 1213 3908 gloriosissimum
1259 3831 1505 3886 omnium
1558 3844 1781 3883 suorum
1823 3830 2144 3885 amicorum.
2200 3830 2337 3884 Hinc

756 3929 920 3982 etiam
949 3928 1151 3981 factum
1184 3933 1285 3986 est,
1316 3932 1375 3977 ut
1398 3924 1446 3977 ei
1474 3922 1731 3976 suaderet
1764 3930 1823 3971 ut
1860 3921 1950 3972 Bel
1981 3922 2189 3973 coleret
2217 3929 2337 3973 tan-

758 4038 920 4094 quam
962 4022 1122 4073 deum
1147 4019 1443 4071 viventem.
1474 4018 1554 4066 An
1584 4029 1692 4066 non
1723 4012 1899 4078 vides,
1953 4014 2155 4085 inquit,
2190 4014 2336 4085 quod

756 4112 952 4167 simila:
990 4108 1213 4179 quidem
1266 4106 1498 4163 Artabas
1546 4104 1838 4164 duodecim
1878 4108 2150 4176 quotidie,
2202 4124 2333 4164 oves

754 4215 937 4260 autem
975 4218 1084 4257 non
1118 4200 1412 4271 pauciores
1441 4214 1605 4268 quam
1633 4198 1997 4267 quadraginta
2039 4200 2337 4254 comedat?

756 4299 871 4351 vini
899 4310 1032 4349 vero
1067 4309 1161 4347 sex
1189 4300 1331 4345 totas
1359 4290 1548 4344 ebibat
1580 4290 1877 4346 metretas?
1910 4292 2004 4345 Est
2035 4291 2141 4345 hoc
2170 4307 2331 4345 error

758 4386 1082 4441 manifestus
1114 4392 1171 4437 et
1217 4394 1408 4452 aperte
1459 4380 1731 4452 deceptio,
1769 4382 1844 4435 ait
1900 4383 1996 4436 Dei
2041 4383 2331 4452 propheta.

2442 1925 2627 1992 ματως
2676 1922 2892 1975 ἅπαντα
2930 1922 3199 1992 φέρεσθαι
3242 1922 3483 1989 λέγουσι,
3516 1922 3700 1985 κακῶς
3728 1920 3873 1974 οῦτω
3926 1924 4023 1975 καὶ

2439 2013 2763 2083 φρονοῦντες
2810 2013 2902 2067 καὶ
2936 2014 3184 2081 λέγοντες
3225 2015 3272 2066 oi
3319 2013 3611 2085 προφανῶς
3658 2014 3880 2081 ἀνόητοι
3928 2015 4022 2067 καὶ

2437 2106 2537 2159 οῦκ
2590 2107 2813 2171 εἰδότες,
2864 2108 2939 2171 ὼς
2995 2108 3115 2159 οὐδὲ
3176 2107 3307 2171 ναῦς
3369 2108 3426 2159 ὲν
3480 2107 3660 2175 λιμένι
3721 2106 4020 2174 διασωθείη

2435 2196 2772 2266 κυϐερνήτου
2814 2198 2906 2250 καὶ
2932 2198 3145 2251 ναυτῶν
3177 2198 3405 2265 ἔρημος.
3455 2196 3617 2249 Ἀλλὰ
3641 2196 3723 2259 τίς
3758 2197 3823 2249 ἂν
3853 2198 4021 2265 ῥᾴθυ-

2450 2305 2564 2355 μως
2603 2288 2744 2340 οὕτω
2784 2288 2912 2355 περὶ
2947 2288 3016 2339 τὰ
3069 2288 3207 2339 καλὰ
3255 2288 3466 2354 γένοιτο
3505 2287 3536 2357 ἦ
3575 2287 3681 2338 τῶν
3724 2289 4019 2356 ἀκροωμέ-

2438 2395 2542 2430 νων
2585 2379 2858 2447 ῥᾳθυμίαν
2888 2379 3154 2449 τοσαύτην
3204 2379 3295 2431 καὶ
3334 2379 3501 2431 ῦπνον
3535 2379 3920 2447 κατεγνωκὼς,
3947 2380 4020 2443 ὠς

2440 2469 2514 2539 μὴ
2548 2474 2639 2522 καὶ
2667 2468 2773 2521 τῶν
2804 2470 2979 2523 ἄλλων
3021 2470 3113 2523 τοῦ
3152 2469 3471 2538 θαυμαστοῦ
3504 2471 3693 2523 τούτου
3736 2475 4021 2539 προφήτου

2437 2562 2845 2630 ἐπιμνησθῆναι
2877 2564 3155 2628 θαυμάσαι
3185 2579 3241 2613 τε
3274 2562 3475 2613 ἱκανῶν
3500 2562 3666 2613 ὅντων
3690 2564 3787 2612 καὶ
3817 2561 4020 2624 πολλὴν

2436 2652 2703 2721 ὠφέλειαν
2732 2654 2849 2711 ταῖς
2878 2652 2984 2703 τῶν
3025 2638 3313 2719 ἀκροατῶν
3346 2651 3543 2718 ψυχαῖς
3567 2648 3826 2717 ἐμϐαλεῖν
3858 2648 4017 2699 δυνα-

2419 2742 2619 2817 μένων
2641 2756 2654 2803 ;

2494 2831 2636 2894 _KB'.
2665 2827 2773 2881 Ἦν
2810 2830 2915 2899 γὰρ
2944 2832 3063 2883 τότε
3093 2830 3204 2894 τοῖς
3230 2830 3591 2891 Βαϐυλωνίοις
3631 2829 3776 2883 πάνυ
3811 2829 4019 2898 σφόδρα

2437 2921 2749 2991 τιμώμενον
2784 2908 3030 2974 εἴδωλον·
3061 2922 3232 2991 ὄνομα
3291 2921 3466 2991 τούτῳ
3520 2920 3647 2990 Βὴλ,
3698 2912 3741 2988 ᾧ
3798 2921 3897 2973 καὶ
3934 2915 4020 2973 οἶα

2439 3013 2544 3082 θεῷ
2593 3013 2718 3075 ναὸς
2766 3013 3170 3066 κατεσκεύαστο
3206 3014 3299 3066 καὶ
3344 3014 3526 3082 βωμὸς
3559 3012 3797 3065 δαπάναι
3839 3030 3900 3065 τε
3934 3030 4020 3066 κε-

2443 3103 2750 3171 χορήγηντο
2796 3102 3035 3171 δαψιλεῖς
3062 3118 3077 3131 ·
3138 3106 3232 3156 καὶ
3282 3103 3435 3173 ὄχλος
3475 3105 3668 3173 ἱερέων
3711 3100 3855 3173 ἦσαν
3892 3105 4020 3173 περὶ

2439 3192 2649 3246 ἐκείνου
2681 3195 2873 3263 συχνός
2902 3212 2914 3224 ·
2946 3195 3000 3248 αἱ
3032 3194 3270 3250 δαπάναι
3309 3196 3363 3248 δὲ
3398 3197 3674 3265 πρόφασιν
3710 3196 3812 3263 μὲν
3839 3197 3919 3264 τῷ
3950 3200 4021 3246 εί-

2437 3283 2586 3354 δὼλῳ
2616 3287 3038 3357 χορηγοῦμεναι,
3061 3288 3118 3339 τὸ
3147 3288 3203 3338 δὲ
3234 3288 3433 3355 ἀληθὲς
3459 3290 3569 3347 τοῖς
3596 3285 3832 3353 ἱερεῦσιν
3855 3286 4019 3339 αὑτοῦ

2438 3377 2579 3428 κατὰ
2608 3377 2669 3428 τὸ
2699 3376 2920 3443 λεληθὸς
2956 3376 3347 3444 δαπανώμεναι
3379 3393 3392 3406 ’
3435 3374 3592 3427 τοῦτο
3639 3376 3865 3427 ἐσέϐετο
3931 3380 4020 3428 καὶ

2439 3470 2599 3531 αὐτὸς
2629 3468 2904 3538 βασιλεὺς.
2932 3470 3111 3539 Κύρος
3144 3463 3210 3540 ἦν
3245 3464 3417 3533 οὗτος,
3454 3471 3480 3521 ὁ
3516 3470 3602 3522 τὸν
3633 3473 3865 3540 Δαρεῖον
3908 3470 4023 3524 δια-

2436 3561 2753 3629 δεξάμενος,
2787 3562 2845 3623 ὃς
2873 3564 2981 3630 ἄρα
3027 3562 3119 3619 καὶ
3153 3563 3288 3633 πρὸς
3317 3564 3407 3615 τὸν
3440 3562 3635 3633 Δανιὴλ
3682 3564 3782 3634 τὴν
3830 3563 4020 3633 ὁμοίαν

2437 3651 2645 3721 Δαρείῳ
2669 3652 2949 3715 διασὼζων
2974 3653 3159 3723 τιμὴν,
3190 3654 3507 3724 συμϐιώτην
3538 3672 3596 3706 τε
3628 3649 3741 3723 εἶχε
3786 3658 3884 3707 καὶ
3912 3656 4018 3707 τῶν

2437 3743 2600 3795 αὑτοῦ
2639 3745 2808 3811 φίλων
2839 3745 3237 3807 ὲπιδοξὸτατον.
3268 3746 3462 3795 Ἔνθεν
3512 3762 3595 3796 τοι
3646 3745 3740 3795 καὶ
3789 3745 4020 3813 παρῄνει

2439 3837 2587 3902 αὐτῷ
2618 3837 2870 3902 καθάπερ
2908 3835 3013 3901 θεῷ
3045 3835 3205 3895 ζῶντι
3236 3836 3523 3904 προσέχειν
3553 3835 3629 3903 τῷ
3664 3834 3796 3904 Βήλ.
3822 3838 3895 3889 'H
3927 3840 4019 3907 οὐχ

2438 3926 2591 3995 ὁρᾷς,
2632 3927 2816 3993 φησὶν,
2863 3924 2937 3985 ὼς
2974 3925 3240 3993 Ἀρτάϐας
3285 3926 3384 3996 μὲν
3419 3927 3751 3996 σεμιδάλεως
3780 3928 4019 3997 ἑκάστης

2443 4014 2657 4085 ἡμέρας
2681 4014 3029 4079 δυοκαίδεκα,
3064 4015 3308 4087 πρόϐατα
3334 4016 3389 4069 δὲ
3412 4019 3470 4070 οὐ
3502 4021 3650 4087 μεῖον
3680 4020 3711 4089 ἢ
3750 4022 4022 4093 τεσσαραο

2438 4124 2602 4160 κοντα
2628 4108 2819 4172 ἐσθίει,
2846 4108 2990 4160 οἴνου
3024 4108 3078 4160 δὲ
3110 4109 3169 4174 ἒξ
3198 4110 3321 4171 τοὺς
3353 4113 3565 4171 πάντας
3603 4113 3899 4181 μετρητὰς
3933 4118 4020 4164 ex.

2440 4200 2657 4263 πίνειν;
2696 4200 2879 4268 Πλανη
2920 4200 3079 4253 τοῦτο
3116 4203 3296 4270 σαφὴς
3350 4203 3442 4253 καὶ
3474 4201 3737 4269 ἀντικρὺς
3776 4202 4019 4271 παραλο·

2442 4292 2658 4361 γισμὸς,
2687 4294 2713 4344 ὁ
2746 4293 2838 4345 τοῦ
2870 4293 3003 4345 Θεοῦ
3039 4293 3142 4359 ἔφη
3175 4294 3463 4362 προφήτης
3486 4308 3502 4324 ⁶
3538 4295 3564 4345 ὁ
3594 4295 3705 4361 γὰρ
3736 4294 3895 4347 ἔνδον
3923 4295 4019 4364 μὲν

2445 4384 2634 4453 πηλὸς,
2673 4384 2871 4445 ἔξωθεν
2902 4386 2958 4436 δὲ
3009 4384 3209 4453 χαλκὸς
3251 4385 3347 4451 ὢν,
3379 4387 3494 4439 οὐτ’
3520 4388 3723 4440 ἐσθίειν
3767 4387 3897 4440 οὔτε
3934 4390 4019 4439 πί-

757 4483 893 4535 Nam
910 4477 1057 4547 quod
1076 4479 1224 4530 intus
1239 4475 1483 4543 quidem,
1508 4482 1591 4527 est
1616 4475 1815 4539 lutum,
1837 4490 1911 4528 aes
1930 4484 2110 4529 autem
2132 4478 2335 4531 extrin-

2443 4493 2555 4528 νειν
2588 4475 2831 4538 δυνατῶς
2891 4476 3025 4547 ἔχει.
3060 4476 3372 4546 Ὀργίζεται
3430 4482 3456 4533 ὁ
3508 4480 3687 4549 Κύρος
3732 4481 4015 4544 ἀκούσας’

756 4588 938 4636 secus,
977 4584 1155 4638 neque
1186 4575 1365 4635 potest
1401 4581 1544 4631 esse,
1600 4581 1779 4633 neque
1826 4566 2039 4620 bibere.
2073 4567 2335 4621 Irascitur

759 4669 873 4720 haec
917 4664 1149 4718 audiens
1174 4662 1351 4733 Cyrus
1376 4670 1430 4715 et
1459 4661 1641 4715 statim
1680 4669 1837 4713 vocat
1869 4658 2191 4713 sacerdotes
2222 4660 2334 4714 mi—

756 4765 1029 4823 naturque
1050 4767 1306 4816 mortem,
1323 4752 1428 4804 nisi
1454 4750 1543 4804 Bel
1560 4751 1942 4805 comedentem
1964 4750 2329 4805 ostenderint.

757 4850 839 4903 llli
869 4862 1022 4912 vero,
1057 4844 1255 4898 Mensae
1290 4844 1468 4903 cibos,
1500 4844 1675 4902 aiunt,
1707 4857 1959 4911 appone;
1991 4857 2093 4895 nos
2147 4851 2334 4895 autem

755 4939 1125 5009 egrediemur,
1155 4943 1211 4989 et
1247 4933 1498 4989 clavibus
1542 4948 1607 4986 ac
1644 4932 1941 5001 signaculis
1975 4933 2227 4987 obserata
2250 4934 2335 5003 ja-

759 5047 888 5091 nua,
920 5027 1035 5081 redi
1070 5027 1158 5079 die
1208 5024 1458 5093 sequenti
1497 5041 1510 5077 :
1548 5024 1731 5077 ctnisi
1773 5024 1962 5077 omnia
2010 5032 2332 5092 consumpta

760 5119 1056 5179 inveneris,
1107 5132 1208 5170 nos
1246 5115 1393 5184 digni
1428 5116 1634 5168 erimus
1670 5116 1974 5183 supplicio;
2016 5115 2099 5167 sin
2132 5116 2332 5179 minus,

758 5208 973 5271 Daniel,
1000 5207 1091 5276 qui
1124 5207 1263 5259 etde
1291 5204 1544 5268 nobis,ct
1564 5203 1629 5256 de
1656 5204 1773 5272 ipso
1807 5204 1908 5257 deo
1939 5213 2023 5257 est
2050 5206 2331 5259 mentitus.

759 5307 936 5370 Atque
962 5300 1137 5371 Cyrus
1168 5298 1391 5366 quidem
1432 5297 1639 5359 statim,
1678 5298 1819 5350 sicut
1877 5297 2149 5361 dixerant,
2181 5297 2335 5349 cibos

762 5395 1014 5464 apposuit
1047 5410 1058 5443 :
1091 5390 1502 5449 Daniclautem,
1526 5389 1607 5442 eis
1640 5389 2105 5457 imprudentibus,
2148 5390 2332 5443 cinere

763 5485 950 5554 templi
982 5484 1155 5537 solum
1186 5481 1496 5550 conspersit
1528 5498 1541 5533 :
1570 5492 1771 5536 etcum
1798 5481 1875 5535 sic
1904 5482 2065 5537 ambo
2100 5484 2333 5536 clausis-

759 5585 962 5631 scutet
1016 5575 1419 5644 obsignasseut,
1459 5585 1831 5628 recesserunt.
1877 5574 2142 5643 Sequenti
2201 5592 2334 5629 vero

761 5670 847 5722 die
883 5668 1225 5732 accedentes,
1272 5666 1461 5719 vident
1495 5666 1721 5735 vestigia
1754 5666 2045 5719 mulierum
2099 5677 2152 5720 et
2187 5668 2332 5721 viro-

764 5773 883 5813 rum
918 5766 971 5813 et
1001 5772 1297 5829 puerorum
1327 5756 1381 5811 in
1410 5755 1615 5811 cinere.
1642 5755 1745 5823 Qui
1770 5757 1931 5812 etiam
1962 5758 2126 5827 capti,
2152 5769 2335 5813 osten-

2443 4566 2599 4621 καλεί
2643 4569 2956 4638 παραυτίκα
3018 4574 3144 4631 τοῦς
3196 4572 3382 4640 ἱερεῖς,
3424 4571 3637 4622 ἀπειλεί
3674 4572 3940 4636 θάνατον,
3973 4574 4019 4625 εί

2445 4660 2518 4729 μὴ
2548 4660 2885 4727 ἀποδείξαιεν
2912 4662 3159 4714 ἐσθίοντα
3188 4663 3279 4713 τὸν
3308 4662 3422 4732 Βὴλ
3445 4664 3517 4713 ὀἱ
3545 4662 3598 4713 δέ
3620 4679 3633 4690 '
3670 4664 3749 4731 Τῇ
3772 4668 4021 4735 τραπέζῃ

2442 4754 2705 4821 παράθες,
2739 4754 2970 4821 ἔφασαν,
3007 4753 3074 4805 τὰ
3120 4754 3408 4825 βρώματα,
3445 4754 3705 4824 βασιλεῦ’
3746 4756 3941 4824 ἔξιμεν
3967 4756 4020 4808 δὲ

2443 4846 2749 4913 ή;λ.εἴς,καὶ
2809 4845 2971 4907 αὐτὸς
3020 4846 3198 4900 κλεισὶ
3247 4850 3340 4900 καὶ
3386 4850 3649 4917 σφραγῖσι
3699 4847 3802 4918 τὴν
3848 4848 4019 4918 θύραν

2443 4937 2908 5006 ἀσφαλισάμενος,
2930 4940 3039 5007 ’τὴν
3075 4939 3201 5009 ἑξῆς
3247 4940 3345 5002 ίθι,
3380 4939 3473 4990 καὶ
3502 4941 3549 4989 εί
3583 4939 3657 5007 μὴ
3690 4940 4019 5001 καταλάϐοις

2443 5028 2767 5097 ἀνηλωμένα
2804 5032 3005 5094 πάντα,
3037 5031 3179 5095 ἄξιοι
3214 5031 3483 5102 τιμωρίας
3515 5032 3679 5100 ἡμεῖς
3702 5044 3716 5058 ’
3753 5034 3803 5083 εί
3834 5030 3878 5082 δ’
3902 5031 4015 5094 οῦν,

2442 5121 2577 5173 ἀλλὰ
2605 5120 2799 5189 Δανιὴλ.
2834 5122 3069 5185 παντως,
3106 5125 3131 5174 ὁ
3180 5124 3275 5176 καὶ¹
3322 5123 3486 5176 αὑτοῦ
3546 5122 3669 5175 θεοῦ
3724 5139 3790 5190 γε
3848 5138 4019 5175 κατα-

2442 5212 2783 5279 ψευσάμενος
2814 5214 2907 5265 καὶ
2941 5213 3119 5279 ἡμῶν.
3165 5214 3346 5282 Κύρος
3382 5215 3475 5282 μὲν
3509 5211 3601 5267 οὖν
3633 5214 3775 5265 κατὰ
3806 5215 3895 5266 τὸν
3928 5216 4017 5265 λό·

2443 5318 2537 5367 γον
2568 5302 2675 5353 τῶν
2722 5302 3027 5371 βρωμάτων
3058 5304 3216 5365 εὐθὺς
3249 5304 3513 5373 πεποίηκε
3542 5305 3639 5373 τὴν
3666 5305 3975 5374 παράθεσιν
4002 5322 4013 5332 ·

2443 5393 2638 5463 Δανιὴλ
2671 5395 2723 5445 δὲ
2754 5394 2975 5456 τούτους
3008 5395 3204 5455 λαθὼν,
3244 5397 3438 5466 σποδιᾷ
3478 5396 3536 5446 τὸ
3564 5395 3657 5448 τοῦ
3689 5396 3821 5448 ναοῦ
3869 5396 3904 5447 ἅ.
3952 5416 4014 5449 αν

2442 5485 2636 5552 ἔδαφος
2673 5486 3007 5537 καταπάττει
3032 5502 3042 5514 ·
3074 5488 3165 5537 καὶ
3190 5486 3329 5539 οὕτω
3356 5486 3667 5550 κλείσαντες
3688 5489 4013 5558 ’ἀμφότεροι

2444 5578 2537 5631 καὶ
2572 5578 2975 5645 σφραγίσαντες
3013 5578 3215 5646 ᾠχοντο
3242 5596 3255 5609 ο
3309 5581 3371 5646 τῇ
3409 5579 3534 5647 ἑξῆς
3584 5580 3641 5631 δὲ
3700 5582 4013 5649 παριόντες,

2444 5670 2563 5737 ἴχνη
2601 5669 2875 5736 γυναικῶν
2908 5669 2999 5721 καὶ
3034 5670 3239 5739 ἀνδρῶν
3279 5673 3369 5723 καὶ
3407 5672 3637 5724 παιδίων
3671 5674 3841 5741 ὁρῶσι
3873 5674 4013 5722 κατὰ

2440 5761 2538 5829 τῆς
2580 5761 2820 5824 σποδιὶς,
2871 5762 2919 5813 οἳ
2978 5762 3070 5817 καὶ
3127 5762 3421 5832 ληφθέντες
3472 5763 3565 5825 τὰς
3612 5765 3856 5833 κρυπτὰς
3919 5765 4012 5815 ὑπ’
