4188 6310
194 394 303 457 39⁸1

1155 471 1158 474 ί
1242 405 1417 463 VITA
1458 404 1515 463 S.
1554 404 1975 465 PROPHET/E
2017 407 2401 468 DANIELIS.

3326 414 3429 485 393

194 504 509 560 ιδείκνυσαν
535 509 790 574 εἰσόδους,
819 510 883 562 δι’
910 504 982 563 ὧν
1009 511 1261 573 εἰσιόντες
1290 512 1498 583 πρώην,
1529 515 1724 581 ἀνήλου

1832 566 1835 575 λ
1864 516 2000 571 dunt
2033 522 2281 577 occultos
2311 525 2511 589 aditus,
2548 541 2645 595 per
2669 542 2806 597 quos
2828 543 3003 598 nupcr
3035 529 3427 601 ingredientes,

191 596 259 644 τὰ
291 596 657 666 προτιθέμενα
688 615 697 627 ·
734 601 903 653 ταῦτα
932 602 959 654 ὁ
987 601 1235 670 βασιλεὺς
1265 603 1405 669 ἰδὼν,
1432 607 1598 676 ὀργῆς
1624 606 1759 674 ὁμοῦ

194 686 288 736 καὶ
332 688 595 756 αἰσχύνης
626 690 906 756 ὑπόπλεως
942 694 1151 760 γίνεται
1183 697 1275 747 καὶ
1309 699 1405 767 τῆς
1442 699 1602 767 μέχρι
1641 703 1759 752 τότε

1869 613 2261 668 consumebant
2304 631 2366 669 ea
2410 632 2529 686 quae
2559 620 2994 688 apponebantur.
3029 622 3153 677 Ilaec
3180 639 3303 678 cum
3332 641 3427 680 rex

1868 703 2116 770 vidisset,
2144 706 2221 759 ira
2249 707 2409 761 simul
2442 710 2683 778 repletur
2716 722 2771 767 et
2800 713 3028 782 pudore,
3051 722 3106 767 et
3153 716 3427 771 ulciscens

192 775 651 849 διαλανθανούσης
705 782 865 836 αὐτὸν
913 786 1127 855 ἀπάτης
1177 789 1303 849 τοὺς
1356 790 1516 857 ἱερεῖς
1564 791 1724 857 ἀμυνέ

1864 794 2175 849 sacerdotes
2209 806 2431 866 propter
2448 815 2569 853 eam
2597 818 2717 871 quae
2746 803 2813 856 ad
2860 804 2963 858 hoc
2998 821 3169 874 usque
3200 816 3420 875 tempus

192 882 374 934 μενος,
430 870 673 935 ἅπαντας
724 875 919 937 αὐτοὺς
977 878 1205 944 ἀναιρεῖ,
1264 878 1352 932 τὸν
1389 880 1533 933 ,ναὸν
1571 881 1625 932 δὲ
1665 898 1724 934 κα

1863 884 2088 947 latebat,
2129 886 2396 951 fraudem,
2424 904 2521 944 eos
2569 870 2761 948 omnes
2823 870 3123 957 interimit;
3163 898 3423 967 templum

188 957 283 1010 τὸν
343 959 454 1030 Βὴλ
518 963 733 1018 ἔκδοτον
794 966 875 1028 εἰς
924 970 1305 1040 καταστροφὴν
1372 972 1611 1043 παρέσχε
1677 972 1753 1042 τῷ

187 1048 411 1115 Δανιήλ.

260 1139 386 1194 KI".
424 1140 593 1196 Τοῦτο
623 1145 839 1211 πρῶτον
874 1138 1235 1213 Βαϐυλωνίοις
1264 1151 1291 1201 ὁ
1317 1152 1510 1223 Δανιὴλ
1551 1153 1752 1207 ἐπιδεί-

184 1229 281 1294 ξας
312 1234 660 1304 κατόρθωμα,
686 1236 900 1302 οὐδενὸς
921 1241 1029 1292 τῶν
1053 1240 1111 1293 εν
1139 1259 1195 1294 τε
1223 1244 1433 1296 συνέσει
1464 1244 1557 1297 καὶ¹
1596 1246 1753 1315 ἀγχι-

180 1323 301 1392 νοὲα
335 1322 766 1396 Θαυμαζομένων
796 1331 1229 1397 ἀπολειπόμενον
1280 1331 1402 1389 εἶτα
1448 1336 1541 1389 καὶ
1570 1336 1753 1390 δεύτε-

180 1428 277 1480 ρον
305 1414 629 1485 ὲπιτίθησιν·
663 1418 724 1469 οὐ
745 1419 849 1488 γάρ
869 1420 1025 1488 μόνον
1046 1423 1094 1474 οί
1128 1424 1446 1495 ἀναίσθητοι
1480 1418 1625 1479 οὗτοι
1658 1426 1748 1480 τὸν

177 1504 512 1574 ἀναίσθητον
553 1508 805 1569 ἐσέϐοντο
841 1511 970 1583 Βὴλ,
1010 1514 1146 1569 ἀλλὰ
1178 1517 1271 1569 καὶ
1318 1517 1586 1586 δράκοντά
1628 1536 1749 1573 τινα

177 1597 356 1663 μέγαν
387 1599 774 1668 ὲμφωλεύοντα
808 1606 941 1676 οἴκῳ
972 1608 1078 1661 τινὶ
1107 1608 1517 1680 θεραπεύοντες,
1536 1610 1609 1676 ὡς
1641 1612 1747 1683 θεῷ

174 1691 498 1755 προσεῖχονο
530 1692 692 1761 ἔργον
736 1696 894 1749 τοῦτο
950 1699 1010 1751 τὸ
1056 1702 1248 1770 νοητοῦ
1306 1702 1619 1771 δράκοντος,
1649 1703 1746 1758 τοῦ

175 1776 279 1843 μὲν
314 1776 448 1831 Θεοῦ
477 1784 583 1833 τῶν
604 1784 737 1836 ὅλων
771 1788 1025 1858 ἀφιστᾷν,
1054 1791 1226 1860 θηρίῳ
1252 1793 1306 1844 δὲ
1338 1794 1542 1847 πείθειν
1574 1812 1746 1866 προσ-

1860 984 2041 1030 autem
2072 986 2126 1031 et
2158 977 2249 1033 Bel
2301 981 2532 1048 praebuit
2558 983 2916 1037 evertendam
2948 983 3175 1040 Dahieli.

1930 1150 2120 1206 XXIII.
2155 1153 2289 1208 Cum
2341 1156 2529 1212 Daniel
2582 1158 2892 1229 Babyloniis
2943 1159 3048 1215 hoc
3099 1161 3423 1231 praeclarum

1854 1240 2092 1310 primum
2152 1245 2483 1299 ostendisset
2540 1247 2766 1313 factum,
2814 1250 2959 1320 quod
3006 1251 3159 1305 nullo
3198 1267 3417 1317 eorum,

1858 1346 1979 1400 quae
2030 1342 2255 1401 propter
2302 1334 2717 1404 intelligentiam
2766 1350 2821 1393 et
2851 1341 3053 1411 ingenii
3102 1357 3332 1395 acumen
3365 1342 3421 1395 in

1858 1418 2218 1475 admiratione
2258 1422 2548 1486 habentur,
2587 1436 2671 1480 est
2719 1428 2970 1489 inferius,
3007 1431 3206 1484 deinde
3248 1431 3415 1485 etiam

1854 1512 2159 1565 secundum
2179 1514 2386 1585 adjicit.
2418 1516 2535 1570 Non
2563 1519 2737 1571 solum
2757 1524 2905 1573 enim
2957 1522 3044 1573 isti
3082 1522 3235 1574 nullo
3256 1523 3417 1589 plane

1856 1617 2017 1657 sensu
2043 1605 2275 1672 praediti,
2306 1608 2461 1661 nullo
2493 1624 2656 1663 sensu
2686 1612 2973 1679 prazditum
3002 1613 3093 1667 Bel
3117 1612 3373 1667 colebant
3399 1631 3412 1665 :

1855 1692 1950 1748 sed
2009 1694 2175 1747 etiam
2209 1710 2463 1764 magnum
2517 1701 2811 1767 quemdam
2871 1701 3189 1763 draconem,
3225 1702 3317 1771 qui
3361 1700 3415 1753 in

1852 1783 2017 1837 domo
2055 1785 2290 1854 quadam
2329 1787 2704 1855 delitescebat,
2752 1800 3011 1860 tanquam
3064 1793 3227 1846 deum
3269 1793 3415 1846 cole-

173 1869 391 1921 κεῖσθαι
422 1876 775 1946 πονηροτάτῳ
796 1894 808 1908 ·
838 1883 1096 1948 πειρᾶται
1134 1882 1265 1950 γοῦν
1293 1886 1393 1937 κάν
1420 1885 1592 1953 τούτῳ
1629 1888 1724 1939 Kni-

1850 1877 2001 1932 bant.
2036 1880 2151 1933 IIoc
2182 1895 2321 1949 opus
2350 1888 2433 1935 est
2462 1883 2599 1951 ejus,
2632 1884 2726 1952 qui
2765 1884 3128 1955 intelligentia
3175 1885 3414 1953 percipi-

173 1975 267 2026 ρος
300 1959 392 2013 τοῦ
423 1962 621 2032 Δανιὴλ
656 1965 750 2019 καὶ
796 1967 871 2031 ὡς
911 1970 1124 2040 ἀληθῶς
1154 1974 1381 2029 ἐσθίοντι
1412 1979 1503 2029 καὶ
1531 1980 1735 2031 πίνοντι

169 2050 265 2138 καὶ
315 2050 480 2115 ζῶντι
530 2055 636 2125 θεῷ
671 2063 992 2129 προσκυνεῖν
1027 2067 1321 2135 παρηγγύα
1347 2081 1363 2099 ⁶
1405 2068 1478 2120 Οὐ
1514 2069 1618 2138 γὰρ
1649 2070 1733 2135 ἂν.

166 2133 394 2206 ἔφησεν,
446 2139 574 2211 ἔχῃς
626 2147 820 2212 εἰπεῖν,
850 2150 929 2203 ὅτι
984 2152 1086 2205 κᾶν
1137 2149 1293 2217 οὗτος
1342 2157 1439 2210 οὐκ
1472 2158 1587 2211 ἐστι
1620 2159 1739 2225 θεὸς

165 2223 280 2285 ζῶν
306 2231 382 2319 ’-ὁ
411 2229 505 2319 δί’
537 2235 725 2304 Κυρίῳ
749 2238 825 2306 τῷ
854 2240 971 2310 Θεῷ
1029 2260 1129 2309 μου
1185 2248 1550 2317 προσκυνήσω
1573 2265 1586 2280 ο
1645 2223 1739 2319 μόέ

164 2329 256 2374 νος
282 2315 389 2383 γὰρ
424 2310 577 2383 οὗτος
603 2322 819 2393 ἀληθῶς
846 2325 973 2392 ζῶν,
998 2329 1067 2383 δι’
1098 2325 1160 2383 οῦ
1204 2333 1386 2403 ζῶμεν
1430 2338 1525 2391 καὶ
1562 2340 1742 2394 κινού-

166 2404 310 2472 μεθα
346 2408 437 2460 καὶ
466 2409 632 2479 ἐσμέν
665 2429 678 2443 °
710 2416 736 2467 ὀ
766 2416 822 2469 δὲ
852 2417 1069 2487 δράκων
1101 2417 1249 2486 οὗτος
1278 2426 1477 2486 ίοϐόλος
1502 2427 1620 2495 ὄφις
1646 2432 1740 2485 καὶ

162 2496 426 2565 πονηρὸς,
464 2498 821 2568 λυμαίνεσθαι
854 2507 951 2574 μὲν
983 2508 1157 2572 εἰδὼς,
1188 2511 1420 2579 ὠφελεῖν
1447 2515 1503 2567 δὲ
1546 2518 1735 2571 οὐδένα

154 2585 389 2649 δυνατὸς
412 2588 508 2644 ὢν.
536 2592 595 2643 Ei
627 2592 670 2644 δ’
693 2593 772 2645 ὅτι
807 2596 900 2648 καὶ
936 2596 1125 2668 θνητός
1159 2603 1275 2654 ἐστι
1310 2605 1511 2672 γνῶναι
1534 2608 1728 2676 θέλεις,

158 2680 259 2731 καὶ
287 2680 386 2749 τὴν
420 2680 582 2748 φύσιν
616 2682 875 2756 φθαρτὸς,
928 2689 1045 2744 ἀλλ’
1074 2695 1134 2745 οὐ
1164 2695 1267 2763 μὲν
1297 2691 1390 2750 οῦν
1428 2697 1548 2763 θεὸς
1580 2703 1736 2757 οὐδα-

160 2769 304 2836 μῶς,
338 2773 652 2844 ἐπίτρεψον,
684 2771 729 2832 ὦ
756 2779 1000 2850 βασιλεῦ,
1037 2785 1194 2852 κάγὼ
1236 2788 1423 2841 τοῦτον
1460 2793 1735 2863 μαχαίρας

153 2863 289 2917 ἄνευ
319 2865 414 2919 καὶ
453 2869 650 2938 ῥάϐδου
686 2878 1027 2933 κατακτενῶ.
1096 2879 1511 2944 Ἐπινεύσαντος
1551 2884 1643 2937 οὖν
1678 2888 1735 2939 ἐν

152 2954 336 3025 τούτῳ
389 2958 486 3013 τοῦ
541 2963 830 3030 βασιλέως,
869 2970 1071 3024 πίσσαν
1099 2972 1233 3042 ὁμοῦ
1284 2977 1381 3027 καὶ
1439 2975 1605 3045 στέαρ
1638 2980 1736 3032 καὶ

153 3048 354 3118 τρίχας
387 3052 415 3103 ὁ
445 3052 751 3122 θαυμαστὸς
798 3052 952 3124 οὗτος
997 3065 1138 3133 ἀνὴρ
1185 3066 1449 3136 ἑστηκὼς,
1487 3066 1603 3125 εἶτα
1642 3074 1734 3126 καὶ

157 3139 339 3206 μάζας
368 3136 704 3211 πέποιηκὼς,
744 3149 830 3211 είς
849 3151 907 3204 τὸ
936 3154 1111 3222 στόμα
1149 3157 1356 3227 καθῆκε
1383 3161 1475 3212 τοῦ
1507 3164 1734 3230 δράκον-

145 3249 271 3323 τος.
306 3232 382 3323 *Ὀ
408 3233 462 3323 δὶ
482 3236 671 3304 φαγὼν
694 3242 962 3311 ῥήγνυται
991 3251 1352 3319 παραχρῆμα.
1387 3253 1527 3323 Πρὸς
1559 3255 1728 3309 ταῦτα

147 3321 217 3371 οι-
260 3320 368 3373 τῶν
422 3322 781 3382 Βαϐυλωνίων
835 3332 1376 3405 δεισιδαιμονέστατοι
1409 3320 1621 3410 βαρέως
1655 3344 1731 3397 δι-

149 3411 493 3481 ενέγκοντες,
525 3416 606 3486 τῷ
639 3419 851 3488 βασιλεί
870 3439 925 3474 τε
958 3427 1262 3494 προσῆλθον
1289 3431 1383 3481 καὶ
1412 3432 1728 3500 τὸνλΔανιὴλ

150 3502 525 3574 ἐξῃτήσαντο·
556 3503 696 3575 ἦσαν
740 3510 847 3580 γὰρ
893 3513 1130 3584 ἀτέχνως
1188 3516 1291 3569 ὑπὸ
1343 3518 1437 3570 τοῦ
1488 3521 1728 3589 ἀφανοῦς

147 3595 447 3665 δράκοντος
486 3597 922 3671 ὑποϐεϐλημένοι
953 3607 1046 3657 καὶ
1076 3597 1274 3678 πολλὴν
1295 3608 1427 3679 ὅσην
1461 3612 1601 3665 κατὰ
1629 3613 1739 3666 τοῦ·

146 3687 439 3757 προφήτου
469 3690 568 3758 τὴν
599 3694 798 3761 μανίαν
821 3695 1121 3761 ὠδίνοντες.
1153 3700 1418 3768 Προσίασι
1441 3705 1619 3758 τοίνυν
1647 3706 1724 3777 τῷ

145 3777 406 3847 βασιλεῖ’
459 3783 708 3854 Παράδος
747 3790 880 3855 ἡμῖν
910 3790 997 3841 τὸν
1023 3792 1240 3861 Δανιὴλ,
1281 3793 1559 3861 λέγοντες’
1603 3799 1649 3849 εί
1680 3799 1723 3851 δ’

142 3865 265 3934 οῦν,
295 3871 431 3925 άλλά
458 3888 517 3925 σε
546 3875 969 3946 ἀποκτενοῦμεν.
1005 3880 1173 3950 Δῆλος
1199 3883 1303 3953 γὰρ
1327 3885 1589 3955 ἡμῖν’ἀπὸ
1615 3889 1723 3942 τῶν

92 4007 95 4009 .
144 3960 329 4029 ῑργων
356 3961 705 4031 καθίστασαι,
742 3967 828 4021 ὅτι
875 3971 969 4023 καὶ
1016 3972 1177 4035 αὐτὸς
1210 3974 1310 4044 ἤδη
1354 3979 1418 4031 τὰ
1456 3978 1722 4033 Ἰουδαίων

141 4054 390 4121 φρονεῖς.
428 4055 643 4128 ’Δμέλει
689 4062 782 4113 καὶ
824 4065 1155 4133 παραδίδωσι
1198 4068 1383 4120 τοῦτον
1427 4071 1504 4131 είς
1533 4074 1721 4139 χεῖρας

140 4142 330 4196 αὐτῶν
358 4147 385 4197 ὁ
416 4146 685 4216 βασιλεὺς,
723 4152 819 4221 οὐχ
844 4153 985 4205 ἑκὼν
1012 4155 1187 4215 ἄλλως
1216 4158 1335 4214 οὐδὲ
1375 4158 1716 4231 βουλόμενος,

140 4234 484 4302 παραδίδωσι
516 4238 563 4289 δ’
589 4238 681 4292 οῦν
712 4243 860 4309 ὅμως
885 4259 898 4272 ·
925 4246 975 4297 0!
1016 4244 1071 4297 δὲ
1100 4245 1355 4312 λάϐοντες
1386 4253 1465 4313 εις
1498 4254 1589 4305 τὸν
1614 4254 1720 4307 τῶν

137 4322 374 4378 λεόντων
404 4326 606 4382 λάκκον
634 4331 793 4396 εὐθὺς
825 4335 1078 4392 καθιᾶσιν
1099 4355 1113 4369 ο
1154 4341 1294 4395 ἑπτὰ
1326 4342 1380 4396 δὲ
1406 4330 1545 4415 ἦσαν
1572 4340 1716 4400 οὗτοι

135 4416 235 4470 τὸν
273 4417 524 4489 ἀριθμὸν,
550 4415 631 4484 οἷς
664 4423 756 4477 δύο
786 4442 845 4479 τε
908 4427 1138 4496 σώματα
1196 4432 1291 4484 καὶ
1341 4435 1591 4503 πρόϐατα
1624 4437 1716 4492 δύο

1845 1977 1936 2022 tur
1959 1970 2236 2035 draconis,
2261 1974 2533 2029 abducere
2551 1975 2771 2044 quidem
2792 1992 2821 2030 a
2847 1977 2958 2031 Deo
2985 1977 3366 2031 universorum
3394 1992 3410 2029 :

1837 2062 2171 2129 persuadere
2186 2074 2392 2128 autem,
2413 2074 2471 2117 ut
2487 2067 2804 2123 adhaereant
2822 2069 3010 2124 bestiae
3038 2069 3408 2137 nequissima.

1841 2152 2104 2208 Tentatur
2157 2170 2287 2226 ergo
2336 2157 2391 2210 in
2429 2157 2533 2211 hoc
2567 2174 2788 2228 quoque
2823 2161 3016 2215 Daniel
3053 2177 3083 2215 a
3130 2161 3313 2232 Cyro:
3354 2168 3412 2215 et

1834 2241 2061 2311 jubebat
2093 2257 2153 2299 ut
2188 2260 2312 2299 eum
2347 2246 2602 2303 adoraret
2635 2257 2895 2318 tanquam
2940 2268 3067 2306 vere
3105 2254 3406 2307 comeden-

1838 2342 1946 2388 tem
1996 2344 2052 2389 et
2112 2335 2389 2393 bibentem
2439 2348 2495 2395 et
2539 2339 2814 2396 viventem
2855 2342 3037 2396 deum.
3077 2343 3197 2397 Non
3243 2355 3403 2414 potes

1837 2426 2008 2491 enim,
2028 2427 2232 2492 aiebat,
2259 2428 2443 2485 dicere
2464 2430 2611 2485 hunc
2630 2447 2736 2488 non
2769 2448 2890 2487 esse
2911 2434 3075 2488 deum
3102 2433 3403 2488 viventem.

1835 2517 1931 2571 Ille
1977 2528 2177 2581 autem,
2236 2521 2552 2586 Dominum,
2586 2523 2787 2593 inquit,
2829 2541 3009 2578 meum
3050 2526 3311 2579 adorabo.
3352 2526 3403 2580 Is

1835 2608 1980 2663 enim
2016 2619 2101 2664 est
2164 2612 2313 2666 solus
2340 2629 2475 2668 vero
2507 2614 2721 2678 vivens,
2753 2631 2851 2683 per
2887 2631 3050 2684 quem
3086 2616 3324 2671 vivimus
3344 2617 3401 2670 et

1835 2716 2119 2757 movemur
2154 2713 2210 2759 et
2239 2720 2428 2761 sumus
2452 2708 2492 2761 ί.
2523 2706 2623 2763 Hic
2659 2724 2791 2763 vero
2844 2723 3074 2778 serpens
3123 2717 3207 2763 est
3234 2709 3398 2763 draco

1835 2804 2135 2850 venenatus
2167 2804 2222 2851 et
2283 2799 2480 2865 malus,
2513 2801 2607 2868 qui
2638 2800 2741 2855 scit
2769 2800 2992 2869 quidem
3029 2816 3253 2864 nocere,
3303 2814 3397 2854 ne-

1834 2883 1967 2935 mini
2004 2894 2184 2937 autem
2224 2896 2401 2953 potest
2460 2889 2738 2956 prodesse.
2781 2889 2935 2953 Quod
2968 2890 3014 2944 si
3076 2890 3214 2944 velis
3253 2890 3397 2943 scire

1832 2983 1958 3023 eum
1985 2971 2147 3025 etiam
2171 2987 2292 3027 esse
2332 2975 2639 3040 mortalem,
2661 2984 2717 3031 et
2753 2976 2807 3029 in
2831 2992 2991 3045 quem
3033 2988 3228 3031 natura
3251 2980 3397 3032 cadit

1835 3062 2111 3131 interitus,
2147 3080 2258 3120 non
2310 3075 2492 3121 autem
2532 3071 2717 3133 deum,
2761 3070 3015 3138 permitte
3089 3084 3122 3123 o
3166 3086 3283 3137 rex,
3340 3080 3397 3124 et

1833 3170 1933 3224 ego
1976 3172 2100 3211 eum
2138 3159 2383 3213 occidam
2420 3160 2538 3215 sine
2568 3160 2747 3231 gladio
2784 3170 2838 3215 et
2868 3162 3041 3232 virga.
3090 3162 3228 3217 Cum
3265 3177 3396 3217 vero

1833 3245 1881 3298 ei
1932 3262 2027 3300 rex
2080 3250 2183 3302 hoc
2232 3252 2532 3313 annuisset,
2561 3262 2616 3304 et
2649 3254 2825 3319 picem
2861 3255 3021 3306 simul
3072 3262 3128 3306 et
3172 3253 3390 3321 adipem

1829 3345 1884 3391 et
1912 3338 2052 3406 pilos
2072 3340 2306 3395 coxisset
2327 3340 2414 3415 hic
2432 3342 2515 3394 vir
2533 3341 2893 3407 admirabilis,
2921 3353 2976 3398 et
2994 3343 3192 3398 deinde
3224 3343 3391 3398 etiam

1828 3429 1964 3484 ollas
2016 3431 2256 3496 fecisset,
2302 3432 2521 3487 demisit
2575 3433 2629 3487 in
2661 3449 2721 3489 os
2748 3434 3025 3490 draconis.
3081 3436 3175 3489 Ille
3205 3444 3388 3489 autem

1827 3536 1951 3575 cum
1989 3525 2337 3588 comedisset,
2398 3526 2689 3580 confestim
2746 3529 3039 3595 rumpitur.
3101 3529 3225 3583 llaec
3266 3545 3387 3584 cum

1825 3612 2063 3682 graviter
2105 3615 2354 3669 tulissent
2404 3617 2719 3687 quicunque
2770 3633 2837 3671 ex
2876 3617 3187 3688 Babyloniis
3234 3628 3393 3673 erant

1826 3702 2200 3771 superstitiosi
2255 3712 2310 3757 et
2372 3703 2520 3760 falsae
2578 3707 2831 3778 religioni
2878 3707 3071 3773 dediti,
3104 3698 3170 3762 ad
3206 3724 3389 3778 regem

1824 3804 2176 3849 accesserunt
2209 3808 2265 3849 et
2295 3798 2572 3865 petierunt
2604 3799 2899 3853 Daniclem.
2933 3802 3098 3855 Erant
3125 3802 3270 3854 enim
3300 3817 3387 3855 re-

1824 3900 1951 3939 vera
1991 3886 2233 3956 instigati
2264 3902 2293 3940 a
2320 3887 2575 3954 dracone,
2602 3890 2695 3958 qui
2728 3906 2838 3945 non
2893 3891 3040 3945 cadit
3093 3891 3195 3945 sub
3227 3900 3387 3961 aspe-

1824 3985 1997 4043 ctum,
2048 3978 2406 4035 et'adversus
2462 3981 2783 4050 prophetam
2846 3998 3099 4054 magnum
3142 3983 3382 4038 furorem

1822 4077 2207 4135 conceperant,
2248 4071 2430 4140 etjam
2475 4072 2876 4140 parturiebant.
2914 4074 3201 4127 Accedunt
3252 4072 3384 4144 ergo

1822 4158 1886 4211 ad
1929 4173 2133 4227 regem,
2165 4160 2414 4217 dicentes
2446 4180 2460 4215 :
2513 4163 2689 4217 Trade
2723 4165 2883 4219 nobis
2936 4165 3251 4229 Danielem;
3298 4165 3385 4219 sin

1821 4250 2023 4311 minus.
2066 4261 2117 4305 te
2145 4253 2481 4308 occidemus.
2515 4254 2633 4310 Jam
2664 4257 2810 4310 enim
2854 4255 3013 4309 nobis
3043 4271 3109 4309 ex
3141 4257 3249 4310 tuis
3298 4256 3382 4310 fa-

1820 4344 1925 4397 ctis
1948 4344 2121 4397 evasit
2179 4345 2550 4408 manifestum,
2589 4354 2641 4399 te
2688 4361 2907 4414 quoque
2966 4347 3142 4414 ipsum
3190 4347 3382 4401 eadem

1819 4435 2024 4491 sentire
2071 4451 2193 4504 quae
2225 4435 2420 4489 .Iudmi.
2462 4435 2601 4489 Eum
2636 4436 2818 4505 itaque
2851 4437 3017 4490 tradit
3054 4453 3145 4491 rex
3178 4438 3231 4491 in
3261 4454 3380 4491 ma-
3418 4428 3419 4431 “

122 4508 425 4599 ἡμερησία
455 4513 627 4581 τροφὴ
652 4515 948 4583 τετύπωτο,
977 4520 1034 4572 ὲν
1061 4519 1120 4585 ἓξ
1149 4521 1203 4574 δὲ
1238 4525 1358 4586 ταῖς
1392 4526 1540 4588 ὅλαις
1570 4530 1706 4599 ἠμέ-

1832 4542 1915 4581 tus
1954 4542 2166 4589 eorum,
2199 4543 2307 4580 non
2342 4527 2521 4581 libens
2562 4524 2766 4596 alioqui
2804 4544 2902 4583 nec
2946 4529 3155 4592 volens,
3212 4528 3379 4583 tradit

137 4613 268 4667 ραις
300 4591 388 4659 αἷς
427 4600 455 4650 ὁ
496 4600 704 4667 δίκαιος
732 4606 915 4672 αὐτοῖς
946 4612 1425 4683 συγκαθείργνυτνῃ
1453 4591 1624 4670 ἄσιτοι
1650 4620 1708 4672 τὸ

135 4690 401 4758 παράπαν
455 4693 550 4747 καὶ
586 4696 790 4766 τροφῆς
812 4700 1128 4768 ἡστινοσοῦν
1171 4705 1425 4771 ἄγευστοι
1463 4711 1711 4764 καταλεί-

134 4782 379 4849 φθησαν,
413 4784 499 4838 ἵνα
549 4786 627 4857 τῷ
675 4786 815 4859 λιμῷ
878 4791 975 4859 μὲν
1017 4793 1349 4862 πιεζόμενοι,
1390 4798 1610 4870 ἀπάσης
1654 4803 1711 4853 δὲ

130 4870 305 4940 ἄλλης
340 4877 542 4943 τροφῆς
583 4877 937 4947 ἀποροῦντες,
979 4883 1080 4936 κᾶν
1114 4885 1225 4955 ἔχοι
1262 4888 1383 4940 τινὰ
1422 4888 1649 4960 δύναμιν
1682 4893 1709 4943 ό

132 4964 425 5032 προφήτης
455 4964 746 5035 εἴργουσαν
780 4971 961 5034 αὐτοῖς
987 4973 1084 5043 τὴν
1109 4976 1307 5046 ὁρμὴν,
1341 4978 1458 5031 ἀλλ’
1484 4976 1574 5034 οῦν
1605 4983 1710 5035 ὑπὸ

126 5055 226 5107 τοῦ
270 5055 433 5126 λιμοῦ
454 5059 775 5128 ,κινούμενοι
802 5061 1093 5134 βιαίτερον,
1132 5067 1233 5136 τὴν
1255 5069 1414 5135 γένυν
1438 5073 1588 5143 αὑτῷ
1611 5092 1704 5127 τα-

128 5144 273 5212 χέως
309 5146 611 5201 ἐπιϐάλωσι
659 5149 750 5201 καὶ
779 5150 1142 5219 λαφύξωνται.
1176 5158 1242 5209 Τί
1268 5154 1366 5212 οὖν
1411 5163 1438 5212 ὁ
1464 5163 1699 5232 Κύριος;

126 5235 467 5327 *Αραῃτοῖς
518 5241 725 5311 θηρίοις
788 5244 965 5315 ψυχὴν
1021 5248 1516 5322 ὲξομολογουμένην
1552 5258 1703 5327 αὐτῷ

130 5326 533 5397 παραδίδωσιν;
569 5333 783 5404 ἢσὼζει
817 5338 914 5404 μὲν
940 5339 1004 5392 ὲκ
1039 5340 1309 5409 στόματος
1338 5345 1586 5412 λεόντων,
1627 5350 1703 5418 τῷ

125 5418 275 5489 λιμῷ
307 5418 364 5472 δὲ
398 5422 681 5485 πιέζεσθαι
738 5429 1081 5498 καταλείπει;
1135 5432 1167 5505 ἢ
1212 5437 1418 5505 τροφὴν
1480 5439 1578 5509 μὲν
1624 5441 1705 5504 είς

112 5504 337 5579 βρῶσιν
370 5512 553 5582 ὀρέγει
595 5516 683 5572 διά
726 5538 871 5585 τινος
907 5523 1017 5576 τῶν
1048 5504 1350 5595 ἀλλογενῶν
1376 5504 1699 5600 καὶνάπερι-

123 5603 388 5673 τμήτων;
435 5605 632 5661 πολλοῦ
678 5627 741 5679 γε
794 5616 887 5668 καὶ
914 5615 1013 5682 δεῖ,
1048 5616 1161 5671 ἀλλ’
1204 5620 1290 5677 ἵνα
1348 5620 1434 5676 διὰ
1482 5625 1699 5681 πάντων

213 5792 232 5825 ⁸
278 5788 403 5845 Act.
436 5807 571 5858 xvtt,
603 5792 692 5847 28.

1809 4629 2016 4673 tamen.
2042 4618 2122 4671 Illi
2154 4632 2280 4671 vero
2312 4632 2435 4672 cum
2481 4633 2607 4672 cum
2658 4619 3019 4688 accepissent,
3045 4636 3235 4674 rursus
3280 4622 3377 4676 de-

1806 4710 2033 4763 mittunt
2060 4708 2114 4763 in
2150 4709 2327 4762 lacum
2358 4708 2603 4763 leonum.
2633 4710 2673 4764 li
2705 4720 2863 4764 erant
2886 4720 3093 4780 septem
3122 4727 3373 4773 numero,

1808 4801 2010 4870 quibus
2029 4810 2083 4854 et
2111 4802 2219 4853 duo
2244 4816 2472 4869 corpora
2508 4810 2563 4855 et
2595 4802 2714 4855 dum
2740 4817 2869 4857 oves
2900 4803 3132 4871 singulis
3180 4802 3377 4858 diebus

1807 4900 1964 4946 erant
1994 4890 2263 4959 deputatae
2285 4890 2352 4944 ad
2375 4906 2561 4945 eorum
2586 4892 2927 4945 alimentum.
2954 4891 3059 4946 Sex
3084 4901 3264 4948 autem
3287 4905 3377 4951 ,ιο-

1814 4982 1884 5036 tis
1914 4982 2128 5045 diebus,
2160 4982 2562 5053 quibusjustus
2594 4982 2695 5037 fuit
2727 4999 2851 5037 cum
2889 4984 2971 5037 eis
2999 4984 3266 5051 inclusus,
3293 5002 3379 5039 re-

1808 5071 1923 5127 licti
1949 5081 2076 5127 sunt
2100 5073 2512 5142 omninojejuni
2534 5084 2590 5127 et
2611 5075 2788 5127 omnis
2814 5074 3057 5128 alimenti
3080 5086 3372 5145 expertes:

1808 5175 1869 5217 ut
1901 5163 2039 5217 fame
2066 5163 2285 5231 quidem
2316 5164 2584 5233 oppressi,
2622 5174 2675 5218 et
2709 5166 2858 5219 omni
2887 5167 2994 5220 alio
3026 5168 3371 5233 nutrimento

1803 5266 2073 5320 carentes,
2125 5256 2337 5311 etiamsi
2392 5258 2658 5325 propheta
2693 5258 2925 5312 haberet
2977 5260 3216 5328 aliquam
3253 5262 3369 5315 vir-

1802 5356 1996 5409 tutem,
2026 5363 2146 5417 quae
2170 5362 2361 5401 eorum
2391 5357 2607 5402 arceret
2633 5350 2920 5419 impetum,
2954 5359 3007 5403 at
3039 5349 3181 5406 fame
3214 5360 3365 5405 certe

1804 5439 2025 5509 impulsi
2045 5439 2355 5505 violentius,
2379 5441 2625 5496 maxillas
2656 5441 2911 5495 celeriter
2932 5440 2985 5495 in
3013 5456 3137 5496 eum
3163 5440 3369 5497 immit-

1808 5538 1987 5584 terent
2032 5544 2095 5583 ac
2128 5529 2523 5599 discerperent.
2576 5529 2716 5598 Quid
2742 5547 2873 5601 ergo
2906 5532 3208 5588 Dominus?
3236 5533 3369 5588 Tra-

1804 5623 1955 5679 ditne
1987 5624 2118 5680 feris
2154 5626 2547 5696 animam,qu:e
2571 5640 2697 5681 eum
2725 5626 3055 5682 conﬁtetur?
3075 5635 3369 5682 autservat
