4188 6310
764 406 872 476 399

2060 398 2343 462 MENSlS
2374 399 2671 461 JULlUS.

3890 403 3997 464 600

764 520 984 592 quidem
1010 534 1072 571 ex
1111 533 1203 571 ore
1230 518 1485 572 leonum?
1522 516 1800 583 Relinquit
1832 525 2011 569 autem
2038 530 2161 569 eum
2189 514 2329 566 l'ame
2362 515 2402 568 A
2433 529 2459 562 -:

2463 512 2548 562 ὁτε
2600 510 3008 578 παντοδὺναμον
3040 509 3205 563 αὑτοῦ
3263 509 3362 579 τῆς
3418 512 3595 581 ἱσχυος
3650 512 3744 565 καὶ
3786 512 3852 566 τὸ
3890 514 3997 565 τῶν

768 614 1131 672 moriturum;
1160 618 1251 664 aut
1273 610 1589 663 alimentum
1607 609 1825 678 quidem
1844 608 2043 677 prmbet
2067 609 2132 661 ad
2146 622 2324 665 esum.

766 706 860 760 scd
918 720 1017 773 per
1073 702 1428 772 alienigenam
1478 700 1713 769 aliquem
1755 710 1809 754 et
1843 698 2329 753 incircumcisum?

767 798 997 850 Multum
1025 796 1200 849 abest.
1231 792 1335 847 Sed
1360 802 1417 846 ut
1446 807 1542 861 per
1566 792 1745 845 omnia
1778 792 2186 860 omnipotentes
2213 789 2331 859 ejus

768 886 915 939 vires
951 893 1005 940 et
1068 881 1364 938 ineﬂabilis
1425 881 1801 936 misericordia
1837 883 1990 936 ﬁeret
2020 880 2330 940 manifesta.

770 976 954 1029 divina
982 973 1204 1044 quidem
1236 988 1399 1026 manu
1441 971 1807 1027 obstruuntur
1845 986 1939 1025 ora
1971 972 2213 1029 leonum.
2251 968 2331 1027 vel

771 1064 1021 1134 protinus
1051 1065 1151 1134 ipsi
1187 1064 1399 1133 seipsos
1448 1063 1819 1131 comprimunt
1866 1077 1929 1115 ac
1978 1060 2327 1122 contrahunt,

772 1157 998 1225 angulos
1053 1157 1375 1218 subeuntes,
1403 1163 1587 1209 etnec
1616 1169 1831 1209 sacrum
1884 1167 2082 1221 corpus
2108 1151 2333 1206 omnino

772 1249 1041 1303 audentes
1061 1250 1327 1318 attingere
1355 1265 1368 1301 :
1406 1248 1501 1302 sed
1534 1258 1790 1318 tanquam
1810 1246 2032 1315 quidam
2064 1245 2333 1303 satellites

2436 605 2734 677 οἰκτιρμῶν
2770 604 3080 674 ἀπόρρητον
3116 604 3427 672 καταφανὲς
3460 604 3704 673 γένηται,
3754 608 3996 676 ἐμφράτ-

2437 713 2586 747 τεται
2618 696 2716 764 μὲν
2745 694 2865 765 θεία
2898 696 3124 765 παλάμῃ
3152 695 3378 748 λεόντων
3408 695 3674 765 στόματα,
3710 696 3913 764 μᾶλλον
3945 698 3999 749 δέ

2439 786 2532 837 καὶ
2564 785 2699 855 πρὸς
2735 785 2965 846 ἑαυτοὺς
2996 782 3374 837 συστέλλονται
3401 786 3520 847 ταῖς
3548 785 3775 852 γωνίαις
3824 803 3999 855 παρα-

2438 876 2685 945 δυόμενοι
2731 876 2824 929 καὶ
2858 875 2983 944 μηδ’
3010 875 3144 939 ὅλως
3182 875 3326 947 ἱεροῦ
3361 875 3611 945 σώματος
3642 876 4001 948 παραψαῦσαι

2438 967 2769 1036 τολμῶντες,
2804 968 2916 1023 ἀλλ’
2948 955 3136 1038 ῶσπερ
3165 968 3451 1038 δορυφόροι
3473 967 3616 1029 τινὲς
3650 966 3795 1019 εὖνοί
3822 983 3881 1018 τε
3914 971 4001 1019 καὶ

2441 1059 2752 1111 πιστότατοι
2775 1060 2865 1111 τὸν
2888 1060 3097 1112 ἑαυτῶν
3112 1058 3464 1126 φυλάττοντες
3482 1058 3728 1127 βασιλέα,
3751 1057 3847 1110 καὶ
3870 1056 4003 1125 μηδέ

2442 1148 2533 1201 τοῦ
2564 1149 2721 1218 λιμοῦ
2758 1149 3060 1219 μνησθῆναι
3113 1149 3219 1202 ὑπὸ
3273 1148 3368 1203 τοῦ
3418 1148 3803 1219 περικειμένου
3857 1145 4006 1207 δέους

2445 1243 2625 1303 αὐτοῖς
2653 1242 3123 1311 συγχωρούμενοι.

770 1340 1020 1396 benevoli
1073 1357 1136 1394 ac
1176 1341 1381 1401 ﬁdeles.
1415 1355 1574 1395 suum
1623 1353 1805 1408 regem
1841 1337 2237 1403 custodientes,
2281 1342 2338 1390 et
2377 1349 2517 1405 quos
2574 1349 2675 1387 nec
2741 1332 2897 1388 famis
2930 1332 3150 1402 quidem
3179 1333 3493 1388 meminisse
3517 1332 3757 1399 sinebat,
3786 1332 3885 1403 qui
3911 1348 4009 1389 eos

774 1434 1023 1501 urgebat,
1055 1446 1251 1487 metus.

844 1526 1031 1580 XXIV.
1091 1526 1221 1578 Erat
1280 1535 1460 1580 autem
1504 1525 1643 1581 alius
1673 1525 1894 1595 quidam
1959 1525 2223 1596 propheta
2280 1526 2336 1579 in

772 1618 979 1672 Judaza.
1012 1617 1061 1671 Is
1094 1624 1211 1671 erat
1235 1632 1389 1672 saccr
1414 1616 1689 1683 Habacuc,
1722 1632 1883 1689 quem
1910 1618 2022 1672 scio
2046 1617 2179 1673 satis
2218 1626 2336 1671 om-‘

776 1713 938 1764 nibus
971 1726 1091 1765 esse
1142 1721 1353 1765 notum.
1385 1712 1435 1765 ls
1458 1727 1609 1781 ergo,
1660 1726 1783 1766 cum
1838 1726 2031 1780 panem
2086 1710 2139 1764 in
2185 1710 2338 1764 disco

2511 1524 2637 1576 KA'.
2666 1482 2859 1573 Ἦνδὲ
2891 1534 2974 1581 τις
3004 1518 3163 1581 ἄλλος
3189 1516 3473 1587 προφήτης
3494 1518 3554 1569 ἐν
3600 1517 3854 1587 Ἰουδαίᾳ,
3881 1517 3907 1568 6
3942 1518 4011 1568 ξε-

2438 1615 2529 1686 ρδς
2564 1612 2886 1683 Ἀμϐακοὺμ
2918 1608 3092 1674 οὗτος,
3122 1610 3492 1685 ὃνίγνώριμον
3528 1603 3667 1660 εἶναι
3708 1611 3877 1661 πᾶσιν
3912 1612 4012 1661 ἐπ-

2440 1708 2665 1773 ίσταμαι
2693 1719 2706 1733 ·
2752 1696 2908 1766 οὗτος
2942 1698 3035 1755 οὖν
3070 1702 3267 1770 ἄρτους
3314 1701 3370 1752 ἐν
3402 1701 3591 1751 πίνακι
3624 1698 3930 1767 διαθρύψας
3955 1700 4015 1749 τὸ

777 1803 1193 1859 comminuisset
1225 1814 1278 1856 et
1302 1805 1391 1874 jus
1415 1805 1461 1858 ei
1497 1804 1831 1869 immisisset,
1860 1803 2047 1856 abibat
2079 1812 2138 1856 ut
2172 1802 2339 1857 ferret
2434 1795 2460 1847 ἱ

2464 1794 2623 1865 ψημά
2669 1812 2729 1847 τε
2776 1794 2988 1856 τούτοις
3039 1791 3335 1858 ἐπιϐαλὼν,
3390 1791 3558 1861 ἀπῄει
3610 1789 3854 1858 κομίξων
3902 1790 4012 1849 τοῖς

778 1898 843 1950 ad
898 1912 1202 1961 messores;
1235 1904 1353 1950 erat
1385 1896 1531 1949 enim
1571 1904 1787 1963 tempus
1827 1894 2052 1948 aestatis.
2102 1890 2341 1962 Angelus
2377 1888 2464 1969 δε

2462 1888 2725 1955 δερισταῒς
2763 1886 2974 1955 (θέρους
3006 1886 3111 1955 γὰρ
3150 1880 3217 1953 ἦν
3245 1887 3271 1936 6
3298 1883 3529 1952 καιρός),
3562 1882 3793 1949 ἄγγελος
3818 1881 3875 1933 δὲ
3909 1882 4018 1933 Κυ-

777 1999 957 2045 autem
996 1989 1213 2045 Domini
1241 1990 1289 2044 ei
1326 1987 1599 2058 apparuit,
1633 1987 1873 2057 etjussit
1924 2001 2050 2039 eum
2100 1983 2151 2039 id
2200 1983 2344 2037 ferre

778 2082 1109 2152 Babylonem
1135 2080 1201 2134 ad
1229 2081 1527 2135 Danielcm.
1560 2077 1697 2132 Cum
1723 2078 1769 2130 is
1798 2090 1926 2130 vero
1949 2074 2340 2145 ignorantiam,

780 2183 833 2227 et
858 2188 975 2229 esse
999 2173 1292 2227 maximum
1318 2170 1461 2240 quod
1488 2168 1775 2224 intercedit
1800 2168 2062 2237 spatium,
2092 2175 2148 2221 et
2177 2180 2341 2235 quam

783 2262 1002 2318 tlilIicile
1048 2272 1194 2318 esset
1227 2264 1575 2333 imperatum,
1607 2263 1931 2330 adduceret,
1962 2262 2217 2332 protinus
2245 2277 2346 2315 an~

785 2357 938 2424 gelus
968 2370 1178 2409 comam
1213 2356 1405 2424 capitis
1428 2354 1815 2424 apprehendit,
1837 2362 1892 2407 et
1912 2355 2186 2406 momento
2208 2354 2347 2405 teme

785 2447 936 2517 poris
967 2447 1175 2516 impetu
1233 2448 1487 2501 ducentis
1522 2446 1748 2516 spiritus
1776 2459 2050 2515 expensus
2075 2443 2223 2499 stetit
2253 2458 2347 2496 su-

785 2554 885 2608 per
936 2539 1111 2594 lacum
1163 2556 1175 2591 :
1213 2548 1268 2593 et
1300 2539 1593 2607 appellavit
1625 2538 1718 2593 Dei
1754 2538 2017 2601 vinctum,
2052 2546 2108 2592 et
2163 2535 2300 2590 dixit
2334 2553 2347 2589 :

787 2629 989 2699 Accipe
1034 2631 1174 2684 hanc
1225 2644 1457 2695 coenam,
1487 2644 1648 2698 quam
1682 2630 1824 2683 Deus
1862 2628 1928 2682 ad
1978 2636 2028 2682 te
2062 2628 2229 2690 misit,
2271 2626 2348 2681 tui

789 2739 1040 2793 magnam
1068 2738 1253 2777 curam
1284 2736 1500 2793 gerens.
1535 2721 1659 2777 Hzec
1691 2722 1965 2777 Habacuc.
2000 2722 2226 2791 Magnus
2251 2735 2350 2774 au-

791 2822 901 2868 tem
937 2814 1122 2869 Daniel
1178 2815 1231 2868 in
1284 2815 1614 2869 contritione
1662 2814 1888 2883 Spiritus
1927 2798 1980 2867 et
2044 2811 2352 2864 humilitate

792 2906 987 2960 animae
1020 2924 1031 2959 :
1062 2906 1306 2960 Meminit
1335 2921 1468 2960 vero
1508 2906 1613 2959 mei
1646 2905 1810 2968 Deus,
1847 2902 2147 2973 respondit,
2178 2900 2355 2956 ﬁdelis

792 3012 897 3051 vox
957 3007 1039 3055 εει
1100 3013 1288 3051 revera
1343 2996 1552 3058 famuli,
1591 2996 1866 3066 quomodo
1910 2995 2088 3049 bonus
2136 3008 2355 3063 quoque

794 3085 1059 3141 Dominus
1085 3086 1206 3155 ejus
1230 3100 1417 3139 curam
1444 3086 1600 3155 gerit.
1628 3084 1855 3149 Deinde,
1886 3100 2008 3139 cum
2034 3084 2352 3151 accepisset,

798 3178 1039 3232 comedit
1073 3195 1086 3231 :
1121 3178 1235 3247 ipse
1262 3183 1446 3232 autem
1480 3177 1759 3237 Habacuc,
1790 3191 1912 3229 cum
1943 3176 2134 3229 eadem
2166 3187 2355 3227 rursus

2450 1979 2568 2049 ρίου
2610 1978 2918 2046 ἐπιφανεὶς,
2972 1975 3335 2046 μετακομίσαι
3383 1974 3543 2027 τοῦτο
3592 1976 3668 2036 εἰς
3718 1972 4017 2027 Βαϐυλῶνα

2445 2072 2523 2142 τῷ
2558 2071 2756 2140 Δανιὴλ
2803 2070 3101 2124 ἐπέταττε·
3149 2066 3242 2120 τοῦ
3285 2066 3341 2119 δέ
3390 2065 3487 2137 τὴν
3540 2065 3764 2133 ἄγνοιαν
3816 2064 3915 2117 καὶ
3963 2064 4021 2115 τδ

2448 2160 2706 2230 πάμπολυ
2737 2154 2879 2211 εἶναι
2908 2158 2969 2209 τὸ
3005 2157 3207 2226 μεταξὺ
3250 2154 3528 2223 διάστημα
3554 2154 3613 2204 τὸ
3646 2153 3933 2221 ἀμήχανόν
3960 2169 4019 2204 τε

2451 2251 2893 2325 προϐαλλομένου
2950 2247 3043 2302 τοῦ
3092 2247 3488 2316 ἐπιτάγματος,
3523 2244 3719 2297 αὐτίκα
3754 2242 3891 2311 πρὸς
3930 2245 4021 2295 τοῦ

2452 2345 2684 2415 ἀγγέλου
2735 2344 2833 2413 τὴν
2886 2343 3062 2411 κόμην
3117 2341 3482 2411 ἐπιληφθῆναι
3526 2339 3625 2408 τῆς
3669 2337 3919 2407 κεφαλῆς
3966 2340 4023 2389 ἐν

2452 2439 2651 2508 ἀκαρεῖ
2678 2454 2737 2490 τε
2768 2434 2846 2507 τῷ
2884 2431 3047 2505 ῥοίζῳ
3069 2432 3161 2486 τοῦ
3194 2434 3417 2500 ἄγοντος
3442 2432 3753 2499 πνεύματος
3785 2433 4023 2484 ἐκπεταο

2455 2531 2654 2584 σθέντα
2687 2528 2872 2581 ἐπάνω
2898 2527 3089 2595 στῆναι
3117 2524 3209 2578 τοῦ
3229 2524 3431 2578 λάκκου
3459 2526 3551 2578 καὶ
3579 2522 4024 2592 προσαγορεῦσαι

2453 2621 2544 2674 τὸν
2599 2620 2817 2691 δέσμιον
2878 2620 2996 2671 ἐκεῖ
3029 2621 3122 2671 τοῦ
3182 2617 3353 2670 Θεοῦ·
3396 2618 3487 2670 καὶ
3540 2615 3691 2680 δέξαι
3754 2614 3914 2667 τουτὶ
3965 2616 4025 2666 τὸ

2453 2711 2688 2774 δεῖπνον,
2720 2711 2923 2774 εἰπεῖν,
2966 2711 2994 2761 6
3058 2708 3185 2770 Θεός
3242 2725 3322 2760 σοι
3379 2708 3519 2776 μάλα
3586 2706 3884 2775 κηδόμενος
3944 2706 4026 2770 ἐξ·

2457 2802 2768 2856 απέστειλε.
2794 2799 2976 2854 Ταῦτα
3008 2802 3035 2853 6
3071 2798 3415 2870 Ἀμϐακοὺμ.
3457 2798 3515 2850 ’0
3539 2798 3709 2866 μέγας
3740 2798 3798 2850 δὲ
3827 2797 4027 2867 Δανιὴλ

2459 2896 2517 2946 ἐν
2576 2892 2833 2963 συντριϐῇ
2902 2892 3210 2960 πνεύματος
3267 2890 3361 2943 καὶ
3417 2887 3749 2940 ταπεινώσει
3807 2886 4027 2955 ψυχῆς·

2471 2986 2743 3054 Ἐμνήσθη
2794 2986 2851 3036 δέ
2900 3002 2999 3052 μου
3036 2984 3063 3034 6
3113 2982 3265 3044 Θεός,
3307 2980 3638 3049 ἀπεκρίνατο
3665 2993 3679 3006 ⁸
3715 2976 3915 3031 πιστοῦ
3956 2978 4032 3047 τῷ

2458 3078 2571 3131 δντι
2628 3077 2956 3149 θεράποντος
3017 3076 3050 3144 ἡ
3101 3074 3271 3143 φωνὴ,
3307 3073 3492 3143 ῶσπερ
3534 3073 3642 3141 ἄρα
3677 3070 3792 3147 ,καὶ
3820 3070 4031 3137 ἀγαθοῦ

2462 3170 2732 3223 Δεσπότου
2759 3171 2790 3239 ὴ
2815 3168 2947 3236 ’περὶ
2980 3166 3140 3220 αὐτὸν
3168 3165 3392 3233 πρόνοια
3418 3180 3434 3195 ο
3472 3157 3589 3215 εἶτα
3614 3162 3711 3214 καὶ
3735 3154 4034 3229 δέξάμενος

799 3269 1003 3323 virtute
1038 3268 1170 3322 illud
1202 3269 1526 3323 immensum
1585 3266 1970 3321 transvolasset
2014 3265 2271 3335 spatium,
2307 3263 2361 3334 (ο
2388 3239 2430 3297 G

2467 3259 2698 3327 ἔφαγενο
2735 3257 2975 3312 αὑτὸνδὲ
3006 3256 3347 3325 παραχρῆμα
3382 3253 3474 3304 τὸν
3514 3251 3840 3319 Ἀμϐακοὺμ
3876 3249 4034 3309 αὖθις

802 3363 1161 3425 celeritatem,
1184 3377 1216 3417 ο
1233 3362 1471 3416 divinam
1498 3360 1899 3430 pernicitatem)
1926 3368 2202 3413 momento
2227 3367 2365 3412 tem-

801 3455 954 3523 poris
979 3453 1052 3507 ita
1103 3466 1202 3506 suo
1231 3452 1334 3505 fuit
1360 3453 1482 3505 loco
1516 3451 1823 3514 restitutus,
1850 3459 1910 3502 ut
1953 3449 2193 3501 nondum
2222 3462 2363 3515 prae-

806 3545 1045 3601 teriisset
1073 3544 1204 3598 hora
1238 3541 1451 3612 prandii
1484 3541 1837 3596 messoribus.
1876 3540 2051 3609 Atque
2094 3538 2199 3592 hoc
2239 3536 2365 3607 qui-

805 3639 928 3692 dem
954 3652 1077 3692 cum
1104 3637 1175 3690 sit
1206 3637 1365 3705 plane
1394 3634 1679 3707 soliusbci
1706 3648 1841 3701 opus
1866 3639 1921 3684 et
1945 3631 2063 3700 ejus
2090 3629 2369 3709 immensae

807 3730 1090 3796 potentiae,
1119 3727 1294 3795 majus
1322 3742 1385 3779 ex
1429 3741 1487 3779 se
1532 3726 1697 3778 habet
1729 3724 2076 3787 miraculum,
2110 3736 2275 3792 quam
2308 3728 2370 3774 ut

810 3821 863 3874 id
917 3823 1088 3889 possit
1137 3816 1356 3888 assequi
1406 3831 1587 3872 sermo
1619 3816 1699 3870 vel
1745 3813 2029 3883 cegitatio.
2074 3813 2247 3882 Atque
2276 3826 2370 3866 sex

809 3915 1028 3984 quidem
1061 3912 1177 3966 dies
1208 3911 1286 3966 sic
1317 3910 1674 3972 transierunt,
1711 3906 1991 3961 Danielcm
2013 3904 2067 3958 in
2092 3904 2211 3958 lacu
2241 3918 2371 3957 con-

811 4018 1111 4064 servantes.
1144 4007 1315 4077 Cyrus
1345 4015 1525 4060 autem
1552 4004 1783 4072 septimo
1813 4003 1900 4057 die
1933 4000 2086 4063 abiit,
2138 4007 2197 4053 ut
2235 3996 2372 4051 ami-

813 4115 935 4155 eum
961 4101 1072 4171 jam
1110 4099 1319 4169 lugeret
1348 4105 1645 4150 mortuum.
1673 4093 1808 4148 Cum
1844 4108 1974 4146 vero
2009 4092 2372 4161 despcxisset,

811 4208 869 4249 et
900 4195 1122 4248 vidisset
1156 4194 1334 4262 ipsum
1363 4192 1643 4246 sedentem
1669 4189 1722 4242 in
1753 4187 1871 4241 lacu
1902 4185 2154 4246 illaesum,
2179 4197 2375 4252 magna

815 4304 948 4343 voce
979 4285 1220 4341 laudavit
1252 4285 1420 4338 Deum
1450 4295 1630 4336 rerum
1659 4276 2087 4339 admirabilium,
2125 4283 2180 4328 et
2207 4273 2379 4343 magis

817 4395 980 4450 quam
1015 4380 1167 4448 prius
1190 4376 1423 4435 Darius;
1455 4385 1509 4427 et
1547 4373 1697 4425 illum
1756 4370 1975 4438 quidem
2013 4370 2163 4423 illinc
2217 4384 2378 4437 quam

820 4473 1057 4541 primum
1086 4469 1323 4524 extraxit
1363 4484 1374 4519 :
1408 4480 1503 4519 eos
1529 4472 1733 4526 autem,
1760 4462 1853 4530 qui
1916 4461 1966 4514 ei
2005 4469 2207 4514 temere
2240 4458 2382 4511 invi-

820 4566 1043 4628 debant,
1095 4560 1358 4617 continuo
1390 4555 1611 4611 demisit
1669 4551 2014 4609 devorandos
2051 4567 2079 4605 a
2108 4548 2379 4605 leonibus.
2416 4572 2464 4632 Β

822 4654 913 4711 Sic
974 4655 1140 4709 etiam
1179 4653 1232 4706 in
1273 4650 1528 4721 gentibus
1586 4646 1938 4717 cognoscitur
1977 4645 2121 4698 Deus
2178 4642 2384 4713 judicia

825 4747 1051 4809 faciens,
1087 4753 1144 4797 ut
1179 4744 1230 4795 in
1265 4741 1525 4811 operibus
1554 4752 1819 4791 manuum
1861 4737 2104 4805 ipsorum
2139 4748 2387 4801 compre-

828 4837 1142 4893 hendantur
1188 4841 1529 4903 peccatores,
1564 4827 1861 4900 providens
1892 4824 2053 4878 modo
2095 4822 2382 4878 ineﬂ‘abili.

828 4932 953 4985 Fuit
996 4943 1125 4998 ergo
1174 4936 1357 4995 postea
1390 4923 1578 4977 Daniel
1615 4929 1670 4975 et
1701 4920 1841 4990 regis
1876 4919 2178 4980 convictor,
2210 4917 2385 4970 bono—

833 5036 1056 5090 remque
1088 5028 1149 5073 et
1176 5017 1403 5087 gloriam
1437 5015 1580 5083 apud
1608 5013 1785 5080 ipsum
1814 5019 1897 5065 est
1929 5017 2260 5063 consecutus
2293 5021 2354 5058 su
2377 5032 2389 5041 -

831 5129 925 5183 pra
950 5124 1141 5167 omnes
1168 5109 1285 5177 ejus
1314 5106 1531 5159 amicos.

902 5293 1063 5347 XXV.
1097 5290 1200 5347 Sed
1229 5300 1284 5344 et
1312 5302 1502 5343 rursus
1534 5285 1871 5340 admirabilis
1903 5282 2087 5337 Daniel
2132 5289 2391 5335 consueta

834 5387 1061 5448 iaciens,
1095 5395 1151 5439 et
1197 5396 1555 5453 perseverans
1591 5379 1644 5432 in
1696 5376 1762 5431 ab
1808 5377 1963 5431 initio
1994 5384 2172 5442 empta
2221 5373 2394 5426 absti.

838 5483 1039 5538 nentia.
1069 5491 1260 5532 rursus
1296 5474 1495 5529 talibus
1542 5472 1736 5540 (lignus
1765 5478 1848 5524 est
1883 5469 2101 5522 habitus
2150 5475 2397 5521 contem-

837 5571 1191 5644 plationibus.
1220 5568 1319 5623 Fui
1344 5568 1509 5625 enim.
1538 5565 1715 5633 inquit
1739 5564 1848 5622 ille,
1886 5571 1993 5614 tres
2026 5561 2236 5615 dierum
2269 5558 2402 5614 heb-

840 5664 1100 5718 domadas
1159 5660 1430 5733 jcjunans.
1468 5657 1666 5711 Panem
1694 5657 1838 5708 enim
1863 5653 2258 5707 desideriorum
2287 5667 2396 5706 non

838 5755 1070 5820 comedi,
1102 5764 1157 5809 et
1181 5770 1306 5809 caro
1336 5763 1389 5807 et
1426 5752 1611 5805 vinum
1638 5764 1743 5802 non
1768 5746 1989 5800 intravit
2016 5748 2067 5799 in
2092 5762 2151 5799 os
2175 5760 2353 5799 meum
2384 5763 2395 5796 :

840 5860 895 5907 et
950 5859 1225 5922 unguento
1260 5861 1367 5902 non
1409 5844 1484 5900 fui
1519 5851 1740 5908 unctus,
1776 5840 1949 5894 donec
1977 5838 2181 5908 impleti
2220 5844 2403 5897 essent

2462 3353 2530 3420 τῇ
2559 3350 2695 3418 αὐτῇ
2751 3349 2977 3416 δυνάμει
3026 3346 3086 3399 τὸ
3140 3344 3333 3417 μυρίον
3381 3345 3557 3395 ἐκεῖνο
3606 3340 3909 3410 διάστημα,
3961 3342 4040 3394 δι·

2466 3442 2716 3497 απτάντα
2746 3438 2812 3511 (ὣ
2837 3437 2930 3492 τοῦ
2957 3437 3175 3507 τάχους,
3199 3434 3244 3488 ὢ
3270 3436 3369 3505 τῆς
3402 3434 3549 3511 θεέας
3570 3431 3827 3503 ὀξύτητος
3855 3434 3869 3485 !
3894 3439 3915 3501 )
3951 3430 4040 3485 οῦ·

2466 3548 2575 3595 τως
2627 3533 2685 3583 ἐν
2717 3508 2848 3600 ριπῇ
2911 3529 3047 3597 πρὸς
3080 3527 3171 3580 τὸν
3202 3528 3405 3578 οἰκεῖον
3447 3508 3797 3593 ἀνασωθῆναι
3847 3523 4038 3585 τόπον,

2466 3622 2541 3684 ὡς
2590 3620 2664 3690 μὴ
2708 3618 3152 3688 παρελκυσθῆναι
3202 3616 3301 3683 τὴν
3332 3615 3481 3684 ὥραν
3519 3615 3612 3666 τοῦ
3656 3615 3889 3685 ἀρίστου
3932 3617 4043 3677 τοῖς

2471 3713 2748 3783 θερισταῖς
2774 3727 2787 3740 ο
2820 3711 2976 3762 τοῦτο
3009 3709 3107 3778 μὲν
3136 3705 3231 3760 οὖν
3263 3708 3425 3777 μόνου
3471 3705 3724 3775 καθαρῶς
3774 3705 3945 3775 ἔργον
3989 3707 4045 3759 6v

2470 3805 2563 3859 τοῦ
2619 3794 2754 3857 Θεοῦ
2816 3801 2909 3856 καὶ
2965 3801 3065 3871 τῆς
3116 3799 3527 3868 παντοδυνάμου
3563 3797 3759 3868 ῥοπῆς,
3814 3797 4046 3851 αὐτόθεν

2472 3898 2585 3967 ἔχει
2619 3896 2678 3948 τὸ
2707 3894 2890 3964 θαῦμα
2920 3894 2951 3965 ἢ
2987 3892 3125 3946 κατὰ
3144 3892 3302 3959 λόγου
3327 3890 3420 3943 καὶ
3444 3888 3655 3959 φρενῶν
3684 3888 3946 3958 δύναμιν.
3985 3888 4047 3940 Ἦ

2474 3989 2605 4054 ἓκτη
2645 3988 2740 4054 μὲν
2785 3984 2876 4037 οῦν
2929 3983 3108 4045 οὕτως
3152 3983 3492 4052 ἐπεραίνετο,
3519 3981 3611 4033 τὸν
3648 3979 3854 4049 Δανιὴλ
3885 3984 3948 4034 ἐν
3977 3980 4049 4048 τῷ

2475 4079 2664 4147 λάκκῳ
2693 4073 3045 4145 διατηροῦσα.
3070 4071 3249 4143 Κύρος
3271 4072 3327 4125 δὲ
3352 4074 3415 4143 τῇ
3438 4070 3640 4143 ἐϐδόμῃ
3676 4069 3847 4139 ἀπῄει
3869 4070 3950 4132 ὡς
3972 4087 4051 4123 τε·

2480 4167 2713 4237 θνηκότα
2755 4166 2856 4236 ¹ήδη
2891 4164 2982 4216 τὸν
3023 4162 3174 4231 φίλον
3215 4162 3533 4233 πενθήσωψ
3580 4158 3831 4229 ἐγκύψας
3872 4158 3933 4211 δὲ
3965 4161 4053 4212 καὶ

2484 4261 2606 4313 ίδὼν
2636 4260 2797 4312 αὐτὸν
2825 4260 2881 4311 ἐν
2906 4257 2980 4328 τῷ
3002 4258 3190 4327 λάκκῳ
3221 4256 3528 4324 καθήμενον
3562 4252 3798 4322 ἀϐλαϐῆ,
3840 4252 4054 4321 μεγάλῃ

2482 4354 2633 4420 φωνῇ
2671 4351 2760 4403 τὸν
2791 4349 2899 4402 τῶν
2942 4346 3262 4416 θαυμασίων
3303 4345 3458 4413 ὕμνει
3490 4344 3623 4395 Θεὸν
3649 4344 3744 4393 καὶ
3783 4341 4053 4410 μᾶλλονῆ

2485 4444 2707 4509 Δαρεῖος
2742 4440 2800 4491 τὸ
2833 4439 3098 4507 πρότερον
3121 4454 3135 4467 ⁸
3170 4436 3263 4489 καὶ
3295 4436 3387 4486 τὸν
3426 4432 3523 4502 μὲν
3564 4430 3774 4483 ἐκεῖθεν
3806 4430 4058 4483 ἀνείλκυ-

2492 4548 2582 4584 σεν
2616 4532 2675 4590 ἐν
2721 4529 2967 4601 σπουδῇ·
3018 4526 3231 4590 τοὺςδέ
3270 4526 3446 4595 μάτην
3478 4522 3624 4593 αὑτῷ
3661 4520 4059 4591 βασκαίνοντας

2492 4626 2715 4695 ἑτοίμην
2752 4624 2912 4685 εὐθὺς
2945 4623 3056 4684 τοῖς
3089 4621 3271 4672 λέουσι
3317 4617 3523 4686 καθῆκε
3575 4614 3741 4684 βοράν
3768 4629 3781 4642 ·
3817 4613 3966 4666 οῦτω
3998 4611 4059 4680 δὴ

2490 4718 2594 4768 κάν
2626 4717 2737 4776 τοῖς
2776 4713 2955 4763 ἔθνεσι
2986 4710 3315 4778 γινώσκεται
3352 4706 3556 4775 Κύριος
3600 4703 3855 4773 κρίματα
3891 4702 4060 4754 ποιῶν

2492 4811 2548 4861 ἐν
2576 4809 2684 4868 τοῖς
2718 4805 2898 4875 ἔργοις
2924 4820 2981 4855 τε
3017 4801 3123 4855 τῶν
3148 4800 3345 4869 χειρῶν
3376 4795 3554 4851 αὐτῶν
3573 4796 3833 4867 ἀρρήτως
3860 4794 4061 4846 οίκονο»

2499 4899 2634 4970 μῶν,
2666 4898 2788 4958 τοὺς
2819 4892 3175 4964 ἁμαρτωλοὺς
3216 4888 3723 4960 συλλαμϐάνεσθαιο
3760 4881 3833 4956 ἦν
3866 4883 3963 4938 οὖν
4008 4884 4065 4936 τὸ

2500 4994 2634 5064 μετὰ
2658 4990 2830 5045 ταῦτα
2860 4988 2887 5039 6
2909 4987 3107 5056 Δανιὴλ
3134 4985 3446 5053 συμϐιωτής
3472 4997 3531 5033 τε
3551 4978 3643 5032 τοῦ
3675 4978 3951 5048 βασιλέως
3975 4978 4066 5029 καὶ

2496 5087 2661 5155 τιμῆς
2696 5084 2825 5153 παρ’
2853 5082 2999 5150 αὐτῷ
3033 5080 3125 5132 καὶ
3151 5078 3304 5146 δόξης
3330 5075 3468 5146 ὑπὲρ
3497 5072 3705 5134 πάντας
3744 5070 3913 5123 αὐτοῦ
3948 5070 4066 5129 τοὺς

2502 5179 2686 5247 φίλους
2717 5175 3163 5240 καταξιούμενος.

2574 5266 2697 5320 KE'.
2749 5265 2909 5317 Ἂλλὰ
2945 5262 3053 5331 γὰρ
3075 5261 3169 5313 καὶ
3199 5259 3365 5311 πάλιν
3394 5254 3591 5321 Δανιὴλ
3618 5254 3646 5304 6
3674 5252 3982 5321 θαυμάσιος
4005 5251 4069 5300 τὰ

2505 5359 2707 5431 συνήθη
2739 5355 2907 5410 ποιῶν
2933 5355 3024 5406 καὶ
3047 5353 3145 5421 τῆς
3170 5351 3226 5417 ἐξ
3250 5349 3419 5419 ἀρχῆς
3446 5346 3702 5416 ἐχόμενος
3722 5342 4067 5413 ἐγκρατείας,

2503 5462 2761 5517 τοιούτων
2792 5453 2943 5519 αὖθις
2966 5453 3182 5524 ἠξιοῦτο
3206 5451 3300 5501 καὶ
3324 5447 3430 5498 τῶν
3455 5444 3697 5515 θεωρίων
3718 5458 3732 5472 ·
3760 5442 3911 5510 ήμην
3944 5440 4067 5507 γὰρ,

2504 5554 2705 5616 ἐκεῖνός
2742 5566 2895 5621 φησι,
2950 5549 3097 5617 τρεῖς
3153 5539 3451 5609 ἑϐδομάδας
3490 5533 3716 5607 ἡμερῶν
3766 5530 4069 5602 νηστεύων.

2510 5650 2710 5718 ’Ἄρτον
2919 5638 3221 5709 ἐπιθυμιῶν
3278 5635 3377 5688 οὐκ
3418 5634 3621 5701 ἔφαγον
3667 5626 3764 5679 καὶ
3807 5626 3945 5698 κρέα
3986 5620 4071 5673 καὶ

2508 5716 2647 5801 οἷν-ος
2691 5737 2789 5789 οὐκ
2844 5731 3093 5801 εἰσῆλθεν
3135 5731 3213 5791 εἰς
3245 5725 3302 5778 τὸ
3340 5724 3514 5792 στόμα
3549 5736 3673 5790 μου,
3702 5718 3797 5770 καὶ
3832 5716 4069 5780 ἄλειμμα

2507 5833 2603 5887 οὐκ
2662 5827 2968 5899 ὴλειψάμην
3008 5823 3111 5887 ἕως
3164 5817 3493 5893 πληρώσεως
3546 5810 3714 5884 τριῶν
3769 5801 4070 5874 ἑϐδομάδων
