4188 6310
196 358 290 421 401

1204 360 1384 420 VITA
1424 360 1481 418 S.
1529 361 1953 424 PROPHETrE
1997 367 2378 432 DANIELIS.

3315 376 3419 437 ‘02

197 469 433 540 ἡμερῶν.
455 470 563 522 Καὶ
584 471 639 522 ἐν
658 469 840 542 ἡμέρᾳ
860 470 1076 542 εἰκοστῇ
1099 472 1189 524 καὶ
1212 473 1451 545 τετάρτῃ
1486 472 1578 526 τοῦ
1610 471 1758 544 πρώ-
1789 488 1830 538 Α

1789 488 1830 538 Α
1860 479 1975 532 dies
2001 481 2163 534 trium
2196 482 2598 539 hebdomadam
2624 504 2637 552 ;
2659 493 2711 540 et
2736 485 2991 541 vicesimo
3018 497 3072 542 et
3095 497 3292 556 quarto
3327 489 3415 542 die

199 581 286 615 του
323 564 509 632 μηνὸς,
548 564 658 631 ἐγὼ
693 565 842 635 ήμην
879 566 1113 635 ἐχόμενα
1146 565 1239 617 τοῦ
1274 567 1521 635 ποταμοῦ
1547 567 1639 620 τοῦ
1665 586 1758 637 με-

199 657 357 720 γάλου
389 657 598 725 Χωμὰρ
623 660 717 711 καὶ
738 655 847 727 ἦρα
870 660 990 720 τοὺς
1018 656 1328 726 ὀφθαλμούς
1352 675 1452 726 μου
1482 661 1571 711 καὶ
1592 655 1751 712 εἶδον·

201 747 288 799 καὶ
315 748 420 801 ίδοῦ
451 749 588 818 ἀνὴρ
624 749 966 819 ἐνδεδυμένος
1009 749 1188 818 βαδδὶν
1220 750 1312 801 καὶ
1340 751 1371 818 ή
1396 747 1566 816 ὀσφῦς
1592 749 1756 800 αὐτοῦ

199 841 608 910 περιεζωσμένη
638 845 693 893 ἐν
717 841 923 910 χρυσίῳ
939 840 1163 909 Ὀφὰτζ,
1193 841 1284 894 καὶ
1311 841 1371 893 τὸ
1403 841 1560 908 σῶμα
1591 839 1755 892 αὐτοῦ

198 929 324 980 ὡσεὶ
351 931 604 1000 Θαρσεῖς,
635 933 728 983 καὶ
775 931 834 982 τὸ
871 931 1160 999 πρόσωπον
1205 930 1370 984 αὐτοῦ
1407 929 1539 981 ὡσεὶ
1570 931 1758 999 ὅρασις

199 1023 500 1092 ἀστραπῆς,
520 1015 611 1076 κάλ
629 1026 674 1075 oi
694 1023 962 1092 ὀφθαλμοί
999 1023 1165 1075 αὐτοῦ
1189 1023 1318 1074 ὡσεὶ
1339 1022 1622 1090 λαμπάδες
1655 1037 1760 1072 πυο

201 1116 436 1184 ρὸς,-καὶ
467 1115 514 1166 οἱ
564 1115 850 1183 βραχίονες
884 1116 1047 1166 αὑτοῦ
1074 1114 1165 1166 καὶ
1191 1114 1257 1164 τὰ
1291 1113 1451 1179 σκέλη
1473 1112 1546 1173 ὡς
1570 1112 1758 1180 ὅρασις

199 1207 395 1278 χαλκοῦ
432 1207 760 1272 στίλϐοντος,
802 1209 894 1260 καὶ
919 1209 950 1278 ἡ
985 1207 1133 1276 φωνὴ
1159 1207 1265 1258 τῶν
1296 1206 1469 1271 λόγων
1493 1204 1657 1255 αὐτοῦ
1684 1204 1756 1265 ὡς

199 1302 342 1368 φωνὴ
382 1300 561 1369 διλου.
592 1300 778 1352 Ταῦτα
809 1295 947 1351 εἶδον
989 1299 1080 1350 καὶ
1116 1300 1148 1368 ή
1183 1301 1334 1367 ίσχύς
1379 1315 1478 1365 μου
1513 1297 1756 1362 ἐξέλιπεν

199 1396 290 1447 ἀπ’
317 1394 470 1461 ἐμοῦ,
508 1395 598 1445 καὶ
632 1395 665 1461 ή
693 1393 819 1456 δόξα
852 1409 952 1461 μου
986 1393 1331 1461 μετεστράφη
1351 1391 1429 1451 είς
1463 1388 1758 1458 διαφθορὰν

198 1490 288 1542 καὶ
317 1488 478 1550 εὐθὺς
508 1477 599 1540 ἐπὶ
626 1486 724 1557 τὴν
758 1487 861 1556 γῆν
890 1485 1071 1538 πίπτω
1092 1500 1105 1513 ·
1149 1485 1241 1536 καὶ
1276 1483 1382 1535 ἰδοὺ
1431 1483 1551 1552 χεὶρ
1598 1484 1762 1535 ἀπτο-

199 1583 331 1650 μένη
378 1597 477 1651 μου
538 1581 631 1632 καὶ
665 1579 857 1649 ἧγειρέ
894 1595 960 1646 με
1002 1577 1097 1631 ἐπὶ
1140 1577 1207 1628 τὰ
1260 1576 1464 1644 γόνατά
1496 1593 1595 1644 μου
1639 1575 1755 1636 καὶ,

195 1674 355 1737 Σύνες
382 1675 464 1726 ί...
499 1672 655 1742 φησι,
698 1672 833 1740 πρός
880 1687 968 1738 με,
997 1669 1214 1738 Δανιὴλ,
1249 1662 1389 1737 ἀνὴρ
1428 1667 1757 1737 ἐπιθυμιῶν,

196 1767 289 1818 καὶ
315 1763 467 1831 στῆθι
531 1762 622 1814 ἐπὶ
667 1765 732 1830 τῇ
789 1761 976 1812 στάσει
1025 1775 1148 1827 μου,
1181 1759 1260 1810 ὅτι
1313 1757 1405 1810 νῦν
1445 1759 1759 1827 ἀπεστάλην

1859 569 2016 637 primi
2043 574 2265 638 mensis,
2289 591 2388 642 ego
2416 575 2669 629 sedebam
2706 593 2870 647 prope
2902 593 3158 655 magnum
3190 578 3416 632 ﬂuvium

1858 661 2078 715 Cliobar
2099 681 2111 729 ;
2132 673 2185 717 et
2207 667 2402 719 sustuli
2429 667 2617 721 oculos
2642 684 2808 732 meos,
2843 679 2895 723 et
2922 669 3053 722 vidi.
3086 669 3153 722 Et
3181 685 3309 724 ecce
3335 672 3418 722 vir

1860 754 2083 808 indutus
2114 773 2266 810 sacra
2298 759 2455 822 stola,
2492 769 2546 814 et
2576 761 2793 814 lumbus
2821 762 2936 830 ejus
2971 762 3248 816 accinctus
3281 777 3418 815 auro

1861 846 2103 915 Hopliatz
2142 868 2152 902 :
2182 859 2235 903 et
2273 865 2473 919 corpus
2498 853 2617 916 ejus
2664 864 2918 922 tanquam
2952 852 3192 915 Tliarsis,
3221 862 3274 906 et
3302 855 3421 905 vnl-

1860 952 1948 993 tus
1983 942 2102 1011 ejus
2144 951 2399 1012 tanquam
2436 957 2691 1013 aspectus
2719 947 2952 1016 fulguris
2991 965 3003 999 :
3042 956 3097 999 et
3128 946 3272 1000 oculi
3301 947 3422 1015 ejus

1862 1041 2116 1102 tanquam
2148 1036 2424 1104 lampades
2460 1038 2616 1106 ignis,
2676 1048 2728 1091 et
2763 1039 2989 1092 brachia
3034 1039 3152 1108 ejus
3192 1049 3247 1092 et
3274 1039 3421 1094 tibiae

1861 1132 2116 1190 tanquam
2153 1136 2410 1195 aspectus
2436 1129 2562 1184 aeris
2618 1131 3036 1198 resplendentis.
3069 1139 3124 1184 et
3149 1146 3249 1182 vox
3297 1145 3420 1182 ver-

1862 1215 2052 1269 borum
2098 1218 2216 1287 ejus
2260 1229 2513 1288 tanquam
2550 1237 2646 1274 vox
2681 1222 2875 1276 turben.
2907 1221 3031 1275 Iliec
3062 1220 3196 1284 vidi,
3229 1230 3284 1274 et
3308 1222 3422 1275 vir-

1863 1316 1950 1361 tus
1975 1325 2091 1362 mea
2122 1311 2322 1366 defecit
2361 1327 2389 1364 a
2429 1329 2533 1375 me,
2561 1322 2615 1365 et
2653 1314 2826 1383 gloria
2864 1329 2979 1365 mea
3011 1326 3275 1367 conversa
3317 1311 3425 1364 fuit

1863 1402 1917 1454 in
1950 1402 2230 1457 interitum
2267 1422 2278 1456 :
2313 1406 2650 1460 eticontinuo
2677 1407 2811 1460 cado
2865 1407 2915 1459 in
2951 1414 3174 1472 terram,
3205 1415 3259 1458 et
3296 1419 3426 1458 ecce

1864 1510 2055 1548 manus
2087 1512 2169 1550 me
2199 1507 2444 1566 tangens,
2469 1507 2527 1551 et
2561 1497 2730 1552 erexit
2761 1513 2844 1550 me
2871 1512 3034 1566 super
3072 1513 3245 1567 genua
3271 1511 3420 1560 mea;

1862 1597 1916 1642 et
1940 1589 2195 1653 Attende,
2214 1591 2408 1658 inquit,
2427 1591 2492 1643 ad
2521 1604 2628 1654 me,
2653 1589 2858 1652 Daniel,
2884 1589 2964 1641 vir
2996 1585 3421 1648 desideriorum.

1861 1689 1917 1734 et
1952 1690 2032 1734 sta
2067 1681 2118 1733 in
2145 1680 2377 1736 statione
2410 1697 2527 1734 mea
2560 1699 2570 1732 :
2606 1681 2860 1749 quoniam
2909 1689 3056 1733 nunc
3095 1693 3196 1748 ego
3225 1678 3426 1732 missus

1865 1786 1982 1825 sum
2012 1770 2074 1824 ad
2109 1779 2157 1824 te
2191 1787 2203 1822 :
2238 1770 2498 1839 quoniam
2553 1786 2581 1822 a
2617 1770 2796 1838 primo
2823 1769 2929 1832 die,
2962 1783 3070 1836 quo
3099 1766 3302 1820 dedisti
3331 1781 3428 1820 cor

195 1857 304 1922 ἐγὼ
337 1829 470 1923 πρὸς
521 1853 600 1918 σδ,
632 1829 715 1905 ὄτι
749 1853 855 1904 ἀπὸ
903 1850 1001 1918 τῆς
1033 1850 1247 1920 ἡμέρας
1283 1850 1382 1919 τῆς
1411 1849 1658 1918 πρώτης,
1692 1845 1758 1920 ἦς
1794 1829 1832 1882 Β

1794 1829 1832 1882 Β
1865 1873 2038 1927 tuum,
2073 1873 2130 1916 ut
2156 1861 2525 1917 humiliareris
2559 1877 2739 1915 coram
2779 1860 3008 1913 Domino
3043 1859 3153 1912 Deo
3187 1869 3302 1919 tuo,
3326 1873 3425 1929 ego

193 1949 396 2010 ἔδωκας
430 1947 526 2018 τὴν
555 1946 783 2012 καρδίαν
815 1962 908 1998 σου
939 1944 1343 2013 ταπεινωθῆναι
1381 1942 1621 1996 ἐναντίον
1662 1942 1756 1994 τοῦ

196 2040 398 2110 Κυρίου
440 2039 534 2092 τοῦ
563 2038 695 2092 Θεοῦ
735 2055 849 2103 σου,
885 2036 1235 2108 ἡκούσθησαν
1274 2037 1322 2088 oi
1358 2034 1504 2102 λόγοι
1540 2051 1631 2087 σου
1669 2033 1760 2087 καὶ

194 2132 305 2198 ἐγὼ
326 2127 488 2203 ἦλθον
517 2131 652 2201 πρὸς
694 2130 752 2182 σὲ
791 2130 885 2182 καὶ
917 2131 944 2181 ὁ
966 2130 1150 2198 ἄρχων
1176 2128 1271 2197 τῆς
1309 2125 1588 2196 βασιλείας
1621 2125 1760 2196 Περ-

195 2228 304 2280 σῶν
343 2225 560 2292 ἑστήκει
599 2222 658 2286 ἐξ
688 2222 935 2284 ἐναντίας
966 2237 1067 2290 μου
1109 2221 1284 2273 εἴκοσι
1335 2219 1427 2272 καὶ
1473 2218 1601 2288 μίαν
1627 2217 1760 2288 ήμέ-

195 2339 315 2393 ραν.
349 2320 457 2373 Καὶ
491 2317 584 2371 νῦν
618 2316 869 2384 ἀνδρίζου
911 2317 1006 2368 καὶ
1043 2315 1219 2384 ῐσχυε,
1253 2314 1335 2366 ὅτι
1363 2312 1472 2380 ἐγὼ
1502 2313 1639 2382 μετά
1666 2309 1758 2363 σοῦ

195 2413 350 2480 εἰμι’
379 2407 614 2461 ἐνταῦθα
650 2405 825 2458 πολλά
880 2405 979 2475 μὶν
1033 2405 1142 2458 τῶν
1179 2404 1462 2472 ἐσομένων
1506 2405 1532 2456 ὁ
1569 2402 1761 2472 φανεὶς

192 2502 425 2572 ἄγγελος
491 2500 570 2571 τῷ
623 2499 880 2570 προφήτῃ
944 2498 1298 2565 μυσταγωγεῖ
1366 2494 1493 2562 περί
1543 2510 1601 2545 τε
1662 2492 1763 2562 τῆς

197 2594 427 2667 Περσῶν
489 2593 768 2665 βασιλείας
833 2591 928 2645 καὶ
993 2587 1345 2650 καταλύσεως
1393 2586 1488 2640 καὶ
1540 2586 1620 2647 είς
1669 2581 1762 2646 οὓς

195 2687 388 2757 ἔμελλε
452 2682 861 2756 μεταπίπτεινο
937 2683 1128 2737 ἔπειτα
1189 2681 1244 2734 δὲ
1317 2680 1411 2732 καίΙ
1473 2680 1602 2747 περὶ
1660 2675 1759 2744 τῆς

195 2779 516 2851 βασιλίσσης
556 2777 752 2841 Νότου,
782 2776 818 2830 ἀ
869 2778 963 2828 καὶ
1019 2776 1190 2843 πέρας
1222 2773 1383 2827 ἔλασε
1426 2770 1565 2842 μετά
1589 2767 1759 2822 ταῦτα

195 2873 292 2924 καὶ
317 2875 428 2934 τοῖς
453 2871 810 2950 καλουμένοις
832 2869 1246 2931 Μακκαϐαῖκοῖς
1276 2867 1572 2935 ἐνεγράφη.

266 2983 410 3049 KG'.
444 2984 556 3037 Οὐκ
585 2988 647 3038 ἐκ
672 2985 875 3038 τούτων
913 2985 969 3038 δὲ
993 2985 1172 3054 μόνον,
1197 2983 1329 3038 ἀλλὰ
1361 2984 1457 3038 καὶ
1478 2984 1536 3049 ἐξ
1559 2985 1760 3056 ἐτέρων

191 3079 221 3128 ὁ
250 3075 449 3144 Δανιὴλ
481 3075 656 3144 μέγας
687 3092 746 3126 τε
780 3076 877 3144 τὴν
905 3078 1137 3145 θεωρίαν
1185 3076 1278 3128 καὶ
1321 3077 1624 3148 θαυμάσιος
1662 3079 1759 3148 τὴν

1862 1956 1983 2008 veni
2018 1959 2081 2008 ad
2123 1965 2172 2008 te
2214 1972 2226 2007 :
2263 1964 2316 2008 et
2347 1955 2604 2023 princeps
2631 1953 2779 2024 regni
2802 1953 3087 2006 Persarum
3113 1951 3267 2004 stetit
3292 1965 3426 2004 con-

1863 2056 1946 2101 tra
2003 2063 2088 2101 me
2142 2047 2331 2116 viginti
2371 2059 2435 2102 et
2477 2062 2646 2101 unum
2685 2046 2849 2102 diem.
2887 2043 2952 2098 Et
2986 2059 3132 2098 nunc
3168 2052 3287 2098 esto
3341 2043 3426 2096 vir

1863 2140 2021 2194 fortis
2079 2151 2133 2194 et
2194 2141 2473 2206 robustus,
2509 2138 2765 2209 quoniam
2806 2152 2907 2206 ego
2937 2151 3055 2190 sum
3087 2139 3289 2193 tecum.
3328 2132 3428 2188 Hic

1864 2234 2033 2286 multa
2073 2233 2292 2302 quidem
2326 2231 2528 2297 futura,
2573 2229 2666 2299 qni
2723 2230 2976 2299 apparuit
3011 2226 3256 2296 angelus,
3301 2240 3427 2294 pro-

1862 2324 2040 2394 pheta:
2089 2324 2316 2395 mystice
2381 2321 2633 2377 enuntiat
2681 2320 2748 2374 de
2811 2334 2978 2388 regno
3034 2319 3323 2372 Persarum
3373 2327 3428 2370 et

1861 2417 1982 2488 ejus
2009 2416 2334 2471 eversione:
2358 2423 2413 2470 et
2433 2414 2496 2467 ad
2512 2429 2650 2484 quos
2670 2423 2790 2468 erat
2817 2413 3199 2466 deventurum.
3220 2409 3428 2464 Deinde

1861 2507 2027 2562 etiam
2054 2506 2122 2561 de
2159 2506 2344 2576 regina
2375 2505 2583 2569 Austri,
2614 2519 2734 2575 quae
2785 2502 3007 2572 quidem
3048 2511 3234 2572 postea
3264 2504 3424 2554 linem

1865 2607 2218 2666 acceperunt,
2248 2608 2303 2652 et
2340 2597 2544 2666 scripta
2577 2603 2704 2650 sunt
2737 2594 2790 2647 in
2827 2593 3004 2658 libris,
3034 2593 3126 2662 qui
3159 2601 3423 2647 vocantur

1862 2689 2315 2746 Machabasorum.
2782 2700 2785 2703 '

1933 2985 2120 3042 XXVI.
2148 2985 2266 3041 Non
2295 3001 2361 3039 ex
2387 2985 2472 3039 his
2496 2995 2680 3040 autem
2705 2984 2855 3049 solis,
2887 2983 2983 3038 sed
3008 2982 3172 3039 etiam
3191 2997 3255 3037 ex
3282 2982 3422 3044 aliis,

1864 3075 2052 3129 Daniel
2089 3077 2338 3144 apparuit
2372 3090 2599 3145 magnus
2632 3076 2684 3128 in
2736 3075 3197 3142 contemplatione
3223 3081 3276 3127 et
3331 3075 3422 3126 ad-

195 3163 416 3214 σύνεσιν
445 3163 687 3231 ἀνεφάνη
719 3177 734 3191 ο
786 3163 878 3214 καὶ
905 3163 992 3214 ἴνα
1022 3163 1191 3215 τᾶλλα
1217 3165 1500 3234 παρῶμεν,
1539 3166 1671 3219 ἀλλὰ
1702 3170 1761 3220 τὸ
1788 3172 1834 3236 c

1788 3172 1834 3236 ο
1865 3164 2147 3218 mirandus
2182 3163 2560 3234 intelligentia.
2599 3162 2661 3216 Et
2693 3173 2750 3218 ut
2781 3164 2883 3218 alia
2912 3163 3250 3228 omittamus,
3278 3163 3421 3233 quod

195 3256 340 3308 κατὰ
398 3255 498 3324 τὴν
551 3255 730 3323 κρίσιν
789 3253 1095 3320 Σωσάννης,
1146 3251 1172 3304 ὃ
1233 3253 1444 3310 πολλῶν
1494 3255 1761 3322 πρότερόν

190 3353 336 3416 ἐστι,
361 3351 477 3413 νέος
514 3349 610 3414 ὣν,
640 3350 914 3420 εἴργαστο,
947 3350 1068 3402 τίνα
1098 3348 1264 3418 ἄλλην
1297 3350 1563 3413 συνέσεως
1593 3351 1762 3424 ὑπερ-

194 3446 361 3514 ϐολὴν
385 3433 670 3496 ἀπολείπει
700 3461 713 3507 ;
751 3446 852 3495 Ἦν
888 3444 1082 3515 πιστὴν
1109 3444 1219 3514 μὲν·
1240 3443 1317 3514 τῷ
1346 3444 1499 3517 ἄνδρι
1529 3445 1762 3515 γενομέ-

195 3555 320 3606 νην,
351 3534 582 3588 θάνατον
614 3533 671 3586 δὲ
703 3536 1131 3603 κατακριθεῖσαν
1153 3538 1216 3590 ἐκ
1248 3539 1615 3606 συκοφαντίας
1645 3539 1762 3593 ἀδι-

195 3614 454 3698 κωτάτης
485 3626 592 3681 τῶν
617 3626 939 3689 ἀκολάστοις
971 3628 1269 3700 ὀφθαλμοῖς
1304 3631 1506 3696 μᾶλλον
1546 3632 1761 3700 ἐκείνην

191 3723 554 3793 θεασαμένων
589 3721 953 3792 παραπλήσιά
979 3738 1038 3774 τε
1069 3719 1146 3792 τῷ
1185 3721 1381 3791 Ἰωσὴφ
1417 3721 1763 3776 κινδυνεύου-

193 3833 300 3869 σαν
324 3815 646 3884 ὑποστῆναι,
666 3818 693 3868 ὀ
722 3816 925 3868 ἐκεῖνον
955 3817 1072 3865 τότε
1110 3814 1413 3884 ῥυσάμενος
1439 3815 1532 3868 καὶ
1557 3816 1762 3883 ταύτην

191 3906 258 3972 δὴ
284 3903 606 3973 παραδόξως
644 3903 729 3954 διὰ
756 3903 953 3973 Δανιὴλ
983 3902 1171 3972 ῥύεται
1216 3907 1351 3972 σοφῇ
1389 3904 1567 3973 κρίσει
1601 3921 1764 3957 κακο-

187 3995 414 4065 τεχνίαν
462 3994 567 4048 τῶν
621 3995 1008 4066 πρεσϐυτέρων
1057 3995 1382 4062 ἐλέγξαντος
1421 3995 1512 4049 καὶ
1567 3996 1763 4058 αὐτοὺς

191 4087 403 4161 μᾶλλον
435 4087 616 4155 ἀξίους
653 4087 882 4140 θανάτου
923 4088 1195 4152 δείξαντός
1245 4107 1302 4141 τε
1359 4089 1452 4142 καὶ
1510 4089 1761 4156 γενέσθαι

187 4181 744 4253 παρασκευάσαντος.

263 4297 399 4354 KZ'.
427 4297 582 4352 Οὕτω
622 4297 890 4360 συνέσεως
918 4297 1077 4367 ἔχων,
1109 4295 1252 4350 οὕτω
1289 4298 1509 4368 χάριτος
1537 4299 1629 4352 καὶ
1665 4315 1758 4368 με-

184 4395 388 4460 γέθους
416 4392 659 4462 θεωριῶν
689 4391 1022 4458 κατηξίωται
1051 4409 1064 4422 ο
1094 4393 1235 4444 αὐτά
1278 4408 1335 4443 τε
1382 4392 1448 4444 τὰ
1491 4392 1584 4444 τοῦ
1628 4393 1762 4448 Θεοῦ

182 4485 405 4555 κρύφια
446 4486 540 4536 καὶ
565 4484 664 4552 τῆς
695 4483 877 4550 δίττης
911 4482 1004 4532 τοῦ
1035 4482 1196 4550 λόγου
1220 4485 1523 4553 παρουσίας
1552 4486 1762 4556 μυστή-
1789 4501 1840 4560 D
1869 4481 2113 4535 tionibus

185 4595 285 4648 ρια
318 4574 397 4646 τῷ
427 4573 696 4643 πνεύματι
728 4573 1156 4644 καταθεωρήσας
1183 4590 1197 4602 ·
1253 4577 1345 4626 καὶ
1402 4578 1500 4627 ὅσα
1549 4578 1606 4628 δὲ
1654 4578 1761 4628 τῶν

183 4668 374 4723 ἄλλων
407 4664 807 4734 ἀξιολογώτατα
851 4666 944 4719 καὶ
983 4667 1080 4719 ὅσα
1124 4665 1258 4736 πρὸς
1309 4667 1385 4737 τῷ
1428 4667 1522 4720 τοῦ
1569 4669 1763 4732 αίῶνος

177 4761 341 4812 τέλει
385 4759 764 4827 συμόήσεσθαι
804 4760 983 4827 μέλλει
1028 4759 1119 4811 καὶ
1167 4761 1264 4832 τὴν
1297 4761 1420 4813 τότε
1451 4761 1628 4831 θλίψιν
1669 4764 1764 4816 καὶ

181 4854 291 4917 τὴν
342 4853 405 4900 ἐκ
466 4849 568 4915 γῆς
614 4847 866 4918 χώματος
921 4850 1283 4912 ἐξανάστασιν
1321 4853 1428 4902 τῶν
1459 4854 1760 4922 ἀνθρώπων

176 4941 286 5010 τὴν
321 4940 432 4991 τῶν
459 4940 630 5007 ἁγίων
665 4957 721 4993 τε
757 4938 913 5005 δόξαν
944 4940 1038 4994 καὶ
1063 4941 1159 5012 τὴν
1191 4943 1300 4994 τῶν
1331 4944 1541 4996 ἀσεϐῶν
1569 4945 1760 5013 αἰσχύ-

173 5050 284 5102 νην
315 5031 417 5102 τῆν
445 5032 704 5087 οὐδέποτε
751 5033 1046 5104 λήγουσαν,
1095 5035 1163 5088 τά
1213 5035 1349 5106 βάθη
1386 5054 1442 5089 τε
1475 5036 1565 5089 τοῦ
1600 5037 1756 5102 Θεοῦ,

137 5122 314 5185 ¹καθ’
344 5122 466 5175 ὅσον
509 5116 680 5174 οἷόντε
734 5124 810 5192 τῷ
871 5126 1049 5194 σάρκα
1107 5127 1473 5196 περικειμένῳ
1525 5127 1610 5181 διὰ
1663 5127 1757 5181 τοῦ

172 5216 529 5282 ἐρευνῶντος
577 5215 714 5267 αὑτά
765 5215 1074 5284 πνεύματος
1101 5219 1355 5285 ἐγνωκώς
1383 5234 1394 5247 ·
1432 5220 1625 5271 ἔπειτα
1662 5220 1756 5273 τοῦ

169 5308 398 5379 δεσμοῦ
425 5310 606 5373 λυθεὶς
650 5309 743 5362 καὶ
784 5309 882 5381 τὴν
911 5310 1014 5380 γῆν
1049 5311 1217 5382 ήδέως
1243 5316 1306 5382 τῇ
1350 5315 1418 5382 γῇ
1457 5314 1752 5381 παραδοὺς,

174 5406 328 5476 πρὸς
394 5402 452 5455 δν
519 5402 702 5457 ἐπόθει
775 5403 908 5460 Θεὸν
978 5407 1006 5458 ὁ
1073 5405 1181 5458 τῶν
1242 5409 1549 5479 ἐπιθυμιῶν
1617 5411 1756 5482 ἀνὴρ

167 5499 385 5566 ᾤχετο,
413 5496 595 5557 αὐτοῖς
640 5512 699 5547 τε
758 5500 869 5560 τοῖς
915 5500 1063 5565 τρισὶ
1117 5501 1209 5552 καὶ
1247 5501 1420 5567 φίλοις
1455 5504 1612 5554 παισὶ
1665 5504 1756 5554 καὶ

174 5592 507 5660 προφήταις
562 5590 644 5651 είς
700 5592 786 5644 ἀεὶ
841 5592 1015 5646 συνὼν
1066 5595 1160 5646 καὶ
1219 5595 1351 5664 μηδὲ
1406 5595 1562 5665 ἡμῶν
1616 5595 1756 5648 κατά

170 5702 243 5749 γε
308 5683 372 5736 τὸ
428 5684 713 5752 περιέπειν
759 5686 853 5738 καὶ
887 5686 1100 5756 βοηθεῖν
1133 5688 1517 5758 ἀφιστάμενος,
1562 5690 1639 5750 εἰς
1671 5689 1754 5740 δό-

166 5779 276 5841 ξαν
313 5777 551 5846 Πατρδς,
592 5777 741 5846 Υἱοῦ,
770 5781 859 5833 καὶ
895 5780 1048 5847 ἁγίου
1094 5781 1405 5846 "vatius-:0;
1456 5783 1551 5847 τῆς
1587 5783 1752 5864 ὑπερ·

1864 3255 1931 3310 de
1977 3257 2223 3311 Susanna
2264 3256 2465 3310 factum
2502 3267 2586 3310 est
2639 3256 2932 3326 judicium,
2970 3257 3114 3326 quod
3169 3256 3262 3310 diu
3297 3263 3425 3310 ante

1863 3349 2015 3414 fecit,
2047 3364 2171 3403 cum
2212 3359 2356 3404 esset
2393 3349 2571 3402 adhuc
2613 3349 2851 3416 juvenis,
2885 3349 3145 3417 quidnam
3200 3349 3426 3417 reliquit

1864 3444 2256 3516 intelligentia},
2302 3459 2412 3514 quo
2445 3443 2497 3497 id
2549 3443 2716 3513 possit
2770 3443 3069 3513 superare?
3127 3442 3256 3509 Quae
3303 3444 3421 3512 qui-

1865 3539 1988 3594 dem
2019 3554 2142 3593 cum
2175 3537 2365 3593 fuisset
2398 3539 2594 3591 marito
2626 3537 2824 3600 ﬁdelis,
2848 3547 3034 3597 .morte
3066 3547 3245 3590 autem
3279 3547 3422 3590 esset

1865 3632 2119 3686 damnata
2151 3646 2217 3685 ex
2247 3630 2586 3700 iniquissima
2621 3630 2895 3683 calumnia
2937 3644 3124 3682 eorum
3153 3629 3244 3694 qui
3280 3629 3423 3680 Illam

1864 3722 2158 3791 impudicis
2177 3731 2500 3789 aspexerant
2525 3722 2718 3786 oculis,
2743 3730 2799 3776 et
2830 3731 2946 3776 erat
2979 3721 3176 3775 similia
3202 3737 3428 3790 passura

1866 3815 1932 3870 iis
1964 3830 2083 3885 quae
2116 3812 2316 3880 Ioseph
2353 3828 2546 3884 passus
2575 3824 2677 3875 est,
2710 3816 2802 3882 qui
2850 3815 3003 3869 illum
3041 3824 3170 3868 tunc
3202 3816 3426 3882 eripuit,

1866 3909 1911 3962 is
1946 3924 2064 3962 eam
2095 3923 2315 3977 quoque
2339 3906 2734 3961 admirabiliter
2773 3916 3074 3976 servatper
3099 3907 3378 3962 Danielem
3415 3927 3426 3959 :

1864 4000 1957 4068 qui
1989 4000 2465 4068 sapientejudicio
2519 4000 2798 4054 seniorum
2841 4001 3078 4054 convicit
3119 4001 3430 4071 malignita-

1865 4100 1995 4157 tem,
2028 4099 2082 4146 et
2117 4104 2212 4147 eos
2252 4092 2423 4160 magis
2476 4099 2651 4145 morte
2705 4090 2896 4161 dignos
2944 4091 3204 4156 ostendit,
3255 4103 3308 4144 et
3374 4102 3432 4144 ut

1865 4194 2095 4237 mortem
2122 4193 2440 4252 paterentur
2471 4183 2672 4237 effecit.

1935 4295 2146 4350 XXVII.
2182 4293 2318 4349 Cum
2356 4302 2505 4349 tanta
2539 4303 2686 4349 esset
2722 4294 3106 4365 intelligentia,
3139 4303 3284 4349 tanta
3308 4312 3429 4366 gra-

1869 4391 1941 4444 tia
1972 4401 2028 4445 et
2059 4401 2166 4444 tam
2199 4391 2408 4459 magnis
2460 4389 2654 4459 dignus
2707 4399 2788 4442 cst
2847 4389 3065 4444 habitus
3097 4394 3431 4461 contempla-

2177 4499 2189 4534 :
2229 4495 2464 4548 cumque
2509 4480 2623 4547 ipsa
2682 4479 2775 4533 Dei
2830 4496 3046 4544 arcana,
3083 4489 3138 4535 et
3194 4481 3432 4550 duplicis

1866 4572 2031 4625 Verbi
2066 4571 2333 4624 adventus
2371 4570 2622 4638 mysteria
2655 4573 2852 4637 Spiritu
2895 4583 3039 4624 esset
3089 4574 3430 4640 contempla-

1867 4671 1954 4717 tus
1985 4680 1997 4716 :
2029 4662 2161 4733 quin
2179 4662 2338 4717 etiam
2364 4677 2703 4732 quacunque
2727 4670 2850 4716 sunt
2881 4663 3001 4716 aliis
3027 4664 3200 4732 pluris
3225 4663 3430 4719 facien-

1865 4757 1953 4822 da,
2009 4766 2066 4812 et
2105 4773 2443 4827 quaecunque
2501 4766 2628 4812 sunt
2663 4764 2926 4810 eventura
2964 4757 3016 4810 in
3070 4756 3175 4811 fine
3223 4759 3430 4822 saaculi,

1864 4859 1918 4902 et
1957 4865 2098 4913 eam,
2127 4866 2248 4918 qua:
2307 4861 2436 4901 tune
2487 4850 2613 4909 erit,
2645 4849 3018 4909 amictionem,
3053 4860 3109 4900 et
3144 4850 3433 4903 hominum

1862 4955 1929 4993 ex
1950 4951 2108 4994 terra:
2141 4954 2335 5010 aggere
2370 4940 2857 5004 resurrectionem,
2884 4947 2938 4993 et
2967 4950 3279 4994 sanctorum
3313 4943 3431 5010 glo-

1862 5036 2019 5098 riam,
2057 5040 2113 5087 et
2174 5034 2463 5102 impiorum
2515 5032 2893 5102 ignominiam,
2957 5049 3083 5102 qua:
3148 5049 3429 5102 nunquam

1862 5126 2082 5189 desinit,
2137 5135 2192 5179 et
2242 5125 2335 5178 Dei
2371 5125 2662 5194 profunda,
2705 5135 2967 5192 quantum
3035 5135 3208 5193 potest
3239 5127 3283 5179 is
3337 5128 3431 5194 qui

1861 5228 1945 5274 est
1999 5234 2162 5272 carne
2201 5218 2447 5279 indutus,
2483 5232 2581 5285 per
2633 5215 2747 5285 ipsa
2780 5227 3119 5271 scrutantem
3171 5219 3426 5286 spiritum

1861 5313 2230 5380 cognovisset,
2283 5309 2481 5364 deinde
2519 5309 2740 5363 vinculo
2789 5311 3020 5370 solutus,
3079 5319 3223 5362 terra
3271 5322 3428 5365 terra:

1861 5407 2095 5460 libenter
2140 5403 2362 5467 tradita,
2394 5402 2459 5459 ad
2494 5403 2685 5464 Deum;
2735 5417 2894 5469 quem
2942 5402 3309 5461 desiderabat.
3348 5406 3428 5457 vir

1861 5498 2258 5554 desideriorum
2279 5496 2436 5560 abiit,
2465 5511 2588 5548 cum
2614 5494 2696 5546 his
2720 5495 2894 5546 tribus
2925 5503 2978 5546 et
3019 5495 3210 5548 amicis
3238 5497 3424 5562 pueris

1859 5601 1910 5646 et
1951 5590 2234 5661 pr0plietis
2267 5593 2532 5659 perpetho
2564 5601 2918 5653 conversans,
2970 5597 3024 5640 et
3064 5603 3164 5640 nec
3200 5601 3227 5638 a
3263 5587 3421 5642 nobis

1858 5687 2097 5755 quidem,
2129 5684 2274 5754 quod
2304 5684 2370 5738 ad
2406 5680 2809 5737 defendendum
2843 5691 2897 5734 et
2949 5680 3313 5747 adiuvandum
3336 5692 3418 5735 at-

1859 5783 2028 5845 tinet,
2078 5779 2393 5836 abscedens.
2438 5777 2514 5832 Ad
2570 5775 2794 5847 gloriam
2839 5775 3012 5830 Patris
3061 5783 3112 5828 et
3180 5775 3297 5828 Filii
3363 5785 3417 5827 et
