4188 6310
199 365 299 431 405

1452 357 1627 418 VlTA
1671 357 1733 416 S.
1774 354 2164 416 PLATONIS.

3327 363 3430 427 406

194 501 311 569 λικῇ
349 499 610 566 ἀντικρυς
638 490 753 544 ’τοῦ
794 490 932 552 Διὸς,
965 488 1252 541 ἐκέλευσεν
1285 486 1632 558 παραστῆναι
1668 487 1760 541 τὸν

1863 465 2227 529 Quamobrem
2273 487 2394 527 eum
2444 473 2823 540 abduceretur,
2880 474 3156 532 confidens
3194 480 3305 534 ibat
3367 483 3432 535 ad

203 593 470 661 μάρτυρα.
538 590 597 640 Ὀ
653 584 712 637 δὲ
766 581 954 652 βοηθὸς
1012 580 1150 648 ἔφη’
1198 580 1469 649 Ἐστηκεν
1516 580 1622 649 πρὸ
1663 577 1758 631 τοῦ

202 682 437 754 βήματός
470 696 587 742 σου,
619 676 802 746 κύριε.
851 674 1202 742 Ἀγριππίνος
1225 668 1375 724 εἶπεν
1396 684 1411 700 ⁶
1444 671 1630 740 Πάσης
1660 673 1758 740 τῆς

200 774 528 843 οἰκουμένης
559 772 619 823 ὲν
652 765 851 837 ἠσυχίᾳ.
899 762 1217 832 διαγούσης,
1271 762 1357 813 ἵνα
1394 763 1444 814 τί
1497 762 1659 824 αὐτὸς
1702 763 1760 812 ἐν

195 862 425 934 τοσαύτῃ
456 861 553 914 καὶ
582 856 884 928 τηλικαύτῃ
913 853 1259 920 καθέστηκας
1284 851 1496 923 πλάνῃ;
1534 851 1758 903 Πλάτων

195 952 363 1007 εἶπεν
404 951 593 1019 Ὑμεῖς
623 949 744 999 ὲστε
784 945 833 997 οἱ
876 947 935 995 ὲν
973 942 1149 1014 πλάνῃ
1188 940 1465 1008 διάγοντες
1498 940 1589 994 τὸν
1629 940 1759 994 Θεὸν

194 1046 282 1098 τὶν
321 1041 626 1107 ποιήσαντα
658 1037 749 1087 τὸν
791 1032 1022 1103 οὐρανὸν
1069 1032 1164 1083 καὶ
1194 1030 1291 1099 τὴν
1318 1030 1423 1099 γῆν
1470 1031 1566 1082 σὺν
1594 1028 1759 1082 παντὶ

194 1133 271 1202 τῷ
298 1132 491 1200 κόσμῳ
522 1125 686 1181 αὐτοῦ
728 1128 824 1179 καὶ
860 1124 1141 1191 σεϐόμενοι
1175 1120 1352 1181 λίθους
1379 1119 1759 1189 πεπελεκημέσ

194 1240 311 1284 νους
340 1221 435 1275 καὶ
471 1217 605 1284 ξύλα
629 1216 805 1286 σαθρά
836 1215 973 1283 ἔργα
1016 1211 1215 1281 χειρῶν
1244 1206 1570 1278 ἀνθρώπων.
1614 1207 1673 1261 '0
1701 1208 1759 1261 δὲ

204 1314 553 1382 Ἀγριππῖνος
579 1309 683 1377 ἔφη
704 1322 719 1337 °
750 1306 824 1362 Τὸ
852 1307 970 1358 νέον
992 1304 1090 1370 τῆς
1129 1302 1347 1371 ἡλικίας
1378 1302 1671 1369 προπετεῖν
1700 1316 1758 1352 σε

191 1408 338 1457 ποιεῖ
368 1405 462 1456 καὶ
494 1402 652 1471 ὓϐριν
677 1400 736 1452 οὐ
770 1398 866 1469 τὴν
901 1394 1173 1467 τυχοῦσαν
1204 1410 1287 1446 σοι
1326 1392 1597 1462 προξενεῖ.
1628 1392 1761 1447 Εἰπὲ

190 1496 279 1549 οῦν
308 1511 419 1565 μοι,
462 1493 620 1555 ποίας
662 1488 959 1559 θρησκείας
1006 1483 1077 1551 εί,
1119 1486 1214 1538 καὶ
1239 1485 1397 1546 ποίας
1432 1483 1600 1553 τύχης
1634 1498 1763 1550 τυγ-

189 1588 451 1661 χάνεις,ἢ
482 1587 543 1639 τίν
572 1587 632 1638 τὸ
673 1583 846 1651 ϐνομά
906 1596 999 1633 σου
1028 1595 1043 1643 ;
1074 1578 1300 1647 Πλάτων
1341 1573 1528 1629 εῐπενο
1577 1576 1762 1661 Θέλεις

194 1681 408 1751 μαθεῖν,
462 1678 618 1739 ποίας
669 1675 967 1745 θρησκείας
1018 1668 1171 1739 είμίς
1230 1668 1553 1738 Χριστιανός
1622 1668 1758 1739 είμι.

1861 561 2208 628 supplicium.
2249 564 2492 619 V'icarius
2529 576 2705 619 autem
2731 567 3056 637 Agrippinus
3096 586 3216 624 cum
3249 583 3434 641 aperte

1860 653 2203 719 praesedisset
2234 655 2286 708 in
2309 656 2460 712 Jovis
2486 658 2738 722 basilica,
2773 660 3072 729 jussitsisti
3114 674 3429 733 martyrem.

1862 743 2150 812 Apparitur
2182 758 2364 802 autem
2404 750 2539 804 dixit
2574 770 2585 804 :
2626 751 2744 805 Stat
2775 763 2901 807 ante
2960 765 3108 807 tuum
3169 757 3427 819 tribunal,

1859 833 2097 891 domine.
2136 838 2274 893 Dixit
2302 841 2630 910 Agrippinus
2670 844 2848 898 :Cum
2914 854 3059 900 totus
3098 848 3245 901 orbis
3274 850 3434 902 terra:

1860 926 2017 998 degat
2050 929 2104 982 in
2136 930 2344 996 laetitia,
2384 950 2481 987 cur
2514 948 2571 988 es
2601 940 2653 988 in
2688 936 2775 989 tali
2824 947 2879 990 et
2911 946 3062 991 tanto
3086 953 3266 992 errore
3297 955 3433 993 con-

1860 1020 2138 1075 Stitutus?
2177 1022 2319 1077 Dixit
2359 1035 2580 1080 sanctus
2610 1025 2801 1081 Plato:
2836 1027 2943 1082 Vos
2999 1030 3153 1095 estis,
3223 1033 3313 1100 qui
3379 1033 3433 1086 in

1859 1124 2047 1166 errore
2114 1115 2353 1184 (legitis:
2416 1126 2471 1170 et
2533 1118 2832 1188 reliquistis
2888 1120 3080 1187 Deum,
3148 1123 3238 1191 qui
3306 1124 3437 1177 fecit

1860 1200 2055 1254 caelum
2092 1212 2145 1256 et
2176 1212 2384 1259 terram
2418 1222 2540 1261 cum
2593 1218 2707 1264 toto
2738 1224 2926 1263 eorum
2952 1219 3147 1265 ornatu
3182 1229 3193 1263 :
3229 1220 3283 1265 et
3340 1227 3437 1265 ex-

1861 1293 2002 1345 cisos
2030 1292 2204 1347 colitis
2226 1294 2428 1364 lapides
2461 1308 2515 1351 et
2539 1299 2683 1369 ligna
2720 1301 2957 1370 putrida,
2982 1318 3146 1372 opera
3176 1318 3437 1358 manuum

1863 1381 2169 1441 hominum.
2209 1386 2354 1440 Dixit
2390 1389 2720 1459 Agrippinus
2764 1408 2776 1445 :
2806 1392 3072 1447 Juvenilis
3104 1403 3192 1447 tua
3229 1406 3360 1449 aetas
3386 1406 3437 1449 te

1867 1476 2394 1547 facittemerarium,
2436 1493 2491 1536 et
2538 1482 2701 1538 eﬁicit
2751 1494 2808 1539 ut
2852 1488 2927 1540 sis
2959 1487 3115 1541 valde
3169 1488 3432 1544 insolens.

1864 1568 1961 1623 Dic
2005 1586 2134 1640 ergo
2158 1573 2314 1638 mihi,
2362 1574 2652 1642 cujusnam
2712 1591 2772 1630 es
2822 1576 3125 1647 religionis,
3176 1588 3249 1635 et'
3282 1584 3437 1653 cujus

1863 1659 2187 1714 conditionis
2240 1669 2294 1713 et
2337 1662 2592 1728 civitatis,
2648 1674 2703 1717 et
2737 1666 2879 1733 quod
2929 1675 3019 1721 est
3072 1668 3165 1722 tibi
3215 1685 3434 1726 nomen.

203 1746 559 1837 Ἆγριππῖνος
583 1767 687 1835 ἔφη
710 1783 724 1796 ·
754 1766 826 1816 Τὸ
850 1763 999 1831 παρὰ
1027 1762 1331 1830 ἀνθρώπων
1368 1777 1450 1812 σοι
1482 1759 1761 1831 κληρωθὲν

1868 1746 2105 1804 Sanctus
2135 1748 2271 1803 dixit
2315 1749 2467 1805 Plato
2544 1768 2558 1806 :
2610 1752 2665 1807 Si
2700 1754 2830 1807 velis
2857 1757 2995 1809 scire
3026 1758 3307 1825 cujusnam
3334 1762 3438 1815 sim

188 1817 727 1930 ita}.
777 1856 886 1921 γάρ
920 1817 1247 1922 ἀριστιανδς
1304 1847 1376 1912 εἴ,
1434 1817 1755 1917 κάγιὶῖοἷδαο

1866 1839 2165 1909 religionis,
2182 1858 2302 1896 sum
2320 1841 2684 1898 Christianus.
2704 1845 2849 1899 Dixit
2870 1856 3051 1901 autem
3073 1817 3438 1921 dgrippinus:

188 1952 325 2005 ἀλλά
382 1949 665 2002 ἐκέλευσεν
712 1946 740 1998 ό
791 1943 1147 2012 αὐτοκράτωρ
1209 1939 1414 2019 μηδένα
1470 1938 1757 2009 ἄνθρωπον

187 2033 553 2112 ὀνομάζεσθαι
579 2034 931 2108 Χριστιανόν.
983 2033 1209 2085 Πλάτων
1239 2027 1425 2083 εἶπεν·
1461 2029 1521 2081 Εί
1564 2029 1758 2098 μαθεῖν

189 2136 386 2197 θέλεις,
437 2129 599 2193 ποίας
647 2127 946 2198 θρησκείας
990 2124 1131 2194 ειμι,
1182 2117 1334 2175 εἷπον
1373 2121 1474 2192 ήδη
1512 2119 1594 2174 ὅτι
1627 2120 1757 2189 Χρι-

190 2222 409 2284 στιανός
440 2222 556 2288 είμι
582 2235 594 2248 ο
646 2220 695 2269 εί
725 2218 781 2270 δὲ
812 2216 905 2268 καὶ
948 2215 1007 2267 τὸ
1038 2213 1209 2284 ὄνομα
1250 2211 1423 2275 θέλεις
1460 2209 1652 2280 μαθεῖν
1701 2208 1760 2263 τὸ

188 2314 341 2381 παρά
362 2309 468 2363 τῶν
496 2309 696 2377 γονέων
726 2324 826 2375 μου
856 2305 1156 2375 κληρωθὶν,
1189 2304 1414 2357 Πλάτων
1441 2301 1672 2368 λέγομαι
1698 2302 1761 2353 ὲκ

190 2404 415 2465 παιδός·
481 2400 720 2471 Χριστοῦ
770 2397 954 2459 δοῦλός
985 2399 1102 2465 είμι
1168 2396 1231 2447 ἑκ
1286 2394 1495 2455 κοιλίας
1552 2393 1761 2461 μητρός

192 2509 325 2565 μου·
362 2491 569 2550 πόλεως
602 2490 659 2541 δὲ
700 2489 799 2554 τῆς
833 2484 1064 2536 ἐνταῦθα
1106 2484 1391 2551 τυγχάνω·
1446 2482 1759 2551 ἑκρατὴθην

186 2583 246 2635 δὲ
277 2580 353 2642 ὡς
382 2576 638 2643 θεοσεδὴς
673 2574 768 2625 καὶ
790 2570 974 2635 δοῦλος
1014 2569 1254 2641 Χριστοῦ
1283 2589 1293 2600 ·
1343 2570 1439 2622 καὶ
1470 2570 1551 2621 σοι
1584 2584 1759 2637 προσ-

189 2671 427 2742 ηνέχθην
467 2670 561 2722 καὶ⁵
593 2666 880 2737 πρόκειταί
937 2680 1028 2736 μοι
1073 2664 1161 2717 διὰ
1216 2664 1453 2734 Χριστὸν
1508 2662 1757 2727 θάνατος,

185 2768 248 2821 ὃν
280 2762 574 2833 ὑποστῆναί
609 2778 674 2831 με
698 2762 779 2814 δεῖ
807 2761 959 2830 παρά
1018 2758 1110 2811 σοῦ
1133 2795 1148 2811 .
1199 2758 1346 2809 Ποίει
1387 2753 1477 2809 οὖν
1502 2756 1530 2809 ὃ
1561 2756 1759 2818 θέλεις.

1864 1930 1960 1983 Dic
1988 1945 2209 1995 nomen,
2249 1936 2392 2002 quod
2427 1937 2522 1991 tibi
2557 1938 2657 1992 fuit
2682 1938 2994 2008 impositum
3035 1956 3063 1995 a
3100 1942 3440 2011 parentibus.

1863 2022 1998 2077 Nam
2033 2025 2149 2091 ipse
2180 2040 2394 2094 quoque
2425 2029 2539 2081 scio
2571 2038 2622 2082 te
2669 2043 2787 2084 esse
2842 2030 3237 2089 Christianum.
3272 2034 3443 2089 Jussit

1865 2126 1994 2167 vero
2045 2115 2341 2184 imperator
2410 2117 2620 2171 nullum
2695 2120 2969 2174 hominem
3048 2124 3227 2177 vocari
3290 2126 3442 2178 Chri-

1872 2204 2124 2259 stianum.
2172 2204 2314 2261 Dixit
2355 2216 2575 2261 sanctus
2623 2206 2813 2263 Plato:
2845 2208 2903 2265 Si
2933 2212 3068 2267 velis
3113 2214 3254 2269 scire
3289 2218 3449 2287 cujus

1866 2298 1968 2353 sim
2009 2298 2308 2369 religionis,
2345 2300 2455 2371 jam
2489 2300 2597 2355 dixi
2632 2302 2728 2356 tibi
2769 2318 2855 2357 me
2899 2318 3020 2359 esse
3044 2286 3445 2362 Christianum.

1868 2382 1925 2438 Si
1954 2394 2137 2439 autem
2178 2385 2259 2440 vis
2284 2387 2444 2440 etiam
2476 2389 2616 2442 scire
2667 2404 2869 2443 nomen
2903 2392 3036 2446 mihi
3098 2396 3360 2449 tributum
3410 2414 3442 2451 a

1867 2475 2202 2545 parentibus,
2244 2478 2397 2532 dicor
2421 2476 2575 2531 Plato
2605 2493 2635 2531 a
2660 2482 2893 2546 pueritia
2920 2500 2933 2547 ;
2965 2493 3018 2537 et
3067 2500 3186 2537 sum
3218 2488 3440 2554 quidem

1866 2568 2070 2622 Christi
2093 2582 2286 2622 servus
2315 2570 2384 2624 ab
2413 2579 2565 2625 utero
2589 2573 2782 2626 matris
2810 2588 2943 2627 mea:
2974 2593 2987 2628 :
3016 2591 3135 2630 sum
3156 2593 3286 2632 vero
3303 2578 3441 2633 civis

1865 2657 2029 2728 hujus
2063 2659 2324 2714 civitatis.
2356 2659 2511 2717 Nunc
2540 2676 2723 2718 autem
2750 2678 2869 2720 sum
2892 2676 3083 2736 captus
3108 2679 3159 2722 et
3183 2667 3249 2723 ad
3273 2679 3323 2724 te
3343 2673 3441 2726 ad-

1867 2752 2086 2816 ductus,
2118 2762 2375 2823 tanquam
2410 2755 2533 2825 pius
2565 2767 2620 2810 et
2647 2756 2852 2836 Christi
2893 2775 3105 2814 servus.
3162 2760 3439 2826 Quamob-

187 2871 311 2910 rem
368 2854 525 2910 mors
580 2863 663 2907 est
724 2851 860 2905 mihi
913 2851 1192 2921 proposita
1262 2858 1484 2920 propter
1522 2846 1825 2913 Christum,
1863 2862 2026 2915 quam
2072 2855 2290 2913 oportet
2321 2861 2407 2900 me
2448 2861 2476 2899 a
2530 2856 2581 2900 te
2614 2860 2953 2918 exspectare.
2992 2851 3100 2906 Fac
3148 2868 3278 2923 ergo
3312 2854 3440 2911 'cito

194 2949 346 3018 quod
376 2949 483 3001 scis
511 2954 567 3000 et
601 2946 863 2998 statuisti.

268 3026 343 3093 I".
362 3041 419 3092 '0
444 3040 500 3090 δὲ
517 3038 870 3107 Ἀγριππῖνος
891 3035 994 3105 ἔφη
1011 3052 1024 3066 ’
1052 3036 1124 3087 Οὐ
1142 3038 1409 3105 συμφέρει
1426 3051 1507 3087 σοι
1524 3035 1766 3103 τὸόνομα

1944 3032 2033 3088 ΠΙ.
2068 3031 2317 3089 Viearius
2362 3032 2542 3089 dixit:
2576 3033 2697 3091 Non
2758 3037 2977 3109 expedit
3005 3037 3121 3104 tibi,
3169 3052 3203 3094 ο
3263 3040 3436 3104 Plato,

190 3130 293 3186 τοῦ
324 3128 559 3200 Χριστοῦ
592 3129 734 3181 κατὰ
760 3127 998 3181 διάνοιαν
1046 3128 1187 3195 ἔχειν
1208 3140 1221 3154 '
1263 3128 1386 3188 τοὺς
1420 3126 1529 3194 γὰρ
1568 3124 1762 3193 ὁμολο-

1865 3125 2122 3179 Cruciﬁxi
2173 3141 2370 3180 nomen
2414 3127 2617 3184 habere
2656 3130 2709 3183 in
2765 3139 2968 3187 mente.
3001 3128 3137 3185 Nam
3189 3132 3280 3201 qui
3316 3148 3441 3187 eum

196 3221 432 3292 γοῦντας
465 3222 631 3275 αὐτὸν
658 3221 874 3290 θανάτῳ
904 3218 1299 3291 παραδίδοσθαι
1339 3218 1367 3271 ὁ
1408 3214 1764 3286 αὐτοκράτωρ

1865 3216 2215 3280 comitentur,
2259 3217 2414 3285 jubet
2462 3219 2753 3287 imperator
2807 3221 2943 3273 tradi
2984 3223 3144 3275 morti
3184 3222 3441 3278 acerbae:

194 3313 511 3375 ικίλευσεν,
545 3312 666 3372 τοὺς
698 3310 754 3361 δὲ
785 3311 1151 3377 ἀρνουμένους
1180 3309 1366 3375 τιμαῖς
1398 3306 1495 3358 καὶ
1529 3304 1764 3375 δωρεαῖς

1866 3318 1960 3359 eos
1990 3311 2195 3372 autem,
2229 3305 2321 3375 qui
2389 3305 2567 3374 ipsum
2597 3315 2817 3377 negant,
2850 3306 3009 3362 donis
3038 3307 3287 3363 maximis
3330 3308 3443 3363 alli-

194 3402 543 3476 ὰμείϐεσθαι.
577 3400 670 3451 Διὸ
703 3399 1057 3468 συμϐουλεύω
1102 3415 1184 3451 σοι
1216 3398 1500 3465 πεισθῆναι
1544 3398 1622 3466 τῷ
1650 3394 1764 3476 ,τοῦ

1870 3411 2017 3451 cere.
2046 3395 2415 3462 Quamobrem
2451 3398 2545 3454 tibi
2578 3401 2831 3469 consulo,
2868 3409 2924 3454 ut
2954 3416 3149 3473 pareas
3200 3401 3302 3471 legi
3333 3402 3442 3454 im-

194 3475 601 3561 αὐτοκράτορος
630 3490 801 3560 νόμῳ,
833 3491 928 3543 καὶ
965 3488 1224 3560 κερδῆσαι
1249 3487 1308 3540 τὸ
1340 3485 1509 3539 κακοῦ
1535 3475 1765 3539 θανάτου

1869 3490 2160 3555 peratoris,
2209 3500 2261 3542 et
2304 3490 2406 3543 hoc
2484 3490 2814 3554 lucrifacias,
2869 3504 2938 3544 ne
2988 3493 3181 3547 mortis
3232 3494 3443 3546 acerba:

194 3590 396 3657 πεῖραν
429 3584 635 3638 λαϐεῖν.
680 3582 1022 3654 Ἀποκριθεὶς
1042 3582 1098 3635 δὲ
1130 3582 1357 3635 Πλάτων
1390 3575 1578 3632 εἶπεν·
1630 3572 1769 3642 Ἐγὼ

1873 3578 2043 3633 facias
2088 3580 2420 3649 periculum.
2456 3580 2814 3651 Respondens
2838 3593 3021 3636 autem
3056 3584 3195 3638 dixit
3220 3594 3442 3638 sanctus

192 3676 427 3748 τῷ·ὲμῷ
460 3674 716 3745 πείθομαι
758 3672 988 3745 βασιλεῖ,
1038 3668 1082 3741 ᾧ
1129 3672 1525 3742 κεκλήρωμαι·
1567 3668 1658 3721 τὸν
1711 3664 1770 3717 δὲ

1873 3664 2067 3724 Plato:
2106 3668 2219 3739 Ego
2260 3684 2427 3739 pareo
2476 3685 2598 3724 meo
2628 3670 2783 3742 Regi,
2840 3674 2926 3727 cui
3013 3675 3176 3728 etiam
3235 3674 3445 3735 milito;

196 3771 541 3841 πρόσκαιρον
560 3766 749 3817 τοῦτον
772 3764 1032 3833 αἱροῦμαι
1062 3763 1311 3825 θάνατον,
1331 3762 1417 3813 ῖνα
1436 3761 1535 3829 τὴν
1553 3757 1770 3812 αίώνιον

1871 3770 2103 3813 mortem
2133 3772 2339 3825 autem,
2373 3773 2593 3830 quaeest
2623 3765 2687 3816 ad
2732 3776 2962 3832 tempus,
3012 3766 3172 3834 eligo,
3228 3775 3289 3820 ut
3339 3767 3441 3819 sim

195 3859 372 3915 αὐτοῦ
403 3858 795 3927 κληρονομήσω
822 3854 1122 3925 βασιλείαν.
1169 3854 1522 3923 Ἀγριππῖνος
1575 3848 1765 3916 λέγει’

1873 3849 2048 3905 haeres
2079 3854 2225 3923 regni
2256 3853 2463 3907 eterni.
2492 3854 2622 3910 Dicit
2652 3856 2979 3926 Agrippinus
3010 3874 3025 3911 :
3060 3856 3374 3922 Considera,
3408 3877 3442 3914 ο

196 3952 425 4017 ’Υπαγε
460 3947 655 4017 σκέψαι
693 3948 755 4000 τὸ
791 3949 1070 4018 συμφέρον
1102 3963 1208 4011 σοι,
1254 3946 1337 3998 ῖνα
1369 3942 1443 4014 μὴ
1466 3928 1562 3996 καλ.
1587 3939 1770 4002 κακῶς

1877 3942 2044 4009 Plato,
2076 3946 2335 4014 quidnam
2357 3947 2425 4001 sit
2453 3942 2549 4001 tibi
2581 3949 2943 4013 conducibile,
2970 3965 3036 4003 ne
3067 3951 3205 4005 male
3230 3967 3440 4020 pereas.

196 4040 507 4111 ἀποθάνῃς.
535 4039 880 4108 Ἀποκριθεὶς
906 4041 961 4091 6‘s
988 4042 1014 4090 ό
1039 4038 1191 4105 ἆγιος
1224 4038 1447 4090 Πλάτων
1471 4032 1624 4086 εἶπεν
1644 4049 1657 4062 ’
1690 4031 1770 4084 Τὰ

1876 4036 2021 4091 Dixit
2050 4048 2270 4091 sanctus
2307 4038 2459 4091 Plato
2488 4056 2501 4091 :
2532 4036 2753 4092 Curabit
2784 4040 3046 4093 Dominus
3070 4056 3133 4094 ea
3166 4054 3286 4110 qui:
3314 4051 3443 4095 sunt

197 4130 557 4203 συμφέροντά
572 4146 660 4199 μοι
680 4129 708 4179 ό
727 4129 928 4198 Κύριος
951 4128 1296 4197 μεριμνήσει.
1316 4124 1667 4194 ’Δγριππῖνος
1684 4119 1770 4171 λέ.

1875 4130 2008 4184 mihi
2054 4130 2440 4185 conducibilia.
2484 4130 2626 4187 Dixit
2670 4132 2995 4202 Agrippinus
3031 4152 3043 4185 :
3080 4132 3227 4187 Nosti
3266 4132 3440 4196 Plato,

196 4241 323 4293 γειο
359 4224 572 4289 Ἐγνως
598 4220 667 4272 τὰ
697 4218 1093 4291 προστάγματα
1121 4217 1217 4271 τοῦ
1245 4216 1665 4286 αὐτοκράτορος,
1698 4210 1770 4274 ὡς

1873 4220 2025 4290 jussa
2069 4220 2432 4290 imperatoris,
2501 4224 2771 4289 quomodo
2827 4224 3055 4290 jubeant
3107 4224 3445 4278 intemeratae

197 4316 523 4372 κελεύωσιν
547 4317 597 4369 oi
629 4312 1086 4385 ἀχραντοιαύτοῦ
1126 4314 1281 4382 νόμοι
1327 4311 1602 4381 πανταχοῦ
1644 4309 1770 4362 πάν·

1877 4312 1994 4380 ejus
2026 4311 2172 4377 leges
2203 4327 2395 4365 omnes
2425 4310 2768 4365 Christianos
2796 4320 2889 4365 aut
2945 4313 3052 4367 diis
3111 4313 3439 4377 sacriﬁcare,

196 4427 307 4473 τας
330 4410 459 4472 τοὺς
485 4378 844 4478 Χριστιανοὺς
882 4406 916 4461 ἢ
958 4404 1106 4457 θύειν
1142 4378 1260 4473 ἦντὸ
1298 4403 1399 4473 ζῇν
1435 4378 1769 4455 ἀπαλλάττε-

1880 4378 1972 4456 αήυι
2001 4402 2107 4456 vita
2125 4403 2321 4472 privari
2348 4402 2372 4456 ?
2402 4401 2482 4457 Tu
2511 4419 2639 4473 ergo
2667 4404 2936 4473 quomodo
2964 4404 3130 4461 audes
3166 4404 3442 4474 haecjussa

198 4502 352 4554 σθαι.
385 4499 457 4551 Σὺ
480 4496 571 4550 οὐν
592 4496 709 4557 πῶς
726 4493 929 4565 τολμᾷς
950 4492 1253 4563 ἀνατρέ.ψαί
1281 4496 1346 4546 τὰ
1371 4494 1769 4563 προστάγματα

199 4588 303 4644 τοῦ
329 4583 593 4657 βασιλέως
625 4586 716 4639 διὰ
748 4584 848 4653 τῆς
878 4584 1161 4654 παρακοῆς
1196 4585 1436 4646 καὶτοὺς
1463 4584 1772 4637 ὑπακούον-

197 4698 310 4746 τας
340 4677 704 4748 ἀνατρέπειςς
729 4677 952 4731 Πλάτων
987 4677 1227 4742 γελάσας
1257 4674 1411 4730 εἷπεν
1431 4692 1446 4708 ·
1481 4676 1693 4745 Ἐγνως
1716 4676 1776 4729 τὸ

199 4768 543 4840 πρόσταγμα
569 4764 663 4815 τοῦ
699 4762 835 4814 θεοῦ
875 4779 1000 4828 μου,
1036 4762 1111 4824 ὠς
1136 4763 1420 4815 κελεύουσί
1449 4778 1539 4831 μοι
1573 4761 1784 4832 ἄχρανὲ

196 4876 293 4914 τοι
318 4853 485 4909 αὐτοῦ
517 4854 691 4921 νόμοι,
735 4851 1065 4921 ἀνατρέπειν
1110 4852 1210 4915 τὰς
1243 4852 1350 4904 τῶν
1379 4850 1653 4920 δαιμόνων
1691 4866 1779 4902 τε·

198 4946 371 5009 λετάς
426 4944 518 4997 καὶ
571 4942 721 5012 αὐτῷ
785 4942 929 5014 μόνῳ
984 4941 1288 5012 λατρεύειν,
1340 4940 1466 4995 οὐτε
1507 4958 1590 5003 σοι
1626 4941 1777 5007 ξένον

200 5036 364 5091 εστὶν
404 5032 637 5087 ὶπινοεῖν
681 5031 971 5099 βασάνους,
1019 5031 1145 5084 οὐτε
1190 5029 1247 5083 δὲ
1282 5032 1382 5100 ἐμὲ
1430 5030 1779 5099 αἰκιζόμενον

205 5126 358 5194 ὑπὲρ
392 5124 490 5193 τῆς
522 5122 799 5184 εὐσεϐείας
841 5120 1227 5193 ἀποθνήσκειν.
1269 5122 1342 5173 Σὺ
1373 5120 1479 5191 γὰρ
1510 5121 1610 5190 ήδη
1653 5120 1779 5173 πολ-

202 5218 341 5278 λοὺς
373 5217 466 5268 tul.
495 5219 561 5287 τῇ
588 5215 809 5287 τοιαύτῃ
841 5216 1095 5269 ὑποθέσει
1125 5216 1356 5277 ἀνεῖλες,
1392 5219 1589 5277 οἵτινες
1624 5214 1778 5282 νική-

205 5326 411 5373 σαντες
452 5310 540 5363 τύν
574 5311 801 5364 θάνατον
846 5311 1173 5381 ἀνεδήσαντο
1216 5311 1356 5364 κατά
1404 5308 1498 5361 τοῦ
1530 5307 1777 5361 διαϐόλου

202 5408 308 5459 τὸν
335 5403 435 5471 τῆς
459 5403 806 5471 δικαιοσύνης
846 5404 1131 5473 στέφανον.

282 5499 364 5551 Δ’.
398 5495 509 5548 Καὶ
538 5498 567 5548 ὁ
601 5496 954 5568 Ἀγριππῖνος
984 5496 1159 5550 ταῦτα
1197 5495 1437 5558 ἀκούσας
1468 5494 1780 5564 αίρεσίτρο-

207 5593 319 5658 πός
348 5605 406 5644 τε
450 5589 708 5659 ὑπάρχων
754 5591 1011 5644 καὶκατὰ
1053 5590 1159 5642 τῶν
1197 5588 1444 5658 ἀθλητῶν
1488 5588 1587 5657 τῆς
1626 5589 1779 5639 εὐσε-

205 5685 369 5745 ϐείας
400 5682 845 5754 ὑπερϐαλλόντως
881 5683 1225 5752 ἠγριωμένος
1250 5682 1499 5750 καθάπερ
1538 5683 1657 5733 τινὰ
1684 5679 1773 5733 ἐπὶ

206 5774 362 5845 φόνῳ
403 5776 597 5830 ἁλόντα
634 5774 667 5845 ἧ
700 5776 789 5829 ἐπί
816 5791 915 5830 τινι
946 5774 1114 5845 ἑτέρῳ
1140 5772 1591 5846 πλημμελήματι.
1621 5773 1774 5827 Μετὰ

1881 4506 2147 4559 evertere,
2166 4507 2221 4551 et
2238 4512 2332 4566 per
2348 4496 2767 4560 inobedientiam
2788 4513 2881 4549 eos
2898 4499 3083 4560 etiam,
3104 4499 3193 4572 qui
3212 4500 3305 4551 tibi
3342 4512 3440 4565 pa-

1879 4596 2020 4651 rent,
2057 4588 2294 4640 evertis?
2337 4586 2481 4640 Dixit
2517 4595 2738 4641 sanctus
2792 4584 2941 4640 Plato
2976 4604 2991 4640 :
3022 4584 3256 4657 Cognovi
3284 4588 3439 4657 jussa

1880 4678 1972 4731 Dei
2044 4678 2175 4741 mei,
2247 4679 2389 4732 sicut
2448 4678 2643 4748 jubent
2700 4680 2821 4750 ejus
2893 4679 3232 4734 intemeratae
3296 4683 3443 4750 leges

1877 4781 1932 4825 et
1970 4771 2180 4824 vivitica
2238 4781 2524 4840 praecepta,
2576 4786 2773 4839 nempe
2826 4772 3134 4825 daemonum
3189 4774 3441 4842 mysteria

1878 4875 2148 4927 evertere,
2179 4872 2235 4918 et
2278 4865 2324 4917 ei
2355 4864 2451 4916 soli
2495 4867 2719 4918 servire.
2778 4866 2961 4930 Neque
2994 4865 3138 4918 enim
3205 4876 3286 4919 est
3346 4864 3446 4920 tibi

1877 4973 2080 5013 novum
2124 4969 2178 5013 ct
2229 4960 2490 5023 alienum,
2562 4961 2871 5031 excogitare
2913 4971 3181 5015 tormenta
3218 4980 3230 5017 :
3266 4975 3443 5030 neque

1881 5066 2069 5104 rursus
2093 5050 2248 5112 mihi,
2279 5050 2414 5103 mori
2450 5065 2545 5119 pro
2574 5051 2794 5120 pietate.
2830 5051 2910 5106 Tu
2930 5054 3073 5107 enim
3106 5054 3214 5119 jam
3242 5056 3443 5111 multos

1880 5141 2143 5195 sustulisti
2183 5141 2248 5195 de
2277 5141 2452 5195 medio
2498 5152 2720 5210 promer
2788 5142 2928 5196 hanc
2991 5144 3390 5201 confessionem
3428 5185 3442 5209 ,

1878 5233 1995 5299 qui,
2027 5243 2201 5286 morte
2267 5231 2502 5298 devicta,
2534 5233 2757 5301 justitia:
2816 5246 3144 5304 acceperunt
3183 5251 3438 5295 coronam

1880 5325 2144 5379 adversus
2174 5324 2470 5379 diabolum.

1952 5502 2041 5558 ιν.
2075 5501 2401 5572 Agrippinus
2424 5511 2603 5558 autem
2646 5521 2766 5561 cum
2800 5506 2913 5559 haec
2940 5506 3220 5570 audiisset,
3257 5517 3315 5560 ut
3351 5509 3441 5575 qui

1884 5604 2026 5649 esset
2059 5611 2232 5649 savus
2254 5606 2308 5650 et
2337 5598 2592 5653 helluinis
2624 5599 2888 5661 moribus,
2919 5608 2973 5652 et
3002 5600 3445 5655 adversusathle-

1886 5697 1966 5739 tas
1997 5684 2215 5755 pietatis
2248 5702 2411 5755 supra
2448 5690 2664 5742 modum
2712 5688 2987 5753 efferatus,
3028 5690 3190 5743 veluti
3245 5705 3441 5758 quem-

1884 5776 2006 5833 dam
2035 5777 2197 5834 cmdis
2231 5791 2402 5847 reum,
2434 5789 2527 5835 aut
2580 5781 2806 5852 alicujus
2841 5784 3062 5839 alterius
3096 5784 3304 5854 magnis
3339 5784 3431 5839 cri-
