4188 6310
771 329 874 390 407

2075 335 2360 397 MENSIS
2393 337 2685 403 IULIUS.

3911 347 4012 410 408

769 443 934 498 minis
965 441 1300 512 convictum,
1339 454 1627 518 postquam
1672 447 1790 518 ipse
1844 448 1912 502 ab
1939 447 2092 503 initio
2121 448 2341 503 didicis-

2450 452 2509 504 τὸ
2543 454 2735 522 μαθεῖν
2770 456 2932 510 αὑτὸν
2963 457 3026 510 ἐκ
3063 458 3367 528 προοιμίων
3410 459 3510 528 τὴν
3537 459 3723 512 τούτου
3759 459 3897 528 πρὸς
3926 463 4009 513 τὸν

771 545 850 589 set
885 536 1007 603 ejus
1064 537 1118 590 in
1176 536 1466 593 Dominum
1534 547 1783 594 nostrum
1833 539 2014 594 .lesum
2066 540 2341 595 Christum

769 630 1022 684 virtutem
1063 639 1116 684 et
1147 629 1304 685 ﬁdem
1338 631 1546 685 ﬁrmam
1579 641 1629 686 et
1673 632 2026 699 immobilem,
2061 633 2217 702 jubet
2248 647 2341 686 ex-

769 731 983 773 tensum
1022 737 1162 776 save
1201 724 1334 777 caedi
1361 725 1547 778 nervis
1580 725 1816 780 bubulis.
1849 722 2003 790 Quod
2035 741 2155 780 cum
2181 708 2339 794 quam

768 812 1004 881 primum
1037 813 1240 868 factum
1269 823 1436 877 esset,
1469 825 1522 869 et
1554 826 1788 886 quatuor
1840 817 2043 871 milites
2090 827 2338 870 sanctum

767 905 1119 959 verberarent
1164 906 1365 962 multas
1421 907 1603 972 horas,
1635 918 1691 963 et
1743 908 1942 964 defessi
2000 919 2203 974 essent,
2251 909 2340 962 alii

767 1006 948 1049 autem
993 997 1281 1051 duodecim
1347 999 1548 1053 milites
1573 1002 1639 1055 ad
1673 1001 1721 1055 id
1771 1001 1962 1055 mutati
2016 1011 2214 1064 essent,
2272 1016 2342 1055 ne

769 1087 876 1139 ulla
911 1088 1128 1155 quidem
1166 1090 1388 1143 inventa
1419 1098 1502 1146 est
1536 1093 1745 1146 macula
1781 1093 1835 1146 in
1884 1108 2111 1163 corpore
2164 1094 2339 1148 sancti

768 1175 1012 1232 Platonis
1057 1195 1070 1230 :
1137 1180 1273 1232 adeo
1311 1190 1371 1234 ut
1425 1196 1620 1236 omnes
1674 1184 1892 1252 quidem
1955 1185 2337 1255 obstupefacti,

770 1284 936 1337 supra
976 1268 1199 1324 modum
1229 1269 1486 1330 admirati
1525 1272 1750 1340 fuerint,
1795 1284 1848 1330 et
1887 1292 1914 1330 a
1966 1292 2024 1331 se
2073 1277 2343 1330 discesse-

767 1364 910 1428 rint;
941 1362 1056 1432 ipse
1083 1373 1273 1417 autem
1302 1365 1542 1419 alacrius
1571 1375 1626 1422 et
1688 1367 2025 1421 constantius
2085 1382 2342 1437 perseve-

766 1457 970 1511 raverit
1015 1458 1073 1513 in
1113 1457 1461 1512 confessione
1491 1458 1717 1526 Christi,
1750 1467 1804 1513 et
1828 1475 1929 1529 per
1985 1461 2186 1516 multas
2222 1461 2338 1515 alli-

766 1548 979 1601 ctiones
1013 1547 1587 1616 contenderitingredi
1619 1549 1673 1601 in
1700 1564 1925 1619 regnum
1967 1548 2084 1615 Dei,
2115 1549 2168 1602 in
2196 1549 2339 1618 quod

769 1653 879 1691 non
908 1637 1055 1692 cadit
1077 1637 1354 1692 interitus.
2137 1655 2140 1658 ‘

838 1727 904 1783 γ.
946 1730 1087 1784 Dixit
1119 1730 1452 1800 Agrippinus
1477 1749 1489 1785 :
1515 1730 1626 1801 Ego
1658 1730 1754 1785 tibi
1790 1733 2017 1788 consulo
2055 1740 2116 1787 ut
2166 1735 2339 1788 amico

768 1827 828 1874 ut
857 1831 1087 1874 mortem
1122 1821 1341 1891 quidem
1375 1821 1640 1892 declines,
1688 1825 1754 1877 ad
1789 1824 1950 1878 vitam
2015 1834 2197 1880 autem
2247 1839 2341 1879 ac-

767 1906 948 1961 cedas.
995 1907 1143 1961 Dixit
1200 1916 1421 1962 sanctus
1477 1908 1684 1964 Plato:
1745 1911 1910 1966 Recte
1965 1912 2248 1977 admones,
2305 1929 2338 1968 o

765 1998 1091 2068 Agrippine.
1123 1999 1296 2068 Fugio
1326 2001 1472 2053 enim
1508 2011 1742 2055 mortem
1796 2012 2077 2066 aeternam,
2147 2014 2204 2056 et
2271 2005 2340 2059 ad

765 2089 934 2145 vitam
966 2105 1053 2144 me
1091 2088 1313 2145 confero
1348 2090 1755 2160 sempiternam.
1785 2091 1928 2146 Dixit
1958 2092 2286 2163 Agrippinus
2322 2111 2335 2148 :

768 2181 887 2248 Dic,
922 2180 1291 2245 cacodacmon,
1324 2190 1458 2251 quot
1480 2191 1609 2236 sunt
1641 2182 1881 2238 mortes?
1940 2183 2084 2238 Dixit
2119 2193 2340 2240 sanctus

774 2273 932 2326 Plato
967 2289 981 2325 :
1015 2270 1144 2326 Duae
1182 2287 1339 2326 :.una
1380 2273 1599 2341 quidem
1635 2275 1700 2326 ad
1727 2284 1986 2342 tempus;
2021 2275 2188 2328 altera
2212 2290 2342 2328 vero

768 2373 998 2420 aeterna.
1028 2363 1106 2418 lta
1148 2365 1332 2428 etiam,
1363 2364 1483 2420 dum
1514 2365 1639 2420 vitae
1671 2383 1686 2420 :
1713 2381 1821 2421 una
1870 2365 2091 2435 quidem
2121 2365 2339 2432 brevis;

769 2452 935 2506 altera
971 2466 1102 2506 vero
1152 2453 1501 2523 sempiterna.
1564 2453 1712 2509 Dixit
1761 2455 2094 2526 Agrippinus
2151 2475 2166 2513 :
2226 2456 2342 2513 Diis

769 2545 1037 2610 sacriﬁca,
1066 2552 1120 2599 et
1154 2547 1364 2600 declina
1412 2547 1701 2601 cruciatus.
1728 2547 1866 2602 Dixit
1904 2560 2124 2604 sanctus
2155 2548 2340 2605 Plato:

769 2635 876 2690 Fac
906 2638 1034 2698 cito,
1068 2651 1102 2690 ο
1163 2637 1482 2708 Agrippine.
1517 2637 1572 2694 id
1610 2639 1754 2708 quod
1807 2638 1903 2692 tibi
1937 2640 2172 2696 videtur.
2229 2640 2344 2710 Ego

771 2727 915 2781 enim
947 2743 1229 2797 nunquam
1265 2729 1534 2784 sacriﬁco.
1563 2729 1749 2800 Neque
1788 2731 1937 2784 enim
1967 2731 2132 2800 ignis,
2163 2745 2344 2799 neque

769 2836 925 2888 crux,
960 2837 1137 2890 neque
1175 2821 1254 2875 ira
1285 2819 1605 2883 bestiarum,
1638 2835 1816 2889 neque
1844 2821 2043 2876 ablatio
2070 2822 2345 2878 membro-

771 2927 892 2964 rum
927 2912 1086 2967 nohis
1117 2914 1452 2982 persuadent
1493 2928 1523 2966 a
1557 2912 1665 2967 Deo
1701 2913 1824 2968 vivo
1856 2913 2106 2969 deﬁcere.
2161 2913 2345 2982 Neque

771 3001 918 3055 enim
947 3001 1221 3074 diligimus
1271 3003 1416 3073 quod
1474 3018 1618 3059 nunc
1647 3013 1728 3059 est
1759 3003 2017 3060 sarculum
2055 3021 2070 3059 :
2115 3005 2213 3060 sed
2252 3006 2342 3074 qui

769 3109 869 3164 pro
907 3111 994 3150 me
1028 3104 1110 3151 est
1139 3106 1386 3151 mortuus
1415 3105 1472 3151 et
1505 3098 1828 3159 resurrexit,
1865 3097 2168 3152 Christum.

853 3182 949 3238 Vl.
987 3184 1082 3239 His
1123 3186 1347 3250 auditis,
1379 3186 1888 3256 Agrippinusjussit
1911 3201 2033 3242 eum
2067 3186 2252 3243 reduci
2285 3186 2338 3241 in

773 3291 1074 3332 carcerem.
1125 3278 1473 3346 Sequebatur
1520 3288 1704 3334 autem
1754 3279 1921 3336 multa
1970 3280 2127 3335 turba
2180 3280 2340 3335 Chri-

775 3371 1097 3437 stianorum,
1124 3381 1346 3441 prapter
1380 3373 1499 3441 ejus
1523 3383 1770 3426 sanctam
1811 3378 1864 3427 et
1887 3374 2173 3442 gloriosam
2208 3388 2340 3426 con-

776 3462 1094 3517 fessionem.
1161 3461 1336 3517 Fortis
1367 3473 1547 3518 autem
1586 3473 1640 3519 et
1705 3463 2080 3535 magnanimus
2143 3465 2342 3520 Christi

780 3562 980 3624 martyr
1027 3552 1180 3609 Plato
1231 3554 1392 3625 jussit
1426 3557 1528 3610 sibi
1573 3555 1688 3610 ﬁeri
1753 3556 2059 3612 silentium.
2087 3558 2153 3612 Et
2189 3568 2342 3627 post-

779 3659 941 3712 quam
1029 3646 1130 3714 ipsi
1198 3636 1499 3700 cessarunt'
1553 3661 1581 3698 a
1639 3649 1894 3711 tumultu,
1946 3665 2078 3703 voce
2135 3652 2344 3703 sublata

782 3736 918 3790 dixit
975 3736 1106 3791 eis:
1181 3735 1295 3792 Viri
1359 3737 1449 3808 qui
1481 3737 1774 3804 Christum,
1816 3739 2060 3812 diligitis,
2104 3751 2158 3796 et
2214 3743 2345 3798 estis

779 3836 1054 3885 amatores
1113 3831 1381 3896 veritatis,
1433 3847 1540 3886 non
1588 3832 1692 3887 levi
1725 3833 1792 3887 de
1841 3849 2002 3890 causa
2056 3837 2192 3892 adeo
2241 3837 2345 3890 hoc

782 3929 1063 3974 certamen
1093 3937 1108 3974 :
1136 3922 1231 3976 sed
1268 3931 1492 3991 prapter
1519 3922 1830 3978 eliectorcm
1866 3920 1980 3984 cali
2010 3936 2064 3980 et
2097 3937 2254 3982 terrae
2293 3936 2348 3994 et

781 4008 1025 4062 omnium
1069 4023 1189 4080 quae
1223 4017 1352 4064 sunt
1378 4009 1434 4063 in
1462 4010 1563 4063 eis.
1597 4006 1676 4065 Ne
1715 4025 1810 4066 vos
1839 4025 1968 4083 ergo
1995 4013 2344 4081 conturbent,

783 4115 937 4170 rogo,
981 4115 1044 4154 ea
1086 4115 1206 4170 quae
1256 4100 1414 4157 ﬁunt.
1451 4101 1634 4157 Multae
1688 4105 1834 4158 enim
1885 4115 2014 4160 sunt
2049 4107 2347 4175 aﬁlictiones

774 4195 1064 4261 justorum,
1107 4203 1154 4246 et
1186 4209 1250 4248 ex
1275 4195 1348 4248 eis
1393 4196 1627 4249 omnibus
1684 4195 1921 4249 liberabit
1971 4197 2109 4260 ipsos
2169 4197 2352 4250 Domi-

785 4287 940 4340 uus‘.
971 4285 1168 4342 Adeste
1191 4287 1258 4342 de
1299 4298 1517 4353 caetero,
1551 4298 1605 4343 et
1625 4290 2001 4360 confugiamus
2055 4305 2244 4347 omnes
2276 4291 2348 4346 sic

785 4372 896 4424 mul
923 4373 988 4427 ad
1017 4383 1255 4442 portum,
1289 4376 1381 4444 qui
1439 4377 1598 4429 nullis
1631 4377 1863 4446 agitatur
1911 4379 2349 4445 tempestatibus,

2372 3109 2419 3170 C

2449 544 2652 614 Κύριον
2684 549 2840 617 ἡμῶν
2883 549 3088 620 Ἰησοῦν
3130 551 3364 619 Χριστὸν
3407 553 3610 622 ἀρετήν
3635 568 3692 603 τε
3733 554 3829 604 καὶ
3879 553 4009 606 ἀσά-

2446 637 2635 692 λευτον
2685 640 2904 706 πίστιν,
2954 643 3426 714 παρεκελεύσατο.
3472 645 3659 698 τοῦτον
3712 647 4010 699 ὲκταθέντα

2443 727 2708 799 δέρμασιν
2747 733 2916 802 ὠμοῖς
2965 737 3057 786 καί
3109 734 3272 804 βοῖοις
3304 734 3632 798 αἰκίζεσθαι.
3678 736 3787 788 Καὶ
3820 738 4007 787 τούτου

2444 821 2750 889 γενομένου
2771 825 2867 876 καὶ
2891 826 3173 894 τεσσάρων
3206 825 3550 894 στρατιωτῶν
3579 828 3898 879 τυπτόντων
3926 831 4013 879 τὸν

2445 909 2600 977 ἆγιον
2634 913 2725 963 ἐπὶ
2760 913 2983 976 πολλαῖς
3028 914 3200 983 ὥραις
3250 916 3344 968 καὶ
3394 918 3758 970 ἀτονισάντων
3811 918 4013 984 ἑτέρων

2447 1001 2793 1069 στρατιωτῶν
2810 1002 3020 1057 δώδεκα
3046 1005 3411 1072 ἀλλαγέντων,
3435 1006 3554 1059 οὐδὲ
3582 1009 3608 1058 ὁ
3637 1007 3798 1078 τυχὸν
3829 1008 4013 1069 σπίλος

2445 1091 2643 1162 εύρέθη
2684 1095 2742 1145 ἐν
2792 1094 2872 1163 τῷ
2932 1094 3147 1165 σώματι
3186 1095 3281 1148 τοῦ
3327 1096 3481 1164 ἀγίου
3531 1096 3844 1161 Πλάτωνος,
3877 1097 4010 1150 ῶσιε

2444 1185 2651 1248 πάντας
2683 1185 3059 1252 ἐκπλαγέντας
3092 1187 3392 1254 θαυμάσαι,
3425 1186 3587 1240 αὑτὸν
3630 1187 3686 1240 δὲ
3737 1188 4013 1257 προθυμό-

2443 1289 2600 1342 τερον
2631 1274 2886 1342 ἀμμεϊναι
2935 1277 3001 1343 τῇ
3037 1274 3130 1326 τοῦ
3182 1275 3419 1344 Χριστοῦ
3465 1275 3758 1344 ὁμολογία,
3798 1276 3893 1328 καὶ
3930 1277 4013 1328 δια

2445 1362 2655 1415 πολλῶν
2709 1362 2943 1433 θλίψεων
2977 1366 3278 1418 σπεύδοντα
3325 1367 3584 1421 εἰσελθεῖν
3635 1372 3712 1432 εἰς
3767 1369 3870 1441 τὴν
3920 1370 4012 1422 τοῦ

2443 1454 2581 1508 Θεοῦ
2614 1454 2890 1526 ἄφθαρτον
2925 1455 3228 1526 βασιλείαν.

2515 1717 2592 1772 E'.
2635 1718 2990 1789 ’Λγριππίνος
3023 1716 3210 1772 εἶπενο
3251 1718 3392 1788 Ἐγώ
3424 1737 3504 1773 σοι
3526 1721 3794 1789 ,παραινῶ
3831 1722 4015 1773 lxxii-

2444 1826 2532 1863 ναι
2559 1811 2651 1862 τὸν
2699 1810 2931 1862 θάνατον
2964 1813 3055 1864 καὶ
3101 1813 3472 1881 προσδραμεῖν
3500 1817 3565 1883 τῇ
3614 1814 3749 1883 ζωῇ,
3787 1813 4017 1866 Πλάτων

2441 1897 2584 1956 εἴπεο
2625 1903 2823 1967 Καλῶς
2866 1907 3175 1974 παραινεῖς,
3210 1899 3254 1956 ὦ
3297 1905 3645 1974 Ἀγριππῐνιο
3685 1905 3874 1974 φεύγω
3905 1905 4014 1975 γάρ

2440 1995 2533 2048 τὸν
2581 1996 2797 2048 αἰώνιον
2835 1997 3064 2050 θάνατον
3089 2001 3183 2050 καί
3211 1997 3546 2068 προσφεύγω
3582 2000 3646 2069 τῇ
3679 1999 3838 2065 ἀῖδίῳ
3875 1998 4010 2067 ζωῇ.

2454 2085 2810 2154 Ἀγριππῖνος
2858 2081 3046 2140 εἶπεν·
3083 2087 3251 2148 Εἰπὲ,
3300 2086 3652 2155 κακόδαιμον,
3702 2087 3859 2140 πόσοι
3907 2089 4014 2139 εἰσὶ

2444 2175 2702 2242 θάνατοι;
2755 2176 2980 2231 Πλάτων
3017 2173 3170 2230 εἷπε·
3223 2178 3360 2229 Δύοο
3421 2179 3448 2229 ὁ
3514 2175 3612 2246 μὲν
3651 2176 4018 2246 πρόσκαιρος,

2442 2268 2471 2317 ὁ
2543 2267 2600 2318 δὲ
2657 2268 2906 2330 αἰώνιος·
2965 2269 3135 2331 οὕτως
3177 2268 3232 2321 δὲ
3295 2271 3386 2321 καὶ
3448 2265 3584 2332 ζωαὶ
3638 2269 3760 2321 δύοο
3810 2272 3846 2338 η
3916 2269 4019 2335 μὲν

2446 2359 2840 2430 ὀλιγοχρόνιος,
2915 2362 2947 2430 ἡ
3001 2360 3058 2413 δὲ
3115 2360 3366 2423 ἀείζωος.
3406 2360 3759 2430 ’Δγριππίνος
3821 2356 4008 2413 εἶπεν·

2443 2451 2618 2505 Θύσον
2690 2455 2802 2515 τοῖς
2855 2454 3018 2517 θεοῖς,
3093 2453 3185 2506 καὶ
3248 2453 3347 2514 τὰς
3401 2453 3672 2522 τιμωρίας
3739 2451 4010 2506 ῐκκλινσν.

2444 2544 2670 2598 Πλάτων
2749 2542 2937 2597 εἶπεν·
2991 2545 3144 2598 Ποίει
3221 2545 3280 2599 τὸ
3340 2545 3529 2598 δοκοῦν
3610 2551 3692 2597 σοι
3769 2546 4010 2616 ἀπηνές

2443 2636 2554 2704 ἐγὼ
2582 2638 2687 2705 γὰρ
2714 2637 2774 2686 οὐ
2805 2635 2918 2688 θύω
2937 2653 2948 2667 ·
2975 2635 3100 2690 οῦτε
3137 2637 3244 2706 γάρ
3264 2639 3450 2706 πυρὸς,
3476 2636 3602 2690 οὔτε
3627 2637 3858 2707 θηρίων,
3888 2637 4012 2690 οὔτε

2447 2727 2620 2798 θυμοῦ
2676 2729 2834 2800 μερὶς
2886 2729 3203 2800 ποιήσουσίν
3253 2746 3320 2799 με
3375 2730 3676 2798 ἀποστῆναι
3721 2731 3831 2782 ἀπὸ
3880 2730 4016 2782 Θεοῦ

2445 2819 2644 2886 ζῶντος
2664 2837 2678 2851 ο
2700 2822 2761 2874 οὐ
2789 2821 2894 2889 γὰρ
2917 2822 3006 2874 τὸν
3039 2821 3132 2874 νῦν
3154 2820 3350 2890 ἀγαπῶ
3383 2821 3575 2886 αἰῶνα,
3603 2821 3742 2874 ἀλλὰ
3771 2823 3862 2874 τὸν
3893 2822 4017 2891 μέλ-

2445 2913 2604 2966 λοντα
2637 2913 2729 2964 καὶ
2773 2913 2864 2965 τὸν
2897 2914 3035 2983 ὑπὲρ
3083 2913 3217 2983 ἐμοῦ
3271 2913 3615 2966 ἀποθανόντα
3649 2915 3890 2983 Χριστὸν
3921 2916 4016 2968 καὶ

2446 3005 2543 3060 ἀνα
2554 3005 2773 3058 στάντα.

2518 3181 2606 3248 ς’.
2642 3182 2753 3234 Καὶ
2802 3183 2828 3232 δ
2872 3182 3226 3248 ’Λγριππίνος
3262 3181 3401 3232 αὐτὰ
3451 3180 3691 3242 ἀκούσας
3722 3183 4018 3235 ἐκέλευσεν

2443 3274 2606 3328 αὑτὸν
2637 3271 3016 3340 ἀναληφθῆναι
3054 3274 3113 3324 ὲν
3166 3271 3242 3342 τῷ
3293 3271 3691 3342 δεσμωτηρίῳ·
3751 3273 3907 3340 ὅλμος
3961 3277 4019 3330 δι

2443 3365 2610 3429 πολὺς
2637 3362 2924 3433 ἠκολούθει
2953 3365 3060 3416 τῶν
3087 3362 3429 3432 Χριστιανῶν
3465 3363 3557 3415 ἐπὶ
3587 3367 3650 3431 τῇ
3683 3364 3817 3435 ἁγίᾳ
3852 3367 4016 3418 αὑτοῦ

2443 3456 2540 3510 καὶ
2572 3456 2767 3524 ἐνδόξῳ
2817 3455 3094 3526 ὁμολογίᾳ.
3165 3455 3221 3507 ὐ
3267 3455 3322 3506 δὲ
3374 3454 3733 3523 μεγαλόφρων
3775 3459 3874 3509 καὶ
3925 3458 4019 3510 ἀνι

2443 3549 2620 3618 δρεῖος
2642 3548 2734 3600 τοῦ
2762 3547 3000 3616 Χριστοῦ
3037 3548 3245 3616 μάρτυς
3283 3547 3570 3597 ὲκέλευοεν
3600 3547 3750 3614 αὑτῴ
3786 3550 4020 3618 ἡσυχίαν

2445 3641 2699 3708 γενέσθαι
2729 3639 2827 3692 καὶ·
2863 3639 3004 3706 μετὰ
3027 3639 3122 3690 τοῦ
3155 3637 3472 3690 παύσασθαι
3494 3639 3694 3700 αὐτοὺς
3724 3639 3820 3692 τοῦ
3857 3639 4020 3709 θορύ-

2441 3729 2566 3795 6ου,
2603 3730 2815 3802 ἐπάρας
2848 3730 2945 3799 τὴν
2990 3728 3128 3782 ἰδίαν
3152 3730 3335 3800 φωνην
3381 3725 3564 3782 εἶπεν·
3600 3729 3836 3800 ’ἀνδρες
3877 3731 4024 3798 φιλύ-

2446 3841 2658 3895 χριστοι
2695 3825 2786 3876 καὶ
2826 3823 2922 3890 τῆς
2957 3821 3216 3892 ἀληθείας
3252 3822 3504 3891 ἐρασταὶ,
3545 3821 3606 3874 ού
3655 3814 3876 3889 φαύλης
3909 3822 4024 3873 ἕντο

2447 3932 2540 3968 κεν
2574 3915 2752 3974 αἰτίας
2793 3916 2884 3964 ἐπὶ
2914 3915 3061 3966 τόνδε
3093 3914 3551 3984 πάρειμιάγῶνα,
3579 3915 3695 3965 ἀλλ’
3715 3915 3911 3966 ἕνεκεν
3932 3913 4022 3966 τοῦ

2449 4004 2682 4076 Ποιητοῦ
2715 4003 2947 4077 ούρανοῦ
2980 4006 3073 4058 καὶ
3093 4007 3196 4074 γῆς
3227 4004 3320 4057 καὶ
3344 4003 3559 4056 πάντων
3583 4002 3691 4055 τῶν
3722 4005 3783 4054 ὲν
3811 4007 4020 4064 αὐτοῖς.

2448 4101 2539 4169 Μὴ
2556 4071 2736 4151 τοίνυν
2929 4071 3249 4166 θορυόεἱτω,
3272 4095 3601 4165 παρακαλῶ,
3617 4096 3676 4148 τὸ
3700 4095 4020 4163 γενόμενον·

2448 4189 2678 4245 Πολλοὶ
2703 4190 2812 4260 γὰρ
2829 4192 2889 4242 αἱ
2907 4191 3142 4256 θλίψεις
3169 4187 3287 4240 τῶν
3313 4188 3577 4250 δικαίων,
3599 4187 3698 4238 καὶ
3719 4188 3791 4239 ἐκ
3811 4188 4025 4241 πασῶν

2445 4283 2696 4348 ῥύσεται
2749 4280 2970 4345 αὐτοὺς
3005 4282 3038 4332 ὁ
3075 4279 3311 4346 Κύριος.
3363 4278 3525 4330 Ἀλλά
3571 4277 3723 4329 δεῦτε
3775 4278 3981 4339 πάντες
4009 4296 4021 4306 ⁸

2454 4373 2588 4441 ὁμοῦ
2657 4373 3068 4440 καταφύγωμεν
3140 4372 3233 4426 ἐπὶ
3303 4373 3394 4424 τὸν
3437 4371 3775 4440 ἀχείμαστον
3825 4371 4022 4441 λιμένα

785 4481 982 4534 nempe
1003 4435 1387 4532 (-Zhristum,'ct
1417 4467 1486 4522 ad
1517 4435 1751 4538 petram,
1778 4483 1939 4536 quam
1974 4435 2198 4538 magnus
2217 4435 2341 4522 dixil

2455 4435 2694 4535 Ξέρισίτοῦ
2744 4435 2839 4520 και
3035 4467 3259 4535 πέτραν,
3319 4467 3384 4532 ἢν
3419 4469 3446 4517 ὁ
3475 4435 3668 4533 ’μέγας
3699 4435 4025 4525 Ἀπόστολος

791 4556 1082 4625 Apostolus
1113 4571 1128 4610 :
1161 4556 1319 4612 Petra
1339 4569 1516 4612 autem
1546 4569 1661 4612 erat
1687 4556 1921 4613 Christus
1947 4561 1986 4613 '.
2016 4557 2093 4614 Ne
2112 4574 2238 4630 ergo
2259 4573 2348 4614 ce-

788 4648 1001 4712 damus,
1030 4664 1063 4704 o
1110 4648 1315 4712 dilecti,
1361 4648 1638 4718 periculis,
1662 4664 1780 4718 qua:
1833 4649 2207 4717 suscipiuntur
2258 4665 2355 4720 pro

792 4744 994 4812 pietate
1024 4761 1036 4796 :
1085 4759 1208 4799 cum
1237 4745 1493 4806 sciamus,
1521 4743 1666 4813 quod
1691 4745 1975 4814 passiones
2009 4743 2169 4811 hujus
2223 4755 2358 4799 tem-

795 4839 943 4904 poris
977 4850 1084 4888 non
1112 4847 1241 4889 sunt
1271 4835 1468 4906 dignae.
1499 4851 1620 4904 quae
1659 4837 2010 4889 conferantur
2031 4851 2152 4890 cum
2191 4836 2358 4903 gloria

793 4943 914 4997 quae
930 4936 1022 5003 est
1060 4928 1113 4981 in
1149 4927 1303 4980 nobis
1332 4926 1622 4981 revelanda
1647 4926 1686 4980 ³.
1708 4925 1833 4980 Haec
1861 4941 1989 4997 ergo
2033 4942 2157 4987 cum
2185 4927 2358 4982 dixis-

795 5029 878 5073 set
902 5018 1102 5074 Christi
1130 5027 1329 5088 martyr
1355 5015 1527 5086 Plato,
1577 5028 1634 5072 et
1706 5016 1898 5082 turbis,
1949 5033 2071 5086 qua:
2111 5018 2356 5084 aderant,

798 5109 1374 5171 addidissetanimmn,
1408 5118 1464 5162 et
1484 5119 1718 5163 mentem
1744 5124 1933 5163 eorum
1961 5110 2360 5174 conﬁrmasset,

797 5204 1076 5271 ingressus
1107 5209 1191 5255 est
1219 5216 1490 5255 carcerem
1520 5201 1670 5254 laetus
1709 5211 1764 5255 et
1815 5203 1982 5256 Deum
2035 5203 2359 5268 gloriﬁcans.

801 5297 1083 5366 Ingressus
1152 5304 1354 5358 autem,
1398 5298 1543 5348 humi
1611 5293 1731 5347 ﬁxis
1763 5293 2011 5361 genibus,
2077 5292 2360 5349 Dominum

799 5402 1051 5458 precatus
1114 5397 1216 5450 est,
1263 5390 1347 5444 sic
1378 5388 1565 5444 dicens
1612 5405 1628 5441 :
1672 5386 1898 5440 Domine
1948 5385 2075 5439 Jesu
2115 5386 2350 5452 Christe,

803 5483 1043 5539 omnium
1082 5490 1294 5536 creator
1329 5479 1602 5550 ctopifex,
1650 5491 1699 5535 et
1756 5479 1848 5548 qui
1889 5489 1976 5531 tua
2021 5477 2357 5548 providentia

809 5589 992 5628 curam
1018 5574 1157 5644 geris
1209 5573 1607 5635 universorum,
1665 5574 1755 5640 qui
1816 5571 2070 5625 omnibus
2128 5569 2233 5624 tuis
2286 5570 2362 5621 la-

922 5758 1112 5815 ‘Psal.
1143 5772 1332 5824 xxxiii,
1364 5758 1450 5817 20.
1563 5758 1580 5786 ’
1614 5758 1630 5811 l
1665 5756 1788 5812 Cor.
1821 5773 1872 5820 x,
1938 5757 1989 5809 ι.

2454 4555 2636 4612 εἶπεν·
2678 4557 2748 4614 Ἠ
2773 4557 2840 4610 δὲ
2866 4559 3049 4624 πέτρα
3077 4553 3154 4623 ἦν
3184 4559 3214 4610 ό
3252 4557 3484 4622 Κύριος.
3513 4555 3603 4620 Μὴ
3635 4553 3888 4620 ὲνδῶμεν
3920 4558 4026 4615 τοῖς

2458 4651 2599 4718 ὑπὲρ
2646 4649 2929 4710 εὐσεϐείας
2979 4647 3264 4708 κινδύνοις,
3313 4645 3514 4706 ειδότες
3560 4644 3641 4697 ὅτι
3671 4643 3773 4695 ούκ
3803 4644 3935 4707 ἀξια
3965 4647 4026 4698 τά

2458 4745 2764 4814 παθήματα
2784 4741 2878 4796 τοῦ
2901 4739 2994 4795 νῦν
3019 4738 3211 4811 καιροῦ
3243 4737 3380 4809 πρὸς
3409 4737 3508 4809 τὴν
3541 4736 3849 4805 μέλλουσαν
3873 4737 4028 4802 δόξαν

2461 4836 2918 4905 ἀποκαλυφθῆναι
2951 4837 3028 4897 είς
3065 4835 3234 4902 ἡμᾶς.
3282 4829 3468 4884 Ταῦτα
3514 4828 3686 4882 εἰπὼν
3723 4830 3821 4881 καὶ
3853 4846 4031 4897 παρα-

2461 4929 2737 5000 θαρσύνας
2767 4927 2892 4988 τοὺς
2937 4923 3307 4994 περιεστῶτας
3331 4921 3543 4991 δχλους,
3593 4919 3690 4972 καὶ
3730 4919 4032 5002 πλῖηρώσας

2460 5020 2560 5091 τὴν
2594 5017 2939 5072 διδασκαλίαν
2976 5013 3226 5082 εἰσῆλθεν
3254 5015 3334 5076 εἰς
3378 5011 3440 5066 τὺ
3481 5010 3900 5080 δεσμωτήριον·
3943 5009 4031 5063 καὶ

2465 5108 2745 5170 εἰσελθὼν,
2769 5109 2880 5168 θεὶς
2911 5105 2978 5159 τὰ
3017 5106 3216 5170 γόνατα
3249 5096 3434 5165 αὑτοῦ,
3461 5102 3518 5167 ἐξ
3554 5101 3685 5168 ὅλης
3721 5101 3827 5168 τῆς
3853 5100 4029 5168 ψυχῆς

2465 5200 2747 5264 στενάξας,
2783 5194 2987 5266 ηὔξατο
3034 5195 3169 5264 πρὲις
3213 5194 3304 5245 τὸν
3353 5191 3555 5262 Κύριον
3589 5189 3768 5256 λόγων
3819 5187 4025 5249 οὕτως·

2477 5293 2538 5349 '0
2570 5293 2786 5352 πάντων
2819 5289 3043 5357 κτίστης
3095 5287 3189 5340 καὶ
3247 5282 3617 5355 δημιουργὸς,
3657 5283 3686 5335 ό
3731 5281 3844 5334 τῶν
3899 5283 4030 5334 ὅλων

2473 5385 2626 5447 Θεὸς,
2659 5384 2685 5434 ὁ
2723 5381 2885 5433 πᾶσιν
2916 5381 3026 5440 τοῖς
3060 5376 3266 5436 δούλοις
3302 5391 3393 5426 σου
3438 5372 3532 5441 τὴν
3562 5371 3848 5441 ὑπομονὴν
3886 5389 4027 5442 χαρι-

2473 5480 2719 5547 ζόμενος,
2745 5473 2964 5544 χάρισαι
2987 5472 3078 5524 καὶ
3107 5468 3253 5537 ἐμοὶ,
3284 5465 3360 5537 τῷ
3397 5466 3568 5536 δούλῳ
3597 5481 3693 5516 σου
3727 5466 4026 5533 ὑπομονὴν,

2480 5570 2574 5622 καὶ
2609 5564 2986 5632 ἑξαπόστειλον
3017 5559 3250 5632 Μιχαὴλ,
3286 5559 3377 5610 τὸν
3408 5555 3753 5626 ἀρχάγγελόν
3790 5572 3911 5616 σου,
3953 5552 4033 5603 ἶνα

2104 5756 2120 5786 ³
2174 5753 2328 5808 Rom.
2364 5766 2480 5815 vni,
2521 5749 2606 5804 18.
