4188 6310
203 350 292 414 409

1447 354 1619 414 νιΤΑ
1668 353 1727 413 S.
1775 354 2172 416 PLATONIS.

3297 354 3399 415 ΗΟ

206 469 404 536 ρύσηταί
433 485 496 536 με
529 467 594 521 ἐκ
625 466 720 522 τοῦ
756 469 1086 539 κακοτέχνου
1119 469 1209 522 καὶ
1241 469 1520 538 ἁπατηλοῦ
1557 471 1736 540 δφεως

1841 472 1998 527 mulis
2023 471 2365 526 tolerantiam
2397 473 2609 544 largiris
2642 482 2693 529 et
2726 473 3033 536 victoriam,
3092 471 3222 526 mihi
3263 488 3401 542 quo-

201 557 553 626 Ἀγριππίνου,
588 558 674 612 ἵνα
707 559 911 628 γνῶσιν
953 561 1176 621 πάντες,
1209 560 1289 612 ὅτι
1330 560 1378 612 οἱ
1412 560 1498 613 διά
1533 561 1735 632 χειρῶν

198 648 469 716 ἀνθρώπων
499 650 778 717 γενόμενοι
799 649 908 702 θεοὶ
935 650 1086 703 οὐδέν
1113 651 1270 713 είσιν,
1294 650 1428 702 ἀλλὰ
1470 652 1533 703 σὺ
1581 651 1738 718 μόνος

198 732 242 790 εἴ
260 738 626 808 δεδοξασμένος
650 744 726 803 είς
761 743 880 802 τοὺς
910 741 1114 804 αἰῶνας
1144 742 1250 793 τῶν
1280 741 1512 794 αἰώνων.
1543 742 1735 810 Ἀμήν.

1842 581 1944 634 que
1973 565 2164 619 humili
2190 573 2245 620 et
2281 566 2493 636 abjecto
2520 567 2714 637 largire
2739 567 2805 621 ad
2849 564 3008 620 ﬁnem
3052 580 3222 633 usque
3266 565 3404 618 tole-

1844 652 2100 715 rantiam,
2138 661 2193 707 et
2225 655 2420 711 emitte.
2437 654 2827 723 archangelum
2865 660 3021 706 tuum
3057 649 3402 711 Michaeletn.

1843 753 1900 797 ut
1933 757 2018 797 me
2050 743 2243 799 liberet
2266 761 2295 798 a
2322 744 2494 799 fallaci
2528 754 2582 799 et
2615 745 2882 798 malitioso
2912 750 3166 813 serpente
3206 742 3404 813 Agrip—

198 833 328 900 pino.
362 842 418 887 ut
447 845 775 903 cognosmnt
806 850 995 888 omnes
1035 852 1142 887 non
1177 851 1296 889 esse
1343 836 1491 897 deos,
1526 837 1613 904 qui
1646 836 1781 889 ﬁunt
1825 851 1918 904 per
1954 852 2147 891 manus
2182 837 2486 903 hominum,
2521 839 2614 892 sed
2647 849 2698 892 te
2726 838 2898 891 solum
2927 850 3048 891 esse
3085 836 3275 900 Deum,
3309 834 3402 905 qui

197 941 249 979 es
275 925 472 992 patiens
504 935 558 978 et
588 926 767 978 multa:
800 926 1205 990 misericordir,
1248 935 1300 979 et
1338 926 1669 995 gloriﬁcatus
1702 927 1754 977 in
1778 926 1998 982 sa‘cula.
2033 929 2230 982 Amen.

256 1020 322 1072 Z'.
348 1017 501 1070 Μετὰ
537 1017 592 1068 δὲ
633 1017 850 1084 ἡμέρας
898 1019 1036 1069 ἑπτὰ
1085 1018 1480 1088 προκαθεσθεὶς
1513 1021 1540 1070 ό
1573 1017 1728 1085 βικά-

197 1126 296 1178 ριος
327 1108 674 1176 Ἀγριππτνος
705 1111 760 1158 ιν
789 1111 850 1177 τῇ
884 1108 1136 1179 βασιλικῇ
1163 1111 1421 1178 ἄντικρυς
1451 1109 1542 1162 τοῦ
1570 1108 1724 1173 Θεοῦ,

193 1199 451 1251 ἐκέλευσεν
505 1201 852 1268 παραστῆναι
889 1200 979 1251 τὸν
1023 1202 1296 1270 μάρτυρα.
1358 1201 1419 1253 '0
1449 1202 1503 1254 δὲ
1536 1200 1726 1270 βοηθὸς

196 1291 477 1354 Βικεντὶνος
510 1291 615 1360 ἔφη
639 1307 651 1321 ·
697 1293 757 1345 Ὃ
787 1297 898 1356 τοῖς
931 1296 1113 1363 νόμοις
1140 1297 1248 1348 τῶν
1277 1297 1540 1365 βασιλέων
1569 1297 1728 1350 ἀπει-

191 1383 291 1435 θῶν
342 1386 431 1436 καὶ
475 1385 774 1450 ἀντιλέγων
823 1388 935 1445 τοῖς
996 1388 1284 1453 ἡμετέροις
1347 1388 1732 1455 προστάγμασι

189 1476 414 1539 Πλάτων,
455 1476 483 1527 ό
513 1479 608 1544 τῆς
643 1474 947 1544 θρησκείας
971 1474 1078 1526 τῶν
1105 1475 1449 1544 Χριστιανῶν
1482 1476 1734 1543 ὑπέρμα-

187 1586 272 1638 χος
295 1568 517 1637 ἔστηκεν
561 1569 668 1636 πρὸ
708 1566 803 1619 τοῦ
859 1565 1105 1635 βήματός
1159 1583 1276 1629 σου,
1335 1567 1513 1636 κύριε.
1559 1567 1666 1619 Καὶ
1705 1569 1733 1620 ό

199 1662 541 1730 ’Λγριππῖνος
567 1659 898 1730 προσέταξεν
950 1658 1281 1729 προτεθῆναι
1305 1658 1524 1711 ποικίλα
1562 1657 1732 1728 βασα-

187 1756 448 1822 νιστήρια,
488 1753 690 1822 λέϐητα
723 1752 975 1822 χαλκοῦν,
1013 1753 1106 1803 καὶ
1140 1751 1358 1818 τίγανα,
1414 1752 1507 1804 καὶ
1546 1755 1733 1822 χεῖρας

186 1845 416 1913 σιδηρᾶς,
462 1841 555 1896 καὶ
607 1841 976 1904 ἀνακλάστας,
1014 1842 1108 1892 καὶ
1165 1841 1528 1904 καταπέλτας,
1565 1841 1737 1893 ὀϐελί-

188 1951 340 1997 σκους
369 1934 505 1998 ὀξεῖ,
539 1934 634 1984 καὶ
659 1930 932 1998 ὀγκίνους,
981 1931 1074 1982 καὶ
1117 1929 1282 2001 ἕτερα
1328 1930 1522 1992 πολλὰ,
1561 1929 1740 1997 οἰόμε-

183 2044 268 2087 νος
311 2023 396 2078 διὰ
430 2023 635 2076 τούτων
687 2021 1089 2091 καταπλήττειν
1122 2020 1212 2074 τὸν
1263 2020 1548 2098 μάρτυρα,
1591 2021 1736 2084 ὅπως

181 2123 325 2175 θύσει
350 2122 458 2182 τοῖς
506 2118 670 2184 θεοῖς,
726 2119 1021 2189 ἐξαιρέτως
1067 2119 1124 2173 δὲ
1177 2118 1256 2191 τῷ
1305 2118 1601 2173 Ἀπόλλωνι
1642 2118 1736 2172 καί

181 2228 308 2282 φησι
339 2211 468 2280 πρὸς
500 2211 698 2264 αὐτόν·
731 2210 871 2278 Ἐγὼ
917 2213 1200 2282 θεωρήσας
1238 2228 1330 2264 σου
1376 2212 1474 2282 τῆς
1524 2211 1737 2280 ἡλικίας

179 2303 239 2356 τὸ
298 2301 440 2364 νέον,
499 2300 594 2354 καὶ
652 2301 965 2371 φειδόμενός
1031 2317 1124 2354 σου
1184 2302 1281 2371 τῆς
1334 2301 1428 2354 τοῦ
1489 2301 1740 2371 σώματος

179 2392 382 2464 ἀκμῆς,
417 2392 515 2462 τῆς
546 2407 605 2444 τε
627 2392 734 2446 τῶν
766 2393 1023 2462 πατέρων
1056 2390 1333 2458 εὐγενείας
1359 2391 1738 2460 ἐπιγινώσκων

181 2501 242 2539 σε
272 2483 416 2549 ἄξιον
455 2484 605 2548 ὄντα,
640 2483 771 2552 πρὶν
806 2483 968 2534 πάλιν
1007 2481 1280 2551 ἄρξασθαι
1313 2482 1421 2534 τῶν
1462 2481 1734 2548 βασάνων,

183 2575 533 2643 συμϐουλεύω
570 2589 678 2639 σοι,
720 2570 859 2623 ῶστε
894 2573 1003 2624 τῶν
1035 2571 1239 2627 θυσιῶν
1283 2572 1737 2642 άπογευσάμενον

179 2659 445 2721 σώζεσθαι
479 2656 599 2727 μεθ’
630 2649 813 2726 ἡμῶν,
857 2660 1038 2714 εἰδότα
1074 2659 1232 2714 τοῦτο
1277 2662 1358 2715 ὅτι
1409 2661 1586 2731 οὐδεὶς
1625 2659 1736 2713 τῶν

177 2751 535 2804 ἀντειπόντων
582 2768 672 2820 μοι
702 2751 931 2822 ἔζησεν·
985 2753 1172 2824 ὥσπερ
1221 2756 1384 2809 πάλιν
1427 2755 1601 2818 οὐδεὶς
1631 2755 1736 2807 τῶν

178 2843 530 2897 ἀκουσάντων
575 2842 926 2913 ἀπεστερήθη
965 2843 1074 2895 τῶν
1132 2843 1261 2913 παρ’
1293 2845 1428 2914 ἐμοῦ
1469 2845 1737 2912 ἐπαγγελ-

176 2934 378 2988 θέντων
409 2932 559 3001 αὑτῷ
583 2949 595 2962 ·
644 2934 709 2985 σὺ
741 2935 946 3000 τοίνυν,
977 2937 1024 2986 εἰ
1057 2933 1229 2996 Θέλεις
1265 2951 1366 3004 μου
1396 2932 1626 2988 ἀκοῦσαι
1659 2934 1734 2998 ὡς

177 3024 310 3076 ίδίου
345 3023 550 3090 πατρὸς
599 3022 781 3084 καλῶς
815 3040 900 3076 σοι
933 3025 1418 3093 συμϐουλεύοντος,
1471 3026 1733 3097 μονογενῆ

1918 1018 2007 1073 VII
2019 1059 2036 1073 .
2061 1020 2279 1090 Septem
2292 1031 2472 1076 autem
2492 1032 2616 1089 post
2631 1022 2823 1076 diebus
2837 1019 3136 1091 praesidens
3153 1017 3405 1090 Agrippi-

1833 1125 1936 1163 nus
1969 1112 2202 1165 vicarius
2232 1113 2288 1166 in
2313 1113 2529 1167 basilica
2558 1127 2625 1167 ex
2649 1113 2875 1166 adverso
2899 1109 3069 1174 Jovis,
3099 1111 3256 1179 jussit
3285 1108 3404 1162 sisti

1835 1213 2146 1273 martyrem.
2180 1203 2320 1257 Dixit
2342 1218 2470 1258 vero
2494 1204 2767 1274 apparitor
2789 1201 3104 1257 Vincentius
3132 1219 3145 1255 :
3175 1200 3278 1265 Qui
3296 1215 3404 1253 non

1834 1307 1988 1365 paret
2015 1297 2399 1365 imperatorum
2434 1296 2674 1365 legibus,
2735 1304 2790 1351 et
2821 1294 3206 1363 vestrisjussis
3245 1308 3407 1362 repn-

1834 1395 1985 1458 gnat,
2018 1387 2190 1452 Plato,
2217 1389 2309 1457 qui
2342 1388 2701 1443 estdeiensor
2754 1388 2937 1458 impiae
2973 1386 3406 1441 Christianorum

1835 1477 2129 1548 religionis,
2154 1486 2259 1532 stat
2283 1487 2406 1533 ante
2429 1490 2576 1533 tuum
2603 1479 2858 1544 tribunal,
2883 1481 3120 1534 domine.
3149 1474 3301 1531 Tunc
3335 1478 3408 1530 A-

1834 1571 2115 1638 grippinus
2132 1571 2299 1639 jussit
2317 1571 2526 1626 diversa
2549 1579 2601 1624 et
2621 1570 2769 1624 varia
2791 1577 3186 1624 tormentorum
3207 1584 3406 1638 genera

1838 1671 1962 1716 ante
2015 1661 2190 1730 ipsum
2239 1661 2404 1715 statui
2455 1679 2466 1714 :
2526 1662 2756 1716 lebetcm
2834 1676 3068 1726 aeneum,
3111 1661 3410 1732 sartagines

1848 1754 2079 1817 ferreas,
2121 1753 2417 1807 candentes
2441 1763 2641 1816 crates,
2661 1767 2854 1807 manus
2899 1751 3127 1818 ferreas,
3166 1753 3411 1823 catapul-

1843 1854 1943 1907 tas,
1976 1851 2164 1898 acutos
2189 1843 2472 1906 obeliscos,
2514 1857 2704 1907 uncos,
2770 1852 2937 1907 rotas,
2991 1851 3047 1898 et
3091 1843 3256 1896 multa
3304 1843 3409 1895 alia

1842 1935 2131 2000 terribilia,
2196 1936 2516 1990 existimans
2564 1935 2774 1999 infelix,
2830 1950 2889 1989 se
2945 1949 3042 2005 per
3112 1934 3230 1988 haec
3286 1949 3409 1989 esse

1840 2026 2157 2080 territurum
2208 2035 2524 2095 martyrem,
2590 2037 2651 2080 ut
2699 2025 2806 2082 diis
2859 2026 2978 2096 ejus
3032 2025 3404 2090 sacriﬁcaret,

1837 2116 2112 2187 praecipue
2140 2125 2323 2170 autem
2355 2116 2614 2184 Apollini,
2649 2117 2743 2185 qui
2807 2117 2959 2186 pellit
2991 2117 3058 2171 ad
3102 2117 3407 2181 interitum,

1838 2209 2042 2264 etdicit
2064 2209 2114 2263 ei
2149 2226 2162 2262 :
2197 2209 2309 2278 Ego
2324 2207 2566 2280 quidem,
2598 2207 2924 2261 charissime
2954 2206 3127 2269 Plato,
3159 2214 3408 2261 contem-

1841 2302 2001 2372 plans
2035 2308 2182 2354 tuam
2207 2298 2508 2370 juvenilem
2533 2308 2770 2362 aetatem,
2810 2307 2866 2353 et
2888 2312 3122 2367 parcens
3152 2297 3272 2352 ﬂori
3329 2297 3410 2352 tui

1841 2393 2107 2464 corporis,
2132 2403 2188 2446 et
2219 2391 2399 2446 sciens
2430 2400 2718 2460 parentum
2780 2400 2999 2445 tuorum
3044 2390 3408 2453 nobilitatem,

1842 2484 1939 2538 tibi
1967 2484 2195 2538 consulo
2217 2481 2534 2551 priusquam
2569 2495 2761 2533 rursus
2790 2479 3043 2548 incipiam
3063 2488 3112 2534 te
3133 2487 3408 2546 torquere,

1839 2583 1898 2628 ut
1959 2573 2188 2643 gustatis
2241 2569 2520 2624 sacriﬁciis
2583 2569 2841 2631 serveris,
2882 2579 2936 2621 et
2973 2571 3049 2625 sis
3076 2571 3358 2624 nobiscum
3391 2585 3405 2621 :

1838 2665 1941 2719 hoc
1979 2676 2197 2732 quoque
2214 2661 2418 2726 sciens,
2451 2661 2596 2730 quod
2651 2659 2835 2716 nullus
2869 2675 3107 2730 unquam
3151 2662 3286 2716 vixit
3341 2677 3408 2715 ex

1841 2759 1908 2816 iis
1932 2758 2022 2827 qui
2049 2756 2181 2811 mihi
2215 2770 2326 2809 non
2353 2763 2650 2823 paruerunt
2677 2769 2690 2804 :
2725 2753 2998 2823 quomodo
3023 2769 3210 2808 rursus
3230 2753 3412 2809 nullus

1840 2866 1905 2905 ex
1935 2850 2001 2904 iis
2021 2849 2110 2917 qui
2130 2846 2262 2900 mihi
2294 2855 2609 2914 paruerunt,
2628 2845 2678 2900 ei
2701 2860 2828 2898 ame
2846 2845 3125 2914 promissis
3140 2844 3296 2900 bonis
3314 2846 3414 2900 fuit

1838 2941 2104 3010 privatus.
2140 2938 2278 3006 Ergo
2299 2947 2355 2990 tu
2375 2950 2610 3004 quoque,
2645 2951 2676 2988 ο
2712 2937 2919 3005 optime
2941 2933 3114 3003 Plato,
3147 2935 3190 2990 si
3221 2936 3409 2990 volue-

1840 3030 1916 3085 ris
1939 3042 2024 3084 me
2053 3027 2263 3092 audire,
2299 3035 2557 3094 tanquam
2597 3034 2805 3094 patrem
2847 3028 3159 3094 proprium,
3204 3025 3407 3079 bonum

174 3114 450 3184 θυγατέρα
467 3111 697 3181 ἀδελφοῦ
718 3131 816 3178 μου
837 3114 966 3184 ἔχω·
991 3115 1194 3185 ταύτην
1213 3117 1468 3187 ἐπιδίδωμί
1496 3135 1577 3170 σοι
1604 3119 1738 3187 πρὸς

1845 3123 1942 3178 tibi
1974 3122 2194 3177 dantem
2254 3118 2568 3182 consilium,
2626 3117 2802 3173 habeo
2828 3117 3046 3172 unicam
3084 3116 3267 3172 fratris
3300 3117 3408 3172 mei

171 3208 353 3278 γάμον
393 3205 614 3270 ἐπιδοὺς
650 3208 786 3278 αὐτῇ
818 3209 1022 3277 προῖκα
1069 3209 1336 3278 πολυτελῆ
1383 3210 1476 3262 καὶ
1510 3210 1638 3262 ῐδιόν
1673 3227 1733 3261 σε

170 3300 527 3369 άναγορεύσω
556 3302 764 3353 τέκνον.
812 3299 872 3352 '0
901 3300 956 3353 δὲ
988 3305 1257 3370 μακάριος
1314 3300 1609 3372 ἁθλοφόρος
1642 3300 1736 3354 καὶ

176 3392 396 3462 μάρτυς
425 3389 518 3443 τοῦ
550 3390 788 3458 Χριστοῦ
812 3391 1036 3445 Πλάτων
1065 3392 1302 3460 γελάσας
1331 3388 1519 3446 εἷπενδ
1554 3391 1735 3446 ’Δθλιε

170 3483 271 3537 καὶ
305 3481 681 3550 μισάνθρωπε,
707 3480 802 3532 καὶ
833 3481 1012 3546 πάσης
1043 3482 1390 3550 δικαιοσύνης
1425 3483 1605 3552 ἐχθρὲ,
1636 3468 1738 3536 ῦπ-

166 3573 352 3643 ηρέτα
400 3569 496 3623 τοῦ
546 3570 796 3625 διαϐόλου
844 3574 940 3626 καὶ
989 3573 1230 3642 ὐπουργὶ
1266 3572 1360 3626 τοῦ
1411 3574 1647 3637 Σατανᾶ,
1690 3577 1737 3627 εί

163 3665 308 3725 ὅλως
347 3663 650 3734 ἐϐουλόμην
689 3665 769 3728 είς
825 3665 1004 3735 γάμον
1069 3665 1242 3718 ἐλθεῖν
1289 3666 1384 3723 καὶ
1432 3664 1738 3734 ἀγαγέσθαι

163 3758 417 3824 γυναῖκα
457 3756 552 3807 καὶ
597 3754 804 3822 διάγειν
847 3759 903 3808 ὲν
940 3756 1314 3825 περισπασμῷ
1351 3757 1444 3808 τοῦ
1483 3757 1738 3827 βιωτικοῦ

162 3847 370 3902 τούτου
403 3846 636 3911 καπνοῦ,
688 3848 746 3898 οὺ
804 3846 1125 3913 κατηξίωκα
1160 3846 1226 3900 ἃν
1264 3845 1340 3918 τῷ
1390 3847 1735 3917 φροντίζοντι

159 3939 280 3990 τῶν
308 3938 656 4008 πραγμάτων
701 3955 802 4008 μου
839 3938 1026 3992 λαϐεῖν
1059 3942 1291 4008 γυναῖκα
1329 3934 1430 4010 τὴν
1467 3939 1740 4009 θυγατέρα

161 4029 269 4083 τοῦ
326 4028 563 4098 ἀδελφοῦ
617 4047 730 4094 σου,
784 4031 876 4082 καὶ
905 4029 1154 4099 βελτίονα
1194 4031 1249 4083 δὲ
1295 4032 1462 4101 ἄλλην
1572 4030 1740 4102 αὐτὴν

157 4123 391 4192 ἠγόμην
426 4121 505 4185 εἰς
534 4122 731 4190 γάμον.
765 4121 895 4174 Τότε
928 4125 955 4173 ὁ
995 4121 1259 4190 σύσχολος
1282 4123 1376 4177 τοῦ
1403 4125 1617 4178 Σατανᾶ
1647 4128 1742 4178 καὶ

158 4218 449 4286 ὑπουργὸς
478 4215 571 4268 τοῦ
624 4215 828 4283 πατρὸς
881 4213 1048 4267 αὑτοῦ
1110 4217 1205 4267 τοῦ
1265 4215 1511 4268 διαϐόλου
1558 4217 1738 4283 πάσης

155 4308 378 4370 κακίας
409 4307 596 4377 γέμων
629 4306 725 4358 καὶ
757 4307 956 4369 παντὸς
1004 4308 1082 4360 ἰοῦ
1113 4307 1206 4359 καὶ
1236 4307 1386 4360 δόλου
1458 4323 1741 4378 μεμεστω-

158 4403 366 4471 μένος,
391 4399 641 4467 καθάπερ
656 4415 739 4460 τις
756 4399 894 4452 λέων
921 4401 1080 4470 φόνον
1106 4402 1493 4472 ἐρευγόμενος,
1520 4400 1740 4453 ἐκέλευ’

1840 3212 2001 3264 ﬁliam
2045 3229 2057 3266 :
2094 3224 2211 3262 eam
2243 3208 2337 3261 tibi
2367 3209 2509 3263 dabo
2540 3208 2597 3262 in
2621 3209 3050 3272 matrimonium,
3103 3208 3260 3264 valde
3296 3225 3410 3263 ma-

1839 3314 1999 3370 gnam
2020 3298 2068 3352 ei
2085 3298 2303 3352 tradens
2319 3297 2526 3361 dotem,
2545 3305 2598 3351 et
2628 3308 2676 3352 te
2695 3313 2874 3352 meum
2902 3300 3181 3367 proprium
3203 3299 3410 3354 vocabo

1839 3393 2029 3446 tilium.
2061 3389 2257 3447 Beatus
2287 3397 2468 3446 autem
2497 3395 2552 3445 et
2573 3404 2760 3445 revera
2784 3389 2937 3446 fortis
2961 3387 3161 3445 athleta
3204 3389 3407 3445 Christi

1841 3484 1993 3539 Plato
2056 3483 2237 3538 ridens
2283 3483 2419 3539 dixit
2461 3482 2673 3537 :Miser
2717 3492 2773 3538 et
2827 3481 3112 3536 hominum
3169 3482 3405 3547 inimice,

1841 3574 1914 3627 ﬁli
1956 3574 2177 3637 diaboli,
2210 3583 2264 3627 et
2301 3573 2624 3627 administer
2650 3574 2886 3637 Satanan,
2920 3573 2965 3625 si
3004 3573 3197 3626 vellem
3254 3574 3406 3645 jungi

1838 3666 2206 3729 matrimonio,
2246 3675 2297 3718 et
2324 3665 2523 3719 ducere
2551 3679 2796 3728 uxorem,
2818 3674 2872 3718 et
2897 3664 3096 3735 degere
3129 3665 3183 3718 in
3244 3666 3410 3720 dece-

1841 3759 2044 3831 ptione,
2071 3758 2380 3828 implicatus
2405 3760 2553 3812 l'umo
2581 3756 2747 3824 hujus
2822 3758 3113 3811 mundana:
3146 3757 3290 3821 vita,
3321 3759 3409 3812 di-

1842 3865 2109 3923 gnarerne
2145 3850 2229 3902 vel
2259 3849 2311 3902 in
2347 3863 2530 3904 rerum
2562 3863 2805 3902 mearum
2836 3848 3209 3902 sollicitudine
3258 3851 3410 3905 acci-

1843 3957 1970 4011 pere
2027 3956 2249 3994 uxorem
2283 3941 2466 3994 fratris
2517 3941 2594 3993 tui
2632 3941 2820 4004 ﬁliam,
2853 3949 2947 3995 aut
3005 3940 3142 3995 tales
3211 3941 3412 3996 habere

1842 4032 2086 4095 ancillas,
2145 4031 2321 4101 qualis
2375 4039 2458 4084 est
2515 4030 2625 4085 ﬁlia
2651 4031 2834 4086 fratris
2862 4033 2962 4098 tui,
2998 4041 3092 4085 aut
3142 4047 3206 4086 ea
3245 4034 3409 4086 etiam

1845 4125 2306 4193 meliores,utego
2332 4139 2449 4178 eam
2478 4123 2670 4178 ducam
2718 4138 2943 4178 uxorem
2971 4123 3168 4178 ?Tunc
3196 4120 3410 4179 Satana

1841 4217 2202 4271 scholasticus
2274 4226 2330 4268 et
2391 4217 2713 4270 administer
2786 4217 2956 4284 patris
3011 4218 3130 4284 ejus
3187 4216 3408 4282 diaboli,

1842 4307 2040 4379 plenus
2074 4307 2222 4362 omni
2263 4307 2390 4361 vitio
2416 4315 2470 4360 et
2498 4307 2742 4376 repletus
2763 4305 2910 4360 omni
2945 4321 3144 4378 genere
3203 4306 3409 4376 impro-

1844 4400 2050 4461 bitatis.
2083 4415 2192 4455 non
2208 4414 2367 4453 secus
2385 4415 2448 4454 ac
2479 4399 2644 4455 draco
2677 4398 2945 4468 quispiam
2975 4407 3070 4453 aut
3103 4399 3188 4453 leo
3205 4399 3407 4452 caedem

155 4509 263 4544 σιν
299 4489 591 4562 ἑνεχθῆναι
621 4489 934 4562 κράϐϐατον
973 4490 1205 4558 χαλκοῦν
1246 4491 1340 4542 καὶ
1375 4491 1740 4559 κατατεθῆναι

1846 4501 2122 4552 eructans,
2153 4490 2432 4559 grabatum
2463 4490 2625 4557 jussit
2655 4488 2834 4540 aiIerri
2861 4503 3094 4550 aeneum,
3128 4498 3181 4541 et
3208 4490 3260 4541 in
3293 4491 3410 4556 ipso

151 4586 245 4649 είς
283 4584 456 4638 αὐτὸν
483 4585 575 4638 τὸν
623 4584 880 4654 μάρτυρα
915 4582 1008 4635 καὶ¹
1053 4582 1441 4651 ὐποκαυθῆναι·
1479 4582 1613 4654 πῦρ,
1649 4583 1744 4639 καὶ

151 4674 436 4744 γενέσθαι
481 4673 788 4742 ἀνθρακιὰν
820 4674 1084 4744 μεγάλην,
1142 4674 1235 4726 καὶ⁵
1286 4661 1744 4743 ρένεσθαιάὐτην

152 4766 368 4834 ἐλαίῳ,
395 4765 489 4816 καὶ
510 4763 723 4834 ῥητίνη,
760 4765 857 4816 καὶ
885 4765 1166 4832 ἀσφάλτῳ,
1204 4767 1295 4816 καὶ
1326 4765 1501 4834 κηρῷ,
1529 4767 1624 4817 καὶ
1642 4767 1742 4834 ῥα-

149 4855 424 4919 ϐδίζεθαι
441 4854 600 4907 αὑτὸν
620 4852 963 4925 λεπτοτέροις
989 4853 1222 4923 ῥάϐδοις,
1243 4854 1328 4906 ἵνα
1347 4853 1450 4907 ὑπὸ
1465 4853 1555 4907 τοῦ
1575 4854 1744 4920 πυρὸς

149 4953 264 5003 καὶ
296 4950 410 5002 τῶν
455 4951 676 5020 πληγῶν
700 4953 732 5020 ὴ
759 4951 1036 5019 οἰκονομία
1075 4953 1183 5006 τῶν
1219 4952 1540 5022 σπλάγχνων
1580 4949 1743 5004 αὑτοῦ

145 5039 528 5112 γυμνωθεῐσα
555 5042 823 5111 ἀφόρητον
848 5041 994 5111 αὐτῷ
1017 5045 1350 5113 περιποιήσῃ
1371 5044 1465 5113 τὴν
1486 5042 1737 5112 βάσανον.

231 5131 331 5188 ιε’.
389 5131 742 5200 λίκιζομένου
787 5133 842 5186 δὲ
880 5133 1068 5196 αὑτοῦ,
1127 5135 1433 5204 Σωφρόνιος
1462 5151 1735 5204 κομεντα-

144 5229 372 5296 ρησιος
407 5225 549 5293 ἐση·
581 5224 875 5288 Πανάθλιε,
935 5225 1190 5295 πείσθητι
1243 5226 1321 5297 τῷ
1364 5227 1599 5296 βικαρίῳ
1648 5229 1742 5280 καὶ

141 5317 221 5368 0-5
234 5332 341 5368 σου
375 5319 490 5378 τοῖς
526 5314 692 5377 θεοῖς,
721 5317 814 5367 καὶ
838 5316 898 5368 τὸ
917 5317 1101 5380 κακῶς
1135 5318 1428 5370 ἀποθανεῖν
1451 5319 1738 5388 κέρδησον.

143 5406 226 5460 ’Π
272 5408 614 5472 ἀντιλέγεις,
652 5405 797 5460 άθλιε
827 5424 841 5473 ;
887 5410 996 5478 Οὐχ
1023 5410 1153 5480 ὁρᾷς
1182 5411 1247 5462 τά
1274 5412 1607 5481 προκείμενα
1647 5411 1744 5480 βα-

147 5499 514 5569 σανιστήρια
545 5501 630 5554 διὰ
659 5501 753 5568 σέ;
793 5501 1022 5555 Πλάτων
1065 5501 1217 5556 εἶπεν
1245 5519 1257 5535 ο
1313 5504 1452 5570 Ἐγὼ
1481 5505 1541 5557 τὸ
1580 5504 1742 5574 σῶμά

146 5610 272 5662 μου
313 5589 411 5645 διὰ
442 5590 678 5659 Χριστὸν
725 5593 844 5644 ὅλον
901 5593 1216 5662 παρέδωκα.
1249 5595 1313 5645 Τί
1349 5593 1441 5648 οὖν
1493 5611 1591 5662 μου
1643 5584 1741 5647 οὐκ

142 5686 508 5762 ἀφίστασαι,
542 5686 850 5754 σκρινιάριε
896 5688 984 5737 τοῦ
1038 5685 1256 5739 Σατανᾶ
1312 5689 1407 5738 καὶ
1456 5687 1612 5758 ἐχθρὲ
1646 5692 1738 5758 τῆς

142 5776 477 5843 ἀληθείας;
534 5777 764 5832 Σεαυτὸν
810 5777 1127 5848 νουθέτησον
1172 5782 1268 5850 τῆς
1324 5780 1530 5849 πλάνης
1585 5782 1741 5844 ἐκτὸς

1847 4580 2044 4650 deponi
2076 4589 2364 4649 martyrem
2396 4595 2409 4631 :
2447 4587 2502 4633 et
2533 4579 2612 4632 sic
2637 4577 2815 4648 ignem
2863 4576 3120 4640 accendi,
3161 4587 3217 4632 et
3291 4578 3408 4632 ﬁeri

1848 4689 2101 4745 magnum
2123 4687 2375 4727 acervum
2399 4686 2718 4740 prunarum,
2750 4685 2987 4738 eumque
3032 4670 3243 4740 aspergi
3282 4671 3403 4724 oleo

1846 4776 1900 4820 et
1940 4764 2118 4818 resina
2152 4773 2203 4818 et
2235 4762 2503 4814 bitumine
2559 4769 2615 4813 et
2659 4775 2805 4820 cera,
2850 4769 2905 4812 et
2934 4776 3056 4814 eum
3082 4761 3213 4814 caedi
3244 4761 3409 4832 virgis

1850 4854 2241 4916 subtilissimis,
2279 4861 2337 4907 ut
2374 4867 2402 4906 ο
2435 4852 2603 4922 plagis
2627 4861 2677 4905 et
2709 4853 2830 4922 igne
2861 4851 3061 4905 nudata
3087 4853 3203 4922 ejus
3231 4852 3409 4906 visce-

1845 4962 1965 5002 rum
1990 4956 2262 5001 structura
2291 4947 2339 4999 ei
2377 4942 2721 4999 intolerabile
2753 4953 3082 4998 tormentum
3117 4940 3335 4998 eﬂiciat.

1917 5143 2054 5200 Vill.
2087 5142 2225 5198 Cum
2260 5141 2353 5196 diu
2379 5151 2563 5196 autem
2620 5139 2924 5194 cmderetur
2985 5148 3212 5210 martyr,
3271 5139 3408 5194 dixit

1847 5235 2186 5307 Sophronius
2203 5233 2734 5288 commentariensis:
2755 5229 3151 5291 Infelicissime.
3178 5245 3308 5299 pare
3331 5231 3406 5282 vi-

1845 5328 2015 5392 cario,
2039 5337 2093 5382 et
2119 5325 2221 5380 diis
2247 5322 2513 5388 sacriﬁca,
2537 5331 2592 5376 et
2610 5337 2676 5376 ne
2701 5323 2838 5375 male
2867 5322 3136 5384 moriaris,
3158 5321 3402 5376 iucrii‘ac.

1844 5419 1983 5485 Quid
2043 5416 2418 5472 contradicis?
2478 5414 2596 5468 Non
2653 5413 2803 5467 vides
2828 5421 3015 5482 parata
3073 5420 3293 5480 propter
3353 5420 3406 5465 te

1849 5508 2162 5564 tormenta?
2197 5507 2340 5561 Dixit
2371 5515 2592 5560 sanctus
2619 5504 2766 5558 Plato
2800 5520 2813 5555 :
2867 5505 2977 5574 Ego
3009 5513 3177 5557 totum
3225 5519 3406 5557 meum

1848 5617 2043 5668 corpus
2095 5609 2317 5670 propter
2378 5598 2653 5651 Christum
2713 5594 2927 5648 tradidi.
2984 5592 3093 5647 Cur
3116 5607 3242 5662 ergo
3293 5608 3407 5646 non

1848 5692 2086 5754 desistis,
2122 5707 2153 5746 ο
2177 5693 2390 5746 Salanre
2414 5689 2715 5750 scriniarie,
2742 5695 2796 5740 et
2851 5685 3073 5763 inirnicc
3107 5683 3400 5738 veritatis?

1847 5783 2101 5849 ’l‘eipsum
2133 5787 2382 5850 admone,
2409 5793 2463 5836 ut
2498 5781 2563 5836 ab
2600 5795 2784 5834 errore
2810 5778 3061 5835 desistas.
3107 5774 3214 5848 Ego
3258 5775 3399 5831 enim
