4188 6310
763 341 863 403 Ml

2054 340 2335 401 MENSIS
2374 341 2664 401 JULIUS.

3899 345 3998 408 “2

767 459 901 518 scio,
926 454 1055 524 quid
1090 454 1520 524 miltiexpediat,
1548 463 1600 508 et
1651 469 1932 523 nunquam
1982 462 2203 507 avertar
2265 454 2326 507 ab

2434 457 2720 524 γενέσθαιο
2759 456 2870 525 ἐγὼ
2924 457 3027 528 γὰρ
3073 458 3130 511 τὸ
3184 459 3461 528 συμφέρον
3489 457 3710 526 ἐμαυτῷ
3746 459 3997 524 γινώσκω

766 547 867 600 hac
889 546 1257 602 conlcssione.
1285 546 1428 613 Dixit
1451 546 1787 615 Agrippinus
1819 564 1833 600 :
1864 545 1994 610 Quis
2046 554 2128 599 est
2178 545 2334 599 Chri-

766 650 901 700 stus,
937 655 1095 707 quem
1136 639 1304 694 dicis?
1329 640 1467 693 Num
1502 644 1680 707 potest
1732 647 1781 691 te
1825 639 2007 691 vivum
2038 638 2250 706 eripere
2301 652 2332 691 e

766 732 899 783 meis
923 731 1172 784 manibus
1191 746 1293 785 non
1314 729 1742 784 sacriﬁcantem?
1760 727 1914 783 Nunc
1936 744 2059 799 ergo
2091 730 2175 783 vis
2190 728 2331 782 male

762 824 922 875 mori.
956 821 1105 875 Scias
1125 833 1328 885 autem,
1348 820 1595 890 quodqui
1614 821 1715 875 fuit
1739 821 2028 875 crucifixus
2048 838 2075 874 a
2103 819 2326 884 Iudaeis,

765 926 871 962 non
905 922 1080 978 potest
1110 921 1159 963 te
1195 926 1433 972 servare,
1476 913 1685 965 etiamsi
1726 911 2009 979 praestigiis
2032 910 2138 963 tuis
2174 909 2330 964 valde

761 1002 1020 1056 Conﬁdas.
1053 1001 1144 1055 Sin
1164 1010 1338 1055 autem
1368 1018 1558 1070 magno
1581 1003 1679 1056 deo
1702 1002 1935 1070 Apollini
1989 1001 2328 1063 sacrilicaris,

760 1103 817 1145 et
853 1103 942 1145 tuo
981 1093 1245 1146 sacriﬁcio
1276 1108 1401 1146 eum
1429 1093 1518 1145 tibi
1552 1094 1801 1160 placaris,
1827 1100 2004 1159 potest
2036 1100 2086 1143 te
2108 1092 2175 1143 ab
2201 1089 2327 1153 hoc,

760 1184 853 1252 qui
881 1195 931 1238 te
949 1185 1177 1258 detinet,
1217 1184 1503 1239 candentis
1526 1185 1661 1253 ignis
1687 1184 1909 1253 grabato
1936 1191 1988 1236 et
2010 1183 2198 1236 dolore
2223 1182 2326 1235 eri-

762 1290 912 1346 pere.
943 1272 1177 1331 Sanctus
1209 1285 1390 1329 autem
1429 1274 1581 1327 Plato
1621 1274 1755 1328 dixit
1786 1290 1799 1324 :
1826 1271 2110 1342 Nunquam
2160 1272 2328 1326 sacri-

766 1366 962 1427 ﬁcabo.
1006 1382 1107 1421 nec
1139 1366 1398 1434 Apollini,
1461 1380 1563 1420 nec
1607 1366 1835 1432 reliquis
1897 1364 2001 1418 diis
2030 1365 2157 1417 tuis.
2188 1362 2319 1417 Nam

759 1458 851 1525 qui
885 1457 1076 1525 Apollo
1109 1457 1337 1517 dicitur,
1377 1458 1531 1527 pellit
1569 1456 1637 1511 ad
1670 1456 1949 1509 interitum
1983 1462 2079 1507 :et
2111 1468 2323 1517 omnes,

759 1548 848 1615 qui
886 1548 939 1600 in
972 1561 1094 1601 eum
1129 1548 1381 1609 credunt,
1425 1547 1617 1600 eodem
1646 1545 1901 1613 peribunt
1951 1544 2192 1597 interitu.
2234 1542 2326 1598 Vis

758 1646 939 1690 autem
967 1638 1130 1699 seire,
1156 1652 1187 1690 ο
1211 1638 1375 1689 stulte
1391 1644 1444 1690 et
1468 1635 1614 1705 gravi
1647 1635 1829 1698 corde,
1863 1633 2032 1687 delire
2062 1640 2115 1687 et
2144 1642 2324 1687 mente

757 1737 933 1793 capte,
969 1727 1112 1796 quod
1141 1742 1253 1782 non
1318 1736 1443 1781 sunt
1493 1727 1585 1789 dii,
1628 1726 1721 1794 qui
1754 1725 1914 1779 'liunt
1966 1741 2063 1795 per
2133 1741 2325 1780 manus

756 1820 1060 1885 hominum,
1111 1820 1205 1876 sed
1252 1834 1442 1872 aurum
1496 1828 1547 1872 et
1598 1827 1904 1886 argentum,
1966 1820 2021 1869 et
2078 1812 2243 1884 ligna,
2274 1825 2328 1871 et

759 1909 972 1978 lapides
999 1910 1215 1963 formati
1252 1909 1420 1963 variis
1478 1918 1533 1962 et
1585 1907 1819 1961 diversis
1876 1905 2195 1961 coloribus?
2226 1906 2324 1971 Qui

756 2003 943 2057 oculos
971 2002 1195 2077 habent,
1225 2012 1279 2057 et
1309 2017 1416 2054 non
1470 1998 1695 2053 vident:
1755 2014 1951 2054 manus
1998 1999 2219 2062 habent,
2274 2008 2328 2054 et

758 2110 866 2147 non
893 2095 1114 2163 palpant
1146 2110 1157 2143 :
1187 2095 1352 2162 pedes
1378 2092 1599 2156 habent,
1627 2101 1679 2146 et
1708 2106 1815 2145 non
1840 2092 2138 2156 ambulant,
2168 2106 2326 2147 aures

757 2186 980 2249 habent,
1046 2193 1097 2240 et
1140 2200 1251 2239 non
1322 2184 1594 2239 audiunt:
1644 2199 1802 2237 nares
1855 2183 2073 2247 habent,
2116 2193 2170 2239 et
2215 2199 2323 2239 non

756 2279 1135 2342 odorantur‘;
1183 2286 1259 2346 et,
1328 2285 1387 2330 ut
1465 2277 1636 2333 semel
1696 2275 1889 2337 dicam,
1962 2284 2087 2330 sunt
2160 2290 2325 2343 opera

754 2367 1057 2422 fabrorum.
1095 2377 1149 2421 et
1172 2367 1481 2428 auriﬁcum,
1529 2375 1585 2418 et
1632 2374 1989 2428 tornatorum,
2037 2372 2090 2416 et
2141 2364 2328 2433 lapici-

756 2460 971 2517 darum.
1008 2459 1289 2528 lstienim,
1341 2472 1478 2528 quos
1512 2464 1567 2512 tu
1618 2458 1748 2514 deos
1800 2470 1923 2512 esse
1979 2455 2133 2522 dicis,
2192 2472 2327 2525 quo-

754 2549 916 2607 modo
970 2565 1078 2603 non
1134 2558 1359 2618 possunt
1429 2548 1592 2602 alicui
1666 2548 2007 2609 benefacere,
2082 2548 2154 2601 ita
2225 2564 2325 2604 nec

758 2636 987 2708 posSunt
1014 2656 1251 2710 unquam
1282 2640 1479 2694 laedere
1510 2653 1605 2693 eos
1651 2638 1740 2707 qui
1776 2639 1967 2693 timent
2014 2640 2323 2698 Dominum.

756 2732 895 2787 Sunt
949 2733 1097 2786 enim
1135 2733 1287 2786 nullo
1326 2746 1491 2787 sensu
1523 2730 1756 2801 praediti,
1801 2732 1955 2789 vobis
1986 2732 2192 2788 similes
2222 2748 2235 2785 :
2269 2739 2326 2787 et

758 2842 866 2881 non
892 2826 1157 2889 sentiunt,
1200 2840 1301 2880 nec
1325 2841 1449 2880 cum
1478 2826 1559 2879 eis
1579 2824 1805 2880 oll‘ertur
1834 2824 2182 2886 sacriﬁcium,
2223 2838 2324 2881 nec

760 2933 881 2973 cum
917 2918 1297 2981 libamen,nec
1353 2932 1475 2972 cum
1514 2918 1593 2973 eis
1652 2916 1979 2973 ullus-alius
2034 2916 2325 2973 exhibetur

758 3011 960 3065 cultus.
1008 3010 1152 3063 Deus
1208 3019 1390 3063 autem
1420 3050 1435 3073 ,
1480 3009 1770 3079 quiomnia
1826 3008 1976 3071 fecit,
2030 3016 2086 3062 et
2123 3009 2321 3063 coelum

2436 548 2530 601 καὶ
2558 550 2616 601 ού
2644 548 3060 618 μετατρέπομαι
3086 551 3193 604 ἀπὸ
3227 550 3328 619 τῆς
3357 551 3646 618 ὁμολογίας
3668 551 3895 621 ταύτης.
3940 554 3994 605 Ὀ

2429 635 2485 688 δὲ
2526 638 2879 707 Ἀγριππῖνος
2904 641 3007 709 ἔφη
3030 658 3042 671 ·
3078 642 3171 703 Τίς
3200 644 3349 704 ἐστιν,
3373 645 3399 695 ό
3437 643 3669 711 Χριστὸς
3704 643 3763 694 ὃν
3816 646 3881 696 σὺ
3914 644 3996 702 λέ-

2431 746 2581 796 γεις;
2616 732 2704 801 Μὴ
2736 732 2965 784 δύναταί
2999 749 3057 784 σε
3084 732 3357 799 ῥύσασθαι
3400 735 3463 787 ἐκ
3505 735 3613 786 τῶν
3645 735 3873 803 χειρῶν,
3924 736 3992 806 μὴ

2430 823 2625 876 θύοντα
2650 840 2664 889 ;
2694 823 2789 877 νῦν
2827 820 2917 878 οὖν
2965 826 3145 899 βούλει
3182 827 3367 889 κακῶς
3404 827 3718 882 ἀποθανεῖν.
3756 828 3993 882 Γίνωσκε

2429 914 2543 977 οὖν,
2575 917 2655 968 ὅτι
2684 918 2711 967 ὀ
2744 918 3082 985 σταυρωθεὶς
3114 918 3263 987 παρὰ
3287 919 3394 969 τῶν
3453 920 3727 971 Ἰουδαίων
3759 920 3823 970 ού
3846 920 3995 971 δύνα-

2428 1004 2517 1057 ταί
2545 1022 2603 1057 σε
2634 1006 2829 1065 σῶσαι,
2854 1008 2899 1057 εί
2931 1007 3025 1057 καὶ
3057 1007 3264 1076 σφόδρα
3297 1006 3521 1076 θαῤῥεῖς
3554 1011 3676 1069 ταῖς
3714 1010 3996 1075 γοητείαις

2430 1112 2544 1147 σου.
2582 1094 2705 1146 Ἐὰν
2740 1094 2795 1145 δὲ
2822 1095 2993 1165 θύσῃς
3024 1096 3101 1164 τῷ
3148 1095 3368 1165 μεγάλῳ
3405 1096 3511 1165 θεῷ
3562 1096 3867 1149 Ἀπόλλωνι
3904 1098 3997 1147 καὶ

2428 1186 2773 1256 θεραπεύσῃς
2803 1185 2964 1237 αὐτὸν
2996 1186 3083 1239 διὰ
3107 1187 3207 1256 τῆς
3237 1185 3426 1248 Θυσίας
3450 1203 3565 1250 σου,
3597 1185 3826 1249 δυνατός
3852 1187 3999 1238 ἐστιν

2426 1274 2533 1326 ἀπὸ
2553 1276 2648 1343 τῆς
2672 1275 3013 1343 κατεχούσης
3040 1292 3099 1328 σε
3130 1276 3332 1346 ταύτης
3362 1276 3554 1343 ὀδύνης
3577 1276 3671 1329 καὶ
3692 1275 3999 1344 κραϐϐατο-

2428 1365 2625 1433 πυρίας
2650 1367 2948 1431 ἐξελέσθαι.
2988 1367 3216 1421 Πλάτων
3244 1366 3396 1421 εἶπεν
3417 1385 3431 1398 ⁸
3463 1368 3537 1421 Οὐ
3568 1368 3682 1420 θύω
3717 1367 3847 1418 οὔτε
3882 1370 3993 1429 τοῖς

2430 1455 2637 1519 λοιποῖς
2681 1457 2844 1522 θεοῖς,
2882 1455 3005 1510 οὔτε
3040 1457 3407 1510 ”Δπό)λωνι·
3460 1461 3488 1511 ό
3536 1458 3645 1527 γὰρ
3692 1458 3994 1527 λεγόμενος

2439 1546 2711 1601 Ἀπόλλων
2738 1549 2985 1602 ἀπώλεια
3010 1550 3178 1611 ἐστιν,
3212 1549 3306 1602 καὶ
3338 1550 3539 1610 πάντες
3561 1548 3617 1599 δὲ
3646 1550 3694 1600 οί
3721 1550 3805 1609 είς
3829 1549 3995 1600 αὑτὸν

2428 1638 2801 1701 πιστεύοντες,
2851 1642 2915 1709 τῇ
2978 1640 3113 1710 αὐτῇ
3141 1639 3387 1711 ἀπωλείᾳ
3426 1637 3775 1692 ἀπολοῦνται.
3802 1638 3993 1699 Θέλεις

2427 1731 2483 1783 δὲ
2513 1730 2736 1798 γνῶναι,
2767 1732 2961 1798 ἀνόητε
3001 1733 3097 1783 καὶ
3137 1730 3625 1807 βαρυκάρδιεηκαὶ
3670 1730 3997 1799 φρεναπάτα

2430 1823 2524 1877 καὶ
2558 1822 2790 1891 λυμεὼν.
2827 1824 2908 1874 ὅτι
2959 1825 3059 1875 οὐκ
3085 1824 3194 1875 sic!
3233 1823 3345 1875 θεοὶ
3369 1825 3417 1875 οί
3440 1824 3527 1875 διὰ
3553 1823 3751 1893 χειρῶν
3781 1822 3994 1893 ἀνθρώ·

2429 1928 2544 1965 πων
2573 1913 2873 1981 γενόμενοι,
2904 1912 3037 1964 ἀλλὰ
3058 1912 3279 1981 χρυσὸς,
3300 1912 3395 1965 καὶ
3413 1913 3672 1982 ἄργυρος,
3703 1912 3797 1965 καὶ
3833 1911 3988 1975 ξύλα,

2427 2003 2522 2053 καὶ
2573 2001 2731 2068 λίθοι,
2784 2003 3208 2072 μεμορφωμένοι
3256 2002 3523 2064 ποικίλοις
3572 2002 3665 2053 καὶ
3702 2001 3991 2070 διαφόροις

2428 2090 2714 2161 χρώμασιν
2734 2110 2746 2122 ·
2809 2090 2858 2144 οἳ
2887 2091 3201 2160 ὀφθαλμοὺς
3239 2093 3422 2162 ἔχουσι
3454 2092 3550 2144 καὶ
3580 2092 3641 2144 οὐ
3677 2092 3992 2162 βλέπουσιν,

2427 2178 2537 2235 ὦτα
2596 2200 2780 2253 εχουσι
2826 2184 2920 2235 καὶ
2976 2183 3078 2235 οὐκ
3125 2183 3406 2247 ἀκούουσι,
3465 2185 3615 2253 ῥῖνας
3664 2182 3847 2252 ἔχουσι
3903 2183 3995 2235 καὶ

2427 2276 2526 2329 οὐκ
2579 2274 3064 2345 ὀσφρανθήσονται.
3113 2277 3301 2347 χεῖρας
3363 2274 3545 2343 ἔχουσι
3599 2275 3693 2329 καὶ
3770 2275 3834 2326 οὐ
3882 2274 3994 2343 ψη-

2426 2368 2747 2440 λαφήσουσι,
2812 2366 2979 2430 πόδας
3029 2365 3211 2438 ἔχουσι
3272 2368 3369 2419 καὶ
3427 2366 3487 2418 ού
3576 2367 3993 2436 περιπατήσου-

2427 2476 2479 2511 σι
2507 2474 2520 2487 ·
2584 2458 2678 2511 καὶ
2709 2455 2896 2519 ἁπλῶς
2951 2458 3142 2520 εἰπεῖν,
3188 2457 3323 2526 ἔργα
3356 2456 3555 2527 χειρῶν
3585 2456 3853 2526 τεχνιτῶν
3888 2457 3986 2509 καὶ

2434 2552 2745 2623 χρυσοχόων
2822 2551 2919 2604 καὶ
2977 2549 3280 2621 τορνευτῶν
3358 2550 3452 2601 καὶ
3508 2548 3767 2612 λιθοξόων
3827 2548 3991 2601 είσίν.

2426 2636 2582 2695 Οὗτοι
2613 2641 2742 2710 γὰρ,
2777 2639 2871 2702 οὓς
2896 2640 3073 2708 λέγεις
3100 2636 3240 2693 εἶναι
3272 2640 3451 2705 θεοὺς,
3476 2638 3666 2709 ὥσπερ
3685 2639 3897 2705 ἀγαθὸν
3931 2638 3996 2690 ού

2424 2731 2679 2786 δύνανται
2718 2734 2969 2801 ποιῆσαι,
3000 2731 3177 2796 οὕτως
3225 2731 3347 2795 ούρὲ
3381 2729 3581 2800 βλάψαι
3621 2730 3748 2792 τοὺς
3791 2728 3995 2796 φοϐου-

2426 2836 2620 2895 μενους
2651 2825 2741 2878 τὸν
2794 2825 2925 2878 Θεὸν
2967 2822 3249 2889 δύνανται,
3292 2823 3428 2877 ἀλλὰ
3475 2820 3802 2888 ἀναίσθητοί
3851 2822 3994 2874 εἰσιν

2421 2916 2595 2985 ὅμοιοι
2630 2916 2784 2986 ὑμῶν
2809 2916 2905 2969 καὶ
2939 2916 3039 2968 οὐκ
3070 2915 3420 2993 αἰσθάνονται
3441 2912 3566 2966 οὔτε
3600 2913 3792 2973 θυσίας
3818 2928 3995 2979 προσ-

2422 3005 2729 3073 φερομένης
2760 3002 2884 3055 οῠτε
2921 3007 3028 3073 μὴν
3067 3004 3263 3075 ἑτέρας
3295 3004 3439 3065 τινὸς
3481 3002 3805 3071 θεραπείας.
3852 3001 3910 3053 '0
3938 3001 3993 3053 δὲ

756 3104 1001 3158 extendit
1031 3114 1287 3176 tanquam
1324 3104 1543 3172 pellem,
1575 3110 1629 3154 et
1663 3109 1861 3156 terram
1892 3100 2322 3168 fundavitsuper

2426 3095 2604 3149 πάντα
2631 3097 2862 3165 ποιήσας
2881 3134 2897 3166 ,
2929 3098 3024 3149 καὶ
3052 3096 3143 3149 τὸν
3172 3094 3403 3165 οὐρανὸν
3430 3092 3670 3158 τανύσας
3705 3093 3847 3146 ὡσεὶ
3868 3093 3995 3160 δέρ-

756 3210 925 3265 aquas
964 3197 1006 3257 ⁵,
1054 3196 1144 3263 qui
1174 3204 1353 3265 p0test
1424 3194 1661 3247 auimam
1691 3202 1748 3248 et
1787 3206 1986 3262 corpus
2017 3191 2319 3262 perderein

755 3288 1004 3356 gehenna
1033 3287 1052 3318 ⁸
1094 3303 1110 3341 :
1152 3286 1267 3357 ipse
1307 3287 1362 3340 in
1416 3300 1607 3345 omnes
1654 3286 1993 3341 dominatum
2044 3283 2319 3350 obtinens,

754 3381 1040 3437 rationalia
1063 3390 1117 3433 et
1156 3380 1445 3433 incruenta
1493 3377 1719 3448 suscipit
1760 3378 2052 3441 sacriﬁcia,
2086 3390 2206 3446 quae
2246 3390 2314 3429 ex

752 3488 894 3545 puro
915 3472 1082 3527 corde
1113 3471 1162 3525 ei
1187 3471 1529 3525 oll‘eruntur:
1558 3478 1614 3524 et
1647 3469 1918 3538 quomodo
1945 3483 2053 3525 non
2100 3478 2184 3523 est
2224 3467 2324 3521 ab-

755 3564 1003 3628 surdum,
1035 3571 1093 3616 ut
1117 3577 1221 3616 nos
1254 3561 1449 3616 relicto
1470 3559 1725 3615 eﬂ‘eetore
1779 3559 2184 3623 universorum,
2230 3572 2321 3611 sa-

754 3652 1061 3708 criﬁcemus
1080 3652 1240 3722 lignis
1264 3659 1318 3705 et
1343 3649 1612 3718 lapidibus
1637 3648 1847 3703 ratione
1877 3648 2211 3712 carentibus,
2229 3646 2321 3717 qui

755 3741 925 3797 creati
956 3755 1147 3795 sumus
1181 3740 1246 3794 ad
1280 3740 1374 3793 Dcl
1412 3736 1740 3810 imaginem?

824 3915 918 3971 ιχ.
957 3915 1093 3971 Dicit
1139 3914 1464 3983 Agrippinus
1493 3927 1507 3969 :
1538 3911 1789 3968 Miserere
1815 3912 1892 3965 tui
1931 3912 1999 3966 de
2036 3921 2255 3977 cetero,
2289 3927 2323 3967 0
2370 3916 2376 3923 ”

755 4009 950 4073 miser;
980 4016 1033 4061 et
1061 4006 1105 4061 si
1130 4006 1268 4061 nolis
1287 4003 1613 4071 sacriﬁcare,
1640 4004 1730 4059 die
1761 4003 1933 4059 solum
1963 4021 1978 4059 :
2003 4003 2222 4075 Magnus
2244 4012 2326 4060 est

753 4099 967 4171 Apollo,
1000 4106 1055 4153 et
1078 4098 1281 4167 jubebo
1316 4105 1367 4151 te
1383 4096 1584 4150 auferri
1619 4096 1685 4150 ab
1720 4097 1822 4149 hoc
1843 4097 1994 4163 gravi
2020 4097 2184 4166 ignis.
2216 4112 2324 4167 quo

755 4190 994 4256 vexaris,
1020 4188 1288 4253 cruciatu,
1327 4185 1525 4256 abique
1558 4197 1753 4259 sospes
1783 4194 1840 4239 et
1871 4194 2061 4239 noster
2090 4186 2321 4246 amicus.

757 4281 994 4337 Sanctus
1022 4288 1201 4333 autem
1228 4276 1365 4332 dixit
1393 4277 1543 4331 Plato
1572 4294 1585 4333 :
1619 4277 1796 4342 Absit,
1846 4286 1906 4331 ut
1930 4292 2027 4347 ego
2079 4277 2154 4333 ita
2216 4279 2323 4335 mei

756 4376 1038 4436 miserear,
1055 4381 1113 4427 ut
1128 4384 1248 4423 meo
1258 4382 1483 4439 parcens
1496 4369 1729 4436 corpori,
1752 4376 1807 4419 et
1820 4382 1981 4435 parva
2000 4367 2239 4435 accepta,
2265 4375 2327 4422 ut

2425 3188 2510 3256 ριν
2542 3187 2633 3239 καὶ
2671 3187 2769 3257 τὴν
2817 3188 2923 3255 γῆν
2954 3186 3291 3256 θεμελιώσας
3328 3186 3422 3239 ἐπὶ
3469 3185 3579 3237 τῶν
3628 3184 3868 3243 ὑδάτων,
3904 3183 3993 3235 δυ-

2423 3280 2654 3348 νάμενος
2687 3278 2780 3331 καὶ
2819 3279 2918 3344 τὴν
2972 3278 3149 3346 ψυχὴν
3196 3276 3291 3328 καὶ
3318 3276 3379 3327 τὸ
3422 3274 3584 3341 σῶμα
3615 3273 3887 3326 ἀπολέσαι
3934 3274 3993 3323 ἑν

2422 3370 2488 3439 τῇ
2518 3368 2731 3439 γεέννῃ,
2770 3366 2930 3428 αὐτὸς
2990 3365 3273 3428 δεσπόζων
3323 3364 3564 3430 πάντων,
3622 3359 3993 3431 προσδέχεται

2423 3462 2521 3521 τὰς
2551 3459 2772 3527 λογικὰς
2798 3455 2988 3519 θυσίας
3011 3457 3107 3509 καὶ
3135 3454 3526 3525 ἀναιμάκτους,
3556 3452 3655 3514 τὰς
3677 3450 3788 3504 ἀπὸ
3821 3449 3993 3504 καθα·

2426 3553 2525 3625 ρᾶς
2577 3538 2799 3621 καρδίας
2846 3548 3297 3621 προσφερομένας
3341 3547 3436 3600 καὶ
3470 3545 3584 3605 πῶς
3634 3543 3737 3595 οὐκ
3784 3541 3989 3597 ἄτοπόν

2424 3644 2570 3696 ἔστιν
2614 3640 3045 3709 καταλείψαντας
3078 3640 3223 3709 ἡμᾶς
3258 3636 3350 3691 τὸν
3389 3636 3497 3689 τῶν
3549 3635 3686 3687 ὅλων
3722 3633 3988 3701 ποιητὴν,

2426 3731 2602 3802 ξύλοις
2630 3732 2721 3785 καί
2747 3730 2915 3792 λίθοις
2941 3728 3156 3796 ἀλόγοις
3187 3725 3337 3781 θύειν
3362 3725 3395 3797 ἢ
3418 3722 3666 3779 σπένδειν
3701 3722 3837 3784 τοὺς
3870 3719 3989 3773 κατ’

2423 3826 2608 3879 είκόνα
2638 3822 2956 3885 κτισθέντας
2998 3819 3131 3874 Θεοῦ
3156 3837 3170 3886 ;
3878 3818 3881 3819 ν

2495 3916 2573 3972 Θ’.
2619 3916 2679 3971 ’0
2727 3916 2783 3969 δὲ
2846 3916 3201 3985 Ἀγριππῖνος
3248 3911 3381 3983 ἔφη·
3411 3911 3693 3977 Οῖκτειρον
3753 3905 3984 3961 σεαυτὸν

2423 4011 2631 4075 λοιπὸν,
2697 4006 2996 4077 τρισάθλιε,
3034 4005 3149 4071 καὶ,
3185 4004 3235 4055 εί
3298 4000 3373 4070 μὴ
3412 4000 3585 4061 θέλεις
3622 3997 3815 4061 θύσας,
3873 3997 3990 4049 sit!

2428 4102 2588 4173 μόνον
2615 4118 2629 4131 ο
2660 4100 2856 4169 Μέγας
2903 4098 2930 4150 ὁ
2982 4095 3288 4158 Ἀπόλλων,
3323 4093 3416 4147 καὶ
3462 4088 3705 4145 κελεύσω
3765 4088 3825 4141 σε
3856 4105 3988 4142 κατ·

2425 4191 2716 4265 ενεχθῆναι
2743 4189 2853 4244 ἀπὸ
2884 4189 2982 4257 τῆς
3012 4185 3354 4257 κατεχούσης
3385 4200 3444 4238 σε
3476 4181 3658 4250 δεινῆς
3687 4179 3786 4232 τοῦ
3823 4178 3989 4250 πυρδς

2427 4285 2725 4347 κολάσεως,
2769 4279 3090 4335 atati-news
3120 4276 3381 4344 ὑγιαίνων
3425 4272 3515 4325 καὶ
3537 4270 3691 4338 φίλος
3728 4270 3990 4337 ὑπάρχων

2426 4374 2717 4443 ἡμέτερος.
2759 4370 2985 4423 Πλάτων
3026 4364 3179 4421 εἶπεν
3205 4382 3219 4395 ’
3279 4354 3369 4435 Μὴ
3417 4361 3628 4431 γένοιτό
3668 4376 3765 4431 μοι
3820 4358 3989 4420 οὕτως

758 4473 816 4518 tu
838 4476 1049 4524 censes,
1067 4460 1422 4523 relaxatione,
1455 4474 1574 4512 cum
1593 4459 1771 4511 anima
1800 4457 1988 4512 vadatn
2016 4457 2083 4512 ad
2107 4458 2323 4529 gehen-

2428 4464 2622 4519 ἑαυτὸν
2675 4462 2924 4533 ἐλεῆσαι,
2967 4459 3055 4513 ἴνα
3100 4455 3418 4529 φειδόμενός
3462 4470 3561 4524 μου
3605 4449 3703 4505 τοῦ
3736 4450 3989 4521 σώματος

756 4569 883 4607 nam
922 4552 1082 4622 ignis.
1121 4552 1256 4607 Dixit
1283 4550 1639 4620 Agrippinus:
1676 4549 1843 4605 Recte
1874 4549 2031 4616 facis,
2058 4550 2325 4605 infelicis-

2425 4557 2521 4610 καὶ
2568 4553 2772 4620 ὀλίγον,
2807 4553 2882 4614 ὡς
2932 4551 2996 4605 σὺ
3040 4548 3304 4619 νομίζεις,
3343 4548 3528 4603 ἄνεσιν
3556 4542 3740 4596 λαϐὼν
3789 4544 3889 4595 σὺν
3931 4542 3993 4610 τῇ

756 4644 912 4707 sime,
934 4642 1030 4696 tibi
1058 4651 1285 4695 mortem
1316 4641 1569 4706 all‘erens,
1595 4648 1647 4694 te
1678 4640 1777 4694 hac
1798 4640 2116 4695 suavissima
2142 4641 2326 4698 volens

2425 4646 2566 4715 ψυχῇ
2596 4644 2822 4712 ἐμπέσω
2850 4645 2931 4703 είς
2981 4640 3078 4715 τὴν
3105 4641 3351 4706 γέενναν.
3406 4637 3467 4697 Ὀ
3516 4635 3572 4686 δὲ
3632 4635 3989 4701 Ἀγριππῖνος

758 4732 878 4784 luce
908 4730 1142 4798 privare.
1174 4730 1319 4782 Dixit
1350 4727 1539 4783 Plato:
1595 4727 1699 4783 Pro
1757 4728 1973 4783 Christo
1999 4729 2155 4795 mori,
2195 4745 2326 4785 conv

2427 4737 2566 4808 ἔφη’
2601 4735 2818 4799 Καλῶς,
2878 4732 3314 4803 δυστυχέστατε,
3364 4727 3595 4783 θάνατον
3655 4724 3848 4795 ἑαυτῷ
3905 4725 3983 4775 tu

755 4822 909 4878 cillat
957 4821 1089 4875 mihi
1160 4836 1385 4891 regnum
1454 4820 1712 4877 cmlorum
1744 4839 1758 4888 ;
1795 4837 1902 4876 non
1976 4823 2107 4879 mihi
2144 4832 2325 4877 autem

2424 4828 2601 4898 ἄγεις,
2632 4826 2953 4898 βουλόμενος
2979 4824 3173 4879 ἑαυτὸν
3211 4822 3456 4892 στερίσαι
3479 4816 3571 4873 τοῦ
3606 4817 3839 4886 ἡδίστου
3881 4833 3988 4881 φω·

755 4913 957 4977 solum,
985 4912 1080 4967 sed
1121 4913 1284 4966 etiam
1314 4912 1593 4973 omnibus,
1627 4914 1721 4982 qui
1755 4914 1932 4983 ipsum
1967 4915 2180 4969 timent.
2214 4916 2320 4984 Ego

2423 4918 2525 4978 τός.
2573 4916 2629 4967 Ὀ
2654 4914 2811 4983 ἆγιος
2839 4913 3061 4965 Πλάτων
3088 4909 3243 4963 εἶπεν
3270 4928 3284 4941 ο
3320 4908 3392 4960 Τὸ
3424 4907 3567 4976 ὑπὲρ
3594 4903 3843 4974 Χριστοῦ
3868 4905 3989 4956 ἀπο

759 5014 892 5056 vero
918 5001 1011 5054 tibi
1044 5001 1187 5064 dico,
1217 5001 1360 5069 quod
1397 5016 1503 5054 non
1532 5010 1762 5071 possunt
1790 5004 2026 5067 vincere,
2070 5008 2162 5071 qui
2196 5017 2317 5057 cum

2423 5002 2595 5056 θανεῖν
2637 5002 2923 5073 βασιλείαν
2974 4999 3224 5071 οὐρανῶν
3258 4998 3512 5070 προξενεῖ
3565 5013 3684 5065 μοι,
3734 4995 3839 5047 οὐχ
3865 4985 3987 5064 ἐμοὶ

758 5092 871 5147 Deo
893 5100 1161 5145 conantur
1200 5092 1399 5145 bellum
1460 5107 1665 5161 gerere,
1728 5103 1783 5147 et
1808 5094 2026 5162 pietatis
2085 5094 2319 5148 athletas

2423 5095 2599 5163 μόνον,
2629 5093 2764 5147 ἀλλὰ
2784 5094 2877 5145 καὶ
2908 5095 3072 5146 πᾶσιν
3099 5094 3212 5155 τοῖς
3234 5090 3597 5159 φοϐουμένοις
3646 5086 3837 5140 αὐτόν.
3859 5082 4000 5149 Ἐγὼ

759 5183 991 5239 diversis
1016 5183 1300 5237 tormentis
1322 5184 1621 5253 subjiciunt
1656 5202 1669 5237 :
1696 5185 1966 5253 quomodo
2006 5200 2195 5239 rursus
2218 5201 2321 5240 nec

2424 5187 2481 5241 δέ
2515 5204 2597 5238 σοι
2631 5167 2792 5252 ’λέγω
2817 5188 2899 5238 ὅτι
2946 5186 3005 5236 ού
3045 5184 3300 5237 δύνανται
3352 5179 3573 5249 νικῆσαι
3608 5178 3810 5240 οἵτινες
3846 5174 3987 5245 μάχῃ

758 5275 849 5345 qui
872 5273 1147 5328 Christum
1170 5275 1372 5327 habent
1400 5290 1556 5343 opem
1576 5276 1872 5343 ferentem,
1897 5288 2122 5344 possunt
2152 5278 2321 5332 malos

2423 5276 2717 5347 πειρῶνται
2747 5278 2907 5345 νικᾷν
2945 5276 3072 5338 τοὺς
3104 5276 3202 5343 τῆς
3256 5271 3540 5335 εὐσεϐείας
3584 5268 3851 5338 ἀθλητὰς,
3894 5266 3985 5318 κᾶν

760 5365 1012 5421 homines
1045 5374 1098 5417 et
1125 5364 1233 5419 Deo
1286 5366 1490 5421 invisos
1516 5368 1731 5421 vincere
1782 5376 2003 5439 propter
2054 5368 2317 5438 insignem

2423 5368 2675 5435 βασάνοις
2713 5367 2994 5437 διαφόροις
3037 5365 3438 5430 ύποϐἀλλωσιν,
3492 5363 3686 5432 ὥσπερ
3738 5362 3907 5414 πάλιν
3943 5359 3995 5411 of

758 5472 946 5511 eorum
974 5455 1257 5509 malitiam.
1311 5454 1671 5520 Quamobrem
1725 5458 1847 5513 dico
1912 5460 2029 5526 tibi,
2069 5471 2317 5531 tyranne,

2423 5460 2650 5529 Χριστὸν
2680 5462 3027 5530 ὲπαμύνοντα
3054 5459 3270 5529 ἔχοντες
3297 5457 3555 5512 νικᾶσθαι
3588 5458 3703 5521 τοῖς
3731 5455 3984 5531 πονηροῖς

760 5549 903 5618 quod
932 5562 1103 5617 neque
1135 5548 1265 5614 vita,
1291 5564 1463 5619 neque
1494 5565 1657 5616 mors,
1683 5567 1857 5619 neque
1882 5552 2111 5621 gladius,
2143 5568 2317 5623 neque

2423 5540 2645 5621 ἀνδράσι
2693 5553 2787 5605 καὶ
2828 5552 3100 5621 μισοθέοις
3135 5555 3192 5607 ού
3247 5552 3521 5609 δύνανται.
3579 5553 3670 5605 Διὸ
3724 5554 3873 5621 λέγω
3907 5567 3987 5607 σοι

867 5728 886 5760 ⁸
921 5729 1061 5788 Psal.
1100 5746 1245 5801 cxttt,
1288 5735 1399 5788 5.7.

1512 5737 1530 5767 ⁸
1567 5734 1704 5793 Psal.
1731 5748 1839 5801 xui,
1870 5739 1923 5802 3,
1961 5736 2011 5790 5.
2124 5739 2142 5769 ⁸
2173 5739 2357 5796 Matth.
2398 5756 2449 5806 χ,
2478 5740 2564 5796 ‘28.
