4188 6310
201 362 311 425 413

1469 366 1643 427 νιΤΑ
1686 365 1744 424 S.
1788 364 2171 427 PLATONIS.

3321 363 3423 426 4H

192 474 315 529 οὔτε
350 474 485 544 ζωὴ,
520 475 640 529 οὔτε
674 476 922 544 θάνατος,
956 477 1076 531 οὔτε
1121 478 1384 549 μάχαιρα,
1421 479 1544 531 οὔτε
1574 478 1751 548 λιμὸς,

1857 478 2041 543 fames,
2100 493 2276 548 neque
2307 479 2627 548 periculum,
2686 494 2863 548 neque
2923 477 3173 540 altitudo,
3247 494 3422 546 neque

189 566 316 620 οὔτε
336 568 598 631 κίνδυνος,
630 569 752 621 οὔτε
780 571 1004 640 ’ύψωμα,
1030 570 1153 622 οὔτε
1176 570 1360 639 βάθος,
1393 570 1517 623 οὔτε
1541 589 1625 633 τις
1646 573 1754 629 κτί-

192 675 279 721 σις
309 660 471 727 ἑτέρα
504 661 726 730 χωρίσει
758 679 825 730 με
850 664 958 715 ἀπὸ
987 662 1083 730 τῆς
1108 662 1329 731 ἀγάπης
1356 663 1449 715 τοῦ
1489 664 1625 716 Θεοῦ
1657 664 1754 732 τῆς

189 750 247 800 ἐν
273 750 493 819 Χριστῷ
524 752 600 819 τῷ
630 754 815 823 Κυρίῳ
842 755 1016 823 ἡμῶν,
1048 755 1252 807 Τούτου
1273 756 1432 825 χάριν
1467 756 1753 825 πεισθῆναί

191 855 283 907 μοι
317 841 549 907 ὀφείλεις
585 845 1047 913 ἐπαγγελλομένῳ
1074 863 1156 899 σοι
1194 847 1255 899 ού
1291 847 1548 915 φθαρτῶν
1580 864 1749 900 τινων

188 931 535 998 πραγμάτων
568 934 658 985 καὶ
692 934 907 1003 σαθρῶν
939 935 1261 999 ἀπόλαυσιν,
1298 936 1433 988 ἀλλὰ
1476 936 1753 1005 βασιλείαν

186 1020 456 1091 οὐρανῶν,
490 1025 554 1093 ῆν
577 1024 623 1075 οί
645 1026 724 1085 εἰς
750 1025 839 1077 τὸν
872 1028 1110 1097 Χριστὸν
1138 1028 1564 1098 ἐπιστρέφοντες
1598 1030 1753 1098 ἐχου-

188 1127 298 1174 σιν,
346 1111 467 1163 ὅθεν
506 1114 717 1183 ἀπέδρα
756 1116 914 1185 ὀδύνη
962 1120 1057 1169 καὶ
1101 1118 1245 1187 λύπη
1282 1119 1377 1171 καὶ
1419 1121 1750 1189 στεναγμός.

187 1197 520 1252 Ματαίωσον
569 1204 750 1256 τοίνυν
812 1208 912 1272 τὴν
968 1206 1156 1260 ἐλπίδα
1212 1209 1305 1260 τοῦ
1360 1208 1631 1275 διαόόλου,
1686 1212 1752 1282 ἢν

188 1290 332 1357 ἔχεις
365 1290 455 1343 ἐπὶ
482 1292 589 1357 σοὶ,
618 1294 711 1346 καὶ
740 1297 1006 1365 άπόστηθι
1028 1299 1135 1352 άπὸ
1163 1300 1264 1369 τῆς
1286 1301 1482 1369 μανίας
1504 1304 1711 1373 ταύτης
1734 1320 1747 1333 ·

186 1380 287 1431 καὶ
310 1381 598 1435 ἀναλαὸὼν
631 1385 689 1437 τὸ
722 1386 940 1453 λογικὸν
984 1390 1227 1461 ἀξίωμα,
1260 1391 1431 1459 γνῶθι
1472 1394 1557 1457 τίς
1594 1392 1753 1448 ’ἔστιν

186 1476 217 1523 ὁ
247 1473 396 1545 πάσῃ
422 1478 583 1547 σαρκὶ
625 1478 770 1549 ζωὴν
813 1483 1201 1552 χαριζόμενος.
1249 1485 1407 1538 Οὕτω
1446 1486 1557 1558 γὰρ
1598 1488 1751 1541 ἔσται

188 1564 509 1635 θαυμαστὸς
553 1572 873 1639 μετατεθεὶς
924 1574 1032 1627 ἀπὸ
1085 1578 1181 1644 τῆς
1230 1578 1497 1648 πονηρίας
1552 1578 1754 1648 ταύτης

185 1660 280 1709 καὶ
315 1658 700 1729 ψυχοςρθάρτου
726 1663 957 1735 πλάνης.
988 1666 1217 1735 Δέχεται
1249 1670 1359 1736 γὰρ
1407 1669 1536 1730 τοὺς
1582 1685 1752 1737 μετα·

184 1747 449 1811 νοοῦντας
479 1752 507 1801 ό
553 1750 761 1818 Κύριος
788 1753 821 1803 ό
860 1752 1092 1818 πάντας
1132 1753 1321 1808 θέλων
1353 1756 1618 1823 σωθῆναι
1654 1756 1750 1810 καί

181 1837 273 1901 εις
304 1836 627 1904 ἐπίγνωσιν
662 1840 947 1907 ἀληθείας
967 1843 1184 1909 ἐλθεῖν,
1210 1848 1243 1898 ὁ
1270 1846 1355 1913 μὴ
1372 1846 1753 1914 ,βουλόμενος

182 1927 295 1978 τὸν
316 1925 575 1981 θάνατον
598 1930 705 1983 τοῦ
754 1927 1105 2001 άμαρτώλοῦ
1149 1936 1229 1999 ὡς
1271 1936 1338 1988 τὸ
1398 1938 1753 2007 ἐπιστρέψαι

182 2021 281 2075 καί
308 2019 414 2100 ζῆν
440 2023 643 2077 αὐτόν.

260 2195 319 2248 ι’.
374 2195 431 2250 Ὀ
457 2196 511 2249 δὲ
554 2198 912 2267 Ἀγριππῖνος
940 2202 1117 2257 ταῦτα
1142 2204 1383 2268 ἀκούσας
1414 2206 1516 2274 ἔφη
1536 2223 1549 2237 ·
1588 2208 1750 2259 Ἀπο-

183 2288 505 2357 νενοημὲνε,
543 2291 641 2342 καὶ
674 2292 782 2344 τῶν
822 2293 959 2347 θεῶν
1000 2296 1281 2365 ἀλλότριε,
1313 2298 1406 2349 καὶ
1440 2298 1547 2349 τῶν
1595 2299 1750 2350 αύτο-

184 2379 468 2448 κρατὸρων
492 2381 668 2451 ἐχθρὲ,
692 2384 784 2436 καὶ
807 2384 915 2437 τῶν
954 2387 1132 2453 νόμων
1164 2390 1272 2443 τῶν
1293 2389 1587 2457 βασιλικῶν
1618 2391 1751 2445 καθ-

181 2470 416 2539 αιρέτα,
487 2474 567 2536 είς
625 2476 899 2547 τοσαύτην
956 2482 1159 2547 μανίαν
1208 2479 1393 2554 ἦλθες,
1463 2484 1605 2537 ὥστε
1659 2488 1753 2539 καὶ

186 2562 383 2632 μέχρις
402 2564 538 2635 ἐμοῦ
566 2567 807 2621 ἐκτεῖναι
838 2571 933 2642 τὴν
962 2573 1170 2644 πλάνην
1194 2592 1288 2627 σου
1320 2577 1418 2630 καὶ
1448 2578 1749 2647 πειρᾶσθαι

180 2655 297 2707 ἀπὸ
332 2655 432 2725 τῆς
477 2656 587 2711 τῶν
632 2659 772 2713 θεῶν
830 2663 1118 2732 εὐμενείας
1177 2668 1489 2737 ἀποστῆσαί
1548 2686 1615 2739 με
1659 2669 1751 2724 καὶ

186 2749 529 2812 μεταγαγεῖν
551 2750 633 2812 είς
667 2750 764 2819 τὴν
801 2753 894 2805 τοῦ
955 2757 1377 2827 ἐσταυρωμένον
1410 2760 1745 2830 θρησκείαν;

185 2835 411 2891 Πλάτων
440 2832 592 2891 εἶπεν
616 2856 629 2869 ·
682 2842 812 2904 Ταῖς
853 2845 1017 2913 ἐμαῖς
1042 2846 1102 2897 ού
1144 2848 1306 2920 πείθῃ
1337 2852 1748 2919 παραινέσεσιν,

180 2923 332 2999 ἀλλὰΔ
350 2927 647 2993 ἀποκαλεῖς
694 2948 759 3001 με
798 2932 976 2986 ταῦτα
1011 2936 1326 3003 τυγχάνειν,
1372 2939 1563 3011 ἐπειδὴ
1596 2942 1749 2993 ἐνου-

182 3016 391 3085 θέτησά
418 3036 475 3071 σε
510 3022 606 3074 καὶ
636 3024 698 3074 τὸ
733 3026 1013 3095 συμφέρον
1041 3043 1123 3079 σοι
1148 3027 1571 3089 συνεϐούλευσα.
1600 3031 1750 3102 Πλὴν

1855 570 2204 639 profundum.
2262 586 2438 640 neque
2505 571 2609 628 ulla
2673 571 2773 623 alia
2840 587 2926 625 res
2990 580 3172 624 creata
3246 580 3424 639 potest

1855 679 1952 718 nos
1998 655 2246 732 separare
2295 679 2324 717 a
2362 664 2625 717 cltaritate
2682 662 2795 727 Dei,
2856 678 2973 730 qua:
3014 673 3096 715 cst
3152 662 3205 715 in
3260 662 3423 715 Chri-

1855 764 1941 810 sto
2000 754 2126 810 Jesu
2190 755 2419 809 Domino
2483 754 2718 808 nostro7
2860 752 2931 805 Ea
3009 753 3075 805 de
3150 768 3306 805 causa
3364 761 3419 805 tu

1853 848 2022 918 magis
2053 848 2216 901 debes
2246 848 2374 899 mihi
2401 861 2610 914 parere,
2644 845 2918 913 pollicenti
2959 843 3095 904 fore,
3135 852 3193 896 ut
3220 841 3419 895 fruaris

1854 953 1962 989 non
2027 937 2189 991 rebus
2233 936 2502 1006 aliquibus
2550 936 2789 996 caducis,
2868 943 2922 987 et
2974 934 3027 987 in
3085 948 3220 1000 quas
3273 933 3421 986 cadit

1853 1031 2122 1093 interitus,
2178 1029 2270 1082 sed
2324 1043 2489 1097 regno
2553 1028 2816 1081 caelorum
2881 1035 2936 1079 et
2995 1024 3103 1078 vita
3163 1034 3419 1077 atterna:

1852 1136 2013 1189 quam
2048 1120 2271 1183 habent,
2330 1120 2421 1186 qui
2473 1120 2538 1172 ad
2586 1119 2760 1188 ipsum
2807 1123 3232 1179 convertuntur;
3276 1114 3420 1167 unde

1850 1212 2059 1281 aufugit
2115 1212 2288 1276 dolor,
2341 1210 2559 1265 tristitia
2634 1220 2688 1264 et
2771 1209 3011 1279 gemitus
3034 1208 3077 1261 ⁸.
3128 1206 3235 1262 Fac
3288 1222 3415 1275 ergo

1852 1307 1913 1352 ut
1944 1314 2078 1351 vana
2116 1298 2186 1352 sit
2215 1313 2543 1366 spes,quam
2592 1298 2646 1351 in
2708 1307 2757 1351 te
2822 1297 2984 1351 liabet
3030 1296 3298 1359 diabolus,
3365 1305 3420 1351 et

1854 1388 2071 1443 discede
2106 1389 2172 1443 ab
2205 1388 2307 1441 hac
2346 1390 2576 1453 insania,
2605 1398 2659 1443 et
2687 1388 2935 1442 rationali
2962 1398 3177 1454 accepta
3237 1388 3422 1456 digni-

1857 1489 1981 1541 tate,
2011 1494 2276 1550 c0gnosce
2298 1478 2543 1547 quisnam
2603 1480 2673 1533 sit
2739 1480 2829 1547 qui
2863 1479 3010 1532 omni
3063 1480 3213 1532 carni
3254 1479 3415 1532 vitam

1855 1571 2099 1641 largitur.
2132 1570 2221 1625 Sic
2244 1572 2388 1624 enim
2415 1571 2523 1623 eris
2540 1570 2897 1631 admirabilis,
2934 1570 3215 1625 traductus
3233 1570 3301 1623 ab
3320 1570 3422 1647 hac

1854 1663 2203 1730 improbitate
2231 1671 2285 1717 et
2317 1664 2385 1715 ab
2417 1676 2623 1726 errore,
2643 1662 2735 1731 qui
2766 1660 2926 1715 adert
2960 1662 3154 1716 anima
3170 1660 3421 1713 exitium.

1854 1755 1962 1808 Eos
2021 1753 2164 1807 enim
2245 1752 2467 1821 excipit,
2548 1751 2641 1820 qni
2724 1761 3014 1805 moventur
3082 1750 3420 1821 paenitentia,

1854 1845 2114 1902 Dominus
2157 1852 2343 1897 noster
2404 1842 2559 1898 Jesus
2611 1841 2877 1906 Christus,
2942 1846 3027 1911 qui
3072 1841 3181 1894 vult
3246 1856 3423 1893 omnes

1828 1938 2085 1997 ,homiues
2112 1936 2285 1988 salvos
2313 1936 2450 2003 ﬁeri,
2495 1944 2543 1987 et
2575 1935 2747 1988 venire
2776 1934 2844 1987 ad
2876 1935 3195 2001 agnitionem
3230 1933 3422 1985 verita-

1854 2029 1919 2082 tis
1948 2029 2005 2091 ’;
2043 2028 2132 2094 qui
2157 2042 2257 2078 non
2284 2027 2391 2079 vnit
2431 2034 2651 2078 mortem
2682 2026 2965 2089 peccatoris
2998 2034 3046 2077 et
3101 2024 3270 2093 impii,
3330 2022 3420 2076 sed

1852 2128 1907 2171 ut
1942 2124 2275 2171 convertatur
2305 2126 2351 2169 et
2377 2119 2508 2169 vivat
2538 2116 2603 2177 ιο,
2637 2116 2830 2169 ductus
2860 2115 3202 2184 pmnitentia.

1920 2208 1986 2264 Χ.
2023 2209 2349 2278 Agrippinus
2370 2216 2572 2271 autem,
2604 2205 2686 2261 his
2711 2207 2932 2270 auditis,
2957 2206 3141 2259 furore
3183 2207 3423 2274 percitus

1851 2294 2030 2349 dixit:
2092 2294 2505 2357 Amentissime,
2563 2302 2618 2347 et
2648 2309 2677 2346 a
2719 2294 2823 2347 diis
2860 2294 3056 2355 aliene,
3107 2302 3163 2347 et
3203 2294 3420 2349 inimice

1851 2385 2263 2453 imperatorum,
2294 2392 2349 2437 ct
2398 2384 2575 2451 legum
2639 2398 2863 2437 eversor
2922 2383 3422 2451 imperatoriarum,

1850 2474 2089 2546 eousque
2118 2476 2431 2544 processisti
2464 2474 2687 2529 insanire
2743 2484 2795 2528 et
2825 2475 3099 2539 amentiae,
3140 2483 3197 2528 ut
3226 2475 3290 2529 ad
3331 2490 3419 2531 me

1850 2583 2020 2636 usque
2052 2577 2201 2620 tuum
2232 2582 2472 2621 errorem
2499 2568 2843 2632 extenderes,
2878 2571 2933 2622 et
2984 2583 3070 2622 me
3130 2582 3159 2622 a
3188 2568 3414 2623 deorum

1850 2658 2223 2713 benevolentia
2248 2659 2527 2713 conareris
2563 2658 2859 2724 abducere,
2920 2668 2975 2714 et
2999 2661 3065 2715 ad
3093 2659 3416 2731 religionem

1849 2748 2104 2803 Crucilisi
2138 2750 2420 2803 traducere
2452 2750 2474 2802 ?
2501 2750 2642 2803 Dixit
2675 2760 2898 2805 sanctus
2930 2751 3083 2806 Plato
3114 2771 3126 2807 :
3158 2752 3280 2806 Scio
3298 2768 3417 2821 ego.

1855 2855 1888 2894 ο
1926 2849 2171 2909 tyranne,
2198 2840 2340 2909 quod
2370 2849 2430 2893 tu
2460 2854 2572 2893 non
2629 2855 2786 2909 pares
2824 2842 2961 2894 meis
3029 2841 3418 2897 admonitioni-

1853 2932 1950 2986 bus
1999 2948 2012 2985 :
2082 2932 2175 2985 sed
2204 2947 2288 2985 me
2346 2947 2505 2987 vocas
2560 2931 2782 3001 planum
2829 2939 2885 2986 et
2950 2933 3416 3004 praestigiatorem,

1851 3022 1995 3091 quod
2023 3022 2239 3091 quidem
2273 3035 2331 3076 tu
2358 3038 2416 3076 es
2444 3041 2456 3075 :
2489 3024 2743 3089 quoniam
2793 3034 2843 3078 te
2878 3025 3134 3080 admonui
3193 3034 3249 3080 et
3290 3041 3420 3079 con-

180 3108 281 3157 καὶ
309 3106 481 3171 οὕτως
523 3112 773 3180 μέμνησό
803 3132 928 3182 μου,
952 3118 1040 3169 ὅτε
1062 3120 1200 3186 ἥξει,
1231 3122 1447 3189 καιρὸς,
1477 3122 1566 3175 ὅτε
1609 3122 1749 3191 μετὰ

1852 3113 1993 3168 sului
2024 3114 2073 3167 id
2106 3114 2249 3181 quod
2272 3122 2357 3168 est
2387 3112 2482 3167 tibi
2517 3116 2668 3169 utile.
2702 3116 2970 3169 Caeterum
2999 3117 3076 3169 sic
3118 3117 3224 3170 mei
3277 3131 3417 3185 quo-

179 3196 437 3269 δακρύων
466 3201 861 3275 ἀναμνησθήσῃ
889 3223 989 3275 μου
1016 3208 1113 3275 τῆς
1144 3210 1430 3276 νουθεσίας
1476 3216 1571 3267 καὶ
1599 3216 1749 3269 οὐδὲν

181 3291 518 3362 ὠφελήσεις,
591 3294 727 3349 ἀλλὰ
807 3297 989 3368 βυθοῖς
1042 3301 1342 3372 Ταρτάρων
1396 3304 1746 3373 παραδοθεὶς,

182 3380 463 3454 ἁπελεύσῃ
494 3385 576 3446 είς
626 3386 853 3439 αίωνίαν
911 3390 1153 3445 κόλασιν.
1186 3392 1336 3446 Ποίει
1365 3392 1457 3447 οὖν
1483 3394 1509 3446 ὃ
1540 3395 1708 3458 θέλεις
1731 3412 1746 3429 ο

180 3471 443 3541 τοὺς”γάρ
487 3474 586 3539 τῆς
646 3478 879 3547 καρδίας
922 3497 1016 3533 σου
1053 3482 1367 3551 ὀφθαλμοὺς
1406 3484 1578 3548 οὕτως
1616 3486 1751 3540 ἐτύ-

184 3561 404 3652 φλωσεν
426 3564 453 3613 ό
481 3561 749 3652 διάόολος,
782 3565 923 3620 ὥστε
971 3572 1045 3639 μὴ
1102 3570 1389 3641 διαϐλέψαι
1433 3590 1491 3626 σε
1520 3575 1657 3643 πρὸς
1690 3575 1750 3629 τὸ

182 3652 286 3721 τῆς
319 3651 656 3720 θεογνωσίας
688 3658 824 3724 φῶς,
877 3659 1011 3710 ἀλλὰ
1064 3663 1199 3729 πρὸς
1238 3665 1301 3715 τὸ
1358 3667 1549 3730 σκότος
1595 3668 1747 3736 όρᾷν,

181 3745 317 3801 ἔνθα
358 3748 690 3818 ἡτοίμασται
730 3750 792 3802 τὸ
836 3748 948 3823 πῦρ
992 3754 1052 3803 τὸ
1093 3753 1312 3805 αἰώνιόν
1337 3755 1417 3807 σοί
1468 3773 1524 3807 τε
1550 3757 1750 3825 καὶτῷ

180 3841 360 3911 πατρί
396 3858 514 3908 σου,
543 3842 623 3913 τῷ
653 3844 889 3914 Σατανᾷ.
933 3844 1104 3914 Ὁρῶν
1148 3844 1206 3899 δὲ
1238 3846 1407 3917 τριῶν
1434 3846 1753 3917 διαγενομέ-

141 3932 151 3940 ”
180 3949 295 3984 νων
322 3933 416 3985 καὶ
449 3934 876 4002 κατενεχθέντος
911 3937 1077 3989 αὑτοῦ
1128 3937 1239 3991 ἀπὸ
1284 3938 1379 3991 τοῦ
1415 3940 1748 4008 κραόὄάτου,

179 4021 360 4083 οὕτως
408 4021 653 4092 ἔλαμπεν
694 4026 753 4076 τὸ
796 4026 955 4095 σῶμα
994 4027 1090 4079 τοῦ
1136 4030 1408 4096 μακαρίου
1467 4031 1750 4095 Πλάτωνος

180 4112 260 4173 ὡς
287 4111 395 4165 ἀπὸ
429 4111 655 4183 λουτροῦ
682 4114 988 4177 ἐξελθόντος
1013 4115 1198 4181 αὑτοῦ,
1229 4117 1323 4168 καὶ
1347 4117 1544 4171 εὐωδία
1578 4119 1749 4187 μύρου

181 4203 509 4267 πολυτελοῦς
570 4204 929 4274 ἐξεπορεύετο
969 4206 1028 4270 ἐξ
1080 4205 1241 4258 αὑτοῦ
1267 4222 1280 4236 ⁸
1325 4202 1468 4277 εἶχεν
1517 4209 1623 4277 γὰρ
1656 4209 1749 4262 τοῦ

177 4291 428 4366 Χριστοῦ
474 4297 534 4349 τὸ
583 4297 837 4369 ἀληθινὸν
909 4298 1157 4371 λουτρὸν⁸
1186 4298 1281 4351 καὶ
1339 4300 1439 4368 τὴν
1490 4300 1752 4372 ἀληθινὴν

178 4380 409 4456 γνῶσιν,
442 4390 509 4443 δι’
538 4385 605 4461 ἦς
636 4391 730 4443 καὶ
761 4390 988 4455 εὐωδίας
1024 4393 1150 4455 τοὺς
1179 4394 1540 4462 παρεστῶτας
1586 4395 1751 4464 ἐπλη-

1853 3218 1958 3275 que
1987 3204 2322 3267 memineris,
2345 3204 2562 3273 quando
2594 3205 2805 3259 venerit
2836 3214 3051 3275 tempus
3094 3224 3108 3261 :
3144 3222 3253 3277 quo
3286 3216 3420 3262 tem-

1852 3310 1983 3365 pore
2005 3310 2127 3350 cum
2155 3296 2408 3365 lacrymis
2430 3296 2803 3354 recordaberis
2836 3312 2968 3350 mea:
2999 3297 3414 3364 admonitionis,

1852 3398 1953 3437 nec
1979 3398 2040 3437 ea
2091 3384 2184 3437 tibi
2248 3384 2536 3453 quidquam
2589 3386 2852 3453 proderit,
2904 3386 3168 3450 oinfelix,
3204 3388 3299 3440 sed
3364 3388 3419 3443 in

1851 3472 2069 3528 Tartari
2092 3473 2360 3545 profundo
2396 3475 2498 3528 ibis
2534 3474 2599 3529 ad
2630 3475 2958 3545 supplicium
2979 3488 3266 3531 aeternum.
3312 3478 3418 3534 Fac

1852 3581 1979 3636 ergo
2005 3567 2111 3620 cito
2135 3565 2185 3619 id
2247 3565 2388 3635 quod
2417 3565 2514 3620 vis.
2583 3564 2774 3621 Cordis
2801 3568 2946 3620 enim
2984 3568 3062 3621 tui
3106 3568 3292 3623 oculos
3350 3571 3420 3623 ita

1853 3658 2143 3713 excmcai'it
2166 3657 2435 3720 diabolus,
2462 3665 2519 3711 ut
2546 3672 2652 3711 non
2680 3658 2913 3727 aspicias
2960 3660 3025 3711 ad
3098 3659 3270 3714 lucem
3328 3660 3419 3715 Dei

1851 3750 2216 3818 cognitionis:
2270 3750 2365 3803 sed
2410 3750 2677 3805 lntuearis
2746 3752 2813 3805 ad
2870 3752 3145 3817 tenebras,
3206 3753 3293 3805 ubi
3337 3762 3422 3807 est

1850 3847 2074 3908 paratus
2115 3838 2255 3907 ignis
2285 3848 2527 3892 aeternus
2575 3840 2669 3893 tibi
2718 3849 2772 3894 et
2830 3840 2969 3909 patri
3023 3848 3116 3894 tuo
3180 3840 3419 3895 Satanan

1853 3929 1988 3983 Cum
2019 3937 2132 3985 tres
2159 3938 2339 3983 autem
2366 3928 2511 3983 liora:
2567 3928 3029 3995 intercessissent,
3062 3938 3115 3985 et
3165 3931 3281 4001 ipse
3327 3931 3420 3985 de-

1855 4020 2062 4089 positus
2091 4018 2281 4073 fuisset
2309 4035 2373 4073 ex
2398 4021 2641 4088 grabato.
2680 4036 2879 4089 corpus
2904 4021 2977 4074 ita
3031 4022 3425 4091 resplendcbat

1853 4108 2024 4160 sancti
2046 4114 2099 4159 et
2129 4108 2270 4160 beati
2297 4106 2555 4169 Platonis,
2578 4108 2800 4175 perinde
2832 4115 2994 4176 atque
3026 4108 3070 4161 si
3098 4108 3213 4177 ipse
3243 4111 3426 4165 exiis-

1857 4207 1940 4255 set
1965 4198 2231 4263 ebalneo,
2260 4208 2315 4252 et
2342 4199 2527 4253 suavis
2567 4200 2785 4267 quidam
2819 4200 2953 4253 odor
3007 4208 3264 4268 tanquam
3316 4217 3420 4255 un-

1853 4290 2037 4363 guenti
2067 4291 2286 4359 pretiosi
2347 4305 2412 4343 ex
2448 4306 2513 4343 eo
2539 4290 2943 4358 egrediebatur.
2977 4289 3219 4345 Habebat
3274 4294 3419 4347 enim

1856 4382 2055 4439 Christi
2097 4396 2285 4437 verum
2341 4380 2637 4445 lavacrum,
2701 4389 2757 4441 et
2806 4381 3099 4450 pretiosam
3144 4392 3200 4435 et
3239 4397 3420 4438 veram

180 4497 306 4549 pou,
338 4483 431 4533 καὶ
476 4483 585 4543 πᾶς
630 4483 658 4533 ό
710 4484 985 4552 παριστὰς
1031 4484 1186 4554 ὕχλος
1228 4485 1445 4549 ἐδόξαζε
1494 4487 1600 4565 τὸν.
1618 4484 1751 4537 Θεὸν

1855 4474 2245 4545 cognitionem,
2289 4488 2386 4542 per
2414 4490 2575 4541 quam
2606 4473 2750 4527 bono
2781 4472 2951 4527 odore
3010 4473 3269 4541 implebat
3329 4488 3421 4529 eos

178 4573 276 4625 ἐπὶ
306 4573 373 4641 τῇ
414 4572 657 4643 ὑπομονῇ
693 4572 788 4625 τοῦ
835 4578 1106 4645 μακαρίου
1159 4579 1463 4641 Πλάτωνος.
1493 4578 1634 4631 ὥστε
1663 4580 1754 4631 λέ-

177 4680 305 4728 γειν
345 4664 447 4728 ὅτι,
483 4663 722 4736 ’Λληθῶς
766 4667 938 4734 μέγας
981 4668 1011 4719 ό
1056 4668 1187 4731 Θεὸς
1224 4669 1333 4719 τῶν
1372 4668 1749 4736 Χριστιανῶν·

181 4754 462 4818 τοσαύτας
487 4759 597 4827 γάρ
628 4756 898 4826 βασάνους
935 4758 1267 4829 ὑποϐληθείς
1329 4759 1481 4830 παρὰ
1516 4758 1609 4811 τοῦ
1663 4759 1755 4812 ἀνι

184 4846 374 4911 ελιοῦς
410 4847 665 4901 δικαστοῦ
691 4890 705 4913 ,
742 4850 839 4901 οὑκ
870 4852 1149 4921 ἠρνήσατο
1177 4855 1238 4905 τὸ
1273 4853 1507 4923 φοσερὺν
1558 4853 1753 4923 ὄνομα,

180 4942 321 4994 ἀλλὰ
341 4941 419 5010 τῷ
453 4943 681 5013 γενναίῳ
714 4944 957 5016 λογισμῷ
991 4931 1245 5015 ἐνίκησεν
1284 4945 1385 5014 τὴν
1422 4946 1623 5015 μανίαν
1652 4945 1748 4999 τοῦ

182 5033 471 5105 ἄρχοντος.
546 5082 557 5103 ,

262 5301 375 5355 Μ’.
420 5304 479 5356 '0
508 5301 566 5357 δὲ
609 5303 965 5370 ’Λγριππίνος
1000 5304 1138 5375 μετὰ
1177 5305 1236 5357 τὸ
1268 5304 1543 5374 ἀφόρητον
1597 5301 1748 5370 αύτῷ

188 5391 285 5445 καὶ
332 5392 589 5461 τοιαύτην
645 5392 878 5460 βάσανον
945 5397 1319 5464 προσαγαγεῖν
1393 5388 1578 5446 εἶπεν*
1636 5394 1751 5445 Ούκ

186 5478 467 5550 ιπιισθης,
503 5480 749 5547 Ιιλάτων,
785 5482 848 5535 ὲκ
880 5481 979 5550 τῆς
1012 5484 1468 5556 προσενεχθείσης
1523 5499 1604 5535 σοι
1633 5484 1750 5549 ,δει-

188 5574 287 5645 νῆς
316 5571 554 5645 βασάνου
603 5572 765 5654 θύσαι
794 5577 906 5637 τοῖς
961 5573 1134 5639 θεοῖς
1173 5575 1310 5644 πλὴν
1361 5576 1409 5628 εί
1460 5575 1533 5646 μὴ
1574 5574 1750 5643 βούλει

301 5752 321 5783 ’
356 5750 518 5809 Rom.
541 5766 654 5818 νιιι,
684 5752 772 5815 58.
807 5755 892 5809 39.
1006 5756 1025 5785 ⁸
1052 5754 1135 5808 lsa
1192 5772 1351 5821 uxr,
1388 5758 1470 5809 lO.

1584 5756 1602 5785 ⁰
1636 5755 1648 5805 Ι
1678 5752 1813 5807 Tim.
1856 5766 1911 5813 ιι,
1945 5750 1992 5802 4.

1850 4566 1941 4636 qui
1984 4566 2247 4620 aderant:
2284 4574 2337 4618 et
2380 4573 2486 4619 tota
2580 4578 2699 4631 quae
2760 4563 3192 4618 circumsistebat
3265 4565 3419 4621 turba

1852 4656 2021 4710 Deum
2084 4656 2419 4725 gloriticabat
2482 4664 2703 4726 propter
2748 4655 3125 4711 fortitudinem
3173 4665 3227 4712 et
3281 4657 3419 4712 tole-

1852 4748 2079 4802 rantiam
2110 4746 2252 4801 beati
2285 4744 2545 4809 Platonis,
2566 4745 2702 4800 adeo
2736 4754 2795 4801 ut
2826 4746 2927 4818 ipsi
2947 4746 3190 4802 dicerent
3222 4766 3237 4803 :
3282 4749 3420 4807 Vere

1853 4850 1937 4895 est
1964 4854 2189 4910 magnus
2220 4839 2365 4893 Deus
2399 4838 2853 4896 Christianorum.
2889 4838 3023 4894 Tam
3054 4841 3243 4898 multis
3270 4841 3419 4897 enim

1854 4932 2136 4985 tormentis
2153 4930 2422 5001 subjectus
2440 4944 2466 4981 a
2490 4929 2692 4982 crudeli
2713 4937 2767 4982 et
2782 4929 3191 4985 immisericordi
3211 4934 3418 5000 judice,

1854 5035 1966 5075 non
1989 5021 2212 5092 negavit
2265 5028 2516 5077 sanctum
2544 5026 2599 5074 et
2657 5020 2901 5075 terribile
2935 5036 3137 5077 nomen
3167 5023 3371 5082 Christi
3402 5042 3416 5080 :

1857 5113 1950 5168 sed
1982 5114 2035 5166 in
2060 5113 2319 5182 praeclaro
2369 5128 2729 5185 perseverans
2783 5113 2951 5169 animi
2992 5115 3262 5183 instituto,
3286 5121 3418 5175 vicit

1858 5205 2123 5260 insaniam
2151 5205 2422 5275 praesidis.

1928 5297 2016 5351 XI.
2053 5297 2380 5367 Agrippinus
2432 5306 2612 5350 autem
2659 5308 2943 5367 postquam
2974 5299 3023 5355 ei
3078 5302 3418 5358 intolerabile

1858 5398 1913 5443 et
1939 5389 2043 5443 tale
2074 5397 2400 5443 tormentum
2433 5388 2720 5453 attulisset,
2780 5389 2916 5445 dixit
2945 5410 2958 5445 :
3013 5389 3130 5445 Non
3168 5391 3259 5447 tibi
3288 5408 3414 5462 per-

1860 5482 2048 5539 suasit.
2077 5496 2108 5535 ο
2130 5480 2303 5545 Plato,
2331 5481 2709 5551 gravissimum
2740 5492 3091 5553 tormentum,
3154 5485 3293 5553 quod
3322 5476 3416 5539 tibi

1862 5571 1963 5627 fuit
1997 5572 2220 5637 illatum,
2250 5582 2307 5628 ut
2335 5573 2440 5630 diis
2471 5574 2804 5631 sacriticares
2832 5591 2846 5640 ;
2872 5576 2967 5631 sed
3002 5576 3045 5631 si
3070 5576 3210 5633 nolis
3242 5575 3414 5631 sacri“

2132 5750 2174 5779 "
2206 5748 2401 5801 Ezech.
2449 5762 2598 5812 ινιιι,
2628 5748 2717 5803 23.
