4188 6310
763 370 870 435 415

2049 355 2333 418 MENSlS
2371 350 2664 414 IULIUS.

3891 341 3994 404 “6

765 482 951 544 ﬁcare,
1007 479 1183 533 solum
1253 490 1388 547 nega
1428 473 1781 532 Crucitixum,
1833 478 1889 524 et
1943 478 1993 523 te
2034 465 2326 521 dimittam.

2453 460 2617 522 ιῦσαι,
2664 461 2895 531 ἀρνησαι
2928 449 3017 510 τὸν
3045 456 3482 528 ἐσταυρωμένον,
3525 453 3617 507 καὶ
3658 452 3884 507 ἀπολύω
3915 471 3989 505 σε.

767 571 910 625 Dixit
959 576 1182 623 sanctus
1214 566 1369 620 Plato
1403 563 1491 619 :0
1537 579 1632 623 cor
1689 574 2026 630 perversum,
2073 564 2128 609 et
2173 567 2330 608 mens

762 660 1049 723 exstincta,
1077 670 1132 713 et
1150 658 1330 711 anima
1373 656 1529 709 malis
1555 654 1774 715 tradita,
1807 661 1861 704 et
1889 665 2009 719 qua:
2037 647 2178 702 nihil
2236 661 2329 700 co-

762 755 896 823 gitat
949 752 1093 820 quod
1144 749 1313 803 Deum
1382 749 1597 802 deceat.
1657 745 1792 810 Quid
1819 752 1920 806 est,
1953 741 2098 811 quod
2148 739 2331 794 dicis?

764 846 869 910 Qui
903 843 1032 897 mihi
1073 851 1150 894 tot
1175 839 1434 894 beneﬁcia
1456 835 2152 898 conciliavit,Servatorem
2176 831 2333 886 Chri-

765 947 906 989 stum
940 934 1149 1004 negabo
1172 941 1400 1000 pmptcr
1420 939 1493 989 te,
1525 945 1557 982 υ
1599 929 1888 982 crudivore
1926 937 1980 980 et
2031 925 2225 980 vindex
2259 923 2334 976 si-

768 1027 1159 1086 mulacrorum,
1185 1036 1469 1089 rerumque
1491 1021 1850 1074 inanimarum
1870 1029 1923 1071 et
1946 1026 2212 1070 mutarum
2237 1015 2330 1068 de-

767 1119 972 1181 fensor,
1003 1125 1054 1169 et
1083 1126 1312 1185 patrone
1372 1113 1596 1174 erroris,
1659 1123 1716 1165 ut
1776 1112 1969 1164 reddar
2019 1109 2202 1169 miser,
2235 1106 2331 1158 tibi

767 1210 955 1262 similis
1005 1216 1058 1261 et
1085 1204 1355 1273 iniquus?
1401 1213 1454 1256 et
1479 1218 1585 1256 non
1617 1201 1812 1254 sufﬁcit
1875 1195 1967 1254 tibi
2003 1200 2172 1253 solum
2216 1212 2335 1250 esse

769 1304 951 1362 talem,
1006 1298 1101 1352 sed
1169 1311 1265 1350 eos
1305 1295 1470 1348 etiam
1560 1292 1651 1359 qui
1711 1294 1817 1361 jam
1887 1290 2036 1342 relati
2111 1297 2236 1343 sunt
2281 1287 2334 1339 in

766 1405 1051 1447 numerum
1106 1387 1335 1440 militum
1406 1384 1629 1445 Christi,
1740 1382 1820 1436 vis
1905 1394 2028 1434 esse
2161 1379 2337 1432 socios

767 1493 873 1537 tuae
958 1480 1271 1549 impietatis,
1370 1478 1423 1529 in
1489 1475 1674 1528 eadem
1738 1475 1823 1526 via
1908 1471 2165 1522 interitus
2217 1477 2332 1521 stu-

768 1574 908 1627 dens
933 1586 1028 1625 eos
1059 1570 1431 1639 supplantare,
1470 1566 1561 1635 qui
1597 1574 1743 1618 recta
1782 1563 1864 1615 via
1920 1558 2336 1629 ingrediuntur?

770 1665 1000 1720 Discede
1031 1679 1057 1716 a
1093 1679 1199 1725 me,
1225 1662 1317 1730 qui
1371 1662 1623 1729 operaris
1685 1656 2054 1724 iniquitatem.
2090 1650 2336 1705 Slatuisti

769 1759 914 1813 enim
944 1757 1081 1809 alios
1115 1768 1331 1824 quoque
1363 1752 1426 1805 ad
1464 1749 1846 1803 eamtrahere.
1879 1745 2109 1801 Conﬁdo
2149 1755 2334 1799 autem

769 1851 824 1903 in
869 1849 976 1902 Deo
1007 1862 1148 1911 meo,
1183 1844 1326 1914 quod
1357 1858 1464 1897 non
1489 1842 1653 1896 faciet
1691 1849 1938 1894 sanctum
1961 1854 2117 1893 suum
2155 1838 2340 1892 videre

770 1941 1072 1995 interitum.
1137 1937 1279 1990 Dixit
1335 1935 1702 2006 Agrippinus:
1768 1931 2036 1996 Quoniam
2101 1932 2176 1983 tui
2218 1946 2338 1984 sum

769 2031 1076 2095 misertus,
1146 2029 1370 2084 evasisti
1453 2027 1696 2079 insolens
1762 2038 1825 2077 ac
1891 2021 2338 2086 contumeliosus,

771 2122 938 2176 stulta
966 2122 1196 2190 loquens
1225 2129 1279 2172 et
1305 2129 1500 2172 emotae
1557 2117 1782 2180 mentis;
1818 2128 1918 2182 ego
1950 2123 2129 2166 autem
2156 2122 2206 2166 te
2236 2113 2343 2167 cito

771 2227 881 2273 tam
908 2216 1163 2288 gravibus
1181 2213 1407 2268 alliciam
1441 2211 1742 2281 suppliciis,
1778 2218 1833 2264 ut
1871 2224 1936 2263 ex
2007 2209 2180 2278 teipso
2209 2208 2340 2262 milii

770 2312 960 2365 dicas:
1028 2308 1102 2362 Da
1179 2307 1333 2370 mihi,
1387 2312 1446 2358 ut
1499 2301 2107 2371 sacriﬁcem.Egregius
2161 2309 2342 2353 autem

772 2401 977 2458 Christi
1017 2399 1224 2453 athleta
1262 2397 1414 2449 Plato
1439 2395 1619 2448 dixit:
1651 2392 1904 2445 Christus
1936 2401 2019 2443 est
2080 2389 2242 2453 Deus,
2283 2399 2338 2442 et

774 2509 886 2548 non
911 2502 995 2547 est
1017 2499 1264 2546 sanctum
1321 2487 1441 2558 ejus
1501 2500 1699 2540 nomen
1728 2484 2060 2554 negandum.
2091 2480 2208 2536 Non
2259 2488 2343 2535 est

774 2599 1011 2656 equum,
1043 2592 1105 2638 ut
1144 2596 1244 2652 ego
1288 2580 1603 2648 relinquens
1634 2577 1833 2632 fontem
1871 2577 2013 2636 vitae,
2034 2574 2205 2629 colam
2236 2574 2343 2627 dae-

775 2676 960 2733 monia
990 2683 1046 2730 et
1071 2674 1236 2728 libent
1273 2672 1565 2740 lapidibus,
1616 2684 1846 2738 quorum
1905 2667 2122 2736 quidem
2171 2674 2343 2720 mater

778 2776 863 2822 est
895 2781 1004 2820 ars.
1038 2764 1091 2818 Si
1127 2763 1271 2817 enim
1301 2777 1408 2814 non
1444 2761 1677 2814 fuissent
1700 2770 1843 2813 artes
1871 2760 2104 2815 inventae
2158 2758 2224 2810 ab
2249 2757 2346 2810 ho.

780 2859 1040 2928 minibus,
1074 2871 1186 2911 non
1220 2853 1386 2908 eratis
1413 2852 1545 2905 deos
1578 2850 1836 2909 habituri,
1865 2847 1961 2899 sed
1999 2847 2154 2913 plane
2181 2847 2348 2899 eratis

783 2949 955 3003 futuri
985 2948 1103 3001 sine
1136 2945 1264 2998 diis.
1292 2941 1447 2996 Tunc
1483 2939 1836 3011 Agrippinus,
1869 2939 2034 2991 multa
2064 2938 2141 2991 ira
2177 2937 2349 3007 reple-

782 3053 869 3095 tus
896 3047 1115 3108 propter
1143 3036 1393 3091 ﬁduciam
1427 3043 1480 3088 et
1521 3032 1732 3087 dicendi
1787 3031 2090 3084 libertatem
2141 3039 2347 3099 marty-

782 3135 878 3197 ris,
911 3131 1147 3186 surrexit
1191 3145 1221 3184 e
1254 3130 1452 3182 throno
1470 3141 1611 3180 suo:
1649 3133 1704 3177 et
1727 3139 1890 3191 quam
1944 3123 2212 3174 citissime
2261 3121 2347 3173 in-

781 3224 945 3277 dutus
1006 3219 1311 3274 ﬁbulatorio
1333 3218 1486 3286 jubet
1521 3217 1759 3283 sphaeras
1793 3212 2012 3265 accendi
2044 3211 2267 3275 ferreas,
2297 3220 2352 3266 et

782 3314 910 3386 poni
983 3312 1038 3367 in
1070 3310 1190 3382 ejus
1253 3307 1584 3363 mammillis.
1633 3303 1864 3359 Ministri
1919 3314 2100 3357 autem
2141 3303 2352 3358 Satanae

782 3410 894 3463 cito
927 3405 1176 3460 fecerunt
1208 3417 1271 3458 ea
1294 3416 1413 3471 qua:
1436 3400 1788 3471 jubebantur.
1843 3395 2193 3467 Spliazrarum
2251 3411 2349 3449 au-

787 3511 893 3554 tem
935 3498 1078 3570 ignis
1140 3495 1240 3548 fuit
1304 3501 1452 3545 tanta
1514 3489 1880 3549 vehementia,
1915 3498 1973 3539 ut
2023 3502 2135 3539 non
2178 3486 2351 3538 solum

787 3594 1116 3657 apparerent
1145 3584 1266 3652 ejus
1288 3581 1481 3646 latera,
1534 3580 1628 3634 sed
1688 3579 1852 3632 etiam
1913 3584 2355 3645 corrumperetur

789 3680 1005 3730 interna
1035 3675 1156 3743 ejus
1222 3673 1496 3727 viscerum
1565 3679 1865 3731 structura,
1921 3677 1980 3722 ut
2033 3682 2130 3738 per
2193 3680 2355 3720 nares

785 3770 906 3838 ejus
939 3777 993 3821 et
1030 3767 1313 3819 cerebrum
1332 3763 1564 3814 emissus
1584 3761 1750 3815 fuerit
1792 3760 1976 3815 furnus
1999 3775 2065 3815 ex
2101 3760 2280 3815 calore
2303 3757 2351 3812 ei

790 3876 887 3929 per
920 3857 1159 3926 sphaeras
1194 3868 1444 3906 accenso.

863 3948 980 4002 Xll.
1010 3947 1203 4001 Beatus
1235 3954 1414 3999 autem
1449 3944 1625 4003 Plato,
1659 3942 1752 4009 qui
1777 3942 1885 4008 jam
1922 3955 1951 3992 a
1986 3939 2172 3992 multis
2198 3952 2358 4006 repu-

791 4052 938 4096 tatus
975 4039 1151 4093 fuerat
1181 4052 1301 4092 esse
1326 4043 1597 4095 mortuus,
1633 4031 1771 4084 dixit
1827 4029 2158 4101 Agrippino:
2186 4028 2358 4083 Parva

791 4137 922 4183 sum
979 4137 1070 4180 tua
1131 4131 1423 4187 tormenta,
1456 4137 1488 4176 o
1519 4125 1676 4191 potor
1737 4123 2040 4192 sanguinis,
2069 4129 2120 4174 et
2167 4119 2358 4174 bestiis

794 4218 1032 4274 moribus
1059 4214 1275 4276 similis,
1305 4223 1358 4266 et
1387 4228 1527 4266 saeve
1558 4212 1736 4274 canis,
1786 4212 1829 4264 si
1865 4211 2243 4264 consideretur
2276 4209 2355 4261 ira

793 4319 885 4369 tua
915 4322 967 4366 et
1020 4309 1355 4364 immanitas.
1429 4306 1513 4359 lla
1557 4316 1648 4358 tua
1696 4305 1801 4355 erit
1851 4317 2040 4370 parva,
2091 4309 2355 4353 tormenta

792 4413 978 4455 autem
1012 4408 1101 4450 tua
1149 4399 1258 4449 sint
1307 4409 1521 4463 magna.
1571 4390 1705 4444 Nam
1757 4406 1852 4460 per
1897 4396 2185 4449 tormenta,
2239 4399 2357 4456 quae

2433 553 2656 606 Πλάτων
2684 547 2838 603 εἶπεν
2858 566 2870 580 ·
2891 545 2960 601 Ὦ
2984 549 3181 618 καρδία
3214 547 3645 618 διεστραμμένη,
3670 546 3763 598 καὶ
3787 545 3993 600 διάνοια

2433 643 2756 712 ὶσδεσμένη,
2782 643 2871 695 καὶ
2893 642 3035 712 ψυχὴ
3059 643 3250 702 κακοῖς
3272 641 3547 708 δεδομένη,
3572 641 3662 692 καὶ
3687 639 3842 690 οὐδὲν
3866 639 3993 706 πρέο

2433 751 2533 786 πον
2566 733 2642 801 τῷ
2694 733 2812 800 Θεῷ
2839 732 3212 800 διανοουμένη,
3248 732 3300 783 τί
3353 733 3498 783 ἐστιν
3527 729 3554 781 δ
3603 729 3818 797 λέγεις;
3878 729 3991 780 Τῶν

2431 825 2697 878 τοσούτων
2730 825 3058 894 εὐεργεσιῶν
3091 823 3351 893 πρόξενόν
3395 839 3486 891 μοι
3538 821 3838 891 γενόμενον
3885 821 3992 872 Σω-

2433 920 2574 988 τῆρα
2598 918 2832 985 Χριστὸν
2865 917 3170 996 ἀρνήσομαι
3204 916 3291 967 διὰ
3332 916 3413 979 σέ,
3453 913 3739 981 αἱμοϐὁρε,
3775 912 3995 964 καὶτῶν

2433 1011 2664 1064 εἰδώλων
2696 1009 2902 1072 ἕκδικε,
2944 1008 3037 1060 καὶ
3066 1007 3174 1058 τῶν
3208 1006 3429 1076 ἀψύχων
3482 1010 3574 1059 καὶ
3612 1005 3847 1073 ἀφώνων
3872 1021 3998 1075 προ-

2436 1103 2628 1167 στάτα,
2663 1103 2757 1153 καὶ¹
2817 1101 2916 1168 τῆς
2978 1099 3190 1167 πλάνης
3265 1103 3551 1169 συνήγυρε,
3620 1099 3707 1150 ἵνα
3754 1100 3998 1164 γένωμαι

2433 1194 2619 1262 ὅμοιός
2673 1209 2785 1250 σον.
2853 1191 3172 1260 παράνομος
3215 1190 3310 1242 καὶ
3347 1190 3444 1241 οῦκ
3505 1191 3667 1258 ἀρκεῖ
3699 1205 3779 1242 σοι
3840 1189 4000 1257 μόνος

2435 1282 2572 1335 εἶναι
2605 1282 2865 1345 τοιοῦτος,
2899 1281 3032 1332 ἀλλὰ
3066 1281 3158 1332 καὶ
3183 1281 3309 1342 τοὺς
3329 1280 3431 1349 ἤδη
3466 1279 4000 1348 στρατολογηοέντας

2435 1373 2510 1441 τῷ
2549 1371 2769 1440 Χριστῷ
2799 1371 3090 1432 κοινωνοὺς
3145 1369 3243 1438 τῆς
3276 1367 3529 1431 ἀσεϐείας
3562 1384 3656 1420 σου
3689 1368 3869 1431 θέλεις
3927 1365 4000 1420 εἷ-

2437 1482 2543 1527 ναι,
2581 1465 2658 1525 εἰς
2689 1462 2785 1532 τὴν
2818 1463 2988 1531 αὐτὴν
3018 1461 3299 1522 ἀπωλείας
3329 1459 3447 1513 ὁδὸν
3474 1459 3721 1512 σκελίσαι
3754 1460 4002 1512 σπεύδων

2437 1556 2557 1624 τοὺς
2594 1554 2878 1614 ὁδεύοντας
2910 1553 3004 1621 τὴν
3031 1551 3249 1603 εὐθεῖαν
3276 1550 3432 1615 ὀδόνς
3472 1551 3708 1602 Ἀπὸστα
3743 1552 3840 1602 ἀπ’
3869 1550 4000 1617 ἐμοῦ

2438 1649 2466 1699 ὁ
2500 1645 2596 1716 τὴν
2644 1643 2873 1711 ἀνομίαν
2927 1643 3293 1712 ἐργαζόμενος
3324 1657 3337 1672 ·
3395 1641 3707 1711 προῄρησαι
3745 1645 3857 1712 γὰρ
3912 1644 4002 1692 καὶ

2440 1735 2630 1788 ἄλλους
2661 1735 2740 1796 είς
2776 1734 2947 1801 αὐτὴν
2977 1733 3226 1795 ἑλκύσαι,
3255 1732 3346 1782 καὶ
3381 1732 3566 1802 Οαρῤῶ
3597 1731 3673 1799 τῷ
3705 1732 3826 1799 Θεῷ
3881 1749 4001 1800 μου,

2371 1803 2409 1859 Β
2439 1830 2519 1880 ὃτι
2555 1827 2614 1879 ού
2650 1826 2725 1896 μὴ
2752 1826 2967 1894 ποιήσει
2993 1825 3083 1876 τὸν
3113 1825 3260 1876 ὅσιον
3289 1822 3454 1875 αὑτοῦ
3509 1825 3636 1875 ίδεῖν
3679 1823 4000 1890 διαφθοράν.

2451 1920 2808 1990 Ἀγριππίνος
2839 1917 2980 1986 ἔφη·
3051 1915 3270 1985 Ἐπειδὴ
3329 1913 3572 1984 ᾧκτειρά
3611 1930 3690 1979 σε,
3743 1914 4005 1983 ὑϐριστὴς

2439 2011 2531 2063 καὶ
2558 2009 2869 2078 μωρολόγος
2900 2008 2992 2060 καὶ
3025 2005 3396 2076 φρενοϐλασὴς
3423 2005 3672 2072 γέγονας,
3715 2004 3826 2071 ἐγώ
3857 2021 3914 2055 σε
3952 2009 4006 2055 ἐν

2440 2100 2592 2168 τάχει
2621 2100 2914 2169 τιμωρίαις
2945 2098 3209 2168 χαλεπαῖς
3259 2097 3589 2166 παραδώσω,
3629 2098 3715 2150 ῐνα
3769 2115 3861 2165 μου.
3911 2098 4004 2163 ἀφ’

2441 2190 2635 2243 ἑαυτοῦ
2672 2193 2832 2259 είπῇς
2858 2207 2873 2222 ο
2917 2191 3013 2250 Δός
3047 2205 3136 2255 μοι
3195 2188 3280 2239 ἵνα
3323 2187 3494 2240 θύσω.
3556 2185 3612 2237 Ὀ
3644 2186 3700 2238 δὲ
3760 2188 4008 2252 γενναῖος

2439 2282 2533 2334 τοῦ
2574 2280 2815 2348 Χριστοῦ
2858 2278 3098 2347 ἀθλητὴς
3133 2273 3288 2328 εἶπεν
3317 2290 3331 2304 ·
3406 2278 3598 2330 Ἔστιν
3649 2278 3677 2329 ὁ
3712 2276 3850 2338 Θεός
3906 2294 4007 2346 μου

2443 2374 2539 2425 καὶ
2574 2370 2943 2441 ἀνεξάρνητνλν
2978 2369 3134 2421 ἔσται
3163 2371 3226 2421 τὸ
3254 2368 3426 2438 ὄνομα
3470 2368 3530 2421 τὸ
3582 2367 3740 2436 ἂγιον
3792 2368 3960 2421 αὑτοῦ
3989 2385 4004 2398 ⁸

2442 2469 2539 2520 οὐκ
2568 2466 2715 2519 ἔστιν
2768 2464 2860 2517 οῦν
2915 2464 3012 2534 τὴν
3048 2465 3232 2535 πηγὴν
3281 2464 3379 2535 τῆς
3432 2462 3576 2532 ζωῆς
3629 2462 4006 2516 καταλιπόντα

2444 2555 2734 2625 προσέχειν
2762 2552 3063 2620 δαιμονίοις
3098 2555 3188 2606 καὶ
3228 2553 3480 2605 σπένδειν
3505 2551 3697 2614 λίθοις,
3736 2544 3812 2604 ὧν
3842 2550 4012 2618 μητέο

2447 2662 2538 2714 ρες
2574 2646 2764 2713 τέχναι
2787 2659 2802 2673 ·
2839 2645 2929 2695 καὶ
2966 2643 3074 2711 γάρ
3101 2647 3290 2710 τέχναι
3344 2641 3494 2711 παρά
3515 2641 3623 2691 τῶν
3676 2639 4012 2708 ἀνθρώπων,

2446 2738 2493 2786 εί
2525 2734 2598 2803 μὴ
2634 2731 2773 2802 ἦσαν
2807 2734 3200 2802 ὲφευρημέναι.
3233 2732 3334 2784 οὐκ
3370 2731 3621 2802 ἐμέλλετε
3653 2731 3809 2793 θεοὺς
3845 2731 4013 2800 ἔχειν,

2449 2825 2584 2882 ἀλλὰ
2609 2826 2872 2894 ὑπάρχειν
2903 2823 3070 2878 ἄθεοι.
3113 2823 3172 2876 '0
3201 2823 3258 2875 δὲ
3297 2823 3652 2891 Ἀγριππϊνος
3680 2821 3858 2892 θυμοῦ
3881 2825 4016 2892 πλη-

2451 2916 2596 2977 σθεὶς
2623 2915 2709 2967 διὰ
2764 2914 2862 2984 τὴν
2912 2913 3225 2984 παρρησίαν
3259 2911 3354 2965 τοῦ
3404 2913 3704 2984 μάρτυρος,
3751 2911 4017 2980 ἐξανέστη

2449 3009 2542 3062 τοῦ
2588 3008 2780 3078 θρόνου
2848 3008 2942 3058 καὶ
3009 3006 3069 3057 τὸ
3132 3005 3485 3074 φιϐλατόριον
3541 3006 4014 3074 περισχισάμενος

2452 3101 2657 3168 σπουδῇ
2691 3099 2859 3166 πολλῇ
2887 3097 3105 3149 κελεύει
3153 3099 3392 3167 σφαίρας
3418 3097 3642 3170 σιδηρᾶς
3687 3101 4017 3169 πυρωθῆναι

2453 3191 2546 3243 καὶ
2570 3190 2792 3260 τεθῆναι
2827 3192 2906 3252 είς
2938 3191 3035 3253 τὰς
3069 3190 3353 3261 μασχάλας
3383 3189 3572 3243 αὐτοῦ.
3618 3191 3680 3240 Ui
3713 3189 3770 3240 δὲ
3808 3190 4018 3253 ὑπηρέ-

2450 3300 2541 3338 ται
2569 3282 2662 3337 τοῦ
2692 3284 2910 3336 Σατανᾶ
2941 3282 3138 3336 θᾶττον
3200 3285 3268 3337 τά
3305 3282 3666 3336 κελευσθέντα
3717 3281 3908 3340 αὐτοῖς
3943 3281 4021 3331 {t-

2451 3376 2784 3444 επράττοντο
2805 3390 2819 3403 ·
2841 3373 3081 3447 τοσαύτη
3105 3375 3212 3440 γάρ
3237 3371 3535 3439 σφοδρότης
3559 3371 3621 3421 ὲκ
3645 3368 3756 3434 τῶν
3775 3371 4022 3440 σφαιρῶν

2451 3467 2669 3533 ἐγένετο
2694 3465 2786 3516 τοῦ
2821 3466 3017 3534 πυρὸς,
3049 3463 3187 3515 ὥστε
3217 3463 3291 3532 μὴ
3325 3462 3488 3531 μόνον
3537 3462 3891 3531 ἀναφανῆναι
3925 3463 4022 3525 τάς

2453 3556 2694 3627 πλευρὰς
2746 3556 2934 3620 αὑτοῦ,
2969 3555 3105 3607 ἀλλὰ
3141 3555 3234 3607 καὶ
3297 3553 3394 3625 τὴν
3442 3552 3652 3629 ἔνδοθεν
3705 3553 4024 3621 οἰκονομίαν

2451 3651 2558 3704 τῶν
2593 3649 2916 3718 σπλάγχνων
2945 3647 3107 3700 αὑτοῦ
3152 3645 3450 3717 φθαρῆναι,
3489 3646 3593 3710 ἓως
3622 3645 3712 3697 διὰ
3743 3645 3857 3699 τῶν
3917 3664 4019 3716 μυ-

2453 3744 2671 3812 κτήρων
2689 3743 2849 3795 αὐτοῦ
2881 3742 2972 3793 καὶ
2997 3741 3090 3792 τοῦ
3112 3739 3417 3807 ἐγκεφάλου
3444 3740 3470 3791 ὁ
3502 3738 3704 3798 καπνὸς
3725 3739 4028 3808 ἀνεφέρετο

2454 3837 2518 3884 ὲκ
2540 3833 2636 3900 τῆς
2653 3833 2979 3899 ὑπαφθήσης
2992 3830 3266 3881 αὐτῶνὸιά
3281 3830 3385 3880 τῶν
3401 3828 3643 3895 σφαιρῶν
3665 3828 4025 3896 θερμότητος.

2526 3919 2630 3972 ΙΒ’.
2668 3918 2728 3970 Ὀ
2756 3918 2809 3969 δὲ
2842 3919 3112 3988 μακάριος
3139 3918 3364 3969 Πλάτων
3397 3917 3496 3986 ἠδη
3525 3915 3809 3984 νομισθεὶς
3837 3918 4029 3968 “reflvi-

2457 4030 2564 4076 ναι,
2597 4006 2748 4064 εἶπεν
2787 4010 2922 4080 πρὸς
2949 4010 3038 4062 τὸν
3081 4011 3469 4080 Ἀγριππίνονο
3504 4008 3716 4080 Μικραί
3754 4008 3855 4061 σού
3894 4010 4032 4061 εἰσιν

2457 4109 2513 4160 αι
2543 4105 2788 4175 βάσανοι,
2819 4104 3092 4173 αἱμοπότα
3124 4105 3216 4155 καὶ
3254 4103 3584 4172 θηριότροπε
3633 4104 3727 4154 καὶ
3783 4103 4030 4172 ἀνήμερε

2458 4197 2606 4250 κύων
2631 4196 2767 4265 πρὸς
2813 4196 2904 4247 τὸν
2955 4195 3125 4264 θυμόν
3160 4211 3253 4246 σου
3301 4194 3396 4245 καὶ
3456 4193 3797 4261 ἀγριότητα·
3862 4193 3981 4246 ἀλλ’
4009 4197 4034 4246 ὀ

2460 4291 2629 4356 θυμός
2664 4305 2758 4339 σου
2789 4289 2928 4338 ἔστω
2963 4286 3179 4354 μικρὸς,
3212 4285 3270 4335 αί
3301 4283 3356 4334 δὲ
3391 4281 3615 4350 βάσανοι
3647 4297 3742 4333 σου
3782 4281 4033 4335 ἔστωσαν

2463 4373 2696 4444 μεγάλαι
2725 4390 2737 4403 ο
2772 4375 2953 4442 γνώσῃ
2990 4375 3097 4441 γὰρ
3119 4373 3208 4424 διὰ
3239 4372 3346 4424 τῶν
3379 4373 3649 4440 βασάνων,
3680 4365 3757 4424 ὧν
3805 4374 4034 4438 ἐπάγεις

794 4491 931 4546 mihi
959 4490 1220 4551 intentas,
1270 4461 1566 4557 cognosces
1627 4483 1929 4553 potentiam
1991 4479 2215 4544 Christi,
2266 4479 2347 4548 qui

2465 4480 2554 4533 μοι
2585 4461 2684 4531 τὴν
2732 4461 2959 4531 δύναμιν
3020 4461 3113 4514 τοῦ
3166 4461 3364 4533 βοηθοῦ
3409 4478 3510 4532 μου
3567 4461 3836 4516 Χριστοῦ.
3882 4462 3944 4515 '0
3984 4461 4036 4514 δὲ

793 4588 932 4645 mihi
968 4587 1071 4640 fert
1104 4585 1391 4638 auxilium.
1437 4581 1728 4650 Apparitor
1749 4593 1928 4633 autem
1947 4578 2172 4631 veniens
2196 4591 2362 4646 prope

795 4688 1044 4735 sanctum
1059 4677 1361 4737 Platonem,
1387 4673 1522 4724 dixit
1543 4674 1589 4723 ei
1614 4690 1627 4724 :
1648 4671 1804 4732 Pare,
1827 4685 1859 4723 ο
1883 4668 2244 4736 homo,jussis
2267 4667 2368 4720 im-

797 4768 1066 4843 peratoris
1080 4775 1134 4821 et
1163 4766 1267 4820 diis
1297 4763 1561 4831 sacriﬁca,
1583 4761 1898 4827 etlucrifac,
1924 4775 1990 4814 ne
2012 4760 2148 4814 male
2172 4759 2365 4813 moria-

798 4860 896 4914 ris.
917 4859 1037 4911 Non
1069 4867 1226 4926 potes
1257 4857 1402 4908 enim
1431 4863 1662 4908 mortem
1691 4852 1956 4922 effugere,
1999 4853 2102 4906 nisi
2135 4867 2196 4906 ea
2222 4851 2365 4906 fece-

801 4949 901 5017 ris,
935 4963 1055 5018 qua
1085 4962 1116 5001 a
1147 4961 1233 5000 me
1270 4946 1368 5000 tibi
1401 4945 1545 4998 dicta
1567 4954 1715 4999 sunt.
1742 4944 1845 5008 Qui
1884 4952 2066 4996 autem
2093 4953 2216 4996 erat
2238 4957 2365 4996 vere

802 5057 1000 5113 magno
1038 5052 1092 5094 et
1156 5041 1374 5094 excelso
1424 5040 1610 5094 animo
1649 5047 1704 5093 et
1749 5053 1877 5092 vere
1932 5037 2138 5092 Christi
2194 5036 2364 5103 Plato,

803 5133 1167 5205 apparitorem
1200 5130 1416 5199 quidem
1441 5144 1548 5183 non
1606 5130 1789 5200 parvis
1843 5129 2122 5183 incessens
2177 5138 2368 5182 contu-

805 5225 999 5286 meliis,
1027 5223 1076 5276 ei
1114 5238 1174 5276 os
1203 5223 1475 5276 obstruxit
1523 5229 1776 5287 tanquam
1834 5219 1972 5271 malo
2002 5218 2324 5273 consiliario
2351 5235 2364 5271 :

805 5315 1056 5369 interrito
1073 5321 1251 5365 autem
1285 5312 1482 5381 spiritu
1502 5319 1554 5364 et
1575 5312 1759 5362 animo
1792 5309 2074 5373 immobili,
2105 5319 2156 5362 et
2189 5317 2368 5362 mente

807 5421 916 5459 non
951 5405 1289 5473 perturbata,
1314 5401 1500 5456 oculos
1523 5402 1577 5454 in
1607 5401 2143 5462 caelum-extollens,
2197 5400 2368 5451 dixit:

812 5499 1040 5551 Dorsum
1085 5510 1254 5546 meum
1305 5494 1423 5548 dedi
1460 5495 1528 5546 ad
1579 5491 1882 5562 ﬂagella,et
1925 5507 2083 5560 genas
2130 5507 2271 5544 meas
2303 5495 2371 5543 ad

812 5588 998 5654 alapas
1026 5603 1042 5641 ς
1085 5586 1272 5653 {aciem
1304 5595 1478 5638 autem
1527 5599 1696 5636 meam
1723 5599 1822 5636 non
1873 5584 2034 5634 averti
2065 5601 2094 5635 a
2125 5583 2371 5636 dedecore

808 5690 1079 5748 sputorum
1110 5681 1172 5734 “.
1197 5680 1276 5735 Ne
1300 5678 1592 5734 discesseris
1618 5693 1648 5731 a
1680 5693 1779 5746 me,
1845 5677 2077 5745 Domine,
2113 5679 2355 5746 quoniam

921 5805 963 5838 ⁸¹
997 5805 1099 5862 lsa.
1136 5820 1184 5863 ι..
1213 5805 1263 5859 6.

2468 4555 2656 4626 βοηθὸς
2682 4554 2993 4625 προσελθὼν
3017 4555 3243 4626 πλησίον
3266 4555 3360 4608 τοῦ
3389 4557 3545 4623 ἀγίου
3573 4554 3863 4617 Πλάτωνος
3887 4551 4038 4607 εἶπεν

2464 4647 2632 4717 αὐτῷ·
2667 4649 2928 4718 Πείσθητι
2948 4653 3058 4713 τοῖς
3085 4651 3479 4717 προστάγμασι
3507 4648 3600 4699 τοῦ
3625 4648 4036 4719 αὐτοκράτορος

2465 4745 2563 4795 καὶ
2599 4741 2760 4792 θῦσον
2782 4744 2892 4802 τοῖς
2923 4741 3085 4803 θεοῖς,
3121 4742 3213 4792 καὶ
3243 4742 3303 4792 τὸ
3330 4740 3515 4804 κακῶς
3559 4738 3867 4794 ἀποθανεῖν
3911 4743 4036 4810 κέρο

2471 4831 2654 4899 δησον.
2693 4831 2766 4881 Οὺ
2792 4831 2901 4900 γάρ
2953 4830 3178 4884 δύνασαι
3208 4835 3512 4900 ἀποφυγεῖν
3537 4833 3626 4884 τὸν
3660 4832 3920 4898 θάνατον,
3949 4833 4038 4884 ἐὰν

2469 4924 2543 4993 μὴ
2574 4923 2780 4993 ἀνάσχῃ
2810 4924 2915 4975 τῶν
2940 4925 3236 4993 λεχθέντων
3267 4941 3349 4976 σοι
3391 4925 3520 4993 παρ’
3548 4924 3704 4992 ἐμοῦ.
3750 4925 3814 4978 Ὀ
3849 4926 3909 4977 δὲ
3948 4941 4038 4994 με-

2466 5014 2754 5084 γαλόφρων
2791 5015 2883 5064 καὶ
2908 5015 3136 5083 εὐγενὴς
3160 5018 3224 5085 τῇ
3261 5014 3407 5085 ψυχῇ
3457 5015 3550 5066 καὶ
3589 5014 3814 5084 ἀληθῶς
3854 5016 4039 5076 δοῦλος

2466 5105 2559 5157 τοῦ
2584 5103 2822 5174 Χριστοῦ
2850 5105 3076 5158 Πλάτων
3104 5107 3195 5159 τὸν
3250 5107 3352 5175 μὲν
3383 5105 3574 5176 βοηθὸν
3603 5107 3665 5159 οὐ
3703 5107 3926 5177 μικρῶς
3956 5107 4039 5158 ιν·

2468 5195 2716 5265 υὸρίσας,
2741 5195 3100 5265 ἐπεστόμισεν
3131 5197 3206 5260 ὡς
3253 5197 3728 5268 κακοσύμὸουλον,
3783 5198 4040 5268 ἀτρέπτῳ

2467 5287 2523 5339 δὲ
2563 5287 2874 5357 φρονήματι
2901 5289 2992 5340 καὶ
3033 5291 3420 5360 ἀμετακινήτῳ
3451 5294 3517 5359 τῇ
3561 5289 3707 5358 ψυχῇ
3755 5289 3856 5341 καὶ
3909 5291 4021 5344 ἀτα-

2436 5429 2438 5431 .
2475 5383 2622 5451 ράχῳ
2658 5383 2722 5451 τῇ
2749 5380 2953 5450 διανοίᾳ
2982 5381 3266 5444 ἀνατείνας
3293 5383 3418 5443 τοὺς
3461 5379 3779 5450 ὀφθαλμοὺς
3831 5383 3914 5444 είς
3946 5383 4038 5435 τὸν

2470 5474 2697 5543 οὐρανὸν
2732 5469 2883 5524 εἶπεν
2910 5490 2923 5502 ·
2959 5473 3070 5525 Τὸν
3098 5474 3291 5526 νῶτόν
3315 5493 3433 5542 μευ
3473 5474 3666 5528 ἔδωκα
3703 5477 3793 5540 είς
3823 5475 4034 5545 μάστι-

2470 5585 2598 5637 γας,
2627 5571 2732 5633 τὰς
2762 5568 2829 5620 δὲ
2855 5569 3142 5638 σιαγόνας
3181 5571 3646 5640 είς-ῥαπίσματα
3682 5569 3748 5623 τὸ
3768 5571 3840 5624 δὲ
3856 5574 4038 5637 πρόσ·

2464 5665 2623 5717 ωπόι·
2648 5680 2764 5730 μου
2803 5664 2912 5718 οὐκ
2957 5665 3262 5733 ἀπέτρεέά
3315 5666 3430 5719 ἀπὸ
3485 5666 3787 5734 αἰσχύνης
3817 5666 4036 5732 ἐμπτυ-
