4188 6310
197 386 289 445 4ιῖ

1447 380 1619 440 νιτΑ
1676 379 1737 436 S.
1783 373 2173 435 PLATONIS.

3321 372 3426 438 ιιδ

194 498 433 568 emittar
472 491 860 565 ﬂI‘deOO'tﬁc
881 495 980 547 ἀπ’
1005 493 1170 563 ἐμοῦ,
1193 492 1394 559 Κύριε,
1426 493 1514 545 ὅτι
1556 490 1760 558 θλῖψδις

1874 488 2162 556 iﬂlietiones
2196 501 2350 554 prope
2379 487 2419 516 ¹¹
2445 506 2458 552 ;
2491 502 2552 539 ne
2582 488 2711 555 forte
2740 487 2915 539 dicant
2980 495 3187 555 gentes:
3212 485 3308 541 Ubi
3354 499 3427 543 est

195 591 387 659 ἐγγὺς,
422 589 505 657 μή
555 604 700 641 ποτε
749 587 1001 639 εἴπωσιν·
1052 585 1122 637 τὰ
1162 585 1334 651 ἔθνη,
1369 583 1492 637 Ποῦ
1524 584 1692 635 ἔστιν
1725 585 1755 634 o'

198 684 328 748 Θεὸς
352 681 582 745 αὑτοῦ;
608 680 778 741 Αὐτὸς
812 675 924 739 οὖν,
963 677 1159 745 Κύριε,
1201 676 1377 746 Ἰησοῦ
1406 675 1628 743 Χριστὲ,
1664 674 1754 724 εὑ-

200 776 423 842 δόκησον
449 775 526 834 εἰς
557 772 676 840 ἐμὲ,
710 771 796 822 ἵνα
822 768 1044 828 τελείως
1066 767 1164 836 τὴν
1197 766 1493 836 τυραννίδα
1523 763 1615 816 τοῦ
1642 764 1759 816 δια·-

197 864 351 916 ϐόλοῦ
377 863 659 931 διαφυγὼν
702 858 968 929 παραστῶ
1032 855 1366 926 τῷ,βήματί
1429 871 1519 906 σου
1551 853 1627 921 τῷ
1662 869 1753 920 (ξο-

196 957 360 1026 ϐερῷ,
413 956 504 1007 τὶν
555 951 720 1005 καλὸν
773 949 964 1016 ἀγῶνα
1021 947 1470 1016 ἀγωνισάμενοςο
1515 945 1597 998 σοὶ
1653 942 1760 1014 γὰρ

198 1050 396 1117 πρέπει
425 1046 518 1098 καὶ
547 1047 604 1096 ὲν
651 1041 973 1109 ἐκκλησίαις
1029 1040 1120 1091 καὶ
1168 1039 1225 1090 ἐν
1265 1039 1430 1089 παντί
1479 1037 1630 1105 τόπῳ
1663 1037 1760 1103 τῆς

196 1139 508 1200 δεσποτείας
540 1152 634 1187 σου
662 1133 820 1204 τιμὴ,
857 1133 1082 1202 κράτος,
1122 1131 1505 1199 μεγαλωσύνη,
1543 1130 1636 1180 νῦν
1666 1128 1761 1180 καὶ

201 1232 292 1283 ἀεὶ
325 1232 420 1281 καὶ
450 1230 530 1288 εἰς
559 1226 684 1288 τοὺς
709 1227 930 1285 αἰῶνας.
971 1224 1078 1274 Καὶ
1102 1221 1308 1274 πολλῶν
1337 1220 1761 1272 ἐπακουσάντων

195 1325 255 1376 τὸ
300 1321 490 1389 Ἀμὴν,
530 1320 750 1388 ἐσείσθη
787 1322 813 1371 ὁ
842 1319 1007 1380 τόπος
1045 1317 1149 1386 τῆς
1200 1316 1486 1386 βασιλικῆς
1521 1322 1612 1366 και¹
1643 1313 1761 1366 οὐδὲ

195 1417 361 1477 οὕτως
391 1415 623 1482 συνῆκεν
669 1414 696 1464 ὁ
743 1413 1122 1480 Ἀγριππῖνος,
1158 1411 1240 1462 ὃτι
1292 1409 1655 1479 βοτιθοὺμενος
1694 1403 1762 1478 ἦν

195 1508 342 1571 παρὰ
368 1506 462 1558 τοῦ
495 1504 759 1575 Χριστοῦ,
794 1505 908 1556 ἀλλ’
939 1499 1060 1555 εἶπε
1111 1504 1247 1573 πρὸς
1286 1504 1448 1557 αὐτόν
1477 1518 1489 1531 ⁸
1537 1502 1759 1566 Ἀνὸσιε,

193 1599 280 1650 διὰ
319 1596 368 1648 τί
401 1595 544 1648 οῦτω
591 1596 956 1662 ἁπονενόησαι
1019 1594 1113 1647 καὶ
1168 1595 1226 1644 οὗ
1277 1594 1435 1663 φείδῃ
1487 1593 1580 1644 τοῦ
1632 1592 1761 1645 ἰδίου

198 1689 470 1757 σώματος,
507 1687 645 1756 ὁρῶν
683 1687 842 1738 αὑτὸν
871 1687 1043 1747 οὕτως
1096 1684 1370 1756 διαςὸρως
1412 1684 1763 1753 τιμωρούμε-

195 1797 284 1833 νον
305 1797 315 1808 ·
354 1779 604 1846 πείσθητι
636 1777 727 1830 οὖν
757 1795 847 1846 μοι
879 1780 972 1829 καὶ
1021 1778 1182 1828 θῦσον
1209 1781 1320 1838 τοῖς
1367 1776 1529 1837 θεοῖς,
1569 1777 1654 1828 ἵνα
1688 1777 1763 1846 μὴ

196 1870 385 1930 κακῶς
427 1868 731 1937 ἀποθάνῃς.
779 1869 1003 1920 Πλάτων
1050 1864 1204 1918 εἶπεν
1233 1883 1244 1896 ·
1287 1862 1453 1917 Εἰπὸν
1488 1883 1570 1918 σοι
1630 1868 1763 1937 πολ-

194 1959 377 2024 λάκις,
410 1960 504 2009 καὶ
535 1958 629 2009 νῦν
663 1974 746 2008 σοι
802 1957 967 2023 λέγω,
1022 1957 1104 2008 ὅτι
1135 1956 1270 2008 Θεοῦ
1304 1956 1504 2018 ζῶντος
1554 1956 1762 2025 λάτρης

196 2049 313 2118 εἰμὶ
347 2049 438 2101 καὶ
469 2049 662 2101 τούτου
696 2049 762 2099 τὰ
800 2048 1054 2116 δόγματα
1079 2048 1406 2115 καταλείψιι
1431 2048 1490 2099 οὑ
1523 2048 1762 2116 δύναμαι

196 2141 427 2199 καὶτοῖς
463 2140 717 2209 ματαίοις
753 2140 811 2191 τὸ
857 2139 1030 2207 ὄνομα
1072 2139 1257 2208 ἔχουσι
1305 2138 1445 2200 θεοῖς
1495 2140 1608 2200 τοῖς
1644 2137 1761 2190 κίϐ-

194 2231 378 2301 δηλοις
407 2232 615 2293 τούτοις
639 2230 1030 2300 ¹προσκυνῆσαι
1069 2232 1162 2283 καὶ
1217 2233 1480 2300 μυσαροῖς
1530 2231 1767 2292 εἰδώλοις

194 2320 297 2373 οὐκ
321 2319 611 2389 ἀνέχομαι.
665 2318 825 2372 Ἀλλά
852 2318 975 2371 καθ’
1002 2317 1216 2387 ἡμέραν
1263 2318 1322 2368 οὗ
1368 2316 1654 2385 παύσομαι
1691 2316 1768 2385 τῷ

194 2409 319 2478 Θεῷ
349 2410 806 2481 προσευχόμενος,
838 2409 1205 2478 προσπίπτων
1248 2407 1344 2459 καὶ
1385 2407 1640 2474 δεόμενος
1670 2407 1768 2475 τῆς

196 2501 333 2571 παρ’
391 2500 555 2554 αὑτοῦ
616 2499 877 2565 ἀληθινῆς
925 2497 1204 2564 σωτηρίας
1268 2497 1472 2564 τυχεῖν.
1528 2497 1599 2566 Σὺ
1668 2497 1768 2561 δὲ,

210 2592 557 2658 Ἀγριππῖνε,
585 2589 834 2659 ματαίοις
866 2587 1109 2650 εἰδώλοις
1133 2586 1529 2658 προστετηκὼς
1555 2587 1648 2638 καὶ
1676 2587 1768 2639 τὸν

195 2681 325 2735 νοῦν
365 2681 734 2752 σεσυλημένος
772 2681 866 2735 τὸν
919 2683 1001 2745 εἰς
1052 2680 1385 2748 θεογνωσίαν
1425 2697 1485 2732 σε
1541 2679 1769 2732 ἕλκοντα

197 2773 354 2842 παρὰ
403 2771 498 2826 τοῦ
529 2776 737 2845 πατρός
785 2791 878 2827 σου
913 2773 1008 2826 τοῦ
1038 2774 1275 2838 Σατανᾶ,
1316 2773 1410 2825 καὶ
1439 2772 1573 2835 ὅλως
1606 2770 1770 2824 αὑτοῦ

197 2864 515 2932 γενόμενος,
575 2866 670 2918 καὶ
707 2867 789 2922 εἰς
823 2864 922 2935 τὴν
961 2865 1081 2916 ὁδὸν
1129 2864 1227 2933 τῆς
1282 2863 1425 2934 ζωῆς
1469 2865 1647 2917 ἐλθεῖν
1698 2862 1772 2933 μὴ

199 2955 526 3024 βουλόμενος
553 2958 630 3015 εἰς
664 2954 832 3006 αἰῶνα
863 2954 1010 3023 παρὰ
1039 2953 1133 3004 τοῦ
1158 2953 1291 3005 θεοῦ
1318 2954 1409 3005 τοῦ
1446 2953 1773 3022 βοηθοῦντος

203 3064 306 3116 μου
331 3046 697 3117 τιμωρηθήσῃ
731 3045 804 3106 ὡς
835 3043 1138 3112 ἐνυϐρίζων
1166 3045 1295 3106 τοὺς
1329 3043 1550 3104 δούλους
1580 3042 1769 3108 αὐτοῦ,

1863 580 1994 632 Deus
2023 596 2204 632 eorum
2244 580 2282 609 η
2309 580 2330 631 ?
2360 577 2476 632 Tibi
2508 595 2638 648 ergo
2665 579 2891 644 placeat,
2924 595 2956 631 ο
3024 579 3250 634 Domine
3299 583 3427 636 Jesu

1857 669 2109 730 Christe,
2143 680 2199 724 ιιι
2222 686 2320 741 ego
2358 671 2591 725 famulus
2624 681 2767 734 tuus,
2833 671 3068 739 perfecte
3127 673 3429 728 adversarii

1858 762 2126 832 effugiens
2164 763 2527 833 tyrannidem,
2560 778 2684 815 cum
2713 763 2935 815 audacia
2957 771 3008 815 et
3044 762 3234 816 ﬁducia
3268 766 3431 819 sistar

1861 867 1987 910 ante
2013 865 2164 908 tuum
2211 855 2450 909 tribunal
2489 855 2757 919 terribile,
2787 856 2888 910 hoc
2924 859 3152 924 pulchro
3176 857 3430 911 confecto

1862 947 2186 1000 certamine.
2220 944 2296 1000 Te
2330 947 2472 1000 enim
2504 946 2661 1000 decet
2689 955 2744 999 et
2773 947 2824 999 in
2878 945 3134 1000 Ecclesiis
3179 956 3232 1000 et
3281 949 3430 1002 omni

1862 1036 1982 1092 loco
2013 1047 2118 1091 tua:
2150 1038 2541 1092 dominationis
2591 1037 2786 1107 gloria,
2845 1038 3039 1099 honor,
3096 1039 3336 1106 potentia
3377 1048 3434 1092 et

1866 1129 2143 1196 majestas,
2181 1143 2328 1199 nunj:
2365 1136 2416 1181 et
2442 1142 2682 1196 semper,
2718 1136 2772 1180 et
2832 1127 2884 1180 in
2951 1128 3146 1180 sa-cula
3212 1130 3435 1182 sreculo-

1866 1235 2006 1272 rum.
2059 1219 2124 1272 Et
2156 1230 2277 1272 cum
2336 1218 2488 1272 multi
2516 1218 2821 1272 audiissent
2851 1261 2864 1284 ,
2914 1219 3104 1280 Amen.
3145 1230 3325 1274 motus
3352 1231 3435 1274 est

1862 1309 2014 1363 locus
2057 1310 2295 1375 basilicae
2326 1326 2340 1363 :
2377 1319 2526 1364 etne
2568 1310 2646 1363 sie
2690 1310 2910 1379 quidem
2967 1310 3232 1365 intellexit
3272 1313 3435 1366 miser

1862 1407 2212 1475 Agrippinus,
2248 1407 2392 1474 quod
2421 1406 2678 1460 Christus
2708 1408 2756 1460 ei
2790 1407 2962 1461 ferret
3024 1408 3308 1470 auxilium,
3341 1409 3437 1463 sed

1863 1495 2001 1548 dixit
2035 1495 2084 1547 ei
2114 1514 2124 1547 :
2163 1493 2353 1563 impie,
2380 1510 2476 1547 cur
2501 1509 2559 1547 es
2589 1494 2725 1548 adeo
2759 1507 2953 1548 emotae
2993 1499 3211 1559 mentis,
3251 1507 3433 1550 etnon

1866 1585 2039 1655 parcis
2077 1593 2169 1637 tuo
2193 1584 2433 1653 corpori,
2469 1599 2593 1638 cum
2627 1584 2679 1638 id
2714 1586 2892 1639 videas
2920 1586 3084 1638 variis
3114 1587 3289 1640 modis
3311 1595 3421 1638 tam

1866 1678 2061 1731 acerbe
2092 1677 2369 1730 cruciari?
2401 1677 2537 1731 Pare
2567 1692 2696 1747 ergo
2743 1677 2901 1741 mihi,
2940 1687 2993 1732 et
3020 1677 3266 1732 sacriﬁea
3333 1678 3437 1733 diis

1869 1771 2224 1834 intemeratis,
2243 1786 2311 1823 ne
2342 1770 2480 1823 male
2511 1769 2784 1824 moriaris.
2823 1772 3058 1824 Sanctus
3082 1771 3233 1825 Plato
3264 1773 3432 1825 dixit:

1795 1833 1839 1892 Β
1871 1862 1980 1914 Dixi
2010 1860 2105 1916 tibi
2139 1876 2303 1931 saepe,
2336 1861 2469 1930 quin
2507 1861 2670 1914 etiam
2705 1875 2853 1914 nunc
2891 1861 2984 1914 tibi
3021 1863 3164 1927 dico,
3202 1879 3286 1915 me
3318 1878 3437 1917 esse

1868 1953 1957 2006 Dei
1993 1955 2280 2017 cultorem,
2323 1969 2423 2007 nec
2458 1965 2516 2008 ut
2580 1953 2703 2023 ejus
2759 1954 2976 2008 decreta
3033 1955 3297 2017 deseram,
3353 1971 3439 2009 me

1867 2058 2022 2110 posse
2051 2045 2106 2096 iu
2161 2045 2407 2097 animum
2442 2047 2724 2109 inducere,
2780 2061 2881 2099 nec
2939 2053 2997 2098 ut
3045 2060 3140 2100 eos
3192 2047 3438 2110 adorem,

1864 2134 1956 2202 qui
2015 2142 2219 2188 temere
2286 2149 2484 2194 nomen
2551 2135 2754 2188 habent
2818 2138 3065 2200 deorum,
3111 2148 3440 2191 suntautem

1867 2224 2170 2278 adulterina
2194 2234 2248 2278 et
2266 2225 2598 2278 exsecranda
2616 2225 2928 2280 simulacra.
2954 2226 3061 2288 Sed
3090 2243 3194 2280 nou
3214 2229 3442 2281 cessabo

1870 2317 1923 2371 in
1950 2317 2066 2372 dies
2093 2316 2309 2372 assidue
2372 2316 2480 2370 Deo
2516 2333 2636 2372 meo
2677 2319 2961 2385 procidere
3014 2328 3066 2373 et
3108 2335 3231 2375 eum
3264 2335 3441 2386 orare,

1872 2419 1931 2464 ut
1962 2410 2194 2463 salutem
2211 2414 2280 2464 ab
2313 2425 2379 2462 eo
2412 2425 2738 2479 consequar.
2777 2409 2858 2465 Tu
2891 2422 3102 2476 autem,
3144 2414 3445 2483 Agrippina

1873 2511 2128 2570 tyranne,
2154 2502 2306 2554 vanis
2333 2501 2524 2554 atlixus
2584 2503 2911 2565 simulacris,
2943 2513 2998 2556 et
3050 2520 3081 2558 a
3151 2514 3306 2574 patre
3353 2517 3445 2559 tuo

1870 2591 2064 2645 Satana
2083 2593 2322 2660 privatus
2337 2601 2537 2654 mente,
2558 2609 2676 2660 quae
2708 2603 2758 2648 te
2787 2595 3119 2649 trahebatad
3149 2597 3236 2649 Dei
3261 2598 3446 2667 cogni-

1872 2681 2100 2747 tionem,
2133 2692 2188 2737 et
2217 2692 2362 2737 totus
2395 2683 2646 2738 redactus
2681 2685 2734 2739 iu
2766 2687 2883 2756 ejus
2919 2696 3265 2757 potestatem,
3295 2699 3348 2742 et
3379 2689 3446 2743 ad

1871 2774 2014 2830 viam
2047 2776 2172 2829 vita:
2207 2775 2398 2830 nolens
2433 2777 2750 2841 ascendere,
2789 2780 2842 2832 in
2869 2789 3132 2833 azternum
3197 2781 3446 2849 punieris

1873 2881 1903 2920 a
1931 2865 2173 2935 Deo,'qui
2201 2868 2332 2920 mihi
2359 2868 2465 2922 fert
2494 2883 2672 2937 opem.
2729 2869 2900 2934 Quem
2959 2873 3290 2926 contumelia
3335 2872 3452 2926 am-

1873 2957 2041 3021 ciens,
2073 2959 2191 3026 ejus
2220 2974 2407 3012 servos
2437 2961 2600 3014 variis
2669 2962 2955 3016 tormentis
2990 2964 3228 3030 subjicis,
3263 2965 3451 3019 existi-

1872 3063 2031 3100 mans
2063 3056 2113 3101 te
2147 3059 2480 3103 mutaturum
2515 3067 2701 3104 eorum
2732 3055 2933 3107 bonum
2971 3055 3021 3108 in
3056 3055 3222 3109 Deum
3253 3071 3451 3126 prepo-

209 3136 464 3204 οἰόμενος
489 3135 812 3204 μεταϐαλεῖν
857 3135 1036 3186 αὐτῶν
1096 3135 1194 3205 τὴν
1242 3135 1320 3197 εἰς
1375 3133 1508 3188 Θεὸν
1561 3133 1773 3205 ἀγαθὴν
1800 3165 1844 3222 c
1877 3139 2066 3194 situm.

204 3228 554 3298 προαίρεσιν.

276 3321 378 3375 ll".
428 3321 785 3392 Ἀγριππῖνος
817 3319 944 3390 ἔφη·
973 3320 1098 3384 Ἴδε,
1125 3320 1372 3383 Πλάτων,
1406 3320 1506 3371 ὅσα
1532 3336 1589 3371 σε
1615 3317 1775 3373 εἴασα

201 3415 582 3484 φλυαρίσαντα
639 3412 1057 3482 μωρολογῆσαι’
1126 3410 1265 3478 πλὴν
1305 3411 1353 3462 εἰ
1405 3409 1499 3462 καὶ
1555 3409 1778 3473 ἀνάξιος

202 3507 478 3576 ὑπάρχεις
511 3505 618 3557 τῶν
649 3502 780 3572 παρ’
813 3502 967 3571 ἡμῶν
990 3501 1163 3569 λόγων
1189 3501 1280 3555 διὰ
1326 3503 1428 3572 τὴν
1455 3501 1778 3572 θρασύτητά

202 3614 303 3650 σου
338 3598 432 3648 καὶ
466 3593 846 3662 ἀμετάϐλητον
897 3593 1127 3664 καρδίαν
1151 3610 1165 3624 °
1193 3595 1422 3648 ἄκουσον
1453 3596 1589 3665 ὅπερ
1630 3594 1774 3660 λέγω

203 3704 291 3740 σοι
316 3726 328 3738 .
357 3684 623 3748 Πολλάκις
680 3684 852 3738 πολλά
885 3686 1103 3752 ἀκήκοα
1157 3685 1384 3737 τοιαῦτα
1442 3685 1549 3738 τῶν
1584 3676 1775 3754 ὅμολοο

200 3776 450 3846 γοῦντων
481 3776 569 3830 τὸν
602 3775 906 3839 Γαλιλαῖον,
948 3779 1042 3829 καὶ
1066 3775 1242 3838 οὐδεὶς
1278 3775 1536 3830 ἀνέλυσεν
1569 3778 1632 3826 ὲκ
1673 3776 1779 3826 τών

201 3864 357 3937 ἐμῶν
381 3865 583 3936 χειρῶν
617 3866 748 3929 ζῶν,
776 3867 825 3916 εἰ
856 3865 932 3934 μὴ
962 3865 1192 3933 ἐπείσθη
1215 3864 1310 3918 καὶ
1331 3864 1553 3919 ἔθυσεν.
1589 3865 1652 3918 Εἰ
1686 3860 1780 3916 οὖν

207 3960 288 4027 μὴ
317 3958 491 4019 θέλεις
542 3957 873 4027 ἀνασχέσθαι
921 3975 1020 4027 μου
1080 3958 1175 4009 καὶ⁷
1225 3957 1385 4010 θῦσαι
1416 3960 1555 4017 ursi;
1614 3956 1777 4024 θεοῖς,

205 4052 374 4121 βλέπε
409 4050 455 4102 τί
494 4051 712 4118 μέλλεις
742 4051 971 4117 πάσχειν
997 4065 1011 4080 ·
1047 4050 1140 4100 καὶ
1171 4049 1278 4118 γὰρ
1337 4049 1509 4102 πολλὰ
1556 4048 1782 4116 βασανι-

206 4145 414 4214 στήρια
465 4141 720 4212 μένουσίν
781 4157 864 4194 σε.
911 4139 973 4192 '0
1035 4139 1187 4206 ἆγιος
1222 4139 1317 4192 τοῦ
1375 4139 1510 4191 Θεοῦ
1569 4142 1781 4209 μάρτυς

207 4239 439 4290 Πλάτων
473 4234 710 4302 γελάσας
740 4229 894 4284 εἶπεν
921 4246 933 4259 ⁸
975 4231 1184 4298 Ἀθλιε,
1211 4232 1304 4285 καὶ
1325 4230 1664 4302 ταλαίπωρε,
1689 4234 1783 4286 καὶ

209 4325 593 4394 μισάνθρωπε,
633 4324 726 4374 καὶ
757 4322 1026 4391 ἀνήμερε,
1061 4323 1157 4373 καὶ
1207 4323 1386 4390 πάσης
1436 4323 1782 4392 παρανομίας

207 4413 448 4484 ἀρχηγὲ,
471 4413 718 4480 ἁλλότριε
744 4412 836 4464 τοῦ
863 4412 1019 4477 Θεοῦ,
1038 4413 1136 4489 καὶ⁸
1167 4413 1415 4480 ὑπηρέτα
1432 4411 1526 4461 τοῦ
1550 4412 1780 4477 Σατανᾶ,

1947 3314 2086 3368 ΧΙΙΙ.
2109 3315 2444 3385 Agrippinus
2477 3319 2613 3372 dixit
2641 3335 2655 3373 :
2687 3319 2843 3386 Vide,
2885 3319 3062 3382 Plato,
3097 3336 3258 3390 quam
3284 3320 3452 3376 multa

1876 3407 1974 3463 sivi
2006 3416 2057 3462 te
2085 3417 2379 3480 nugantem
2408 3409 2574 3463 stulta
2602 3409 2804 3465 dicere.
2840 3409 2944 3474 Sed
2974 3411 3076 3465 etsi
3103 3411 3178 3465 sis
3200 3412 3455 3482 indiguus

1877 3499 2080 3555 nostris
2113 3501 2460 3555 sermonibus
2492 3511 2713 3571 prepter
2745 3512 2892 3556 tuam
2931 3502 3215 3577 audaciam
3274 3513 3328 3557 et
3357 3520 3455 3557 cur

1879 3591 2233 3657 immutabile,
2289 3593 2415 3647 audi
2473 3593 2617 3662 quod
2727 3594 2823 3646 tibi
2880 3593 3042 3646 dico:
3087 3593 3239 3662 Sirpe
3273 3595 3454 3652 audivi

1879 3683 2043 3735 multa
2090 3685 2358 3752 ejusmodi
2413 3686 2479 3738 ab
2517 3685 2583 3738 iis
2626 3687 2716 3755 qui
2782 3685 3116 3745 conﬁtentur
3145 3684 3453 3751 Calibeum,

1881 3789 1981 3826 nec
2014 3774 2156 3829 ullus
2191 3776 2419 3830 recessit
2443 3775 2600 3854 vivus
2640 3793 2667 3828 a
2709 3778 2846 3833 meis
2893 3779 3167 3840 manibus,
3199 3778 3302 3830 nisi
3335 3795 3456 3845 per-

1881 3877 2076 3918 suasus
2124 3866 2196 3920 sit
2239 3873 2295 3920 et
2351 3865 2695 3923 sacrificarit.
2752 3866 2809 3921 Si
2863 3882 2993 3938 ergo
3040 3883 3149 3922 non
3185 3869 3264 3922 vis
3321 3869 3456 3924 mihi

1884 3972 2088 4010 morem
2121 3972 2334 4026 gerere,
2390 3967 2443 4010 et
2496 3958 2599 4011 diis
2644 3959 2975 4023 sacriﬁcare,
3029 3961 3149 4014 vide
3198 3961 3326 4029 quid
3384 3961 3460 4016 sis

1882 4063 2169 4115 passurus.
2199 4047 2276 4102 Te
2307 4049 2451 4103 enim
2475 4050 2643 4121 multa
2680 4061 2903 4104 manent
2938 4053 3315 4117 tormenta,.si
3347 4069 3456 4108 non

1882 4137 2155 4191 audiveris
2175 4155 2259 4191 me
2281 4135 2372 4191 tibi
2395 4140 2790 4194 consulentem.
2814 4140 3048 4195 Sanctus
3065 4153 3244 4196 autem
3260 4144 3457 4198 Christi

1883 4238 2081 4298 martyr
2101 4227 2399 4281 Platodisit
2424 4246 2435 4281 :
2464 4226 2653 4282 Inlelix
2688 4231 3077 4291 etinhumaue,
3117 4242 3169 4284 et
3211 4235 3460 4290 homines

1886 4321 2094 4374 habens
2115 4321 2259 4380 odio.
2277 4331 2531 4374 etauctor
2548 4337 2608 4373 ae
2625 4323 2876 4390 princeps
2893 4323 3069 4377 munis
3088 4322 3406 4392 iniquitatis,
3430 4343 3460 4380 ιι

1887 4410 1994 4463 Deo
2025 4412 2202 4464 aliene
2229 4422 2280 4463 et
2317 4412 2566 4464 minister
2591 4410 2823 4472 Satauie,
2882 4423 2936 4464 et
2995 4415 3165 4468 barres
3207 4416 3342 4484 ignis
3369 4435 3460 4486 ge-

209 4507 312 4556 καὶ
341 4507 436 4574 τῆς
473 4505 698 4572 γεέννης
724 4502 819 4553 τοῦ
879 4502 1050 4571 πυρὸς
1080 4500 1412 4569 κληρονόμε,
1468 4502 1562 4552 καὶ
1597 4503 1775 4573 πάσης

1891 4501 2105 4567 liennze,
2132 4513 2184 4556 et
2217 4503 2379 4574 digne
2429 4504 2575 4557 oumi
2601 4504 2848 4572 suplicio,
2878 4518 2986 4556 non
3015 4520 3098 4557 me
3142 4516 3346 4560 terrent
3374 4517 3461 4569 tua

206 4601 394 4666 δεινῆς
424 4597 696 4657 κολάσεως
751 4595 891 4660 ἄξιε,
920 4595 980 4646 οὐ
1016 4593 1263 4645 πείθουσί
1299 4609 1364 4662 με
1401 4595 1448 4645 οἰ
1481 4594 1626 4662 λόγοι
1659 4611 1775 4647 σου·

206 4692 257 4742 εἰ
295 4687 460 4758 γάρὸ
491 4687 621 4757 ὲμὸς
671 4687 948 4754 Δεσπότης
995 4686 1229 4757 Χριστὸς
1281 4687 1343 4737 τὸ
1395 4686 1591 4738 ἑαυτοῦ
1645 4683 1785 4756 αἷμα

206 4780 432 4849 ἐξέχεεν
495 4782 635 4851 ὑπὲρ
677 4779 834 4848 ἐμοῦ,
870 4780 956 4831 ἵνα
991 4779 1100 4829 ἀπὸ
1173 4780 1352 4846 πάσης
1404 4779 1634 4848 ἀνομίας
1694 4781 1787 4832 τὸν

209 4874 421 4940 κόσμον
451 4871 616 4922 αὑτοῦ
646 4870 1018 4939 λυτρώσηται,
1073 4871 1227 4938 πόσῳ
1283 4870 1488 4940 μᾶλλον
1542 4871 1703 4939 ἡμεῖς
1738 4873 1786 4923 οἱ

208 4961 532 5033 ἁμαρτωλοὶ
555 4960 846 5031 ὀφείλομεν
875 4961 1243 5032 ἀποθνήσκειν
1279 4964 1420 5034 ὑπὲρ
1473 4964 1658 5029 αὑτοῦ,
1699 4965 1784 5016 ἵνα

211 5057 320 5109 κᾶν
344 5056 435 5108 διὰ
468 5055 655 5106 τούτου
679 5055 1028 5125 εὐγνώμονες

211 5150 490 5219 Δεσπῦτῃ.

289 5243 389 5296 IA'.
445 5242 504 5294 Ὀ
528 5243 582 5294 δὲ
623 5243 984 5314 Ἀγριπτιῖνος
1018 5241 1356 5311 προσέταξεν
1395 5242 1788 5312 λωροτομηθῆ-

213 5351 308 5386 ναι
344 5335 505 5386 αὑτὸν
528 5336 698 5386 εἰπών
725 5351 737 5365 ο
797 5335 858 5386 Εἰ
889 5335 998 5405 ἄρα
1058 5334 1320 5404 βοηθήσει
1374 5335 1537 5387 αὐτὸν
1569 5335 1595 5384 ὁ
1656 5335 1789 5399 Θεὸς

215 5423 306 5492 ἐφ’
343 5416 388 5491 ᾧ
419 5425 648 5489 ἐλπίζει,
682 5424 789 5477 τῶν
829 5427 884 5477 δὲ
912 5425 1209 5495 βασιλικῶν
1237 5427 1534 5492 διατάξεων
1571 5427 1790 5478 καὶτῶν

216 5517 506 5588 ἡμετέρων
543 5518 982 5584 προσταγμάτων
1018 5517 1408 5586 καταφρονῶν.
1449 5517 1606 5569 Κοιὶὸ
1633 5515 1788 5582 ἅγιος

222 5610 452 5662 Πλάτων
509 5606 751 5669 ἀκούσας
791 5607 963 5660 ταῦτα
1015 5602 1211 5660 εἶπεν·
1271 5606 1646 5659 Ἀναιδέστατε
1700 5606 1792 5658 καὶ

1112 5056 1369 5126 ὀφθῶμεν
1400 5056 1476 5126 τῷ
1534 5058 1787 5128 ὑμετέρῳ

328 5789 368 5821 ⁸⁸
407 5785 548 5841 Psal.
583 5774 815 5853 331,“,
856 5785 935 5839 l“2.
1084 5786 1126 5815 ¹³
1150 5787 1293 5840 Psal.
1328 5801 1552 5850 Lxxvui,
1585 5784 1666 5839 10.

1890 4595 2076 4660 verba,
2112 4611 2212 4648 nec
2238 4597 2398 4649 utinm
2423 4597 2552 4648 mihi
2583 4597 2938 4663 persuadent.
2975 4595 3121 4650 Meus
3158 4599 3303 4652 enim
3362 4598 3466 4651 Du-

1891 4687 2072 4740 minus
2103 4701 2198 4753 pro
2230 4701 2313 4738 me
2332 4703 2488 4739 suum
2515 4686 2705 4739 eﬂ'udit
2745 4690 3086 4755 sanguinem,
3114 4697 3171 4742 ut
3203 4692 3461 4744 mundum

1891 4777 2185 4830 redimeret
2218 4776 2286 4829 ab
2309 4777 2799 4844 omniiniquitate:
2840 4789 3045 4846 quanto
3111 4783 3287 4849 magis
3362 4799 3465 4836 nos

1892 4875 2208 4936 peccatores
2239 4869 2505 4921 debemus
2527 4869 2758 4937 proipso
2787 4872 2945 4929 mori,
3010 4881 3066 4924 ut
3096 4873 3175 4923 vel
3213 4887 3308 4938 per
3360 4871 3464 4927 hoc

1890 4958 2026 5027 grati
2051 4968 2104 5013 et
2167 4958 2418 5014 beneﬁcii
2473 4975 2741 5013 memores
2773 4961 3170 5028 conspiciamur
3242 4965 3466 5016 Domino

1893 5059 2078 5111 nostro
2106 5049 2232 5102 Jesu
2255 5048 2494 5104 Christo.

1964 5240 2105 5294 XIV.
2141 5239 2388 5296 Vicarius
2424 5250 2601 5295 autem
2640 5242 2974 5313 Agrippinus
3005 5256 3125 5294 cum
3167 5240 3280 5293 haec
3311 5241 3466 5293 audi-

1895 5333 2082 5398 visset,
2169 5342 2223 5386 et
2276 5349 2472 5404 magno
2547 5336 2727 5388 lurore
2794 5342 2938 5387 esset
3010 5331 3471 5400 percitus,jussit

1893 5439 2016 5478 eum
2083 5423 2213 5476 credi
2288 5424 2439 5488 loris,
2499 5426 2727 5478 dicens:
2763 5422 3052 5484 Videamus
3106 5438 3174 5475 an
3224 5423 3363 5475 Deus
3402 5422 3471 5476 sit

1897 5517 1945 5570 ei
2005 5530 2160 5584 Opem
2218 5514 2448 5580 laturus,
2517 5518 2570 5570 in
2603 5533 2710 5585 quo
2769 5531 3001 5584 sperans
3097 5513 3471 5583 imperatorias

1899 5607 2319 5662 constitutiones
2347 5610 2721 5663 contemnitet
2751 5618 2934 5662 nostra
2983 5607 3154 5676 jussa.
3239 5604 3472 5661 Sanctus
