4188 6310
760 374 865 440 419

2084 364 2362 426 MENSIS
2400 363 2689 424 JULlUS.

3893 360 3992 424 420

755 503 936 548 autem
973 492 1139 554 Plato,
1163 492 1248 545 his
1274 489 1494 550 auditis.
1523 487 1661 541 dixit
1697 501 1711 538 :
1741 483 2223 555 lmpudentissime
2271 492 2324 536 et

2430 479 2741 549 μιαρώτατε
2778 476 2927 529 κύων
2971 476 3062 529 καὶ
3093 473 3346 544 βασάνων
3394 474 3697 546 κακουργὲ,
3726 476 3988 545 ἑπινοητά

764 585 1188 640 sceleratissime
1212 582 1381 646 canis,
1412 594 1675 633 novorum
1707 586 2096 651 tormentorum
2133 574 2323 628 inven-

757 688 843 733 tor
881 688 934 731 et
965 677 1299 746 excogitator
1334 673 1630 743 Agrippine
1675 690 1686 724 :
1735 670 2125 723 convenienter
2178 668 2323 720 enim

756 780 851 825 tuo
872 769 1035 822 animi
1056 769 1235 823 studio
1260 776 1313 822 et
1337 767 1588 819 instituto
1610 765 1708 818 fuit
1728 764 1794 817 ab
1826 762 2090 815 initiotibi
2128 775 2323 813 nomen

756 862 1092 931 impositum.
1130 861 1200 912 Es
1217 858 1359 911 enim
1385 857 1610 928 agrestis
1636 855 1853 924 quidam
1876 855 2054 921 lupus,
2080 860 2133 904 et
2164 850 2326 903 cﬂ‘re-

755 962 916 1006 natus
939 962 1195 1018 tanquam
1219 963 1391 1017 equus
1421 947 1735 1008 indomitus,
1802 960 1896 998 eos
1983 942 2327 1012 praecipitans

755 1044 848 1113 qui
906 1051 1209 1111 sequuntur
1262 1040 1634 1109 impudentem
1682 1047 1737 1091 et
1786 1037 2102 1091 sceleratam
2182 1045 2324 1087 tuam

757 1144 1014 1190 mentem.
1061 1134 1221 1186 Miser
1250 1141 1305 1185 et
1371 1130 1581 1189 infelix.
1627 1143 1760 1181 esne
1816 1128 1951 1181 adeo
2020 1125 2218 1180 stultus
2275 1133 2327 1177 et

756 1227 1042 1296 insipiens,
1072 1232 1128 1279 et
1157 1232 1465 1278 excaecatus
1522 1237 1547 1272 a
1582 1232 1735 1288 patre
1778 1229 1871 1273 tuo
1915 1217 2162 1271 Satana?
2207 1214 2325 1267 Non

755 1321 928 1378 vides,
954 1313 1411 1385 quemadmodum
1467 1309 1718 1365 Christus
1775 1308 1902 1361 mihi
1943 1310 1993 1360 in
2048 1306 2327 1375 prioribus

752 1398 924 1462 adfuit
962 1404 1377 1466 tentationibus,
1403 1411 1459 1457 et
1491 1417 1633 1454 nunc
1672 1416 1886 1469 quoque
1927 1399 2104 1462 adeSt,
2140 1398 2327 1450 levans

752 1516 905 1555 meos
961 1498 1193 1561 labores,
1250 1507 1305 1551 et
1369 1510 1567 1549 curans
1634 1494 1906 1562 plagarum
1961 1500 2139 1554 notas,
2207 1502 2328 1557 quae

744 1590 781 1646 ἐ
814 1602 864 1645 te
896 1591 1027 1644 mihi
1061 1589 1480 1656 imprimuntur;
1528 1596 1602 1648 et,
1636 1594 1695 1638 ut
1745 1584 1910 1637 semel
1948 1584 2143 1643 dicam.
2184 1596 2326 1633 nun-

752 1698 912 1751 quam
944 1680 1162 1749 reliquit
1184 1694 1279 1732 eos
1311 1678 1400 1746 qui
1431 1677 1532 1744 ipsi
1566 1675 1848 1751 serviunt?
1883 1672 1987 1727 Fac
2008 1688 2133 1742 ergo
2164 1686 2325 1739 quam

752 1773 1039 1828 celerrime
1089 1786 1149 1825 ea
1189 1784 1308 1839 qua:
1361 1779 1452 1821 tuo
1498 1748 1691 1821 sedent
1734 1766 1936 1827 animo,
1988 1774 2043 1819 ut
2093 1779 2186 1834 per
2219 1774 2330 1817 tor-

2441 573 2762 639 Ἀγριππίνε
2792 572 2802 619 !
2833 568 2967 635 πρὸς
2993 568 3101 635 γὰρ
3137 566 3235 637 τὴν
3262 568 3582 636 προαίρεσιν
3607 569 3704 636 τὴν
3731 567 3790 632 ἐξ
3822 568 3992 637 ἀρχῆς

2428 660 2657 729 ἐπετέθη
2690 677 2771 712 σοι
2794 661 2890 712 καὶ
2928 660 2985 711 τὸ
3021 660 3190 728 ὖνομα
3213 674 3225 688 ·
3261 660 3452 728 ἄγριος
3490 659 3601 729 γάρ
3634 677 3718 721 τις
3743 658 3992 729 καθάπερ

2428 755 2592 814 ἵππος
2623 754 2909 821 ὑπάρχεις,
2948 753 3279 821 ἀχαλίνωτος
3313 752 3625 822 κρεμνίζων
3653 753 3779 812 τοὺς
3804 752 3991 815 ἐξακο-

2428 845 2753 906 λουθοῦντας
2777 846 2841 913 τῇ
2876 844 3145 912 μιαιφόνῳ
3170 861 3261 895 σου
3291 843 3505 913 γνώμῃ.
3527 842 3797 896 Τοσοῦτον
3823 846 3995 914 ὑπάρ-

2429 953 2543 1005 χεις
2579 936 2767 1004 ἄφρων
2796 936 2888 987 καὶ
2922 934 3239 1004 ἐτυφλώθης
3267 935 3416 1004 παρὰ
3456 936 3551 1007 τοῦ
3603 937 3823 1005 πατρός
3880 953 3992 999 σου,

2429 1028 2522 1081 τοῦ
2548 1030 2778 1089 Σατανᾶ,
2806 1030 2901 1081 καὶ
2923 1030 3018 1096 οὐχ
3045 1029 3174 1098 δρᾷς
3202 1028 3316 1089 πῶς
3353 1029 3445 1079 καί
3478 1031 3533 1080 ὲν
3562 1030 3677 1091 τοῖς
3709 1029 3994 1097 προτέροις

2428 1122 2674 1190 παρέστη
2717 1137 2842 1190 μοι·
2881 1121 2975 1172 καὶ
3009 1123 3066 1171 ἐν
3095 1122 3207 1181 τοῖς
3239 1120 3521 1187 δευτέροις
3547 1120 3602 1172 δὲ
3644 1122 3995 1189 παρέστηκεν

2426 1215 2453 1265 ὁ
2480 1214 2734 1283 Χριστὸς,
2767 1212 3137 1279 ἐπικουφίζων
3165 1212 3293 1274 τοὺς
3326 1213 3525 1269 πόνους
3552 1213 3645 1263 καὶ
3668 1211 3993 1281 θεραπεύων

2426 1305 2552 1365 τοὺς
2587 1303 2737 1373 παρὰ
2770 1305 2852 1355 σοί
2883 1319 2972 1371 μοι
3003 1304 3338 1370 γενομένους
3369 1307 3476 1355 τῶν
3502 1304 3731 1373 πληγῶν
3758 1305 3959 1365 τόπους
3979 1319 3992 1333 ⁵

2429 1398 2521 1449 καὶ
2557 1396 2744 1457 ἁπλῶς
2772 1395 2901 1463 ἐρῶ,
2934 1395 3197 1447 οὐδέποτε
3227 1396 3636 1465 καταλιμπάνει
3664 1399 3796 1457 τοὺς
3829 1394 3993 1448 αὑτοῦ

2426 1488 2664 1549 δούλους.
2692 1488 2840 1540 Ποίει
2866 1486 2959 1540 οὗν
3008 1488 3074 1540 τὰ
3108 1488 3498 1557 παριστάμενά
3547 1505 3629 1541 σοι
3658 1490 3715 1539 ἐν
3761 1488 3992 1550 τούτοις,

2431 1582 2516 1633 ἵνα
2551 1581 2642 1631 καὶ
2674 1579 2759 1632 διὰ
2788 1580 2895 1632 τῶν
2927 1578 3181 1649 βασάνων
3231 1580 3341 1632 τῶν
3389 1580 3861 1648 προσφερομένων
3907 1596 3995 1647 μοι

2430 1677 2521 1726 καὶ
2547 1675 2655 1728 τῶν
2691 1675 2967 1741 αἰκισμῶν
3003 1671 3193 1743 γνώσῃ
3228 1673 3320 1726 τὸν
3383 1671 3683 1741 βοηθοῦντα
3736 1671 3991 1740 Χριστὸν,

2429 1766 2520 1819 τὸν
2550 1766 2702 1834 παρὰ
2730 1768 2829 1835 τῆς
2866 1766 2962 1834 σῆς
2989 1765 3271 1835 Θεομάχου
3296 1763 3544 1836 γλώττης
3572 1763 3665 1816 νῦν
3701 1762 3995 1833 ὑϐριζόμε-

753 1874 957 1931 menta,
993 1880 1113 1933 quae
1171 1862 1299 1915 mihi
1348 1859 1677 1922 inferuntur,
1732 1868 1786 1912 et
1836 1858 2084 1925 indignas
2121 1855 2325 1923 plagas,

2430 1874 2540 1910 νον.
2584 1858 2724 1920 Ἐγὼ
2755 1856 2863 1925 γὰρ
2899 1857 3006 1925 ἔχω
3032 1856 3129 1925 τὴν
3156 1855 3320 1908 αὑτοῦ
3347 1855 3594 1924 βοήθειαν
3623 1852 3995 1923 συνεργοῦσάν

751 1968 1043 2023 cognoscas
1080 1952 1358 2005 Christum
1411 1949 1539 2001 mihi
1570 1963 1729 2017 opem
1780 1948 1938 2009 ferre,
1992 1947 2083 2016 qui
2124 1962 2153 1999 a
2201 1956 2317 2010 tua,

751 2058 870 2113 qua:
896 2060 1017 2098 cum
1050 2043 1159 2097 Deo
1185 2048 1408 2111 pugnat,
1451 2041 1632 2109 lingua
1672 2053 1819 2092 nunc
1851 2038 2083 2091 afﬁcitur
2128 2048 2320 2092 contu-

2432 1964 2547 2017 μοι,
2588 1949 2682 1999 καὶ
2717 1947 2777 1999 οὐ
2806 1945 3194 2016 φοϐηθήσομαι
3246 1947 3471 2009 σουλτὰς
3507 1946 3743 2007 ἀπειλὰς
3777 1946 3870 1999 καὶ
3901 1945 3995 2005 τὰς

2424 2039 2716 2110 τιμωρίας.

752 2139 933 2195 melia.
961 2137 1070 2209 Ego
1101 2136 1246 2191 enim
1278 2150 1493 2207 semper
1527 2136 1736 2190 habens
1769 2150 1947 2205 opem.
1980 2149 2099 2203 qua:
2128 2135 2195 2190 ab
2218 2150 2281 2189 eo
2306 2135 2437 2188 mihi
2463 2136 2656 2201 fertur,
2686 2151 2793 2190 non
2821 2135 3022 2191 timebo
3063 2145 3183 2189 tuas
3218 2134 3415 2198 minas,
3455 2149 3635 2203 neque
3667 2133 3851 2187 varios
3876 2140 3996 2184 tuos

755 2230 1051 2285 Cruciatus.

824 2320 941 2375 XV.
978 2321 1209 2375 Ministri
1237 2329 1417 2375 autem
1448 2321 1665 2374 Satanae
1713 2320 1819 2373 cito
1848 2319 2096 2372 fecerunt
2151 2320 2322 2388 impe-

756 2422 896 2475 rata,
962 2421 1016 2466 et
1066 2412 1468 2481 quamprimum
1547 2420 1799 2477 tanquam
1859 2410 2153 2462 inanimum
2197 2424 2321 2462 eum

761 2512 1048 2573 tangentes
1091 2512 1345 2565 statuam,
1394 2502 1564 2555 sancti
1608 2501 1849 2555 membra
1894 2501 2323 2555 conscindebant

757 2593 1647 2661 hnmisericorditer,incipientes
1669 2594 1736 2647 ab
1768 2594 2030 2647 humeris.
2090 2593 2324 2647 Sanctus

755 2696 939 2739 autem
967 2686 1117 2738 Plato
1145 2685 1357 2740 dicebat
1395 2702 1407 2738 :
1442 2684 1766 2752 Exspectans
1796 2687 2091 2751 exspectavi
2142 2686 2323 2737 Domi-

758 2790 899 2837 num,
953 2784 1000 2827 et
1045 2776 1267 2826 intendit
1316 2774 1442 2825 mihi
1503 2783 1549 2825 et
1598 2774 1861 2826 exaudirit
1905 2774 2323 2837 deprecationem

758 2884 928 2920 meam
989 2868 1050 2919 “.
1126 2867 1326 2920 Omnes
1385 2877 1564 2919 autem
1637 2866 1729 2934 qui
1805 2881 1926 2919 eum
1990 2866 2325 2934 aspiciebant

759 2977 900 3030 aegre
947 2961 1437 3037 ferebantpropter
1474 2962 1521 3013 ei
1575 2960 1780 3013 illatum
1825 2960 2150 3016 cruciatum.
2198 2960 2325 3014 Erat

762 3052 907 3104 enim
966 3051 1295 3119 Agrippinus
1369 3065 1529 3120 supra
1606 3052 1823 3105 modum
1894 3052 2229 3107 inhumanus
2270 3059 2326 3105 et

761 3138 924 3207 plane
968 3138 1133 3191 ferus.
1190 3138 1450 3208 Egregius
1492 3154 1619 3193 vero
1657 3141 1860 3193 Christi
1906 3142 2108 3193 athleta
2154 3141 2324 3205 Plato,

762 3242 1016 3299 tanquam
1047 3232 1211 3285 turris
1240 3234 1483 3299 qua-dam
1530 3248 1649 3301 qua:
1679 3234 1941 3300 pulsatur,
1970 3232 2325 3286 inconcussus

761 3338 991 3376 manens
1014 3332 1067 3376 et
1084 3324 1338 3377 immotus
1361 3333 1586 3394 prOpter
1602 3339 1754 3378 suam
1776 3323 1931 3378 ﬁdem
1951 3325 2001 3377 in
2024 3323 2321 3388 Christum,

763 3416 1036 3469 insomnis
1055 3417 1453 3485 quodammodo
1472 3418 1709 3485 torqueri
1729 3418 2032 3471 videbatur.
2055 3417 2163 3471 Hoc
2180 3420 2325 3470 enim

762 3516 1091 3559 tormentum
1123 3522 1233 3558 non
1261 3505 1578 3570 formidans,
1627 3522 1802 3575 neque
1837 3508 1905 3560 ab
1940 3522 2004 3561 eo
2064 3507 2324 3576 obstupe-

763 3596 962 3659 factus,
988 3613 1095 3650 non
1132 3598 1301 3651 solum
1328 3599 1521 3667 pusillo
1558 3608 1612 3655 et
1640 3598 1848 3667 abjecto
1883 3599 2063 3652 animo
2086 3614 2190 3652 non
2212 3612 2327 3652 ces-

761 3691 874 3743 sit:
914 3691 1008 3743 sed
1041 3706 1099 3743 se
1153 3691 1446 3743 ostendens
1474 3692 1897 3759 magnanimum,
1932 3692 2103 3743 lorum
2157 3706 2322 3745 unum

764 3793 795 3833 e
830 3793 931 3832 suo
964 3779 1132 3833 latere
1170 3781 1415 3835 evulsum
1448 3797 1509 3835 ex
1562 3782 1625 3836 iis
1659 3798 1777 3851 quae
1833 3783 2051 3837 lictores
2103 3796 2167 3835 ex
2208 3784 2326 3850 ejus

761 3884 997 3939 corpore
1054 3870 1470 3930 abscindcbant,
1526 3872 1753 3938 projecit
1802 3882 1927 3924 ante
1977 3873 2213 3926 tribunal
2239 3872 2328 3942 ju-

762 3960 922 4022 dicis,
987 3960 1174 4015 dicens
1234 3977 1247 4015 :
1309 3959 1764 4015 lnhumanissime
1816 3970 1869 4015 et
1912 3964 2165 4016 omnibus
2197 3963 2325 4017 feris

761 4051 1264 4115 smvior,esto,cor
1312 4059 1463 4104 tuum
1523 4061 1605 4105 cst
1659 4051 1794 4104 adeo
1850 4060 2200 4117 excaecatum,
2266 4057 2325 4106 ut

761 4142 934 4197 Deum
963 4157 1372 4211 nonagnoscas,
1396 4143 1484 4209 qui
1520 4142 1588 4195 ad
1650 4156 1801 4194 suam
1864 4158 1965 4195 nos
2024 4144 2148 4197 fecit
2194 4144 2327 4197 ima-

763 4233 941 4304 ginem
987 4255 1001 4288 :
1062 4233 1331 4303 quomodo
1362 4248 1468 4286 non
1515 4235 1791 4287 misereris
1818 4235 2077 4303 corporis,
2131 4236 2322 4290 iisdem

764 4326 963 4395 quibus
991 4335 1069 4388 tu,
1096 4326 1314 4380 obnoxii
1357 4327 1823 4395 perpessionibus,
1860 4328 2002 4394 quod
2055 4331 2325 4381 membra-

765 4418 860 4470 tim
897 4417 1307 4471 conscinditur:
1343 4418 1540 4471 sedtibi
1564 4428 1645 4471 est
1670 4418 1927 4486 voluptati
1959 4422 2323 4473 membrorum

2500 2319 2598 2372 IE'.
2637 2319 2700 2371 Οἰ
2732 2317 2787 2369 δὲ
2826 2319 3097 2386 ὑπηρέται
3128 2318 3325 2371 θᾶττον
3374 2319 3593 2372 ἐποίουν
3646 2319 3715 2372 τά
3760 2334 3999 2388 προστα.⁴

2425 2410 2625 2481 χθέντα
2679 2412 2864 2473 αὐτοῖς
2910 2413 3005 2462 καὶ
3062 2412 3200 2479 μετὰ
3258 2411 3457 2463 πολλοῦ
3516 2410 3610 2463 τοῦ
3665 2410 3997 2479 τάχους,ὡς

2425 2503 2633 2573 ἀψύχου
2668 2504 2980 2573 ἀνδριάντος
3007 2505 3326 2570 ἁπτόμενοι,
3350 2503 3590 2573 ἀνηλεῶς
3616 2503 3682 2554 τὰ
3710 2502 3804 2555 τοῦ
3839 2505 3996 2567 ἁγίου

2427 2597 2765 2663 κατέτεμνόν
2795 2595 2928 2664 μέλη
2971 2588 3079 2646 ἀπὸ
3115 2595 3221 2645 τῶν
3252 2594 3419 2662 ὤμων
3476 2595 3802 2665 ἀρξάμενοι.
3858 2595 3915 2649 ’0
3941 2596 3997 2648 δδ

2430 2686 2584 2753 ἆγιος
2635 2688 2859 2738 Πλάτων
2911 2686 3127 2755 ἔλεγεν·
3189 2686 3520 2755 Ὺπομένων
3572 2687 3869 2754 ὑπέμεινα
3896 2690 3999 2737 τὸν

2431 2780 2668 2845 Κύριον,
2702 2778 2797 2831 καὶ
2844 2782 3190 2847 προσέσχεν
3218 2796 3317 2847 μοι
3347 2777 3443 2831 καὶ
3478 2778 3849 2846 εἰσήκουσεν
3893 2776 3997 2843 τῆς

2431 2869 2695 2936 δεήσεὼς
2731 2888 2870 2939 μου.
2907 2872 3014 2924 Καὶ
3068 2870 3313 2932 ἅπαντες
3361 2875 3407 2924 οἰ
3444 2871 3779 2941 Θεωροῦντες
3836 2872 3996 2924 αὑτὶν

2431 2959 2834 3010 ἀπεδυσπέτουν
2863 2959 2950 3009 διὰ
2972 2961 3067 3027 τὴν
3093 2961 3368 3028 τιμωρίαν
3399 2960 3498 3030 τὴν
3530 2960 3995 3030 προσενεχθεῖσαν

2433 3046 2581 3117 αύτῷ
2609 3063 2620 3075 ⁸
2650 3041 2723 3116 ἦν
2755 3047 2859 3117 γάρ
2890 3047 2916 3099 ὁ
2963 3048 3317 3116 Ἀγριππίνος
3343 3049 3794 3121 ὑπερϐαλλόντως
3828 3050 3999 3103 ἁπαν-

2354 3137 2400 3197 C
2435 3140 2671 3208 Θρωπος.
2716 3140 2774 3192 '0
2794 3140 2846 3192 δὲ
2879 3143 3123 3206 γενναῖος
3147 3140 3385 3211 ἀθλητὴς
3407 3144 3500 3195 τοῦ
3532 3143 3772 3211 Χριστοῦ
3807 3143 3995 3210 ὥσπερ

2427 3247 2509 3291 τις
2543 3230 2747 3298 πύργος
2796 3230 3123 3298 βαλλόμενος
3177 3234 3270 3283 καὶ
3315 3234 3611 3295 ἀσάλευτος
3669 3236 3856 3300 μένων
3901 3236 3996 3283 καὶ

2428 3320 2848 3390 ἀμετακίνητος,
2898 3322 2956 3373 ὲν
2981 3321 3214 3388 ὀνείροις
3245 3321 3421 3374 ἐδόκει
3450 3323 3847 3392 βασανίζεσοαι
3877 3340 3889 3350 ο
3926 3323 3996 3390 μὴ

2426 3413 2701 3475 δειλιάσας
2734 3414 2840 3482 γὰρ
2866 3414 2965 3480 τὴν
2999 3413 3232 3483 βάσανον
3274 3406 3478 3483 ταύτην
3528 3416 3665 3485 μηδὲ
3706 3416 3997 3469 καταπλα-

2428 3509 2543 3576 γεὶς
2577 3510 2665 3561 ὑπ’
2695 3511 2885 3579 αὐτῆς,
2914 3512 2973 3563 ού
3013 3512 3175 3581 μόνον
3198 3513 3297 3565 οὐκ
3326 3513 3588 3569 ἐνέδωκεν
3618 3516 3992 3589 ὀλιγωρήσας,

2427 3602 2562 3653 ἀλλὰ
2598 3605 2705 3671 γὰρ
2743 3606 2832 3653 καὶ
2868 3603 3351 3672 μεγαλοψυχήσας,
3380 3605 3557 3675 λῶρον
3589 3608 3685 3658 ἕνα
3734 3610 3991 3661 ἀποσπά-

2429 3710 2527 3755 σας
2562 3694 2623 3744 ὲκ
2660 3694 2757 3762 τῆς
2808 3694 2974 3746 αὐτοῦ
3034 3696 3274 3765 πλευρᾶς
3326 3694 3383 3747 ὃν
3440 3696 3488 3748 οἰ
3540 3696 3729 3767 δήμιοι
3768 3699 3995 3765 ἔτεμνον

2428 3782 2535 3834 άπὸ
2566 3782 2661 3834 τοῦ
2704 3783 2958 3851 σώματος
2987 3784 3174 3849 αὑτοῦ,
3203 3783 3427 3855 ἔρριψεν
3471 3785 3576 3854 πρὸ
3617 3785 3711 3838 τοῦ
3746 3785 3997 3856 βήματος

2427 3874 2518 3924 τοῦ
2546 3874 2802 3925 δικαστοῦ
2828 3874 3002 3941 λέγων
3027 3889 3040 3901 ·
3097 3875 3583 3942 Ἀσυμπαοέστατε
3641 3878 3739 3930 καὶ
3776 3881 3996 3932 πάντων

2428 3964 2630 4036 θηρίων
2675 3964 3001 4035 ἀγριώτατε,
3026 3968 3150 4035 ή,κσ
3163 3967 3282 4037 ρδία
3312 3984 3403 4019 σου
3428 3967 3600 4029 οὕτως
3633 3970 3995 4039 πεπῶρωται,

2426 4058 2629 4111 καὶτὸν
2663 4057 2794 4110 Θεὸν
2819 4059 2916 4110 οὐκ
2946 4060 3353 4126 ἐπιγινώσκεις,
3387 4059 3478 4111 τὸν
3508 4058 3603 4111 καὶ
3638 4060 3832 4112 εἰκόνα
3864 4062 3995 4113 ἰδίαν

2425 4151 2573 4218 ἡμᾶς
2607 4153 2947 4221 πεποιηκότα
3005 4151 3123 4215 πῶς
3172 4152 3295 4204 οὐδὲ
3350 4152 3411 4204 τὸ
3455 4152 3797 4220 ὁμοιοπαοὲς
3842 4153 3998 4222 σῶμα

2425 4243 2713 4311 οἰκτείρεις
2748 4244 2888 4295 κατὰ
2922 4245 3085 4314 μέρος
3114 4243 3313 4312 τέμνον
3334 4258 3347 4273 ⁸
3377 4243 3568 4310 τέρπει
3604 4258 3664 4293 σε
3693 4244 3728 4311 ἡ
3754 4244 3871 4293 τῶν
3908 4258 3999 4311 μευ

2426 4335 2534 4385 λῶν
2564 4353 2663 4404 μου
2702 4337 3021 4401 κατακοπὴ;
3052 4334 3237 4387 Ταῦτα
3274 4334 3326 4385 δὲ
3347 4332 3511 4400 λέγω,
3544 4332 3641 4402 οὐχ
3664 4331 3741 4394 ὡς
3777 4334 3997 4400 φεύγων

2428 4425 2486 4478 τὸ
2516 4428 2653 4497 ὑπὲρ
2702 4426 2988 4490 εὐσεϐείας
3028 4426 3343 4491 ἀποθανεῖν,
3379 4423 3515 4480 ἀλλὰ
3549 4423 3647 4494 τὴν
3706 4423 3809 4494 σὴν
3853 4425 4001 4494 ὠμό-

770 4524 1010 4562 meorum
1034 4508 1346 4562 dissectio?
1391 4508 1515 4561 Hzec
1568 4516 1747 4562 autem
1805 4510 1945 4573 dico,
2007 4524 2115 4563 non
2142 4518 2200 4563 ut
2235 4511 2324 4578 qui

2434 4535 2568 4585 τητα
2598 4520 2763 4571 πᾶσιν
2798 4520 2967 4572 ποιῶν
2999 4518 3304 4588 κατάδηλον
3329 4536 3343 4549 ο
3376 4519 3495 4569 ἐπεὶ
3527 4516 3645 4578 πῶς
3703 4516 3880 4582 ἡδέως
3913 4515 4000 4569 διὰ

770 4606 969 4675 fugiam
1011 4606 1147 4658 mori
1198 4621 1296 4673 pro
1346 4605 1564 4673 pietate,
1591 4605 1684 4658 sed
1736 4605 2111 4657 crudelitatem
2180 4610 2326 4654 tuam

764 4709 824 4752 et
861 4698 1312 4752 inbumanitatem
1365 4697 1582 4751 reddam
1641 4696 1895 4750 omnibus
1959 4693 2322 4747 manifestam.

768 4787 877 4858 Ego
911 4790 1053 4842 enim
1088 4798 1310 4858 prOpter
1338 4789 1613 4841 Christum
1644 4802 1823 4840 meum
1872 4787 2103 4839 libenter
2155 4787 2327 4854 patior

771 4879 954 4931 omnia
981 4878 1137 4940 mala,
1177 4895 1293 4944 qum
1332 4879 1461 4931 mihi
1491 4895 1517 4930 a
1553 4888 1604 4930 te
1657 4875 2061 4935 inferuntur,et
2098 4874 2329 4926 libenter

769 4972 1012 5025 sustineo
1029 4969 1276 5023 dolorum
1299 4970 1673 5031 acerbitatem,
1712 4978 1770 5021 ut
1803 4969 1854 5019 in
1902 4966 2083 5019 futuro
2131 4965 2329 5017 smculo

766 5067 1026 5113 aeternam
1074 5060 1347 5111 inveniam
1389 5059 1651 5127 requiem.
1698 5057 1774 5110 Tu
1816 5067 2017 5117 autem,
2070 5071 2101 5109 ο
2136 5056 2329 5109 crude-

771 5150 975 5202 lissime
1016 5160 1070 5201 et
1116 5149 1505 5203 immanissima
1556 5151 1737 5213 homo,
1790 5155 2008 5215 accepta
2056 5146 2195 5213 pelle
2222 5146 2328 5198 mei

769 5243 1041 5310 corporis,
1087 5257 1204 5295 eam
1260 5243 1400 5295 habe
1459 5250 1648 5294 testem
1690 5254 1795 5295 tuae
1851 5237 2173 5308 impietatis,
2212 5252 2329 5303 qua:

770 5342 825 5387 te
852 5333 1015 5386 mittit
1052 5333 1116 5385 ad
1170 5342 1531 5395 atternummt
1554 5333 1695 5401 quod
1769 5346 2048 5400 nunquam
2106 5328 2326 5389 desinit,

770 5426 1119 5495 supplicium,
1166 5440 1288 5479 cum
1346 5427 1649 5481 sinmlacris
1700 5426 1806 5480 tuis
1854 5434 1908 5477 et
1966 5422 2326 5477 daemonibus.

772 5520 917 5575 Dixit
950 5520 1283 5589 Agrippinus
1318 5537 1329 5571 :
1372 5521 1571 5573 Cur.cs
1600 5520 1887 5589 insipiens,
1913 5528 1968 5572 et
1998 5520 2124 5573 odio
2160 5519 2328 5571 habes

771 5623 923 5675 tuum
949 5625 1221 5681 corpus,o
1252 5610 1425 5677 Plato,
1452 5622 1505 5667 et
1531 5628 1640 5669 non
1671 5627 1849 5681 curas,
1884 5613 2030 5681 quod
2067 5613 2330 5668 intestina

881 5785 922 5813 "
953 5781 1090 5836 Psal.
1128 5797 1251 5849 cxx,
1283 5784 1331 5848 t,
1360 5781 1414 5836 2.

2430 4614 2520 4661 τὸν
2574 4611 2807 4679 Χριστὸν
2842 4612 3034 4679 πάσχω
3083 4612 3178 4661 καὶ
3231 4611 3298 4661 τὰ
3335 4608 3486 4677 παρὰ
3540 4606 3633 4657 σοῦ
3684 4609 4000 4675 ὲναγόμενα

2432 4699 2689 4769 ὑπομένω
2721 4698 2819 4769 τὴν
2868 4699 2975 4750 τῶν
3030 4697 3209 4750 πόνων
3248 4695 3532 4763 δεινότητα
3560 4693 3621 4745 οὐ
3650 4692 3867 4759 φεύγω,
3916 4694 4003 4745 ἵνα

2429 4783 2485 4843 ἓν
2520 4792 2596 4860 τῷ
2630 4791 2879 4859 μέλλοντι
2930 4790 3084 4843 αἰῶνι
3125 4790 3224 4860 τὴν
3249 4789 3433 4841 ἄνεσιν
3467 4789 3648 4854 εϋρω⁹
3687 4786 3751 4838 σὺ
3783 4785 3845 4836 δὲ
3894 4786 4006 4838 ἁπ-

2431 4884 2716 4953 ηνέστατε,
2748 4882 3041 4953 δεξάμενος
3089 4883 3187 4951 τὴν
3238 4883 3330 4934 τοῦ
3368 4881 3617 4951 σώματός
3665 4896 3766 4948 μου
3809 4877 4003 4955 δορὰν,

2434 4978 2687 5045 μάρτυρα
2748 4978 2847 5043 τῆς
2901 4974 3155 5036 ἀσεϐείας
3197 4973 3361 5043 ἔχεις,
3410 4971 3740 5040 πέμπουσάν
3786 4960 3877 5020 σε
3926 4970 4004 5032 εἰς

2431 5069 2657 5120 αἰωνίαν
2685 5068 2782 5117 καὶ
2816 5066 3176 5136 ἀτελεύτητον
3207 5065 3430 5118 κόλασιν
3462 5063 3730 5135 μετὰτῶν
3754 5062 4003 5114 εἰδώλων

2432 5178 2545 5213 σου.
2590 5161 2943 5228 Ἀγριππῖνος
2978 5161 3111 5229 ἔφη·
3153 5160 3312 5212 Ἰνατί
3341 5158 3598 5219 ἀσύνετος
3631 5154 3701 5220 εἶ,
3737 5156 3835 5209 καὶ
3870 5156 4000 5224 ἐμι-

2433 5269 2600 5319 σησας
2633 5253 2690 5304 τὸ
2740 5254 2935 5304 ἑαυτοῦ
2972 5253 3152 5321 σῶμα,
3205 5253 3301 5304 καὶ
3350 5252 3408 5304 οὐ
3452 5249 3763 5321 φροντίζεις
3815 5246 3905 5300 ὅτι
3941 5247 4003 5299 τὰ

2432 5346 2639 5409 ἔγκατά
2693 5361 2783 5399 σου
2819 5345 2903 5397 διὰ
2936 5345 3041 5397 τῶν
3094 5345 3344 5415 πλευρῶν
3380 5360 3474 5395 σου
3521 5343 3617 5394 σὺν
3674 5344 3741 5410 τῇ
3804 5342 4002 5411 κόπρῳ

2433 5438 2675 5505 φέρεται,
2730 5439 2844 5490 ἀλλ’
2901 5437 2980 5488 ἔτι
3024 5439 3117 5489 καὶ
3168 5437 3262 5489 νῦν
3308 5437 3663 5503 ἀναισθητεῖ,ἶ
3693 5448 3707 5461 .
3768 5436 3914 5501 πρδς
3948 5434 4001 5483 δὲ

2430 5518 2661 5595 τούτοις,
2725 5530 2822 5582 οὐκ
2872 5529 3157 5599 ἀρκεσθεὶς
3210 5530 3320 5589 τοῖς
3374 5528 3689 5596 εἰρημένοις
3751 5542 3878 5590 σου,
3909 5524 4001 5579 νῦν

2432 5619 2531 5671 οὐκ
2558 5621 2777 5673 ἐπαύσω
2798 5621 2920 5686 τοὺς
2944 5620 3095 5682 Οεοῦς
3123 5618 3420 5689 ἐνυϐρίζων
3459 5619 3548 5671 καὶ
3584 5615 3914 5688 παροξύνων
3944 5617 3997 5669 τὸ
