4188 6310
170 362 261 425 421

1418 369 1590 426 VITA
1638 368 1698 427 s.
1745 350 2139 429 PLATONIS.

3292 367 3396 430 ιρι

170 478 350 545 σεμνὸν
396 479 767 549 δικαστήριον.
820 481 877 531 ’0
935 482 1089 545 ἅγιος
1151 480 1375 533 Πλάτων
1429 476 1620 532 εἷπεν’
1660 482 1724 538 Ei

1829 492 1917 536 tua
1942 499 2039 552 per
2064 487 2153 536 tua
2173 484 2337 536 latera
2370 482 2615 539 feruntur
2634 496 2755 535 cum
2792 490 3031 535 stercore
3061 496 3076 534 :
3103 480 3196 535 sed
3224 481 3400 536 adhuc

164 572 263 636 ἐγὼ
290 568 459 631 οὕτως
487 572 748 633 τοιαύτας
780 572 884 623 ὑπο
936 572 1028 623 σοῦ
1066 572 1245 633 δεινάς
1291 573 1562 641 τιμωρίας
1612 592 1715 625 πα-

165 661 261 713 θὼν
293 661 556 730 ὑϐριστὴς
592 663 866 730 καλοῦμαι
898 665 990 714 καὶ
1043 663 1387 731 βλάσφημος,
1439 663 1501 714 σὺ
1551 664 1577 714 ὁ
1621 665 1717 716 ἐπ-

167 752 305 818 άγων
326 752 581 815 τοιαύτας
617 755 883 822 βασάνους
918 754 1156 822 ὀφείλεις
1189 755 1378 822 φονεὺς
1410 756 1467 805 ἐν
1491 758 1600 816 τοῖς
1626 756 1716 822 ἕρ-

160 858 266 909 γοις
292 844 567 912 δειχθῆναι
603 847 698 897 καὶ
729 845 1048 912 βλάσφημος
1083 847 1138 896 ἐν
1164 848 1275 906 τοῖς
1309 845 1514 909 λόγοις.
1559 845 1614 897 Ὀ
1648 845 1704 897 δὲ

173 936 516 1003 Ἀγριππῖνος
553 936 656 1003 ἔφη
681 951 696 966 ·
722 937 857 996 Τοὺς
887 936 1041 998 θεοὺς
1068 937 1161 989 καὶ
1209 939 1334 999 τοὺς
1380 938 1713 1007 αὐτοκράτο-

159 1044 251 1096 ρας
272 1028 437 1080 πολλὰ
463 1027 752 1095 ἐνυϐρίσας
771 1028 865 1079 καὶ
894 1028 991 1095 ἐμὲ
1012 1028 1070 1079 οὐ
1100 1029 1308 1097 μικρῶς
1330 1030 1708 1098 παροργίζειςσ

154 1115 263 1171 οἶδα
292 1121 371 1171 ὅτι
397 1120 552 1170 τοῦτο
593 1121 782 1182 ποιεῖς,
820 1120 904 1171 ἵνα
930 1120 1015 1173 διὰ
1051 1121 1250 1189 τάχους
1279 1139 1336 1173 σε
1367 1122 1707 1175 ἀποκτείνωο

156 1211 257 1277 ἐγὼ
283 1211 338 1261 δὲ
369 1211 688 1280 χειροτέρας
717 1212 985 1279 βασάνους
1036 1212 1390 1281 προσενέγκω
1440 1213 1533 1263 καὶ
1569 1211 1711 1265 κατὰ

157 1304 313 1369 μέρος
344 1304 606 1357 άναλώσω
644 1322 722 1361 σε,
754 1306 847 1357 ἐὰν
888 1306 959 1374 μὴ
993 1305 1224 1373 πεισθῇς
1272 1288 1363 1357 καὶ
1398 1305 1569 1375 θύσῃς
1596 1308 1710 1369 τοῖς

152 1393 437 1460 ἀκράντοις
472 1394 630 1455 θεοῖς.
678 1394 736 1448 Ὀ
770 1394 925 1461 ἆγιος
957 1394 1050 1446 τοῦ
1083 1395 1218 1447 Θεοῦ
1255 1397 1464 1464 μάρτυς
1515 1392 1667 1448 εἶπεν
1691 1412 1706 1427 ·

154 1482 411 1544 Πολλάκις
449 1500 528 1534 σοι
560 1482 714 1535 εἷπον
736 1485 829 1536 καὶ
861 1484 953 1536 νῦν
978 1486 1153 1552 λέγων
1189 1488 1248 1538 οὐ
1284 1488 1585 1555 παύσομαι,
1618 1487 1706 1556 Μὴ

152 1574 346 1644 ἀπείλῃ
380 1593 468 1642 μοι
505 1575 705 1642 λόγοις,
754 1578 867 1629 ἀλλ’
922 1578 1106 1645 ἔργοις
1132 1580 1303 1644 δεῖξον
1357 1582 1437 1643 είς
1469 1581 1567 1648 ἐμὲ
1607 1582 1709 1643 τὰς

150 1664 429 1732 βασάνους,
455 1667 539 1719 ῐνα
570 1669 813 1738 γνωσθῇς
849 1671 1017 1722 ποιῶν
1044 1671 1101 1721 τὸ
1129 1671 1343 1738 θέλημα
1376 1672 1467 1722 τοῦ
1498 1672 1705 1738 πατρός

148 1760 365 1819 σου,τοῦ
396 1762 610 1813 Σατανᾶ
640 1762 730 1813 καὶ
758 1762 850 1813 τοῦ
886 1763 1287 1831 αὐτοκράτορος
1314 1779 1427 1814 σου·
1454 1762 1705 1828 ἐξουσίαν

1826 591 1968 629 nunc
1991 592 2205 644 quoque
2236 591 2294 628 es
2326 576 2480 629 nullo
2540 590 2703 628 sensu
2728 574 2984 642 pra-ditus
3012 592 3025 632 ;
3060 583 3253 641 prmter
3285 575 3399 626 haec

1824 679 2006 721 autem
2038 684 2145 722 non
2178 676 2470 721 contentus
2499 668 2564 721 iis
2592 684 2711 735 quae
2750 668 2894 721 dicta
2922 674 3070 729 sunt,
3097 681 3204 718 non
3272 680 3396 719 ces-

1824 761 1953 813 sasti
1986 776 2133 812 nunc
2158 759 2289 812 deos
2312 758 2585 811 incessere
2617 757 2983 817 contumeliis,
3016 765 3070 809 et
3122 770 3393 809 veneran-

1825 851 1950 902 dum
1988 866 2166 903 meum
2200 850 2412 903 irritare
2458 849 2743 918 judicium.
2800 848 3033 901 Sanctus
3065 848 3215 901 Plato
3264 848 3400 900 dixit

1822 942 2113 995 Subridens
2149 958 2162 994 :
2223 940 2276 995 Si
2330 956 2452 1010 ego,
2489 940 2583 1009 qui
2626 948 2703 993 tot
2739 940 3010 992 cruciatus
3045 947 3098 991 et
3130 938 3394 1005 supplicia

1819 1050 1937 1088 sum
1979 1050 2007 1087 a
2042 1043 2091 1087 te
2118 1049 2333 1101 passus,
2401 1033 2834 1087 contumeliosus
2887 1045 3050 1084 vocor
3081 1040 3135 1083 ct
3171 1028 3393 1082 maledi-

1818 1140 1916 1179 cus
1946 1144 1957 1178 :
1996 1134 2049 1178 tu
2091 1128 2181 1195 qui
2213 1142 2272 1179 ea
2324 1126 2455 1180 mibi
2508 1124 2696 1187 infers,
2734 1140 2919 1177 revera
2950 1133 3004 1176 ct
3038 1123 3195 1177 factis
3227 1122 3394 1175 debes

1818 1217 1924 1271 dici
1949 1218 2238 1287 parricida,
2280 1226 2334 1272 et
2385 1217 2567 1271 verbis
2600 1214 2914 1270 maledicus.
2955 1215 3097 1267 Dixit
3142 1212 3398 1282 Agrippi-

1816 1325 1922 1363 nus
1954 1324 1965 1359 :
1994 1310 2126 1363 deos
2157 1318 2210 1362 et
2243 1310 2601 1380 imperatores
2630 1307 2739 1375 jam
2775 1321 2919 1375 saepe
2952 1306 3135 1358 multis
3165 1302 3394 1356 alfecisti

1819 1401 2192 1462 contumeliis,
2215 1410 2267 1454 et
2291 1401 2357 1453 ad
2416 1400 2552 1453 iram
2602 1414 2687 1452 me
2721 1414 2827 1451 non
2887 1412 3077 1467 parum
3108 1408 3394 1464 provocas.

1814 1491 1938 1547 Scio
1966 1502 2149 1546 autem
2180 1502 2230 1546 te
2252 1492 2353 1545 boc
2382 1491 2582 1554 facere,
2605 1500 2665 1544 ut
2699 1499 2750 1542 te
2783 1489 3201 1557 quamprimum
3240 1484 3414 1536 oeci—-

1812 1586 1971 1652 dam;
2023 1593 2121 1656 ego
2147 1596 2325 1639 autem
2362 1585 2457 1637 tibi
2512 1591 2780 1636 tormenta
2824 1581 3053 1635 inferam
3088 1577 3395 1633 acerbiora.

1810 1690 1864 1734 et
1888 1688 1938 1733 te
1963 1696 2057 1747 per
2074 1690 2253 1746 partes
2276 1693 2615 1741 consumam,
2637 1676 2743 1729 nisi
2769 1674 2900 1727 mihi
2922 1672 3190 1741 parueris,
3216 1678 3268 1722 et
3311 1668 3400 1720 in-

1813 1769 2092 1826 temeratis
2117 1770 2219 1823 diis
2263 1768 2677 1824 sacrificaveris.
2717 1766 2949 1818 Sanctus
2973 1771 3175 1830 martyr
3191 1756 3395 1814 Christi

148 1853 253 1919 γὰρ
289 1853 433 1921 ἔχεις
460 1853 554 1904 τοῦ
588 1853 840 1919 σώματός
885 1870 1008 1920 μου,
1040 1854 1137 1921 τῆς
1186 1854 1242 1904 δὲ
1279 1853 1459 1924 ψυχῆς
1491 1857 1517 1906 ὁ
1548 1855 1702 1917 Θεὸς.

1818 1860 1948 1913 dixit
1989 1862 2179 1915 Plato:
2212 1860 2366 1928 Saepe
2416 1857 2513 1912 tibi
2551 1857 2685 1921 dixi,
2735 1865 2789 1909 et
2822 1869 3010 1908 rursus
3035 1853 3178 1908 dico.
3212 1858 3399 1903 etnon

147 1945 373 1999 cessabo
410 1944 589 1998 dicere
628 1961 640 1995 :
676 1944 748 1997 Ne
792 1945 998 1997 minare
1038 1945 1241 2009 verbis,
1277 1947 1368 1999 sed
1402 1948 1577 2014 reipsa
1613 1948 1662 1999 in
1703 1965 1788 2001 me
1811 1952 2037 2005 ostende
2062 1960 2353 2014 tormenta,
2388 1948 2811 2019 utcognoscaris
2838 1946 3041 2000 faciens
3068 1944 3401 1997 voluntatem

147 2039 312 2109 patris
338 2038 413 2094 tui
444 2039 654 2091 Satanae
676 2048 728 2090 et
749 2036 821 2090 tui
849 2038 1192 2106 imperatoris
1216 2054 1229 2101 ;
1252 2038 1416 2093 habes
1440 2040 1606 2103 enim,
1629 2048 1685 2094 ut
1713 2043 1861 2109 prius
1882 2044 2013 2107 dixi,
2042 2052 2362 2113 potestatem
2390 2043 2492 2096 mei
2517 2042 2785 2111 corporis.
2809 2040 3005 2093 animae
3032 2051 3208 2090 autem
3236 2035 3392 2090 Deus.

209 2131 320 2200 ις’.
352 2132 409 2184 'o
428 2132 480 2183 δὲ
502 2132 854 2199 ’Λγριππῖνος
870 2130 1040 2182 ταῦτα
1060 2131 1295 2193 ἀκούσας
1312 2129 1487 2183 εἴπεν·
1512 2134 1721 2196 Ἐγνως

146 2228 243 2295 ἤδη
277 2228 340 2293 τῇ
376 2226 539 2292 πείρᾳ
562 2224 647 2274 διὰ
677 2222 786 2273 τῶν
817 2222 1063 2290 βασάνων
1087 2222 1162 2291 (α)
1195 2222 1300 2274 τῶν
1328 2223 1720 2292 ἐπενεχθέντων

149 2334 238 2385 μοι
276 2314 428 2383 παρὰ
469 2313 559 2365 σοῦ
586 2354 601 2377 ,
640 2314 718 2363 ὅτι
754 2311 875 2364 οὔτε
910 2312 1000 2364 τοῦ
1041 2313 1289 2379 σώματος
1329 2332 1429 2385 μου
1468 2316 1719 2384 φείδομαι

145 2409 233 2459 διὰ
268 2408 364 2474 τὴν
396 2404 532 2474 πρὸς
564 2405 653 2454 τὸν
680 2403 810 2454 Θεόν
846 2420 946 2470 μου
982 2404 1263 2455 εὐσέϐειαν
1287 2446 1301 2467 ,
1339 2405 1593 2475 φοϐηθεὶς
1625 2409 1718 2460 τοῦ

144 2496 465 2567 ἐπουρανίου
493 2494 756 2564 βασιλέως
791 2495 849 2547 τὸ
893 2495 1220 2563 πρόσταγμα
1240 2512 1253 2526 ⁸
1277 2498 1396 2548 τότε
1435 2498 1723 2565 Ἀγριππῖ-

145 2608 233 2652 νος
279 2588 562 2640 ἐκέλευσεν
606 2588 766 2639 αὐτὴν
800 2587 1298 2655 ἀναρτηθένταέίς
1328 2587 1386 2639 τὸ
1432 2586 1583 2651 ξύλον
1626 2590 1720 2640 ἐπὶ

144 2680 397 2733 τοσοῦτον
431 2679 682 2742 ξέεσθαι,
721 2677 858 2729 ὥστε
893 2676 952 2728 τὸ
988 2671 1125 2746 αἷμα
1161 2676 1325 2729 αὐτοῦ
1364 2678 1452 2730 ἐπὶ
1487 2679 1586 2743 τὴν
1618 2682 1720 2747 γῆν

144 2771 422 2839 ὲκχεῖσθαι
450 2788 463 2801 ο
493 2770 586 2820 καὶ
620 2772 645 2821 ὁ
676 2768 849 2837 κῆρυξ
892 2770 1022 2821 ὲὸὀα
1047 2772 1191 2837 φωνῇ
1221 2772 1432 2840 μεγάλῃ
1457 2788 1472 2801 ·
1503 2771 1699 2832 Θῦσον,

146 2865 392 2926 Πλάτων,
427 2862 517 2913 καὶ
542 2859 768 2930 ἀπολύη.
798 2859 901 2912 Τοῦ
934 2860 987 2911 δὲ
1022 2860 1176 2926 άγίου
1212 2859 1494 2920 Πλάτωνος
1520 2860 1714 2927 ἀρνουο

148 2957 312 3023 μένου
345 2957 437 3005 καὶ
469 2956 540 3022 μὴ
578 2953 903 3022 βουλομένου
932 2951 1127 3015 θῦσαι,
1162 2951 1447 3004 ἐκέλευσεν
1481 2952 1720 3017 ὀγκίνοις

142 3048 243 3107 τὰς
292 3046 522 3113 παρειάς
566 3046 729 3097 αὐτοῦ
773 3045 1010 3109 ξῗεσθαι,
1056 3046 1193 3097 ὥστε
1239 3044 1432 3115 μηκέτι
1492 3045 1717 3112 ὁρᾶσθαι

143 3136 439 3202 πρόσωπον
481 3134 819 3204 ἀνθρώπινον
840 3175 853 3199 ,
891 3136 976 3188 διὰ
1015 3135 1076 3186 τὸ
1110 3138 1465 3205 γυμνωθῆναι
1497 3136 1563 3188 τὰ
1590 3136 1723 3189 ὀστᾶ

148 3227 344 3281 αὑτοῦ.

1911 2135 2050 2190 XVI.
2082 2137 2175 2191 llis
2201 2136 2419 2199 auditis,
2447 2135 2583 2188 dixit
2635 2132 2963 2203 Agrippinus
3004 2148 3017 2184 :
3054 2129 3171 2184 Jam
3226 2143 3403 2196 expc-

1823 2228 2020 2281 rientia
2054 2228 2353 2295 cognovisti
2392 2234 2796 2294 pcrtormcnta.
2838 2224 2979 2291 quod
3016 2237 3117 2274 nec
3159 2221 3401 2287 philoso-

1823 2318 1932 2386 pho
1979 2318 2195 2385 quidem
2228 2316 2437 2370 Platoni
2490 2316 2850 2385 pepercissent
2892 2322 3112 2381 propter
3165 2313 3391 2365 deorum

1824 2410 2278 2471 benevolentiam,
2300 2410 2496 2462 timens
2522 2408 2731 2477 jussnm
2765 2406 3131 2474 imperatoris.
3156 2404 3389 2459 Sanctus

1828 2502 1917 2556 Dei
1954 2510 2154 2569 martyr
2191 2500 2339 2551 Plato
2374 2500 2506 2552 dicit
2537 2518 2548 2550 :
2580 2499 2891 2567 Cugnovisti
2922 2499 3032 2565 jam
3068 2508 3121 2549 tu
3159 2509 3396 2563 quoque.

1824 2607 1855 2647 ο
1886 2602 2132 2662 tyranne,
2165 2590 2497 2660 experientia
2529 2604 2625 2658 per
2658 2599 2931 2642 tormenta
2984 2604 3103 2657 quae
3132 2587 3260 2640 mihi
3287 2602 3315 2639 a
3347 2594 3400 2639 te

1826 2692 1953 2738 sunt
1980 2682 2149 2743 illata,
2192 2682 2334 2751 quod
2378 2682 2596 2750 corpori
2641 2696 2761 2735 meo
2783 2695 2892 2733 non
2947 2694 3114 2748 parco
3171 2670 3398 2746 prOpter

1826 2778 2081 2845 pietatem
2150 2776 2204 2829 iu
2267 2776 2434 2828 Deum
2479 2790 2682 2838 meum,
2744 2776 2940 2827 timens
2980 2775 3194 2841 jussum
3237 2771 3401 2841 Regis

1823 2865 2078 2919 caelestis.
2109 2862 2438 2932 Agrippinus
2468 2876 2648 2918 autem
2680 2879 2803 2916 cum
2836 2864 2950 2916 haec
2981 2862 3299 2920 audivisset,
3343 2868 3398 2912 et

1828 2956 2016 3012 fuisset
2048 2971 2245 3026 magno
2277 2955 2462 3009 furore
2499 2956 2761 3025 percitus,
2792 2954 2953 3023 jussit
2986 2969 3107 3007 eum
3143 2953 3195 3005 in
3254 2951 3405 3018 ligno

1829 3064 2155 3117 suspensum
2199 3048 2404 3102 tamdiu
2433 3048 2588 3109 caedi,
2627 3046 2802 3099 donec
2839 3059 3029 3098 omnes
3058 3045 3174 3111 ejus
3203 3055 3397 3095 carnes

1829 3141 1992 3198 simul
2018 3156 2139 3196 cum
2163 3141 2425 3210 sanguine
2452 3139 2506 3191 in
2539 3147 2737 3190 terram
2756 3137 3191 3190 effunderentur.
3214 3132 3398 3187 Pracco

1755 3227 1796 3284 C
1831 3239 2012 3283 autem
2050 3246 2242 3299 magna
2274 3245 2405 3283 voce
2447 3228 2717 3280 clamabat
2754 3244 2769 3279 :
2809 3224 3091 3286 Sacrifica,
3132 3223 3305 3283 Plato,
3343 3225 3404 3272 et

143 3320 381 3373 solveris
422 3333 448 3372 a
479 3319 727 3374 vinculis.
755 3318 888 3373 Cum
922 3334 1050 3373 vero
1080 3328 1303 3372 sanctus
1344 3317 1494 3375 Plato
1526 3330 1751 3388 negaret
1793 3335 1851 3373 se
1882 3320 2335 3381 sacrificaturum,
2366 3320 2531 3387 jussit
2566 3329 2827 3387 tyrannus
2869 3316 3023 3369 uncis
3058 3312 3249 3367 ferreis
3276 3314 3399 3381 ejus

144 3428 316 3483 genas
347 3414 575 3480 discerpi
612 3428 673 3468 ac
702 3412 916 3467 laniari.
950 3413 1095 3466 Adeo
1127 3422 1306 3466 autem
1341 3422 1467 3467 sunt
1507 3412 1741 3480 laniataa,
1774 3423 1834 3468 ut
1871 3411 2035 3468 facies
2064 3412 2299 3467 hominis
2322 3427 2428 3465 non
2463 3419 2783 3465 cerneretur
2810 3407 3063 3477 amplius,
3102 3415 3391 3476 propterea

142 3506 290 3579 quod
326 3518 503 3560 essent
532 3509 650 3575 ejus
685 3522 804 3560 ossa
844 3508 1000 3575 plane
1032 3508 1255 3559 nudata.

217 3602 319 3657 IZ'.
375 3601 431 3653 '0
471 3600 525 3653 δὲ
578 3600 931 3668 ’Λγριππῖνος
966 3599 1250 3651 ἐκέλευσεν
1297 3602 1456 3653 αὐτὸν
1494 3603 1599 3654 ἀπὸ
1629 3601 1723 3654 τοῦ

142 3696 307 3762 ξύλου
360 3693 769 3762 κατενεχθῆναι,
825 3693 915 3746 καὶ
973 3694 1108 3763 πρὸς
1138 3693 1301 3747 αὐτὸν
1359 3690 1543 3746 εἶπενο
1579 3694 1724 3745 Παν-

140 3791 326 3852 άθλιε,
361 3788 413 3839 τί
453 3786 757 3857 προσδοκᾷς
788 3785 1011 3845 Rom/1v:
1079 3786 1258 3853 πάσης
1292 3787 1399 3857 γὰρ
1437 3789 1535 3857 τῆς
1562 3787 1726 3857 δορᾶς

142 3900 248 3936 σου
309 3879 673 3946 ἀποδαρείσης
735 3880 826 3930 κοιλ
884 3878 993 3930 τῶν
1048 3879 1247 3932 ὀστέων
1305 3880 1725 3947 γυμνωθέντων,

140 3970 388 4039 ἀνάσχου
412 3985 523 4036 μοι,
546 3967 637 4018 καὶ
657 3968 861 4020 παῦσαι
888 3969 983 4036 τῆς
1010 3968 1266 4037 τοιαύτης
1289 3969 1611 4037 φιλοσοφίας
1636 3972 1727 4023 καλ.

143 4063 316 4117 θῦσον
356 4062 468 4122 τοῖς
505 4057 668 4122 θεοῖς,
695 4059 789 4110 καὶ
832 4059 905 4127 μὴ
947 4058 1172 4124 ἐπίμενε
1210 4062 1273 4128 τῇ
1318 4060 1583 4126 ἀντιθέσει
1617 4061 1725 4111 τῶν

140 4150 329 4217 λόγων
387 4145 613 4210 τούτων,
683 4144 768 4196 ἵνα
829 4144 903 4214 μὴ
960 4145 1130 4207 κακὸς
1188 4145 1371 4209 κακῶς
1426 4147 1726 4218 ἀποθάνῃς.

154 4244 219 4308 'O_
258 4242 466 4312 μάρτυς
496 4234 678 4292 εἶπεν·
703 4237 767 4289 Τί
799 4236 1098 4307 προσδοκᾷς
1122 4237 1307 4307 ἕτερον
1334 4238 1605 4311 ἀκούεινῆ
1632 4241 1728 4310 τὴν

143 4335 343 4389 πίστιν
371 4332 463 4387 τοῦ
487 4332 691 4401 Κυρίου
728 4348 829 4400 μου
867 4329 1039 4400 Ἰησοῦ
1074 4329 1348 4401 Χριστοῦ;
1379 4334 1476 4402 τῆς
1502 4332 1609 4402 γὰρ
1646 4333 1730 4385 δο..

147 4428 256 4498 ρᾶς
300 4441 401 4492 μου
438 4423 801 4492 ἀποδαρείσης
843 4422 937 4475 καὶ
975 4422 1081 4475 τῶν
1117 4422 1319 4476 ὀστέων
1364 4440 1467 4493 μου
1505 4440 1725 4493 γυμνω-

1902 3604 2066 3659 XV".
2105 3604 2397 3673 Postquam
2430 3612 2608 3657 autem
2637 3602 2800 3669 jussit
2825 3601 3152 3670 Agrippinus
3174 3616 3297 3654 eum
3329 3601 3399 3655 de

1828 3693 1975 3761 ligno
2003 3694 2221 3762 deponi,
2260 3694 2393 3745 dixit
2420 3695 2469 3744 ei
2508 3710 2519 3743 :
2558 3690 2950 3755 Infelicissime,
2992 3690 3123 3758 quid
3180 3692 3249 3745 de
3289 3707 3397 3746 Cte-

1830 3792 1947 3840 tero
1976 3794 2278 3851 exspectas,
2307 3798 2428 3836 cum
2468 3784 2536 3836 sit
2571 3793 2682 3836 tota
2716 3792 2804 3836 tua
2847 3799 2973 3837 caro
3002 3785 3301 3844 cxcoriata,
3337 3792 3392 3836 et

1831 3876 2030 3930 nudata
2060 3884 2183 3928 sunt
2234 3874 2405 3928 ossa?
2464 3872 2665 3928 Morem
2700 3874 2829 3927 mihi
2864 3888 3009 3942 gere,
3059 3882 3115 3927 et
3146 3888 3298 3927 cessa
3331 3875 3397 3927 ab

1831 3969 1933 4023 hac
1964 3982 2099 4021 vana
2134 3966 2493 4037 pliil050phia,
2522 3975 2575 4021 et
2604 3967 2707 4021 diis
2731 3965 2998 4029 sacrifica,
3034 3974 3088 4020 et
3116 3980 3183 4018 ne
3213 3964 3389 4033 persi-

1830 4068 1939 4114 stas
1971 4062 2023 4112 in
2058 4060 2157 4112 hac
2201 4061 2487 4111 verborum
2527 4059 2897 4120 contentione,
2946 4072 3015 4109 ne
3053 4058 3228 4109 malus
3259 4056 3395 4109 male

1832 4164 2040 4219 pereas.
2083 4149 2224 4203 Dixit
2254 4157 2503 4221 martyr:
2551 4148 2693 4216 Quid
2737 4156 3045 4218 exspectas,
3072 4163 3104 4203 o
3150 4158 3397 4219 tyranne,

1832 4258 1860 4296 a
1889 4258 1977 4297 me
2009 4243 2154 4296 aliud
2192 4245 2403 4305 audire,
2452 4243 2555 4295 nisi
2588 4243 2749 4295 fidem
2808 4244 3020 4294 Domini
3063 4243 3233 4293 nostri
3266 4240 3397 4294 Jesu

1833 4336 2037 4392 Christi
2069 4334 2295 4388 YCarne
2322 4332 2470 4387 enim
2502 4348 2625 4387 mea
2655 4335 2929 4388 cxcoriata
2960 4342 3016 4389 ct
3047 4334 3268 4387 nudatis
3306 4346 3398 4386 os-

1834 4431 2006 4490 sibus,
2044 4427 2259 4491 adsum,
2316 4436 2377 4482 ut
2412 4426 2585 4485 vides.
2622 4441 2746 4481 eum
2796 4427 3002 4496 majore
3038 4426 3286 4479 audacia.
3339 4424 3397 4479 Si

146 4518 397 4577 θέντων,
440 4512 907 4583 θαρσαλεώτερος,
942 4512 1018 4574 ὡς
1064 4515 1222 4583 ὁρᾷς,
1264 4515 1344 4567 σοὶ
1379 4516 1720 4584 παρέστηκα.

1833 4539 1962 4593 ergo
1995 4521 2089 4575 tibi
2129 4526 2295 4572 restat
2318 4519 2518 4587 aliquid
2546 4520 2714 4580 aliud,
2744 4519 2887 4586 quod
2915 4517 3041 4570 mibi
3076 4518 3235 4571 debet
3259 4517 3396 4577 fieri.

147 4611 217 4663 ΕΞ
272 4606 454 4659 τοίνυν
501 4603 853 4656 ὑπολείπεται
883 4603 1071 4673 ἕτερόν
1112 4620 1191 4656 σοι
1242 4605 1477 4673 opsnatu
1507 4608 1588 4667 είς
1630 4606 1729 4674 ἐμὲ

145 4695 531 4769 παραχθῆναι,
566 4694 711 4747 ποίει
745 4695 802 4745 ὲν
832 4695 986 4763 τάχει
1019 4693 1046 4745 ὃ
1081 4693 1282 4763 βούλει.
1323 4694 1379 4747 '0
1408 4694 1464 4746 δὲ
1506 4695 1730 4765 Ἀγριπ-

146 4794 316 4853 πῖνος
353 4788 636 4856 Θαυμάσας
671 4785 769 4853 τὴν
804 4786 1241 4855 καρτεροψυχίαν
1280 4787 1370 4839 τοῦ
1408 4788 1684 4857 μάρτυρος
1710 4827 1724 4853 ,

147 4872 452 4935 ἐκέλευσεν
482 4878 644 4931 πάλιν
679 4876 840 4930 αὑτὸν
875 4877 1244 4944 ἀναρτηθῆναι
1279 4879 1370 4928 καὶ
1396 4878 1612 4941 ξὲεσθαι
1651 4880 1730 4942 είς

146 4977 260 5036 τὰς
296 4970 540 5039 ἀγκάλας
584 4969 681 5023 καὶ
712 4969 789 5032 είς
820 4968 887 5021 τά
919 4969 1223 5038 σπλάγχνα.
1262 4968 1320 5021 'O
1352 4968 1407 5021 δὲ
1450 4969 1603 5037 ἅγιος
1634 4970 1727 5022 τοῦ

146 5066 301 5121 Θεοῦ
337 5064 543 5133 μάρτυς
569 5058 723 5115 εἶπεν
742 5079 755 5094 ·
784 5056 939 5129 'Hpa
965 5062 1106 5127 τοὺς
1128 5063 1471 5131 ὀφλαλμούς
1496 5080 1613 5129 μου
1643 5064 1723 5126 εἰς

145 5160 228 5213 τὰ
266 5158 398 5225 ὄρη,
424 5156 561 5210 ὅθεν
590 5155 722 5221 ἣξει
755 5156 792 5222 ἡ
819 5154 1068 5219 ,βοήθειά
1096 5171 1237 5222 μου,
1264 5156 1357 5208 καὶ
1389 5154 1457 5207 τὰ
1482 5155 1627 5224 ἑξῆς.
1671 5156 1730 5206 Ὀ

144 5253 211 5304 δὲ
256 5251 614 5318 Ἀγριππϊνος
639 5247 741 5314 ἔφη
767 5264 778 5277 ·
820 5247 1025 5299 Ἀνόσιε
1059 5250 1152 5298 καὶ
1194 5246 1295 5315 τῆς
1332 5246 1439 5299 τῶν
1472 5247 1609 5299 θεῶν
1643 5247 1731 5297 εὑ-

152 5342 392 5409 μενείας
428 5338 707 5407 ἁλλότριε,
740 5337 925 5406 ἐπειδὴ
966 5337 1143 5391 ἔδωκά
1174 5354 1255 5389 σοι
1290 5338 1621 5408 παρρησίαν,
1660 5336 1735 5406 μὴ

140 5423 404 5493 ’κολάσας
439 5447 495 5481 σε
532 5430 669 5481 κατὰ
702 5429 858 5497 λόγον
881 5469 895 5494 ,
928 5430 1255 5497 φθέγγεσθαι
1291 5430 1492 5499 τολμᾷς
1523 5429 1728 5483 ἀθετῶν

272 5549 316 5579 ’⁸
345 5544 489 5599 Psal.
511 5560 610 5599 cxx
662 5544 714 5609 4,
738 5544 792 5598 2.

1830 4614 1915 4665 fac
1949 4612 2059 4664 cito
2092 4609 2237 4678 quod
2278 4610 2382 4662 vis.
2416 4610 2571 4664 Tunc
2626 4608 2827 4678 impius
2870 4608 3205 4678 Agrippinus
3249 4623 3399 4662 mar-

1830 4701 1960 4773 tyris
1986 4700 2264 4755 admirans
2291 4698 2689 4763 fortitudinem,
2711 4699 2875 4766 jussit
2908 4713 3033 4752 eum
3071 4714 3259 4751 rursus
3280 4714 3401 4753 sus-

1827 4791 1987 4861 pendi
2024 4792 2076 4844 in
2110 4791 2275 4860 ligno,
2307 4799 2362 4843 et
2394 4789 2758 4845 vehementer
2802 4788 2920 4855 ejus
2973 4789 3104 4843 czedi
3157 4789 3311 4842 ulnas
3343 4798 3398 4842 et

1831 4886 2100 4939 femorum
2146 4884 2266 4950 ejus
2316 4882 2681 4935 latitudinem.
2718 4879 2791 4934 lta
2853 4883 3100 4935 fecerunt
3158 4880 3396 4942 lictores,

1826 4992 1949 5031 eum
1983 4977 2249 5031 caedentes
2289 4975 2465 5043 spatio
2503 4974 2663 5028 trium
2696 4975 2975 5027 horarum.
3020 4972 3165 5025 Dixit
3212 4980 3393 5025 autem

1828 5078 2047 5130 sanctus
2076 5068 2272 5121 Christi
2313 5077 2546 5137 martyr:
2582 5064 2965 5120 chuvioculos
2998 5082 3133 5118 meos
3168 5067 3220 5117 in
3249 5081 3399 5116 mon-

1830 5168 1924 5223 tes,
1953 5160 2087 5212 unde
2137 5160 2299 5213 veniet
2356 5158 2619 5211 auxilium
2681 5172 2874 5210 meum.
2917 5156 3184 5208 Auxilium
3222 5172 3393 5208 meum

1831 5268 1862 5304 a
1922 5250 2159 5313 Domino,
2204 5251 2293 5319 qui
2357 5252 2478 5318 fecit
2534 5248 2718 5301 malum
2778 5258 2827 5300 et
2891 5257 3091 5299 terram
3126 5247 3191 5302 ¹⁸.
3253 5247 3396 5299 Dixit

1833 5340 2209 5411 Agrippinus:
2277 5339 2446 5407 lmpie
2508 5349 2562 5392 et
2619 5354 2648 5391 a
2711 5337 3093 5392 benevolentia
3166 5337 3392 5391 deorum

1837 5433 2032 5497 aliene,
2064 5432 2319 5501 quoniam
2348 5430 2467 5485 dedi
2493 5431 2590 5485 tibi
2620 5430 2891 5493 fiduciam,
2918 5445 3025 5483 non
3061 5422 3110 5483 te
3142 5427 3392 5497 puniens,

229 5666 312 5733 (al
348 5665 555 5718 Desunt
583 5660 827 5733 quaedam
860 5662 1025 5733 ‘gerba
1052 5669 1272 5733 propter
1313 5662 1725 5717 hommoteleuto

1818 5681 1948 5733 quae,
1997 5664 2073 5718 sic
2103 5665 2378 5719 restituo:
2440 5663 2713 5718 "Orcadas
2764 5661 3058 5733 φιλοσόφου
3108 5660 3394 5733 ῌλάτωνος

145 5730 558 5803 ιφειδόμην-ἂν
588 5732 673 5803 δια
709 5731 805 5798 τὴν
835 5730 952 5803 τῷν
975 5732 1110 5782 θεῶν
1145 5732 1356 5803 εῦνοιαν
1385 5733 1638 5803 φοῦηθεὶς
1670 5737 1727 5787 τὸ
1752 5730 1841 5786 τοῦ
1869 5735 2268 5803 αὐτοκράτορος
2309 5737 2663 5803 πρόσταγμα·
2695 5734 2721 5785 ὁ
2747 5734 2800 5786 δὲ
2834 5735 2987 5801 ᾶγιος
3014 5730 3150 5784 Θεοῦ
3175 5731 3395 5803 μάρτυς

146 5799 585 5860 Πλάτώνέίπεν
607 5818 619 5833 ·
653 5802 862 5868 Ἕγνως
896 5799 993 5871 ἤδη
1025 5803 1118 5854 καὶ
1152 5802 1214 5854 σὺ
1244 5802 1328 5855 διὰ
1354 5803 1457 5856 τῶν
1490 5802 1763 5869 βασάνων.
1804 5804 1954 5862 Enn.
1986 5799 2148 5861 Pun.
