4188 6310
779 345 887 407 4ἳ3

2096 339 2376 400 MENSIS
2409 339 2708 402 IULIUS.

3913 344 4004 406 424

785 465 844 508 ιιι
905 468 999 522 par
1029 461 1165 512 eral,
1218 451 1385 505 audes
1443 467 1586 505 nunc
1619 454 1791 522 loqui,
1859 454 2070 508 \‘iolans
2131 454 2342 523 iussum

2448 452 2510 504 τὰ
2541 454 2940 521 προστάγματα
2970 454 3079 504 τῶν
3101 453 3361 521 βασιλέων
3397 453 3569 509 Θῦσον
3599 457 3710 520 τοῖς
3733 457 3899 521 θεοῖς,
3932 462 4010 511 καὶ

786 542 1212 613 imperatorum?
1249 543 1378 596 Liba
1398 558 1526 612 ergo
1553 545 1676 604 diis,
1721 554 1773 599 et
1804 552 1855 599 te
1913 545 2212 599 dimittam.
2254 544 2344 596 Di-

781 639 860 694 xit
892 647 1112 693 sanctus
1134 638 1285 692 Plato
1320 637 1414 690 :Si
1459 653 1577 700 nos,
1631 640 1720 708 qui
1755 639 1838 706 pie
1885 638 2052 692 Deum
2096 638 2346 697 colimus,

782 731 1060 800 punimur,
1092 741 1150 785 ut
1180 730 1274 799 qui
1306 731 1685 784 existimemur
1725 731 1893 799 impii,
1927 745 2023 784 vos
2056 731 2144 799 qui
2178 729 2347 782 Deum

780 825 1108 887 abhorretis,
1167 835 1220 877 et
1264 839 1486 892 corpus,
1545 825 1689 892 quod
1745 835 1829 880 est
1881 825 2097 888 iisdem,
2150 825 2348 893 quibus

777 932 897 976 vos,
930 916 1224 971 obnoxium
1259 917 1721 985 perpessionihus,
1759 917 2261 970 immisericorditer
2295 926 2348 970 et

779 1001 1000 1072 indigne
1025 1004 1230 1057 eteditis
1260 1022 1272 1057 :
1303 1007 1575 1074 quomodo
1631 1006 2023 1059 damnabimini
2080 1006 2134 1060 in
2197 1006 2347 1074 justo

780 1089 873 1144 Dei
896 1093 1124 1163 judicio,
1158 1094 1210 1145 in
1245 1094 1353 1158 die,
1394 1094 1444 1147 in
1481 1110 1584 1163 qua
1624 1096 1889 1164 judicabit
1931 1097 2076 1150 Deus
2131 1096 2342 1150 occulta

776 1181 1061 1238 hominum
1096 1186 1205 1239 ”'?
1239 1187 1379 1240 Dixit
1402 1187 1766 1257 Agrippinus:
1793 1187 1928 1244 Fero
1952 1198 2002 1243 te
2035 1189 2343 1258 loquentem

776 1277 1038 1330 audacter
1091 1287 1145 1331 et
1203 1280 1562 1334 confidenter.
1627 1280 1908 1344 Miserere,
1955 1297 1986 1333 o
2021 1281 2344 1334 cliarissime

777 1367 950 1432 Plato,
1000 1380 1104 1423 tuze
1162 1371 1404 1426 ﬂorentis
1456 1372 1662 1438 aetatis;
1708 1374 1810 1426 hoc
1844 1374 1987 1426 enim
2045 1372 2140 1426 tibi
2197 1371 2347 1425 dedit

777 1459 1016 1523 fortuna,
1052 1477 1170 1530 qua:
1188 1471 1271 1516 est
1295 1464 1539 1519 eiusdem
1567 1465 1804 1517 nominis
1835 1482 1848 1530 ;
1876 1464 2082 1533 aspicio
2111 1463 2256 1518 enim
2293 1471 2344 1517 te

777 1553 934 1604 talem
967 1567 1088 1606 esse
1138 1553 1400 1618 futurum,
1432 1557 1608 1623 qualis
1656 1557 1744 1610 ille
1778 1556 1879 1609 fuit
1909 1554 2344 1623 sapientissimus

777 1647 948 1702 Plato.
1012 1648 1143 1702 Nam
1207 1665 1329 1703 cum
1394 1652 1588 1702 fuisset
1648 1649 1903 1716 princeps
1966 1644 2339 1713 philosophias,

2451 543 2668 595 ἀπολύω
2699 561 2776 596 σε.
2819 544 2879 603 '0
2908 543 3060 609 ἅγιος
3093 544 3312 596 Πλάτων
3345 541 3496 599 εἶπεν
3517 564 3528 576 ·
3551 548 3624 618 Ei
3651 551 3815 617 ἡμεῖς
3845 548 4012 606 θεοσε-

2452 632 2669 698 ϐοῦντες
2711 636 2912 688 ἀνόσιοι
2956 635 3340 705 ύπονοούμενοι
3385 638 3740 705 κολαζόμεθα,
3777 641 3894 701 πῶς
3939 657 4009 691 σοι

2451 726 2910 794 καταδικασθῆναι
2947 726 3032 799 οἴῃ
3067 728 3121 779 ὲν
3153 730 3216 796 τῇ
3255 727 3621 800 δικαιοκρισίᾳ
3659 730 3755 781 τοῦ
3787 731 3921 784 θεοῦ
3958 733 4008 782 ἐν

2452 821 2512 884 τῇ
2547 819 2749 886 ἡμέρα,
2776 822 2831 870 ὲν
2931 822 3107 890 κρινεῖ
3134 819 3161 871 ὁ
3197 820 3326 882 Θεὸς
3351 822 3419 872 τὰ
3443 824 3658 891 κρυπτὰ
3683 823 3793 875 τῶν
3816 823 4009 891 ἀνθρὼ-

2451 925 2606 972 πων;
2655 909 3009 977 Ἀγριππῖνος
3049 911 3148 979 ἔφη
3176 925 3190 941 ·
3242 912 3530 980 ’Λνέχομαί
3570 931 3664 965 σου
3707 915 4006 984 παρρησια-

2451 998 2698 1067 ζομένου,
2733 1001 3019 1070 οἰκτείρων
3042 1018 3134 1052 σου
3160 1004 3259 1069 τῆς
3287 1002 3501 1071 ἡλικίας
3534 1005 3675 1064 νέον,
3702 1004 3770 1055 δι’
3805 1006 3870 1073 ἣν
3897 1006 4011 1072 ἐχα-

2460 1091 2644 1160 ρίσατό
2680 1109 2760 1144 σοι
2795 1092 3114 1160 ὁμωνυμίαν
3146 1094 3176 1160 ἠ
3208 1093 3341 1164 τύχη
3367 1109 3380 1124 ⁸
3412 1097 3503 1146 καὶ
3533 1098 3639 1165 γὰρ
3669 1095 3912 1148 τοιοῦτόν
3962 1113 4009 1147 σι

2448 1183 2665 1236 ἔσεσθαι
2700 1183 3005 1254 προσδοκῶ,
3045 1181 3155 1248 οἶος
3193 1188 3399 1248 ἐκεῖνος
3436 1190 3462 1238 ό
3498 1188 3722 1240 Πλάτων
3747 1203 3762 1216 °
3810 1187 4013 1254 φιλοσο-

2451 1275 2580 1344 φίας
2599 1276 2704 1346 γὰρ
2731 1277 2970 1345 ἀρχηγὸς
2993 1277 3251 1344 γεγονὼς,
3277 1277 3344 1329 τὰ
3362 1278 3468 1330 τῶν
3494 1279 3629 1331 θεῶν
3654 1281 4015 1345 συνεστήσατο

2449 1367 2691 1436 δόγματα
2717 1408 2731 1432 ,
2764 1369 2843 1421 διὸ
2876 1369 2969 1421 καὶ
3004 1371 3163 1437 λόγου
3205 1369 3401 1423 πολλοῦ
3441 1371 3772 1441 μεταδίδωμί
3810 1389 3894 1424 σοι
3929 1373 4015 1423 καὶ

2449 1461 2654 1512 εὐνοεῖν
2698 1477 2755 1512 σι
2786 1463 2880 1514 ἐπὶ
2913 1464 3023 1524 τοῖς
3053 1465 3193 1526 θεοῖς
3226 1462 3578 1532 συμϐουλεύω
3609 1464 3700 1516 καὶ
3735 1465 4014 1516 ἀνελέσθαι

2450 1566 2509 1601 σε
2535 1549 2627 1612 τὸν
2659 1550 2841 1617 νόμον,
2874 1550 2932 1602 ὃν
2968 1553 3014 1603 οἱ
3050 1551 3451 1622 αὐτοκράτορες
3483 1553 3692 1604 ἔθεντο·
3727 1553 4014 1623 πεισθῆναι

2451 1643 2504 1695 ὁὶ
2543 1644 2636 1696 καὶ
2666 1646 2783 1707 ταῖς
2817 1646 2975 1713 ἐμαῖς
3008 1647 3412 1715 παραινέσεσιν.
3448 1649 3509 1699 Ei
3539 1648 3593 1699 δὲ
3634 1645 3708 1717 μὴ
3739 1647 4016 1716 πεισθεὶς,

774 1738 999 1793 deorum
1050 1741 1304 1811 dogmata
1335 1741 1641 1795 constituit.
1693 1738 2059 1803 Quamobrem
2101 1736 2335 1804 benigne

2446 1736 2678 1802 γίνωσκε
2715 1735 2795 1788 ὃτι
2830 1737 3137 1802 ἀναγκάσαι
3179 1753 3235 1788 σε
3266 1736 3371 1805 ἔχω
3403 1737 3676 1806 διαφόροις
3713 1740 3812 1790 καὶ
3863 1754 4015 1805 inps-

777 1837 953 1882 teeum
985 1831 1191 1898 loquor,
1217 1839 1269 1884 et
1295 1832 1518 1885 consqu
1549 1840 1605 1884 ut
1631 1830 1705 1884 sis
1742 1830 2006 1898 benignus
2040 1827 2092 1880 in
2129 1827 2260 1880 deos
2302 1844 2312 1877 :

772 1927 826 1973 et
850 1921 992 1990 leges
1028 1924 1314 1992 suscipias,
1341 1939 1476 1993 quas
1508 1923 1609 1991 ipsi
1665 1922 1907 1975 tulerunt
1957 1921 2333 1989 imperatores,

771 2021 826 2063 et
854 2014 990 2068 meis
1029 2031 1222 2084 pareas
1253 2016 1739 2071 admonitionibus.
1762 2013 1814 2066 Si
1851 2014 1980 2067 mihi
2017 2023 2194 2066 autem
2229 2027 2334 2064 non

779 2103 1052 2166 parueris,
1086 2105 1226 2158 scias
1248 2115 1454 2172 aperte,
1492 2105 1608 2158 fore
1653 2112 1708 2156 ut
1744 2119 1844 2171 ego
1903 2112 1953 2156 te
1983 2117 2168 2168 cogam
2235 2100 2338 2153 hoc

2456 1824 2761 1894 ϐλωτὲραις
2791 1827 3085 1897 τιμωρίαις
3113 1827 3270 1886 τοῦτο
3298 1827 3540 1897 ποιῆσαι,
3569 1828 3641 1888 ὼς
3664 1828 4017 1896 ψευδώνυμον

2447 1917 2679 1985 ὀφθέντα
2751 1918 3032 1981 Πλάτωνος
3098 1919 3189 1972 τοῦ
3252 1920 3515 1989 μεγίστην
3576 1919 3901 1988 φιλοσοφίαν
3965 1922 4018 1969 ὲν

2447 2010 2753 2076 ἀνθρώποις
2784 2011 3164 2081 κτησαμένου,
3213 2012 3525 2082 ἀγνώμονός
3570 2030 3663 2066 σου
3713 2013 4017 2083 δειχθέντος

2445 2101 2573 2171 περὶ
2603 2103 2726 2162 τοὺς
2759 2101 2931 2164 Θιούς.

770 2188 951 2246 facere
983 2195 1214 2250 diversis
1258 2206 1311 2251 et
1341 2197 1550 2252 acerbis
1582 2197 1884 2267 suppliciis,
1919 2205 1976 2249 ut
2012 2195 2101 2264 qui
2139 2193 2274 2248 falso
2307 2193 2381 2246 sis
2421 2195 2723 2262 appellatus
2776 2194 2926 2248 Plato
2960 2214 2972 2249 :
3005 2197 3144 2265 ejus,
3178 2196 3421 2265 inquam,
3474 2198 3694 2252 nomine
3727 2208 4010 2267 suscepto.

772 2286 860 2354 qui
897 2288 1038 2342 inter
1059 2290 1307 2346 homines
1336 2295 1622 2347 maximam
1656 2294 1755 2348 sibi
1785 2292 1995 2362 pararit
2038 2288 2456 2359 philosophiam,
2514 2305 2636 2342 cum
2663 2300 2721 2341 tu
2768 2289 2823 2341 in
2858 2291 2988 2344 deos
3019 2292 3258 2361 ingratus
3297 2292 3553 2347 evaseris.

847 2379 1033 2436 XVIII.
1071 2384 1274 2437 Christi
1307 2397 1488 2439 autem
1542 2402 1716 2442 .verus
1752 2402 1814 2439 ac
1837 2399 2126 2455 germanus
2174 2383 2334 2435 miles

773 2469 921 2524 Plato
946 2471 1082 2526 dixit
1122 2490 1135 2527 :
1179 2474 1343 2529 Valde
1376 2492 1626 2548 magnum
1651 2476 2015 2531 soloecismum
2070 2474 2332 2540 admittis,

771 2565 1151 2634 oAgrippine,
1183 2583 1372 2621 errans
1399 2569 1452 2622 in
1513 2570 1760 2623 veritate.
1817 2569 1950 2622 Nam
2009 2584 2132 2622 cum
2182 2569 2335 2636 pater

773 2663 898 2709 tuus
926 2655 1161 2710 Satanas
1191 2660 1260 2713 ab
1290 2660 1444 2714 initio
1507 2659 1668 2714 fuerit
1716 2660 2081 2729 perniciosus,
2138 2660 2333 2712 merito

776 2757 832 2800 tu
865 2762 1102 2816 quoque,
1133 2750 1220 2818 qui
1252 2765 1308 2803 es
1346 2753 1461 2820 ejus
1489 2753 1757 2816 minister,
1790 2752 1921 2805 facis
1953 2751 2002 2804 ei
2055 2750 2328 2809 similiter,

768 2845 826 2889 et
850 2845 902 2889 te
933 2836 986 2889 in
1018 2838 1137 2906 ejus
1168 2855 1391 2893 exerces
1421 2841 1748 2895 actionibus.
1811 2836 2122 2894 Dmmonum
2187 2839 2331 2892 enim

772 2925 1043 2981 fortunam
1109 2931 1324 2984 invehis
1360 2931 1410 2983 in
1451 2931 1698 2985 homines
1721 2931 2080 2996 Christianos,
2113 2932 2203 3001 qui
2238 2947 2335 2986 nec

770 3017 915 3073 ferre
945 3020 1162 3089 quidem
1180 3031 1406 3092 possunt
1433 3025 1619 3078 audire
1653 3024 1852 3094 aliquid
1887 3027 2173 3094 ejusmodi.
2195 3024 2327 3078 Sum

767 3124 898 3179 ergo
924 3113 1170 3180 ejusdem
1209 3117 1442 3185 quidem,
1475 3118 1732 3178 nominis,
1781 3118 1939 3184 cuius
1993 3117 2141 3169 Plato
2177 3135 2189 3169 :
2235 3116 2326 3170 sed

768 3215 879 3254 non
912 3217 1031 3256 sum
1071 3205 1262 3258 iisdem
1296 3207 1540 3263 moribus
1562 3208 1846 3276 praeditus.
1877 3207 2022 3271 Quos
2045 3208 2186 3261 enim
2219 3218 2334 3262 mo-

769 3307 857 3346 res
885 3309 991 3348 non
1031 3296 1394 3366 conjungunt,
1433 3313 1500 3351 ne
1556 3314 1753 3352 nomen
1792 3300 2012 3368 quidem
2073 3314 2330 3354 eoscon-

765 3383 938 3447 ciliat,
957 3401 1133 3456 neque
1154 3388 1302 3442 locus
1326 3390 1558 3458 copulat,
1582 3391 1682 3444 nisi
1706 3393 1876 3445 solum
1908 3392 2102 3460 pictas.
2126 3391 2330 3456 Quam-

766 3476 955 3528 obrem
1015 3478 1159 3530 nulla
1220 3481 1272 3531 in
1310 3481 1382 3532 rei
1407 3480 1454 3532 ei
1500 3481 1691 3533 similis
1720 3496 1836 3532 sum
1892 3482 2066 3546 Plato,
2108 3492 2332 3549 praeter-

765 3582 926 3635 quam
951 3568 1004 3622 in
1028 3570 1142 3625 solo
1158 3571 1396 3624 nomine:
1428 3571 1532 3626 hoc
1556 3580 1734 3625 autem
1760 3573 1889 3625 mihi
1920 3574 2061 3641 piam
2089 3581 2327 3626 mentem

767 3677 1046 3729 nunquam
1076 3663 1272 3731 poterit
1295 3664 1512 3717 laedere.
1574 3661 1638 3717 Et
1695 3679 1793 3735 ego
1839 3665 2056 3734 quidem
2099 3681 2328 3721 exerceo

765 3769 910 3817 eam,
943 3767 1060 3820 qua:
1084 3763 1165 3807 est
1200 3754 1251 3807 in
1278 3753 1516 3819 ChriSIO,
1555 3757 1950 3827 philosophiam
1991 3776 2004 3812 :
2044 3760 2187 3813 illius
2228 3775 2328 3812 au-

767 3854 872 3896 tem
911 3844 1250 3912 philosophia
1285 3855 1364 3900 est
1419 3846 1559 3912 apud
1605 3845 1770 3898 Deum
1830 3863 2010 3920 meum
2078 3848 2324 3900 stultitia.

767 3933 1039 4000 Scriptum
1069 3946 1152 3986 est
1189 3937 1332 3986 enitn
1361 3953 1372 3985 :
1406 3935 1637 3988 Pet-dam
1660 3924 1975 4002 sapientiam
2007 3939 2324 4006 sapientum,

763 4034 814 4079 ιι
865 4026 1193 4096 prudentiam
1225 4026 1540 4094 prudentum
1568 4026 1779 4081 abolebo
1809 4027 1872 4082 “.
1924 4028 2058 4082 Nam
2097 4030 2323 4084 deorum

763 4122 1035 4188 dogmata,
1068 4135 1186 4186 qua:
1215 4120 1324 4182 ille,
1361 4130 1419 4171 ut
1450 4120 1607 4183 dicis,
1665 4112 1867 4188 posuit,
1904 4132 2028 4174 sunt
2081 4121 2227 4175 falsa:
2273 4131 2327 4176 et

764 4208 902 4262 ficta:
944 4207 1154 4271 fabulae,
1208 4223 1326 4276 qua:
1352 4209 1743 4262 adumbrantur
1767 4211 2090 4278 deceptione
2119 4212 2323 4265 daemo-

763 4316 915 4364 num,
987 4303 1082 4367 qui
1134 4301 1333 4355 animis
1383 4301 1620 4354 afferunt
1676 4302 1979 4366 interitum,
2023 4311 2077 4357 et
2135 4307 2325 4357 verbo-

762 4406 880 4443 rum
943 4392 1138 4444 astutia
1177 4403 1380 4445 vestras
1413 4402 1626 4447 mentes
1655 4404 2008 4459 excaecantes,
2043 4396 2324 4450 abducunt

761 4499 788 4536 a
837 4484 1184 4553 simplicitate
1243 4484 1390 4550 ﬁdei,
1425 4501 1543 4553 qum
1573 4495 1656 4538 est
1685 4487 1733 4537 in
1765 4485 2060 4539 Christum.

831 4575 971 4629 XIX.
1007 4577 1292 4645 Postquam
1350 4586 1529 4630 autem
1556 4589 1825 4632 cessasset
1890 4579 2034 4647 loqui
2097 4592 2319 4651 martyr,

760 4669 876 4737 ejus
943 4669 1161 4736 quidem
1199 4684 1459 4737 responso
1509 4670 1922 4738 obstupefactus
1962 4672 2318 4740 Agrippinus,

760 4759 958 4811 mansit
996 4768 1197 4819 mutus,
1235 4775 1340 4811 non
1365 4760 1548 4812 valens
1575 4760 1624 4813 ei
1656 4760 2003 4826 respondere.
2065 4764 2197 4815 Cum
2225 4777 2319 4815 au-

765 4861 870 4905 tem
903 4852 1060 4920 paulo
1091 4859 1211 4918 post
1239 4850 1496 4918 iussisset
1520 4866 1640 4903 eum
1675 4851 1740 4904 de
1767 4852 1913 4919 ligno
1948 4852 2172 4920 deponi,
2225 4869 2316 4923 ag-

765 4952 981 5010 gressus
1009 4949 1086 4993 esl
1119 4955 1240 4993 eum
1271 4955 1458 4992 rursus
1516 4940 1725 4993 blandis
1764 4942 1944 4996 verbis
1997 4943 2314 5010 admonere,

763 5032 840 5085 sic
889 5030 1074 5084 dicens
1110 5046 1124 5082 :
1184 5029 1290 5099 Ego
1320 5032 1385 5083 de
1441 5041 1656 5095 emero,
1693 5048 1724 5085 ο
1775 5033 1946 5095 Plato,
1992 5034 2134 5102 quod
2170 5035 2233 5087 ad
2268 5045 2316 5090 te

758 5123 970 5192 quidem
1011 5123 1222 5185 altinct,
1257 5139 1372 5175 sum
1412 5123 1567 5191 plane
1610 5125 1990 5180 animidubius
2052 5145 2152 5182 nec
2203 5131 2315 5184 scio

755 5213 882 5281 quid
939 5213 1161 5269 debeam
1215 5214 1411 5268 facere.
1460 5213 1564 5279 Qui
1601 5215 1781 5284 itaque
1813 5225 1862 5270 te
1923 5220 2106 5273 multis
2158 5221 2311 5274 aﬂ‘eci

751 5303 1108 5365 cruciatibus,
1136 5318 1235 5358 nec
1265 5305 1556 5373 quidquam
1589 5307 1763 5371 ell‘eci,
1789 5317 1841 5360 et
1878 5308 2098 5362 adhibui
2160 5312 2313 5365 blan-

749 5391 932 5454 ditias,
955 5399 1010 5446 et
1044 5392 1148 5446 hoc
1169 5392 1300 5445 nihil
1343 5392 1568 5462 profuit,
1603 5409 1747 5447 nunc
1776 5397 1938 5448 statui
1963 5397 2166 5464 aliquot
2197 5399 2312 5453 dies

755 5482 848 5535 tibi
877 5483 1193 5538 concedere.
1229 5484 1386 5538 Forte
1433 5501 1555 5539 eum
1600 5486 1677 5540 sic
1734 5489 2018 5555 agnoveris
2052 5491 2124 5550 id,
2165 5491 2307 5559 quod

746 5572 950 5628 esttibi
988 5574 1138 5639 utile,
1173 5575 1312 5629 banc
1336 5584 1479 5630 tuam
1513 5579 1788 5648 relinques
1825 5580 2203 5646 pervicaciam,
2256 5591 2309 5636 et

855 5749 898 5782 "
929 5749 1085 5806 Rom.
1116 5768 1174 5816 ιι,
1213 5752 1296 5809 i6.
1408 5756 1448 5788 "
1483 5755 1584 5811 lsa.
1627 5770 1771 5825 xxix,
1798 5757 1857 5811 14
1887 5774 1900 5825 ;
1934 5760 2096 5815 tCor.
2135 5762 2172 5830 t,
2205 5763 2290 5817 19.

2508 2379 2609 2435 IH'.
2653 2382 2709 2435 Ὀ
2727 2384 2783 2436 δὲ
2802 2383 2967 2446 ὅντως
2990 2384 3210 2453 γνήσιος
3231 2383 3322 2436 τοῦ
3344 2385 3576 2454 Χριστοῦ
3603 2383 3856 2455 μαθητὴς
3881 2387 4016 2438 “Mr

2435 2491 2542 2525 των
2573 2468 2724 2526 εἶπεν
2750 2489 2765 2506 ο
2816 2474 3164 2538 Σολοικίζεις,
3216 2475 3556 2544 Ἀγριππῖνε,
3605 2473 3813 2541 σφόδρα
3846 2472 4018 2540 σφαλ-

2433 2564 2657 2634 λόμενος
2687 2567 2812 2632 περὶ
2844 2567 2941 2634 τὴν
2973 2566 3261 2635 ἀλήθειαν·
3289 2564 3384 2631 τού
3410 2565 3516 2632 γὰρ
3557 2563 3762 2631 πατρός
3795 2579 3891 2615 σου
3924 2561 4013 2614 τοῦ

2435 2657 2646 2708 Σατανᾶ
2687 2657 2963 2724 λυμεῶνος
2997 2658 3382 2724 τυγχάνοντος,
3417 2655 3639 2715 είκότως
3671 2654 3764 2705 καὶ
3802 2653 3866 2706 σὺ
3918 2655 4014 2706 αὐε-

2440 2743 2533 2794 τού
2571 2744 2830 2812 ὑπάρχων
2867 2745 3172 2812 ὑπουργὸς,
3201 2745 3269 2796 τὰ
3314 2745 3473 2813 ὅμοια
3506 2743 3650 2810 αύτῴ
3686 2742 4013 2812 διαπραττει

2441 2833 2532 2883 καὶ
2561 2833 2657 2895 τὰς
2711 2833 2934 2904 πράξεις
2991 2832 3156 2887 αὐτοῦ
3213 2835 3478 2905 μελετᾷς·
3513 2834 3683 2903 τύχην
3706 2834 3818 2905 γὰρ
3871 2851 4012 2903 παρ-

2438 2919 2709 2986 εισφέρεις
2766 2921 3036 2991 δαιμόνων
3106 2923 3417 2993 ἀνθρώποις
3470 2924 3820 2993 Χριστιανοῖς
3901 2927 4012 2985 τοῖς

2448 3011 2580 3082 μηδὲ
2609 3012 2836 3084 ἀκοῦσαί
2870 3032 2922 3066 τι
2953 3015 3192 3069 τοιοῦτον
3234 3017 3580 3086 ἀνεχομένοις
3615 3017 3765 3069 ποτέ.
3800 3016 4010 3070 Οὐκοῦν

2433 3100 2719 3168 ὁμώνυμός
2751 3106 2862 3171 είμι
2887 3104 3190 3172 Πλάτωνος,
3219 3107 3518 3178 ὁμότροπος
3535 3107 3589 3159 δὲ
3609 3107 3709 3159 οὑκ
3735 3108 3853 3175 είμί
3879 3121 3893 3134 ⁸
3919 3105 4012 3164 οὓς

2436 3191 2541 3261 γὰρ
2585 3192 2646 3245 ού
2692 3193 2949 3247 συνάπτει
2979 3197 3197 3266 τρόπος,
3244 3197 3360 3250 οὐδὲ
3405 3197 3572 3266 ὄνομα
3619 3197 3844 3261 τούτους
3887 3215 4012 3252 aw-

2437 3281 2633 3350 ίστησι.
2669 3285 2725 3335 Ὀ
2788 3285 2844 3336 δὲ
2865 3286 3063 3353 τρόπος
3117 3284 3431 3352 συζευγνύει
3451 3323 3466 3346 ,
3495 3286 3641 3352 εἰμὴ
3669 3286 3831 3354 μόνον
3857 3291 4010 3338 εὐσέ-

2435 3374 2576 3440 6εια,
2604 3373 2743 3426 ὥστε
2776 3376 2851 3437 είς
2883 3376 3034 3428 οὐδὲν
3061 3363 3250 3436 ἐοικώς
3277 3376 3391 3444 ειμι
3414 3377 3682 3440 Πλάτωνι,
3715 3379 3764 3429 si
3801 3379 3875 3447 μὴ
3910 3382 4007 3446 μό-

2434 3481 2521 3515 νον
2553 3464 2691 3517 κατὰ
2714 3465 2770 3516 τὸ
2799 3465 2968 3534 ὄνομα.
2994 3465 3152 3518 τοῦτο
3181 3465 3380 3536 βλάψαι
3414 3483 3516 3536 μου
3546 3467 3636 3519 τὸν
3671 3468 3873 3537 εὐσεϐῆ
3921 3470 4006 3519 λος

2431 3555 2628 3624 γισμὸν
2685 3556 2744 3609 οὐ
2798 3556 3021 3610 δύναται
3078 3557 3335 3613 πώποτε⁶
3398 3558 3716 3628 φιλοσοφίαν
3779 3558 3892 3626 γαρ
3954 3562 4006 3610 ἐν

2429 3646 2650 3718 Χριστῷ
2675 3649 3029 3719 μετέρχομαι’
3065 3651 3169 3720 ἡδὲ
3200 3651 3405 3704 ἐκείνου
3434 3650 3719 3720 φιλοσοφία
3749 3651 3908 3719 παρὰ
3933 3650 4005 3717 τῷ

2429 3738 2547 3808 Θεῷ
2581 3741 2758 3810 μωρία
2786 3743 2933 3793 ἐστὶν
2966 3743 3056 3792 καὶ
3094 3742 3369 3803 ἀπωλείας
3395 3743 3650 3811 πρόξενος
3680 3745 3792 3803 τοῖς
3827 3742 4003 3792 natio-

2433 3829 2615 3895 μένοις
2673 3831 2808 3896 αὐτῇ
2846 3845 2859 3857 ·
2891 3829 3202 3898 γέγραπται
3255 3831 3363 3897 γάρ
3390 3843 3403 3856 ⁸
3438 3828 3670 3882 Ἀπολῶ
3731 3829 3848 3893 τὴν
3898 3847 4002 3882 σο-

2430 3919 2576 3986 φίαν
2606 3917 2723 3970 τῶν
2751 3917 2976 3986 σοφῶν,
3021 3919 3115 3972 καὶ
3151 3919 3262 3986 τὴν
3299 3919 3554 3972 σύνεσιν
3581 3917 3699 3971 τῶν
3727 3920 4001 3973 συνετῶν

2428 4010 2722 4077 ἀθετήσω.
2756 4012 2836 4065 Τὰ
2879 4012 2986 4083 γὰρ
3019 4013 3263 4082 δόγματα
3294 4012 3402 4066 τῶν
3436 4012 3570 4066 θεῶν
3601 4012 3634 4066 a
3685 4015 3750 4066 aii
3798 4013 3996 4082 λέγεις,

2427 4103 2628 4163 ἐκεῖνος
2658 4101 2808 4153 ἔθετο
2833 4102 3020 4170 μύθοις
3044 4103 3292 4170 ψευδέσιν
3319 4103 3412 4154 καὶ
3437 4104 3880 4171 πεπλανημένοις
3901 4121 3916 4134 ·
3938 4107 3997 4170 τῇ

2427 4192 2535 4259 γὰρ
2568 4192 2748 4260 ἀπάτῃ
2781 4192 2886 4243 τῶν
2918 4194 3185 4261 δαιμόνων
3217 4194 3323 4244 τῶν
3340 4195 3694 4262 ψυχοφθόρων
3729 4213 3999 4263 στοιχεια-

2428 4284 2670 4350 ζόμενος,
2722 4284 2816 4335 καὶ
2872 4282 3070 4344 πάντες
3111 4285 3158 4335 oi
3203 4285 3324 4335 κατ’
3371 4287 3528 4337 αὐτὸν
3573 4285 3905 4352 τυφλοῦ-ντες
3932 4290 3998 4339 τὰ

2427 4375 2672 4442 νοήματα
2714 4373 2865 4444 ὑμῶν
2903 4374 2988 4426 διὰ
3029 4377 3124 4440 τῆς
3164 4376 3506 4446 πανουργίας
3545 4377 3654 4428 τῶν
3691 4377 3867 4446 λόγων
3895 4380 4000 4432 ἀπὸ

2351 4481 2394 4536 ο
2427 4465 2521 4533 τῆς
2552 4464 2849 4534 ἁπλότητος
2878 4468 2977 4534 τῆς
3012 4467 3090 4528 είς
3120 4467 3209 4519 τὸν
3246 4467 3476 4537 Χριστὸν
3505 4469 3824 4539 ἀπήγαγον.

2493 4574 2590 4630 19'.
2622 4579 2772 4629 Μετά
2807 4579 2861 4630 δὲ
2906 4577 2962 4629 τὸ
2984 4578 3291 4632 παύσασθαι
3311 4581 3398 4632 τον
3432 4583 3684 4652 μάρτυρα
3709 4583 3998 4640 λαλοῦντα,

2425 4668 2558 4736 πρὸς
2591 4668 2687 4736 μὲν
2718 4670 2894 4735 ὀλίγον
2926 4669 3218 4735 ἐκπλαγεὶς
3257 4667 3287 4720 δ
3324 4671 3679 4739 ’Ᾱγριππῖνος
3722 4677 3827 4742 τὴν
3862 4677 3999 4726 ἁπό-

2423 4776 2600 4824 κρισινν
2628 4759 2787 4811 αύτοῦ
2818 4759 3009 4827 ἔμενεν
3037 4760 3166 4820 τέως
3185 4760 3551 4828 ἀποκριθῆναι
3577 4763 3652 4830 μὴ
3671 4763 3998 4832 δυνάμενος.

2420 4849 2600 4918 Βραχὺ
2625 4849 2678 4900 δὲ
2699 4848 2956 4910 κελεύσας
2980 4848 3086 4901 ἀπὸ
3102 4850 3193 4902 τοῦ
3220 4851 3376 4914 ξύλου
3395 4851 3553 4902 αὑτὸν
3579 4855 3997 4925 κατενεχθῆναι,

2417 4942 2738 5010 ἐπεχείρησε
2785 4941 2941 4994 πάλιν
2965 4943 3144 5010 λόγοις
3184 4945 3547 5006 ἐπαινετικοῖς
3589 4946 3803 4999 πείθειν
3834 4951 3998 5001 αὑτὸν

2415 5031 2585 5098 λέγων
2608 5049 2619 5062 ·
2684 5032 2822 5096 Ἐγὼ
2861 5032 3067 5098 λοιπὸν,
3101 5035 3343 5095 Πλάτων,
3378 5036 3565 5102 ἀπορεῖ)
3613 5039 3682 5089 τὰ
3715 5043 3846 5105 περὶ
3899 5040 3998 5092 στιῦ

2420 5127 2512 5177 καὶ
2553 5124 2650 5176 οὐκ
2683 5120 2797 5176 οἶδα
2828 5125 2876 5178 τί
2907 5126 3103 5194 ὀφείλω
3123 5117 3542 5195 διαπράξασθαι.
3567 5130 3727 5183 Ἐπεὶ
3771 5129 3864 5183 οὖν
3901 5137 3999 5185 καὶ

2413 5213 2679 5281 τιμωρίας
2708 5213 2901 5274 πολλὰς
2929 5218 3226 5284 ἐπήγαγον,
3270 5218 3361 5268 καὶ
3390 5218 3542 5272 οὐδὲν
3584 5219 3751 5271 πλέον
3794 5223 3997 5291 ηνυσα,

2415 5307 2504 5357 καὶ
2529 5306 2810 5368 κολακείας
2841 5307 3172 5376 προσέθηκα,
3207 5311 3298 5362 καὶ
3336 5311 3455 5361 οὐδὲ
3485 5309 3660 5374 οὕτως
3700 5313 3995 5383 ὠφέλησε..

2417 5398 2508 5450 νῦν
2538 5399 2853 5467 ἐσκεψάμην
2885 5399 3117 5450 ἐνδοῦναί
3145 5417 3224 5452 σοι
3253 5402 3462 5468 ἡμέρας
3496 5403 3650 5464 τινὰς
3670 5444 3683 5466 ,
3720 5407 3849 5468 ἴσως
3888 5410 3998 5460 κᾶν

2415 5491 2586 5554 οὕτως
2641 5495 2880 5561 ὲπιγνῳς
2925 5494 2983 5543 τὸ
3028 5493 3444 5562 συμφέρον,κα“ι
3493 5496 3840 5567 καταλείψας
3887 5503 3997 5565 τὴν

2417 5584 2662 5653 ἔνστασίν
2696 5602 2785 5638 σου
2821 5583 3020 5654 ταύτην
3052 5583 3364 5648 ποοσὲλθοις
3393 5589 3502 5649 τοῖς
3533 5586 3633 5657 τὴν
3657 5589 3998 5661 οἰκουμένην
