4188 6310
212 344 314 407 425
338 333 340 335 ’

1447 338 1623 399 VITA
1655 340 1715 402 S.
1753 338 2145 402 PLATONIS.

3340 327 3444 398 426

211 461 518 523 διέπουσιν,
554 457 649 511 καὶ
681 454 1004 526 ἀπαλλαγῇς
1035 452 1141 534 τῶν
1183 451 1542 522 περιεχόντων
1578 468 1637 504 σε
1677 469 1779 506 κα-

1899 452 2109 506 iccedes
2130 451 2194 505 ad
2225 450 2375 514 deos,
2412 450 2502 519 qui
2552 452 2867 505 universum
2916 450 3104 506 orbem
3135 460 3290 506 terra:
3346 442 3445 505 ad-

210 553 317 627 ξιῶν
335 567 348 580 ’
375 550 468 604 καὶ
494 548 665 602 ταῦτα
694 545 885 612 εἰπὼν,
918 546 1199 599 ἐκέλευσεν
1222 544 1383 597 αὐτὸν
1413 544 1777 615 ἀπενεχθῆναι

1881 543 2195 598 ministrant
2230 560 2242 595 :
2280 550 2333 595 et
2384 541 2701 598 liberaberis
2735 557 2764 595 a
2799 542 3055 613 gravibus
3135 544 3440 608 tormentis,

210 646 267 698 ὲν
319 646 382 714 τῇ
442 643 680 713 φυλακῇ,
742 639 1118 711 παραγγείλας
1186 639 1264 707 τῷ
1320 637 1777 709 κομενταρησίῳ,

1899 649 1999 702 [nte
2029 643 2080 686 te
2103 631 2515 687 circunsistunt.
2551 630 2677 685 llaec
2699 645 2820 685 cum
2850 631 3098 698 dixisset,
3130 634 3290 703 jussit
3316 651 3443 689 eum

211 736 434 803 οὑγκίαν
480 734 643 800 ἄρτου
680 733 917 786 δίδοσθαι
950 731 1097 800 αὐτῷ
1143 730 1264 783 καθ’
1299 731 1534 798 ἑκάστην
1568 730 1779 809 ἡμέραν

212 831 300 881 καὶ
326 830 551 897 κρασίον
578 826 765 887 ὓδατος
791 824 884 878 καὶ
910 823 1055 888 παρὰ
1076 820 1301 891 μηδενὸς
1329 820 1557 889 ὁρᾶσθαι
1584 820 1742 873 αὐτόν
1761 833 1776 850 ο

212 920 422 980 ὑπενόει
452 920 580 987 γάρ,
622 919 693 987 μή
722 934 804 980 τις
831 916 937 968 τῶν
967 912 1333 983 διαφερόντων
1359 914 1507 983 αἰτῷ
1540 910 1782 983 ὲπιδὼσῃ

210 1030 256 1063 τι
289 1011 434 1080 αὑτῷ
468 1012 527 1062 τὸ
583 1007 872 1078 διαθρέψαι
927 1006 1089 1060 αὑτὸν
1140 1005 1456 1073 δυνάμενον,
1515 1002 1781 1072 ἀγνοῶνό

209 1101 405 1165 ἄθλιος,
437 1102 517 1153 ὅτι
550 1104 672 1153 Οὐκ
702 1099 791 1152 ἐπ’
809 1098 964 1165 ἄρτῳ
982 1100 1145 1167 μόνῳ
1162 1096 1399 1157 ζήσεται
1444 1095 1778 1161 ἅνθρωπος,

212 1194 344 1246 ἀλλ’
368 1193 463 1245 ἐπὶ
494 1190 673 1245 παντὶ
703 1190 925 1260 ῥήματι
956 1187 1414 1257 ἐκπορευομένῳ
1441 1188 1536 1241 διὰ
1564 1188 1783 1255 στόμα-

213 1305 314 1351 τος
340 1287 509 1340 Θεοῦ.
546 1287 600 1340 '0
626 1287 680 1340 δὲ
699 1287 848 1355 ἅγιος
876 1285 1098 1339 Πλάτων
1120 1284 1371 1353 ἐποίησεν
1397 1284 1453 1334 ὲν
1476 1285 1543 1354 τῇ
1567 1282 1779 1352 φυλακῇ

208 1376 581 1429 ὀκτωκαίδεκα
610 1376 822 1446 ἡμέρας
851 1390 865 1405 ο
900 1374 994 1427 καὶ
1025 1374 1110 1427 ἵνα
1143 1373 1401 1446 πληρωθῇ
1435 1373 1493 1426 τὸ
1532 1390 1783 1443 γεγραμ-

210 1471 394 1538 μένον,
444 1470 525 1522 ὃτι
570 1469 633 1521 ⁸0
680 1466 905 1533 δίκαιος
946 1467 1015 1520 ἐκ
1063 1468 1322 1532 πίστεως
1371 1464 1634 1533 ζήσεται,
1684 1465 1786 1518 οὐκ

206 1559 471 1628 ἠθέλησεν
506 1556 659 1627 παρά
686 1556 778 1609 τοῦ
806 1556 1244 1626 κομεντσρησίου
1268 1556 1430 1623 ἄρτον
1456 1554 1488 1625 ἥ
1522 1552 1666 1625 ὕδωρ
1691 1555 1788 1609 λα-

206 1649 341 1700 ὀιίν.
368 1648 519 1719 ⁸’ῌδει
541 1647 647 1718 γὰρ
671 1651 698 1699 ὁ
718 1647 794 1719 τῷ
824 1646 1021 1718 Δανιὴλ
1050 1650 1105 1699 ὲν
1135 1646 1281 1717 μέσῳ
1316 1646 1546 1699 λεόντων
1580 1645 1787 1717 τροφὴν

206 1741 548 1804 ἀποστείλας,
576 1739 735 1803 αὐτὸς
764 1739 855 1792 καὶ
878 1738 1038 1792 αὐτὸν
1062 1740 1118 1791 ὲν
1145 1741 1210 1807 τῇ
1244 1738 1456 1807 φυλακῇ
1486 1738 1785 1809 διαθρέίᾷει.

218 1833 304 1893 Ὧς
332 1832 383 1883 δὲ
417 1833 465 1883 οἱ
493 1832 728 1900 φύλακες
761 1829 1049 1900 ἐθεώρουν,
1085 1829 1311 1898 μηδενὸς
1339 1829 1525 1881 τοῦτον
1554 1832 1787 1898 γευόμε-

204 1940 313 1982 νον.
336 1921 703 1983 δειλιάσαντες
734 1920 808 1990 μὴ
828 1918 1099 1989 διαφθαρῇ
1144 1917 1248 1971 ὑπὸ
1277 1918 1367 1970 τοῦ
1397 1917 1583 1989 λιμοῦ,
1618 1936 1790 1990 παρε-

206 2012 405 2064 κάλουν
452 2011 613 2065 αὑτὸν
673 2012 967 2079 λέγοντες’
1018 2013 1185 2079 Φάγε,
1219 2009 1497 2079 ἄνθρωπε,
1559 2011 1633 2081 μή
1675 2030 1793 2075 πως

207 2104 647 2176 κινδυνεύσωμεν
671 2106 830 2174 ἡμεῖς
857 2103 950 2157 σοῦ
973 2103 1201 2174 μηδενὸς
1221 2102 1465 2166 Θέλοντος
1487 2103 1790 2170 γεύσασθαι

205 2192 313 2245 τῶν
346 2194 809 2263 προσφερομένων
842 2208 924 2245 σοι
958 2194 1087 2262 παρ’
1114 2191 1286 2260 ᾐιμῶν.
1336 2191 1395 2245 '0
1421 2191 1476 2245 δὲ
1518 2192 1791 2263 μακάριος

207 2268 432 2337 Πλάτων
492 2280 676 2338 εἶπενο
731 2284 822 2354 Μὴ
874 2284 1157 2355 νομίσητε,
1196 2277 1240 2337 ὦ
1293 2283 1506 2354 ἄνδρες,
1556 2284 1636 2336 ὅτι
1680 2282 1790 2351 ἐγὼ

206 2377 515 2445 τελευτήσω
562 2376 755 2446 τούτου
787 2376 949 2447 χάριν
980 2376 1073 2429 τοῦ
1127 2376 1201 2446 μὴ
1233 2375 1407 2428 θέλειν
1439 2376 1645 2429 ἐσθίειν
1689 2392 1788 2443 με’

208 2471 354 2540 ὑμᾶς
384 2471 494 2541 γὰρ
518 2469 706 2540 τρέφει
734 2470 917 2540 ἄρτος,
944 2468 1040 2536 ἐμὲ
1069 2467 1125 2519 δὲ
1157 2468 1312 2534 λόγος
1338 2467 1587 2536 ἀληθινὸς
1612 2467 1792 2537 διαμέ-

206 2581 314 2615 νων
339 2563 418 2622 είς
446 2563 616 2617 αἰῶνα
638 2560 830 2619 αἰῶνος
855 2575 868 2589 ⁸
901 2560 989 2611 καὶ
1018 2559 1161 2629 ὑμᾶς
1192 2558 1289 2627 μὲν
1323 2559 1576 2627 χορτάζει
1598 2561 1788 2630 κρέας,

204 2655 308 2722 ἐμὲ
342 2655 395 2706 δὲ
435 2654 587 2725 εὐχή.
628 2652 800 2721 Ὑμᾶς
835 2650 1116 2722 εὐφραίνει
1150 2644 1426 2719 οἷνος,ἐμὲ
1449 2650 1504 2703 δὲ
1532 2652 1787 2721 Χριστὸς,

206 2745 242 2814 ἠ
284 2744 511 2814 ἀληθινὴ
575 2743 666 2796 τοῦ
713 2743 947 2812 ἀοράτου
1018 2742 1226 2813 Πατρὺς
1282 2740 1543 2810 ἄμπελος.
1604 2742 1791 2812 Ὑμεῖς

208 2837 547 2904 προσδοκᾶτε
588 2833 807 2887 ἔπαινον
853 2832 1004 2903 παρὰ
1034 2832 1337 2902 ἀνθρώπων
1368 2831 1641 2897 ἀκοῦσαι,
1681 2831 1791 2901 ἐγὼ

202 2928 262 2981 δὲ
289 2927 471 2995 φωνὴν
501 2926 836 2996 Δεσποτικὴν
867 2926 1007 2979 κατά
1036 2925 1133 2996 τὴν
1156 2925 1369 2994 ἡμέραν
1404 2926 1505 2994 τῆς
1536 2924 1788 2994 κρίσεως,

205 3018 333 3088 καθ’
366 3017 431 3085 ἣν
461 3017 577 3085 ἐρεῖ
622 3019 650 3069 ὁ
704 3007 1001 3087 Ᾰυτρωτὴς
1063 3014 1157 3067 τοῦ
1220 3016 1428 3079 κόσμου
1488 3015 1726 3083 Χριστός
1775 3031 1789 3045 ο

204 3106 412 3173 Δεῦτε,
438 3110 488 3160 οι
523 3106 917 3176 εὐλογημένοι
968 3104 1076 3160 τοῦ
1114 3105 1341 3173 Πατρός
1366 3122 1521 3173 μουο
1556 3109 1769 3173 κληρο·

206 3201 520 3270 νομήσατε
586 3200 701 3269 τὴν
765 3200 1217 3270 ἠτοιμαοῖμενην
1272 3197 1417 3267 ὑμῖν
1456 3197 1787 3263 ,ϐασιλείαν

205 3294 332 3348 ἀπὸ
385 3294 725 3362 καταϐολῆς
759 3295 1014 3364 κόσμου.

286 3385 537 3441 Κ¹.Μετ5ι
568 3386 624 3438 δὲ
649 3384 864 3456 ἡμέρας
892 3380 1043 3449 τινάς
1075 3388 1416 3457 προκαθίσας
1445 3392 1471 3444 ό
1506 3391 1794 3461 ’Λγριππῖο

205 3494 301 3538 νος
348 3480 405 3528 ἰν
453 3477 519 3546 τῇ
574 3474 851 3545 βασιλικῇ,
894 3477 1180 3530 ἐκέλευσεν
1229 3480 1461 3551 ἀχθῆναι
1490 3483 1583 3539 τὸν
1633 3483 1789 3549 ἅγιον

210 3568 503 3622 Πλάτωνα.
554 3568 835 3639 Ἀχθέντος
861 3568 921 3622 δὲ
962 3570 1150 3638 αὑτοῦ,
1201 3566 1353 3626 εἶπεν
1399 3574 1535 3644 πρὸς
1585 3575 1749 3628 αὐτόν
1776 3590 1788 3605 ·

211 3662 479 3731 Πείσθητί
523 3679 613 3732 μοι
659 3662 871 3727 λοιπὸν,
923 3665 1018 3717 καὶ
1048 3662 1210 3717 θῦσον
1240 3667 1351 3730 τοῖς
1398 3665 1560 3733 θεοῖς,
1610 3670 1705 3721 καὶ
1736 3670 1795 3721 τὸ

210 3756 405 3816 κακῶς
427 3755 720 3809 ἀποθανεῖν
754 3756 1043 3827 κέρδησον.
1087 3757 1145 3810 '0
1178 3757 1332 3827 άγιος
1350 3760 1575 3814 Πλάτων
1602 3757 1753 3815 εἶπεν
1777 3775 1792 3792 ·

222 3848 386 3917 Ἐμοὶ
408 3848 467 3900 τὸ
497 3847 596 3918 ζῇν
626 3849 858 3918 Χριστὸς
881 3849 972 3899 καὶ
992 3849 1052 3900 τὸ
1078 3850 1374 3903 ἀποθανεῖν
1404 3853 1613 3920 κέρδος.
1646 3854 1795 3906 Ποίει

210 3938 309 4002 civ
345 3940 403 3990 ὲν
431 3938 585 4007 τάχει
616 3941 696 4001 είς
731 3939 830 4008 ἐμὲ
859 3937 887 3991 ὃ
910 3938 1123 4008 βούλει·
1144 3939 1264 4011 ἐγὼ
1282 3944 1388 4013 γὰρ
1423 3944 1483 3996 οὐ
1511 3942 1622 3998 θύω
1647 3945 1799 3999 εἰδώ-

211 4030 331 4094 λοις
363 4030 615 4100 ἀψύχοις.
639 4030 773 4083 Τότε
814 4031 936 4085 ίδὼν
959 4032 1020 4086 τὸ
1051 4035 1385 4103 ἀμετάθετον
1430 4037 1531 4107 τῆς
1559 4039 1798 4105 πίστεως

214 4122 415 4188 αὐτοῦ,
454 4123 656 4178 ἔδωκεν
688 4124 961 4195 ἀπόφασιν
996 4126 1117 4180 κατ’
1150 4128 1337 4194 αὐτοῦ,
1372 4130 1459 4182 ἵνα
1496 4132 1790 4203 ἀποτμηθῇ

211 4215 431 4287 κεφαλὴ
456 4215 644 4271 αὑτοῦ.
670 4215 940 4281 Λαῦόντες
964 4216 1019 4269 δὲ
1044 4218 1206 4273 αὑτὸν
1221 4220 1267 4271 οἱ
1289 4218 1495 4289 δήμιοι,
1515 4221 1801 4292 ἀπήγαγον

211 4308 324 4373 ἔξω
344 4308 442 4378 τῆς
462 4307 669 4371 πόλεως
689 4310 744 4361 ὲν
768 4308 844 4378 τῷ
862 4308 1012 4380 τόπῳ
1036 4310 1408 4383 ἐπιλεγομένῳ
1424 4314 1666 4385 Κάμπῳ.
1690 4313 1802 4368 Καὶ

223 4402 361 4462 στὰς
393 4403 420 4452 6
452 4400 605 4466 ἆγιος
627 4399 835 4469 μάρτυς
861 4402 1232 4472 παρεκάλεσεν
1256 4404 1348 4457 τὸν
1372 4407 1801 4478 σπεκουλάτορα,

1883 723 2148 777 reduciin
2184 723 2511 784 custodiam,
2561 723 2762 789 iubens
2804 727 3281 782 commentariensi
3312 744 3451 797 quo-

1883 817 2011 875 tidie
2044 817 2095 871 ei
2123 818 2249 871 dare
2277 818 2488 872 unciam
2514 819 2670 887 panis
2705 826 2760 873 et
2787 830 2973 889 potum
3002 834 3214 888 aquam,
3234 830 3287 876 et
3318 837 3448 894 pro-

1884 909 2078 964 hibens
2097 924 2163 962 ne
2179 909 2246 964 ab
2271 910 2378 962 ullo
2400 908 2704 963 videretur.
2722 909 3026 965 Verebatur
3044 909 3214 971 enim,
3236 926 3302 964 ne
3320 911 3446 977 quis

1884 1016 1947 1057 ex
1976 1002 2044 1056 iis
2077 1001 2171 1071 qui
2200 1001 2267 1056 ad
2301 1002 2479 1071 ipsum
2513 1001 2821 1055 attinebant
2848 1001 2897 1055 ei
2939 1002 3093 1056 daret
3129 1001 3387 1056 alimenta
3431 1019 3446 1057 :

1886 1096 2141 1165 ignorans
2170 1093 2391 1157 stultus,
2410 1093 2552 1163 quod
2582 1092 2705 1146 Non
2732 1096 2781 1145 in
2809 1093 2921 1146 solo
2950 1109 3084 1161 pane
3125 1093 3245 1147 vivit
3279 1095 3453 1156 homo,

1886 1186 1981 1242 sed
2026 1189 2079 1242 in
2112 1187 2251 1240 omni
2276 1187 2426 1240 verba
2470 1189 2607 1255 quod
2667 1188 2771 1240 exit
2828 1202 2919 1255 per
2970 1202 3027 1239 os
3071 1184 3167 1239 Dei
3195 1186 3255 1237 ¹⁸.
3310 1184 3453 1239 San-

1885 1292 2005 1337 ctus
2033 1291 2217 1336 autem
2267 1281 2420 1336 Plato
2452 1280 2717 1350 transegit
2762 1280 2949 1334 decem
2995 1288 3049 1333 et
3082 1287 3206 1334 octo
3238 1278 3357 1333 dies
3392 1278 3446 1331 in

1885 1374 2153 1437 custodia,
2180 1383 2235 1429 et
2260 1381 2320 1427 ut
2351 1373 2404 1425 in
2441 1372 2561 1441 ipso
2591 1385 2805 1440 quoque
2844 1370 3164 1439 impleretur
3211 1368 3265 1423 id
3306 1368 3453 1439 quod

1889 1466 2151 1536 scriptum
2184 1475 2301 1521 est:
2337 1465 2518 1519 Justus
2544 1480 2608 1517 ex
2642 1464 2743 1532 ﬁde
2774 1466 2907 1517 vivet
2939 1466 3008 1527 ι’,
3042 1463 3219 1518 noluit
3250 1478 3281 1517 a
3303 1477 3457 1518 com-

1888 1558 2247 1615 mentariensi
2278 1572 2477 1629 panem
2505 1555 2732 1611 omnino
2787 1567 2882 1611 aut
2943 1572 3138 1627 aquam
3185 1557 3455 1625 accipere.

1889 1651 2294 1717 Sciebatenim,
2325 1651 2472 1720 quod
2499 1649 2590 1719 qui
2622 1649 2830 1704 Danieli
2850 1649 2999 1705 misit
3028 1649 3454 1713 nutrimentum,

1890 1739 1983 1810 qui
2012 1749 2130 1795 erat
2160 1740 2214 1794 in
2254 1740 2436 1795 medio
2496 1740 2713 1794 leonum
2745 1739 2812 1802 ³⁶,
2848 1740 2965 1809 ipse
3005 1740 3181 1811 ipsum
3241 1756 3459 1811 quoque

1893 1832 2096 1886 nutriet
2158 1832 2212 1886 in
2288 1832 2556 1888 custodia.
2614 1829 2906 1899 Postquam
2958 1841 3140 1886 autem
3203 1834 3458 1887 custodes

1892 1938 2017 1978 eum
2068 1920 2324 1980 viderunt
2357 1922 2497 1976 nihil
2559 1936 2801 1987 sumere,
2858 1921 3015 1975 veriti
3040 1936 3109 1975 ne
3153 1920 3459 1977 interireta

1896 2014 2057 2082 fame,
2080 2029 2201 2069 eum
2226 2013 2608 2079 hortabantur,
2624 2013 2870 2071 dicentes
2897 2011 3189 2077 :Comede,
3215 2026 3248 2067 ο
3272 2012 3461 2074 homo,

1892 2118 1963 2157 ne
1987 2103 2129 2157 forte
2163 2103 2447 2157 veniamus
2482 2102 2536 2156 in
2583 2100 2908 2169 periculum,
2939 2101 2983 2156 si
3019 2109 3077 2156 tu
3106 2101 3250 2156 nolis
3303 2101 3464 2169 quid-

1892 2210 2055 2267 quam
2111 2202 2330 2267 gustare
2368 2209 2558 2248 eorum
2592 2207 2711 2262 quae
2760 2192 2855 2247 tibi
2888 2207 2916 2245 a
2951 2192 3107 2246 nobis
3130 2192 3459 2249 oﬂeruntur.

1894 2286 2093 2343 Beatus
2123 2296 2305 2341 autem
2330 2284 2483 2340 Plato
2517 2284 2687 2339 dixit:
2718 2282 2796 2338 Nc
2821 2280 3166 2348 existimetis,
3188 2300 3220 2339 ο
3243 2282 3465 2343 fratres.

1896 2392 1983 2432 me
2034 2376 2361 2431 moriturum
2419 2382 2726 2444 propterea,
2793 2374 2937 2442 quod
3004 2389 3111 2428 non
3163 2375 3464 2429 comedam.

1895 2466 2001 2522 Vos
2025 2467 2170 2521 enim
2204 2466 2378 2521 nutrit
2406 2465 2585 2535 panis,
2636 2480 2723 2519 me
2744 2475 2924 2523 autem
2952 2466 3178 2522 verbum
3217 2464 3312 2521 Dei
3337 2483 3466 2537 pero

1894 2572 2124 2612 manens
2157 2556 2213 2613 in
2243 2566 2509 2611 aeternum
2534 2574 2547 2610 :
2574 2564 2629 2610 et
2652 2572 2746 2610 vos
2770 2557 2990 2618 quidem
3022 2557 3222 2611 satiant
3248 2573 3465 2623 carnes,

1896 2663 1982 2704 me
2016 2658 2199 2705 autem
2229 2664 2381 2719 pura:
2413 2662 2625 2718 preces.
2672 2648 2779 2702 Vos
2826 2648 3063 2706 laetiﬁcat
3116 2648 3323 2715 vinum,
3379 2664 3467 2705 me

1895 2747 2078 2793 autem
2111 2737 2388 2802 Christus,
2424 2754 2551 2791 vera
2602 2738 2727 2793 \itis
2770 2737 2967 2804 Patris,
3012 2739 3104 2809 qui
3150 2755 3259 2794 non
3320 2739 3471 2797 cadit

1896 2829 1998 2884 sub
2038 2839 2344 2899 aspectum.
2386 2828 2491 2884 Vos
2532 2830 2869 2900 exspectatis
2903 2831 3095 2887 audire
3153 2830 3371 2889 laudem
3396 2831 3466 2887 ab

1896 2920 2211 2980 hominibus
2245 2938 2258 2974 :
2288 2935 2387 2990 ego
2419 2930 2601 2975 autem
2661 2936 2851 2977 vocem
2903 2921 3239 2978 Dominicatn
3279 2923 3333 2978 in
3380 2924 3472 2981 die

1892 3012 2108 3081 judicii,
2135 3027 2243 3083 qua
2266 3013 2408 3067 dicet
2436 3012 2767 3083 Redemptor
2792 3015 2980 3069 mundi
3011 3015 3262 3071 Christus
3297 3035 3310 3071 :
3371 3015 3472 3072 Ve-

1899 3103 2026 3170 nite,
2076 3104 2331 3158 benedicti
2356 3104 2534 3159 Patris
2577 3106 2698 3163 mei.
2738 3106 2991 3175 possidete
3047 3118 3296 3178 paratum
3330 3108 3472 3165 vobis

1900 3211 2118 3266 regnum
2141 3205 2264 3252 ante
2298 3198 2480 3252 mundi
2508 3198 2930 3252 constitutionem
2953 3200 3018 3254 ".

1967 3395 2086 3454 XX.
2124 3395 2387 3453 Postdies
2415 3406 2598 3450 autem
2632 3396 2841 3467 aliquot
2876 3396 3178 3466 praesidens
3210 3396 3469 3469 Agrippi-

1899 3507 2000 3548 nus
2032 3492 2084 3545 in
2121 3490 2365 3557 basilica,
2395 3490 2562 3561 jussit
2583 3501 2831 3546 sanctum
2867 3490 3153 3546 Platonem
3188 3489 3259 3544 ad
3289 3491 3469 3559 ipsum

1899 3582 2022 3638 duci
2049 3598 2079 3637 e
2114 3583 2382 3636 custodia.
2409 3581 2547 3637 Cum
2574 3592 2756 3636 autem
2780 3583 2978 3636 ductus
3008 3591 3177 3645 esset,
3210 3582 3343 3637 dicit
3384 3581 3470 3642 ei:

1897 3676 2037 3731 Pare
2063 3674 2196 3729 mihi
2231 3675 2297 3729 de
2325 3682 2546 3739 caetero,
2607 3682 2663 3728 ct
2710 3673 2815 3728 diis
2845 3673 3117 3738 sacriﬁea,
3153 3673 3471 3739 etlnerare,

1900 3785 1969 3824 ne
1994 3770 2135 3824 male
2183 3767 2461 3824 moriaris.
2524 3766 2669 3823 Dixit
2711 3778 2934 3823 sanctus
2980 3767 3134 3822 Plato
3179 3785 3193 3822 :
3235 3766 3363 3821 Mihi
3390 3768 3474 3822 vi-

1901 3876 2050 3926 vere,
2093 3860 2346 3915 Christus
2377 3877 2391 3913 :
2419 3868 2475 3914 et
2502 3875 2602 3928 pro
2636 3862 2763 3929 ipso
2804 3861 2965 3924 mori,
3010 3870 3065 3915 et
3094 3862 3308 3915 lucrum
3340 3860 3385 3893 "
3419 3868 3477 3914 et

1900 3953 2090 4026 gloria.
2110 3950 2221 4008 Fac
2245 3964 2376 4023 ergo
2406 3948 2544 4005 mihi
2591 3948 2726 4011 cito,
2763 3948 2910 4018 quod
2963 3949 3123 4013 velis,
3175 3964 3275 4020 ego
3322 3948 3472 4004 enim

1902 4060 2185 4117 nunquam
2245 4043 2569 4100 sacriﬁcabo
2620 4040 2931 4099 simulacris
2961 4039 3246 4097 inanimis.
3316 4042 3515 4095 Tunc’

1903 4153 2028 4195 cum
2058 4138 2286 4193 vidisset
2312 4135 2644 4207 Agrippinus
2682 4134 2843 4188 tidem
2888 4134 3010 4203 ejus
3054 4130 3473 4199 immutabilem,

1903 4230 2030 4285 tulit
2056 4229 2115 4283 in
2143 4245 2269 4287 eum
2308 4225 2663 4289 sententiam,
2702 4232 2764 4278 ut
2789 4232 2953 4294 caput
2979 4222 3028 4277 ei
3062 4230 3470 4293 amputaretur.

1905 4322 2041 4379 Cum
2082 4336 2209 4393 ergo
2256 4334 2385 4375 eum
2427 4317 2773 4390 accepissent
2828 4316 3074 4382 lictores,
3128 4316 3479 4375 abduxerunt

1908 4424 2062 4470 extra
2085 4412 2370 4468 civitatem
2406 4410 2461 4464 in
2486 4409 2626 4475 loco,
2653 4409 2748 4477 qui
2782 4419 3006 4464 vocatur
3029 4408 3286 4481 Campus.
3312 4408 3478 4466 Stans

212 4491 361 4545 ὥστε
403 4490 643 4544 ἐνδοῦναι
676 4492 826 4560 αὑτῷ
862 4494 1285 4567 προσεύξασθαι,
1307 4500 1400 4553 καὶ
1429 4498 1640 4566 ἐπάρας
1677 4502 1793 4563 τοὺς

1908 4514 2091 4561 autem
2121 4511 2345 4557 sanctus
2385 4507 2615 4573 martyr,
2635 4500 2847 4571 rogavit
2873 4477 3290 4570 spiculator’em,
3327 4510 3388 4555 ut
3426 4500 3479 4561 ei

210 4583 534 4655 ὀφθαλμοὺς
554 4583 718 4637 αὑτοῦ
744 4585 822 4647 είς
840 4586 933 4640 τὸν
954 4588 1202 4660 οὐρανὸν,
1220 4590 1371 4643 εἶπεν
1387 4606 1402 4622 ·
1430 4590 1598 4661 Κύριε
1623 4592 1800 4663 Ἰησοῦ

213 4677 447 4749 Χριστε,
478 4676 768 4747 πρόσδεξαι
792 4678 848 4730 ἐν
873 4679 1066 4752 εἰρήνῃ
1090 4680 1190 4756 τὴν
1208 4680 1387 4753 ψυχήν
1412 4699 1512 4754 μου
1542 4699 1554 4711 ·
1582 4686 1675 4738 καὶ
1705 4687 1800 4739 εκ.

213 4768 408 4831 τείνας
430 4768 521 4822 τὸν
545 4769 740 4824 ἑαυτοῦ
763 4771 1056 4844 τράχηλον,
1089 4769 1240 4827 εἶπεν
1264 4774 1342 4845 τῷ
1369 4777 1766 4847 σπεκουλάτορι
1785 4795 1797 4807 ο

219 4859 378 4911 Ποίει
401 4858 462 4910 τὸ
482 4859 821 4930 προσταχθέν
851 4878 952 4914 σοι.
992 4860 1125 4915 Τότε
1156 4865 1183 4915 ό
1222 4866 1609 4938 σπεκουλάτωρ
1641 4866 1804 4941 κρού-

221 4966 329 5012 σας
356 4948 523 5001 αὐτὸν
546 4949 631 5017 τῷ·
648 4948 813 5020 ξίφει,
839 4952 1115 5023 ἀπέτεμεν
1139 4954 1302 5008 αὐτοῦ
1325 4953 1422 5029 τὴν
1445 4958 1686 5029 κεφαλὴν
1712 4960 1806 5013 καὶ

218 5043 550 5113 παρέδωκεν
570 5041 629 5094 τὸ
648 5043 862 5113 πνεῦμα
878 5046 1043 5099 αὑτοῦ
1068 5045 1141 5117 τῷ
1157 5037 1367 5121 Κυρίῳ.
1390 5052 1463 5104 Τὸ
1480 5052 1537 5104 δὲ
1557 5051 1808 5121 λείψανον

214 5134 322 5188 τοῦ
386 5136 545 5204 ἁγίου
604 5137 693 5188 καὶ
745 5138 1376 5208 μακαρίουοηλάτωνος
1436 5141 1692 5213 λασόντες
1756 5144 1806 5196 οἱ

218 5229 557 5299 Χριστιανοὶ
589 5228 882 5282 κατέθεντο
905 5233 960 5284 ὲν
986 5231 1064 5320 τῷ
1089 5233 1239 5305 αὺτῷ
1268 5235 1439 5313 τόπῳ.
1487 5234 1805 5308 Ἐτελειὼθη

218 5320 282 5373 δὲ
322 5322 351 5371 ὁ
386 5317 540 5393 ἆγιος
566 5320 789 5395 Πλάτων
823 5319 956 5393 μηνὶ
986 5317 1278 5401 Νοεμσρίῳ
1312 5332 1401 5396 ιη’,
1429 5325 1805 5396 βασιλεύοντος

216 5412 324 5469 τοῦ
371 5412 578 5485 Κυρίου
617 5412 772 5492 ἡμῶν
834 5415 1010 5486 Ἰησοῦ
1053 5418 1317 5489 Χριστοῦ,
1364 5414 1407 5489 ᾧ
1449 5422 1482 5490 ἡ
1537 5419 1665 5486 δόξα
1710 5420 1808 5473 καὶ

215 5505 285 5559 σεδ
335 5502 537 5573 κράτος
583 5500 680 5554 νῦν
731 5504 826 5558 καὶ
870 5508 950 5571 εἰς
1000 5508 1126 5572 τοὺς
1174 5510 1378 5574 αἰῶνας
1426 5510 1532 5566 τῶν
1572 5508 1804 5566 αἰώνων.

228 5602 437 5673 ’Λμήν-

336 5719 381 5749 ¹⁸
413 5718 696 5779 Deut.vut,
730 5717 793 5781 '5;
827 5714 1016 5771 Matth.
1049 5719 1198 5785 ΝΑ.

432 5792 477 5819 ⁷⁸⁸
507 5788 739 5855 Philipp.
765 5803 801 5850 ι,
861 5786 956 5839 21.

560 5881 829 5939 ΡΑτιιοι..
879 5879 923 5936 G
938 5898 992 5937 ιι.
1042 5877 1217 5937 CXV.

213 5790 316 5844 Η.

1309 5720 1351 5752 ¹⁹
1387 5719 1590 5777 Habac.
1620 5737 1675 5787 ιι,
1723 5722 1786 5784 4;
1819 5720 1982 5776 Hebr.
2015 5737 2066 5782 κ,
2098 5720 2186 5774 38.

1910 4608 2101 4665 parum
2120 4592 2277 4663 spatii
2300 4592 2633 4649 concederet
2658 4592 2725 4647 ad
2754 4592 3044 4647 orandum.
3100 4592 3204 4659 Qui
3248 4593 3479 4649 sublatis

1906 4688 1965 4743 in
1998 4687 2198 4745 omium
2223 4686 2339 4745 suis
2359 4686 2554 4752 oculis,
2580 4683 2868 4740 Dominum
2890 4685 3084 4749 oravit,
3106 4686 3295 4742 dicens
3322 4704 3335 4741 :
3364 4688 3479 4758 Ago

1909 4779 2008 4835 tibi
2043 4781 2265 4852 gratias,
2298 4777 2529 4833 Domine
2560 4775 2691 4833 Jesu
2707 4773 2950 4841 Christe,
2977 4778 3123 4848 quod
3161 4786 3477 4833 sanctetuo

1908 4875 2134 4929 nomine
2192 4869 2477 4942 protexisti
2517 4884 2606 4925 me
2668 4884 2892 4923 servum
2937 4877 3113 4933 tuum,
3172 4876 3229 4924 et
3280 4868 3477 4924 dedisti

1908 4960 2044 5019 mihi
2073 4961 2330 5031 gratiam,
2363 4968 2424 5014 ut
2457 4958 2699 5029 perfecte
2745 4972 2968 5014 cursum
3018 4956 3343 5020 conﬁcerem
3379 4972 3479 5028 pro

1910 5062 1963 5109 te
2002 5050 2241 5121 suscepti
2266 5050 2608 5106 certaminis.
2662 5050 2732 5106 Et
2767 5066 2915 5112 nunc
2960 5063 3090 5120 rogo
3126 5036 3203 5115 t'e,
3260 5050 3478 5120 suscipe

1910 5144 1964 5199 in
1993 5159 2124 5215 pace
2178 5145 2418 5200 animam
2443 5158 2623 5200 meam
2651 5160 2664 5197 :
2689 5142 2952 5212 quoniam
2980 5158 3042 5200 es
3068 5142 3396 5200 benedictus
3422 5145 3479 5209 in

1910 5236 2128 5294 saecula.
2153 5237 2351 5292 Amen.
2380 5235 2535 5292 Tunc
2564 5250 2688 5289 cum
2715 5234 2918 5292 collum
2956 5249 3116 5289 suum
3140 5235 3482 5301 extendisset

1911 5329 2046 5385 dixit
2099 5328 2417 5401 spiculatori
2451 5346 2465 5381 :
2500 5326 2607 5382 Fac
2665 5326 2877 5391 amice,
2940 5325 2994 5381 id
3038 5326 3184 5397 quod
3231 5326 3332 5383 fuit
3382 5329 3481 5388 tibi

1914 5423 2262 5494 imperatum.
2278 5420 2587 5493 Spiculator
2606 5428 2790 5474 autem
2809 5432 2934 5473 eum
2953 5417 3133 5490 gladio
3149 5420 3482 5492 percutiens,

1914 5515 2145 5575 abscidit
2194 5514 2314 5585 ejus
2374 5521 2627 5569 sanctum
2661 5520 2826 5581 caput
2867 5524 2885 5566 :
2925 5520 2981 5567 et
3015 5512 3198 5567 statim
3256 5512 3486 5570 tradidit

1918 5608 2148 5664 Domino
2184 5622 2342 5663 suum
2370 5605 2647 5676 spiritum.
2676 5603 2935 5661 Pretiosa:
2979 5614 3161 5661 autem
3188 5614 3242 5660 et
3278 5615 3486 5663 sancta:

2301 5719 2346 5750 ὀ
2383 5718 2517 5771 Dan.
2556 5717 2773 5783 “v.32.
2812 5733 2963 5788 seqq.
3075 5720 3115 5751 ¹¹
3145 5717 3335 5779 Matth.
3360 5736 3484 5777 xxv.

3081 5880 3150 5939 14
