4188 6310
787 344 887 406 ιιι

2077 342 2359 402 MENSIS
2397 343 2688 403 IULIUS.

3922 347 4020 410 412

790 461 926 521 scio,
950 457 1079 525 quid
1114 457 1545 527 mihiexpediat,
1572 465 1625 511 et
1676 471 1956 525 nunquam
2007 464 2226 510 avertar
2289 456 2351 509 ah

2458 458 2744 527 γενέσθαι·
2782 458 2894 526 ἐγὼ
2948 459 3052 529 γὰρ
3097 459 3154 513 τὺ
3208 461 3484 530 συμφέρον
3512 458 3735 528 ἐμαυτῷ
3770 461 4019 527 γινώσκω

790 549 892 603 hac
914 549 1281 605 confessione.
1310 548 1453 617 Dixit
1475 549 1812 618 Agrippinus
1844 566 1858 603 :
1888 547 2019 613 Quis
2070 557 2152 601 est
2201 547 2357 601 Chri-

790 652 926 703 stus,
962 658 1120 709 quem
1161 642 1328 696 dicis?
1354 642 1491 696 Num
1526 647 1703 710 potest
1756 649 1805 694 te
1850 642 2031 695 vivum
2062 640 2273 709 eripere
2325 654 2356 694 e

791 734 924 785 meis
948 733 1196 786 manibus
1214 748 1318 787 non
1339 733 1729 786 sacriﬁcantem
1746 732 1766 783 ?
1785 730 1938 785 Nunc
1960 747 2084 802 ergo
2116 732 2199 785 vis
2214 731 2354 785 male

786 827 947 877 mori.
981 823 1130 878 Scias
1150 836 1352 887 autem,
1372 823 1517 893 quod
1532 826 1619 893 qui
1638 823 1739 877 fuit
1764 824 2053 877 cruciﬁxus
2072 840 2100 877 a
2128 822 2350 887 ludatis,

790 928 896 965 non
930 924 1105 980 potest
1135 924 1183 965 te
1220 928 1458 975 scrvare,
1500 914 1709 967 etiamsi
1751 914 2033 981 praestigiis
2057 912 2162 966 tuis
2197 912 2354 967 valde

785 1004 1045 1058 Confidas.
1078 1003 1169 1056 Sin
1188 1013 1363 1058 autem
1392 1020 1582 1073 magno
1605 1005 1704 1058 deo
1726 1005 1959 1072 Apollini
2014 1003 2352 1066 sacrilicaris,

785 1105 841 1147 et
877 1106 967 1148 tuo
1006 1095 1269 1148 sacrificio
1301 1110 1425 1148 eum
1453 1096 1543 1148 tibi
1576 1096 1825 1163 placaris,
1850 1102 2028 1161 potest
2059 1103 2110 1145 te
2133 1094 2199 1145 ab
2225 1090 2350 1154 hoc,

785 1187 877 1254 qui
906 1197 955 1241 te
974 1187 1201 1260 detinet,
1242 1186 1528 1241 candentis
1549 1187 1685 1255 ignis
1711 1186 1933 1255 grabato
1960 1194 2013 1239 et
2034 1184 2222 1239 dolore
2247 1185 2350 1237 eri-

786 1292 936 1349 pere.
968 1275 1201 1334 Sanctus
1234 1286 1415 1331 autem
1454 1276 1606 1329 Plato
1645 1276 1779 1329 dixit
1810 1292 1823 1326 :
1850 1274 2134 1345 Nunquam
2185 1274 2352 1329 sacri-

790 1368 987 1429 ﬁcabo,
1030 1385 1131 1423 nec
1163 1368 1423 1436 Apollini,
1486 1382 1587 1423 nec
1632 1368 1859 1435 reliquis
1921 1366 2026 1420 diis
2054 1367 2181 1419 tuis.
2212 1364 2343 1419 Nam

784 1460 876 1528 qui
910 1460 1101 1527 Apollo
1133 1459 1362 1519 dicitur.
1402 1460 1556 1529 pellit
1594 1458 1661 1514 ad
1694 1459 1974 1512 interitum
2008 1465 2103 1510 :et
2135 1470 2347 1519 omnes,

784 1550 873 1618 qui
911 1550 964 1603 in
996 1563 1118 1603 eum
1153 1550 1406 1611 credunt,
1450 1550 1641 1603 eodem
1670 1548 1925 1616 peribunt
1975 1546 2216 1599 interitu.
2258 1545 2350 1600 Vis

782 1648 963 1693 autem
992 1640 1155 1701 scire,
1180 1654 1212 1693 ο
1236 1640 1399 1691 stulte
1416 1646 1468 1692 et
1493 1638 1639 1707 gravi
1672 1638 1854 1701 corde,
1887 1636 2056 1690 delire
2086 1644 2140 1690 et
2168 1644 2349 1689 mente

782 1740 957 1796 capte,
993 1729 1137 1799 quod
1166 1744 1277 1785 non
1342 1738 1468 1783 sunt
1518 1729 1610 1791 dii,
1652 1728 1745 1796 qui
1778 1728 1939 1781 ‘ﬁunt
1991 1744 2087 1797 per
2157 1744 2349 1783 manus

781 1822 1085 1887 hominum,
1136 1822 1231 1878 sed
1276 1836 1467 1874 aurum
1520 1830 1572 1875 et
1623 1829 1929 1888 argentum,
1991 1822 2046 1871 et
2103 1814 2267 1886 ligna,
2298 1828 2352 1873 et

784 1912 996 1981 lapides
1023 1911 1240 1965 formati
1278 1911 1445 1966 variis
1502 1920 1558 1964 et
1610 1910 1844 1963 diversis
1900 1908 2219 1963 coloribus?
2250 1909 2348 1973 Qui

780 2006 968 2059 oculos
996 2005 1219 2078 habent,
1250 2015 1303 2060 et
1333 2019 1440 2056 non
1494 2001 1677 2055 vident
1708 2020 1721 2054 :
1780 2017 1976 2055 manus
2023 2001 2243 2065 habent,
2298 2010 2352 2057 et

783 2112 891 2149 non
917 2097 1138 2165 palpant
1170 2112 1181 2145 :
1211 2097 1375 2164 pedes
1402 2094 1624 2158 habent,
1652 2103 1704 2148 et
1733 2108 1839 2148 non
1864 2094 2162 2158 ambulant,
2193 2110 2350 2150 aures

782 2188 1005 2251 habent,
1069 2196 1121 2242 et
1163 2201 1275 2241 non
1347 2187 1618 2241 audiunt:
1669 2201 1826 2239 nares
1880 2185 2097 2249 habent,
2141 2196 2194 2241 et
2239 2202 2347 2241 non

781 2281 1160 2344 odorantur‘;
1207 2288 1284 2349 et,
1352 2288 1411 2333 ut
1489 2279 1661 2335 semel
1721 2278 1915 2340 dicam,
1986 2287 2112 2331 sunt
2184 2292 2349 2345 opera

779 2369 1082 2423 fabrorum-
1119 2378 1174 2423 et
1196 2369 1505 2429 auriﬁcum,
1554 2378 1610 2420 et
1657 2376 2014 2431 tornatorum,
2062 2375 2114 2418 et
2166 2366 2352 2435 lapici-

780 2462 996 2520 darum.
1032 2461 1313 2530 lstienim,
1365 2476 1502 2530 quos
1536 2467 1592 2514 tu
1643 2460 1773 2517 deos
1825 2473 1948 2514 esse
2004 2457 2157 2523 dicis,
2217 2474 2352 2527 quo-

779 2551 941 2609 modo
995 2567 1103 2606 non
1158 2560 1384 2621 possunt
1454 2550 1616 2605 alicui
1691 2550 2031 2611 benefacere,
2106 2552 2179 2604 ita
2249 2565 2350 2607 nec

783 2638 1013 2711 possunt
1038 2658 1275 2713 unquam
1306 2642 1503 2696 laedere
1534 2656 1629 2695 eos
1676 2641 1765 2709 qui
1802 2641 1991 2695 timent
2039 2642 2348 2699 Dominum.

781 2734 920 2789 Sunt
974 2736 1121 2789 enim
1160 2735 1311 2788 nullo
1351 2748 1516 2789 sensu
1547 2733 1781 2803 prtediti,
1826 2734 1980 2791 vobis
2011 2734 2259 2791 similes:
2294 2741 2351 2788 et

783 2844 891 2883 non
916 2828 1182 2891 sentiunt,
1224 2843 1325 2881 nec
1349 2843 1473 2883 cum
1502 2827 1583 2880 eis
1604 2826 1830 2882 ollertur
1859 2826 2206 2889 sacriﬁcium,
2247 2840 2348 2883 nec

786 2936 906 2976 cum
942 2921 1321 2982 lihamen.uec
1377 2934 1500 2974 cum
1538 2920 1618 2975 eis
1677 2918 2003 2975 ullusalius
2058 2918 2350 2975 exhibetur

783 3014 985 3068 cultus.
1033 3013 1176 3066 Deus
1233 3021 1413 3066 autem
1445 3052 1459 3076 ,
1504 3012 1795 3081 quiomnia
1851 3010 2001 3074 fecit,
2055 3018 2110 3065 et
2148 3011 2345 3066 coelum

2460 550 2554 603 καὶ
2582 551 2640 603 οὐ
2669 550 3083 620 μετατρέπομαι
3110 552 3218 606 ἀπὸ
3250 552 3351 620 τῆς
3381 554 3670 620 ὁμολογίας
3691 553 3919 623 ταύτης.
3963 556 4017 607 '0

2454 638 2509 691 δὲ
2550 640 2903 709 Ἀγριππῖνος
2927 642 3031 711 ἔφη
3053 660 3066 673 ι
3102 643 3195 705 Τίς
3223 645 3369 695 ἐστιν
3397 647 3423 696 ό
3461 645 3693 713 Χριστὸς
3728 645 3788 696 ὃν
3842 648 3907 698 σὺ
3938 645 4019 703 λέ-

2454 749 2604 798 γεις;
2639 734 2728 803 Μὴ
2760 734 2989 786 δύναταί
3023 751 3081 786 σε
3109 734 3381 801 ῥύσασθαι
3423 737 3487 789 ἐκ
3529 736 3637 788 τῶν
3668 738 3899 805 χειρῶν,
3948 738 4016 807 μὴ

2454 826 2649 879 θύοντα
2674 842 2688 891 ;
2718 826 2813 879 νῦν
2851 822 2941 880 οὖν
2988 827 3169 901 βούλει
3206 829 3391 891 κακῶς
3428 828 3742 883 ἀποθανεῖν.
3780 830 4017 883 Γίνωσκε

2483 917 2508 935 τ
2630 935 2654 945 _
3031 922 3065 946 ,.
3353 920 3377 932 ..
3478 923 3490 937 .
3827 922 3839 937 .
3916 922 3928 935 .

2453 934 2567 980 ουν,
2598 919 2678 970 ὅτι
2708 920 2735 970 ό
2767 919 3106 988 σταυρωθιις
3138 920 3287 989 παρὰ
3311 938 3419 971 των
3495 922 3751 973 Ιουδαίων
3784 938 3849 972 ου
3872 922 4018 973 δυνα-

2452 1007 2541 1060 ταί
2569 1024 2626 1059 σε
2658 1008 2853 1067 σῶσαι,
2878 1010 2923 1059 εί
2956 1009 3049 1059 καὶ
3080 1009 3288 1078 σφόδρα
3322 1008 3545 1078 θαῤῥετς
3578 1012 3700 1071 ταῖς
3739 1012 4018 1076 γοητείαις

2455 1114 2568 1149 σου.
2606 1096 2729 1149 Ἐὰν
2763 1096 2817 1148 δὲ
2845 1097 3017 1168 θύσῃς
3049 1098 3124 1166 τῷ
3173 1097 3392 1167 μεγάλῳ
3429 1098 3535 1167 θεῷ
3586 1098 3892 1151 Ἀπόλλωνι
3929 1100 4020 1149 καὶ

2452 1187 2796 1258 θεραπεύσῃς
2826 1188 2988 1239 αὑτὸν
3020 1188 3108 1241 διὰ
3131 1189 3231 1258 τῆς
3261 1188 3450 1250 Θυσίας
3475 1205 3589 1252 σου,
3622 1187 3852 1251 δυνατός
3878 1190 4021 1240 ἐστιν

2450 1276 2557 1328 ἀπὸ
2577 1278 2672 1345 τῆς
2695 1277 3038 1345 κατεχούσης
3064 1295 3123 1330 σε
3154 1278 3356 1348 ταύτης
3386 1278 3578 1346 ὀδύνης
3600 1278 3695 1331 καὶ
3716 1277 4022 1346 κραϐϐατο-

2451 1368 2648 1435 πυρίας
2674 1369 2972 1434 ἐξελέσθαι.
3012 1369 3240 1422 Πλάτων
3268 1368 3420 1423 εἶπεν
3441 1387 3454 1399 ·
3487 1369 3561 1423 Οὐ
3592 1369 3707 1422 θύω
3742 1368 3873 1421 οὔτε
3906 1371 4016 1431 τοῖς

2453 1457 2660 1522 λοιποῖς
2705 1460 2867 1525 θεοῖς,
2905 1458 3029 1513 οὔτε
3064 1459 3431 1513 ’Ἃπόλλωνιο
3484 1463 3511 1513 ό
3560 1460 3669 1529 γάρ
3717 1459 4018 1528 λεγόμενος

2464 1549 2734 1603 Ἀπόλλων
2761 1552 3009 1604 ἀπώλειά
3034 1553 3202 1613 ἐστιν,
3236 1551 3330 1605 καὶ
3362 1552 3563 1612 πάντες
3585 1550 3642 1601 δὲ
3669 1552 3720 1603 οἱ
3746 1552 3831 1611 είς
3856 1552 4021 1602 αὐτὸν

2452 1640 2824 1703 πιστεύοντες,
2875 1644 2938 1711 τῇ
3002 1643 3137 1712 αὐτῇ
3165 1641 3410 1713 ἀπωλείᾳ
3449 1640 3801 1695 ἀπολοῦνται.
3828 1640 4019 1701 Θέλεις

2451 1734 2507 1786 δὲ
2537 1733 2761 1800 γνῶναι,
2790 1734 2984 1801 ἀνόητε
3026 1736 3121 1785 καὶ
3161 1732 3649 1809 βαρυκάρδιεηιαὶ
3694 1732 4023 1801 φρεναπάτα

2454 1826 2549 1879 καὶ
2582 1825 2814 1893 λυμεὼν,
2851 1827 2932 1877 ὅτι
2984 1827 3083 1878 οὐκ
3108 1826 3219 1877 eici.
3257 1826 3369 1877 θεοὶ
3393 1827 3440 1877 oi
3463 1825 3551 1878 διὰ
3577 1825 3776 1894 χειρῶν
3808 1825 4020 1895 ἀνθρώ·

2452 1930 2569 1967 πων
2598 1915 2897 1983 γενόμενοι,
2928 1914 3061 1966 ἀλλὰ
3082 1914 3302 1982 χρυσὸς,
3324 1915 3418 1968 καὶ
3437 1915 3697 1984 ἄργυρος,
3728 1914 3824 1966 καὶ
3859 1913 4015 1977 ξύλα,

2451 2006 2546 2056 καὶ
2597 2003 2755 2069 λίθοι,
2808 2005 3231 2073 μεμορφωμένοι
3281 2004 3548 2066 ποικίλοις
3596 2004 3688 2056 καὶ
3728 2004 4016 2073 διαφόροις

2453 2092 2737 2163 χρώμασιν
2758 2112 2770 2125 ·
2833 2092 2882 2147 οἳ
2911 2094 3225 2163 ὀφθαλμοὺς
3263 2096 3446 2163 ἔχουσι
3478 2095 3573 2147 καὶ
3604 2094 3665 2147 ού
3702 2095 4018 2164 βλέπουσιν,

2450 2180 2562 2238 ὦτα
2620 2203 2804 2256 εχουσι
2850 2186 2944 2238 καὶ
3000 2185 3102 2237 οὐκ
3149 2186 3429 2250 ἀκούουσι,
3489 2187 3640 2254 ῥῖνας
3687 2184 3871 2254 ἔχουσι
3930 2186 4019 2236 καὶ

2451 2278 2550 2331 ούκ
2603 2277 3088 2347 ὀσφρανθήσονται,
3137 2279 3326 2351 χεῖρας
3386 2276 3569 2346 ἔχουσι
3623 2277 3718 2331 καὶ
3795 2276 3860 2328 οὐ
3907 2276 4018 2345 ψη-

2451 2370 2771 2443 λαφήσουσι,
2836 2369 3002 2433 πόδας
3053 2368 3235 2440 ἔχουσι
3296 2370 3393 2422 καὶ
3450 2368 3511 2421 ού
3600 2370 4017 2437 περιπατήσου·

2452 2478 2503 2514 σι
2531 2476 2545 2490 ⁸
2608 2461 2702 2514 καὶ
2733 2458 2921 2522 ἁπλῶς
2975 2462 3166 2523 εἰπεῖν,
3211 2460 3347 2529 ἔργα
3380 2459 3579 2529 χειρῶν
3609 2457 3876 2527 τεχνιτῶν
3911 2459 4010 2511 καὶ

2458 2554 2769 2625 χρυσοχόων
2841 2553 2943 2606 ,καὶ
3001 2551 3304 2624 τορνευτῶν
3382 2552 3476 2605 καὶ
3533 2550 3791 2615 λιθοξόων
3851 2549 4014 2603 εἰσίν.

2450 2638 2607 2697 Οὗτοι
2638 2643 2766 2713 γὰρ,
2802 2642 2895 2704 οὒς
2920 2642 3097 2711 λέγεις
3124 2639 3263 2695 εἷναι
3295 2643 3475 2707 θεοὺς,
3500 2641 3689 2711 ὥσπερ
3709 2641 3919 2707 ἀγαθὸν
3954 2640 4019 2691 ού

2449 2733 2703 2788 δύνανται
2742 2736 2993 2803 ποιῆσαι,
3024 2734 3201 2799 οὔτως
3248 2733 3370 2797 οὐδὲ
3405 2732 3605 2803 βλάψαι
3644 2732 3772 2794 τοὺς
3817 2730 4018 2799 φοϐουο

2451 2837 2645 2897 μενους
2675 2828 2766 2881 τὸν
2818 2828 2950 2880 Θεὸν
2991 2825 3273 2891 δύνανται,
3315 2825 3452 2880 ἀλλὰ
3499 2823 3826 2891 ἀναίσθητοί
3874 2824 4017 2891 εἰσιν

2446 2918 2620 2988 ὅμοιοι
2654 2918 2808 2987 ὑμῶν
2834 2918 2929 2972 καὶ
2964 2919 3063 2970 οὐκ
3094 2917 3443 2995 αἰσθάνονται
3465 2914 3589 2968 οὔτε
3624 2914 3816 2991 θυσίας
3842 2930 4018 2981 προσ-

2447 3006 2754 3075 φερομένης
2784 3004 2909 3058 οὕτε
2946 3009 3053 3075 μὴν
3092 3007 3287 3077 ἑτέρας
3318 3007 3463 3068 τινὸς
3505 3004 3827 3073 θεραπείας.
3874 3003 3933 3056 Ὁ
3960 3002 4016 3054 δὲ

781 3107 1026 3161 extendit
1056 3117 1312 3177 tanquam
1349 3106 1568 3174 pellem,
1599 3111 1654 3157 et
1687 3112 1887 3159 terram
1917 3102 2346 3170 fundavitsuper

2451 3097 2628 3151 πάντα
2656 3100 2886 3168 ποιήσας
2905 3137 2922 3168 ,
2954 3100 3049 3151 καὶ
3076 3098 3167 3151 τὸν
3196 3096 3427 3167 οὐρανὸν
3454 3087 3693 3160 τανύσας
3729 3095 3868 3148 ὡσεὶ
3889 3095 4017 3162 Gip-

781 3213 950 3268 aquas
988 3200 1030 3261 ⁸,
1077 3199 1169 3265 qui
1197 3207 1377 3267 potest
1448 3196 1685 3250 animam
1716 3205 1773 3250 et
1812 3209 2011 3265 corpus
2042 3193 2269 3264 perdere
2292 3193 2343 3247 in

780 3291 1028 3360 gehenna
1056 3290 1077 3321 ⁸
1118 3304 1134 3344 :
1176 3289 1291 3359 ipse
1332 3289 1386 3343 in
1440 3303 1631 3347 omnes
1678 3288 2018 3344 dominatum
2070 3286 2343 3352 obtinens,

778 3383 1065 3439 rationalia
1088 3392 1141 3436 et
1181 3382 1469 3436 incruenta
1518 3380 1743 3451 suscipit
1785 3380 2077 3444 sacriﬁcia,
2110 3393 2230 3449 qua:
2271 3392 2339 3432 ex

778 3490 919 3547 puro
940 3474 1107 3529 corde
1137 3474 1186 3527 ei
1212 3474 1553 3527 offeruntur:
1582 3482 1638 3527 et
1671 3472 1943 3541 quomodo
1970 3486 2077 3527 non
2124 3479 2209 3525 est
2248 3469 2348 3523 ab-

779 3567 1027 3630 surdum,
1060 3573 1118 3618 ut
1142 3579 1245 3619 nos
1278 3564 1473 3619 relicto
1494 3562 1749 3618 eﬂ'eetore
1804 3562 2209 3626 universorum,
2255 3573 2344 3614 sa-

778 3654 1086 3710 criﬁcemus
1106 3654 1265 3725 lignis
1289 3662 1343 3709 et
1367 3652 1636 3722 lapidibus
1662 3651 1871 3707 ratione
1902 3651 2236 3715 carentibus,
2253 3648 2346 3721 qui

779 3744 949 3800 creati
980 3758 1172 3798 sumus
1206 3742 1271 3797 ad
1304 3742 1399 3796 Dei
1437 3740 1765 3813 imaginem?

849 3918 942 3974 ιχ.
982 3919 1119 3974 Dicit
1164 3917 1489 3987 Agrippinus
1518 3930 1532 3971 :
1563 3914 1813 3971 Miserere
1840 3915 1916 3968 tui
1956 3913 2023 3970 de
2060 3924 2278 3980 caetero,
2313 3930 2347 3971 o
2395 3920 2400 3925 ’

778 4012 975 4076 miser;
1004 4019 1058 4064 et
1086 4009 1130 4064 si
1155 4009 1292 4063 nolis
1311 4006 1638 4075 sacriﬁcare,
1664 4007 1754 4062 dic
1786 4006 1957 4061 solum
1988 4025 2002 4063 :
2027 4007 2246 4079 Magnus
2268 4017 2350 4064 est

2450 3190 2534 3258 ριν
2566 3188 2658 3241 καὶ
2695 3188 2794 3258 τὴν
2841 3190 2947 3257 γῆν
2978 3188 3314 3259 θεμελιώσας
3352 3188 3446 3241 ἐπὶ
3492 3188 3603 3239 τῶν
3652 3186 3890 3247 ὑδάτων,
3924 3186 4016 3237 δυ-

2447 3282 2679 3351 νάμενος
2712 3280 2805 3333 καὶ
2844 3280 2943 3346 τὴν
2996 3280 3173 3348 ψυχὴν
3221 3277 3403 3330 καὶτὸ
3446 3276 3608 3344 σῶμα
3639 3276 3907 3329 ἀπολέσαι
3955 3277 4015 3325 ἐν

2446 3372 2512 3442 τῇ
2543 3370 2756 3441 γεέννῃ,
2794 3368 2955 3431 αὐτὸς
3014 3367 3297 3431 δεσπόζων
3347 3366 3587 3432 πάντων,
3646 3361 4015 3433 προσδέχεται

2447 3464 2545 3523 τὰς
2576 3461 2797 3529 λογικὰς
2822 3457 3012 3521 θυσίας
3035 3460 3131 3511 καὶ
3158 3457 3550 3528 ἀναιμάκτους,
3580 3453 3678 3517 τὰς
3700 3452 3811 3506 ἀπὸ
3844 3451 4016 3506 καθα-

2450 3555 2549 3627 ρᾶς
2602 3540 2825 3624 καρδίας
2871 3550 3321 3623 προσφερομένας
3366 3546 3608 3607 καὶπῶς
3658 3545 3761 3597 οὐκ
3806 3544 4014 3599 ἄτοπόν

2448 3647 2595 3699 ἔστιν
2639 3643 3069 3711 καταλείψαντας
3102 3642 3247 3710 ἠμίς
3284 3639 3374 3691 τὸν
3413 3638 3521 3691 τῶν
3572 3637 3709 3689 ὅλων
3746 3636 4011 3703 ποιητὴν,

2451 3734 2627 3805 ξύλοις
2654 3736 2745 3787 καὶ
2771 3733 2940 3795 λίθοις
2966 3730 3180 3798 ἀλόγοις
3211 3728 3360 3782 θύειν
3386 3726 3419 3799 ἢ
3442 3725 3690 3781 σπένδειν
3726 3724 3859 3785 τοὺς
3891 3721 4013 3775 κατ’

2448 3829 2633 3882 είκόνα
2663 3825 2979 3887 κτισθέντας
3022 3822 3155 3877 Θεοῦ
3179 3839 3195 3889 ;

2520 3919 2598 3975 Θ⁹.
2644 3919 2704 3974 '0
2752 3919 2808 3972 δὲ
2870 3918 3225 3987 Ἀγριππῖνος
3271 3914 3405 3985 ἔφη*
3436 3913 3719 3980 Οἵκτειρον
3777 3906 4006 3965 σεαυτὸν

2447 4014 2655 4078 λοιπὸν,
2722 4009 3020 4080 τρισάθλιε,
3058 4008 3173 4073 καὶ,
3209 4006 3259 4058 εί
3322 4003 3397 4073 μὴ
3436 4003 3610 4065 θέλεις
3647 3999 3837 4063 θύσας,
3895 3999 4014 4051 clad

778 4103 992 4174 Apollo,
1024 4110 1079 4156 et
1102 4101 1306 4170 jubebo
1341 4109 1392 4155 te
1408 4099 1609 4153 auferri
1644 4100 1711 4153 ab
1744 4100 1846 4153 hoc
1868 4100 2018 4167 gravi
2045 4100 2208 4169 ignis.
2240 4116 2349 4171 quo

2452 4106 2612 4177 μόνον
2640 4121 2653 4135 ν
2685 4103 2880 4172 Μέγας
2927 4101 2954 4152 ό
3007 4098 3312 4161 Ἀπόλλων,
3346 4097 3440 4150 καὶ
3486 4092 3729 4148 κελεύσω
3787 4091 3849 4144 σὲ
3878 4107 4010 4144 κατ-

779 4194 1018 4259 vexaris,
1044 4192 1312 4256 cruciatu,
1352 4190 1549 4259 abique
1582 4200 1779 4262 sospes
1808 4198 1865 4243 et
1896 4198 2085 4243 noster
2114 4190 2346 4248 amicus.

2449 4194 2740 4269 ενεχθῆναι
2768 4193 2877 4247 ἀπὸ
2908 4192 3006 4260 τῆς
3037 4188 3378 4259 κατεχούσης
3409 4203 3468 4242 σε
3500 4183 3682 4253 δεινῆς
3711 4182 3808 4235 τοῦ
3844 4180 4012 4253 πυρὸς

782 4284 1018 4339 Sanetus
1046 4292 1225 4336 autem
1252 4279 1390 4335 dixit
1418 4280 1567 4334 Plato
1596 4298 1610 4336 :
1644 4281 1821 4345 Absit,
1870 4289 1931 4335 ut
1955 4296 2052 4351 ego
2103 4281 2177 4337 ita
2232 4282 2347 4337 mei

2451 4289 2749 4350 κολάσεως,
2793 4282 3114 4338 καὶ.άπελθε
3144 4279 3405 4346 ὑγιαίνων
3448 4275 3540 4328 καὶ
3562 4273 3715 4341 φίλος
3752 4272 4013 4339 ὑπάρχων

781 4378 1062 4438 miserear,
1079 4384 1136 4432 ut
1151 4387 1272 4426 meo
1282 4385 1509 4441 parcens
1521 4371 1755 4440 corpori,
1778 4379 1832 4423 et
1846 4385 2005 4438 parva
2025 4370 2263 4438 accepta,
2290 4378 2351 4425 ut

2450 4378 2742 4446 ἡμέτερος.
2783 4374 3009 4427 Πλάτων
3050 4366 3203 4423 εἶπεν
3230 4384 3243 4398 ’
3302 4368 3393 4438 Μὴ
3441 4364 3653 4434 γένοιτό
3692 4379 3787 4433 μοι
3842 4360 4011 4421 οὕτως

783 4475 842 4520 ιιι
864 4479 1073 4527 censes,
1092 4463 1447 4527 relaxatione,
1480 4476 1599 4515 cum
1618 4462 1796 4514 anima
1825 4460 2013 4515 vadam
2041 4460 2108 4515 ad
2132 4461 2348 4533 gehen-

2453 4468 2646 4522 ὲαυτδν
2700 4465 2949 4536 ἐλεῆσαι,
2991 4462 3079 4516 ἵνα
3124 4458 3442 4533 φειδόμενός
3486 4472 3586 4527 μου
3629 4452 3727 4508 τοῦ
3759 4452 4011 4523 σώματος

781 4571 907 4609 nam
947 4555 1106 4625 ignis.
1145 4555 1280 4610 Dixit
1308 4552 1665 4623 Agrippinus:
1702 4552 1869 4608 Recte
1899 4552 2055 4618 facis,
2083 4553 2349 4608 infelicis-

2450 4560 2545 4613 καὶ
2593 4557 2796 4623 ὀλίγον,
2832 4556 2905 4617 ὡς
2956 4555 3019 4609 σὺ
3064 4552 3328 4623 νομίζεις,
3367 4551 3552 4606 ἄνεσιν
3581 4545 3762 4599 λαϐὼν
3809 4546 3910 4598 σὺν
3952 4545 4017 4613 τῇ

781 4646 937 4709 sime,
959 4645 1054 4699 tibi
1083 4654 1310 4698 mortem
1341 4644 1594 4709 aﬂ‘erens,
1620 4651 1672 4697 te
1703 4643 1802 4696 hac
1823 4642 2141 4698 suavissima
2166 4644 2351 4701 volens

2449 4649 2591 4719 ψυχῇ
2620 4647 2846 4715 ἐμπέσω
2875 4648 2955 4706 είς
3005 4644 3374 4718 τὴνγέενναν.
3430 4640 3490 4690 Ὀ
3540 4638 3597 4689 δὲ
3657 4637 4010 4704 ’Λγριππίνος

783 4734 903 4787 luce
933 4732 1167 4801 privare.
1198 4732 1343 4785 Dixit
1375 4730 1564 4785 Plato:
1620 4730 1724 4786 Pro
1782 4731 1998 4786 Christo
2024 4732 2181 4797 mori,
2220 4748 2351 4788 conv

2452 4740 2591 4811 ἔφη·
2626 4738 2843 4802 Καλῶς,
2902 4735 3339 4805 δυστυχέστατε,
3388 4730 3620 4786 θάνατον
3678 4726 3870 4797 ἑαυτῷ
3926 4727 4006 4777 tu

780 4824 934 4879 ciliat
982 4824 1114 4878 mihi
1184 4839 1411 4894 regnum
1479 4824 1737 4882 cmlorum
1770 4841 1783 4891 ;
1820 4840 1927 4878 non
2002 4826 2133 4882 mihi
2168 4835 2350 4880 autem

2449 4831 2625 4901 ἀγεις,
2657 4829 2979 4900 βουλόμενος
3004 4826 3197 4881 ἑαυτὸν
3235 4824 3480 4894 στερίσαι
3503 4819 3594 4875 τοῦ
3631 4820 3861 4889 ἡδίστου
3902 4835 4010 4884 φω-

780 4915 982 4980 εοιιιιιι.
1010 4915 1105 4969 sed
1146 4916 1309 4969 etiam
1340 4916 1617 4975 omnibus,
1652 4916 1747 4985 qui
1780 4917 1956 4986 ipsum
1992 4918 2205 4971 timent.
2238 4919 2345 4987 Ego

784 5017 917 5058 vero
943 5003 1036 5056 tibi
1068 5003 1212 5067 dico,
1242 5004 1385 5073 quod
1422 5018 1529 5057 non
1557 5012 1786 5073 possunt
1814 5005 2051 5069 vincere,
2096 5010 2188 5074 qul
2222 5020 2342 5060 cum

783 5095 896 5149 Deo
918 5104 1185 5148 conantur
1225 5094 1424 5148 bellum
1485 5109 1690 5164 gerere,
1752 5105 1808 5149 et
1834 5097 2052 5164 pietatis
2111 5097 2344 5151 athletas

783 5186 1016 5241 diversis
1041 5186 1325 5239 tormentis
1348 5186 1645 5255 subjiciunt
1680 5203 1693 5240 :
1721 5187 1991 5255 quomodo
2032 5203 2220 5242 rursus
2243 5203 2346 5242 nec

782 5278 874 5347 qui
896 5276 1172 5331 Christum
1195 5278 1397 5330 habent
1426 5292 1581 5345 opem
1601 5278 1897 5346 ferentem,
1923 5290 2147 5347 possunt
2178 5280 2346 5335 malos

784 5369 1036 5424 homines
1070 5377 1123 5420 et
1150 5367 1258 5421 Deo
1311 5368 1515 5422 invisos
1541 5370 1755 5423 vincere
1807 5380 2028 5441 propter
2080 5370 2343 5440 insignem

784 5474 971 5513 eorum
998 5458 1283 5511 malitiam.
1337 5457 1696 5523 Quamobrem
1751 5462 1873 5515 dico
1937 5462 2053 5529 tibi,
2094 5472 2342 5533 tyranne,

786 5551 929 5620 quod
957 5565 1129 5620 neque
1160 5551 1290 5618 vita,
1316 5566 1488 5622 neque
1520 5567 1682 5618 mors,
1708 5570 1882 5623 neque
1906 5555 2136 5623 gladius,
2168 5571 2343 5627 neque

894 5730 912 5762 ⁸
948 5731 1086 5791 Psal.
1125 5749 1271 5804 cxm,
1314 5738 1424 5791 5-7.
1538 5740 1555 5769 '
1593 5737 1729 5796 Psal.
1756 5750 1864 5804 sui,
1895 5741 1947 5805 5,
1986 5738 2035 5793 5.

2439 4920 2550 4980 τός.
2597 4919 2653 4969 '0
2678 4916 2835 4985 ἅγιος
2864 4916 3085 4967 Πλάτων
3113 4911 3267 4966 εἶπεν
3294 4930 3309 4943 ·
3344 4911 3416 4962 Τὸ
3448 4910 3590 4978 ὑπὲρ
3619 4906 3867 4977 Χριστοῦ
3890 4907 4009 4957 ἀπο

2414 5005 2619 5059 ’θανεῖν
2661 5004 2947 5076 βασιλείαν
2998 5001 3249 5073 οὐρανῶν
3282 5001 3535 5072 προξενεῖ
3589 5015 3706 5068 μοι,
3758 4998 3863 5050 οὐκ
3886 4988 4009 5066 ὶμοὶ

2445 5098 2623 5166 μόνον,
2652 5095 2789 5150 ἀλλὰ
2808 5096 2900 5147 καὶ
2932 5097 3097 5148 πᾶσιν
3124 5096 3237 5157 τοῖς
3259 5092 3619 5162 φοϐουμένοις
3670 5088 3860 5143 αὐτόν.
3882 5084 4021 5151 Ἐγὼ

2449 5189 2505 5243 δέ
2540 5206 2622 5241 σοι
2674 5188 2817 5254 λέγω
2842 5190 2923 5241 ὅτι
2971 5188 3030 5238 οὐ
3071 5186 3325 5239 δύνανται
3377 5180 3596 5251 νικῆσαι
3632 5181 3833 5242 οἵτινες
3871 5176 4009 5246 μάχῃ

2444 5279 2741 5350 πειρῶνται
2771 5280 2931 5347 νικᾷν
2969 5278 3097 5340 τοὺς
3128 5278 3227 5345 τῆς
3280 5273 3563 5336 εὐσεϐείας
3606 5269 3876 5340 ἀθλητὰς,
3918 5268 4007 5320 και

2444 5370 2699 5438 βασάνοις
2738 5370 3019 5440 διαφόροις
3061 5367 3461 5432 ὑποϐάλλωσιν,
3516 5364 3709 5433 ὥσπερ
3762 5364 3930 5416 πάλιν
3967 5361 4017 5413 of

2441 5462 2674 5532 Χριστὸν
2704 5464 3051 5532 ὲπαμύνοντα
3078 5461 3294 5531 ἔχοντες
3322 5458 3578 5513 νικᾶσθαι
3611 5459 3724 5521 τοῖς
3754 5456 4007 5533 πονηροῖς

2444 5542 2668 5624 ἀνδράσι
2717 5556 2811 5608 καὶ
2853 5556 3124 5624 μισοθέοις
3159 5557 3217 5609 οὐ
3271 5554 3544 5609 δύνανται.
3602 5553 3692 5605 Διὸ
3747 5556 3898 5624 λέγω
3932 5569 4012 5607 σοι

2150 5742 2167 5772 ⁸
2198 5742 2383 5798 Matth.
2424 5759 2474 5808 χ,
2504 5742 2589 5799 ‘28.
