4188 6310
245 367 356 430 413

1515 370 1689 431 VlTA
1731 370 1789 429 S.
1834 369 2216 431 PLATONIS.

3367 368 3469 431 414

238 479 361 534 οὔτε
396 479 530 549 ζωὴ,
565 480 685 534 οὔτε
719 480 968 549 Θάνατος,
1002 482 1122 535 οὗτε
1166 483 1429 553 μάχαιρα,
1466 483 1589 536 οὗτε
1619 484 1796 553 λιμὸς,

1902 484 2087 548 fames.
2145 498 2321 553 neque
2352 484 2673 553 periculum,
2731 498 2908 553 neque
2969 482 3219 545 altitudo,
3292 500 3467 551 neque

234 572 361 625 οὔτε
380 572 643 636 κίνδυνος,
674 574 797 627 οὔτε
825 576 1050 645 ῦψωμα,
1076 574 1198 628 οὔτε
1221 575 1406 645 βάθος,
1438 575 1563 628 οὔτε
1586 594 1669 638 τις
1691 578 1799 634 κτί-

239 680 324 727 σις
354 665 516 733 ἑτέρα
548 666 869 735 χωρίσειμε
896 670 1004 720 ἀπὸ
1033 667 1128 735 τῆς
1154 668 1375 736 ἀγάπης
1401 668 1494 720 τοῦ
1535 669 1671 721 Θεοῦ
1702 669 1799 737 τῆς

235 756 291 805 ἂν
318 756 538 825 Χριστῷ
567 757 646 823 τῷ
676 758 861 827 Κυρίῳ
888 760 1061 828 ἡμῶν.
1094 760 1297 812 Τούτου
1317 761 1477 830 χάριν
1512 761 1798 830 πεισθῆναί

238 859 329 913 μοι
362 846 594 913 ὀφείλεις
630 850 1092 918 ἐπαγγελλομένῳ
1119 868 1201 904 σοι
1240 852 1301 903 ού
1335 852 1593 919 φθαρτῶν
1625 869 1794 905 τινων

234 936 579 1003 πραγμάτων
612 939 703 990 καὶ
737 938 952 1007 σαθρῶν
984 940 1305 1004 ἀπόλαυσιν,
1343 942 1478 993 ἀλλά
1521 940 1799 1010 βασιλείαν

234 1024 500 1095 οὐρανῶν,
535 1030 599 1097 ἦν
621 1029 669 1080 oi
690 1031 769 1091 εὶς
796 1030 884 1082 τὸν
916 1032 1155 1101 Χριστὸν
1183 1032 1609 1103 ἐπιστρέφοντες
1643 1034 1798 1103 ἔχου-

235 1131 343 1178 σιν,
390 1116 512 1168 ὅθεν
551 1119 762 1188 ἀπέδρα
802 1120 959 1190 ὀδύνη
1007 1125 1102 1175 καὶ
1147 1123 1290 1192 λύπη
1327 1124 1422 1177 καὶ
1464 1126 1794 1193 στεναγμός.

234 1201 565 1257 Ματαίωσον
614 1208 795 1261 τοίνυν
858 1212 957 1277 τὴν
1013 1211 1201 1265 ἐλπίδα
1257 1213 1350 1265 τοῦ
1404 1214 1676 1280 διαϐόλου,
1731 1216 1797 1287 ἢν

234 1294 376 1361 ἔχεις
410 1295 500 1347 ἐπὶ
526 1296 633 1362 σοὶ,
664 1299 757 1351 καὶ
784 1301 1051 1370 ἀπόστηθι
1073 1304 1179 1357 ἀπὸ
1208 1304 1309 1374 τῆς
1331 1306 1527 1374 μανίας
1549 1310 1756 1378 ταύτης
1778 1325 1793 1338 θ

232 1384 332 1436 καὶ
353 1385 643 1440 ἀναλαϐὼν
676 1390 735 1442 τὸ
768 1391 985 1459 λογικὸν
1029 1394 1272 1466 ἀξίωμα,
1305 1396 1475 1465 γνῶθι
1516 1398 1602 1462 τίς
1638 1397 1799 1453 ’ἐστιν

232 1480 261 1528 ὁ
292 1478 441 1550 πάσῃ
466 1483 627 1551 σαρκὶ
670 1484 815 1555 ζωὴν
858 1488 1245 1558 χαριζόμενος.
1294 1490 1451 1543 Οὕτω
1491 1492 1601 1563 γὰρ
1642 1492 1796 1546 ἔσται

234 1568 554 1640 θαυμαστὸς
598 1577 918 1644 μετατεθεὶς
970 1579 1077 1631 ἀπὸ
1129 1583 1225 1649 τῆς
1274 1582 1541 1653 πονηρίας
1597 1584 1799 1653 ταύτης

231 1664 325 1713 καὶ
359 1662 746 1733 ψυχοφθάρτου
770 1668 1002 1739 πλάνης.
1033 1670 1262 1740 Δέχεται
1294 1674 1404 1741 γὰρ
1451 1674 1581 1735 τοὺς
1626 1690 1797 1742 μετα-

230 1751 495 1816 νοοῦντας
524 1756 552 1806 ό
599 1754 807 1823 Κύριος
833 1758 866 1808 ό
905 1756 1137 1823 πάντας
1174 1758 1365 1812 θέλων
1398 1760 1663 1827 σωθῆναι
1698 1762 1795 1815 καὶ

228 1842 318 1905 είς
348 1841 672 1909 ἐπίγνωσιν
708 1843 992 1911 ἀληθείας
1012 1847 1229 1914 ἐλθεῖν,
1255 1852 1287 1903 ὁ
1315 1850 1399 1918 μὴ
1416 1851 1798 1919 ,βουλόμενος

229 1932 339 1983 τὸν
360 1930 620 1985 θάνατον
643 1935 750 1988 τοῦ
799 1931 1150 2005 άμαρτώλοῦ
1194 1941 1274 2004 ὡς
1316 1941 1382 1993 τὸ
1442 1942 1797 2013 ἐπιστρέψαι

228 2025 328 2079 καὶ
354 2024 459 2104 ζῆν
484 2028 688 2081 αὐτόν.

306 2200 363 2253 ι’.
418 2200 476 2254 Ὀ
502 2201 556 2253 δὲ
598 2203 956 2271 Ἀγριππῖνος
985 2207 1162 2261 ταῦτα
1186 2209 1428 2273 ἀκούσας
1459 2210 1561 2279 ἔφη
1581 2228 1594 2242 ’
1633 2212 1795 2264 Ἀπο·

230 2292 550 2362 νενοημένα,
588 2296 686 2347 καὶ
718 2297 827 2348 τῶν
866 2298 1003 2351 θεῶν
1045 2300 1325 2370 ἀλλότριε,
1358 2303 1451 2354 καὶ
1485 2302 1592 2354 τῶν
1640 2304 1795 2355 αύτοο

230 2383 513 2452 κρατόρων
537 2385 712 2455 ἐχθρὲ,
738 2389 829 2441 καὶ
852 2388 961 2442 τῶν
1000 2392 1177 2458 νόμων
1209 2395 1317 2448 τῶν
1338 2394 1632 2462 βασιλικῶν
1663 2396 1796 2450 καθ-

228 2474 461 2544 αιρέτα,
532 2479 612 2541 είς
670 2481 944 2551 τοσαύτην
1002 2486 1203 2551 μανίαν
1253 2484 1438 2559 ἦλθες,
1508 2490 1650 2543 ὥστε
1704 2492 1797 2544 καὶ

232 2566 427 2637 μέχρις
447 2568 583 2639 ἐμοῦ
610 2571 851 2625 ἐκτεῖναι
883 2576 977 2647 τὴν
1006 2577 1215 2649 πλάνην
1238 2596 1332 2631 σου
1364 2581 1463 2635 καὶ
1493 2583 1794 2652 πειρᾶσθαι

228 2659 341 2711 ἀπὸ
376 2659 477 2729 τῆς
522 2661 632 2715 τῶν
676 2664 817 2718 θεῶν
874 2668 1163 2737 εὐμενείας
1222 2672 1535 2742 ἀποστῆσαί
1593 2691 1660 2745 με
1704 2675 1796 2729 καὶ

233 2753 575 2816 μεταγαγεῖν
597 2754 678 2816 είς
712 2755 809 2824 τὴν
845 2758 938 2810 τοῦ
1000 2762 1422 2831 ἐσταυρωμένον
1455 2765 1790 2835 θρησκείαν;

232 2839 457 2895 Πλάτων
485 2836 637 2895 εἷπεν
660 2860 674 2874 ο
727 2846 857 2909 Ταῖς
899 2850 1062 2918 ἐμαῖς
1087 2851 1147 2902 ού
1189 2853 1351 2924 πείθῃ
1382 2856 1793 2924 παραινέσεσιν,

227 2928 376 3003 ἀλλὰΔ
395 2932 692 2997 ἀποκαλεῖς
740 2952 805 3005 με
844 2936 1020 2991 ταῦτα
1055 2941 1371 3008 τυγχάνειν,
1417 2944 1607 3015 ἐπειδὴ
1641 2947 1794 2998 ἐνου-

229 3020 436 3089 θέτησά
463 3040 520 3075 σε
555 3027 651 3078 καὶ
681 3028 743 3079 τὸ
778 3030 1058 3100 συμφέρον
1086 3047 1168 3084 σοι
1193 3032 1615 3093 συνεϐούλευσα.
1645 3036 1795 3107 Πλὴν

1900 575 2250 644 profundum,
2307 590 2483 645 neque
2550 576 2655 633 ulla
2719 576 2818 628 alia
2886 592 2971 630 rcs
3036 585 3217 629 creata
3292 585 3470 643 potest

1900 684 1997 722 nos
2043 659 2291 737 separare
2340 684 2369 721 a
2407 668 2671 722 cliaritate
2728 666 2841 732 Dei,
2901 683 3018 735 qure
3060 677 3142 720 est
3197 667 3250 719 in
3306 666 3469 720 Chri-

1901 768 1986 815 sto
2045 759 2171 814 Jcsu
2235 760 2464 814 Domino
2528 758 2764 813 nostro'
2905 757 2977 810 Ea
3055 757 3121 810 dc
3195 773 3352 810 causa
3408 765 3465 810 tu

1899 853 2067 923 magis
2097 853 2261 906 debes
2290 852 2420 904 mihi
2446 866 2655 919 parere,
2689 850 2963 919 pollicenti
3005 848 3140 909 fore,
3180 856 3239 901 ut
3267 845 3465 900 fruaris

1898 958 2007 994 non
2072 942 2234 995 rebus
2278 942 2548 1011 aliquibus
2595 940 2835 1001 caducis,
2914 947 2967 991 ct
3020 938 3072 992 in
3131 954 3265 1005 quas
3319 938 3466 991 cadit

1898 1036 2167 1098 interitus,
2224 1034 2315 1087 sed
2368 1048 2534 1102 regno
2599 1033 2861 1086 coelorum
2926 1040 2981 1083 et
3040 1029 3148 1083 vita
3208 1039 3464 1082 aeterna:

1898 1141 2059 1194 quam
2092 1125 2317 1188 babent,
2376 1125 2467 1191 qui
2518 1124 2583 1178 ad
2631 1124 2805 1193 ipsum
2852 1127 3277 1183 convertuntur;
3322 1120 3466 1173 unde

1896 1217 2103 1286 aufugit
2160 1216 2333 1281 dolor,
2386 1215 2605 1270 tristitia
2680 1224 2733 1269 et
2816 1214 3057 1284 gemitus
3080 1212 3122 1266 ⁸.
3174 1212 3280 1267 Fac
3334 1226 3461 1280 ergo

1897 1311 1957 1357 ut
1989 1318 2122 1356 vana
2162 1303 2231 1356 sit
2259 1318 2589 1370 spes,quam
2637 1303 2692 1356 in
2753 1312 2803 1356 te
2868 1302 3030 1357 habet
3076 1301 3343 1364 diabolus,
3410 1310 3465 1355 et

1899 1394 2117 1448 discede
2151 1394 2217 1447 ab
2250 1393 2352 1447 hac
2391 1394 2621 1457 insania,
2650 1404 2704 1447 et
2732 1394 2980 1448 rationali
3007 1402 3223 1459 accepta
3282 1393 3468 1461 digni-

1903 1494 2026 1547 tate,
2056 1499 2321 1555 cognosce
2343 1484 2589 1551 quisnam
2649 1485 2718 1537 sit
2784 1485 2874 1553 qui
2909 1484 3055 1537 omni
3109 1485 3257 1537 carni
3299 1483 3461 1537 vitam

1900 1576 2144 1646 largitur.
2178 1575 2267 1630 Sic
2289 1576 2434 1630 enim
2461 1575 2569 1629 eris
2586 1575 2942 1637 admirabilis,
2980 1575 3261 1630 traductus
3279 1575 3346 1628 ab
3365 1575 3468 1653 hac

1899 1668 2248 1736 improbitate
2276 1676 2330 1723 et
2362 1668 2430 1721 ab
2463 1667 2780 1736 errore,qui
2812 1665 2972 1720 aﬂert
3006 1666 3199 1721 anima:
3215 1665 3466 1718 exitium.

1900 1760 2007 1813 Eos
2066 1758 2209 1812 enim
2290 1756 2512 1826 excipit,
2595 1756 2686 1825 qui
2769 1746 3059 1811 moventur
3128 1755 3466 1826 poenitentia,

1899 1850 2159 1906 Dominus
2202 1858 2389 1903 noster
2449 1846 2604 1903 Jesus
2656 1846 2923 1911 Christus,
2987 1850 3073 1916 qui
3117 1846 3226 1899 vult
3292 1861 3469 1898 onmes

1873 1943 2130 2002 nomine:
2157 1941 2330 1993 salvos
2358 1941 2496 2008 ﬁeri,
2541 1949 2589 1993 et
2621 1940 2792 1993 venire
2822 1940 2890 1991 ad
2921 1939 3240 2006 agnitionem
3275 1938 3468 1990 uerita-

1899 2035 1963 2087 tis
1993 2035 2050 2097 ’;
2088 2033 2177 2099 qui
2202 2048 2303 2083 non
2329 2032 2437 2084 vult
2476 2040 2695 2083 mortem
2727 2032 3011 2094 peccatoris
3044 2039 3091 2083 et
3146 2030 3315 2098 impii,
3376 2026 3465 2081 sed

1897 2133 1952 2177 ut
1987 2130 2320 2176 convertatur
2350 2131 2396 2174 et
2422 2124 2554 2174 vivat
2583 2121 2649 2182 ‘°,
2682 2122 2876 2174 ductus
2905 2120 3247 2189 pmnitentia.

1964 2213 2031 2269 Χ.
2067 2214 2393 2282 Agrippinus
2416 2221 2617 2275 autem,
2649 2210 2732 2266 his
2756 2212 2977 2275 auditis,
3003 2211 3187 2264 lurore
3228 2212 3467 2279 percitus

1896 2299 2075 2354 dixit:
2138 2299 2550 2362 Amentissime,
2608 2307 2663 2352 et
2693 2314 2722 2351 a
2764 2299 2868 2352 diis
2906 2299 3102 2360 aliene,
3152 2306 3209 2351 et
3248 2299 3466 2355 inimice

1896 2391 2308 2459 imperatorum,
2338 2397 2393 2442 et
2442 2388 2620 2456 legum
2684 2403 2909 2442 eversor
2966 2388 3467 2456 imperatoriarum,

1896 2478 2134 2551 eousque
2163 2480 2475 2549 processisti
2510 2479 2732 2534 insaniae
2788 2489 2841 2533 et
2870 2480 3145 2544 amentiae,
3185 2488 3243 2533 ut
3271 2480 3336 2535 ad
3376 2495 3464 2535 me

1894 2588 2065 2641 usque
2097 2581 2245 2626 tuum
2276 2587 2517 2625 errorem
2544 2574 2888 2638 extenderes,
2924 2576 2979 2628 et
3029 2588 3116 2627 me
3175 2586 3204 2628 α
3233 2574 3460 2628 deorum

1894 2662 2268 2718 benevolentia
2292 2664 2573 2718 conareris
2608 2663 2904 2729 abducere,
2965 2673 3020 2720 et
3045 2666 3110 2720 ad
3138 2664 3461 2736 religionem

1894 2753 2148 2808 Crueilixi
2182 2754 2465 2808 traducere
2496 2755 2519 2807 ?
2546 2755 2687 2808 Dixit
2721 2765 2943 2810 sanctus
2975 2756 3128 2811 Plato
3159 2776 3171 2812 :
3203 2758 3325 2812 Scio
3343 2772 3462 2826 ego,

1900 2860 1932 2899 ο
1971 2854 2217 2914 tyranne,
2243 2844 2384 2914 quod
2415 2853 2475 2899 tu
2505 2859 2617 2898 non
2674 2860 2831 2914 pares
2869 2848 3006 2899 meis
3074 2846 3464 2901 admonitioni-

1898 2937 1995 2991 bus
2044 2953 2057 2991 :
2127 2937 2221 2991 sed
2249 2952 2333 2991 me
2389 2952 2551 2992 vocas
2605 2936 2828 3006 planum
2874 2944 2930 2991 et
2995 2939 3461 3009 praestigiatorem,

1895 3027 2040 3097 quod
2068 3028 2284 3095 quidem
2318 3040 2375 3081 tu
2402 3043 2461 3081 es
2489 3045 2501 3079 :
2534 3030 2789 3094 quoniam
2838 3040 2887 3083 te
2923 3030 3179 3085 admonui
3238 3040 3294 3085 et
3334 3046 3465 3085 con-

227 3112 325 3162 καὶ
352 3111 526 3175 οὕτως
568 3116 818 3184 μέμνησό
848 3137 973 3186 μου,
997 3123 1085 3174 ὅτε
1107 3124 1226 3191 ἥξει
1277 3126 1491 3194 καιρὸς,
1522 3127 1611 3180 ὅτε
1654 3127 1795 3196 μετὰ

1897 3118 2038 3172 sului
2069 3119 2118 3172 id
2151 3119 2294 3186 quod
2317 3127 2401 3172 est
2432 3117 2527 3172 tibi
2562 3121 2713 3174 utile.
2747 3121 3016 3175 Caeterum
3044 3122 3121 3175 sic
3162 3121 3270 3175 mei
3322 3137 3461 3189 quo-

225 3201 482 3273 δακρύων
511 3205 906 3279 ἀναμνησθήσῃ
935 3228 1035 3279 μου
1061 3213 1158 3279 τῆς
1189 3215 1475 3279 νουθεσίας
1521 3220 1616 3272 καὶ
1644 3220 1795 3273 οὐδὲν

228 3295 563 3367 ὠφελήσεις,
636 3298 773 3353 ἀλλὰ
852 3301 1034 3372 βυθοῖς
1087 3306 1387 3376 Ταρτάρων
1441 3309 1791 3378 παραδοθεὶς,

229 3384 509 3458 ﬁnale-Jan
539 3389 621 3450 είς
672 3391 898 3443 αἰωνίαν
956 3394 1197 3449 κόλασιν.
1232 3396 1381 3450 Ποίει
1410 3396 1502 3452 οὖν
1528 3398 1555 3450 ὃ
1585 3399 1753 3463 θέλεις
1777 3416 1791 3434 ο

228 3476 489 3545 τοὺςγὰρ
532 3478 631 3543 τῆς
691 3481 925 3551 καρδίας
967 3501 1061 3537 σου
1098 3486 1412 3555 ὀφθαλμοὺς
1451 3489 1624 3553 οὕτως
1661 3491 1796 3544 ἐτύ-

231 3565 449 3657 φλωσεν
470 3568 497 3617 ό
525 3565 794 3657 διάϐολος,
827 3569 968 3624 ὥστε
1016 3575 1090 3643 μὴ
1147 3574 1434 3646 διαϐλέψαι
1478 3595 1537 3631 σε
1566 3579 1702 3648 πρὸς
1735 3580 1795 3632 τὸ

229 3656 332 3724 τῆς
365 3655 701 3725 θεογνωσίας
732 3662 868 3729 φῶς,
921 3663 1057 3715 ἀλλὰ
1109 3667 1244 3733 πρὸς
1283 3669 1346 3720 τὸ
1404 3671 1595 3734 σκότος
1640 3672 1792 3740 ὁρᾷν,

229 3748 363 3806 ἔνθα
403 3752 735 3822 ἡτοίμασται
776 3754 837 3806 τὸ
880 3752 993 3827 πῦρ
1037 3757 1097 3807 τὸ
1138 3757 1357 3810 αἰώνιόν
1382 3760 1462 3811 σοί
1513 3777 1570 3811 τε
1595 3762 1796 3829 καὶτῷ

227 3845 406 3915 πατρί
441 3862 558 3913 σου,
588 3846 667 3917 τῷ
697 3848 934 3919 Σατανᾷ.
978 3847 1149 3919 Ὡρῶν
1193 3849 1252 3903 δὲ
1284 3850 1453 3922 τριῶν
1480 3851 1798 3923 διαγενομέ-

189 3935 199 3945 ’
227 3953 341 3988 νων
368 3937 461 3988 καὶ
495 3938 921 4006 κατενεχθέντος
955 3942 1123 3994 αὑτοῦ
1173 3942 1284 3995 ἀπὸ
1330 3943 1424 3996 τοῦ
1461 3944 1793 4013 κραϐϐἀτου,

225 4026 405 4087 οὓτως
453 4026 698 4096 ἔλαμπεν
739 4031 798 4081 τὸ
840 4031 1000 4100 σῶμα
1040 4032 1135 4083 τοῦ
1181 4035 1454 4101 μακαρίου
1513 4035 1795 4099 Πλάτωνος

226 4117 307 4177 ὼς
334 4116 441 4169 ἀπὸ
473 4115 700 4187 λουτροῦ
727 4118 1033 4182 ἐξελθόντος
1057 4119 1243 4185 αὐτοῦ,
1274 4122 1368 4173 καὶ
1392 4122 1590 4175 εὐωδία
1623 4123 1794 4192 μύρου

227 4207 554 4271 πολυτελοῦς
615 4209 974 4278 ἐξεπορεύετο
1014 4211 1073 4275 ἐξ
1126 4210 1287 4263 αὑτοῦ
1313 4228 1326 4241 ο
1370 4208 1514 4283 εἶχεν
1563 4214 1668 4283 γὰρ
1702 4214 1794 4266 τοῦ

224 4295 473 4371 Χριστοῦ
519 4302 578 4354 τὸ
627 4301 882 4373 ἀληθινὸν
954 4302 1201 4377 λουτρὸν·
1231 4304 1326 4357 καὶ
1384 4305 1484 4373 τὴν
1535 4304 1797 4377 ἀληθινὴν

224 4384 456 4461 γνῶσιν,
487 4394 554 4447 δι’
582 4389 650 4466 ἦς
681 4396 776 4448 καὶ
806 4394 1034 4460 εὐωδίας
1070 4397 1195 4460 τοὺς
1225 4399 1585 4467 παρεστῶτας
1631 4399 1796 4469 ἐπλή-

1898 3223 2003 3279 que
2032 3208 2367 3271 memineris,
2390 3208 2607 3279 quando
2639 3210 2850 3264 venerit
2881 3219 3097 3281 tempus
3139 3228 3154 3266 :
3190 3226 3298 3283 quo
3330 3221 3465 3267 tem-

1898 3315 2028 3369 pore
2050 3315 2172 3354 cum
2200 3300 2453 3370 lacrymis
2475 3300 2848 3359 recordaberis
2882 3317 3013 3356 mea:
3044 3303 3459 3369 admonitionis,

1896 3403 1998 3442 nec
2024 3402 2086 3442 ea
2136 3389 2229 3441 tibi
2293 3390 2581 3458 quidquam
2634 3391 2897 3459 proderit,
2950 3392 3212 3455 oint’eb‘x,
3249 3393 3345 3445 sed
3408 3393 3463 3449 in

1896 3477 2114 3533 Tartari
2137 3478 2406 3550 profundo
2441 3480 2544 3533 ibis
2579 3480 2645 3534 ad
2675 3480 3003 3550 supplicium
3024 3492 3311 3537 aeternum.
3356 3482 3463 3540 Fac

1897 3586 2023 3641 ergo
2050 3572 2156 3625 cito
2180 3570 2229 3624 id
2292 3570 2433 3639 quod
2461 3570 2559 3625 vis.
2628 3570 2820 3626 Cordis
2846 3573 2991 3625 enim
3028 3573 3107 3626 tui
3151 3573 3337 3628 oculos
3394 3575 3465 3629 ita

1898 3662 2189 3717 exc-meavit
2210 3662 2480 3725 diabolus,
2506 3670 2564 3715 ut
2591 3677 2697 3716 non
2726 3663 2958 3733 aspicias
3005 3665 3070 3716 ad
3142 3665 3315 3719 lucem
3372 3666 3464 3721 Dei

1897 3755 2261 3823 cognitionis:
2315 3754 2411 3808 sed
2455 3755 2723 3809 intuearis
2792 3757 2858 3810 ad
2914 3757 3190 3822 tenebras,
3249 3758 3339 3811 ubi
3382 3768 3467 3812 est

1895 3852 2119 3913 paratus
2161 3843 2301 3912 ignis
2331 3852 2572 3897 aeternus
2619 3846 2713 3898 tibi
2763 3854 2817 3898 et
2874 3846 3015 3913 patri
3068 3854 3161 3899 tuo
3225 3845 3463 3900 Satanae.

1898 3934 2033 3987 Cum
2064 3941 2176 3989 tres
2204 3942 2384 3988 autem
2411 3933 2556 3988 horae
2612 3933 3073 4000 intercessissent,
3106 3942 3159 3990 et
3210 3935 3325 4006 ipse
3372 3936 3465 3990 de-

1900 4025 2107 4093 positus
2136 4024 2326 4078 fuisset
2354 4039 2418 4077 ex
2443 4025 2687 4093 grabato.
2725 4040 2924 4094 corpus
2949 4025 3021 4079 ita
3076 4027 3468 4095 resplendebat

1898 4113 2069 4165 sancti
2090 4119 2144 4163 et
2173 4112 2315 4164 beati
2342 4111 2600 4175 Platonis,
2623 4112 2845 4180 perinde
2877 4120 3040 4181 atque
3071 4113 3114 4166 si
3142 4113 3257 4182 ipse
3287 4115 3470 4170 exiis-

1902 4212 1985 4259 set
2010 4202 2276 4268 ebalneo,
2305 4213 2361 4257 et
2387 4203 2572 4258 suavis
2612 4205 2831 4272 quidam
2864 4205 2999 4258 odor
3051 4213 3309 4273 tanquam
3360 4222 3465 4260 un-

1898 4295 2082 4368 guenti
2113 4295 2331 4364 pretiosi
2391 4309 2457 4347 ex
2493 4310 2558 4348 eo
2584 4294 2987 4363 egrediebatur.
3022 4293 3264 4349 Habebat
3319 4298 3464 4352 enim

1901 4387 2100 4443 Christi
2143 4401 2329 4441 verum
2386 4384 2683 4450 lavacrum,
2746 4393 2802 4445 et
2851 4386 3143 4455 pretiosam
3188 4396 3245 4440 et
3284 4401 3465 4443 veram

226 4501 353 4553 pou,
384 4488 477 4537 καὶ
522 4487 629 4549 πᾶς
675 4488 703 4538 ό
755 4489 1030 4557 παριστὰς
1076 4488 1231 4558 ὄχλος
1273 4490 1490 4554 ἐδόξαζε
1538 4488 1795 4570 τὸνθεόν

1900 4478 2290 4549 cognitionem,
2332 4493 2431 4547 per
2459 4493 2620 4546 quam
2652 4477 2795 4531 bono
2826 4476 2997 4532 odore
3055 4477 3313 4546 implebat
3373 4493 3466 4534 eos

223 4576 321 4629 ἐπὶ
352 4578 419 4646 τῇ
459 4576 703 4648 ὑπομονῇ
739 4576 833 4630 τοῦ
880 4582 1151 4649 μακαρίου
1204 4584 1508 4645 Πλάτωνος,
1538 4583 1679 4636 ὥστε
1708 4584 1799 4636 λέ-

223 4684 350 4733 γειν
390 4668 492 4732 ὃτι,
528 4668 768 4741 Ἀληθῶς
810 4671 983 4739 μέγας
1027 4673 1056 4723 ὁ
1102 4673 1232 4736 Θεὸς
1270 4674 1378 4724 τῶν
1418 4672 1794 4741 Χριστιανῶνο

225 4758 507 4822 τοσαύτας
532 4764 642 4832 γὰρ
674 4761 944 4831 βασάνους
981 4763 1313 4834 ὺποϐληθεὶς
1374 4763 1526 4835 παρὰ
1561 4763 1653 4816 τοῦ
1708 4764 1800 4817 dvo

229 4851 419 4916 ελεοῦς
455 4852 710 4906 δικαστοῦ
737 4894 750 4917 ,
786 4854 885 4907 οὐκ
916 4857 1194 4926 ἠρνήσατο
1223 4860 1283 4911 τὸ
1319 4858 1552 4928 φοϐερὸν
1603 4858 1798 4928 δνομα,

225 4946 366 4999 ἀλλὰ
386 4946 465 5015 τῷ
498 4947 727 5019 γενναίῳ
759 4948 1002 5021 λογισμῷ
1037 4936 1291 5020 ἐνίκησεν
1328 4950 1430 5019 τὴν
1468 4950 1668 5019 μανίαν
1696 4949 1793 5004 τοῦ

226 5038 517 5109 ἄρχοντος.
590 5086 603 5107 ,

308 5305 420 5360 lA’.
465 5308 524 5361 Ὀ
554 5305 611 5361 δὲ
654 5307 1011 5375 Ἀγριππῖνος
1046 5308 1184 5379 μετὰ
1222 5308 1282 5361 τὸ
1313 5308 1588 5378 ἀφόρητον
1642 5305 1793 5374 αὐτῷ

229 5396 329 5450 καὶ
376 5396 635 5465 τοιαύτην
690 5396 923 5464 βάσανον
990 5401 1365 5468 προσαγαγεῖν
1438 5392 1623 5450 εἶπεν*
1681 5397 1796 5449 Οὐκ

226 5483 512 5554 ἐπείσθης,
548 5484 795 5553 Πλάτων,
830 5486 894 5539 ὲκ
925 5485 1024 5557 τῆς
1056 5488 1513 5559 προσενεχθείσης
1568 5503 1648 5539 σοι
1678 5486 1795 5553 ,δειο

228 5578 332 5649 νῆς
360 5575 599 5649 βασάνου
648 5576 811 5660 θῦσαι
839 5582 951 5641 τοῖς
1007 5577 1179 5644 οεοῖς;
1218 5580 1355 5649 πλὴν
1406 5580 1454 5633 εί
1505 5580 1578 5651 μὴ
1619 5578 1795 5647 βούλει

344 5757 365 5787 ν
401 5755 698 5822 Romam,
729 5756 817 5819 58.
852 5759 937 5814 59.
1051 5760 1070 5789 ³
1098 5759 1180 5813 lsa
1238 5776 1396 5824 xxxv,
1433 5761 1514 5813 l0.

1628 5760 1646 5789 ⁰
1680 5758 1693 5809 l
1722 5755 1859 5811 Tim.
1900 5770 1955 5819 ll,
1990 5754 2037 5806 4.

1894 4570 1985 4641 qui
2029 4571 2291 4625 aderant:
2328 4578 2381 4622 et
2425 4577 2531 4624 tota
2624 4583 2743 4636 quae
2805 4567 3237 4622 circumsistebat
3309 4570 3464 4625 turba

1896 4660 2065 4715 Deum
2129 4660 2463 4730 glorilicabat
2526 4668 2748 4729 propter
2793 4658 3170 4715 fortitudinem
3218 4668 3272 4715 et
3325 4661 3464 4716 tole-

1896 4754 2124 4807 rantiam
2155 4751 2297 4805 beati
2329 4749 2588 4814 Platonis,
2610 4749 2746 4804 adeo
2780 4759 2840 4804 ut
2870 4750 2972 4822 ipsi
2992 4750 3235 4807 dicerent
3266 4770 3281 4807 ι
3327 4753 3465 4812 Vere

1898 4854 1981 4900 est
2009 4859 2234 4915 magnus
2264 4844 2409 4898 Deus
2443 4843 2897 4901 Christianorum.
2934 4842 3068 4898 Tam
3100 4845 3287 4902 multis
3315 4846 3463 4901 enim

1898 4936 2180 4990 tormentis
2197 4934 2467 5006 subjectus
2484 4948 2510 4984 a
2534 4933 2737 4986 crudeli
2757 4941 2811 4986 et
2827 4933 3236 4989 immisericordi
3256 4938 3463 5003 judice,

1899 5039 2011 5080 non
2032 5026 2257 5096 negavit
2310 5032 2560 5082 sanctum
2588 5031 2642 5078 et
2701 5024 2945 5080 terribile
2979 5040 3182 5081 nomen
3211 5027 3416 5087 Christi
3447 5047 3461 5084 :

1902 5118 1994 5173 sed
2027 5119 2079 5170 in
2104 5117 2363 5186 praeclaro
2414 5133 2773 5189 perseverans
2827 5117 2995 5174 animi
3036 5120 3307 5187 instituto,
3332 5124 3463 5180 vicit

1903 5210 2168 5265 insaniam
2196 5209 2465 5279 prmsidis.

1973 5300 2061 5355 XI.
2097 5300 2424 5371 Agrippinus
2475 5309 2655 5354 autem
2702 5312 2988 5371 postquam
3019 5303 3068 5360 ei
3122 5306 3464 5362 intolerabile

1902 5402 1958 5447 et
1984 5393 2087 5447 tale
2119 5401 2444 5447 tormentum
2477 5392 2764 5457 attulisset,
2824 5394 3003 5450 dixit:
3057 5394 3175 5450 Non
3212 5396 3304 5451 tibi
3332 5412 3459 5466 per-

1906 5485 2092 5543 suasit.
2121 5499 2152 5538 o
2174 5484 2347 5548 Plato,
2375 5485 2753 5555 gravissimum
2784 5496 3137 5557 tormentum,
3198 5489 3339 5558 quod
3366 5481 3461 5543 tibi

1907 5576 2007 5631 fuit
2041 5576 2264 5641 illatum,
2295 5576 2351 5631 ut
2379 5576 2484 5633 diis
2514 5577 2848 5635 sacribcares
2876 5594 2891 5644 ;
2916 5580 3011 5636 sed
3046 5580 3090 5636 si
3114 5580 3255 5637 nolis
3287 5579 3459 5635 sacri.

2176 5754 2217 5783 ¹⁰
2249 5752 2445 5806 Ezech.
2492 5766 2642 5816 xvm,
2672 5752 2761 5808 23.
