4188 6310
216 383 316 443 417

1475 378 1646 438 VlTA
1703 377 1764 434 S.
1810 371 2199 433 PLATONIS.

3348 370 3453 436 418

214 496 460 566 σμὰτωι·
500 495 582 562 μὴ
609 493 805 547 ἀποστ
819 489 887 559 ῆς
908 493 1007 545 ἀπ’
1031 491 1197 561 ἐμοῦ,
1220 490 1422 558 Κύριε,
1453 491 1541 542 ὅτι
1583 489 1787 557 aliut-Ic

1901 486 2189 554 rﬂiirtiones
2223 499 2377 552 prope
2406 485 2446 514 ¹¹
2473 503 2484 550 ;
2518 500 2579 537 ne
2609 487 2738 553 forte
2767 485 2942 538 dicant
3007 493 3214 553 gentes:
3239 484 3335 540 Ubi
3381 498 3454 541 est

214 589 415 657 ἐγγὺς,
449 587 532 654 μή
583 601 727 639 ποτε
776 585 1028 638 εἴπωσιν
1079 583 1149 635 τὰ
1189 583 1362 650 ἔθνη,
1395 581 1519 635 Ποῦ
1551 581 1720 633 ἔστιν
1752 583 1782 632 ὁ

216 681 356 745 Θεὸς
379 678 610 742 αὑτοῦ;
636 677 806 739 Αὐτὸς
839 673 952 736 οὖν,
990 675 1186 743 Κύριε,
1228 674 1404 744 Ἰησοῦ
1433 673 1654 741 Χριστέ,
1691 672 1781 722 su-

218 773 450 840 δόκησον
476 771 553 831 εἰς
585 769 704 837 ἐμὲ,
737 768 823 819 ἵνα
849 766 1071 826 τελείως
1093 765 1192 834 τὴν
1225 764 1520 834 τυραννίδα
1549 761 1641 815 τοῦ
1669 762 1786 814 διαο

216 861 379 913 ϐὁλου
405 860 687 928 διαφυγὼν
729 855 995 926 παραστῶ
1059 853 1393 924 τῴ,βήματί
1455 869 1546 904 σου
1578 851 1654 919 τῷ
1689 868 1780 918 eo-

214 954 388 1023 ϐερῷ,
441 953 531 1005 τὶν
583 949 747 1002 καλὸν
801 947 991 1015 ἀγῶνα
1048 945 1496 1014 ἀγωνισάμενος·
1541 944 1624 995 σοι
1681 941 1786 1012 γάρ

216 1047 423 1115 πρέπει
452 1044 545 1095 καὶ
574 1044 631 1094 ἐν
677 1039 1000 1107 ἐκκλησίαις
1056 1037 1147 1089 καὶ
1195 1037 1252 1087 ἐν
1292 1038 1457 1087 παντὶ
1505 1035 1656 1102 τόπῳ
1690 1035 1787 1102 τῆς

215 1137 535 1197 δεσποτείας
566 1150 661 1185 σου
688 1131 848 1202 τιμὴ,
884 1131 1109 1199 κράτος,
1148 1128 1532 1197 μεγαλωσύνη,
1570 1127 1662 1178 νῦν
1693 1126 1787 1178 καὶ

222 1230 318 1281 ἀεὶ
352 1229 448 1279 καὶ
478 1227 556 1286 εἰς
586 1224 711 1284 τοὺς
736 1224 956 1283 αίῶνας.
997 1221 1105 1272 Καὶ
1129 1220 1335 1272 πολλῶν
1364 1218 1788 1270 ἐπακουσάντων

215 1323 280 1373 τὸ
327 1318 517 1387 Ἀμὴν,
558 1318 778 1385 ἐσείσθη
813 1318 840 1368 ὁ
869 1316 1034 1378 τόπος
1072 1315 1176 1384 τῆς
1227 1313 1513 1384 βασιλικῆς
1547 1319 1639 1364 καὶ
1669 1310 1788 1364 οὐδὲ

216 1415 388 1474 οὕτως
417 1413 650 1479 συνῆκεν
696 1411 723 1461 ὁ
770 1411 1149 1479 Ἀγριππῖνος,
1185 1409 1267 1460 ὅτι
1319 1407 1682 1477 βοηθούμενος
1721 1401 1788 1475 ἦν

215 1506 369 1568 παρὰ
395 1503 489 1555 τοῦ
522 1502 786 1572 Χριστοῦ,
821 1501 935 1554 ἀλλ’
967 1497 1087 1553 εἷπε
1138 1501 1274 1571 πρὸς
1313 1502 1475 1554 αὑτόν
1503 1516 1515 1528 '
1564 1500 1786 1564 Ἀνὸσιε,

213 1596 304 1648 διὰ
345 1593 395 1646 τί
428 1593 571 1645 οὕτω
619 1593 983 1659 ἀπονενὸησαι
1045 1591 1140 1645 καὶ
1195 1591 1254 1642 οὗ
1304 1591 1461 1660 φείδῃ
1514 1591 1607 1642 τοῦ
1659 1591 1788 1643 ἰδίου

220 1686 498 1754 σώματος,
533 1685 673 1753 ὀρῶν
710 1685 870 1736 αὑτὸν
898 1685 1070 1744 οὕτως
1123 1681 1396 1754 διαφόρως
1438 1682 1790 1751 τιμωρούμε-

216 1795 341 1830 νον·
381 1777 630 1843 πείσθητι
663 1775 754 1827 οῦν
784 1793 873 1844 μοι
906 1777 998 1827 καί
1048 1775 1209 1826 θῦσον
1235 1778 1347 1835 τοῖς
1395 1773 1556 1835 θεοῖς,
1595 1775 1680 1826 ἵνα
1715 1774 1790 1843 μὴ

218 1868 412 1928 κακῶς
454 1865 758 1934 ἀποθάνῃς.
805 1867 1030 1917 Πλάτων
1076 1861 1230 1915 εἶπεν
1260 1880 1272 1893 ο
1314 1859 1480 1915 Εἶπον
1514 1881 1597 1915 σοι
1657 1865 1790 1936 πολ-

216 1955 404 2021 λάκις,
436 1957 530 2007 καὶ
563 1955 656 2006 νῦν
691 1971 772 2006 σοι
828 1954 994 2020 λέγω,
1048 1955 1131 2005 ὅτι
1161 1953 1296 2006 Θεοῦ
1331 1954 1531 2016 ζῶντος
1581 1954 1788 2023 λάτρης

218 2047 338 2116 εἰμὶ
373 2047 465 2098 καὶ
495 2046 689 2098 τούτου
722 2046 789 2097 τα
827 2045 1080 2114 δόγματα
1106 2045 1432 2112 καταλείψαι
1458 2046 1516 2096 οὐ
1549 2046 1789 2113 δύναμαι

219 2139 453 2196 καὶτοῖς
490 2137 744 2206 ματαίοις
779 2137 839 2188 τὸ
884 2136 1057 2204 ὄνομα
1099 2137 1283 2205 ἔχουσι
1332 2136 1472 2197 Οεοίς
1522 2137 1634 2198 τοῖς
1670 2135 1787 2188 κίϐ-

218 2229 404 2298 δηλοις
433 2228 640 2291 τούτοις
665 2228 1057 2297 προσκυνῆσαι
1096 2230 1188 2281 καὶ
1243 2231 1506 2298 μυσαροῖς
1556 2228 1793 2290 εἰδώλοις

219 2318 323 2369 οὐκ
347 2317 637 2386 ἀνέχομαι.
693 2315 850 2369 Ἀλλά
879 2315 1002 2368 καθ’
1029 2315 1244 2384 ἡμέραν
1290 2316 1349 2366 οὐ
1395 2314 1680 2383 παύσομαι
1717 2313 1794 2383 τῷ

220 2407 344 2475 Θεῷ
375 2408 833 2478 προσευχόμενος,
865 2407 1232 2475 προσπίπτων
1274 2405 1370 2457 καὶ
1411 2405 1666 2472 δεόμενος
1696 2405 1795 2472 τῆς

222 2498 359 2568 παρ’
417 2497 582 2552 αὑτοῦ
643 2497 904 2562 ἀληθινῆς
951 2495 1231 2562 σωτηρίας
1295 2495 1499 2562 τυχεῖν.
1554 2495 1625 2564 Σὺ
1695 2495 1794 2558 δὲ,

235 2590 583 2656 Ἀγριππῖνε,
611 2587 861 2656 ματαίοις
893 2585 1136 2648 εἰδώλοις
1160 2584 1555 2655 προστετηκὼς
1581 2584 1674 2636 καὶ
1702 2585 1795 2637 τὸν

222 2678 351 2733 νοῦν
391 2677 761 2749 σεσυλημένος
799 2679 893 2733 τὸν
945 2681 1028 2742 είς
1079 2678 1411 2746 θεογνωσίαν
1452 2694 1512 2730 σε
1568 2677 1795 2730 ἕλκοντα

224 2770 380 2840 παρὰ
429 2769 524 2823 τοῦ
555 2773 764 2842 πατρός
811 2789 905 2825 σου
939 2770 1035 2824 τοῦ
1064 2771 1302 2836 Σατανᾶ,
1343 2770 1436 2822 καὶ
1466 2770 1600 2832 ὅλως
1633 2767 1797 2823 αὐτοῦ

224 2862 541 2929 γενόμενος,
600 2864 696 2914 καὶ
734 2865 815 2919 είς
849 2861 949 2932 τὴν
987 2862 1107 2914 ὁδὸν
1155 2862 1253 2930 τῆς
1309 2861 1452 2931 ζωῆς
1495 2862 1673 2914 ἐλθεῖν
1725 2860 1798 2931 μὴ

226 2953 552 3023 βουλόμενος
579 2955 657 3012 είς
691 2951 859 3003 αίῶνα
890 2952 1037 3020 παρὰ
1066 2951 1159 3002 τοῦ
1184 2951 1317 3002 θεοῦ
1344 2952 1436 3002 τοῦ
1472 2951 1799 3020 βοηθοῦντος

230 3062 332 3113 μου
357 3043 724 3114 τιμωρηθήσῃ
758 3042 830 3104 ὼς
863 3041 1164 3110 ἐνυϐρίζων
1192 3043 1322 3104 τοὺς
1355 3041 1576 3102 δούλους
1606 3040 1795 3106 αὑτοῦ,

1890 579 2021 631 Deus
2050 594 2230 630 eorum
2270 578 2308 608 ”
2335 578 2356 629 ?
2386 575 2503 630 Tibi
2536 593 2665 647 ergo
2691 577 2917 642 placeat,
2951 593 2982 629 ο
3051 577 3278 632 Domine
3326 581 3454 634 Jesu

1884 667 2136 728 Christe,
2169 679 2226 722 ιιι
2249 685 2347 739 ego
2385 669 2618 724 famulus
2651 679 2794 732 tuus,
2859 668 3095 737 perfecte
3153 672 3456 726 adversarii

1885 760 2153 830 eﬂugiens
2190 761 2554 832 tyrannidem,
2587 776 2711 813 cum
2740 761 2962 813 audacia
2984 769 3034 813 et
3071 761 3261 814 fiducia
3295 765 3458 817 sistar

1888 864 2013 908 ante
2039 864 2190 907 tuum
2237 854 2477 907 tribunal
2515 853 2784 916 terribile,
2813 854 2914 907 hoc
2951 857 3180 922 pulchro
3203 855 3457 910 confecto

1889 945 2213 998 certamine.
2247 943 2323 998 Te
2356 945 2498 998 enim
2531 945 2688 998 decet
2716 953 2770 997 et
2800 945 2851 997 in
2904 944 3161 998 Ecclesiis
3206 954 3260 999 et
3308 948 3458 1001 omni

1889 1035 2008 1090 loco
2039 1045 2144 1090 tute
2177 1036 2568 1090 dominationis
2618 1036 2813 1105 gloria,
2871 1036 3066 1097 honor,
3122 1037 3362 1104 potentia
3405 1045 3461 1090 et

1893 1127 2169 1193 maiestas.
2207 1141 2354 1197 nune
2391 1134 2443 1180 et
2468 1140 2709 1194 semper,
2745 1135 2799 1179 et
2858 1125 2911 1179 in
2977 1126 3172 1178 sa-cula
3239 1129 3462 1180 saeculo-

1893 1232 2032 1270 rum.
2085 1217 2151 1270 Et
2183 1228 2304 1271 cum
2363 1217 2515 1270 multi
2543 1217 2848 1270 andiissent
2878 1259 2891 1283 ,
2940 1217 3131 1277 Amen.
3171 1229 3352 1272 motus
3379 1230 3462 1272 est

1889 1307 2041 1361 locus
2084 1308 2322 1374 basilicae
2352 1324 2367 1361 :
2403 1317 2458 1362 et
2487 1324 2553 1362 ne
2594 1309 2673 1362 sic
2717 1308 2937 1378 quidem
2993 1309 3260 1364 intellexit
3299 1311 3462 1364 miser

1889 1405 2239 1473 Agrippinus,
2275 1405 2418 1472 quod
2448 1404 2705 1458 Christus
2735 1406 2782 1458 ei
2817 1405 2988 1460 ferret
3051 1407 3335 1468 auxilium,
3367 1408 3463 1461 sed

1890 1493 2028 1546 dixit
2062 1493 2110 1545 ei
2140 1511 2150 1544 :
2190 1491 2380 1560 lmpie,
2406 1508 2503 1545 cur
2527 1507 2585 1546 es
2615 1492 2752 1546 adeo
2786 1506 2980 1547 emotae
3021 1497 3238 1557 mentis,
3278 1505 3332 1548 et
3355 1511 3459 1548 non

1893 1583 2066 1652 parcis
2104 1591 2195 1635 tuo
2219 1582 2460 1650 corpori,
2496 1598 2620 1636 cum
2654 1582 2706 1636 id
2741 1584 2919 1637 videas
2947 1584 3110 1636 variis
3140 1586 3316 1638 modis
3338 1593 3448 1637 tam

1892 1675 2087 1729 acerbe
2119 1674 2396 1728 cruciari?
2428 1674 2563 1729 Pare
2593 1690 2722 1744 ergo
2771 1676 2927 1740 mibi,
2967 1685 3020 1730 et
3047 1675 3293 1730 sacriﬁca
3360 1677 3463 1731 diis

1896 1769 2338 1831 intemeratis,ne
2368 1769 2506 1821 male
2537 1768 2812 1822 moriaris.
2849 1771 3085 1823 Sanetus
3109 1769 3260 1824 Plato
3291 1771 3459 1824 dixit:

1822 1832 1866 1889 Β
1898 1860 2007 1912 Dixi
2036 1857 2131 1914 tibi
2165 1875 2330 1928 saepe,
2363 1859 2495 1928 quin
2533 1859 2696 1912 etiam
2732 1873 2880 1912 nunc
2917 1859 3010 1913 tibi
3048 1861 3192 1926 dico,
3229 1877 3314 1913 me
3345 1877 3464 1915 esse

1895 1951 1984 2003 Dei
2019 1952 2306 2015 cultorem,
2349 1967 2450 2005 nec
2485 1962 2543 2005 ut
2606 1952 2730 2021 ejus
2785 1953 3002 2006 decreta
3060 1953 3324 2014 deseram.
3379 1969 3465 2007 me

1893 2042 2132 2108 possein
2187 2044 2433 2095 animum
2469 2045 2750 2107 inducere,
2806 2059 2908 2098 nec
2965 2051 3024 2096 ut
3073 2058 3167 2098 eos
3219 2045 3465 2110 adorem,

1890 2132 1982 2200 qui
2042 2139 2246 2186 temere
2312 2147 2511 2192 nomen
2578 2133 2780 2186 habent
2844 2137 3091 2198 deorum,
3138 2147 3466 2189 suntautem

1893 2222 2195 2276 adulterina
2220 2232 2274 2275 et
2292 2223 2624 2276 exsecranda
2642 2223 2955 2278 simulacra.
2980 2225 3088 2286 Sed
3116 2240 3220 2278 non
3241 2227 3468 2280 cessabo

1896 2315 1950 2369 in
1977 2315 2093 2369 dies
2119 2315 2336 2369 assidue
2399 2313 2506 2369 Deo
2542 2330 2662 2370 meo
2703 2317 2988 2384 procidere
3041 2326 3094 2371 et
3135 2333 3258 2373 eum
3290 2333 3468 2385 orare,

1899 2417 1957 2462 ut
1989 2408 2220 2461 salutem
2238 2412 2306 2462 ab
2339 2423 2406 2461 eo
2438 2423 2764 2476 consequar.
2802 2407 2884 2463 Tu
2918 2420 3130 2474 autem,
3171 2412 3471 2481 Agrippino

1899 2509 2153 2569 tyranne,
2181 2500 2333 2552 ranis
2360 2499 2551 2553 atiixus
2610 2501 2937 2563 simulacris,
2969 2511 3024 2554 et
3077 2518 3108 2556 a
3177 2513 3332 2572 patre
3380 2517 3472 2557 tuo

1896 2589 2091 2643 Satana
2109 2591 2348 2658 privatus
2363 2599 2563 2652 mente,
2584 2607 2702 2659 quae
2734 2602 2784 2646 te
2813 2593 3145 2648 trahebatad
3175 2596 3263 2647 Dei
3287 2596 3473 2665 cogni-

1898 2679 2126 2744 tionem,
2159 2690 2214 2734 et
2243 2690 2388 2735 totus
2421 2682 2672 2736 redactus
2707 2683 2761 2737 in
2792 2685 2910 2755 ejus
2946 2694 3292 2756 potestatem,
3321 2696 3375 2740 et
3405 2688 3472 2741 ad

1898 2772 2040 2828 viam
2074 2774 2198 2827 vita:
2233 2773 2425 2828 nolens
2459 2775 2776 2840 ascendere,
2815 2778 2868 2830 in
2895 2787 3158 2832 aeternum
3223 2779 3472 2847 punieris

1899 2878 1929 2918 ο
1956 2863 2200 2932 Deo,‘qui
2227 2866 2357 2918 mihi
2386 2865 2491 2920 fert
2521 2881 2698 2935 opem.
2755 2867 2926 2932 Quem
2985 2872 3316 2924 contumelia
3361 2870 3478 2924 am-

1899 2954 2067 3018 ciens,
2100 2957 2217 3024 ejus
2246 2972 2433 3010 servos
2463 2959 2626 3012 variis
2695 2961 2981 3014 tormentis
3016 2961 3254 3029 subjicis,
3289 2964 3478 3017 existi-

1899 3060 2057 3098 mans
2089 3053 2140 3099 te
2173 3057 2506 3101 mutaturum
2542 3065 2727 3103 eorum
2758 3053 2958 3105 bonum
2997 3053 3047 3106 in
3082 3054 3247 3108 Deum
3278 3069 3477 3125 prepo-

235 3133 490 3202 οίόμενος
516 3133 838 3201 μεταϐαλεῖν
884 3133 1062 3184 αὐτῶν
1122 3133 1221 3203 τὴν
1268 3133 1346 3194 είς
1402 3131 1534 3186 Θεὸν
1588 3131 1799 3203 ἀγαθὴν
1826 3162 1870 3220 C
1903 3137 2092 3192 silum.

231 3226 580 3296 προαίρεσιν.

301 3319 404 3372 1Γ’.
454 3319 811 3390 Ἀγριππῖνος
843 3316 971 3388 ἔφη·
999 3318 1125 3382 Ἴδε,
1152 3317 1398 3381 Πλάτων,
1432 3318 1532 3369 ὅσα
1558 3333 1615 3369 σε
1641 3315 1801 3371 εἴασα

229 3412 609 3481 φλυαρίσαντα
666 3410 1083 3480 μωρολογῆσαι·
1152 3408 1292 3475 πλὴν
1331 3409 1379 3459 εί
1432 3407 1526 3460 καὶ
1581 3407 1804 3470 ἀνάξιος

229 3505 504 3574 ὑπάρχεις
537 3503 645 3555 τῶν
675 3500 807 3569 παρ’
839 3500 994 3568 ἡμῶν
1016 3499 1188 3567 λόγων
1216 3499 1306 3552 διὰ
1352 3501 1454 3569 τὴν
1481 3499 1804 3570 θρασύτητά

229 3611 328 3647 σου
363 3596 458 3646 καὶ
491 3591 872 3659 ἀμετάϐλητον
923 3591 1153 3662 καρδίαν
1177 3608 1190 3622 ⁸
1219 3593 1448 3646 ἄκουσον
1479 3594 1615 3663 ὅπερ
1656 3592 1801 3658 λέγω

231 3701 354 3737 σοι.
384 3681 650 3744 Πολλάκις
707 3682 878 3736 πολλά
911 3683 1129 3749 ἀκήκοα
1183 3683 1410 3735 τοιαῦτα
1469 3683 1575 3735 τῶν
1610 3674 1801 3752 ὁμολο-

228 3773 476 3844 γούντων
507 3773 595 3827 τὸν
627 3773 932 3836 Γαλιλαῖον,
974 3777 1068 3827 καὶ
1092 3773 1268 3834 οὐδεὶς
1304 3774 1562 3829 ἀνέλυσεν
1595 3775 1658 3824 ἐκ
1699 3774 1806 3824 τῶν

229 3863 382 3934 ἐμῶν
407 3862 610 3933 χειρῶν
644 3863 775 3926 ζῶν,
803 3865 850 3914 εἰ
882 3863 958 3931 μὴ
989 3862 1218 3930 ἐπείσθη
1241 3862 1336 3915 καὶ
1357 3861 1579 3917 ἔθυσεν.
1615 3862 1678 3916 Ei
1713 3858 1805 3914 οῦν

235 3957 314 4024 μὴ
342 3955 518 4016 θέλεις
568 3954 900 4024 ἀνασχέσθαι
947 3972 1046 4025 μου
1107 3955 1201 4006 καὶ
1251 3954 1412 4007 θῦσαι
1442 3957 1580 4015 ,τοῖς
1640 3954 1803 4021 θεοῖς,

233 4049 400 4118 βλέπε
435 4047 482 4099 τί
521 4048 738 4116 μέλλεις
769 4049 997 4115 πάσχειν
1023 4062 1036 4077 ·
1072 4048 1166 4099 καὶ
1197 4047 1304 4116 γὰρ
1363 4047 1535 4100 πολλὰ
1581 4045 1808 4115 βασανι-

235 4143 440 4211 στήρια
492 4138 746 4210 μένουσίν
807 4155 891 4191 σε.
938 4137 999 4189 Ὀ
1061 4137 1214 4204 ἅγιος
1249 4137 1343 4189 τοῦ
1401 4137 1536 4189 Θεοῦ
1595 4139 1807 4208 μάρτυς

235 4236 466 4287 Πλάτων
501 4232 736 4299 γελάσας
766 4226 920 4282 εἶπεν
947 4243 959 4257 ⁸
1001 4228 1210 4296 Ἀθλιε,
1237 4229 1330 4282 καὶ
1351 4228 1690 4300 ταλαίπωρε,
1715 4232 1809 4284 καὶ

238 4322 620 4392 μισάνθρωπε,
659 4323 752 4372 καὶ
783 4320 1052 4388 ἀνήμερε,
1087 4321 1183 4370 καὶ
1233 4321 1412 4388 πάσης
1462 4321 1808 4390 παρανομίας

236 4411 474 4481 ἀρχηγὲ,
497 4411 745 4478 ἀλλότριε
770 4410 862 4462 τοῦ
889 4410 1045 4474 Θεοῦ,
1068 4410 1162 4461 καὶ
1193 4411 1440 4478 ὑπηρέτα
1458 4409 1552 4459 τοῦ
1576 4410 1806 4475 Σατανᾶ,

1973 3313 2111 3366 Xlll.
2134 3313 2471 3384 Agrippinus
2504 3316 2639 3370 dixit
2668 3333 2682 3370 :
2713 3317 2869 3384 Vide,
2911 3318 3088 3380 Plato,
3123 3335 3284 3388 quam
3310 3319 3478 3374 multa

1903 3405 2000 3460 sivi
2033 3414 2083 3460 te
2111 3415 2405 3478 nugantem
2434 3406 2600 3461 stulta
2628 3407 2830 3463 dicere.
2867 3407 2970 3471 Sed
3000 3409 3102 3464 etsi
3129 3409 3203 3464 sis
3225 3411 3480 3480 indignus

1903 3497 2106 3553 nostris
2139 3500 2486 3553 sermonibus
2517 3508 2739 3570 prepter
2772 3511 2918 3554 tuam
2957 3500 3241 3554 audaciam
3300 3511 3354 3555 et
3383 3518 3481 3555 cur

1905 3589 2260 3655 immutabile,
2315 3591 2441 3645 audi
2499 3592 2643 3660 quod
2753 3592 2849 3644 tibi
2907 3591 3068 3644 dico:
3114 3592 3266 3660 Sirpe
3299 3594 3480 3651 audivi

1905 3681 2069 3734 multa
2116 3683 2385 3750 ejusmodi
2440 3684 2506 3736 ab
2542 3683 2609 3736 iis
2651 3684 2742 3753 qui
2809 3684 3142 3744 conﬁtentur
3171 3683 3478 3750 Gabbeum,

1907 3786 2007 3824 nec
2041 3772 2183 3827 ullus
2217 3774 2445 3828 recessit
2469 3773 2626 3853 vivus
2666 3791 2694 3826 a
2735 3776 2872 3831 meis
2919 3777 3194 3839 manibus,
3225 3777 3327 3828 nisi
3361 3793 3482 3844 per-

1907 3875 2102 3916 suasus
2151 3864 2222 3918 sit
2265 3871 2321 3918 et
2377 3864 2722 3920 sacriﬁcarit.
2778 3864 2835 3919 Si
2890 3880 3020 3936 ergo
3067 3882 3175 3920 non
3211 3867 3290 3921 vis
3346 3868 3482 3922 mihi

1910 3969 2114 4008 morem
2147 3970 2360 4024 gerere,
2416 3965 2470 4008 et
2522 3956 2625 4009 diis
2671 3957 3001 4022 sacriﬁcare,
3055 3959 3174 4012 vide
3224 3959 3352 4028 quid
3409 3960 3486 4015 sis

1909 4060 2196 4113 passurus.
2225 4045 2302 4100 Te
2333 4047 2477 4101 enim
2501 4047 2670 4120 multa
2706 4059 2929 4103 manent
2965 4052 3341 4116 tormenta,,si
3373 4068 3482 4106 non

1907 4135 2182 4189 audiveris
2201 4153 2285 4188 me
2308 4133 2398 4189 tibi
2420 4139 2816 4192 consulentem.
2840 4138 3074 4193 Sanctus
3091 4151 3270 4194 autem
3285 4143 3482 4197 Christi

1909 4236 2107 4295 martyr
2128 4225 2425 4279 Platodixit
2451 4245 2461 4279 :
2490 4224 2679 4280 lnielix
2714 4229 3103 4290 etinbumane,
3143 4240 3195 4283 et
3237 4233 3486 4288 homines

1912 4318 2121 4372 habens
2142 4319 2285 4379 odio.
2303 4329 2557 4372 etauctor
2574 4335 2634 4371 ac
2651 4321 2902 4388 princeps
2919 4321 3095 4375 onmis
3114 4320 3432 4390 iniquitatis,
3455 4341 3486 4379 ιι

1913 4408 2021 4461 Deo
2052 4410 2228 4462 aliene
2255 4419 2305 4461 et
2343 4410 2592 4462 minister
2617 4409 2849 4470 Satanae,
2908 4421 2962 4463 et
3021 4413 3191 4465 turres
3233 4415 3368 4482 ignis
3395 4433 3486 4485 ge-

239 4504 336 4554 καὶ
366 4505 462 4571 τῆς
499 4502 724 4569 γεέννης
750 4501 846 4551 τοῦ
905 4500 1076 4568 πυρὸς
1107 4498 1438 4567 κληρονόμε,
1494 4500 1588 4550 καὶ
1622 4500 1798 4571 πάσης

1918 4499 2131 4565 bennze,
2158 4511 2210 4554 et
2243 4501 2405 4571 digne
2455 4502 2602 4555 omni
2627 4502 2873 4570 suplicio,
2903 4517 3012 4554 non
3041 4518 3124 4555 me
3168 4514 3372 4558 terrent
3400 4516 3486 4568 tua

235 4598 420 4664 δεινῆς
451 4594 722 4655 κολάσεως
776 4593 917 4658 ἄξιε,
946 4592 1006 4643 οὐ
1042 4591 1290 4643 πείθουσί
1325 4607 1390 4661 με
1426 4593 1474 4643 οί
1506 4593 1652 4659 λόγοι
1685 4609 1801 4645 σου·

237 4690 285 4740 εἰ
321 4685 486 4755 γάρὸ
517 4685 647 4754 ἐμὸς
697 4684 974 4752 Δεσπότης
1021 4684 1256 4754 Χριστὸς
1306 4685 1369 4735 τὸ
1421 4684 1617 4736 ἐαυτοῦ
1671 4681 1810 4754 αἷμα

237 4778 458 4848 ἐξέχεεν
522 4779 661 4848 ὑπὲρ
703 4777 860 4846 ἐμοῦ,
897 4778 982 4829 ἵνα
1017 4776 1127 4827 ἀπὸ
1198 4778 1378 4844 πάσης
1430 4778 1660 4846 ἀνομίας
1721 4779 1813 4830 τὸν

239 4871 447 4938 κόσμον
477 4868 642 4919 αὑτοῦ
673 4867 1044 4936 λυτρώσηται,
1099 4868 1253 4936 πόσῳ
1309 4867 1514 4937 μᾶλλον
1568 4869 1729 4937 ἡμεῖς
1765 4871 1812 4920 οί

239 4959 558 5030 ἁμαρτωλοὶ
581 4958 872 5029 ὀφείλομεν
901 4959 1269 5030 ἀποθνήσκειν
1305 4962 1446 5032 ὑπὲρ
1499 4962 1685 5026 αὑτοῦ,
1725 4963 1810 5014 ἵνα

243 5055 346 5107 κᾶν
369 5053 460 5105 διὰ
493 5052 681 5104 τούτου
706 5053 1054 5123 εὐγνώμονες

242 5147 516 5217 Δεσπὸτῃ.

317 5240 415 5294 1Δ’.
471 5239 530 5292 Ὀ
554 5240 609 5292 δὲ
649 5241 1010 5312 Ἀγριππῖνος
1044 5238 1382 5308 προσέταξεν
1421 5240 1815 5310 λωροτομηθῆ-

245 5348 335 5384 ναι
370 5333 530 5384 αὑτὸν
553 5334 724 5383 εἰπών
751 5349 763 5362 ·
823 5333 884 5384 Et
915 5333 1023 5403 ἄρα
1084 5332 1345 5402 βοηθήσει
1400 5333 1563 5385 αὑτὸν
1595 5333 1621 5382 ὁ
1681 5333 1815 5397 Θεὸς

244 5421 333 5490 ἐφ’
371 5414 415 5488 ᾧ
445 5423 674 5487 ἐλπίζει,
709 5422 815 5475 τῶν
855 5425 910 5476 δὲ
938 5425 1234 5493 βασιλικῶν
1263 5425 1560 5490 διατάξεων
1597 5425 1816 5477 καὶτῶν

245 5514 531 5586 ἡμετέρων
569 5516 1008 5582 προσταγμάτων
1043 5515 1434 5584 καταφρονῶν.
1474 5515 1585 5567 Καὶ
1607 5517 1632 5566 ὁ
1658 5513 1815 5580 ἆγιος

251 5607 479 5660 Πλάτων
535 5604 778 5667 ἀκούσας
817 5605 988 5658 ταῦτα
1041 5600 1236 5658 εἶπεν·
1297 5604 1672 5658 Ἀναιδέστατε
1726 5605 1817 5656 καὶ

1138 5054 1395 5123 ὀφθῶμεν
1426 5054 1502 5124 τῷ
1561 5056 1813 5126 ὑμετέρῳ

355 5787 396 5818 ι’
434 5783 575 5839 Psai.
610 5799 722 5850 ut,
751 5771 841 5851 il,
881 5782 961 5838 t2.
1109 5784 1152 5813 ¹³
1177 5785 1319 5838 Psal.
1353 5800 1578 5848 Luvm,
1611 5783 1691 5836 10.

1917 4593 2103 4658 verba,
2139 4609 2239 4646 nec
2264 4595 2425 4647 mina:
2450 4595 2578 4647 mihi
2610 4595 2963 4662 persuadent.
3001 4593 3146 4648 Meus
3184 4598 3328 4650 enim
3388 4597 3492 4650 Do-

1916 4685 2099 4737 minus
2128 4699 2224 4752 pro
2255 4699 2339 4736 me
2358 4701 2515 4737 suum
2542 4684 2731 4737 effudit
2771 4689 3112 4754 sanguinem,
3140 4696 3197 4740 ut
3228 4691 3487 4742 mundum

1917 4775 2211 4828 redimeret
2244 4774 2312 4827 ab
2335 4775 2825 4843 omniiniquitate:
2865 4787 3071 4845 quanto
3137 4781 3313 4847 magis
3388 4797 3490 4834 nos

1917 4874 2234 4934 peccatores
2266 4867 2531 4919 debemus
2554 4868 2784 4935 proipso
2813 4870 2970 4927 mori,
3036 4879 3091 4922 ut
3121 4871 3201 4921 vel
3239 4885 3333 4937 per
3385 4869 3490 4925 boe

1916 4956 2052 5025 grati
2077 4966 2131 5011 et
2193 4956 2444 5012 beneﬁcii
2500 4973 2767 5011 memores
2799 4959 3196 5026 conspiciamur
3268 4963 3492 5014 Domino

1919 5057 2104 5110 nostro
2132 5046 2259 5100 Jesu
2281 5046 2521 5102 Christo.

1990 5237 2131 5292 XIV.
2165 5238 2414 5295 Vicarius
2451 5249 2627 5294 autem
2666 5241 2999 5312 Agrippinus
3030 5255 3150 5293 cum
3192 5238 3305 5291 heee
3336 5239 3491 5291 audi—

1920 5332 2108 5397 visset,
2196 5340 2249 5385 et
2303 5347 2498 5402 magno
2573 5334 2753 5386 furore
2819 5341 2964 5386 esset
3035 5329 3496 5398 pereitus,jussit

1920 5437 2042 5476 eum
2109 5421 2239 5476 cardi
2314 5423 2465 5487 loris,
2525 5425 2753 5478 dicens:
2789 5421 3078 5482 Videamus
3131 5436 3199 5474 an
3249 5421 3388 5473 Deus
3427 5421 3497 5474 sit

1923 5516 1971 5568 ei
2030 5529 2186 5582 Opem
2244 5513 2474 5578 laturus,
2544 5516 2596 5569 in
2629 5531 2735 5583 quo
2794 5529 3026 5582 sperans
3122 5512 3496 5581 imperatorias

1925 5605 2345 5661 constitutiones
2374 5608 2747 5661 contemnitet
2776 5616 2960 5660 nostra
3008 5605 3179 5674 jussa.
3264 5602 3497 5658 Sanctus
