4188 6310
767 378 873 443 419

2090 367 2369 429 MENSIS
2406 366 2695 427 IULIUS.

3905 361 4009 424 420

762 509 943 552 autem
981 496 1146 559 Plato,
1172 496 1256 549 his
1282 493 1503 553 auditis,
1530 491 1669 545 dixit
1705 504 1718 542 :
1750 486 2231 558 lmpudentissime
2278 496 2331 539 et

2437 482 2748 552 μιαρώτατε
2784 479 2933 532 κύων
2978 479 3069 531 καὶ
3101 476 3352 547 βασάνων
3402 476 3705 548 κακουργὲ,
3733 478 4005 545 ἐπινοητά

772 588 1196 644 sceleratissime
1220 586 1389 650 canis,
1420 598 1683 637 novorum
1715 589 2104 653 tormentorum
2140 577 2331 631 inven-

765 692 851 737 tor
890 692 943 735 et
973 681 1308 749 excogitator
1342 678 1638 746 Agrippine
1683 693 1694 727 :
1744 673 2133 727 convenienter
2186 671 2330 723 enim

764 784 859 829 tuo
880 774 1044 826 animi
1064 772 1243 828 studio
1268 781 1321 826 et
1346 770 1597 823 instituto
1618 768 1717 821 fuit
1737 768 1802 820 ab
1833 765 2098 819 initiotibi
2136 778 2331 816 nomen

764 866 1100 936 impositum.
1139 866 1208 917 Es
1226 862 1368 915 enim
1393 860 1619 931 agrestis
1644 858 1862 927 quidam
1885 858 2062 924 lupus,
2088 863 2141 907 et
2172 854 2333 905 ell‘rev

764 965 1203 1022 natustanquam
1228 967 1400 1021 equus
1430 950 1743 1011 indomitus,
1810 964 1905 1000 eos
1991 945 2335 1015 praecipitans

764 1049 857 1117 qui
915 1054 1217 1114 sequuntur
1270 1043 1643 1113 impudentem
1691 1050 1746 1094 et
1794 1040 2111 1093 sceleratam
2191 1047 2332 1090 tuam

766 1148 1023 1194 mentem.
1069 1137 1230 1189 Miser
1259 1145 1313 1189 et
1380 1133 1590 1192 infelix,
1635 1144 1769 1185 esne
1825 1130 1959 1183 adeo
2028 1128 2226 1182 stultus
2283 1135 2335 1179 et

765 1232 1050 1301 insipiens,
1081 1236 1137 1283 et
1166 1235 1474 1282 excaecatus
1530 1240 1556 1275 a
1591 1236 1745 1291 patre
1786 1230 1879 1276 tuo
1924 1219 2170 1274 Satana?
2216 1216 2333 1269 Non

764 1324 937 1382 vides,
963 1317 1420 1389 quemadmodum
1476 1312 1727 1368 Christus
1783 1312 1911 1363 mihi
1951 1312 2002 1363 in
2058 1308 2335 1377 prioribus

761 1402 933 1466 adfuit
970 1408 1385 1470 tentationibus,
1411 1415 1469 1461 et
1500 1420 1642 1458 nunc
1681 1418 1895 1471 quoque
1936 1401 2114 1464 adest,
2149 1401 2336 1452 levans

762 1519 914 1559 meos
971 1502 1202 1566 labores,
1258 1511 1314 1554 et
1378 1513 1575 1552 curans
1642 1498 1915 1565 plagarum
1971 1502 2148 1557 notas,
2216 1505 2337 1560 quae

753 1594 790 1650 'a
822 1607 874 1649 te
905 1595 1036 1648 mihi
1070 1593 1489 1660 imprimuntur;
1537 1599 1612 1651 et,
1644 1598 1703 1641 ut
1754 1586 1918 1641 semel
1956 1587 2152 1645 dicam,
2193 1599 2335 1636 nun-

760 1702 921 1755 quam
954 1685 1171 1752 reliquit
1194 1697 1287 1735 eos
1320 1682 1409 1750 qui
1440 1681 1541 1747 ipsi
1575 1678 1858 1755 sergium?
1893 1675 1996 1729 Fac
2017 1690 2143 1744 ergo
2173 1688 2334 1742 quam

762 1777 1047 1832 celerrime
1098 1791 1159 1829 ea
1198 1788 1317 1843 quae
1370 1783 1461 1825 tuo
1507 1752 1700 1824 sedent
1744 1769 1945 1829 animo,
1997 1776 2053 1821 ut
2102 1782 2195 1836 per
2229 1776 2339 1819 tor-

2448 575 2769 642 Ἀγριππῐνε
2799 575 2809 622 l
2841 570 2975 638 πρὸς
3001 570 3108 638 γὰρ
3143 569 3241 639 τὴν
3269 570 3590 638 προαίρεσιν
3614 571 3712 638 τὴν
3738 568 3799 633 ὲξ
3830 569 4010 638 ἀρχῆς

2436 663 2665 732 ἐπετέθη
2697 680 2779 715 σοι
2802 664 2897 714 καὶ
2935 663 2992 713 τὸ
3028 662 3198 730 ονομα
3220 676 3233 690 ⁸
3269 662 3459 731 ἄγριος
3498 660 3609 731 γάρ
3641 679 3725 723 τις
3751 659 4007 729 καθάπερ

2436 758 2599 817 ἵππος
2631 756 2916 823 ὑπάρχεις,
2955 755 3286 823 ἀχαλίνωτος
3320 754 3633 823 κρεμνίζων
3660 755 3789 814 τοὺς
3811 754 4004 817 ἑξακο-

2435 847 2761 908 λουοοῦντας
2784 849 2849 915 τῇ
2883 846 3152 914 μιαιφόνῳ
3178 863 3269 897 σου
3298 844 3513 915 γνώμῃ.
3535 844 3806 897 Τοσοῦτον
3832 847 4006 914 ὑπάρ-

2437 956 2551 1008 χεις
2587 939 2775 1007 ἄφρων
2804 938 2896 989 καὶ
2930 937 3247 1005 ἐτυφλώθης
3274 937 3425 1005 παρὰ
3462 937 3558 1009 τοῦ
3612 938 3831 1006 πατρός
3889 954 4001 1000 σου,

2437 1031 2530 1083 τοῦ
2556 1032 2787 1092 Σατανᾶ,
2814 1031 2909 1082 καὶ
2931 1031 3026 1098 οὐχ
3053 1031 3182 1100 ὁρᾷς
3210 1029 3323 1091 πῶς
3361 1031 3453 1081 καὶ
3486 1032 3541 1081 ὲν
3569 1032 3684 1092 τοῖς
3716 1029 4005 1098 προτέροις

2437 1125 2682 1192 παρέστη
2725 1139 2816 1193 μοι
2838 1139 2850 1151 ⁸
2888 1122 2982 1174 καὶ
3017 1125 3073 1173 ἐν
3103 1124 3215 1182 τοῖς
3247 1121 3529 1189 δευτέροις
3554 1122 3611 1173 δὲ
3651 1123 4005 1191 παρέστηκεν

2435 1217 2461 1267 ὁ
2490 1216 2742 1285 Χριστὸς,
2776 1214 3145 1280 ἐπικουφίζων
3173 1214 3301 1275 τοὺς
3334 1215 3532 1271 πόνους
3559 1215 3652 1264 καὶ
3677 1212 4002 1281 θεραπεύων

2435 1308 2560 1367 τοὺς
2596 1306 2745 1374 παρὰ
2777 1307 2860 1357 σοί
2891 1321 2980 1373 μοι
3011 1305 3346 1370 γενομένους
3378 1308 3485 1357 τῶν
3510 1306 3738 1374 πληγῶν
3766 1305 3967 1365 τόπους
3988 1320 4002 1333 ·

2438 1400 2529 1451 καὶ
2565 1398 2752 1459 ἁπλῶς
2780 1397 2909 1465 ἐρῶ,
2942 1396 3205 1449 οὐδέποτε
3234 1398 3643 1466 καταλιμπάνει
3672 1400 3806 1457 τοὺς
3838 1394 4003 1448 αὐτοῦ

2435 1490 2673 1551 δούλους.
2701 1489 2848 1542 Ποίει
2875 1488 2967 1541 οὖν
3016 1489 3083 1541 τὰ
3117 1489 3506 1558 παριστάμενά
3555 1505 3636 1541 σοι
3666 1490 3723 1540 ἐν
3769 1489 4003 1551 τούτοις,

2440 1584 2524 1635 ἵνα
2559 1582 2650 1633 καὶ
2682 1581 2768 1634 διὰ
2796 1582 2903 1633 τῶν
2935 1580 3189 1650 βασάνων
3240 1581 3350 1633 τῶν
3397 1581 3870 1649 προσφερομένων
3919 1596 4004 1647 μοι

2438 1679 2530 1729 καὶ
2556 1676 2663 1729 τῶν
2700 1677 2975 1743 αἰκισμῶν
3011 1673 3201 1745 γνώσῃ
3236 1674 3329 1727 τὸν
3391 1672 3691 1742 βοηθοῦντα
3744 1656 4003 1740 Χριστὸν,

2438 1768 2529 1820 τὸν
2559 1767 2711 1836 παρὰ
2739 1770 2838 1836 τῆς
2875 1767 2971 1836 σῆς
2998 1767 3279 1836 Θεομάχου
3304 1765 3552 1837 γλώττης
3580 1763 3674 1817 νῦν
3709 1763 4006 1834 ὑδριζόμε-

762 1878 966 1934 mcnta,
1003 1883 1123 1937 quae
1180 1866 1307 1918 mihi
1357 1862 1685 1925 inferuntur,
1741 1870 1795 1915 et
1846 1860 2093 1928 indignas
2131 1858 2333 1926 plagas,

2440 1876 2548 1912 νον.
2594 1859 2732 1921 Ἐγὼ
2763 1858 2872 1927 γὰρ
2908 1859 3015 1926 ἔχω
3041 1858 3138 1927 τὴν
3164 1857 3329 1909 αὐτοῦ
3355 1856 3603 1925 βοήθειαν
3632 1853 4007 1923 συνεργοῦσάν

761 1972 1053 2027 cognoscas
1090 1956 1367 2009 Christum
1420 1952 1549 2005 mihi
1580 1966 1738 2020 opem
1789 1951 1948 2013 ferre,
2002 1949 2093 2018 qui
2133 1965 2162 2002 a
2211 1958 2326 2013 tua,

760 2062 880 2118 qua
906 2064 1027 2101 cum
1060 2047 1168 2099 Deo
1194 2051 1417 2115 pugnat,
1460 2044 1642 2112 lingua
1681 2056 1828 2095 nunc
1861 2041 2092 2094 afﬁcitur
2138 2050 2329 2094 contu-

2440 1966 2555 2020 μοι,
2597 1950 2691 2001 καὶ
2726 1948 2786 2001 οὐ
2815 1947 3203 2018 φοϐηθήσομαί
3255 1964 3363 2000 σου-
3381 1948 3480 2010 τὰς
3516 1946 3751 2009 ἀπειλὰς
3786 1947 3883 1999 καὶ
3916 1945 4007 2005 τὰς

2434 2040 2725 2112 τιμωρίας.

762 2143 943 2199 melia.
970 2140 1080 2212 Ego
1110 2140 1256 2194 enim
1287 2154 1503 2210 semper
1536 2140 1746 2193 habens
1778 2152 1957 2207 opem,
1990 2152 2108 2206 quae
2137 2138 2205 2192 ab
2228 2152 2290 2191 eo
2316 2137 2446 2190 mihi
2472 2138 2664 2204 fertur,
2695 2153 2801 2192 non
2830 2137 3031 2192 timebo
3072 2146 3192 2190 tuas
3227 2135 3424 2198 minas,
3464 2150 3644 2204 neque
3676 2134 3861 2187 varios
3888 2141 4006 2185 tuos

765 2234 1060 2289 cruciatus.

833 2324 951 2379 XV.
988 2325 1219 2379 Ministri
1246 2333 1427 2379 autem
1458 2325 1675 2377 Satanae
1722 2323 1829 2377 cito
1858 2322 2106 2375 fecerunt
2160 2322 2331 2390 impe—

765 2426 906 2479 rata,
971 2425 1027 2470 et
1075 2415 1478 2484 quamprimum
1557 2423 1810 2481 tanquam
1868 2413 2162 2465 inanimum
2206 2427 2331 2464 eum

770 2516 1058 2577 tangentes
1102 2515 1355 2569 statuam,
1404 2505 1574 2558 sancti
1617 2505 1860 2558 membra
1904 2504 2331 2558 conscindebant

767 2597 1657 2664 lmmisericorditer,incipientes
1679 2597 1746 2650 ab
1779 2597 2040 2649 humeris.
2100 2596 2333 2649 Sanetus

766 2700 949 2744 autem
977 2690 1127 2742 Plato
1155 2688 1367 2743 dicebat
1406 2706 1417 2741 :
1452 2688 1776 2755 Ezrapcctans
1806 2690 2101 2754 exspectavi
2152 2689 2333 2739 Domi-

768 2794 909 2842 num,
963 2788 1010 2831 et
1056 2780 1277 2830 intendit
1327 2778 1453 2829 mihi
1513 2786 1558 2829 et
1608 2776 1871 2829 exaudiri!
1915 2776 2333 2840 deprecationem

769 2889 939 2925 meam
999 2872 1061 2923 ".
1136 2871 1336 2923 Omnes
1396 2881 1575 2923 autem
1648 2869 1739 2938 qui
1815 2884 1936 2923 eum
2001 2868 2335 2937 aspiciebant

770 2981 910 3035 aegre
957 2965 1448 3033 ferebantpropter
1484 2965 1531 3017 ei
1585 2963 1790 3016 illatum
1836 2963 2161 3019 crueiatum.
2208 2962 2335 3016 Erat

773 3038 1306 3123 enim‘Agrippinus
1379 3070 1539 3124 supra
1615 3055 1834 3108 modum
1905 3055 2240 3110 inhumanus
2280 3061 2337 3109 et

2510 2322 2607 2373 IE'.
2647 2321 2709 2372 Οί
2741 2319 2797 2371 δὲ
2835 2321 3106 2387 ὑπηρέται
3138 2319 3334 2372 θᾶττον
3384 2320 3603 2372 ἐποίουν
3655 2320 3724 2373 τὰ
3770 2335 4007 2389 προστα·

2434 2412 2635 2483 χθέντα
2688 2414 2873 2475 αὐτοῖς
2919 2415 3014 2464 καὶ
3071 2413 3210 2480 μετά
3268 2412 3467 2465 πολλοῦ
3526 2412 3619 2464 τοῦ
3675 2410 4006 2480 τάχους,ὡς

2434 2504 2642 2575 ἀψύχου
2678 2506 2989 2575 ἀνδριάντος
3016 2506 3335 2571 ἁπτόμενοι,
3359 2504 3601 2574 ἀνηλεῶς
3627 2504 3693 2555 τὰ
3719 2503 3814 2556 τοῦ
3848 2504 4005 2567 ἀίίου

2436 2599 2774 2665 κατέτεμνον
2805 2597 2937 2665 μέλη
2980 2598 3088 2648 ἀπὸ
3124 2596 3230 2647 τῶν
3262 2596 3429 2663 ὤμων
3487 2596 3813 2666 ἀρξάμενοι.
3866 2596 3925 2649 '0
3950 2597 4005 2649 δδ

2440 2689 2593 2755 ἅγιος
2644 2690 2869 2740 Πλάτων
2921 2688 3137 2757 ἔλεγεν·
3199 2688 3531 2757 Ύπομένωγ
3582 2688 3877 2754 ὑπέμεινα
3905 2690 4007 2738 τεν

2440 2782 2677 2847 Κύριον,
2712 2779 2807 2833 καὶ
2854 2782 3200 2849 προσέσχεν
3229 2797 3327 2847 μοι
3357 2778 3452 2833 καὶ
3488 2779 3855 2847 εὶσήκουσεν
3900 2776 4005 2845 τῆς

2441 2871 2705 2938 δεήσεως
2741 2890 2880 2941 μου.
2917 2874 3024 2925 Καὶ
3078 2872 3322 2933 ἅπαντες
3371 2876 3418 2925 οἱ
3454 2872 3789 2942 Θεωροῦντες
3844 2872 4004 2924 αύτίν

2441 2961 2845 3013 ἀπεδυσπέτουν
2873 2960 2960 3011 διὰ
2982 2963 3077 3029 τὴν
3104 2962 3379 3029 τιμωρίαν
3409 2962 3508 3031 τὴν
3542 2962 4003 3032 προσενεχθεῖσαν

2443 3049 2591 3119 αὐτῷ
2620 3066 2630 3077 ·
2660 3044 2734 3119 ἦν
2765 3050 2869 3119 γὰρ
2900 3050 2927 3101 ὁ
2973 3050 3327 3119 Ἀγριππῖνος
3353 3050 3803 3122 ὑπερϐαλλόντως
3836 3051 4005 3104 ἀπάν-

772 3142 934 3211 plane
978 3142 1144 3195 ferus.
1201 3142 1461 3213 Egregius
1503 3158 1630 3196 vero
1667 3144 1870 3197 Christi
1916 3145 2118 3196 athleta
2164 3144 2335 3208 Plato,

2446 3142 2681 3211 θρωπος.
2727 3143 2784 3194 Ὀ
2804 3142 2857 3194 δὲ
2889 3145 3134 3209 γενναῖος
3157 3142 3396 3213 ἀθλητὴς
3418 3145 3511 3196 τοῦ
3544 3145 3781 3213 Χριστοῦ
3816 3144 4003 3210 ὥσπερ

773 3246 1027 3303 tanquam
1058 3236 1222 3289 turris
1251 3237 1494 3303 quaedam
1540 3252 1659 3304 qua:
1689 3237 1952 3303 pulsatur,
1980 3235 2335 3289 inconcussus

771 3342 1003 3380 manens
1024 3336 1077 3380 et
1095 3326 1350 3381 immotus
1371 3337 1596 3397 promer
1612 3342 1764 3382 suam
1786 3326 1942 3381 ﬁdem
1961 3328 2013 3380 in
2035 3327 2332 3391 Christum,

774 3419 1048 3473 insomnis
1066 3420 1464 3489 quodammodo
1482 3421 1719 3489 torqueri
1740 3422 2043 3475 videbatur.
2066 3420 2174 3475 lloc
2191 3423 2336 3473 enim

774 3520 1102 3563 tormentum
1133 3526 1245 3561 non
1271 3508 1589 3573 formidans,
1638 3526 1812 3579 neque
1847 3512 1915 3564 ab
1950 3525 2015 3564 eo
2076 3510 2334 3579 obstupe—

774 3600 973 3663 factus,
998 3616 1106 3654 non
1143 3602 1313 3654 solum
1340 3602 1533 3670 pusillo
1569 3610 1623 3657 et
1651 3602 1859 3671 abjecto
1894 3603 2074 3655 animo
2097 3617 2201 3655 non
2223 3616 2337 3654 ees-

773 3695 885 3747 sit:
925 3695 1019 3747 sed
1052 3709 1110 3746 se
1164 3695 1457 3745 ostendens
1486 3694 1907 3761 magnanimum,
1943 3696 2114 3747 lorum
2168 3708 2333 3747 unum

775 3797 806 3837 e
842 3797 942 3836 suo
976 3783 1144 3837 latere
1182 3785 1425 3839 evulsum
1459 3800 1521 3838 ex
1574 3786 1637 3839 iis
1670 3800 1788 3853 qua:
1844 3786 2062 3840 lictores
2114 3800 2177 3838 ex
2218 3787 2336 3852 ejus

773 3887 1009 3943 corpore
1066 3874 1482 3933 abscindebant,
1536 3876 1764 3941 proiecit
1813 3885 1938 3927 ante
1987 3876 2224 3929 tribunal
2250 3875 2339 3943 ju-

774 3964 933 4025 dicis,
998 3964 1186 4017 dicens
1246 3980 1259 4018 ι
1320 3962 1775 4019 lnhumanissime
1828 3972 1881 4018 et
1923 3966 2177 4019 omnibus
2208 3965 2336 4019 feris

774 4054 991 4117 saevior,
1018 4063 1157 4118 esto,
1180 4069 1275 4107 cor
1324 4062 1475 4107 tuum
1535 4064 1617 4108 est
1670 4054 1805 4107 adeo
1861 4062 2212 4119 excmcatum,
2277 4060 2336 4109 ut

773 4146 946 4201 Deum
975 4160 1384 4214 nonagnoscas,
1408 4146 1497 4212 qui
1532 4145 1600 4198 ad
1662 4159 1813 4197 suam
1875 4160 1983 4203 nos~
2035 4146 2159 4199 fecit
2206 4148 2339 4199 ima-

775 4237 953 4308 ginem
999 4258 1012 4292 :
1074 4237 1343 4306 quomodo
1374 4251 1479 4289 non
1527 4237 1802 4290 misereris
1830 4238 2088 4305 c0rporis,
2143 4238 2334 4292 iisdem

777 4330 976 4399 quibus
1003 4338 1082 4391 tu,
1108 4330 1326 4383 obnoxii
1370 4330 1835 4398 perpessionibus,
1871 4331 2013 4396 quod
2067 4333 2338 4383 membra-

778 4421 873 4474 tim
909 4420 1319 4474 conscinditur:
1354 4422 1446 4473 sed
1462 4421 1551 4473 tibi
1576 4430 1657 4473 est
1681 4420 1939 4489 voluptati
1970 4424 2335 4475 membrorum

2438 3249 2520 3293 τις
2554 3233 2758 3301 πύργος
2806 3232 3134 3300 βαλλόμενος
3187 3236 3281 3285 καὶ
3326 3236 3622 3297 ἀσάλευτος
3679 3237 3863 3302 μένων
3910 3238 4003 3285 καὶ

2439 3322 2859 3393 ἀμετακίνητος,
2908 3324 2967 3375 ὲν
2992 3323 3224 3390 ὀνείροις
3256 3323 3432 3377 ἐδόκει
3462 3324 3854 3394 βασανίζεσθαι
3884 3341 3895 3351 ·
3934 3324 4003 3390 μὴ

2436 3415 2711 3478 δειλιάσας
2744 3417 2851 3484 γάρ
2877 3416 2976 3482 τὴν
3010 3415 3243 3485 βάσανον
3286 3401 3488 3485 ταύτην
3540 3417 3674 3487 μηδὲ
3717 3417 4003 3471 καταπλα-

2439 3512 2553 3579 γεὶς
2588 3512 2675 3564 ὑπ’
2705 3514 2896 3581 αὐτῆς,
2925 3514 2984 3565 ού
3024 3514 3186 3583 μόνον
3209 3515 3308 3567 ούκ
3337 3515 3599 3570 ἐνέδωκεν
3629 3518 3999 3590 ὀλιγωρήσας,

2438 3604 2572 3656 ἀλλὰ
2608 3606 2715 3673 γὰρ
2750 3607 2843 3655 καὶ
2878 3605 3362 3673 μεγαλοψυχήσας,
3392 3607 3568 3677 λῶρον
3601 3609 3696 3659 ἕνα
3743 3611 3997 3662 ἀποσπὰ-

2440 3712 2538 3758 σας
2573 3696 2634 3747 ἐκ
2671 3696 2767 3765 τῆς
2819 3696 2986 3748 αὑτοῦ
3045 3697 3286 3766 πλευρᾶς
3337 3696 3395 3749 ὃν
3452 3698 3499 3750 oi
3551 3698 3739 3768 δήμιοι
3776 3700 4001 3767 ἔτεμνον

2439 3784 2546 3836 ἀπὸ
2577 3784 2673 3836 τοῦ
2716 3786 2969 3853 σώματος
2998 3786 3185 3850 αὑτοῦ,
3214 3785 3438 3857 ἔρριψεν
3482 3786 3588 3855 πρὸ
3629 3785 3721 3839 τοῦ
3755 3786 4003 3857 βήματος

2438 3875 2529 3926 τοῦ
2557 3875 2813 3927 δικαστοῦ
2840 3876 3013 3943 λέγων
3038 3891 3051 3904 ·
3108 3876 3593 3944 Ἀσυμπαοέστατε
3652 3878 3748 3931 καὶ
3784 3882 4001 3932 πάντων

2439 3966 2641 4038 Θηρίων
2687 3966 3012 4038 ἀγριώτατε,
3037 3970 3161 4037 ὴ,κο
3174 3968 3293 4039 ρδία
3323 3986 3414 4021 σου
3440 3969 3611 4031 οὕτως
3644 3971 4000 4039 πεπὼρωται,

2438 4060 2641 4113 καὶτὸν
2675 4060 2805 4111 Θεὸν
2831 4061 2928 4113 ούκ
2958 4062 3364 4128 ἐπιγινώσκεις,
3399 4061 3489 4113 τον
3520 4058 3615 4112 καὶ
3648 4061 3839 4113 εἰκόνα
3872 4062 4001 4113 ἰδίαν

2437 4154 2585 4221 ἡμᾶς
2618 4154 2959 4223 πεποιηκότα
3017 4154 3134 4217 πῶς
3184 4154 3306 4206 οὐδὲ
3362 4154 3422 4205 τὸ
3467 4154 3806 4221 ὁμοιοπαθὲς
3851 4153 4003 4221 σῶμα

2437 4246 2724 4314 οἰκτείρεις
2759 4246 2899 4297 κατά
2934 4247 3097 4315 μέρος
3126 4245 3324 4313 τέμνον
3345 4259 3359 4274 ο
3388 4244 3579 4312 τέρπει
3616 4259 3674 4293 σε
3705 4244 3878 4313 ἡτῶν
3915 4259 4004 4311 με-

2438 4338 2546 4388 λῶν
2576 4355 2675 4407 μου
2714 4339 3033 4403 κατακοπή;
3063 4336 3248 4387 Ταῦτα
3286 4336 3337 4387 δὲ
3358 4334 3523 4401 λέγω,
3556 4334 3652 4403 οὐχ
3675 4332 3751 4395 ὡς
3786 4334 4001 4401 φεύγων

2440 4428 2499 4481 τὸ
2528 4430 2665 4499 ὑπὲρ
2714 4428 2999 4491 εὐσεϐείας
3040 4428 3355 4491 ἀποθανεῖν,
3391 4424 3527 4481 ἀλλὰ
3561 4424 3659 4495 τὴν
3717 4424 3819 4494 σὴν
3862 4425 4004 4494 ὠμός

782 4527 1022 4565 meorum
1047 4510 1358 4565 disscclio?
1402 4510 1527 4563 Haec
1580 4519 1759 4565 autem
1817 4512 1957 4576 dico,
2020 4520 2212 4565 nonut
2248 4513 2335 4579 qui

2446 4537 2581 4588 τητα
2610 4523 2775 4573 πᾶσιν
2810 4522 2979 4573 ποιῶν
3011 4520 3315 4589 κατάδηλον
3341 4537 3355 4551 ~
3387 4520 3507 4570 ἐπεὶ
3539 4517 3656 4579 πῶς
3715 4517 3889 4583 ἡδέως
3921 4516 4004 4569 διὰ

782 4608 981 4679 fugiam
1025 4609 1159 4661 mori
1211 4623 1307 4676 pro
1358 4608 1576 4675 pietate,
1603 4606 1696 4660 sed
1748 4606 2123 4659 crudelitatem
2193 4612 2339 4655 tuam

776 4711 837 4755 et
874 4700 1325 4755 inhumanitatem
1377 4700 1594 4753 reddam
1653 4698 1907 4753 omnibus
1971 4694 2335 4748 manifestam.

780 4790 891 4861 Ego
924 4792 1066 4844 enim
1101 4802 1322 4861 propter
1350 4792 1626 4845 Christum
1656 4805 1835 4842 meum
1884 4789 2116 4842 libenter
2167 4789 2340 4856 patior

783 4882 967 4935 omnia
994 4881 1150 4943 mala,
1191 4898 1306 4947 qlnc
1344 4881 1473 4933 mihi
1504 4897 1530 4932 a
1566 4890 1617 4932 te
1670 4877 2001 4937 inferuntur,
2021 4884 2074 4928 et
2110 4876 2341 4927 libenter

781 4976 1025 5029 sustineo
1042 4972 1289 5027 dolorum
1312 4973 1686 5032 acerbitatem,
1724 4981 1782 5024 ut
1815 4972 1867 5022 in
1915 4969 2096 5022 futuro
2145 4967 2342 5020 saeculo

780 5070 1039 5117 aeternam
1087 5062 1359 5114 inveniam
1402 5061 1664 5130 requiem.
1711 5059 1787 5113 Tu
1829 5069 2030 5121 autem,
2082 5074 2113 5112 ο
2149 5058 2342 5111 crude-

784 5153 989 5206 lissime
1029 5163 1083 5205 et
1129 5153 1518 5205 immanissima
1568 5154 1750 5215 homo,
1803 5158 2021 5218 accepta
2068 5149 2207 5217 pelle
2235 5148 2341 5199 mei

782 5246 1054 5313 corporis,
1100 5260 1217 5298 eam
1273 5245 1412 5298 habe
1472 5252 1661 5297 testem
1704 5256 1809 5297 tuae
1864 5240 2185 5311 impietatis,
2224 5254 2342 5306 qua:

784 5346 839 5391 te
866 5336 1029 5389 mittit
1066 5337 1130 5389 ad
1183 5345 1544 5398 atternummt
1568 5336 1708 5403 quod
1783 5348 2061 5403 nunquam
2119 5331 2339 5391 desinit,

785 5429 1133 5499 supplicium,
1180 5443 1302 5482 cum
1360 5429 1663 5483 simulacris
1713 5428 1820 5482 tuis
1868 5437 1921 5479 et
1979 5425 2338 5480 daemonibus.

786 5523 931 5579 Dixit
964 5523 1296 5592 Agrippinus
1331 5539 1343 5574 :
1386 5524 1584 5576 Cur.cs
1614 5523 1900 5591 insipiens,
1927 5531 1982 5575 et
2011 5522 2137 5575 odio
2173 5521 2340 5574 habes

785 5627 937 5678 tuum
963 5628 1234 5685 corpus,o
1266 5613 1438 5680 Plato,
1465 5625 1519 5669 et
1544 5630 1654 5671 non
1685 5630 1863 5682 curas,
1898 5615 2044 5683 quod
2081 5614 2342 5670 intestina

896 5788 937 5817 "
968 5784 1104 5839 Psal.
1141 5800 1265 5852 cxx,
1297 5786 1345 5851 l,
1374 5784 1428 5839 2.

2442 4616 2533 4663 τὶν
2586 4612 2819 4680 Χριστὸν
2853 4613 3046 4681 πάσχω
3095 4613 3190 4661 καὶ
3243 4612 3310 4661 τὰ
3347 4609 3498 4678 παρά
3552 4607 3645 4658 σοῦ
3696 4610 4004 4677 ὲναγόμενα

2445 4701 2702 4770 ὑπομένω
2733 4699 2831 4770 τὴν
2879 4700 2987 4751 τῶν
3042 4698 3221 4751 πόνων
3260 4696 3545 4764 δεινότητα
3573 4694 3633 4746 οὐ
3662 4694 3878 4761 φεύγω,
3925 4696 4003 4745 ἵνα

2442 4785 2498 4845 ἓν
2532 4794 2609 4861 τῷ
2643 4792 2890 4861 μέλλοντι
2942 4792 3095 4844 αἰῶνι
3137 4791 3236 4860 τὴν
3262 4789 3445 4841 ἄνεσιν
3480 4789 3659 4855 εὕρω·
3698 4787 3764 4839 σὺ
3797 4786 3858 4838 δι
3902 4787 4006 4839 ἀπ-

2443 4886 2729 4955 ηνέστατε,
2760 4883 3053 4953 δεξάμενος
3101 4884 3200 4953 τὴν
3250 4884 3343 4935 τοῦ
3381 4882 3631 4951 σώματός
3676 4898 3781 4949 μου
3825 4879 4003 4957 δορὰν,

2447 4980 2700 5047 μάρτυρα
2760 4979 2859 5044 τῆς
2913 4975 3167 5037 ἁσεὸείας
3209 4974 3374 5044 ἔχεις,
3423 4971 3754 5041 πέμπουσαν
3802 4960 3888 5022 σε’
3936 4970 4005 5032 εἰς

2444 5070 2669 5121 αἰωνίαν
2697 5069 2793 5118 καὶ
2828 5067 3189 5137 ἀτελεύτητον
3219 5066 3443 5119 κόλασιν
3474 5065 3613 5135 μετά
3632 5064 3744 5116 τῶν
3770 5063 4003 5115 εἰδώλων

2445 5179 2557 5215 σου.
2603 5163 2956 5230 Ἀγριππίνος
2990 5163 3124 5230 ἔφη·
3166 5162 3325 5213 Ὶνατί
3354 5159 3611 5220 ἀσύνετος
3644 5154 3714 5222 εἶ,
3752 5157 3851 5210 καὶ
3884 5155 4000 5225 ἐμί-

2446 5271 2612 5320 σησας
2644 5255 2702 5305 το
2753 5256 2948 5305 ἑαυτοῦ
2985 5254 3165 5323 σῶμα,
3217 5254 3313 5305 καὶ
3362 5253 3421 5305 ού
3465 5249 3779 5322 φροντίζεις
3832 5248 3915 5301 ὅτι
3947 5246 4003 5298 τά

2444 5347 2651 5411 ἔγκατά
2705 5362 2796 5401 σου
2831 5347 2915 5399 διὰ
2949 5347 3054 5398 τῶν
3106 5346 3358 5415 πλευρῶν
3393 5363 3487 5397 σου
3534 5345 3629 5396 σὺν
3688 5346 3758 5411 τῇ
3823 5343 4002 5411 κόπρῳ

3784 5436 3921 5503 πρὸς
3951 5433 4001 5482 δὲ

2443 5520 2673 5596 τούτοις,
2737 5533 2835 5584 ούκ
2885 5530 3171 5601 ἀρκεσθεὶς
3223 5532 3333 5590 τοῖς
3388 5529 3702 5596 εἰρημένοις
3767 5544 3886 5589 σου,
3916 5523 4000 5578 νῦν

2446 5440 2687 5507 φέρεται,
2743 5441 2857 5491 ἀλλ’
2914 5439 2994 5490 ἔτι
3038 5440 3131 5491 καὶ
3182 5438 3276 5490 νῦν
3321 5438 3675 5504 ἀναισθητεῖς
3706 5450 3719 5463 ·

2444 5622 2544 5674 οὐκ
2571 5624 2789 5676 ἐπαύσω
2812 5623 2933 5687 τοὺς
2958 5622 3108 5684 θεοὺς
3136 5618 3434 5689 ἐνυϐρίζων
3472 5620 3561 5671 καὶ
3597 5616 3919 5689 παροξύνων
3946 5616 3996 5667 τὸ
