4188 6310
174 326 270 389 421

1434 334 1606 391 νΙΤΛ
1654 333 1713 392 S.
1761 334 2154 395 PLATONIS.

3308 332 3413 395 £22

174 443 366 510 σεμνὸν
412 443 783 513 δικαστήριον,
837 446 893 496 ’0
952 446 1104 511 ἅγιος
1168 445 1391 498 Πλάτων
1445 440 1637 497 εἶπενο
1676 447 1740 504 Et

1845 457 1934 500 tua
1958 464 2055 517 per
2080 451 2169 501 tua
2189 449 2353 501 latera
2386 447 2631 504 feruntur
2650 461 2771 500 cum
2808 455 3048 500 stercore
3078 461 3091 499 :
3120 445 3211 500 sed
3240 446 3416 501 adhuc

168 536 275 601 ἐγὼ
304 534 474 596 οὕτως
503 536 765 598 τοιαύτας
796 536 901 587 ὑπ’)
952 537 1044 589 σοῦ
1082 537 1260 598 δεινὰς
1307 538 1578 605 τιμωρίας
1629 556 1731 590 πα-

168 626 273 677 θὼν
307 625 572 695 ὑϐριστὴς
608 628 882 695 καλοῦμαι
914 631 1005 679 καὶ
1059 628 1403 695 βλάσφημος,
1455 628 1517 679 σὺ
1567 629 1593 679 6
1638 630 1733 681 ἐπ-

171 716 320 782 άγων
342 717 597 780 τοιαύτας
633 719 899 787 βασάνους
934 719 1171 787 ὀφείλεις
1205 720 1395 786 φονεὺς
1426 720 1483 770 ἐν
1507 722 1617 781 τοῖς
1642 720 1732 787 ἕρ-

162 823 279 873 γοις
306 809 583 877 δειχθῆναι
619 812 713 862 καὶ
745 810 1065 877 βλάσςσημος
1099 812 1155 860 ἐν
1180 812 1291 871 τοῖς
1325 810 1530 874 λόγοις.
1574 810 1631 863 Ὀ
1663 810 1721 862 δὲ

179 900 531 968 Ἀγριππῖνος
568 901 671 967 ἔφη
696 916 711 931 ·
738 901 873 961 Τοὺς
903 900 1057 963 θεοὺς
1083 901 1176 953 καὶ
1224 903 1350 963 τοῦς
1397 902 1729 972 αὐτοκράτο-

164 1010 263 1061 ρας
286 992 453 1044 πολλὰ
478 992 768 1059 ἐνυϐρίσας
786 993 880 1043 καὶ
910 992 1007 1060 ἐμὲ
1028 992 1086 1044 οὗ
1116 994 1324 1061 μικρῶς
1347 995 1724 1061 παροργίζεις’

160 1080 276 1135 οἶδα
307 1086 386 1135 ὅτι
414 1084 567 1135 τοῦτο
609 1087 798 1147 ποιεῖς,
836 1085 920 1136 ἵνα
946 1085 1031 1137 διὰ
1067 1086 1266 1155 τάχους
1295 1103 1353 1137 σε
1383 1087 1724 1139 ἀποκτείνω·

163 1176 270 1242 ἐγὼ
298 1176 354 1226 δὲ
385 1176 703 1244 χειροτέρας
733 1176 1001 1244 βασάνους
1052 1177 1407 1246 προσενέγκω
1456 1178 1548 1228 καὶ
1586 1177 1727 1229 κατὰ

164 1269 328 1333 μέρος
359 1268 621 1321 άναλώσω
660 1286 738 1326 σε.
770 1271 862 1321 ἐὰν
904 1271 975 1338 μὴ
1009 1270 1239 1337 πεισθῇς
1288 1254 1380 1321 καὶ
1414 1269 1585 1339 Θύσῃς
1612 1273 1726 1334 τοῖς

159 1358 453 1425 ἀκράντοις
487 1359 646 1417 θεοῖς.
694 1358 752 1412 Ὀ
786 1358 942 1425 ἅγιος
973 1358 1066 1411 τοῦ
1099 1360 1235 1411 Θεοῦ
1271 1361 1480 1429 μάρτυς
1532 1357 1683 1413 εἶπεν
1707 1376 1722 1391 ⁶

161 1446 426 1509 Πολλάκις
464 1464 544 1499 σοι
576 1446 729 1499 εἶπον
752 1450 846 1500 καὶ
877 1449 969 1501 νῦν
994 1450 1169 1517 λέγων
1206 1453 1264 1502 οὺ
1301 1452 1601 1520 παύσομαι,
1634 1452 1722 1521 Μὴ

160 1538 363 1609 ἀπείλῃ
396 1558 484 1607 μοι
521 1540 722 1607 λόγοις,
770 1543 883 1594 ἀλλ’
938 1542 1121 1610 ἔργοις
1149 1543 1320 1609 δεῖξον
1374 1547 1452 1607 είς
1485 1546 1584 1612 ἐμὲ
1622 1547 1725 1607 τὰς

159 1628 445 1696 βασάνους,
470 1632 554 1684 ἵνα
586 1634 829 1703 γνωσθῇς
865 1636 1033 1686 ποιῶν
1060 1636 1117 1686 τὸ
1145 1635 1360 1703 θέλημα
1392 1636 1483 1687 τοῦ
1514 1637 1721 1703 πατρός

158 1725 380 1784 σου,τοῦ
413 1727 626 1777 Σατανᾶ
655 1727 746 1777 καὶ
774 1726 866 1777 τοῦ
902 1727 1303 1795 αὖτοκράτορός
1330 1744 1443 1779 σοον
1470 1728 1721 1792 ἐξουσίαν

1842 556 1984 593 nunc
2007 557 2221 610 quoque
2251 556 2311 593 es
2341 541 2497 594 nullo
2556 555 2719 594 sensu
2744 539 3001 608 pra-ditus
3028 557 3041 597 :
3076 547 3269 606 prmter
3301 540 3415 591 haec

1839 644 2022 686 autem
2054 650 2161 687 non
2194 640 2486 686 contentus
2515 633 2579 686 iis
2608 649 2727 700 qua:
2765 633 2910 686 dicta
2938 639 3085 693 sunt,
3113 646 3220 683 non
3288 645 3412 684 ces-

1841 725 1968 777 sasti
2002 740 2147 777 nunc
2174 724 2305 777 deos
2328 723 2601 777 incessere
2632 722 2999 782 contumeliis,
3032 729 3086 774 et
3138 735 3410 774 verteran-

1841 816 1967 866 dum
2004 831 2183 868 meum
2216 816 2427 868 irritare
2474 814 2759 882 judicium.
2816 813 3049 867 Sanctus
3082 813 3231 865 Plato
3280 813 3415 864 dixit

1838 906 2128 960 Subridens
2166 923 2179 959 :
2238 905 2292 959 Si
2346 921 2468 975 ego,
2505 906 2598 974 qui
2642 913 2718 958 tot
2755 904 3026 957 cruciatus
3061 912 3113 956 et
3146 902 3410 971 supplicia

1835 1014 1953 1053 sum
1995 1015 2023 1053 a
2058 1008 2106 1052 te
2134 1014 2349 1066 passus,
2416 998 2850 1051 contumeliosus
2903 1010 3066 1048 vocor
3097 1006 3151 1047 et
3188 994 3408 1047 maledi-

1835 1105 1973 1144 cus:
2012 1099 2066 1143 tu
2107 1092 2199 1159 qui
2228 1106 2288 1144 ea
2339 1091 2471 1144 mihi
2525 1089 2712 1151 infers,
2750 1105 2936 1142 revera
2966 1098 3020 1141 et
3055 1088 3211 1142 factis
3244 1087 3410 1139 debes

1834 1182 1941 1236 dici
1964 1183 2254 1252 parricida,
2296 1190 2351 1237 et
2401 1182 2583 1235 verbis
2616 1179 2930 1235 maledicus.
2971 1180 3113 1231 Dixit
3158 1177 3415 1247 Agrippi-

1831 1290 1939 1328 nus
1970 1290 1981 1325 :
2010 1275 2142 1327 deos
2173 1283 2226 1327 et
2258 1276 2617 1345 imperatores
2647 1272 2756 1340 jam
2791 1286 2935 1340 saepe
2968 1270 3151 1323 multis
3181 1267 3409 1321 affecisti

1836 1365 2207 1427 contumeliis,
2231 1374 2283 1419 et
2307 1365 2373 1418 ad
2432 1365 2567 1418 iram
2618 1379 2703 1417 me
2738 1378 2843 1416 non
2903 1378 3093 1431 parum
3124 1373 3411 1429 provocas.

1830 1456 1955 1512 Scio
1982 1467 2165 1510 autem
2196 1466 2246 1511 te
2268 1456 2369 1509 hoc
2398 1456 2598 1519 facere,
2621 1464 2681 1508 ut
2714 1464 2766 1507 te
2799 1453 3217 1521 quamprimum
3256 1448 3429 1501 orci—-

1828 1551 1987 1616 dam;
2040 1558 2136 1621 ego
2163 1560 2342 1603 autem
2378 1550 2473 1602 tibi
2528 1555 2796 1601 tormenta
2839 1545 3069 1600 inferam
3104 1542 3410 1599 acerbiora.

1827 1654 1879 1699 et
1904 1653 1954 1698 te
1979 1660 2073 1712 per
2090 1655 2269 1711 partes
2292 1657 2631 1706 consumam,
2653 1641 2759 1694 nisi
2786 1639 2916 1691 mihi
2938 1637 3206 1706 parueris.
3232 1643 3284 1687 et
3327 1632 3415 1685 in-

1830 1735 2108 1790 temeratis
2133 1735 2235 1788 diis
2279 1732 2693 1789 sacrificaveris.
2733 1731 2964 1783 Sanctus
2990 1737 3191 1795 martyr
3206 1720 3411 1779 Christi

157 1817 266 1885 γὰρ
305 1817 448 1885 ἔχεις
475 1818 570 1868 τοῦ
604 1816 857 1885 σώματός
901 1835 1024 1885 μου,
1056 1818 1152 1886 τῆς
1202 1819 1258 1869 δὲ
1295 1818 1476 1888 ψυχῆς
1507 1821 1533 1871 ὁ
1564 1820 1718 1883 Θεός.

1834 1825 1964 1877 dixit
2005 1826 2157 1879 Plato
2185 1843 2197 1876 :
2229 1824 2383 1893 Saepe
2433 1822 2529 1877 tibi
2567 1822 2701 1886 dixi,
2751 1830 2805 1874 et
2837 1834 3026 1873 rursus
3052 1818 3195 1873 dico.
3228 1824 3281 1869 et
3306 1826 3415 1866 non

157 1910 388 1964 cessabo
425 1909 605 1962 dicere
644 1926 656 1960 :
692 1908 764 1962 Ne
808 1910 1014 1962 minare
1055 1909 1256 1975 verbis,
1293 1912 1385 1964 sed
1419 1912 1593 1979 reipsa
1630 1913 1678 1964 in
1718 1929 1805 1966 me
1827 1917 2053 1969 ostende
2078 1925 2368 1979 tormenta,
2404 1913 2827 1983 utcognoscaris
2854 1911 3058 1965 faciens
3084 1909 3416 1962 voluntatem

158 2004 328 2074 patris
354 2003 429 2059 tui
459 2004 669 2056 Satanae
692 2012 745 2055 et
765 2001 837 2055 tui
864 2003 1209 2071 imperatoris
1232 2019 1245 2067 ;
1268 2002 1432 2057 habes
1456 2004 1622 2067 enim,
1645 2014 1701 2059 ut
1730 2008 1877 2073 prius
1898 2009 2029 2072 dixi,
2059 2017 2379 2078 potestatem
2406 2008 2508 2061 mei
2534 2007 2801 2075 corporis.
2825 2005 3021 2058 anim-.e
3048 2016 3224 2055 autem
3252 2000 3409 2055 Dens.

220 2097 335 2165 tq’.
368 2098 426 2149 '0
444 2097 495 2148 δὲ
518 2097 869 2164 ’Λγριππῖνος
886 2096 1056 2147 ταῦτα
1077 2096 1311 2158 ἀκούσας
1328 2094 1504 2147 εἶπεν·
1528 2099 1737 2161 Ἐγνως

157 2192 257 2260 ἤδη
293 2193 356 2258 τῇ
391 2191 555 2257 πεῖρα
578 2188 663 2240 διὰ
693 2186 801 2238 τῶν
833 2186 1079 2255 βασάνων
1103 2186 1178 2257 (α)
1212 2188 1316 2239 τῶν
1344 2188 1736 2257 ἐπενεχθέντων

160 2299 252 2350 μοι
292 2280 443 2348 παρὰ
484 2278 575 2330 σοῦ
602 2320 616 2341 ,
655 2278 734 2328 ὅτι
770 2277 891 2329 οὔτε
926 2277 1017 2328 τοῦ
1057 2278 1305 2344 σώματός
1345 2298 1444 2350 μου
1484 2282 1735 2348 φείδομαι

157 2374 245 2424 διὰ
284 2372 380 2439 τὴν
413 2368 548 2439 πρὸς
580 2369 669 2419 τὸν
696 2368 825 2419 Θεόν
861 2385 961 2435 μου
998 2369 1279 2420 εὐσέϐειαν
1304 2411 1316 2433 ,
1355 2371 1609 2439 φοὸηθεὶς
1641 2374 1734 2424 τοῦ

156 2460 481 2531 ἐπουρανίου
509 2459 772 2529 βασιλέως
807 2459 865 2512 τὸ
909 2460 1236 2529 πρόσταγμα
1256 2478 1269 2491 ·
1293 2463 1411 2513 τότε
1451 2462 1739 2531 Ἀγριππῖο

157 2572 247 2617 νος
294 2553 579 2604 ἐκέλευσεν
622 2553 783 2604 αὐτὴν
816 2552 1314 2620 ἀναρτηθέντα·είς
1343 2552 1402 2604 τὸ
1448 2551 1599 2615 ξύλον
1642 2555 1736 2605 ἐπὶ

157 2645 412 2699 τοσοῦτον
447 2644 698 2707 emam,
737 2642 874 2694 ὥστε
909 2642 968 2693 τὺ
1004 2636 1141 2711 αἷμα
1177 2641 1341 2694 αὐτοῦ
1380 2644 1469 2695 ἐπὶ
1504 2644 1602 2708 τὴν
1634 2646 1737 2712 γῆν

158 2736 437 2805 ἐκκεῖσθαι
466 2753 479 2765 ·
509 2735 602 2785 καὶ
636 2737 661 2786 6
692 2733 865 2802 κῆρυξ
908 2735 1038 2786 ὲόόα
1063 2737 1208 2803 φωνῇ
1237 2736 1448 2805 μεγάλῃ
1474 2753 1488 2766 ·
1519 2736 1715 2797 Θῦσον,

160 2829 407 2891 Πλάτων,
443 2827 533 2878 καὶ
558 2824 785 2895 άπολὺη.
814 2824 918 2877 Τοῦ
950 2825 1003 2876 δὲ
1038 2825 1192 2891 ἁγίου
1228 2824 1510 2885 Πλάτωνος
1536 2825 1730 2892 ἀρνου-

163 2922 327 2988 μένου
361 2920 453 2970 καὶ
484 2920 556 2987 μὴ
594 2918 918 2987 βουλομένου
948 2917 1143 2980 θῦσαι,
1178 2917 1464 2969 ἐκέλευσεν
1498 2917 1735 2981 ὀγκίνοις

158 3013 259 3072 τὰς
307 3012 539 3077 παρειὰς
582 3010 745 3062 αὐτοῦ
790 3010 1026 3074 ξῗεσθαι,
1072 3010 1209 3062 ὥστε
1255 3010 1448 3080 μηκέτι
1508 3010 1733 3077 ὁρᾶσθαι

159 3101 455 3167 πρόσωπον
497 3100 869 3168 ἀνθρώπινον,
907 3102 993 3153 διὰ
1030 3100 1092 3151 τὸ
1127 3103 1481 3169 γυμνωθῆναι
1513 3101 1579 3153 τὰ
1606 3101 1738 3173 ὀστᾶ

164 3192 360 3246 αὐτοῦ.

1927 2101 2067 2155 XVI.
2098 2102 2192 2155 llis
2218 2101 2435 2164 auditis,
2463 2100 2599 2153 dixit
2651 2097 2979 2167 Agrippinus
3020 2113 3033 2149 :
3070 2094 3188 2149 Jam
3242 2108 3419 2161 ωερε-

1839 2192 2036 2245 rientia
2070 2193 2370 2260 cognovisti
2408 2199 2811 2259 pertormenta.
2855 2189 2995 2256 quod
3032 2202 3133 2239 nec
3175 2186 3416 2252 philoso-

1839 2283 1948 2351 pho
1995 2283 2211 2350 quidem
2244 2281 2454 2335 Platoni
2506 2281 2867 2349 pepercissent
2908 2287 3128 2346 propter
3181 2278 3407 2331 deorum

1841 2375 2295 2437 benevolentiam,
2316 2375 2512 2427 timens
2538 2374 2747 2441 jussum
2781 2371 3147 2439 imperatoris.
3172 2369 3405 2424 Sanetus

1844 2466 1932 2521 Dei
1970 2474 2171 2534 martyr
2207 2465 2355 2516 Plato
2390 2465 2522 2517 dicit
2554 2482 2564 2515 :
2596 2464 2907 2532 Cognovisti
2938 2464 3048 2530 jam
3083 2472 3138 2514 tu
3176 2474 3411 2528 quoque.

1840 2572 1872 2612 0
1903 2566 2148 2627 tyranne,
2182 2555 2513 2624 experientia
2546 2570 2641 2623 per
2674 2564 2947 2607 tormenta
3000 2568 3119 2622 quae
3148 2552 3276 2604 mihi
3302 2567 3330 2605 a
3363 2560 3416 2604 te

1841 2657 1969 2704 sunt
1996 2647 2165 2709 illata,
2208 2647 2351 2716 quod
2394 2646 2612 2715 corpori
2658 2661 2777 2699 meo
2800 2660 2909 2698 non
2963 2659 3130 2713 parco
3187 2635 3414 2711 propter

1841 2742 2097 2810 pietatem
2167 2741 2220 2794 in
2284 2741 2451 2792 Deum
2496 2755 2698 2803 meum,
2760 2740 2956 2792 timens
2996 2740 3209 2806 jussum
3254 2735 3418 2805 Regis

1840 2830 2095 2884 caelestis.
2125 2827 2454 2897 Agrippinus
2485 2841 2664 2883 autem
2696 2844 2819 2882 cum
2853 2828 2966 2881 haec
2998 2827 3315 2885 audivisset.
3359 2833 3414 2877 et

1844 2922 2033 2976 fuisset
2065 2936 2260 2991 magno
2293 2921 2479 2974 furore
2515 2921 2777 2989 percitus,
2809 2919 2971 2988 jussit
3002 2934 3123 2971 eum
3158 2918 3211 2969 in
3269 2916 3422 2983 ligno

1845 3030 2171 3082 suspensum
2216 3013 2421 3067 tamdiu
2449 3012 2604 3074 caedi,
2644 3011 2818 3064 donec
2856 3024 3045 3062 omnes
3074 3010 3191 3077 ejus
3219 3020 3413 3060 carnes

1846 3107 2009 3163 simul
2034 3122 2156 3161 cum
2180 3103 2523 3175 sanguinein
2555 3112 2753 3155 terram
2772 3102 3208 3155 effunderentur.
3229 3097 3414 3151 Pracco

1771 3192 1812 3249 C
1847 3204 2029 3248 autem
2067 3211 2258 3265 magna
2290 3210 2422 3247 voce
2464 3193 2733 3245 clamabat
2771 3208 2786 3244 :
2826 3188 3107 3251 Sacriﬁca,
3148 3188 3321 3247 Plato,
3359 3190 3421 3236 et

160 3285 397 3338 solveris
437 3299 464 3337 a
495 3284 743 3339 vinculis.
771 3283 904 3338 Cum
937 3298 1067 3338 vero
1097 3293 1319 3337 sanctus
1361 3282 1510 3341 Plato
1542 3294 1767 3353 negaret
1809 3300 1867 3338 sc
1899 3285 2351 3347 sacrificaturum,
2382 3284 2547 3353 jussit
2582 3293 2843 3352 tyrannus
2886 3281 3039 3333 uncis
3074 3277 3264 3332 ferreis
3292 3278 3415 3345 ejus

160 3393 333 3447 genas
364 3379 591 3445 discerpi
628 3393 689 3433 ac
719 3378 932 3431 laniari.
966 3378 1112 3431 Adeo
1143 3388 1322 3431 autem
1357 3387 1483 3431 sunt
1522 3377 1757 3445 laniataa,
1791 3387 1851 3433 ut
1887 3377 2052 3433 facies
2081 3377 2316 3432 hominis
2339 3391 2445 3430 non
2480 3383 2799 3429 cerneretur
2826 3372 3079 3442 amplius,
3118 3380 3408 3441 propterea

158 3471 307 3545 quod
342 3482 519 3525 essent
547 3474 666 3540 ejus
701 3488 821 3525 ossa
860 3473 1016 3540 plane
1048 3473 1271 3524 mndata.

234 3567 335 3623 lZ'.
390 3566 447 3618 Ὀ
486 3566 541 3618 δὲ
594 3565 947 3633 ’Λγριππῖνος
982 3564 1266 3617 ἐκέλευσεν
1313 3566 1472 3618 αὑτὸν
1510 3568 1616 3619 ἀπὸ
1646 3566 1739 3619 τοῦ

160 3660 323 3727 ξύλου
375 3658 784 3728 κατενεχθῆναι,
842 3658 931 3711 καὶ
989 3659 1124 3728 πρὸς
1154 3657 1317 3712 αὑτὸν
1374 3654 1559 3711 εἶπενο
1596 3659 1741 3710 Παν-

158 3756 343 3816 άθλιε,
377 3742 428 3804 τί
469 3751 773 3821 προσδοκᾷς
804 3750 1027 3809 λοιπόνς
1096 3751 1274 3818 πάσης
1308 3752 1415 3823 γὰρ
1454 3754 1550 3822 τῆς
1579 3752 1742 3821 δορᾶς

160 3864 265 3900 σου
325 3844 689 3910 ἀποδαρεῖσης
750 3844 842 3895 καὶ
901 3844 1009 3895 τῶν
1064 3844 1263 3897 ὀστέων
1321 3845 1741 3912 γυμνωθέντων,

160 3935 404 4003 ἀνάσχου
429 3950 539 4001 μοι,
562 3932 653 3983 καὶ
674 3932 877 3984 παῦσαι
904 3933 1000 4001 τῆς
1026 3933 1283 4002 τοιαύτης
1306 3934 1627 4002 φιλοσοφίας
1652 3937 1743 3987 xat

161 4028 333 4082 θῦσον
373 4027 484 4087 τοῖς
521 4022 684 4087 θεοῖς,
710 4023 805 4075 καὶ
847 4024 921 4092 μὴ
963 4023 1188 4089 ἐπίμενε
1226 4027 1290 4093 τῇ
1335 4025 1600 4091 ἀντιθέσει
1633 4025 1741 4076 τῶν

160 4116 346 4182 λόγων
403 4110 629 4174 τούτων,
699 4109 784 4161 ἵνα
844 4108 919 4179 μὴ
977 4110 1147 4173 κακὸς
1204 4110 1387 4173 κακῶς
1442 4112 1743 4183 ἀποθάνῃς.

175 4209 238 4273 '0_
275 4207 482 4277 μάρτυς
511 4199 694 4257 εἶπενο
719 4202 784 4254 Τί
816 4202 1114 4273 προσδοκᾷς
1138 4202 1323 4272 ἕτερον
1350 4203 1567 4257 ἀκούειν
1590 4206 1621 4276 ἢ
1648 4206 1745 4275 τὴν

164 4300 360 4354 πίστιν
386 4296 479 4352 τοῦ
503 4297 707 4366 Κυρίου
745 4313 845 4365 μου
882 4294 1055 4365 Ἰησοῦ
1090 4294 1365 4366 Χριστοῦ;
1396 4299 1492 4366 τῆς
1518 4297 1625 4367 γὰρ
1663 4298 1747 4349 δο-

169 4394 273 4463 ρᾶς
316 4406 417 4458 μου
454 4387 817 4457 ἁποδαρείσης
859 4387 952 4441 καὶ
992 4388 1098 4440 τῶν
1133 4387 1335 4441 ὀστέων
1381 4405 1482 4459 μου
1521 4405 1741 4457 γυμνω-

1918 3568 2083 3623 XVII.
2122 3569 2413 3638 Postquam
2447 3577 2624 3621 autem
2654 3566 2816 3634 jussit
2841 3566 3168 3635 Agrippinns
3190 3580 3313 3618 eum
3345 3566 3415 3620 de

1844 3658 1992 3726 ligno
2019 3658 2238 3726 deponi,
2277 3659 2409 3709 dixit
2436 3659 2486 3709 ei
2524 3676 2536 3709 :
2575 3655 2966 3720 Infelicissime,
3008 3656 3139 3723 quid
3197 3657 3265 3709 de
3305 3672 3413 3711 (διες

1847 3758 1963 3804 tero
1992 3759 2295 3816 exspectas,
2323 3763 2444 3801 eum
2484 3748 2553 3801 sit
2587 3758 2698 3801 tota
2732 3757 2821 3800 tua
2863 3763 2989 3802 caro
3018 3750 3317 3809 excoriata,
3353 3756 3408 3801 et

1847 3841 2046 3895 nudata
2076 3849 2200 3893 sunt
2251 3839 2422 3893 ossa?
2480 3837 2681 3893 Morem
2716 3838 2846 3892 mihi
2880 3853 3026 3907 gere,
3075 3847 3130 3892 et
3163 3853 3315 3892 cessa
3347 3840 3413 3891 ab

1846 3934 1949 3987 hac
1980 3947 2116 3986 vana
2151 3931 2509 4002 phiIOSOphia,
2538 3940 2592 3986 et
2620 3932 2724 3986 diis
2748 3930 3014 3994 sacrifica,
3050 3938 3104 3984 et
3132 3945 3199 3983 ne
3230 3929 3405 3998 persi-

1846 4033 1956 4079 stas
1988 4026 2040 4077 in
2074 4025 2174 4077 hac
2217 4026 2504 4076 verborum
2543 4024 2914 4085 contentione,
2962 4038 3031 4074 ne
3069 4023 3243 4073 malus
3274 4021 3411 4074 male

1848 4130 2056 4184 pereas.
2099 4114 2241 4168 Dixit
2270 4123 2471 4185 martyr
2506 4132 2519 4169 :
2568 4113 2710 4180 Quid
2753 4122 3061 4183 exspectas,
3088 4128 3119 4167 o
3166 4124 3413 4183 tyranne,

1848 4223 1877 4261 a
1906 4222 1994 4262 me
2026 4208 2171 4261 aliud
2209 4210 2419 4269 audire,
2469 4208 2571 4259 nisi
2605 4208 2765 4259 fidem
2824 4208 3036 4259 Domini
3078 4207 3250 4258 nostri
3281 4205 3413 4259 Jesu

1850 4300 2053 4357 Christi
2085 4299 2311 4353 iCarne
2338 4297 2487 4352 enim
2519 4313 2641 4352 mea
2672 4300 2946 4353 cxcoriata
2976 4306 3032 4353 et
3063 4298 3284 4352 nudatis
3322 4311 3414 4351 os—

1850 4396 2022 4455 sibus.
2060 4392 2275 4455 adsum,
2333 4400 2393 4446 ut
2428 4390 2601 4451 vides.
2638 4406 2763 4445 cum
2813 4392 3018 4461 majore
3054 4390 3301 4444 audacia.
3355 4389 3412 4444 Si

169 4484 412 4542 θέντων,
456 4477 924 4549 θαρσαλεώτερος,
959 4477 1033 4539 ὡς
1079 4480 1238 4548 ὁρᾷς,
1280 4480 1360 4532 σοὶ
1395 4481 1737 4549 παρέστηκα.

1850 4504 1979 4558 ergo
2012 4487 2105 4540 tibi
2145 4491 2311 4537 restat
2334 4484 2535 4552 aliquid
2562 4484 2730 4545 aliud,
2760 4484 2903 4550 quod
2931 4481 3058 4535 mihi
3091 4483 3251 4536 debet
3275 4482 3412 4541 fieri.

170 4577 237 4628 ΕΞ
289 4571 469 4624 τοίνυν
518 4569 869 4621 ὑπολείπεται
898 4568 1087 4638 ἕτερόν
1128 4585 1207 4621 σοι
1259 4570 1493 4638 ὀφείλειν
1524 4573 1605 4632 είς
1646 4572 1745 4639 ἐμὲ

170 4660 547 4734 παραχθῆναι,
582 4660 727 4712 ποίει
762 4660 818 4711 ἐν
849 4660 1002 4728 τάχει
1035 4658 1063 4710 ὃ
1097 4658 1298 4729 βούλει.
1339 4659 1396 4711 Ὀ
1424 4659 1480 4711 δὲ
1522 4660 1747 4730 Ἀγριπ-

169 4759 332 4818 πῖνος
369 4753 652 4821 θαυμάσας
688 4750 786 4818 τὴν
820 4751 1257 4820 καρτεροψυχίαν
1296 4752 1386 4804 τοῦ
1425 4753 1701 4822 μάρτυρος
1726 4793 1741 4818 ,

171 4847 468 4901 ἐκέλευσεν
498 4843 660 4896 πάλιν
696 4841 855 4896 αὐτὸν
891 4843 1261 4909 ἀναρτηθῆναι
1295 4844 1386 4893 καὶ
1412 4844 1629 4905 ξέεσθαι
1667 4845 1746 4907 είς

172 4942 278 5001 τὰς
312 4935 556 5004 ἀγκάλας
600 4934 697 4989 καὶ
728 4935 805 4997 εἰς
837 4933 903 4986 τὰ
935 4934 1239 5003 σπλάγχνα.
1277 4933 1335 4986 Ὀ
1368 4934 1423 4987 δὲ
1466 4934 1620 5003 ἆγιος
1651 4935 1743 4987 τοῦ

172 5031 317 5086 Θεοῦ
352 5029 559 5099 μάρτυς
586 5023 739 5080 εἶπεν
758 5045 771 5059 θ
800 5020 955 5094 Ἶιρα
982 5027 1123 5091 τοὺς
1144 5028 1488 5096 ὀφλαλμούς
1512 5045 1629 5095 μου
1660 5030 1739 5091 εἷς

170 5126 249 5178 τὰ
284 5124 414 5190 ὅρη,
440 5121 577 5175 ὅθεν
606 5120 738 5185 ἣξει
771 5122 808 5186 ἡ
835 5118 1084 5184 ,βοήθειὰ
1111 5136 1253 5187 μου,
1281 5122 1373 5174 καὶ
1405 5120 1473 5171 τὰ
1498 5120 1643 5189 ἑξῆς.
1687 5121 1746 5171 Ὀ

170 5218 232 5269 δὲ
275 5216 631 5283 Ἀγριπττῑνος
655 5212 757 5278 ἔφη
783 5229 794 5242 ·
836 5212 1041 5263 ’Λνόσιε
1076 5214 1169 5263 καὶ
1210 5211 1311 5280 τῆς
1348 5211 1455 5264 τῶν
1488 5212 1625 5264 θεῶν
1659 5212 1747 5263 εὑ-

1846 4578 1932 4631 fac
1965 4577 2075 4629 cito
2109 4574 2253 4643 quod
2294 4574 2398 4627 vis.
2432 4575 2588 4629 Tunc
2642 4573 2843 4643 impius
2887 4573 3221 4642 Agrippinus
3264 4589 3415 4627 mar-

1846 4666 1977 4737 tyris
2002 4665 2280 4720 admirans
2307 4663 2706 4727 fortitudinem,
2727 4664 2892 4731 jussit
2924 4678 3049 4717 eum
3088 4678 3275 4717 rursus
3296 4679 3417 4718 sus-

1844 4757 2004 4827 pendi
2041 4757 2093 4809 in
2126 4756 2291 4825 ligno,
2323 4763 2378 4808 et
2410 4754 2774 4809 vehementer
2818 4753 2936 4820 ejus
2989 4754 3119 4807 thdi
3172 4754 3327 4806 ulnas
3358 4763 3413 4807 et

1847 4851 2116 4904 femorum
2162 4849 2282 4915 ejus
2332 4847 2696 4900 latitudinem.
2734 4844 2807 4898 Ita
2869 4847 3117 4900 fecerunt
3173 4845 3411 4906 lictores,

1842 4957 1966 4996 eum
1999 4942 2266 4996 caedentes
2305 4940 2481 5008 spatio
2519 4938 2679 4993 trium
2712 4940 2990 4991 horarum.
3035 4936 3181 4990 Dixit
3228 4944 3409 4991 autem

1844 5043 2064 5095 sanctus
2092 5032 2289 5086 Christi
2329 5042 2563 5102 martyr:
2598 5028 2981 5084 Levavioculos
3014 5046 3148 5083 meos
3184 5031 3236 5081 in
3265 5045 3415 5081 mon-

1847 5134 1940 5188 tes,
1969 5125 2104 5177 unde
2153 5125 2316 5177 veniet
2372 5122 2636 5175 auxilium
2697 5136 2889 5175 meum.
2932 5120 3200 5173 Auxilium
3238 5136 3409 5173 meum

1847 5234 1878 5269 a
1938 5215 2175 5278 Domino,
2220 5216 2309 5283 qui
2374 5216 2494 5283 fecit
2550 5212 2733 5265 cretum
2794 5223 2843 5265 et
2907 5222 3107 5264 terram
3142 5211 3207 5267 ¹⁸.
3269 5211 3412 5264 Dixit

179 5306 408 5374 μενείας
444 5303 723 5371 ἀλλότριε,
756 5302 941 5371 ἐπειδὴ
982 5302 1159 5355 ἔδωκά
1191 5319 1271 5355 σοι
1306 5303 1637 5373 παρρησίαν,
1677 5302 1740 5369 μ’)

1849 5306 2226 5375 Agrippinus:
2294 5304 2463 5372 lmpie
2524 5313 2578 5357 et
2635 5319 2663 5356 a
2727 5302 3109 5356 benevolentia
3182 5302 3407 5355 deorum

168 5388 419 5458 Δκολάσας
455 5411 510 5446 σε
548 5394 686 5447 κατὰ
718 5394 875 5462 λόγον
897 5434 911 5459 ,
945 5394 1271 5462 φθέγγεσθαι
1307 5394 1509 5463 τολμᾷς
1539 5394 1744 5447 ἀθετῶν

291 5514 333 5544 ³⁸
362 5509 505 5565 Psal.
528 5525 627 5563 cxx
678 5509 730 5574 4,
754 5509 808 5563 ἓ.

1853 5397 2049 5462 aliene,
2081 5397 2335 5466 quoniam
2364 5395 2483 5449 dedi
2510 5396 2606 5449 tibi
2636 5394 2907 5459 fiduciam,
2935 5409 3041 5447 non
3076 5404 3126 5447 te
3158 5391 3408 5462 puniens,

251 5632 329 5695 (al
364 5630 571 5683 Desunt
599 5624 844 5698 quamam
876 5627 1041 5698 verba
1068 5634 1288 5698 propter
1330 5628 1740 5683 hommotcleutn

1834 5646 1965 5698 utne,
2013 5629 2089 5683 sic
2120 5630 2394 5683 restituo:
2457 5628 2579 5683 ’Ὁτι
2608 5628 2728 5680 οὐδὲ
2781 5626 3074 5698 φιλοσόφου
3124 5625 3410 5698 ῌλάτωνος

176 5698 575 5768 ἐφειδόμην-ἂν
604 5696 821 5768 διαντὴν
851 5695 967 5768 τῶν
991 5697 1127 5747 θεῶν
1162 5696 1372 5768 εῦνοιαν
1402 5698 1655 5763 omnes-lg
1686 5702 1742 5752 τὸ
1768 5695 1858 5751 τοῦ
1885 5700 2284 5768 αὐτοκράτορος
2326 5701 2680 5768 πρόσταγμα·
2711 5699 2738 5750 6
2763 5699 2817 5751 δὲ
2850 5701 3003 5765 ἅγιος
3030 5695 3165 5749 Θεοῦ
3192 5697 3411 5768 μάρτυς

177 5764 602 5825 Πλάτωνείπεν
624 5782 637 5798 ο
669 5766 879 5833 Ἐγκως
912 5764 1010 5835 ἤδη
1041 5768 1135 5819 καὶ
1169 5766 1230 5819 σὺ
1260 5767 1345 5819 διὰ
1370 5769 1473 5821 τῶν
1506 5767 1779 5834 βασάνων.
1820 5769 1971 5827 Eutr.
2002 5764 2164 5826 rm.
