  <div class='ocr_page' id='page_1' title='image "/cluster/home/n/w/nwhite01/storage/ocr_20150623/115/pst.000005714285/287.png"; bbox 0 0 4188 6310; ppageno 0'>
   <div class='ocr_carea' id='block_1_1' title="bbox 787 341 894 404">
    <p class='ocr_par' dir='ltr' id='par_1_1' title="bbox 787 341 894 404">
     <span class='ocr_line' id='line_1_1' title="bbox 787 341 894 404; baseline 0.028 -3"><span class='ocrx_word' id='word_1_1' title='bbox 787 341 894 404; x_wconf 72' lang='grc' dir='ltr'><strong>4¹ὶ3</strong></span> 
     </span>
    </p>
   </div>
   <div class='ocr_carea' id='block_1_2' title="bbox 2104 336 2716 400">
    <p class='ocr_par' dir='ltr' id='par_1_2' title="bbox 2104 336 2716 400">
     <span class='ocr_line' id='line_1_2' title="bbox 2104 336 2716 400; baseline 0.003 -3"><span class='ocrx_word' id='word_1_2' title='bbox 2104 336 2384 397; x_wconf 79' lang='lat' dir='ltr'><strong>MENSIS</strong></span> <span class='ocrx_word' id='word_1_3' title='bbox 2417 336 2716 400; x_wconf 75' lang='lat' dir='ltr'><strong>IULIUS.</strong></span> 
     </span>
    </p>
   </div>
   <div class='ocr_carea' id='block_1_3' title="bbox 3923 341 4019 401">
    <p class='ocr_par' dir='ltr' id='par_1_3' title="bbox 3923 341 4019 401">
     <span class='ocr_line' id='line_1_3' title="bbox 3923 341 4019 401; baseline -0.01 0"><span class='ocrx_word' id='word_1_4' title='bbox 3923 341 4019 401; x_wconf 69' lang='grc'><strong>424</strong></span> 
     </span>
    </p>
   </div>
   <div class='ocr_carea' id='block_1_4' title="bbox 793 449 2356 520">
    <p class='ocr_par' dir='ltr' id='par_1_4' title="bbox 793 449 2350 520">
     <span class='ocr_line' id='line_1_4' title="bbox 793 449 2350 520; baseline -0.003 -14"><span class='ocrx_word' id='word_1_5' title='bbox 793 463 852 506; x_wconf 80' lang='grc' dir='ltr'>ιιι</span> <span class='ocrx_word' id='word_1_6' title='bbox 913 465 1007 519; x_wconf 84' lang='lat' dir='ltr'><strong>par</strong></span> <span class='ocrx_word' id='word_1_7' title='bbox 1036 458 1173 509; x_wconf 89' lang='lat' dir='ltr'><strong>erat,</strong></span> <span class='ocrx_word' id='word_1_8' title='bbox 1225 449 1392 502; x_wconf 88' lang='lat' dir='ltr'><strong>audes</strong></span> <span class='ocrx_word' id='word_1_9' title='bbox 1451 465 1594 502; x_wconf 74' lang='lat' dir='ltr'><strong>nunc</strong></span> <span class='ocrx_word' id='word_1_10' title='bbox 1627 451 1798 519; x_wconf 88' lang='lat' dir='ltr'><strong>loqui,</strong></span> <span class='ocrx_word' id='word_1_11' title='bbox 1866 452 2077 505; x_wconf 80' lang='lat' dir='ltr'><strong>violaus</strong></span> <span class='ocrx_word' id='word_1_12' title='bbox 2138 451 2350 520; x_wconf 89' lang='lat' dir='ltr'><strong>jussum</strong></span> 
     </span>
    </p>
   </div>
   <div class='ocr_carea' id='block_1_5' title="bbox 2438 449 4025 520">
    <p class='ocr_par' dir='ltr' id='par_1_5' title="bbox 2455 449 4025 519">
     <span class='ocr_line' id='line_1_5' title="bbox 2455 449 4025 519; baseline 0.004 -19"><span class='ocrx_word' id='word_1_13' title='bbox 2455 449 2518 500; x_wconf 88' lang='grc' dir='ltr'>τὰ</span> <span class='ocrx_word' id='word_1_14' title='bbox 2549 451 2948 519; x_wconf 68' lang='grc' dir='ltr'><strong>προστάγματα</strong></span> <span class='ocrx_word' id='word_1_15' title='bbox 2977 450 3086 501; x_wconf 83' lang='grc' dir='ltr'><strong>τῶν</strong></span> <span class='ocrx_word' id='word_1_16' title='bbox 3109 449 3368 518; x_wconf 75' lang='grc' dir='ltr'>βασιλέων</span> <span class='ocrx_word' id='word_1_17' title='bbox 3404 450 3576 505; x_wconf 80' lang='grc' dir='ltr'>Θῦσον</span> <span class='ocrx_word' id='word_1_18' title='bbox 3606 454 3718 516; x_wconf 69' lang='grc' dir='ltr'>τοῖς</span> <span class='ocrx_word' id='word_1_19' title='bbox 3740 453 3909 517; x_wconf 76' lang='grc' dir='ltr'>θεοῖς,</span> <span class='ocrx_word' id='word_1_20' title='bbox 3942 459 4025 507; x_wconf 78' lang='grc' dir='ltr'>καὶ</span> 
     </span>
    </p>
   </div>
   <div class='ocr_carea' id='block_1_6' title="bbox 794 539 2352 611">
    <p class='ocr_par' dir='ltr' id='par_1_6' title="bbox 794 539 2352 611">
     <span class='ocr_line' id='line_1_6' title="bbox 794 539 2352 611; baseline -0.003 -15"><span class='ocrx_word' id='word_1_21' title='bbox 794 540 1219 611; x_wconf 76' lang='lat' dir='ltr'><strong>imperatorum?</strong></span> <span class='ocrx_word' id='word_1_22' title='bbox 1257 539 1385 593; x_wconf 89' lang='lat' dir='ltr'><strong>Liba</strong></span> <span class='ocrx_word' id='word_1_23' title='bbox 1405 555 1533 610; x_wconf 77' lang='lat' dir='ltr'><strong>ergo</strong></span> <span class='ocrx_word' id='word_1_24' title='bbox 1561 542 1683 602; x_wconf 85' lang='lat' dir='ltr'><strong>diis,</strong></span> <span class='ocrx_word' id='word_1_25' title='bbox 1728 552 1780 596; x_wconf 88' lang='lat' dir='ltr'><strong>et</strong></span> <span class='ocrx_word' id='word_1_26' title='bbox 1812 549 1863 596; x_wconf 91' lang='lat' dir='ltr'><strong>te</strong></span> <span class='ocrx_word' id='word_1_27' title='bbox 1920 543 2220 597; x_wconf 82' lang='lat' dir='ltr'><strong>dimittam.</strong></span> <span class='ocrx_word' id='word_1_28' title='bbox 2262 541 2352 593; x_wconf 93' lang='lat' dir='ltr'><strong>Di-</strong></span> 
     </span>
    </p>
   </div>
   <div class='ocr_carea' id='block_1_7' title="bbox 789 634 2354 705">
    <p class='ocr_par' dir='ltr' id='par_1_7' title="bbox 789 634 2354 705">
     <span class='ocr_line' id='line_1_7' title="bbox 789 634 2354 705; baseline -0.003 -14"><span class='ocrx_word' id='word_1_29' title='bbox 789 637 868 691; x_wconf 73' lang='lat' dir='ltr'><strong>xit</strong></span> <span class='ocrx_word' id='word_1_30' title='bbox 900 644 1120 690; x_wconf 89' lang='lat' dir='ltr'><strong>sanctus</strong></span> <span class='ocrx_word' id='word_1_31' title='bbox 1141 635 1292 690; x_wconf 91' lang='lat' dir='ltr'><strong>Plato</strong></span> <span class='ocrx_word' id='word_1_32' title='bbox 1327 634 1422 688; x_wconf 86' lang='lat' dir='ltr'><strong>:Si</strong></span> <span class='ocrx_word' id='word_1_33' title='bbox 1466 650 1585 698; x_wconf 90' lang='lat' dir='ltr'><strong>nos,</strong></span> <span class='ocrx_word' id='word_1_34' title='bbox 1639 637 1728 705; x_wconf 89' lang='lat' dir='ltr'><strong>qui</strong></span> <span class='ocrx_word' id='word_1_35' title='bbox 1763 636 1846 703; x_wconf 90' lang='lat' dir='ltr'><strong>pie</strong></span> <span class='ocrx_word' id='word_1_36' title='bbox 1893 635 2060 689; x_wconf 90' lang='lat' dir='ltr'><strong>Deum</strong></span> <span class='ocrx_word' id='word_1_37' title='bbox 2104 635 2354 694; x_wconf 79' lang='lat' dir='ltr'><strong>colimus,</strong></span> 
     </span>
    </p>
   </div>
   <div class='ocr_carea' id='block_1_8' title="bbox 791 726 2354 798">
    <p class='ocr_par' dir='ltr' id='par_1_8' title="bbox 791 726 2354 798">
     <span class='ocr_line' id='line_1_8' title="bbox 791 726 2354 798; baseline -0.003 -17"><span class='ocrx_word' id='word_1_38' title='bbox 791 728 1066 798; x_wconf 85' lang='lat' dir='ltr'><strong>punimur,</strong></span> <span class='ocrx_word' id='word_1_39' title='bbox 1099 739 1158 782; x_wconf 85' lang='lat' dir='ltr'><strong>ut</strong></span> <span class='ocrx_word' id='word_1_40' title='bbox 1188 728 1281 796; x_wconf 92' lang='lat' dir='ltr'><strong>qui</strong></span> <span class='ocrx_word' id='word_1_41' title='bbox 1313 728 1692 781; x_wconf 79' lang='lat' dir='ltr'><strong>existimemur</strong></span> <span class='ocrx_word' id='word_1_42' title='bbox 1733 728 1901 795; x_wconf 90' lang='lat' dir='ltr'><strong>impii,</strong></span> <span class='ocrx_word' id='word_1_43' title='bbox 1935 743 2030 781; x_wconf 78' lang='lat' dir='ltr'><strong>vos</strong></span> <span class='ocrx_word' id='word_1_44' title='bbox 2064 728 2152 796; x_wconf 86' lang='lat' dir='ltr'><strong>qui</strong></span> <span class='ocrx_word' id='word_1_45' title='bbox 2185 726 2354 779; x_wconf 88' lang='lat' dir='ltr'><strong>Deum</strong></span> 
     </span>
    </p>
   </div>
   <div class='ocr_carea' id='block_1_9' title="bbox 788 822 2356 889">
    <p class='ocr_par' dir='ltr' id='par_1_9' title="bbox 788 822 2356 889">
     <span class='ocr_line' id='line_1_9' title="bbox 788 822 2356 889; baseline -0.001 -14"><span class='ocrx_word' id='word_1_46' title='bbox 788 822 1116 884; x_wconf 74' lang='lat' dir='ltr'><strong>abhorretis,</strong></span> <span class='ocrx_word' id='word_1_47' title='bbox 1174 833 1228 875; x_wconf 92' lang='lat' dir='ltr'><strong>et</strong></span> <span class='ocrx_word' id='word_1_48' title='bbox 1271 837 1495 889; x_wconf 90' lang='lat' dir='ltr'><strong>corpus,</strong></span> <span class='ocrx_word' id='word_1_49' title='bbox 1553 822 1696 889; x_wconf 93' lang='lat' dir='ltr'><strong>quod</strong></span> <span class='ocrx_word' id='word_1_50' title='bbox 1752 832 1836 877; x_wconf 91' lang='lat' dir='ltr'><strong>est</strong></span> <span class='ocrx_word' id='word_1_51' title='bbox 1888 823 2105 885; x_wconf 91' lang='lat' dir='ltr'><strong>iisdem,</strong></span> <span class='ocrx_word' id='word_1_52' title='bbox 2157 822 2356 889; x_wconf 82' lang='lat' dir='ltr'><strong>quibus</strong></span> 
     </span>
    </p>
   </div>
   <div class='ocr_carea' id='block_1_10' title="bbox 785 913 2356 982">
    <p class='ocr_par' dir='ltr' id='par_1_10' title="bbox 785 913 2356 982">
     <span class='ocr_line' id='line_1_10' title="bbox 785 913 2356 982; baseline 0.001 -16"><span class='ocrx_word' id='word_1_53' title='bbox 785 929 905 973; x_wconf 81' lang='lat' dir='ltr'><strong>vos,</strong></span> <span class='ocrx_word' id='word_1_54' title='bbox 938 913 1232 968; x_wconf 82' lang='lat' dir='ltr'><strong>obnoxium</strong></span> <span class='ocrx_word' id='word_1_55' title='bbox 1266 914 1728 982; x_wconf 85' lang='lat' dir='ltr'><strong>perpessionibus,</strong></span> <span class='ocrx_word' id='word_1_56' title='bbox 1766 914 2270 968; x_wconf 85' lang='lat' dir='ltr'><strong>immisericorditer</strong></span> <span class='ocrx_word' id='word_1_57' title='bbox 2303 922 2356 967; x_wconf 90' lang='lat' dir='ltr'><strong>et</strong></span> 
     </span>
    </p>
   </div>
   <div class='ocr_carea' id='block_1_11' title="bbox 787 999 2355 1071">
    <p class='ocr_par' dir='ltr' id='par_1_11' title="bbox 787 999 2355 1071">
     <span class='ocr_line' id='line_1_11' title="bbox 787 999 2355 1071; baseline 0.001 -17"><span class='ocrx_word' id='word_1_58' title='bbox 787 999 1008 1069; x_wconf 81' lang='lat' dir='ltr'><strong>indigne</strong></span> <span class='ocrx_word' id='word_1_59' title='bbox 1033 1001 1238 1055; x_wconf 69' lang='lat' dir='ltr'><strong>cazditis</strong></span> <span class='ocrx_word' id='word_1_60' title='bbox 1268 1019 1280 1055; x_wconf 91' lang='lat'><strong>:</strong></span> <span class='ocrx_word' id='word_1_61' title='bbox 1311 1004 1583 1071; x_wconf 89' lang='lat' dir='ltr'><strong>quomodo</strong></span> <span class='ocrx_word' id='word_1_62' title='bbox 1639 1003 2031 1056; x_wconf 88' lang='lat' dir='ltr'><strong>damnabimini</strong></span> <span class='ocrx_word' id='word_1_63' title='bbox 2088 1003 2142 1057; x_wconf 91' lang='lat' dir='ltr'><strong>in</strong></span> <span class='ocrx_word' id='word_1_64' title='bbox 2205 1003 2355 1071; x_wconf 85' lang='lat' dir='ltr'><strong>justo</strong></span> 
     </span>
    </p>
   </div>
   <div class='ocr_carea' id='block_1_12' title="bbox 788 1087 2350 1161">
    <p class='ocr_par' dir='ltr' id='par_1_12' title="bbox 788 1087 2350 1161">
     <span class='ocr_line' id='line_1_12' title="bbox 788 1087 2350 1161; baseline 0.004 -22"><span class='ocrx_word' id='word_1_65' title='bbox 788 1087 882 1142; x_wconf 90' lang='lat' dir='ltr'><strong>Dei</strong></span> <span class='ocrx_word' id='word_1_66' title='bbox 904 1090 1132 1160; x_wconf 81' lang='lat' dir='ltr'><strong>judicio,</strong></span> <span class='ocrx_word' id='word_1_67' title='bbox 1166 1092 1218 1143; x_wconf 94' lang='lat' dir='ltr'><strong>in</strong></span> <span class='ocrx_word' id='word_1_68' title='bbox 1252 1092 1361 1156; x_wconf 89' lang='lat' dir='ltr'><strong>die,</strong></span> <span class='ocrx_word' id='word_1_69' title='bbox 1401 1092 1453 1144; x_wconf 92' lang='lat' dir='ltr'><strong>in</strong></span> <span class='ocrx_word' id='word_1_70' title='bbox 1489 1107 1592 1160; x_wconf 88' lang='lat' dir='ltr'><strong>qua</strong></span> <span class='ocrx_word' id='word_1_71' title='bbox 1633 1093 1897 1161; x_wconf 90' lang='lat' dir='ltr'><strong>judicabit</strong></span> <span class='ocrx_word' id='word_1_72' title='bbox 1939 1093 2084 1147; x_wconf 87' lang='lat' dir='ltr'><strong>Deus</strong></span> <span class='ocrx_word' id='word_1_73' title='bbox 2139 1093 2350 1147; x_wconf 89' lang='lat' dir='ltr'><strong>occulta</strong></span> 
     </span>
    </p>
   </div>
   <div class='ocr_carea' id='block_1_13' title="bbox 785 1179 2350 1254">
    <p class='ocr_par' dir='ltr' id='par_1_13' title="bbox 785 1179 2350 1254">
     <span class='ocr_line' id='line_1_13' title="bbox 785 1179 2350 1254; baseline 0.003 -20"><span class='ocrx_word' id='word_1_74' title='bbox 785 1179 1069 1236; x_wconf 86' lang='lat' dir='ltr'><strong>hominum</strong></span> <span class='ocrx_word' id='word_1_75' title='bbox 1105 1184 1213 1236; x_wconf 75' lang='lat' dir='ltr'><strong>u&quot;?</strong></span> <span class='ocrx_word' id='word_1_76' title='bbox 1247 1185 1387 1238; x_wconf 74' lang='lat' dir='ltr'><strong>Dixit</strong></span> <span class='ocrx_word' id='word_1_77' title='bbox 1409 1185 1774 1254; x_wconf 83' lang='lat' dir='ltr'><strong>Agrippinus:</strong></span> <span class='ocrx_word' id='word_1_78' title='bbox 1801 1184 1936 1241; x_wconf 89' lang='lat' dir='ltr'><strong>Fero</strong></span> <span class='ocrx_word' id='word_1_79' title='bbox 1959 1195 2010 1240; x_wconf 91' lang='lat' dir='ltr'><strong>te</strong></span> <span class='ocrx_word' id='word_1_80' title='bbox 2042 1186 2350 1254; x_wconf 86' lang='lat' dir='ltr'><strong>loquentem</strong></span> 
     </span>
    </p>
   </div>
   <div class='ocr_carea' id='block_1_14' title="bbox 785 1275 2352 1340">
    <p class='ocr_par' dir='ltr' id='par_1_14' title="bbox 785 1275 2352 1340">
     <span class='ocr_line' id='line_1_14' title="bbox 785 1275 2352 1340; baseline 0.002 -13"><span class='ocrx_word' id='word_1_81' title='bbox 785 1275 1046 1328; x_wconf 74' lang='lat' dir='ltr'><strong>audacter</strong></span> <span class='ocrx_word' id='word_1_82' title='bbox 1099 1284 1153 1328; x_wconf 87' lang='lat' dir='ltr'><strong>et</strong></span> <span class='ocrx_word' id='word_1_83' title='bbox 1211 1277 1570 1331; x_wconf 84' lang='lat' dir='ltr'><strong>conﬁdenter.</strong></span> <span class='ocrx_word' id='word_1_84' title='bbox 1635 1278 1915 1340; x_wconf 78' lang='lat' dir='ltr'><strong>Miserere,</strong></span> <span class='ocrx_word' id='word_1_85' title='bbox 1963 1293 1994 1330; x_wconf 90' lang='grc' dir='ltr'><strong>ο</strong></span> <span class='ocrx_word' id='word_1_86' title='bbox 2029 1277 2352 1331; x_wconf 85' lang='lat' dir='ltr'><strong>charissime</strong></span> 
     </span>
    </p>
   </div>
   <div class='ocr_carea' id='block_1_15' title="bbox 785 1364 2354 1435">
    <p class='ocr_par' dir='ltr' id='par_1_15' title="bbox 785 1364 2354 1435">
     <span class='ocr_line' id='line_1_15' title="bbox 785 1364 2354 1435; baseline 0.002 -17"><span class='ocrx_word' id='word_1_87' title='bbox 785 1364 958 1430; x_wconf 84' lang='lat' dir='ltr'><strong>Plato,</strong></span> <span class='ocrx_word' id='word_1_88' title='bbox 1008 1377 1112 1420; x_wconf 68' lang='lat' dir='ltr'><strong>tute</strong></span> <span class='ocrx_word' id='word_1_89' title='bbox 1170 1368 1412 1423; x_wconf 79' lang='lat' dir='ltr'><strong>ﬂorentis</strong></span> <span class='ocrx_word' id='word_1_90' title='bbox 1465 1369 1669 1435; x_wconf 61' lang='lat' dir='ltr'><strong>astatis;</strong></span> <span class='ocrx_word' id='word_1_91' title='bbox 1717 1371 1819 1423; x_wconf 93' lang='lat' dir='ltr'><strong>hoc</strong></span> <span class='ocrx_word' id='word_1_92' title='bbox 1852 1371 1994 1423; x_wconf 90' lang='lat' dir='ltr'><strong>enim</strong></span> <span class='ocrx_word' id='word_1_93' title='bbox 2053 1369 2147 1422; x_wconf 87' lang='lat' dir='ltr'><strong>tibi</strong></span> <span class='ocrx_word' id='word_1_94' title='bbox 2205 1369 2354 1422; x_wconf 87' lang='lat' dir='ltr'><strong>dedit</strong></span> 
     </span>
    </p>
   </div>
   <div class='ocr_carea' id='block_1_16' title="bbox 785 1444 2352 1530">
    <p class='ocr_par' dir='ltr' id='par_1_16' title="bbox 785 1444 2352 1530">
     <span class='ocr_line' id='line_1_16' title="bbox 785 1444 2352 1530; baseline 0.003 -21"><span class='ocrx_word' id='word_1_95' title='bbox 785 1457 1024 1520; x_wconf 80' lang='lat' dir='ltr'><strong>fortuna,</strong></span> <span class='ocrx_word' id='word_1_96' title='bbox 1060 1474 1178 1527; x_wconf 70' lang='lat' dir='ltr'><strong>qua:</strong></span> <span class='ocrx_word' id='word_1_97' title='bbox 1197 1468 1278 1513; x_wconf 90' lang='lat' dir='ltr'><strong>est</strong></span> <span class='ocrx_word' id='word_1_98' title='bbox 1304 1460 1547 1517; x_wconf 80' lang='lat' dir='ltr'><strong>eiusdem</strong></span> <span class='ocrx_word' id='word_1_99' title='bbox 1575 1444 1812 1514; x_wconf 86' lang='lat' dir='ltr'><strong>nominis</strong></span> <span class='ocrx_word' id='word_1_100' title='bbox 1843 1479 1856 1526; x_wconf 92' lang='lat'>;</span> <span class='ocrx_word' id='word_1_101' title='bbox 1885 1461 2090 1530; x_wconf 89' lang='lat' dir='ltr'><strong>aspicio</strong></span> <span class='ocrx_word' id='word_1_102' title='bbox 2120 1460 2264 1515; x_wconf 86' lang='lat' dir='ltr'><strong>enim</strong></span> <span class='ocrx_word' id='word_1_103' title='bbox 2301 1468 2352 1514; x_wconf 89' lang='lat' dir='ltr'><strong>te</strong></span> 
     </span>
    </p>
   </div>
   <div class='ocr_carea' id='block_1_17' title="bbox 785 1550 2352 1621">
    <p class='ocr_par' dir='ltr' id='par_1_17' title="bbox 785 1550 2352 1621">
     <span class='ocr_line' id='line_1_17' title="bbox 785 1550 2352 1621; baseline 0.003 -20"><span class='ocrx_word' id='word_1_104' title='bbox 785 1550 942 1602; x_wconf 86' lang='lat' dir='ltr'><strong>talem</strong></span> <span class='ocrx_word' id='word_1_105' title='bbox 976 1565 1096 1603; x_wconf 89' lang='lat' dir='ltr'><strong>esse</strong></span> <span class='ocrx_word' id='word_1_106' title='bbox 1146 1550 1408 1615; x_wconf 84' lang='lat' dir='ltr'><strong>futurum,</strong></span> <span class='ocrx_word' id='word_1_107' title='bbox 1440 1554 1616 1620; x_wconf 88' lang='lat' dir='ltr'><strong>qualis</strong></span> <span class='ocrx_word' id='word_1_108' title='bbox 1664 1554 1752 1607; x_wconf 92' lang='lat' dir='ltr'><strong>ille</strong></span> <span class='ocrx_word' id='word_1_109' title='bbox 1787 1553 1888 1606; x_wconf 92' lang='lat' dir='ltr'><strong>fuit</strong></span> <span class='ocrx_word' id='word_1_110' title='bbox 1917 1551 2352 1621; x_wconf 81' lang='lat' dir='ltr'><strong>sapientissimus</strong></span> 
     </span>
    </p>
   </div>
   <div class='ocr_carea' id='block_1_18' title="bbox 785 1641 2347 1712">
    <p class='ocr_par' dir='ltr' id='par_1_18' title="bbox 785 1641 2347 1712">
     <span class='ocr_line' id='line_1_18' title="bbox 785 1641 2347 1712; baseline -0.003 -14"><span class='ocrx_word' id='word_1_111' title='bbox 785 1645 957 1700; x_wconf 87' lang='lat' dir='ltr'><strong>Plato.</strong></span> <span class='ocrx_word' id='word_1_112' title='bbox 1020 1646 1152 1699; x_wconf 81' lang='lat' dir='ltr'><strong>Nam</strong></span> <span class='ocrx_word' id='word_1_113' title='bbox 1215 1663 1337 1701; x_wconf 91' lang='lat' dir='ltr'><strong>cum</strong></span> <span class='ocrx_word' id='word_1_114' title='bbox 1402 1649 1595 1699; x_wconf 80' lang='lat' dir='ltr'><strong>fuisset</strong></span> <span class='ocrx_word' id='word_1_115' title='bbox 1655 1646 1911 1712; x_wconf 90' lang='lat' dir='ltr'><strong>princeps</strong></span> <span class='ocrx_word' id='word_1_116' title='bbox 1973 1641 2347 1710; x_wconf 71' lang='lat' dir='ltr'><strong>philosophiae,</strong></span> 
     </span>
    </p>
   </div>
   <div class='ocr_carea' id='block_1_19' title="bbox 2459 537 4028 614">
    <p class='ocr_par' dir='ltr' id='par_1_19' title="bbox 2459 537 4028 614">
     <span class='ocr_line' id='line_1_19' title="bbox 2459 537 4028 614; baseline 0.004 -23"><span class='ocrx_word' id='word_1_117' title='bbox 2459 541 2675 592; x_wconf 75' lang='grc' dir='ltr'>ἀπολύω</span> <span class='ocrx_word' id='word_1_118' title='bbox 2707 559 2784 593; x_wconf 81' lang='grc' dir='ltr'>σε.</span> <span class='ocrx_word' id='word_1_119' title='bbox 2827 541 2886 600; x_wconf 84' lang='lat'><strong>&#39;0</strong></span> <span class='ocrx_word' id='word_1_120' title='bbox 2915 540 3067 607; x_wconf 74' lang='grc' dir='ltr'>ἅγιος</span> <span class='ocrx_word' id='word_1_121' title='bbox 3101 541 3320 592; x_wconf 79' lang='grc' dir='ltr'><strong>Πλάτων</strong></span> <span class='ocrx_word' id='word_1_122' title='bbox 3352 537 3502 594; x_wconf 75' lang='grc' dir='ltr'>εἶπεν</span> <span class='ocrx_word' id='word_1_123' title='bbox 3523 560 3535 573; x_wconf 91' lang='grc'>·</span> <span class='ocrx_word' id='word_1_124' title='bbox 3558 544 3631 614; x_wconf 18' lang='grc' dir='ltr'><strong>Ἐἰ</strong></span> <span class='ocrx_word' id='word_1_125' title='bbox 3657 547 3825 612; x_wconf 80' lang='grc' dir='ltr'>ἡμεῖς</span> <span class='ocrx_word' id='word_1_126' title='bbox 3854 544 4028 601; x_wconf 76' lang='lat' dir='ltr'><strong>Occas-</strong></span> 
     </span>
    </p>
   </div>
   <div class='ocr_carea' id='block_1_20' title="bbox 2459 629 4023 702">
    <p class='ocr_par' dir='ltr' id='par_1_20' title="bbox 2459 629 4023 702">
     <span class='ocr_line' id='line_1_20' title="bbox 2459 629 4023 702; baseline 0.003 -20"><span class='ocrx_word' id='word_1_127' title='bbox 2459 629 2677 694; x_wconf 76' lang='grc' dir='ltr'>εοῦντες</span> <span class='ocrx_word' id='word_1_128' title='bbox 2719 633 2920 684; x_wconf 71' lang='grc' dir='ltr'>ἀνόσιοι</span> <span class='ocrx_word' id='word_1_129' title='bbox 2963 632 3347 702; x_wconf 81' lang='grc' dir='ltr'>ὑπονοούμενοι</span> <span class='ocrx_word' id='word_1_130' title='bbox 3392 634 3748 701; x_wconf 73' lang='grc' dir='ltr'>κολαζόμεοα,</span> <span class='ocrx_word' id='word_1_131' title='bbox 3785 637 3903 697; x_wconf 87' lang='grc' dir='ltr'><strong>πῶς</strong></span> <span class='ocrx_word' id='word_1_132' title='bbox 3949 654 4023 688; x_wconf 66' lang='grc' dir='ltr'><strong>σοι</strong></span> 
     </span>
    </p>
   </div>
   <div class='ocr_carea' id='block_1_21' title="bbox 2458 722 4022 796">
    <p class='ocr_par' dir='ltr' id='par_1_21' title="bbox 2458 722 4022 796">
     <span class='ocr_line' id='line_1_21' title="bbox 2458 722 4022 796; baseline 0.003 -24"><span class='ocrx_word' id='word_1_133' title='bbox 2458 723 2918 792; x_wconf 66' lang='grc' dir='ltr'><strong>καταδικασθῆναι</strong></span> <span class='ocrx_word' id='word_1_134' title='bbox 2954 722 3039 796; x_wconf 76' lang='grc' dir='ltr'><strong>οἴῃ</strong></span> <span class='ocrx_word' id='word_1_135' title='bbox 3074 725 3128 776; x_wconf 79' lang='grc' dir='ltr'>ὲν</span> <span class='ocrx_word' id='word_1_136' title='bbox 3159 726 3223 792; x_wconf 79' lang='grc' dir='ltr'>τῇ</span> <span class='ocrx_word' id='word_1_137' title='bbox 3262 724 3628 796; x_wconf 79' lang='grc' dir='ltr'>δικαιοκρισίᾳ</span> <span class='ocrx_word' id='word_1_138' title='bbox 3668 726 3764 777; x_wconf 77' lang='grc' dir='ltr'>τοῦ</span> <span class='ocrx_word' id='word_1_139' title='bbox 3797 727 3931 780; x_wconf 77' lang='grc' dir='ltr'><strong>Θιοῦ</strong></span> <span class='ocrx_word' id='word_1_140' title='bbox 3968 728 4022 777; x_wconf 76' lang='grc' dir='ltr'>ὲν</span> 
     </span>
    </p>
   </div>
   <div class='ocr_carea' id='block_1_22' title="bbox 2461 810 4024 887">
    <p class='ocr_par' dir='ltr' id='par_1_22' title="bbox 2461 810 4024 887">
     <span class='ocr_line' id='line_1_22' title="bbox 2461 810 4024 887; baseline 0.004 -23"><span class='ocrx_word' id='word_1_141' title='bbox 2461 817 2519 881; x_wconf 79' lang='grc' dir='ltr'>τῇ</span> <span class='ocrx_word' id='word_1_142' title='bbox 2555 816 2757 883; x_wconf 76' lang='grc' dir='ltr'>ἡμέρᾳ,</span> <span class='ocrx_word' id='word_1_143' title='bbox 2785 819 2839 867; x_wconf 82' lang='grc' dir='ltr'>ἐν</span> <span class='ocrx_word' id='word_1_144' title='bbox 2939 819 3114 886; x_wconf 75' lang='grc' dir='ltr'>κρινεῖ</span> <span class='ocrx_word' id='word_1_145' title='bbox 3141 815 3168 867; x_wconf 81' lang='grc' dir='ltr'><strong>ὁ</strong></span> <span class='ocrx_word' id='word_1_146' title='bbox 3204 816 3333 878; x_wconf 82' lang='grc' dir='ltr'>Θεὸς</span> <span class='ocrx_word' id='word_1_147' title='bbox 3359 819 3426 869; x_wconf 69' lang='grc' dir='ltr'>τὰ</span> <span class='ocrx_word' id='word_1_148' title='bbox 3451 821 3667 887; x_wconf 76' lang='grc' dir='ltr'>κρυπτά</span> <span class='ocrx_word' id='word_1_149' title='bbox 3691 819 3802 870; x_wconf 90' lang='grc' dir='ltr'><strong>τῶν</strong></span> <span class='ocrx_word' id='word_1_150' title='bbox 3826 819 4024 887; x_wconf 60' lang='lat' dir='ltr'><strong>direpti»</strong></span> 
     </span>
    </p>
   </div>
   <div class='ocr_carea' id='block_1_23' title="bbox 2458 906 4021 979">
    <p class='ocr_par' dir='ltr' id='par_1_23' title="bbox 2458 906 4021 979">
     <span class='ocr_line' id='line_1_23' title="bbox 2458 906 4021 979; baseline 0.004 -24"><span class='ocrx_word' id='word_1_151' title='bbox 2458 921 2612 969; x_wconf 84' lang='grc' dir='ltr'>πων;</span> <span class='ocrx_word' id='word_1_152' title='bbox 2663 906 3016 974; x_wconf 85' lang='grc' dir='ltr'>Ἀγριππῖνος</span> <span class='ocrx_word' id='word_1_153' title='bbox 3056 907 3156 976; x_wconf 75' lang='grc' dir='ltr'>ἔφη</span> <span class='ocrx_word' id='word_1_154' title='bbox 3183 922 3198 938; x_wconf 78' lang='grc' dir='ltr'><strong>ο</strong></span> <span class='ocrx_word' id='word_1_155' title='bbox 3249 909 3537 977; x_wconf 79' lang='grc' dir='ltr'>’Λνέχομαί</span> <span class='ocrx_word' id='word_1_156' title='bbox 3577 927 3673 962; x_wconf 87' lang='grc' dir='ltr'><strong>σου</strong></span> <span class='ocrx_word' id='word_1_157' title='bbox 3715 911 4021 979; x_wconf 70' lang='grc' dir='ltr'>παρρησιαο</span> 
     </span>
    </p>
   </div>
   <div class='ocr_carea' id='block_1_24' title="bbox 2458 995 4023 1070">
    <p class='ocr_par' dir='ltr' id='par_1_24' title="bbox 2458 995 4023 1070">
     <span class='ocr_line' id='line_1_24' title="bbox 2458 995 4023 1070; baseline 0.003 -25"><span class='ocrx_word' id='word_1_158' title='bbox 2458 995 2706 1064; x_wconf 81' lang='grc' dir='ltr'>ζομένου,</span> <span class='ocrx_word' id='word_1_159' title='bbox 2741 997 3026 1067; x_wconf 70' lang='grc' dir='ltr'>οἰκτείρων</span> <span class='ocrx_word' id='word_1_160' title='bbox 3049 1014 3141 1048; x_wconf 89' lang='grc' dir='ltr'><strong>σου</strong></span> <span class='ocrx_word' id='word_1_161' title='bbox 3168 1001 3266 1066; x_wconf 77' lang='grc' dir='ltr'>τῆς</span> <span class='ocrx_word' id='word_1_162' title='bbox 3295 998 3509 1068; x_wconf 73' lang='grc' dir='ltr'>ἡλικίας</span> <span class='ocrx_word' id='word_1_163' title='bbox 3541 1001 3682 1060; x_wconf 79' lang='grc' dir='ltr'>νέον,</span> <span class='ocrx_word' id='word_1_164' title='bbox 3711 999 3779 1050; x_wconf 84' lang='grc' dir='ltr'>δι’</span> <span class='ocrx_word' id='word_1_165' title='bbox 3814 1002 3881 1070; x_wconf 83' lang='grc' dir='ltr'>ἣν</span> <span class='ocrx_word' id='word_1_166' title='bbox 3907 1002 4023 1067; x_wconf 73' lang='grc' dir='ltr'>ἐχα-</span> 
     </span>
    </p>
   </div>
   <div class='ocr_carea' id='block_1_25' title="bbox 2468 1088 4021 1161">
    <p class='ocr_par' dir='ltr' id='par_1_25' title="bbox 2468 1088 4021 1161">
     <span class='ocr_line' id='line_1_25' title="bbox 2468 1088 4021 1161; baseline 0.004 -24"><span class='ocrx_word' id='word_1_167' title='bbox 2468 1089 2651 1156; x_wconf 84' lang='grc' dir='ltr'>ρίσατό</span> <span class='ocrx_word' id='word_1_168' title='bbox 2688 1105 2768 1141; x_wconf 90' lang='grc' dir='ltr'><strong>σοι</strong></span> <span class='ocrx_word' id='word_1_169' title='bbox 2803 1088 3122 1157; x_wconf 71' lang='grc' dir='ltr'><strong>ὁμωνυμίαν</strong></span> <span class='ocrx_word' id='word_1_170' title='bbox 3154 1090 3184 1157; x_wconf 70' lang='grc' dir='ltr'><strong>ἡ</strong></span> <span class='ocrx_word' id='word_1_171' title='bbox 3215 1089 3348 1161; x_wconf 83' lang='grc' dir='ltr'><strong>τύχη</strong></span> <span class='ocrx_word' id='word_1_172' title='bbox 3375 1104 3387 1121; x_wconf 77' lang='grc' dir='ltr'><strong>ο</strong></span> <span class='ocrx_word' id='word_1_173' title='bbox 3419 1093 3510 1142; x_wconf 76' lang='grc' dir='ltr'><strong>καὶ</strong></span> <span class='ocrx_word' id='word_1_174' title='bbox 3540 1094 3646 1161; x_wconf 72' lang='grc' dir='ltr'><strong>γάρ</strong></span> <span class='ocrx_word' id='word_1_175' title='bbox 3677 1091 3922 1144; x_wconf 68' lang='grc' dir='ltr'>τοιοῦτόν</span> <span class='ocrx_word' id='word_1_176' title='bbox 3973 1109 4021 1143; x_wconf 73' lang='grc' dir='ltr'><strong>σε</strong></span> 
     </span>
    </p>
   </div>
   <div class='ocr_carea' id='block_1_26' title="bbox 2456 1178 4023 1250">
    <p class='ocr_par' dir='ltr' id='par_1_26' title="bbox 2456 1178 4023 1250">
     <span class='ocr_line' id='line_1_26' title="bbox 2456 1178 4023 1250; baseline 0.002 -18"><span class='ocrx_word' id='word_1_177' title='bbox 2456 1180 2673 1233; x_wconf 73' lang='grc' dir='ltr'>ἔσεσθαι</span> <span class='ocrx_word' id='word_1_178' title='bbox 2708 1180 3012 1250; x_wconf 83' lang='grc' dir='ltr'><strong>προσδοκῶ,</strong></span> <span class='ocrx_word' id='word_1_179' title='bbox 3052 1178 3162 1245; x_wconf 75' lang='grc' dir='ltr'>οἷος</span> <span class='ocrx_word' id='word_1_180' title='bbox 3200 1185 3405 1244; x_wconf 83' lang='grc' dir='ltr'>ἐκεῖνος</span> <span class='ocrx_word' id='word_1_181' title='bbox 3443 1186 3469 1234; x_wconf 88' lang='grc' dir='ltr'>ὁ</span> <span class='ocrx_word' id='word_1_182' title='bbox 3506 1185 3731 1236; x_wconf 74' lang='grc' dir='ltr'>Πλάτων</span> <span class='ocrx_word' id='word_1_183' title='bbox 3757 1200 3772 1212; x_wconf 74' lang='grc' dir='ltr'><strong>ο</strong></span> <span class='ocrx_word' id='word_1_184' title='bbox 3820 1183 4023 1250; x_wconf 78' lang='grc' dir='ltr'>φιλοσο-</span> 
     </span>
    </p>
   </div>
   <div class='ocr_carea' id='block_1_27' title="bbox 2459 1272 4024 1342">
    <p class='ocr_par' dir='ltr' id='par_1_27' title="bbox 2459 1272 4024 1342">
     <span class='ocr_line' id='line_1_27' title="bbox 2459 1272 4024 1342; baseline 0.001 -18"><span class='ocrx_word' id='word_1_185' title='bbox 2459 1272 2587 1340; x_wconf 87' lang='grc' dir='ltr'>φίας</span> <span class='ocrx_word' id='word_1_186' title='bbox 2607 1273 2712 1342; x_wconf 77' lang='grc' dir='ltr'><strong>γάρ</strong></span> <span class='ocrx_word' id='word_1_187' title='bbox 2739 1273 2978 1341; x_wconf 79' lang='grc' dir='ltr'>ἀρχηγὸς</span> <span class='ocrx_word' id='word_1_188' title='bbox 3001 1273 3258 1340; x_wconf 87' lang='grc' dir='ltr'>γεγονὼς,</span> <span class='ocrx_word' id='word_1_189' title='bbox 3285 1273 3351 1326; x_wconf 75' lang='grc' dir='ltr'><strong>τὰ</strong></span> <span class='ocrx_word' id='word_1_190' title='bbox 3369 1275 3476 1327; x_wconf 85' lang='grc' dir='ltr'><strong>τῶν</strong></span> <span class='ocrx_word' id='word_1_191' title='bbox 3502 1275 3636 1327; x_wconf 84' lang='grc' dir='ltr'>Θεῶν</span> <span class='ocrx_word' id='word_1_192' title='bbox 3662 1278 4024 1341; x_wconf 74' lang='grc' dir='ltr'><strong>συνεστήσατο</strong></span> 
     </span>
    </p>
   </div>
   <div class='ocr_carea' id='block_1_28' title="bbox 2456 1364 4023 1437">
    <p class='ocr_par' dir='ltr' id='par_1_28' title="bbox 2456 1364 4023 1437">
     <span class='ocr_line' id='line_1_28' title="bbox 2456 1364 4023 1437; baseline 0 -21"><span class='ocrx_word' id='word_1_193' title='bbox 2456 1364 2699 1432; x_wconf 72' lang='grc' dir='ltr'>δόγματα</span> <span class='ocrx_word' id='word_1_194' title='bbox 2724 1404 2738 1428; x_wconf 92' lang='grc'><strong>,</strong></span> <span class='ocrx_word' id='word_1_195' title='bbox 2772 1366 2850 1417; x_wconf 85' lang='grc' dir='ltr'>διὸ</span> <span class='ocrx_word' id='word_1_196' title='bbox 2884 1366 2977 1418; x_wconf 78' lang='grc' dir='ltr'>καὶ</span> <span class='ocrx_word' id='word_1_197' title='bbox 3012 1367 3170 1434; x_wconf 82' lang='grc' dir='ltr'>λόγου</span> <span class='ocrx_word' id='word_1_198' title='bbox 3212 1365 3408 1419; x_wconf 87' lang='grc' dir='ltr'>πολλοῦ</span> <span class='ocrx_word' id='word_1_199' title='bbox 3449 1368 3781 1437; x_wconf 87' lang='grc' dir='ltr'>μεταδίδωμί</span> <span class='ocrx_word' id='word_1_200' title='bbox 3819 1385 3903 1420; x_wconf 87' lang='grc' dir='ltr'><strong>σοι</strong></span> <span class='ocrx_word' id='word_1_201' title='bbox 3939 1370 4023 1418; x_wconf 72' lang='grc' dir='ltr'><strong>καὶ</strong></span> 
     </span>
    </p>
   </div>
   <div class='ocr_carea' id='block_1_29' title="bbox 2457 1457 4023 1528">
    <p class='ocr_par' dir='ltr' id='par_1_29' title="bbox 2457 1457 4023 1528">
     <span class='ocr_line' id='line_1_29' title="bbox 2457 1457 4023 1528; baseline 0 -20"><span class='ocrx_word' id='word_1_202' title='bbox 2457 1457 2662 1509; x_wconf 79' lang='grc' dir='ltr'>εὐνοεῖν</span> <span class='ocrx_word' id='word_1_203' title='bbox 2705 1474 2763 1509; x_wconf 84' lang='grc' dir='ltr'><strong>σε</strong></span> <span class='ocrx_word' id='word_1_204' title='bbox 2795 1459 2888 1510; x_wconf 77' lang='grc' dir='ltr'><strong>ἐπὶ</strong></span> <span class='ocrx_word' id='word_1_205' title='bbox 2921 1461 3031 1521; x_wconf 79' lang='grc' dir='ltr'>τοῖς</span> <span class='ocrx_word' id='word_1_206' title='bbox 3061 1461 3202 1522; x_wconf 85' lang='grc' dir='ltr'>θεοῖς</span> <span class='ocrx_word' id='word_1_207' title='bbox 3233 1459 3586 1528; x_wconf 77' lang='grc' dir='ltr'>συμϐουλεύω</span> <span class='ocrx_word' id='word_1_208' title='bbox 3617 1461 3708 1512; x_wconf 68' lang='grc' dir='ltr'><strong>καὶ</strong></span> <span class='ocrx_word' id='word_1_209' title='bbox 3743 1460 4023 1512; x_wconf 68' lang='grc' dir='ltr'>ἀνελέσθαι</span> 
     </span>
    </p>
   </div>
   <div class='ocr_carea' id='block_1_30' title="bbox 2458 1546 4022 1619">
    <p class='ocr_par' dir='ltr' id='par_1_30' title="bbox 2458 1546 4022 1619">
     <span class='ocr_line' id='line_1_30' title="bbox 2458 1546 4022 1619; baseline 0.001 -21"><span class='ocrx_word' id='word_1_210' title='bbox 2458 1563 2516 1598; x_wconf 86' lang='grc' dir='ltr'><strong>σε</strong></span> <span class='ocrx_word' id='word_1_211' title='bbox 2543 1546 2634 1609; x_wconf 75' lang='grc' dir='ltr'>τὸν</span> <span class='ocrx_word' id='word_1_212' title='bbox 2666 1547 2849 1614; x_wconf 79' lang='grc' dir='ltr'>νόμον,</span> <span class='ocrx_word' id='word_1_213' title='bbox 2882 1547 2940 1598; x_wconf 86' lang='grc' dir='ltr'>ὃν</span> <span class='ocrx_word' id='word_1_214' title='bbox 2975 1549 3022 1599; x_wconf 85' lang='grc' dir='ltr'>οἱ</span> <span class='ocrx_word' id='word_1_215' title='bbox 3059 1549 3459 1618; x_wconf 73' lang='grc' dir='ltr'>αὐτοκράτορες</span> <span class='ocrx_word' id='word_1_216' title='bbox 3489 1549 3700 1601; x_wconf 73' lang='grc' dir='ltr'>ἔθεντοο</span> <span class='ocrx_word' id='word_1_217' title='bbox 3735 1549 4022 1619; x_wconf 78' lang='grc' dir='ltr'>πεισθῆναι</span> 
     </span>
    </p>
   </div>
   <div class='ocr_carea' id='block_1_31' title="bbox 2458 1640 4022 1713">
    <p class='ocr_par' dir='ltr' id='par_1_31' title="bbox 2458 1640 4022 1713">
     <span class='ocr_line' id='line_1_31' title="bbox 2458 1640 4022 1713; baseline 0.001 -21"><span class='ocrx_word' id='word_1_218' title='bbox 2458 1640 2512 1692; x_wconf 67' lang='grc' dir='ltr'>δὲ</span> <span class='ocrx_word' id='word_1_219' title='bbox 2551 1641 2643 1693; x_wconf 84' lang='grc' dir='ltr'><strong>καὶ</strong></span> <span class='ocrx_word' id='word_1_220' title='bbox 2673 1643 2791 1703; x_wconf 87' lang='grc' dir='ltr'>ταῖς</span> <span class='ocrx_word' id='word_1_221' title='bbox 2823 1642 2983 1709; x_wconf 82' lang='grc' dir='ltr'><strong>ὲμαῖς</strong></span> <span class='ocrx_word' id='word_1_222' title='bbox 3016 1643 3420 1711; x_wconf 79' lang='grc' dir='ltr'>παραινέσεσιν.</span> <span class='ocrx_word' id='word_1_223' title='bbox 3456 1644 3517 1695; x_wconf 81' lang='lat' dir='ltr'><strong>Ei</strong></span> <span class='ocrx_word' id='word_1_224' title='bbox 3547 1645 3602 1696; x_wconf 83' lang='grc' dir='ltr'>δὲ</span> <span class='ocrx_word' id='word_1_225' title='bbox 3643 1642 3717 1713; x_wconf 80' lang='grc' dir='ltr'><strong>μὴ</strong></span> <span class='ocrx_word' id='word_1_226' title='bbox 3747 1643 4022 1712; x_wconf 74' lang='grc' dir='ltr'>πεισθεὶς,</span> 
     </span>
    </p>
   </div>
   <div class='ocr_carea' id='block_1_32' title="bbox 783 1731 2356 1835">
    <p class='ocr_par' dir='ltr' id='par_1_32' title="bbox 783 1733 2343 1808">
     <span class='ocr_line' id='line_1_32' title="bbox 783 1733 2343 1808; baseline -0.002 -19"><span class='ocrx_word' id='word_1_227' title='bbox 783 1736 1008 1790; x_wconf 88' lang='lat' dir='ltr'><strong>deorum</strong></span> <span class='ocrx_word' id='word_1_228' title='bbox 1059 1739 1311 1808; x_wconf 80' lang='lat' dir='ltr'><strong>dogmata</strong></span> <span class='ocrx_word' id='word_1_229' title='bbox 1343 1738 1649 1792; x_wconf 86' lang='lat' dir='ltr'><strong>constituit.</strong></span> <span class='ocrx_word' id='word_1_230' title='bbox 1700 1735 2067 1800; x_wconf 84' lang='lat' dir='ltr'><strong>Quamobrem</strong></span> <span class='ocrx_word' id='word_1_231' title='bbox 2109 1733 2343 1801; x_wconf 86' lang='lat' dir='ltr'><strong>benigne</strong></span> 
     </span>
    </p>
   </div>
   <div class='ocr_carea' id='block_1_33' title="bbox 2438 1731 4022 1835">
    <p class='ocr_par' dir='ltr' id='par_1_33' title="bbox 2454 1731 4022 1802">
     <span class='ocr_line' id='line_1_33' title="bbox 2454 1731 4022 1802; baseline 0.001 -20"><span class='ocrx_word' id='word_1_232' title='bbox 2454 1731 2685 1798; x_wconf 85' lang='grc' dir='ltr'>γίνωσκε</span> <span class='ocrx_word' id='word_1_233' title='bbox 2722 1733 2803 1785; x_wconf 85' lang='grc' dir='ltr'><strong>ὅτι</strong></span> <span class='ocrx_word' id='word_1_234' title='bbox 2838 1734 3144 1800; x_wconf 80' lang='grc' dir='ltr'><strong>ἀναγκάσαι</strong></span> <span class='ocrx_word' id='word_1_235' title='bbox 3187 1750 3243 1784; x_wconf 89' lang='grc' dir='ltr'><strong>σε</strong></span> <span class='ocrx_word' id='word_1_236' title='bbox 3273 1733 3379 1801; x_wconf 78' lang='grc' dir='ltr'>ἔχω</span> <span class='ocrx_word' id='word_1_237' title='bbox 3410 1734 3685 1802; x_wconf 78' lang='grc' dir='ltr'>διαφόροις</span> <span class='ocrx_word' id='word_1_238' title='bbox 3722 1737 3820 1786; x_wconf 63' lang='grc' dir='ltr'>καὶ.</span> <span class='ocrx_word' id='word_1_239' title='bbox 3871 1750 4022 1801; x_wconf 83' lang='grc' dir='ltr'>στρε-</span> 
     </span>
    </p>
   </div>
   <div class='ocr_carea' id='block_1_34' title="bbox 785 1824 2321 1896">
    <p class='ocr_par' dir='ltr' id='par_1_34' title="bbox 785 1824 2321 1896">
     <span class='ocr_line' id='line_1_34' title="bbox 785 1824 2321 1896; baseline -0.001 -19"><span class='ocrx_word' id='word_1_240' title='bbox 785 1835 962 1879; x_wconf 88' lang='lat' dir='ltr'><strong>tecum</strong></span> <span class='ocrx_word' id='word_1_241' title='bbox 994 1829 1199 1895; x_wconf 81' lang='lat' dir='ltr'><strong>loquor,</strong></span> <span class='ocrx_word' id='word_1_242' title='bbox 1225 1837 1277 1882; x_wconf 90' lang='lat' dir='ltr'><strong>et</strong></span> <span class='ocrx_word' id='word_1_243' title='bbox 1303 1830 1527 1883; x_wconf 89' lang='lat' dir='ltr'><strong>consulo</strong></span> <span class='ocrx_word' id='word_1_244' title='bbox 1555 1836 1613 1882; x_wconf 91' lang='lat' dir='ltr'><strong>ut</strong></span> <span class='ocrx_word' id='word_1_245' title='bbox 1639 1827 1713 1881; x_wconf 89' lang='lat' dir='ltr'><strong>sis</strong></span> <span class='ocrx_word' id='word_1_246' title='bbox 1750 1827 2015 1896; x_wconf 76' lang='lat' dir='ltr'><strong>benignus</strong></span> <span class='ocrx_word' id='word_1_247' title='bbox 2048 1824 2100 1876; x_wconf 91' lang='lat' dir='ltr'><strong>in</strong></span> <span class='ocrx_word' id='word_1_248' title='bbox 2137 1824 2268 1877; x_wconf 90' lang='lat' dir='ltr'><strong>deos</strong></span> <span class='ocrx_word' id='word_1_249' title='bbox 2310 1840 2321 1875; x_wconf 92' lang='lat'><strong>:</strong></span> 
     </span>
    </p>
   </div>
   <div class='ocr_carea' id='block_1_35' title="bbox 781 1917 2341 1991">
    <p class='ocr_par' dir='ltr' id='par_1_35' title="bbox 781 1917 2341 1991">
     <span class='ocr_line' id='line_1_35' title="bbox 781 1917 2341 1991; baseline 0.001 -23"><span class='ocrx_word' id='word_1_250' title='bbox 781 1925 834 1969; x_wconf 89' lang='lat' dir='ltr'><strong>et</strong></span> <span class='ocrx_word' id='word_1_251' title='bbox 859 1918 1001 1988; x_wconf 79' lang='lat' dir='ltr'><strong>leges</strong></span> <span class='ocrx_word' id='word_1_252' title='bbox 1037 1921 1322 1990; x_wconf 76' lang='lat' dir='ltr'><strong>suscipias,</strong></span> <span class='ocrx_word' id='word_1_253' title='bbox 1349 1937 1484 1991; x_wconf 86' lang='lat' dir='ltr'><strong>quas</strong></span> <span class='ocrx_word' id='word_1_254' title='bbox 1516 1921 1617 1989; x_wconf 89' lang='lat' dir='ltr'><strong>ipsi</strong></span> <span class='ocrx_word' id='word_1_255' title='bbox 1672 1919 1915 1972; x_wconf 91' lang='lat' dir='ltr'><strong>tulerunt</strong></span> <span class='ocrx_word' id='word_1_256' title='bbox 1966 1917 2341 1986; x_wconf 87' lang='lat' dir='ltr'><strong>imperatores,</strong></span> 
     </span>
    </p>
   </div>
   <div class='ocr_carea' id='block_1_36' title="bbox 779 2011 2342 2081">
    <p class='ocr_par' dir='ltr' id='par_1_36' title="bbox 779 2011 2342 2081">
     <span class='ocr_line' id='line_1_36' title="bbox 779 2011 2342 2081; baseline -0.003 -18"><span class='ocrx_word' id='word_1_257' title='bbox 779 2017 834 2060; x_wconf 82' lang='lat' dir='ltr'><strong>et</strong></span> <span class='ocrx_word' id='word_1_258' title='bbox 863 2011 998 2066; x_wconf 87' lang='lat' dir='ltr'><strong>meis</strong></span> <span class='ocrx_word' id='word_1_259' title='bbox 1038 2028 1230 2081; x_wconf 86' lang='lat' dir='ltr'><strong>pareas</strong></span> <span class='ocrx_word' id='word_1_260' title='bbox 1261 2011 1822 2068; x_wconf 82' lang='lat' dir='ltr'><strong>admonitionibus.Si</strong></span> <span class='ocrx_word' id='word_1_261' title='bbox 1859 2011 1988 2065; x_wconf 91' lang='lat' dir='ltr'><strong>mihi</strong></span> <span class='ocrx_word' id='word_1_262' title='bbox 2025 2020 2201 2063; x_wconf 87' lang='lat' dir='ltr'><strong>autem</strong></span> <span class='ocrx_word' id='word_1_263' title='bbox 2237 2023 2342 2060; x_wconf 91' lang='lat' dir='ltr'><strong>non</strong></span> 
     </span>
    </p>
   </div>
   <div class='ocr_carea' id='block_1_37' title="bbox 788 2097 2346 2170">
    <p class='ocr_par' dir='ltr' id='par_1_37' title="bbox 788 2097 2346 2170">
     <span class='ocr_line' id='line_1_37' title="bbox 788 2097 2346 2170; baseline 0.001 -22"><span class='ocrx_word' id='word_1_264' title='bbox 788 2100 1061 2164; x_wconf 84' lang='lat' dir='ltr'><strong>parueris,</strong></span> <span class='ocrx_word' id='word_1_265' title='bbox 1095 2103 1234 2155; x_wconf 90' lang='lat' dir='ltr'><strong>scias</strong></span> <span class='ocrx_word' id='word_1_266' title='bbox 1256 2112 1462 2170; x_wconf 87' lang='lat' dir='ltr'><strong>aperte,</strong></span> <span class='ocrx_word' id='word_1_267' title='bbox 1500 2103 1615 2156; x_wconf 88' lang='lat' dir='ltr'><strong>fore</strong></span> <span class='ocrx_word' id='word_1_268' title='bbox 1660 2111 1716 2154; x_wconf 90' lang='lat' dir='ltr'><strong>ut</strong></span> <span class='ocrx_word' id='word_1_269' title='bbox 1752 2116 1852 2169; x_wconf 76' lang='lat' dir='ltr'><strong>ego</strong></span> <span class='ocrx_word' id='word_1_270' title='bbox 1910 2110 1960 2154; x_wconf 91' lang='lat' dir='ltr'><strong>te</strong></span> <span class='ocrx_word' id='word_1_271' title='bbox 1991 2114 2176 2166; x_wconf 69' lang='lat' dir='ltr'><strong>cogam</strong></span> <span class='ocrx_word' id='word_1_272' title='bbox 2243 2097 2346 2150; x_wconf 91' lang='lat' dir='ltr'><strong>hoc</strong></span> 
     </span>
    </p>
   </div>
   <div class='ocr_carea' id='block_1_38' title="bbox 2464 1821 4022 1894">
    <p class='ocr_par' dir='ltr' id='par_1_38' title="bbox 2464 1821 4022 1894">
     <span class='ocr_line' id='line_1_38' title="bbox 2464 1821 4022 1894; baseline -0.001 -21"><span class='ocrx_word' id='word_1_273' title='bbox 2464 1821 2768 1891; x_wconf 78' lang='grc' dir='ltr'>ὄλωτέραις</span> <span class='ocrx_word' id='word_1_274' title='bbox 2799 1823 3092 1894; x_wconf 80' lang='grc' dir='ltr'><strong>τιμωρίαις</strong></span> <span class='ocrx_word' id='word_1_275' title='bbox 3121 1823 3278 1883; x_wconf 76' lang='grc' dir='ltr'>τοῦτο</span> <span class='ocrx_word' id='word_1_276' title='bbox 3306 1823 3549 1893; x_wconf 78' lang='grc' dir='ltr'>ποιῆσαι,</span> <span class='ocrx_word' id='word_1_277' title='bbox 3578 1824 3650 1884; x_wconf 80' lang='grc' dir='ltr'>ὡς</span> <span class='ocrx_word' id='word_1_278' title='bbox 3673 1824 4022 1892; x_wconf 72' lang='grc' dir='ltr'>ψευδώνυμον</span> 
     </span>
    </p>
   </div>
   <div class='ocr_carea' id='block_1_39' title="bbox 2454 1915 4023 1985">
    <p class='ocr_par' dir='ltr' id='par_1_39' title="bbox 2454 1915 4023 1985">
     <span class='ocr_line' id='line_1_39' title="bbox 2454 1915 4023 1985; baseline -0.003 -18"><span class='ocrx_word' id='word_1_279' title='bbox 2454 1915 2687 1982; x_wconf 76' lang='grc' dir='ltr'><strong>ὀφθέντα</strong></span> <span class='ocrx_word' id='word_1_280' title='bbox 2759 1915 3040 1979; x_wconf 85' lang='grc' dir='ltr'>Πλάτωνος</span> <span class='ocrx_word' id='word_1_281' title='bbox 3105 1916 3197 1969; x_wconf 82' lang='grc' dir='ltr'>τοῦ</span> <span class='ocrx_word' id='word_1_282' title='bbox 3259 1916 3524 1985; x_wconf 78' lang='grc' dir='ltr'><strong>μεγίστην</strong></span> <span class='ocrx_word' id='word_1_283' title='bbox 3585 1916 3909 1984; x_wconf 71' lang='grc' dir='ltr'>φιλοσοφίαν</span> <span class='ocrx_word' id='word_1_284' title='bbox 3971 1917 4023 1965; x_wconf 78' lang='grc' dir='ltr'>ἐν</span> 
     </span>
    </p>
   </div>
   <div class='ocr_carea' id='block_1_40' title="bbox 2454 2007 4020 2080">
    <p class='ocr_par' dir='ltr' id='par_1_40' title="bbox 2454 2007 4020 2080">
     <span class='ocr_line' id='line_1_40' title="bbox 2454 2007 4020 2080; baseline 0 -19"><span class='ocrx_word' id='word_1_285' title='bbox 2454 2007 2761 2073; x_wconf 81' lang='grc' dir='ltr'>ἀνθρώποις</span> <span class='ocrx_word' id='word_1_286' title='bbox 2792 2008 3172 2078; x_wconf 75' lang='grc' dir='ltr'><strong>κτησαμένου,</strong></span> <span class='ocrx_word' id='word_1_287' title='bbox 3221 2009 3534 2079; x_wconf 83' lang='grc' dir='ltr'>άγνώμονός</span> <span class='ocrx_word' id='word_1_288' title='bbox 3579 2026 3672 2062; x_wconf 87' lang='grc' dir='ltr'><strong>σου</strong></span> <span class='ocrx_word' id='word_1_289' title='bbox 3722 2009 4020 2080; x_wconf 67' lang='grc' dir='ltr'><strong>δειχθέντος</strong></span> 
     </span>
    </p>
   </div>
   <div class='ocr_carea' id='block_1_41' title="bbox 2453 2097 2939 2168">
    <p class='ocr_par' dir='ltr' id='par_1_41' title="bbox 2453 2097 2939 2168">
     <span class='ocr_line' id='line_1_41' title="bbox 2453 2097 2939 2168; baseline 0.004 -20"><span class='ocrx_word' id='word_1_290' title='bbox 2453 2098 2581 2168; x_wconf 66' lang='grc' dir='ltr'>περὶ</span> <span class='ocrx_word' id='word_1_291' title='bbox 2612 2099 2733 2159; x_wconf 74' lang='grc' dir='ltr'>τοὺς</span> <span class='ocrx_word' id='word_1_292' title='bbox 2767 2097 2939 2161; x_wconf 77' lang='grc' dir='ltr'>Θεούς.</span> 
     </span>
    </p>
   </div>
   <div class='ocr_carea' id='block_1_42' title="bbox 779 2185 4013 2264">
    <p class='ocr_par' dir='ltr' id='par_1_42' title="bbox 779 2185 4013 2264">
     <span class='ocr_line' id='line_1_42' title="bbox 779 2185 4013 2264; baseline 0.003 -23"><span class='ocrx_word' id='word_1_293' title='bbox 779 2185 960 2244; x_wconf 76' lang='lat' dir='ltr'><strong>facere</strong></span> <span class='ocrx_word' id='word_1_294' title='bbox 992 2191 1223 2248; x_wconf 84' lang='lat' dir='ltr'><strong>diversis</strong></span> <span class='ocrx_word' id='word_1_295' title='bbox 1266 2203 1320 2248; x_wconf 90' lang='lat' dir='ltr'><strong>et</strong></span> <span class='ocrx_word' id='word_1_296' title='bbox 1349 2195 1558 2249; x_wconf 87' lang='lat' dir='ltr'><strong>acerbis</strong></span> <span class='ocrx_word' id='word_1_297' title='bbox 1591 2194 1892 2264; x_wconf 87' lang='lat' dir='ltr'><strong>suppliciis,</strong></span> <span class='ocrx_word' id='word_1_298' title='bbox 1926 2202 1984 2247; x_wconf 94' lang='lat' dir='ltr'><strong>ut</strong></span> <span class='ocrx_word' id='word_1_299' title='bbox 2020 2193 2108 2261; x_wconf 87' lang='lat' dir='ltr'><strong>qui</strong></span> <span class='ocrx_word' id='word_1_300' title='bbox 2147 2191 2282 2245; x_wconf 89' lang='lat' dir='ltr'><strong>falso</strong></span> <span class='ocrx_word' id='word_1_301' title='bbox 2316 2191 2389 2244; x_wconf 87' lang='lat' dir='ltr'><strong>sis</strong></span> <span class='ocrx_word' id='word_1_302' title='bbox 2429 2191 2731 2260; x_wconf 84' lang='lat' dir='ltr'><strong>appellatus</strong></span> <span class='ocrx_word' id='word_1_303' title='bbox 2783 2191 2934 2245; x_wconf 83' lang='lat' dir='ltr'><strong>Plato</strong></span> <span class='ocrx_word' id='word_1_304' title='bbox 2968 2210 2979 2245; x_wconf 90' lang='lat'><strong>:</strong></span> <span class='ocrx_word' id='word_1_305' title='bbox 3013 2194 3151 2262; x_wconf 86' lang='lat' dir='ltr'><strong>ejus,</strong></span> <span class='ocrx_word' id='word_1_306' title='bbox 3185 2193 3429 2262; x_wconf 86' lang='lat' dir='ltr'><strong>inquam,</strong></span> <span class='ocrx_word' id='word_1_307' title='bbox 3482 2195 3703 2248; x_wconf 89' lang='lat' dir='ltr'><strong>nomine</strong></span> <span class='ocrx_word' id='word_1_308' title='bbox 3736 2205 4013 2263; x_wconf 78' lang='lat' dir='ltr'><strong>suscepto.</strong></span> 
     </span>
    </p>
   </div>
   <div class='ocr_carea' id='block_1_43' title="bbox 781 2283 3561 2359">
    <p class='ocr_par' dir='ltr' id='par_1_43' title="bbox 781 2283 3561 2359">
     <span class='ocr_line' id='line_1_43' title="bbox 781 2283 3561 2359; baseline 0.004 -24"><span class='ocrx_word' id='word_1_309' title='bbox 781 2283 870 2350; x_wconf 89' lang='lat' dir='ltr'><strong>qui</strong></span> <span class='ocrx_word' id='word_1_310' title='bbox 906 2285 1048 2340; x_wconf 89' lang='lat' dir='ltr'><strong>inter</strong></span> <span class='ocrx_word' id='word_1_311' title='bbox 1069 2287 1316 2343; x_wconf 86' lang='lat' dir='ltr'><strong>homines</strong></span> <span class='ocrx_word' id='word_1_312' title='bbox 1345 2292 1631 2344; x_wconf 77' lang='lat' dir='ltr'><strong>maximam</strong></span> <span class='ocrx_word' id='word_1_313' title='bbox 1664 2291 1763 2346; x_wconf 87' lang='lat' dir='ltr'><strong>sibi</strong></span> <span class='ocrx_word' id='word_1_314' title='bbox 1793 2289 2003 2359; x_wconf 86' lang='lat' dir='ltr'><strong>paravit</strong></span> <span class='ocrx_word' id='word_1_315' title='bbox 2047 2286 2464 2357; x_wconf 84' lang='lat' dir='ltr'><strong>philosophiam,</strong></span> <span class='ocrx_word' id='word_1_316' title='bbox 2521 2301 2644 2340; x_wconf 86' lang='lat' dir='ltr'><strong>cum</strong></span> <span class='ocrx_word' id='word_1_317' title='bbox 2671 2297 2729 2338; x_wconf 89' lang='lat' dir='ltr'><strong>tu</strong></span> <span class='ocrx_word' id='word_1_318' title='bbox 2776 2285 2830 2338; x_wconf 91' lang='lat' dir='ltr'><strong>in</strong></span> <span class='ocrx_word' id='word_1_319' title='bbox 2866 2288 2996 2341; x_wconf 84' lang='lat' dir='ltr'><strong>deos</strong></span> <span class='ocrx_word' id='word_1_320' title='bbox 3027 2289 3267 2358; x_wconf 74' lang='lat' dir='ltr'><strong>ingratus</strong></span> <span class='ocrx_word' id='word_1_321' title='bbox 3305 2288 3561 2344; x_wconf 83' lang='lat' dir='ltr'><strong>evaseris.</strong></span> 
     </span>
    </p>
   </div>
   <div class='ocr_carea' id='block_1_44' title="bbox 857 2375 2342 2452">
    <p class='ocr_par' dir='ltr' id='par_1_44' title="bbox 857 2375 2342 2452">
     <span class='ocr_line' id='line_1_44' title="bbox 857 2375 2342 2452; baseline 0.001 -23"><span class='ocrx_word' id='word_1_322' title='bbox 857 2375 1042 2432; x_wconf 76' lang='lat' dir='ltr'>XVIII.</span> <span class='ocrx_word' id='word_1_323' title='bbox 1080 2380 1283 2434; x_wconf 84' lang='lat' dir='ltr'><strong>Christi</strong></span> <span class='ocrx_word' id='word_1_324' title='bbox 1316 2394 1496 2436; x_wconf 90' lang='lat' dir='ltr'><strong>autem</strong></span> <span class='ocrx_word' id='word_1_325' title='bbox 1548 2399 1724 2439; x_wconf 73' lang='lat' dir='ltr'><strong>.verus</strong></span> <span class='ocrx_word' id='word_1_326' title='bbox 1760 2399 1822 2436; x_wconf 90' lang='lat' dir='ltr'><strong>ac</strong></span> <span class='ocrx_word' id='word_1_327' title='bbox 1845 2396 2134 2452; x_wconf 74' lang='lat' dir='ltr'><strong>germanus</strong></span> <span class='ocrx_word' id='word_1_328' title='bbox 2182 2380 2342 2432; x_wconf 89' lang='lat' dir='ltr'><strong>miles</strong></span> 
     </span>
    </p>
   </div>
   <div class='ocr_carea' id='block_1_45' title="bbox 783 2465 2340 2544">
    <p class='ocr_par' dir='ltr' id='par_1_45' title="bbox 783 2465 2340 2544">
     <span class='ocr_line' id='line_1_45' title="bbox 783 2465 2340 2544; baseline 0.004 -25"><span class='ocrx_word' id='word_1_329' title='bbox 783 2465 930 2520; x_wconf 81' lang='lat' dir='ltr'><strong>Plato</strong></span> <span class='ocrx_word' id='word_1_330' title='bbox 955 2467 1090 2523; x_wconf 79' lang='lat' dir='ltr'><strong>dixit</strong></span> <span class='ocrx_word' id='word_1_331' title='bbox 1131 2487 1144 2523; x_wconf 91' lang='lat'><strong>:</strong></span> <span class='ocrx_word' id='word_1_332' title='bbox 1189 2471 1352 2526; x_wconf 78' lang='lat' dir='ltr'><strong>Valde</strong></span> <span class='ocrx_word' id='word_1_333' title='bbox 1384 2489 1635 2544; x_wconf 82' lang='lat' dir='ltr'><strong>magnum</strong></span> <span class='ocrx_word' id='word_1_334' title='bbox 1659 2473 2024 2528; x_wconf 77' lang='lat' dir='ltr'><strong>soltecismum</strong></span> <span class='ocrx_word' id='word_1_335' title='bbox 2078 2471 2340 2536; x_wconf 84' lang='lat' dir='ltr'><strong>admittis,</strong></span> 
     </span>
    </p>
   </div>
   <div class='ocr_carea' id='block_1_46' title="bbox 780 2561 2343 2634">
    <p class='ocr_par' dir='ltr' id='par_1_46' title="bbox 780 2561 2343 2634">
     <span class='ocr_line' id='line_1_46' title="bbox 780 2561 2343 2634; baseline 0.001 -20"><span class='ocrx_word' id='word_1_336' title='bbox 780 2561 1160 2631; x_wconf 74' lang='lat' dir='ltr'><strong>oAgrippine,</strong></span> <span class='ocrx_word' id='word_1_337' title='bbox 1192 2567 1460 2618; x_wconf 89' lang='lat' dir='ltr'><strong>erransin</strong></span> <span class='ocrx_word' id='word_1_338' title='bbox 1521 2567 1769 2620; x_wconf 86' lang='lat' dir='ltr'><strong>veritate.</strong></span> <span class='ocrx_word' id='word_1_339' title='bbox 1826 2565 1958 2618; x_wconf 87' lang='lat' dir='ltr'><strong>Nam</strong></span> <span class='ocrx_word' id='word_1_340' title='bbox 2017 2581 2140 2619; x_wconf 89' lang='lat' dir='ltr'><strong>cum</strong></span> <span class='ocrx_word' id='word_1_341' title='bbox 2189 2565 2343 2634; x_wconf 87' lang='lat' dir='ltr'><strong>pater</strong></span> 
     </span>
    </p>
   </div>
   <div class='ocr_carea' id='block_1_47' title="bbox 782 2652 2341 2726">
    <p class='ocr_par' dir='ltr' id='par_1_47' title="bbox 782 2652 2341 2726">
     <span class='ocr_line' id='line_1_47' title="bbox 782 2652 2341 2726; baseline 0.002 -21"><span class='ocrx_word' id='word_1_342' title='bbox 782 2661 907 2706; x_wconf 91' lang='lat' dir='ltr'><strong>tuus</strong></span> <span class='ocrx_word' id='word_1_343' title='bbox 934 2652 1170 2707; x_wconf 85' lang='lat' dir='ltr'><strong>Satanas</strong></span> <span class='ocrx_word' id='word_1_344' title='bbox 1200 2656 1268 2710; x_wconf 90' lang='lat' dir='ltr'><strong>ab</strong></span> <span class='ocrx_word' id='word_1_345' title='bbox 1299 2657 1452 2710; x_wconf 91' lang='lat' dir='ltr'><strong>initio</strong></span> <span class='ocrx_word' id='word_1_346' title='bbox 1514 2657 1676 2710; x_wconf 90' lang='lat' dir='ltr'><strong>fuerit</strong></span> <span class='ocrx_word' id='word_1_347' title='bbox 1724 2657 2089 2726; x_wconf 88' lang='lat' dir='ltr'><strong>perniciosus,</strong></span> <span class='ocrx_word' id='word_1_348' title='bbox 2146 2656 2341 2709; x_wconf 88' lang='lat' dir='ltr'><strong>merito</strong></span> 
     </span>
    </p>
   </div>
   <div class='ocr_carea' id='block_1_48' title="bbox 785 2746 2336 2817">
    <p class='ocr_par' dir='ltr' id='par_1_48' title="bbox 785 2746 2336 2817">
     <span class='ocr_line' id='line_1_48' title="bbox 785 2746 2336 2817; baseline 0 -21"><span class='ocrx_word' id='word_1_349' title='bbox 785 2754 841 2796; x_wconf 89' lang='lat' dir='ltr'><strong>tu</strong></span> <span class='ocrx_word' id='word_1_350' title='bbox 875 2759 1111 2813; x_wconf 83' lang='lat' dir='ltr'><strong>quoque,</strong></span> <span class='ocrx_word' id='word_1_351' title='bbox 1141 2746 1229 2814; x_wconf 92' lang='lat' dir='ltr'><strong>qui</strong></span> <span class='ocrx_word' id='word_1_352' title='bbox 1261 2762 1317 2800; x_wconf 89' lang='lat' dir='ltr'><strong>es</strong></span> <span class='ocrx_word' id='word_1_353' title='bbox 1354 2749 1470 2817; x_wconf 86' lang='lat' dir='ltr'><strong>ejus</strong></span> <span class='ocrx_word' id='word_1_354' title='bbox 1498 2749 1766 2812; x_wconf 88' lang='lat' dir='ltr'><strong>minister,</strong></span> <span class='ocrx_word' id='word_1_355' title='bbox 1799 2748 1930 2802; x_wconf 85' lang='lat' dir='ltr'><strong>facis</strong></span> <span class='ocrx_word' id='word_1_356' title='bbox 1962 2748 2010 2801; x_wconf 90' lang='lat' dir='ltr'><strong>ei</strong></span> <span class='ocrx_word' id='word_1_357' title='bbox 2063 2747 2336 2806; x_wconf 86' lang='lat' dir='ltr'><strong>similiter,</strong></span> 
     </span>
    </p>
   </div>
   <div class='ocr_carea' id='block_1_49' title="bbox 777 2832 2338 2903">
    <p class='ocr_par' dir='ltr' id='par_1_49' title="bbox 777 2832 2338 2903">
     <span class='ocr_line' id='line_1_49' title="bbox 777 2832 2338 2903; baseline 0.001 -17"><span class='ocrx_word' id='word_1_358' title='bbox 777 2843 834 2886; x_wconf 88' lang='lat' dir='ltr'><strong>et</strong></span> <span class='ocrx_word' id='word_1_359' title='bbox 859 2842 911 2886; x_wconf 88' lang='lat' dir='ltr'><strong>te</strong></span> <span class='ocrx_word' id='word_1_360' title='bbox 942 2833 995 2886; x_wconf 94' lang='lat' dir='ltr'><strong>in</strong></span> <span class='ocrx_word' id='word_1_361' title='bbox 1027 2835 1146 2903; x_wconf 84' lang='lat' dir='ltr'><strong>ejus</strong></span> <span class='ocrx_word' id='word_1_362' title='bbox 1177 2852 1399 2890; x_wconf 74' lang='lat' dir='ltr'><strong>exerces</strong></span> <span class='ocrx_word' id='word_1_363' title='bbox 1430 2838 1757 2892; x_wconf 83' lang='lat' dir='ltr'><strong>actionibus.</strong></span> <span class='ocrx_word' id='word_1_364' title='bbox 1819 2832 2131 2890; x_wconf 72' lang='lat' dir='ltr'><strong>Dtemdnum</strong></span> <span class='ocrx_word' id='word_1_365' title='bbox 2195 2837 2338 2888; x_wconf 92' lang='lat' dir='ltr'><strong>enim</strong></span> 
     </span>
    </p>
   </div>
   <div class='ocr_carea' id='block_1_50' title="bbox 780 2922 2343 2998">
    <p class='ocr_par' dir='ltr' id='par_1_50' title="bbox 780 2922 2343 2998">
     <span class='ocr_line' id='line_1_50' title="bbox 780 2922 2343 2998; baseline 0.005 -23"><span class='ocrx_word' id='word_1_366' title='bbox 780 2922 1052 2979; x_wconf 80' lang='lat' dir='ltr'><strong>fortunam</strong></span> <span class='ocrx_word' id='word_1_367' title='bbox 1117 2928 1333 2980; x_wconf 73' lang='lat' dir='ltr'><strong>invehis</strong></span> <span class='ocrx_word' id='word_1_368' title='bbox 1369 2928 1419 2980; x_wconf 91' lang='lat' dir='ltr'><strong>in</strong></span> <span class='ocrx_word' id='word_1_369' title='bbox 1459 2927 1706 2982; x_wconf 77' lang='lat' dir='ltr'><strong>homines</strong></span> <span class='ocrx_word' id='word_1_370' title='bbox 1730 2928 2088 2992; x_wconf 80' lang='lat' dir='ltr'><strong>Christianos,</strong></span> <span class='ocrx_word' id='word_1_371' title='bbox 2121 2929 2212 2998; x_wconf 93' lang='lat' dir='ltr'><strong>qui</strong></span> <span class='ocrx_word' id='word_1_372' title='bbox 2246 2944 2343 2983; x_wconf 87' lang='lat' dir='ltr'><strong>nec</strong></span> 
     </span>
    </p>
   </div>
   <div class='ocr_carea' id='block_1_51' title="bbox 780 3014 2334 3091">
    <p class='ocr_par' dir='ltr' id='par_1_51' title="bbox 780 3014 2334 3091">
     <span class='ocr_line' id='line_1_51' title="bbox 780 3014 2334 3091; baseline 0.005 -23"><span class='ocrx_word' id='word_1_373' title='bbox 780 3014 924 3071; x_wconf 88' lang='lat' dir='ltr'><strong>ferre</strong></span> <span class='ocrx_word' id='word_1_374' title='bbox 955 3017 1171 3086; x_wconf 87' lang='lat' dir='ltr'><strong>quidem</strong></span> <span class='ocrx_word' id='word_1_375' title='bbox 1189 3029 1415 3090; x_wconf 87' lang='lat' dir='ltr'><strong>possunt</strong></span> <span class='ocrx_word' id='word_1_376' title='bbox 1441 3021 1628 3076; x_wconf 86' lang='lat' dir='ltr'><strong>audire</strong></span> <span class='ocrx_word' id='word_1_377' title='bbox 1661 3021 1860 3091; x_wconf 90' lang='lat' dir='ltr'><strong>aliquid</strong></span> <span class='ocrx_word' id='word_1_378' title='bbox 1896 3023 2181 3091; x_wconf 86' lang='lat' dir='ltr'><strong>ejusmodi.</strong></span> <span class='ocrx_word' id='word_1_379' title='bbox 2204 3020 2334 3075; x_wconf 91' lang='lat' dir='ltr'><strong>Sum</strong></span> 
     </span>
    </p>
   </div>
   <div class='ocr_carea' id='block_1_52' title="bbox 2515 2376 4020 2451">
    <p class='ocr_par' dir='ltr' id='par_1_52' title="bbox 2515 2376 4020 2451">
     <span class='ocr_line' id='line_1_52' title="bbox 2515 2376 4020 2451; baseline 0.001 -19"><span class='ocrx_word' id='word_1_380' title='bbox 2515 2376 2617 2432; x_wconf 84' lang='lat' dir='ltr'><strong>IH&#39;.</strong></span> <span class='ocrx_word' id='word_1_381' title='bbox 2661 2379 2716 2432; x_wconf 86' lang='lat'><strong>&#39;0</strong></span> <span class='ocrx_word' id='word_1_382' title='bbox 2736 2381 2791 2433; x_wconf 84' lang='grc' dir='ltr'><strong>δὲ</strong></span> <span class='ocrx_word' id='word_1_383' title='bbox 2810 2379 2976 2442; x_wconf 80' lang='grc' dir='ltr'>ὅντως</span> <span class='ocrx_word' id='word_1_384' title='bbox 2998 2381 3218 2450; x_wconf 83' lang='grc' dir='ltr'>γνήσιος</span> <span class='ocrx_word' id='word_1_385' title='bbox 3240 2381 3331 2433; x_wconf 80' lang='grc' dir='ltr'>τοῦ</span> <span class='ocrx_word' id='word_1_386' title='bbox 3353 2381 3584 2451; x_wconf 70' lang='grc' dir='ltr'>Χριστοῦ</span> <span class='ocrx_word' id='word_1_387' title='bbox 3611 2380 3862 2451; x_wconf 79' lang='grc' dir='ltr'>μαθητὴς</span> <span class='ocrx_word' id='word_1_388' title='bbox 3887 2382 4020 2434; x_wconf 79' lang='grc' dir='ltr'>Πλά⁵</span> 
     </span>
    </p>
   </div>
   <div class='ocr_carea' id='block_1_53' title="bbox 2443 2465 4021 2540">
    <p class='ocr_par' dir='ltr' id='par_1_53' title="bbox 2443 2465 4021 2540">
     <span class='ocr_line' id='line_1_53' title="bbox 2443 2465 4021 2540; baseline -0.003 -19"><span class='ocrx_word' id='word_1_389' title='bbox 2443 2488 2549 2522; x_wconf 90' lang='grc' dir='ltr'><strong>των</strong></span> <span class='ocrx_word' id='word_1_390' title='bbox 2581 2465 2732 2523; x_wconf 81' lang='grc' dir='ltr'>εἶπεν</span> <span class='ocrx_word' id='word_1_391' title='bbox 2758 2486 2773 2503; x_wconf 80' lang='grc' dir='ltr'><strong><em>ο</em></strong></span> <span class='ocrx_word' id='word_1_392' title='bbox 2824 2471 3172 2535; x_wconf 81' lang='grc' dir='ltr'>Σολοικίζεις,</span> <span class='ocrx_word' id='word_1_393' title='bbox 3224 2471 3564 2540; x_wconf 46' lang='grc' dir='ltr'>’Δγριππῖνᾳ</span> <span class='ocrx_word' id='word_1_394' title='bbox 3613 2470 3821 2538; x_wconf 78' lang='grc' dir='ltr'>σφόδρα</span> <span class='ocrx_word' id='word_1_395' title='bbox 3853 2469 4021 2536; x_wconf 84' lang='grc' dir='ltr'>σφαλ-</span> 
     </span>
    </p>
   </div>
   <div class='ocr_carea' id='block_1_54' title="bbox 2442 2558 4018 2632">
    <p class='ocr_par' dir='ltr' id='par_1_54' title="bbox 2442 2558 4018 2632">
     <span class='ocr_line' id='line_1_54' title="bbox 2442 2558 4018 2632; baseline -0.003 -20"><span class='ocrx_word' id='word_1_396' title='bbox 2442 2561 2666 2631; x_wconf 82' lang='grc' dir='ltr'>λόμενος</span> <span class='ocrx_word' id='word_1_397' title='bbox 2695 2579 2759 2614; x_wconf 97' lang='grc' dir='ltr'><strong>πε</strong></span> <span class='ocrx_word' id='word_1_398' title='bbox 2772 2563 2820 2629; x_wconf 68' lang='lat' dir='ltr'><strong>pi.</strong></span> <span class='ocrx_word' id='word_1_399' title='bbox 2852 2564 2950 2630; x_wconf 74' lang='grc' dir='ltr'>τὴν</span> <span class='ocrx_word' id='word_1_400' title='bbox 2981 2562 3236 2632; x_wconf 74' lang='grc' dir='ltr'>ἀλήθειαν</span> <span class='ocrx_word' id='word_1_401' title='bbox 3255 2579 3270 2594; x_wconf 78' lang='grc' dir='ltr'><strong><em>ο</em></strong></span> <span class='ocrx_word' id='word_1_402' title='bbox 3297 2561 3392 2628; x_wconf 65' lang='grc' dir='ltr'><strong>τού</strong></span> <span class='ocrx_word' id='word_1_403' title='bbox 3418 2562 3524 2628; x_wconf 85' lang='grc' dir='ltr'>γὰρ</span> <span class='ocrx_word' id='word_1_404' title='bbox 3564 2560 3771 2627; x_wconf 79' lang='grc' dir='ltr'>πατρός</span> <span class='ocrx_word' id='word_1_405' title='bbox 3803 2575 3897 2610; x_wconf 84' lang='grc' dir='ltr'><strong>σου</strong></span> <span class='ocrx_word' id='word_1_406' title='bbox 3930 2558 4018 2609; x_wconf 69' lang='grc' dir='ltr'><strong>τοῦ</strong></span> 
     </span>
    </p>
   </div>
   <div class='ocr_carea' id='block_1_55' title="bbox 2443 2649 4018 2721">
    <p class='ocr_par' dir='ltr' id='par_1_55' title="bbox 2443 2649 4018 2721">
     <span class='ocr_line' id='line_1_55' title="bbox 2443 2649 4018 2721; baseline -0.003 -17"><span class='ocrx_word' id='word_1_407' title='bbox 2443 2654 2655 2705; x_wconf 82' lang='grc' dir='ltr'>Σατανᾶ</span> <span class='ocrx_word' id='word_1_408' title='bbox 2695 2653 2971 2720; x_wconf 85' lang='grc' dir='ltr'>λυμεῶνος</span> <span class='ocrx_word' id='word_1_409' title='bbox 3005 2655 3390 2721; x_wconf 75' lang='grc' dir='ltr'>τυγχάνοντος,</span> <span class='ocrx_word' id='word_1_410' title='bbox 3425 2651 3647 2712; x_wconf 76' lang='grc' dir='ltr'>εἰκότως</span> <span class='ocrx_word' id='word_1_411' title='bbox 3680 2651 3773 2701; x_wconf 79' lang='grc' dir='ltr'><strong>καὶ</strong></span> <span class='ocrx_word' id='word_1_412' title='bbox 3810 2649 3874 2702; x_wconf 72' lang='grc' dir='ltr'><strong>σὺ</strong></span> <span class='ocrx_word' id='word_1_413' title='bbox 3925 2651 4018 2702; x_wconf 76' lang='grc' dir='ltr'>αύο</span> 
     </span>
    </p>
   </div>
   <div class='ocr_carea' id='block_1_56' title="bbox 2448 2738 4016 2809">
    <p class='ocr_par' dir='ltr' id='par_1_56' title="bbox 2448 2738 4016 2809">
     <span class='ocr_line' id='line_1_56' title="bbox 2448 2738 4016 2809; baseline 0 -20"><span class='ocrx_word' id='word_1_414' title='bbox 2448 2740 2541 2790; x_wconf 79' lang='grc' dir='ltr'>τοῦ</span> <span class='ocrx_word' id='word_1_415' title='bbox 2579 2741 2838 2809; x_wconf 80' lang='grc' dir='ltr'>ὑπάρχων</span> <span class='ocrx_word' id='word_1_416' title='bbox 2875 2741 3180 2809; x_wconf 82' lang='grc' dir='ltr'>ὑπουργὸς,</span> <span class='ocrx_word' id='word_1_417' title='bbox 3209 2741 3277 2793; x_wconf 84' lang='grc' dir='ltr'>τὰ</span> <span class='ocrx_word' id='word_1_418' title='bbox 3323 2742 3482 2809; x_wconf 79' lang='grc' dir='ltr'>ὃμοια</span> <span class='ocrx_word' id='word_1_419' title='bbox 3514 2739 3659 2807; x_wconf 86' lang='grc' dir='ltr'><strong>αὑτῴ</strong></span> <span class='ocrx_word' id='word_1_420' title='bbox 3695 2738 4016 2808; x_wconf 75' lang='grc' dir='ltr'>διαπράττει</span> 
     </span>
    </p>
   </div>
   <div class='ocr_carea' id='block_1_57' title="bbox 2450 2829 4016 2901">
    <p class='ocr_par' dir='ltr' id='par_1_57' title="bbox 2450 2829 4016 2901">
     <span class='ocr_line' id='line_1_57' title="bbox 2450 2829 4016 2901; baseline 0.001 -21"><span class='ocrx_word' id='word_1_421' title='bbox 2450 2829 2541 2880; x_wconf 64' lang='grc' dir='ltr'>καὶ</span> <span class='ocrx_word' id='word_1_422' title='bbox 2569 2830 2665 2892; x_wconf 67' lang='grc' dir='ltr'>τὰς</span> <span class='ocrx_word' id='word_1_423' title='bbox 2719 2831 2942 2900; x_wconf 77' lang='grc' dir='ltr'>πράξεις</span> <span class='ocrx_word' id='word_1_424' title='bbox 2999 2829 3164 2883; x_wconf 73' lang='grc' dir='ltr'>αὐτοῦ</span> <span class='ocrx_word' id='word_1_425' title='bbox 3221 2831 3487 2901; x_wconf 71' lang='grc' dir='ltr'>μελετᾷς·</span> <span class='ocrx_word' id='word_1_426' title='bbox 3521 2831 3692 2899; x_wconf 82' lang='grc' dir='ltr'>τύχην</span> <span class='ocrx_word' id='word_1_427' title='bbox 3715 2830 3825 2900; x_wconf 79' lang='grc' dir='ltr'><strong>γάρ</strong></span> <span class='ocrx_word' id='word_1_428' title='bbox 3878 2847 4016 2898; x_wconf 84' lang='grc' dir='ltr'>παρ·</span> 
     </span>
    </p>
   </div>
   <div class='ocr_carea' id='block_1_58' title="bbox 2446 2915 4016 2989">
    <p class='ocr_par' dir='ltr' id='par_1_58' title="bbox 2446 2915 4016 2989">
     <span class='ocr_line' id='line_1_58' title="bbox 2446 2915 4016 2989; baseline 0.002 -24"><span class='ocrx_word' id='word_1_429' title='bbox 2446 2915 2717 2983; x_wconf 77' lang='grc' dir='ltr'>εισφέρεις</span> <span class='ocrx_word' id='word_1_430' title='bbox 2774 2917 3044 2987; x_wconf 75' lang='grc' dir='ltr'>δαιμόνων</span> <span class='ocrx_word' id='word_1_431' title='bbox 3113 2919 3424 2989; x_wconf 81' lang='grc' dir='ltr'>ἀνθρώποις</span> <span class='ocrx_word' id='word_1_432' title='bbox 3478 2921 3828 2989; x_wconf 81' lang='grc' dir='ltr'>Χριστιανοῖς</span> <span class='ocrx_word' id='word_1_433' title='bbox 3907 2922 4016 2980; x_wconf 79' lang='grc' dir='ltr'>τοῖς</span> 
     </span>
    </p>
   </div>
   <div class='ocr_carea' id='block_1_59' title="bbox 2456 3008 4015 3082">
    <p class='ocr_par' dir='ltr' id='par_1_59' title="bbox 2456 3008 4015 3082">
     <span class='ocr_line' id='line_1_59' title="bbox 2456 3008 4015 3082; baseline 0.001 -22"><span class='ocrx_word' id='word_1_434' title='bbox 2456 3008 2589 3078; x_wconf 83' lang='grc' dir='ltr'>μηδὲ</span> <span class='ocrx_word' id='word_1_435' title='bbox 2617 3008 2844 3063; x_wconf 79' lang='grc' dir='ltr'>ἀκοῦσαί</span> <span class='ocrx_word' id='word_1_436' title='bbox 2878 3028 2928 3061; x_wconf 80' lang='grc' dir='ltr'>τι</span> <span class='ocrx_word' id='word_1_437' title='bbox 2960 3010 3200 3064; x_wconf 82' lang='grc' dir='ltr'>τοιοῦτον</span> <span class='ocrx_word' id='word_1_438' title='bbox 3242 3012 3588 3082; x_wconf 84' lang='grc' dir='ltr'>ἀνεχομένοις</span> <span class='ocrx_word' id='word_1_439' title='bbox 3624 3013 3773 3065; x_wconf 86' lang='grc' dir='ltr'>ποτέ.</span> <span class='ocrx_word' id='word_1_440' title='bbox 3809 3012 4015 3065; x_wconf 70' lang='grc' dir='ltr'>Οὐκοῦν</span> 
     </span>
    </p>
   </div>
   <div class='ocr_carea' id='block_1_60' title="bbox 777 3096 2356 3211">
    <p class='ocr_par' dir='ltr' id='par_1_60' title="bbox 777 3110 2335 3182">
     <span class='ocr_line' id='line_1_60' title="bbox 777 3110 2335 3182; baseline 0.003 -22"><span class='ocrx_word' id='word_1_441' title='bbox 777 3121 907 3176; x_wconf 78' lang='lat' dir='ltr'><strong>ergo</strong></span> <span class='ocrx_word' id='word_1_442' title='bbox 933 3110 1178 3177; x_wconf 89' lang='lat' dir='ltr'><strong>ejusdem</strong></span> <span class='ocrx_word' id='word_1_443' title='bbox 1217 3114 1451 3182; x_wconf 84' lang='lat' dir='ltr'><strong>quidem</strong></span> <span class='ocrx_word' id='word_1_444' title='bbox 1484 3116 1740 3175; x_wconf 89' lang='lat' dir='ltr'><strong>nominis,</strong></span> <span class='ocrx_word' id='word_1_445' title='bbox 1789 3115 1948 3180; x_wconf 81' lang='lat' dir='ltr'><strong>cujus</strong></span> <span class='ocrx_word' id='word_1_446' title='bbox 2002 3114 2150 3166; x_wconf 85' lang='lat' dir='ltr'><strong>Plato</strong></span> <span class='ocrx_word' id='word_1_447' title='bbox 2186 3131 2197 3165; x_wconf 92' lang='lat'>:</span> <span class='ocrx_word' id='word_1_448' title='bbox 2244 3113 2335 3166; x_wconf 89' lang='lat' dir='ltr'><strong>sed</strong></span> 
     </span>
    </p>
   </div>
   <div class='ocr_carea' id='block_1_61' title="bbox 2438 3096 4015 3211">
    <p class='ocr_par' dir='ltr' id='par_1_61' title="bbox 2441 3096 4015 3211">
     <span class='ocr_line' id='line_1_61' title="bbox 2441 3096 4015 3173; baseline 0.004 -26"><span class='ocrx_word' id='word_1_449' title='bbox 2441 3096 2728 3164; x_wconf 82' lang='grc' dir='ltr'>ὁμώνυμός</span> <span class='ocrx_word' id='word_1_450' title='bbox 2759 3103 2870 3167; x_wconf 71' lang='grc' dir='ltr'>ειμι</span> <span class='ocrx_word' id='word_1_451' title='bbox 2895 3101 3199 3168; x_wconf 79' lang='grc' dir='ltr'>Πλάτωνος,</span> <span class='ocrx_word' id='word_1_452' title='bbox 3226 3103 3525 3173; x_wconf 78' lang='grc' dir='ltr'>ὁμότροπος</span> <span class='ocrx_word' id='word_1_453' title='bbox 3544 3102 3597 3155; x_wconf 82' lang='grc' dir='ltr'>δὲ</span> <span class='ocrx_word' id='word_1_454' title='bbox 3617 3103 3718 3155; x_wconf 75' lang='grc' dir='ltr'><strong>οὐκ</strong></span> <span class='ocrx_word' id='word_1_455' title='bbox 3744 3104 3862 3170; x_wconf 81' lang='grc' dir='ltr'>είμί</span> <span class='ocrx_word' id='word_1_456' title='bbox 3885 3117 3898 3130; x_wconf 89' lang='grc'>·</span> <span class='ocrx_word' id='word_1_457' title='bbox 3924 3101 4015 3159; x_wconf 79' lang='grc' dir='ltr'><strong>οὓς</strong></span> 
     </span>
     <span class='ocr_line' id='line_1_62' title="bbox 2445 3187 3717 3211; baseline 0 0"><span class='ocrx_word' id='word_1_458' title='bbox 2445 3187 2546 3211; x_wconf 54' lang='grc' dir='ltr'><strong>-.μ</strong></span> <span class='ocrx_word' id='word_1_459' title='bbox 2595 3188 2651 3211; x_wconf 68' lang='grc' dir='ltr'><strong>-.ι</strong></span> <span class='ocrx_word' id='word_1_460' title='bbox 2704 3189 2954 3211; x_wconf 47' lang='lat'><strong>____;____</strong></span> <span class='ocrx_word' id='word_1_461' title='bbox 3138 3210 3180 3211; x_wconf 61' lang='lat'><strong>,,</strong></span> <span class='ocrx_word' id='word_1_462' title='bbox 3292 3193 3360 3211; x_wconf 70' lang='grc' dir='ltr'><strong>η..</strong></span> <span class='ocrx_word' id='word_1_463' title='bbox 3414 3193 3435 3211; x_wconf 88' lang='grc'><em>.</em></span> <span class='ocrx_word' id='word_1_464' title='bbox 3705 3193 3717 3206; x_wconf 73' lang='grc' dir='ltr'><em>υ</em></span> 
     </span>
    </p>
   </div>
   <div class='ocr_carea' id='block_1_62' title="bbox 778 3187 2356 3273">
    <p class='ocr_par' dir='ltr' id='par_1_62' title="bbox 778 3203 2342 3273">
     <span class='ocr_line' id='line_1_63' title="bbox 778 3203 2342 3273; baseline 0.005 -22"><span class='ocrx_word' id='word_1_465' title='bbox 778 3213 888 3251; x_wconf 82' lang='lat' dir='ltr'><strong>non</strong></span> <span class='ocrx_word' id='word_1_466' title='bbox 921 3214 1040 3253; x_wconf 90' lang='lat' dir='ltr'><strong>sum</strong></span> <span class='ocrx_word' id='word_1_467' title='bbox 1081 3203 1270 3256; x_wconf 86' lang='lat' dir='ltr'><strong>iisdem</strong></span> <span class='ocrx_word' id='word_1_468' title='bbox 1304 3205 1549 3260; x_wconf 85' lang='lat' dir='ltr'><strong>moribus</strong></span> <span class='ocrx_word' id='word_1_469' title='bbox 1570 3205 1854 3273; x_wconf 73' lang='lat' dir='ltr'><strong>praeditus.</strong></span> <span class='ocrx_word' id='word_1_470' title='bbox 1886 3203 2030 3268; x_wconf 88' lang='lat' dir='ltr'><strong>Quos</strong></span> <span class='ocrx_word' id='word_1_471' title='bbox 2054 3205 2195 3257; x_wconf 86' lang='lat' dir='ltr'><strong>enim</strong></span> <span class='ocrx_word' id='word_1_472' title='bbox 2227 3220 2342 3259; x_wconf 89' lang='lat' dir='ltr'><strong>mo-</strong></span> 
     </span>
    </p>
   </div>
   <div class='ocr_carea' id='block_1_63' title="bbox 2438 3187 4016 3273">
    <p class='ocr_par' dir='ltr' id='par_1_63' title="bbox 2445 3187 4016 3263">
     <span class='ocr_line' id='line_1_64' title="bbox 2445 3187 4016 3263; baseline 0.006 -25"><span class='ocrx_word' id='word_1_473' title='bbox 2445 3187 2550 3257; x_wconf 81' lang='grc' dir='ltr'>γὰρ</span> <span class='ocrx_word' id='word_1_474' title='bbox 2593 3188 2654 3241; x_wconf 71' lang='grc' dir='ltr'><strong>(οὐ</strong></span> <span class='ocrx_word' id='word_1_475' title='bbox 2700 3189 2957 3243; x_wconf 82' lang='grc' dir='ltr'>συνάπτει</span> <span class='ocrx_word' id='word_1_476' title='bbox 2987 3194 3205 3263; x_wconf 82' lang='grc' dir='ltr'>τρόπος,</span> <span class='ocrx_word' id='word_1_477' title='bbox 3253 3193 3369 3246; x_wconf 80' lang='grc' dir='ltr'>οὐδὲ</span> <span class='ocrx_word' id='word_1_478' title='bbox 3413 3193 3580 3262; x_wconf 74' lang='grc' dir='ltr'>ὄνομα</span> <span class='ocrx_word' id='word_1_479' title='bbox 3627 3193 3853 3256; x_wconf 77' lang='grc' dir='ltr'>τούτους</span> <span class='ocrx_word' id='word_1_480' title='bbox 3893 3211 4016 3248; x_wconf 85' lang='grc' dir='ltr'>συν·</span> 
     </span>
    </p>
   </div>
   <div class='ocr_carea' id='block_1_64' title="bbox 779 3293 2338 3365">
    <p class='ocr_par' dir='ltr' id='par_1_64' title="bbox 779 3293 2338 3365">
     <span class='ocr_line' id='line_1_65' title="bbox 779 3293 2338 3365; baseline 0.006 -24"><span class='ocrx_word' id='word_1_481' title='bbox 779 3304 866 3343; x_wconf 87' lang='lat' dir='ltr'><strong>res</strong></span> <span class='ocrx_word' id='word_1_482' title='bbox 894 3306 1000 3344; x_wconf 90' lang='lat' dir='ltr'><strong>non</strong></span> <span class='ocrx_word' id='word_1_483' title='bbox 1041 3293 1402 3363; x_wconf 80' lang='lat' dir='ltr'><strong>conjungunt,</strong></span> <span class='ocrx_word' id='word_1_484' title='bbox 1441 3310 1508 3348; x_wconf 91' lang='lat' dir='ltr'><strong>ne</strong></span> <span class='ocrx_word' id='word_1_485' title='bbox 1565 3311 1762 3349; x_wconf 88' lang='lat' dir='ltr'><strong>nomen</strong></span> <span class='ocrx_word' id='word_1_486' title='bbox 1801 3296 2020 3365; x_wconf 82' lang='lat' dir='ltr'><strong>quidem</strong></span> <span class='ocrx_word' id='word_1_487' title='bbox 2082 3312 2175 3351; x_wconf 90' lang='lat' dir='ltr'><strong>eos</strong></span> <span class='ocrx_word' id='word_1_488' title='bbox 2204 3311 2338 3350; x_wconf 92' lang='lat' dir='ltr'><strong>con-</strong></span> 
     </span>
    </p>
   </div>
   <div class='ocr_carea' id='block_1_65' title="bbox 774 3381 2338 3456">
    <p class='ocr_par' dir='ltr' id='par_1_65' title="bbox 774 3381 2338 3456">
     <span class='ocr_line' id='line_1_66' title="bbox 774 3381 2338 3456; baseline 0.003 -20"><span class='ocrx_word' id='word_1_489' title='bbox 774 3381 946 3444; x_wconf 86' lang='lat' dir='ltr'><strong>ciliat,</strong></span> <span class='ocrx_word' id='word_1_490' title='bbox 967 3397 1142 3453; x_wconf 91' lang='lat' dir='ltr'><strong>neque</strong></span> <span class='ocrx_word' id='word_1_491' title='bbox 1163 3385 1310 3439; x_wconf 90' lang='lat' dir='ltr'><strong>locus</strong></span> <span class='ocrx_word' id='word_1_492' title='bbox 1334 3387 1567 3455; x_wconf 91' lang='lat' dir='ltr'><strong>copulat,</strong></span> <span class='ocrx_word' id='word_1_493' title='bbox 1591 3388 1691 3441; x_wconf 87' lang='lat' dir='ltr'><strong>nisi</strong></span> <span class='ocrx_word' id='word_1_494' title='bbox 1715 3389 1884 3442; x_wconf 83' lang='lat' dir='ltr'><strong>solum</strong></span> <span class='ocrx_word' id='word_1_495' title='bbox 1917 3389 2111 3456; x_wconf 83' lang='lat' dir='ltr'><strong>pietas.</strong></span> <span class='ocrx_word' id='word_1_496' title='bbox 2135 3388 2338 3453; x_wconf 88' lang='lat' dir='ltr'><strong>Quam-</strong></span> 
     </span>
    </p>
   </div>
   <div class='ocr_carea' id='block_1_66' title="bbox 776 3473 2340 3546">
    <p class='ocr_par' dir='ltr' id='par_1_66' title="bbox 776 3473 2340 3546">
     <span class='ocr_line' id='line_1_67' title="bbox 776 3473 2340 3546; baseline 0.004 -22"><span class='ocrx_word' id='word_1_497' title='bbox 776 3473 964 3525; x_wconf 89' lang='lat' dir='ltr'><strong>obrem</strong></span> <span class='ocrx_word' id='word_1_498' title='bbox 1024 3475 1168 3527; x_wconf 91' lang='lat' dir='ltr'><strong>nulla</strong></span> <span class='ocrx_word' id='word_1_499' title='bbox 1229 3478 1281 3528; x_wconf 89' lang='lat' dir='ltr'><strong>in</strong></span> <span class='ocrx_word' id='word_1_500' title='bbox 1319 3477 1391 3528; x_wconf 89' lang='lat' dir='ltr'><strong>rei</strong></span> <span class='ocrx_word' id='word_1_501' title='bbox 1415 3477 1462 3529; x_wconf 89' lang='lat' dir='ltr'><strong>ei</strong></span> <span class='ocrx_word' id='word_1_502' title='bbox 1509 3479 1700 3530; x_wconf 89' lang='lat' dir='ltr'><strong>similis</strong></span> <span class='ocrx_word' id='word_1_503' title='bbox 1729 3493 1845 3529; x_wconf 90' lang='lat' dir='ltr'><strong>sum</strong></span> <span class='ocrx_word' id='word_1_504' title='bbox 1901 3479 2074 3542; x_wconf 84' lang='lat' dir='ltr'><strong>Plato,</strong></span> <span class='ocrx_word' id='word_1_505' title='bbox 2116 3488 2340 3546; x_wconf 69' lang='lat' dir='ltr'><strong>praetcr-</strong></span> 
     </span>
    </p>
   </div>
   <div class='ocr_carea' id='block_1_67' title="bbox 775 3565 2336 3637">
    <p class='ocr_par' dir='ltr' id='par_1_67' title="bbox 775 3565 2336 3637">
     <span class='ocr_line' id='line_1_68' title="bbox 775 3565 2336 3637; baseline 0.003 -19"><span class='ocrx_word' id='word_1_506' title='bbox 775 3579 935 3633; x_wconf 88' lang='lat' dir='ltr'><strong>quam</strong></span> <span class='ocrx_word' id='word_1_507' title='bbox 960 3565 1014 3619; x_wconf 88' lang='lat' dir='ltr'><strong>in</strong></span> <span class='ocrx_word' id='word_1_508' title='bbox 1037 3567 1150 3622; x_wconf 89' lang='lat' dir='ltr'><strong>solo</strong></span> <span class='ocrx_word' id='word_1_509' title='bbox 1167 3568 1404 3621; x_wconf 89' lang='lat' dir='ltr'><strong>nomine:</strong></span> <span class='ocrx_word' id='word_1_510' title='bbox 1436 3569 1540 3623; x_wconf 92' lang='lat' dir='ltr'><strong>hoc</strong></span> <span class='ocrx_word' id='word_1_511' title='bbox 1565 3577 1743 3622; x_wconf 91' lang='lat' dir='ltr'><strong>autem</strong></span> <span class='ocrx_word' id='word_1_512' title='bbox 1769 3569 1897 3622; x_wconf 88' lang='lat' dir='ltr'><strong>mihi</strong></span> <span class='ocrx_word' id='word_1_513' title='bbox 1929 3571 2070 3637; x_wconf 90' lang='lat' dir='ltr'><strong>piam</strong></span> <span class='ocrx_word' id='word_1_514' title='bbox 2098 3579 2336 3623; x_wconf 88' lang='lat' dir='ltr'><strong>mentem</strong></span> 
     </span>
    </p>
   </div>
   <div class='ocr_carea' id='block_1_68' title="bbox 776 3659 2337 3731">
    <p class='ocr_par' dir='ltr' id='par_1_68' title="bbox 776 3659 2337 3731">
     <span class='ocr_line' id='line_1_69' title="bbox 776 3659 2337 3731; baseline 0.003 -20"><span class='ocrx_word' id='word_1_515' title='bbox 776 3674 1054 3727; x_wconf 88' lang='lat' dir='ltr'><strong>nunquam</strong></span> <span class='ocrx_word' id='word_1_516' title='bbox 1085 3661 1281 3728; x_wconf 85' lang='lat' dir='ltr'><strong>poterit</strong></span> <span class='ocrx_word' id='word_1_517' title='bbox 1305 3661 1520 3714; x_wconf 84' lang='lat' dir='ltr'><strong>laedere.</strong></span> <span class='ocrx_word' id='word_1_518' title='bbox 1582 3659 1646 3714; x_wconf 83' lang='lat' dir='ltr'><strong>Et</strong></span> <span class='ocrx_word' id='word_1_519' title='bbox 1704 3676 1802 3731; x_wconf 81' lang='lat' dir='ltr'><strong>ego</strong></span> <span class='ocrx_word' id='word_1_520' title='bbox 1848 3662 2065 3731; x_wconf 91' lang='lat' dir='ltr'><strong>quidem</strong></span> <span class='ocrx_word' id='word_1_521' title='bbox 2107 3677 2337 3717; x_wconf 80' lang='lat' dir='ltr'><strong>exerceo</strong></span> 
     </span>
    </p>
   </div>
   <div class='ocr_carea' id='block_1_69' title="bbox 774 3751 2336 3823">
    <p class='ocr_par' dir='ltr' id='par_1_69' title="bbox 774 3751 2336 3823">
     <span class='ocr_line' id='line_1_70' title="bbox 774 3751 2336 3823; baseline 0.003 -20"><span class='ocrx_word' id='word_1_522' title='bbox 774 3765 919 3813; x_wconf 85' lang='lat' dir='ltr'><strong>eam,</strong></span> <span class='ocrx_word' id='word_1_523' title='bbox 952 3764 1068 3817; x_wconf 69' lang='lat' dir='ltr'><strong>quze</strong></span> <span class='ocrx_word' id='word_1_524' title='bbox 1093 3760 1174 3804; x_wconf 87' lang='lat' dir='ltr'><strong>est</strong></span> <span class='ocrx_word' id='word_1_525' title='bbox 1208 3751 1260 3804; x_wconf 90' lang='lat' dir='ltr'><strong>in</strong></span> <span class='ocrx_word' id='word_1_526' title='bbox 1287 3751 1525 3815; x_wconf 79' lang='lat' dir='ltr'><strong>Cltrism,</strong></span> <span class='ocrx_word' id='word_1_527' title='bbox 1563 3753 1958 3823; x_wconf 87' lang='lat' dir='ltr'><strong>philosophiam</strong></span> <span class='ocrx_word' id='word_1_528' title='bbox 2000 3772 2013 3808; x_wconf 89' lang='lat'><strong>:</strong></span> <span class='ocrx_word' id='word_1_529' title='bbox 2053 3755 2196 3808; x_wconf 88' lang='lat' dir='ltr'><strong>iilius</strong></span> <span class='ocrx_word' id='word_1_530' title='bbox 2236 3771 2336 3808; x_wconf 91' lang='lat' dir='ltr'><strong>au-</strong></span> 
     </span>
    </p>
   </div>
   <div class='ocr_carea' id='block_1_70' title="bbox 776 3840 2333 3916">
    <p class='ocr_par' dir='ltr' id='par_1_70' title="bbox 776 3840 2333 3916">
     <span class='ocr_line' id='line_1_71' title="bbox 776 3840 2333 3916; baseline 0.002 -23"><span class='ocrx_word' id='word_1_531' title='bbox 776 3851 881 3894; x_wconf 88' lang='lat' dir='ltr'><strong>tem</strong></span> <span class='ocrx_word' id='word_1_532' title='bbox 920 3840 1259 3908; x_wconf 81' lang='lat' dir='ltr'><strong>phi1050phia</strong></span> <span class='ocrx_word' id='word_1_533' title='bbox 1294 3851 1373 3897; x_wconf 90' lang='lat' dir='ltr'><strong>est</strong></span> <span class='ocrx_word' id='word_1_534' title='bbox 1428 3843 1568 3908; x_wconf 87' lang='lat' dir='ltr'><strong>apud</strong></span> <span class='ocrx_word' id='word_1_535' title='bbox 1613 3841 1778 3894; x_wconf 86' lang='lat' dir='ltr'><strong>Deum</strong></span> <span class='ocrx_word' id='word_1_536' title='bbox 1839 3859 2018 3916; x_wconf 86' lang='lat' dir='ltr'><strong>meum</strong></span> <span class='ocrx_word' id='word_1_537' title='bbox 2086 3845 2333 3896; x_wconf 85' lang='lat' dir='ltr'><strong>stultitia.</strong></span> 
     </span>
    </p>
   </div>
   <div class='ocr_carea' id='block_1_71' title="bbox 777 3921 2332 4002">
    <p class='ocr_par' dir='ltr' id='par_1_71' title="bbox 777 3921 2332 4002">
     <span class='ocr_line' id='line_1_72' title="bbox 777 3921 2332 4002; baseline 0.001 -21"><span class='ocrx_word' id='word_1_538' title='bbox 777 3930 1048 3997; x_wconf 85' lang='lat' dir='ltr'><strong>Scriptum</strong></span> <span class='ocrx_word' id='word_1_539' title='bbox 1077 3943 1161 3982; x_wconf 92' lang='lat' dir='ltr'><strong>est</strong></span> <span class='ocrx_word' id='word_1_540' title='bbox 1198 3934 1342 3983; x_wconf 88' lang='lat' dir='ltr'><strong>enim</strong></span> <span class='ocrx_word' id='word_1_541' title='bbox 1369 3949 1381 3982; x_wconf 92' lang='lat'><strong>:</strong></span> <span class='ocrx_word' id='word_1_542' title='bbox 1415 3932 1646 3984; x_wconf 79' lang='lat' dir='ltr'><strong>Perdam</strong></span> <span class='ocrx_word' id='word_1_543' title='bbox 1669 3921 1983 3999; x_wconf 78' lang='lat' dir='ltr'><strong>sapientiam</strong></span> <span class='ocrx_word' id='word_1_544' title='bbox 2015 3935 2332 4002; x_wconf 73' lang='lat' dir='ltr'><strong>sapientum,</strong></span> 
     </span>
    </p>
   </div>
   <div class='ocr_carea' id='block_1_72' title="bbox 772 4023 2332 4093">
    <p class='ocr_par' dir='ltr' id='par_1_72' title="bbox 772 4023 2332 4093">
     <span class='ocr_line' id='line_1_73' title="bbox 772 4023 2332 4093; baseline 0.004 -18"><span class='ocrx_word' id='word_1_545' title='bbox 772 4031 823 4075; x_wconf 78' lang='lat' dir='ltr'><strong>et</strong></span> <span class='ocrx_word' id='word_1_546' title='bbox 874 4023 1202 4093; x_wconf 81' lang='lat' dir='ltr'><strong>prudentiam</strong></span> <span class='ocrx_word' id='word_1_547' title='bbox 1234 4023 1549 4091; x_wconf 82' lang='lat' dir='ltr'><strong>prudentum</strong></span> <span class='ocrx_word' id='word_1_548' title='bbox 1577 4023 1788 4077; x_wconf 83' lang='lat' dir='ltr'><strong>abolebo</strong></span> <span class='ocrx_word' id='word_1_549' title='bbox 1819 4025 1880 4079; x_wconf 83' lang='lat'><strong>“.</strong></span> <span class='ocrx_word' id='word_1_550' title='bbox 1933 4024 2066 4078; x_wconf 91' lang='lat' dir='ltr'><strong>Nam</strong></span> <span class='ocrx_word' id='word_1_551' title='bbox 2105 4027 2332 4081; x_wconf 85' lang='lat' dir='ltr'><strong>deorum</strong></span> 
     </span>
    </p>
   </div>
   <div class='ocr_carea' id='block_1_73' title="bbox 773 4117 2336 4184">
    <p class='ocr_par' dir='ltr' id='par_1_73' title="bbox 773 4117 2336 4184">
     <span class='ocr_line' id='line_1_74' title="bbox 773 4117 2336 4184; baseline 0.001 -14"><span class='ocrx_word' id='word_1_552' title='bbox 773 4118 1044 4184; x_wconf 81' lang='lat' dir='ltr'><strong>dogmata,</strong></span> <span class='ocrx_word' id='word_1_553' title='bbox 1077 4131 1195 4184; x_wconf 61' lang='lat' dir='ltr'><strong>qua!</strong></span> <span class='ocrx_word' id='word_1_554' title='bbox 1224 4117 1333 4178; x_wconf 93' lang='lat' dir='ltr'><strong>ille,</strong></span> <span class='ocrx_word' id='word_1_555' title='bbox 1369 4127 1428 4168; x_wconf 94' lang='lat' dir='ltr'><strong>ut</strong></span> <span class='ocrx_word' id='word_1_556' title='bbox 1458 4117 1616 4179; x_wconf 90' lang='lat' dir='ltr'><strong>dicis,</strong></span> <span class='ocrx_word' id='word_1_557' title='bbox 1674 4117 1876 4184; x_wconf 83' lang='lat' dir='ltr'><strong>posuit,</strong></span> <span class='ocrx_word' id='word_1_558' title='bbox 1913 4128 2036 4171; x_wconf 90' lang='lat' dir='ltr'><strong>sunt</strong></span> <span class='ocrx_word' id='word_1_559' title='bbox 2089 4118 2236 4171; x_wconf 70' lang='lat' dir='ltr'><strong>falsm</strong></span> <span class='ocrx_word' id='word_1_560' title='bbox 2281 4127 2336 4173; x_wconf 87' lang='lat' dir='ltr'><strong>ct</strong></span> 
     </span>
    </p>
   </div>
   <div class='ocr_carea' id='block_1_74' title="bbox 773 4205 2331 4275">
    <p class='ocr_par' dir='ltr' id='par_1_74' title="bbox 773 4205 2331 4275">
     <span class='ocr_line' id='line_1_75' title="bbox 773 4205 2331 4275; baseline 0.003 -17"><span class='ocrx_word' id='word_1_561' title='bbox 773 4205 911 4259; x_wconf 73' lang='lat' dir='ltr'><strong>ficta:</strong></span> <span class='ocrx_word' id='word_1_562' title='bbox 953 4205 1163 4268; x_wconf 69' lang='lat' dir='ltr'><strong>fabulae,</strong></span> <span class='ocrx_word' id='word_1_563' title='bbox 1217 4220 1335 4274; x_wconf 68' lang='lat' dir='ltr'><strong>quae</strong></span> <span class='ocrx_word' id='word_1_564' title='bbox 1360 4206 1752 4258; x_wconf 90' lang='lat' dir='ltr'><strong>adumbrantur</strong></span> <span class='ocrx_word' id='word_1_565' title='bbox 1776 4208 2099 4275; x_wconf 88' lang='lat' dir='ltr'><strong>deceptione</strong></span> <span class='ocrx_word' id='word_1_566' title='bbox 2128 4209 2331 4262; x_wconf 66' lang='lat' dir='ltr'><strong>dtemo-</strong></span> 
     </span>
    </p>
   </div>
   <div class='ocr_carea' id='block_1_75' title="bbox 772 4297 2333 4364">
    <p class='ocr_par' dir='ltr' id='par_1_75' title="bbox 772 4297 2333 4364">
     <span class='ocr_line' id='line_1_76' title="bbox 772 4297 2333 4364; baseline 0.003 -14"><span class='ocrx_word' id='word_1_567' title='bbox 772 4313 924 4362; x_wconf 92' lang='lat' dir='ltr'><strong>num,</strong></span> <span class='ocrx_word' id='word_1_568' title='bbox 996 4300 1091 4364; x_wconf 87' lang='lat' dir='ltr'><strong>qui</strong></span> <span class='ocrx_word' id='word_1_569' title='bbox 1143 4298 1342 4352; x_wconf 90' lang='lat' dir='ltr'><strong>animis</strong></span> <span class='ocrx_word' id='word_1_570' title='bbox 1391 4297 1629 4352; x_wconf 69' lang='lat' dir='ltr'><strong>afferunt</strong></span> <span class='ocrx_word' id='word_1_571' title='bbox 1685 4298 1988 4361; x_wconf 88' lang='lat' dir='ltr'><strong>interitum,</strong></span> <span class='ocrx_word' id='word_1_572' title='bbox 2032 4308 2085 4353; x_wconf 89' lang='lat' dir='ltr'><strong>et</strong></span> <span class='ocrx_word' id='word_1_573' title='bbox 2121 4304 2333 4354; x_wconf 56' lang='lat' dir='ltr'><strong>&#39;t‘erbo-</strong></span> 
     </span>
    </p>
   </div>
   <div class='ocr_carea' id='block_1_76' title="bbox 772 4389 2332 4456">
    <p class='ocr_par' dir='ltr' id='par_1_76' title="bbox 772 4389 2332 4456">
     <span class='ocr_line' id='line_1_77' title="bbox 772 4389 2332 4456; baseline 0.004 -17"><span class='ocrx_word' id='word_1_574' title='bbox 772 4404 890 4440; x_wconf 87' lang='lat' dir='ltr'><strong>rtun</strong></span> <span class='ocrx_word' id='word_1_575' title='bbox 951 4389 1148 4441; x_wconf 87' lang='lat' dir='ltr'><strong>astutia</strong></span> <span class='ocrx_word' id='word_1_576' title='bbox 1186 4400 1389 4442; x_wconf 76' lang='lat' dir='ltr'><strong>vestras</strong></span> <span class='ocrx_word' id='word_1_577' title='bbox 1422 4399 1635 4443; x_wconf 90' lang='lat' dir='ltr'><strong>mentes</strong></span> <span class='ocrx_word' id='word_1_578' title='bbox 1664 4401 2017 4456; x_wconf 73' lang='lat' dir='ltr'><strong>exctecantes,</strong></span> <span class='ocrx_word' id='word_1_579' title='bbox 2052 4392 2332 4447; x_wconf 88' lang='lat' dir='ltr'><strong>abducunt</strong></span> 
     </span>
    </p>
   </div>
   <div class='ocr_carea' id='block_1_77' title="bbox 770 4480 2070 4549">
    <p class='ocr_par' dir='ltr' id='par_1_77' title="bbox 770 4480 2070 4549">
     <span class='ocr_line' id='line_1_78' title="bbox 770 4480 2070 4549; baseline 0.001 -15"><span class='ocrx_word' id='word_1_580' title='bbox 770 4496 797 4534; x_wconf 94' lang='lat' dir='ltr'><strong>a</strong></span> <span class='ocrx_word' id='word_1_581' title='bbox 847 4480 1193 4549; x_wconf 78' lang='lat' dir='ltr'><strong>simplicitate</strong></span> <span class='ocrx_word' id='word_1_582' title='bbox 1252 4481 1399 4547; x_wconf 85' lang='lat' dir='ltr'><strong>fidei,</strong></span> <span class='ocrx_word' id='word_1_583' title='bbox 1433 4497 1552 4549; x_wconf 62' lang='lat' dir='ltr'><strong>qua:</strong></span> <span class='ocrx_word' id='word_1_584' title='bbox 1581 4491 1666 4534; x_wconf 84' lang='lat' dir='ltr'><strong>est</strong></span> <span class='ocrx_word' id='word_1_585' title='bbox 1694 4483 1742 4533; x_wconf 91' lang='lat' dir='ltr'><strong>in</strong></span> <span class='ocrx_word' id='word_1_586' title='bbox 1774 4480 2070 4535; x_wconf 84' lang='lat' dir='ltr'><strong>Christum.</strong></span> 
     </span>
    </p>
   </div>
   <div class='ocr_carea' id='block_1_78' title="bbox 839 4572 2327 4647">
    <p class='ocr_par' dir='ltr' id='par_1_78' title="bbox 839 4572 2327 4647">
     <span class='ocr_line' id='line_1_79' title="bbox 839 4572 2327 4647; baseline 0.001 -22"><span class='ocrx_word' id='word_1_587' title='bbox 839 4572 980 4626; x_wconf 72' lang='lat' dir='ltr'><strong>XIX.</strong></span> <span class='ocrx_word' id='word_1_588' title='bbox 1016 4573 1301 4642; x_wconf 87' lang='lat' dir='ltr'><strong>Postquam</strong></span> <span class='ocrx_word' id='word_1_589' title='bbox 1358 4582 1538 4627; x_wconf 91' lang='lat' dir='ltr'><strong>autem</strong></span> <span class='ocrx_word' id='word_1_590' title='bbox 1565 4585 1834 4628; x_wconf 76' lang='lat' dir='ltr'><strong>cessasset</strong></span> <span class='ocrx_word' id='word_1_591' title='bbox 1899 4575 2044 4644; x_wconf 90' lang='lat' dir='ltr'><strong>loqui</strong></span> <span class='ocrx_word' id='word_1_592' title='bbox 2107 4588 2327 4647; x_wconf 82' lang='lat' dir='ltr'><strong>martyr,</strong></span> 
     </span>
    </p>
   </div>
   <div class='ocr_carea' id='block_1_79' title="bbox 769 4666 2326 4737">
    <p class='ocr_par' dir='ltr' id='par_1_79' title="bbox 769 4666 2326 4737">
     <span class='ocr_line' id='line_1_80' title="bbox 769 4666 2326 4737; baseline 0.003 -21"><span class='ocrx_word' id='word_1_593' title='bbox 769 4666 886 4734; x_wconf 85' lang='lat' dir='ltr'><strong>ejus</strong></span> <span class='ocrx_word' id='word_1_594' title='bbox 952 4666 1170 4732; x_wconf 88' lang='lat' dir='ltr'><strong>quidem</strong></span> <span class='ocrx_word' id='word_1_595' title='bbox 1208 4680 1468 4733; x_wconf 84' lang='lat' dir='ltr'><strong>responso</strong></span> <span class='ocrx_word' id='word_1_596' title='bbox 1517 4666 1931 4736; x_wconf 84' lang='lat' dir='ltr'><strong>obstupefactus</strong></span> <span class='ocrx_word' id='word_1_597' title='bbox 1972 4668 2326 4737; x_wconf 77' lang='lat' dir='ltr'><strong>Agrippinus,</strong></span> 
     </span>
    </p>
   </div>
   <div class='ocr_carea' id='block_1_80' title="bbox 769 4755 2328 4823">
    <p class='ocr_par' dir='ltr' id='par_1_80' title="bbox 769 4755 2328 4823">
     <span class='ocr_line' id='line_1_81' title="bbox 769 4755 2328 4823; baseline 0.002 -15"><span class='ocrx_word' id='word_1_598' title='bbox 769 4755 967 4808; x_wconf 88' lang='lat' dir='ltr'><strong>mansit</strong></span> <span class='ocrx_word' id='word_1_599' title='bbox 1005 4765 1206 4816; x_wconf 90' lang='lat' dir='ltr'><strong>mutus,</strong></span> <span class='ocrx_word' id='word_1_600' title='bbox 1245 4772 1349 4808; x_wconf 90' lang='lat' dir='ltr'><strong>non</strong></span> <span class='ocrx_word' id='word_1_601' title='bbox 1374 4757 1557 4810; x_wconf 80' lang='lat' dir='ltr'><strong>valens</strong></span> <span class='ocrx_word' id='word_1_602' title='bbox 1584 4757 1632 4810; x_wconf 90' lang='lat' dir='ltr'><strong>ei</strong></span> <span class='ocrx_word' id='word_1_603' title='bbox 1665 4757 2012 4823; x_wconf 83' lang='lat' dir='ltr'><strong>respondere.</strong></span> <span class='ocrx_word' id='word_1_604' title='bbox 2074 4760 2206 4811; x_wconf 80' lang='lat' dir='ltr'><strong>Cum</strong></span> <span class='ocrx_word' id='word_1_605' title='bbox 2234 4773 2328 4812; x_wconf 88' lang='lat' dir='ltr'><strong>au-</strong></span> 
     </span>
    </p>
   </div>
   <div class='ocr_carea' id='block_1_81' title="bbox 774 4847 2325 4920">
    <p class='ocr_par' dir='ltr' id='par_1_81' title="bbox 774 4847 2325 4920">
     <span class='ocr_line' id='line_1_82' title="bbox 774 4847 2325 4920; baseline 0.001 -20"><span class='ocrx_word' id='word_1_606' title='bbox 774 4859 879 4902; x_wconf 92' lang='lat' dir='ltr'><strong>tem</strong></span> <span class='ocrx_word' id='word_1_607' title='bbox 913 4849 1069 4916; x_wconf 88' lang='lat' dir='ltr'><strong>paulo</strong></span> <span class='ocrx_word' id='word_1_608' title='bbox 1099 4856 1219 4915; x_wconf 88' lang='lat' dir='ltr'><strong>post</strong></span> <span class='ocrx_word' id='word_1_609' title='bbox 1248 4847 1506 4915; x_wconf 82' lang='lat' dir='ltr'><strong>jussisset</strong></span> <span class='ocrx_word' id='word_1_610' title='bbox 1529 4863 1650 4900; x_wconf 89' lang='lat' dir='ltr'><strong>eum</strong></span> <span class='ocrx_word' id='word_1_611' title='bbox 1684 4848 1750 4900; x_wconf 84' lang='lat' dir='ltr'><strong>de</strong></span> <span class='ocrx_word' id='word_1_612' title='bbox 1776 4849 1922 4915; x_wconf 79' lang='lat' dir='ltr'><strong>ligno</strong></span> <span class='ocrx_word' id='word_1_613' title='bbox 1957 4849 2180 4916; x_wconf 87' lang='lat' dir='ltr'><strong>deponi,</strong></span> <span class='ocrx_word' id='word_1_614' title='bbox 2235 4866 2325 4920; x_wconf 81' lang='lat' dir='ltr'><strong>ag-</strong></span> 
     </span>
    </p>
   </div>
   <div class='ocr_carea' id='block_1_82' title="bbox 774 4937 2323 5007">
    <p class='ocr_par' dir='ltr' id='par_1_82' title="bbox 774 4937 2323 5007">
     <span class='ocr_line' id='line_1_83' title="bbox 774 4937 2323 5007; baseline 0.004 -19"><span class='ocrx_word' id='word_1_615' title='bbox 774 4950 990 5007; x_wconf 77' lang='lat' dir='ltr'><strong>gressus</strong></span> <span class='ocrx_word' id='word_1_616' title='bbox 1018 4946 1095 4990; x_wconf 90' lang='lat' dir='ltr'><strong>esl</strong></span> <span class='ocrx_word' id='word_1_617' title='bbox 1128 4952 1249 4990; x_wconf 87' lang='lat' dir='ltr'><strong>eum</strong></span> <span class='ocrx_word' id='word_1_618' title='bbox 1280 4952 1467 4990; x_wconf 85' lang='lat' dir='ltr'><strong>rursus</strong></span> <span class='ocrx_word' id='word_1_619' title='bbox 1525 4937 1734 4989; x_wconf 86' lang='lat' dir='ltr'><strong>blandis</strong></span> <span class='ocrx_word' id='word_1_620' title='bbox 1774 4938 1954 4992; x_wconf 84' lang='lat' dir='ltr'><strong>verbis</strong></span> <span class='ocrx_word' id='word_1_621' title='bbox 2007 4940 2323 5006; x_wconf 88' lang='lat' dir='ltr'><strong>admonere,</strong></span> 
     </span>
    </p>
   </div>
   <div class='ocr_carea' id='block_1_83' title="bbox 772 5027 2325 5099">
    <p class='ocr_par' dir='ltr' id='par_1_83' title="bbox 772 5027 2325 5099">
     <span class='ocr_line' id='line_1_84' title="bbox 772 5027 2325 5099; baseline 0.002 -17"><span class='ocrx_word' id='word_1_622' title='bbox 772 5029 849 5082; x_wconf 84' lang='lat' dir='ltr'><strong>sic</strong></span> <span class='ocrx_word' id='word_1_623' title='bbox 898 5027 1083 5080; x_wconf 89' lang='lat' dir='ltr'><strong>dicens</strong></span> <span class='ocrx_word' id='word_1_624' title='bbox 1119 5043 1132 5078; x_wconf 91' lang='lat'><strong>:</strong></span> <span class='ocrx_word' id='word_1_625' title='bbox 1192 5027 1298 5096; x_wconf 78' lang='lat' dir='ltr'><strong>Ego</strong></span> <span class='ocrx_word' id='word_1_626' title='bbox 1329 5029 1394 5080; x_wconf 88' lang='lat' dir='ltr'><strong>de</strong></span> <span class='ocrx_word' id='word_1_627' title='bbox 1450 5038 1666 5092; x_wconf 70' lang='lat' dir='ltr'><strong>caetero,</strong></span> <span class='ocrx_word' id='word_1_628' title='bbox 1702 5045 1734 5081; x_wconf 90' lang='grc' dir='ltr'><strong>ο</strong></span> <span class='ocrx_word' id='word_1_629' title='bbox 1785 5030 1956 5092; x_wconf 77' lang='lat' dir='ltr'><strong>I’lato,</strong></span> <span class='ocrx_word' id='word_1_630' title='bbox 2001 5031 2143 5099; x_wconf 89' lang='lat' dir='ltr'><strong>quod</strong></span> <span class='ocrx_word' id='word_1_631' title='bbox 2179 5031 2242 5084; x_wconf 91' lang='lat' dir='ltr'><strong>ad</strong></span> <span class='ocrx_word' id='word_1_632' title='bbox 2277 5041 2325 5086; x_wconf 90' lang='lat' dir='ltr'><strong>te</strong></span> 
     </span>
    </p>
   </div>
   <div class='ocr_carea' id='block_1_84' title="bbox 766 5118 2325 5188">
    <p class='ocr_par' dir='ltr' id='par_1_84' title="bbox 766 5118 2325 5188">
     <span class='ocr_line' id='line_1_85' title="bbox 766 5118 2325 5188; baseline 0.005 -16"><span class='ocrx_word' id='word_1_633' title='bbox 766 5119 979 5188; x_wconf 89' lang='lat' dir='ltr'><strong>quidem</strong></span> <span class='ocrx_word' id='word_1_634' title='bbox 1021 5118 1230 5182; x_wconf 82' lang='lat' dir='ltr'><strong>attinet,</strong></span> <span class='ocrx_word' id='word_1_635' title='bbox 1265 5134 1381 5171; x_wconf 90' lang='lat' dir='ltr'><strong>sum</strong></span> <span class='ocrx_word' id='word_1_636' title='bbox 1421 5119 1576 5188; x_wconf 84' lang='lat' dir='ltr'><strong>plane</strong></span> <span class='ocrx_word' id='word_1_637' title='bbox 1619 5122 2000 5178; x_wconf 86' lang='lat' dir='ltr'><strong>animidubius</strong></span> <span class='ocrx_word' id='word_1_638' title='bbox 2061 5142 2161 5179; x_wconf 85' lang='lat' dir='ltr'><strong>nec</strong></span> <span class='ocrx_word' id='word_1_639' title='bbox 2213 5128 2325 5181; x_wconf 85' lang='lat' dir='ltr'><strong>scio</strong></span> 
     </span>
    </p>
   </div>
   <div class='ocr_carea' id='block_1_85' title="bbox 764 5209 2320 5281">
    <p class='ocr_par' dir='ltr' id='par_1_85' title="bbox 764 5209 2320 5281">
     <span class='ocr_line' id='line_1_86' title="bbox 764 5209 2320 5281; baseline 0.006 -20"><span class='ocrx_word' id='word_1_640' title='bbox 764 5210 890 5278; x_wconf 91' lang='lat' dir='ltr'><strong>quid</strong></span> <span class='ocrx_word' id='word_1_641' title='bbox 948 5209 1170 5266; x_wconf 88' lang='lat' dir='ltr'><strong>debeam</strong></span> <span class='ocrx_word' id='word_1_642' title='bbox 1223 5210 1420 5265; x_wconf 87' lang='lat' dir='ltr'><strong>facere.</strong></span> <span class='ocrx_word' id='word_1_643' title='bbox 1470 5210 1573 5276; x_wconf 84' lang='lat' dir='ltr'><strong>Qui</strong></span> <span class='ocrx_word' id='word_1_644' title='bbox 1610 5213 1790 5281; x_wconf 87' lang='lat' dir='ltr'><strong>itaque</strong></span> <span class='ocrx_word' id='word_1_645' title='bbox 1822 5222 1871 5267; x_wconf 93' lang='lat' dir='ltr'><strong>te</strong></span> <span class='ocrx_word' id='word_1_646' title='bbox 1933 5217 2115 5270; x_wconf 89' lang='lat' dir='ltr'><strong>multis</strong></span> <span class='ocrx_word' id='word_1_647' title='bbox 2167 5218 2320 5271; x_wconf 87' lang='lat' dir='ltr'><strong>all&#39;eci</strong></span> 
     </span>
    </p>
   </div>
   <div class='ocr_carea' id='block_1_86' title="bbox 760 5300 2322 5369">
    <p class='ocr_par' dir='ltr' id='par_1_86' title="bbox 760 5300 2322 5369">
     <span class='ocr_line' id='line_1_87' title="bbox 760 5300 2322 5369; baseline 0.003 -12"><span class='ocrx_word' id='word_1_648' title='bbox 760 5300 1118 5362; x_wconf 77' lang='lat' dir='ltr'><strong>Cruciatibus,</strong></span> <span class='ocrx_word' id='word_1_649' title='bbox 1145 5315 1245 5354; x_wconf 92' lang='lat' dir='ltr'><strong>nec</strong></span> <span class='ocrx_word' id='word_1_650' title='bbox 1275 5301 1565 5369; x_wconf 85' lang='lat' dir='ltr'><strong>quidquam</strong></span> <span class='ocrx_word' id='word_1_651' title='bbox 1599 5304 1773 5368; x_wconf 78' lang='lat' dir='ltr'><strong>effeci,</strong></span> <span class='ocrx_word' id='word_1_652' title='bbox 1798 5314 1850 5356; x_wconf 91' lang='lat' dir='ltr'><strong>et</strong></span> <span class='ocrx_word' id='word_1_653' title='bbox 1887 5305 2108 5359; x_wconf 90' lang='lat' dir='ltr'><strong>adhibui</strong></span> <span class='ocrx_word' id='word_1_654' title='bbox 2169 5309 2322 5362; x_wconf 85' lang='lat' dir='ltr'><strong>blan-</strong></span> 
     </span>
    </p>
   </div>
   <div class='ocr_carea' id='block_1_87' title="bbox 759 5388 2321 5461">
    <p class='ocr_par' dir='ltr' id='par_1_87' title="bbox 759 5388 2321 5461">
     <span class='ocr_line' id='line_1_88' title="bbox 759 5388 2321 5461; baseline 0.003 -18"><span class='ocrx_word' id='word_1_655' title='bbox 759 5388 941 5452; x_wconf 86' lang='lat' dir='ltr'><strong>ditias,</strong></span> <span class='ocrx_word' id='word_1_656' title='bbox 964 5396 1019 5442; x_wconf 90' lang='lat' dir='ltr'><strong>et</strong></span> <span class='ocrx_word' id='word_1_657' title='bbox 1054 5389 1157 5443; x_wconf 92' lang='lat' dir='ltr'><strong>hoc</strong></span> <span class='ocrx_word' id='word_1_658' title='bbox 1179 5389 1309 5442; x_wconf 89' lang='lat' dir='ltr'><strong>nihil</strong></span> <span class='ocrx_word' id='word_1_659' title='bbox 1352 5388 1578 5459; x_wconf 87' lang='lat' dir='ltr'><strong>profuit,</strong></span> <span class='ocrx_word' id='word_1_660' title='bbox 1613 5405 1757 5444; x_wconf 90' lang='lat' dir='ltr'><strong>nunc</strong></span> <span class='ocrx_word' id='word_1_661' title='bbox 1786 5393 1947 5444; x_wconf 90' lang='lat' dir='ltr'><strong>statui</strong></span> <span class='ocrx_word' id='word_1_662' title='bbox 1973 5393 2175 5461; x_wconf 87' lang='lat' dir='ltr'><strong>aliquot</strong></span> <span class='ocrx_word' id='word_1_663' title='bbox 2206 5396 2321 5449; x_wconf 82' lang='lat' dir='ltr'><strong>dies</strong></span> 
     </span>
    </p>
   </div>
   <div class='ocr_carea' id='block_1_88' title="bbox 763 5480 2316 5555">
    <p class='ocr_par' dir='ltr' id='par_1_88' title="bbox 763 5480 2316 5555">
     <span class='ocr_line' id='line_1_89' title="bbox 763 5480 2316 5555; baseline 0.005 -23"><span class='ocrx_word' id='word_1_664' title='bbox 763 5480 856 5532; x_wconf 92' lang='lat' dir='ltr'><strong>tibi</strong></span> <span class='ocrx_word' id='word_1_665' title='bbox 885 5480 1202 5535; x_wconf 89' lang='lat' dir='ltr'><strong>concedere.</strong></span> <span class='ocrx_word' id='word_1_666' title='bbox 1237 5481 1395 5536; x_wconf 85' lang='lat' dir='ltr'><strong>Forte</strong></span> <span class='ocrx_word' id='word_1_667' title='bbox 1442 5498 1565 5536; x_wconf 94' lang='lat' dir='ltr'><strong>cum</strong></span> <span class='ocrx_word' id='word_1_668' title='bbox 1609 5483 1686 5536; x_wconf 85' lang='lat' dir='ltr'><strong>sic</strong></span> <span class='ocrx_word' id='word_1_669' title='bbox 1744 5485 2028 5551; x_wconf 75' lang='lat' dir='ltr'><strong>agnoveris</strong></span> <span class='ocrx_word' id='word_1_670' title='bbox 2062 5487 2133 5546; x_wconf 83' lang='lat' dir='ltr'><strong>id,</strong></span> <span class='ocrx_word' id='word_1_671' title='bbox 2175 5487 2316 5555; x_wconf 89' lang='lat' dir='ltr'><strong>quod</strong></span> 
     </span>
    </p>
   </div>
   <div class='ocr_carea' id='block_1_89' title="bbox 755 5569 2318 5644">
    <p class='ocr_par' dir='ltr' id='par_1_89' title="bbox 755 5569 2318 5644">
     <span class='ocr_line' id='line_1_90' title="bbox 755 5569 2318 5644; baseline 0.005 -20"><span class='ocrx_word' id='word_1_672' title='bbox 755 5582 844 5625; x_wconf 74' lang='lat' dir='ltr'><strong>eat</strong></span> <span class='ocrx_word' id='word_1_673' title='bbox 865 5569 960 5624; x_wconf 87' lang='lat' dir='ltr'><strong>tibi</strong></span> <span class='ocrx_word' id='word_1_674' title='bbox 997 5571 1148 5636; x_wconf 90' lang='lat' dir='ltr'><strong>utile,</strong></span> <span class='ocrx_word' id='word_1_675' title='bbox 1183 5572 1321 5626; x_wconf 86' lang='lat' dir='ltr'><strong>hanc</strong></span> <span class='ocrx_word' id='word_1_676' title='bbox 1345 5581 1488 5627; x_wconf 86' lang='lat' dir='ltr'><strong>tuam</strong></span> <span class='ocrx_word' id='word_1_677' title='bbox 1523 5575 1797 5644; x_wconf 84' lang='lat' dir='ltr'><strong>relinques</strong></span> <span class='ocrx_word' id='word_1_678' title='bbox 1835 5577 2213 5643; x_wconf 87' lang='lat' dir='ltr'><strong>pervicaciam,</strong></span> <span class='ocrx_word' id='word_1_679' title='bbox 2265 5587 2318 5632; x_wconf 87' lang='lat' dir='ltr'><strong>et</strong></span> 
     </span>
    </p>
   </div>
   <div class='ocr_carea' id='block_1_90' title="bbox 865 5747 2299 5826">
    <p class='ocr_par' dir='ltr' id='par_1_90' title="bbox 865 5747 2299 5826">
     <span class='ocr_line' id='line_1_91' title="bbox 865 5747 2299 5826; baseline 0.006 -25"><span class='ocrx_word' id='word_1_680' title='bbox 865 5747 907 5778; x_wconf 87' lang='lat'>&quot;</span> <span class='ocrx_word' id='word_1_681' title='bbox 937 5747 1095 5803; x_wconf 78' lang='lat' dir='ltr'><strong>Rom.</strong></span> <span class='ocrx_word' id='word_1_682' title='bbox 1125 5765 1184 5814; x_wconf 84' lang='grc' dir='ltr'>ιι.</span> <span class='ocrx_word' id='word_1_683' title='bbox 1222 5749 1306 5806; x_wconf 82' lang='grc'><strong>16.</strong></span> <span class='ocrx_word' id='word_1_684' title='bbox 1416 5753 1457 5810; x_wconf 76' lang='lat'><strong>&quot;_</strong></span> <span class='ocrx_word' id='word_1_685' title='bbox 1493 5752 1594 5808; x_wconf 81' lang='lat' dir='ltr'><strong>lsa.</strong></span> <span class='ocrx_word' id='word_1_686' title='bbox 1636 5767 1780 5822; x_wconf 75' lang='lat' dir='ltr'><strong>xxix,</strong></span> <span class='ocrx_word' id='word_1_687' title='bbox 1807 5754 1866 5808; x_wconf 71' lang='lat' dir='ltr'><strong>l4</strong></span> <span class='ocrx_word' id='word_1_688' title='bbox 1896 5771 1909 5822; x_wconf 91' lang='lat'>;</span> <span class='ocrx_word' id='word_1_689' title='bbox 1943 5772 1955 5809; x_wconf 87' lang='grc' dir='ltr'><strong>ι</strong></span> <span class='ocrx_word' id='word_1_690' title='bbox 1984 5756 2105 5811; x_wconf 86' lang='lat' dir='ltr'><strong>Cor.</strong></span> <span class='ocrx_word' id='word_1_691' title='bbox 2144 5758 2181 5826; x_wconf 89' lang='lat' dir='ltr'><strong>l,</strong></span> <span class='ocrx_word' id='word_1_692' title='bbox 2214 5758 2299 5812; x_wconf 73' lang='lat'><strong>19.</strong></span> 
     </span>
    </p>
   </div>
   <div class='ocr_carea' id='block_1_91' title="bbox 2445 3277 4015 3350">
    <p class='ocr_par' dir='ltr' id='par_1_91' title="bbox 2445 3277 4015 3350">
     <span class='ocr_line' id='line_1_92' title="bbox 2445 3277 4015 3350; baseline 0.004 -22"><span class='ocrx_word' id='word_1_693' title='bbox 2445 3277 2641 3346; x_wconf 87' lang='grc' dir='ltr'>ίστησι.</span> <span class='ocrx_word' id='word_1_694' title='bbox 2677 3281 2734 3332; x_wconf 92' lang='grc' dir='ltr'><strong>Ὀ</strong></span> <span class='ocrx_word' id='word_1_695' title='bbox 2796 3282 2851 3332; x_wconf 85' lang='grc' dir='ltr'>δὲ</span> <span class='ocrx_word' id='word_1_696' title='bbox 2872 3282 3070 3349; x_wconf 82' lang='grc' dir='ltr'>τρόπος</span> <span class='ocrx_word' id='word_1_697' title='bbox 3125 3281 3440 3348; x_wconf 73' lang='grc' dir='ltr'>συζευγνύει</span> <span class='ocrx_word' id='word_1_698' title='bbox 3460 3319 3474 3343; x_wconf 92' lang='grc'><strong>,</strong></span> <span class='ocrx_word' id='word_1_699' title='bbox 3503 3283 3548 3333; x_wconf 86' lang='grc' dir='ltr'>εἰ</span> <span class='ocrx_word' id='word_1_700' title='bbox 3577 3282 3650 3348; x_wconf 76' lang='grc' dir='ltr'><strong>μὴ</strong></span> <span class='ocrx_word' id='word_1_701' title='bbox 3677 3282 3841 3350; x_wconf 76' lang='grc' dir='ltr'>μόνον</span> <span class='ocrx_word' id='word_1_702' title='bbox 3867 3286 4015 3335; x_wconf 57' lang='lat' dir='ltr'><strong>eicis</strong></span> 
     </span>
    </p>
   </div>
   <div class='ocr_carea' id='block_1_92' title="bbox 2442 3360 4014 3443">
    <p class='ocr_par' dir='ltr' id='par_1_92' title="bbox 2442 3360 4014 3443">
     <span class='ocr_line' id='line_1_93' title="bbox 2442 3360 4014 3443; baseline 0.003 -21"><span class='ocrx_word' id='word_1_703' title='bbox 2442 3371 2583 3436; x_wconf 84' lang='grc' dir='ltr'>6εια,</span> <span class='ocrx_word' id='word_1_704' title='bbox 2611 3369 2751 3422; x_wconf 82' lang='grc' dir='ltr'>ὥστε</span> <span class='ocrx_word' id='word_1_705' title='bbox 2784 3372 2859 3433; x_wconf 83' lang='grc' dir='ltr'><strong>είς</strong></span> <span class='ocrx_word' id='word_1_706' title='bbox 2891 3372 3042 3424; x_wconf 76' lang='grc' dir='ltr'>οὐδὲν</span> <span class='ocrx_word' id='word_1_707' title='bbox 3069 3360 3259 3432; x_wconf 71' lang='grc' dir='ltr'>ἐοικώς</span> <span class='ocrx_word' id='word_1_708' title='bbox 3285 3372 3400 3441; x_wconf 82' lang='grc' dir='ltr'>ειμι</span> <span class='ocrx_word' id='word_1_709' title='bbox 3422 3373 3690 3437; x_wconf 83' lang='grc' dir='ltr'>Πλάτωνι,</span> <span class='ocrx_word' id='word_1_710' title='bbox 3725 3375 3773 3425; x_wconf 79' lang='grc' dir='ltr'><strong>εί</strong></span> <span class='ocrx_word' id='word_1_711' title='bbox 3810 3374 3885 3443; x_wconf 80' lang='grc' dir='ltr'><strong>μὴ</strong></span> <span class='ocrx_word' id='word_1_712' title='bbox 3919 3378 4014 3442; x_wconf 84' lang='grc' dir='ltr'>μό-</span> 
     </span>
    </p>
   </div>
   <div class='ocr_carea' id='block_1_93' title="bbox 2443 3460 4013 3532">
    <p class='ocr_par' dir='ltr' id='par_1_93' title="bbox 2443 3460 4013 3532">
     <span class='ocr_line' id='line_1_94' title="bbox 2443 3460 4013 3532; baseline 0.001 -21"><span class='ocrx_word' id='word_1_713' title='bbox 2443 3477 2528 3512; x_wconf 89' lang='grc' dir='ltr'><strong>νον</strong></span> <span class='ocrx_word' id='word_1_714' title='bbox 2561 3460 2699 3513; x_wconf 78' lang='grc' dir='ltr'>κατὰ</span> <span class='ocrx_word' id='word_1_715' title='bbox 2722 3461 2779 3513; x_wconf 76' lang='grc' dir='ltr'>τὸ</span> <span class='ocrx_word' id='word_1_716' title='bbox 2808 3461 2976 3530; x_wconf 73' lang='grc' dir='ltr'>ὄνομα</span> <span class='ocrx_word' id='word_1_717' title='bbox 3003 3461 3160 3515; x_wconf 76' lang='grc' dir='ltr'>τοῦτο</span> <span class='ocrx_word' id='word_1_718' title='bbox 3189 3462 3388 3532; x_wconf 76' lang='grc' dir='ltr'>βλάψαι</span> <span class='ocrx_word' id='word_1_719' title='bbox 3422 3480 3524 3532; x_wconf 90' lang='grc' dir='ltr'><strong>μου</strong></span> <span class='ocrx_word' id='word_1_720' title='bbox 3555 3464 3644 3515; x_wconf 76' lang='grc' dir='ltr'>τὸν</span> <span class='ocrx_word' id='word_1_721' title='bbox 3680 3463 3882 3532; x_wconf 73' lang='grc' dir='ltr'>εὐσεϐῆ</span> <span class='ocrx_word' id='word_1_722' title='bbox 3929 3465 4013 3514; x_wconf 69' lang='lat' dir='ltr'><strong>ita-</strong></span> 
     </span>
    </p>
   </div>
   <div class='ocr_carea' id='block_1_94' title="bbox 2439 3551 4013 3624">
    <p class='ocr_par' dir='ltr' id='par_1_94' title="bbox 2439 3551 4013 3624">
     <span class='ocr_line' id='line_1_95' title="bbox 2439 3551 4013 3624; baseline 0.002 -21"><span class='ocrx_word' id='word_1_723' title='bbox 2439 3551 2636 3620; x_wconf 83' lang='grc' dir='ltr'>γισμὸν</span> <span class='ocrx_word' id='word_1_724' title='bbox 2693 3553 2752 3605; x_wconf 88' lang='grc' dir='ltr'><strong>ού</strong></span> <span class='ocrx_word' id='word_1_725' title='bbox 2806 3552 3029 3606; x_wconf 85' lang='grc' dir='ltr'>δύναται</span> <span class='ocrx_word' id='word_1_726' title='bbox 3087 3553 3343 3609; x_wconf 77' lang='grc' dir='ltr'>πώποτεο</span> <span class='ocrx_word' id='word_1_727' title='bbox 3406 3555 3725 3624; x_wconf 76' lang='grc' dir='ltr'>φιλοσοφίαν</span> <span class='ocrx_word' id='word_1_728' title='bbox 3788 3554 3900 3622; x_wconf 71' lang='grc' dir='ltr'><strong>γὰρ</strong></span> <span class='ocrx_word' id='word_1_729' title='bbox 3961 3557 4013 3606; x_wconf 73' lang='grc' dir='ltr'>ἰν</span> 
     </span>
    </p>
   </div>
   <div class='ocr_carea' id='block_1_95' title="bbox 2437 3643 4012 3716">
    <p class='ocr_par' dir='ltr' id='par_1_95' title="bbox 2437 3643 4012 3716">
     <span class='ocr_line' id='line_1_96' title="bbox 2437 3643 4012 3716; baseline -0.001 -20"><span class='ocrx_word' id='word_1_730' title='bbox 2437 3643 2658 3714; x_wconf 81' lang='grc' dir='ltr'>Χριστῷ</span> <span class='ocrx_word' id='word_1_731' title='bbox 2683 3645 3038 3715; x_wconf 77' lang='grc' dir='ltr'>μετέρχομαι·</span> <span class='ocrx_word' id='word_1_732' title='bbox 3073 3646 3178 3716; x_wconf 78' lang='grc' dir='ltr'><strong>ἡδὲ</strong></span> <span class='ocrx_word' id='word_1_733' title='bbox 3208 3647 3413 3700; x_wconf 78' lang='grc' dir='ltr'>ἐκείνου</span> <span class='ocrx_word' id='word_1_734' title='bbox 3443 3646 3729 3716; x_wconf 77' lang='grc' dir='ltr'>φιλοσοφία</span> <span class='ocrx_word' id='word_1_735' title='bbox 3758 3646 3917 3716; x_wconf 73' lang='grc' dir='ltr'>παρὰ</span> <span class='ocrx_word' id='word_1_736' title='bbox 3941 3646 4012 3713; x_wconf 77' lang='grc' dir='ltr'>τῷ</span> 
     </span>
    </p>
   </div>
   <div class='ocr_carea' id='block_1_96' title="bbox 2437 3735 4010 3807">
    <p class='ocr_par' dir='ltr' id='par_1_96' title="bbox 2437 3735 4010 3807">
     <span class='ocr_line' id='line_1_97' title="bbox 2437 3735 4010 3807; baseline 0.001 -21"><span class='ocrx_word' id='word_1_737' title='bbox 2437 3735 2556 3805; x_wconf 81' lang='grc' dir='ltr'>Θεῷ</span> <span class='ocrx_word' id='word_1_738' title='bbox 2589 3737 2767 3806; x_wconf 82' lang='grc' dir='ltr'>μωρία</span> <span class='ocrx_word' id='word_1_739' title='bbox 2794 3740 2942 3790; x_wconf 79' lang='grc' dir='ltr'>ἐστὶν</span> <span class='ocrx_word' id='word_1_740' title='bbox 2974 3738 3065 3788; x_wconf 77' lang='grc' dir='ltr'><strong>καὶ</strong></span> <span class='ocrx_word' id='word_1_741' title='bbox 3103 3738 3378 3799; x_wconf 75' lang='grc' dir='ltr'>ἀπωλείας</span> <span class='ocrx_word' id='word_1_742' title='bbox 3403 3738 3658 3807; x_wconf 82' lang='grc' dir='ltr'>πρόξενος</span> <span class='ocrx_word' id='word_1_743' title='bbox 3689 3741 3801 3799; x_wconf 80' lang='grc' dir='ltr'>τοῖς</span> <span class='ocrx_word' id='word_1_744' title='bbox 3837 3739 4010 3789; x_wconf 62' lang='lat' dir='ltr'><strong>nubo-</strong></span> 
     </span>
    </p>
   </div>
   <div class='ocr_carea' id='block_1_97' title="bbox 2442 3824 4009 3894">
    <p class='ocr_par' dir='ltr' id='par_1_97' title="bbox 2442 3824 4009 3894">
     <span class='ocr_line' id='line_1_98' title="bbox 2442 3824 4009 3894; baseline 0.003 -20"><span class='ocrx_word' id='word_1_745' title='bbox 2442 3826 2623 3892; x_wconf 77' lang='grc' dir='ltr'>μένοις</span> <span class='ocrx_word' id='word_1_746' title='bbox 2681 3828 2816 3893; x_wconf 81' lang='grc' dir='ltr'>αὐτῇ</span> <span class='ocrx_word' id='word_1_747' title='bbox 2854 3841 2867 3853; x_wconf 93' lang='grc'><strong>·</strong></span> <span class='ocrx_word' id='word_1_748' title='bbox 2899 3826 3210 3894; x_wconf 84' lang='grc' dir='ltr'>γέγραπται</span> <span class='ocrx_word' id='word_1_749' title='bbox 3263 3826 3371 3893; x_wconf 85' lang='grc' dir='ltr'><strong>γάρ</strong></span> <span class='ocrx_word' id='word_1_750' title='bbox 3398 3839 3412 3852; x_wconf 77' lang='grc'><strong><em>⁵</em></strong></span> <span class='ocrx_word' id='word_1_751' title='bbox 3446 3824 3678 3878; x_wconf 65' lang='grc' dir='ltr'>Ἀπολῶ</span> <span class='ocrx_word' id='word_1_752' title='bbox 3741 3825 3859 3889; x_wconf 82' lang='grc' dir='ltr'>τὴν</span> <span class='ocrx_word' id='word_1_753' title='bbox 3907 3843 4009 3878; x_wconf 85' lang='grc' dir='ltr'>σο-</span> 
     </span>
    </p>
   </div>
   <div class='ocr_carea' id='block_1_98' title="bbox 2439 3913 4009 3983">
    <p class='ocr_par' dir='ltr' id='par_1_98' title="bbox 2439 3913 4009 3983">
     <span class='ocr_line' id='line_1_99' title="bbox 2439 3913 4009 3983; baseline 0.003 -18"><span class='ocrx_word' id='word_1_754' title='bbox 2439 3915 2584 3982; x_wconf 75' lang='grc' dir='ltr'>φίαν</span> <span class='ocrx_word' id='word_1_755' title='bbox 2614 3913 2731 3966; x_wconf 85' lang='grc' dir='ltr'>τῶν</span> <span class='ocrx_word' id='word_1_756' title='bbox 2759 3914 2984 3982; x_wconf 67' lang='grc' dir='ltr'>σοφῶν,</span> <span class='ocrx_word' id='word_1_757' title='bbox 3029 3915 3124 3968; x_wconf 75' lang='grc' dir='ltr'><strong>καὶ</strong></span> <span class='ocrx_word' id='word_1_758' title='bbox 3159 3915 3270 3983; x_wconf 76' lang='grc' dir='ltr'><strong>τὴν</strong></span> <span class='ocrx_word' id='word_1_759' title='bbox 3307 3915 3564 3968; x_wconf 82' lang='grc' dir='ltr'>σύνεσιν</span> <span class='ocrx_word' id='word_1_760' title='bbox 3590 3914 3708 3968; x_wconf 84' lang='grc' dir='ltr'>τῶν</span> <span class='ocrx_word' id='word_1_761' title='bbox 3737 3916 4009 3970; x_wconf 74' lang='grc' dir='ltr'>συνετῶν</span> 
     </span>
    </p>
   </div>
   <div class='ocr_carea' id='block_1_99' title="bbox 2437 4007 4004 4079">
    <p class='ocr_par' dir='ltr' id='par_1_99' title="bbox 2437 4007 4004 4079">
     <span class='ocr_line' id='line_1_100' title="bbox 2437 4007 4004 4079; baseline 0.003 -20"><span class='ocrx_word' id='word_1_762' title='bbox 2437 4007 2731 4074; x_wconf 80' lang='grc' dir='ltr'>ἀθετήσω.</span> <span class='ocrx_word' id='word_1_763' title='bbox 2764 4008 2845 4062; x_wconf 74' lang='grc' dir='ltr'>Τὰ</span> <span class='ocrx_word' id='word_1_764' title='bbox 2887 4009 2994 4079; x_wconf 80' lang='grc' dir='ltr'><strong>γάρ</strong></span> <span class='ocrx_word' id='word_1_765' title='bbox 3027 4009 3272 4078; x_wconf 81' lang='grc' dir='ltr'>δόγματα</span> <span class='ocrx_word' id='word_1_766' title='bbox 3303 4008 3410 4062; x_wconf 89' lang='grc' dir='ltr'><strong>τῶν</strong></span> <span class='ocrx_word' id='word_1_767' title='bbox 3444 4008 3579 4062; x_wconf 86' lang='grc' dir='ltr'>Θεῶν</span> <span class='ocrx_word' id='word_1_768' title='bbox 3609 4009 3644 4063; x_wconf 79' lang='lat' dir='ltr'><strong>a</strong></span> <span class='ocrx_word' id='word_1_769' title='bbox 3693 4010 3759 4063; x_wconf 76' lang='grc' dir='ltr'><strong>σὺ</strong></span> <span class='ocrx_word' id='word_1_770' title='bbox 3807 4009 4004 4079; x_wconf 81' lang='grc' dir='ltr'>λέγεις.</span> 
     </span>
    </p>
   </div>
   <div class='ocr_carea' id='block_1_100' title="bbox 2436 4097 4005 4168">
    <p class='ocr_par' dir='ltr' id='par_1_100' title="bbox 2436 4097 4005 4168">
     <span class='ocr_line' id='line_1_101' title="bbox 2436 4097 4005 4168; baseline 0.001 -18"><span class='ocrx_word' id='word_1_771' title='bbox 2436 4100 2637 4159; x_wconf 73' lang='grc' dir='ltr'>ικεῖνος</span> <span class='ocrx_word' id='word_1_772' title='bbox 2667 4097 2816 4149; x_wconf 76' lang='grc' dir='ltr'>ἔθετο</span> <span class='ocrx_word' id='word_1_773' title='bbox 2841 4098 3028 4166; x_wconf 73' lang='grc' dir='ltr'>μύθοις</span> <span class='ocrx_word' id='word_1_774' title='bbox 3052 4100 3300 4167; x_wconf 67' lang='grc' dir='ltr'>ψευδέσιν</span> <span class='ocrx_word' id='word_1_775' title='bbox 3328 4099 3421 4150; x_wconf 77' lang='grc' dir='ltr'><strong>καὶ</strong></span> <span class='ocrx_word' id='word_1_776' title='bbox 3445 4100 3890 4168; x_wconf 72' lang='grc' dir='ltr'>πεπλανημένοις</span> <span class='ocrx_word' id='word_1_777' title='bbox 3911 4118 3926 4132; x_wconf 81' lang='grc'><em>’</em></span> <span class='ocrx_word' id='word_1_778' title='bbox 3948 4103 4005 4167; x_wconf 74' lang='grc' dir='ltr'>τῇ</span> 
     </span>
    </p>
   </div>
   <div class='ocr_carea' id='block_1_101' title="bbox 2435 4188 4006 4260">
    <p class='ocr_par' dir='ltr' id='par_1_101' title="bbox 2435 4188 4006 4260">
     <span class='ocr_line' id='line_1_102' title="bbox 2435 4188 4006 4260; baseline 0.003 -22"><span class='ocrx_word' id='word_1_779' title='bbox 2435 4189 2544 4255; x_wconf 76' lang='grc' dir='ltr'>γὰρ</span> <span class='ocrx_word' id='word_1_780' title='bbox 2577 4189 2758 4257; x_wconf 80' lang='grc' dir='ltr'>ἀπάτῃ</span> <span class='ocrx_word' id='word_1_781' title='bbox 2789 4188 2894 4240; x_wconf 89' lang='grc' dir='ltr'><strong>τῶν</strong></span> <span class='ocrx_word' id='word_1_782' title='bbox 2927 4190 3194 4258; x_wconf 74' lang='grc' dir='ltr'>ξαιμόνων</span> <span class='ocrx_word' id='word_1_783' title='bbox 3225 4191 3331 4240; x_wconf 88' lang='grc' dir='ltr'><strong>τῶν</strong></span> <span class='ocrx_word' id='word_1_784' title='bbox 3348 4191 3703 4258; x_wconf 73' lang='grc' dir='ltr'>ψυχοφοόρων</span> <span class='ocrx_word' id='word_1_785' title='bbox 3740 4210 4006 4260; x_wconf 74' lang='grc' dir='ltr'>στοιχεια-</span> 
     </span>
    </p>
   </div>
   <div class='ocr_carea' id='block_1_102' title="bbox 2436 4278 4004 4348">
    <p class='ocr_par' dir='ltr' id='par_1_102' title="bbox 2436 4278 4004 4348">
     <span class='ocr_line' id='line_1_103' title="bbox 2436 4278 4004 4348; baseline 0.003 -18"><span class='ocrx_word' id='word_1_786' title='bbox 2436 4280 2679 4347; x_wconf 76' lang='grc' dir='ltr'>ζόμενος,</span> <span class='ocrx_word' id='word_1_787' title='bbox 2730 4280 2824 4331; x_wconf 72' lang='grc' dir='ltr'><strong>καὶ</strong></span> <span class='ocrx_word' id='word_1_788' title='bbox 2880 4278 3078 4340; x_wconf 87' lang='grc' dir='ltr'>πάντες</span> <span class='ocrx_word' id='word_1_789' title='bbox 3119 4282 3166 4331; x_wconf 78' lang='grc' dir='ltr'>οἱ</span> <span class='ocrx_word' id='word_1_790' title='bbox 3212 4282 3333 4332; x_wconf 80' lang='grc' dir='ltr'>κατ’</span> <span class='ocrx_word' id='word_1_791' title='bbox 3380 4284 3537 4334; x_wconf 62' lang='grc' dir='ltr'>αὑτὸν</span> <span class='ocrx_word' id='word_1_792' title='bbox 3583 4283 3915 4348; x_wconf 73' lang='grc' dir='ltr'>τυφλοῦ-ντες</span> <span class='ocrx_word' id='word_1_793' title='bbox 3943 4287 4004 4335; x_wconf 66' lang='grc' dir='ltr'><strong>τὰ</strong></span> 
     </span>
    </p>
   </div>
   <div class='ocr_carea' id='block_1_103' title="bbox 2435 4369 4004 4443">
    <p class='ocr_par' dir='ltr' id='par_1_103' title="bbox 2435 4369 4004 4443">
     <span class='ocr_line' id='line_1_104' title="bbox 2435 4369 4004 4443; baseline 0.005 -22"><span class='ocrx_word' id='word_1_794' title='bbox 2435 4372 2681 4438; x_wconf 80' lang='grc' dir='ltr'>νοήματα</span> <span class='ocrx_word' id='word_1_795' title='bbox 2723 4370 2874 4440; x_wconf 84' lang='grc' dir='ltr'>ὑμῶν</span> <span class='ocrx_word' id='word_1_796' title='bbox 2911 4369 2996 4423; x_wconf 86' lang='grc' dir='ltr'>διὰ</span> <span class='ocrx_word' id='word_1_797' title='bbox 3038 4374 3132 4437; x_wconf 70' lang='grc' dir='ltr'>τῆς</span> <span class='ocrx_word' id='word_1_798' title='bbox 3173 4373 3514 4443; x_wconf 79' lang='grc' dir='ltr'>πανουργίας</span> <span class='ocrx_word' id='word_1_799' title='bbox 3554 4374 3662 4425; x_wconf 83' lang='grc' dir='ltr'><strong>τῶν</strong></span> <span class='ocrx_word' id='word_1_800' title='bbox 3700 4373 3878 4442; x_wconf 79' lang='grc' dir='ltr'>λόγων</span> <span class='ocrx_word' id='word_1_801' title='bbox 3906 4377 4004 4429; x_wconf 71' lang='grc' dir='ltr'>ἀπὸ</span> 
     </span>
    </p>
   </div>
   <div class='ocr_carea' id='block_1_104' title="bbox 2435 4460 3834 4536">
    <p class='ocr_par' dir='ltr' id='par_1_104' title="bbox 2435 4460 3834 4536">
     <span class='ocr_line' id='line_1_105' title="bbox 2435 4460 3834 4536; baseline 0.004 -23"><span class='ocrx_word' id='word_1_802' title='bbox 2435 4461 2530 4530; x_wconf 77' lang='grc' dir='ltr'>τῆς</span> <span class='ocrx_word' id='word_1_803' title='bbox 2560 4460 2858 4531; x_wconf 72' lang='grc' dir='ltr'>ἁπλότητος</span> <span class='ocrx_word' id='word_1_804' title='bbox 2887 4464 2986 4530; x_wconf 82' lang='grc' dir='ltr'>τῆς</span> <span class='ocrx_word' id='word_1_805' title='bbox 3021 4463 3098 4524; x_wconf 82' lang='grc' dir='ltr'><strong>είς</strong></span> <span class='ocrx_word' id='word_1_806' title='bbox 3129 4463 3218 4514; x_wconf 71' lang='grc' dir='ltr'>τὸν</span> <span class='ocrx_word' id='word_1_807' title='bbox 3255 4464 3486 4534; x_wconf 75' lang='grc' dir='ltr'>Χριστὸν</span> <span class='ocrx_word' id='word_1_808' title='bbox 3514 4465 3834 4536; x_wconf 80' lang='grc' dir='ltr'>ἀπήγαγον.</span> 
     </span>
    </p>
   </div>
   <div class='ocr_carea' id='block_1_105' title="bbox 2501 4571 4000 4649">
    <p class='ocr_par' dir='ltr' id='par_1_105' title="bbox 2501 4571 4000 4649">
     <span class='ocr_line' id='line_1_106' title="bbox 2501 4571 4000 4649; baseline 0.008 -25"><span class='ocrx_word' id='word_1_809' title='bbox 2501 4571 2599 4627; x_wconf 88' lang='grc' dir='ltr'><strong>ΙΘ’.</strong></span> <span class='ocrx_word' id='word_1_810' title='bbox 2631 4575 2780 4626; x_wconf 79' lang='grc' dir='ltr'>Μετὰ</span> <span class='ocrx_word' id='word_1_811' title='bbox 2816 4575 2870 4627; x_wconf 82' lang='grc' dir='ltr'>δὲ</span> <span class='ocrx_word' id='word_1_812' title='bbox 2915 4575 2970 4625; x_wconf 72' lang='grc' dir='ltr'>τὸ</span> <span class='ocrx_word' id='word_1_813' title='bbox 2993 4574 3301 4628; x_wconf 78' lang='grc' dir='ltr'>παύσασθαι</span> <span class='ocrx_word' id='word_1_814' title='bbox 3320 4578 3407 4629; x_wconf 73' lang='grc' dir='ltr'>τὸν</span> <span class='ocrx_word' id='word_1_815' title='bbox 3441 4580 3693 4649; x_wconf 87' lang='grc' dir='ltr'>μάρτυρα</span> <span class='ocrx_word' id='word_1_816' title='bbox 3718 4579 4000 4636; x_wconf 75' lang='grc' dir='ltr'>λαλοῦντα.</span> 
     </span>
    </p>
   </div>
   <div class='ocr_carea' id='block_1_106' title="bbox 2434 4664 4000 4740">
    <p class='ocr_par' dir='ltr' id='par_1_106' title="bbox 2434 4664 4000 4740">
     <span class='ocr_line' id='line_1_107' title="bbox 2434 4664 4000 4740; baseline 0.004 -24"><span class='ocrx_word' id='word_1_817' title='bbox 2434 4664 2567 4732; x_wconf 78' lang='grc' dir='ltr'>πρὸς</span> <span class='ocrx_word' id='word_1_818' title='bbox 2599 4665 2696 4733; x_wconf 79' lang='grc' dir='ltr'><strong>μὲν</strong></span> <span class='ocrx_word' id='word_1_819' title='bbox 2727 4666 2903 4732; x_wconf 83' lang='grc' dir='ltr'>ὀλίγον</span> <span class='ocrx_word' id='word_1_820' title='bbox 2935 4667 3228 4732; x_wconf 80' lang='grc' dir='ltr'>ἐκπλαγεὶς</span> <span class='ocrx_word' id='word_1_821' title='bbox 3267 4664 3297 4717; x_wconf 77' lang='grc' dir='ltr'><strong>δ</strong></span> <span class='ocrx_word' id='word_1_822' title='bbox 3334 4666 3688 4737; x_wconf 73' lang='grc' dir='ltr'>Ἀγριππῖνος</span> <span class='ocrx_word' id='word_1_823' title='bbox 3731 4672 3837 4740; x_wconf 78' lang='grc' dir='ltr'>τὴν</span> <span class='ocrx_word' id='word_1_824' title='bbox 3873 4674 4000 4723; x_wconf 77' lang='grc' dir='ltr'>από-</span> 
     </span>
    </p>
   </div>
   <div class='ocr_carea' id='block_1_107' title="bbox 2431 4755 3998 4830">
    <p class='ocr_par' dir='ltr' id='par_1_107' title="bbox 2431 4755 3998 4830">
     <span class='ocr_line' id='line_1_108' title="bbox 2431 4755 3998 4830; baseline 0.003 -22"><span class='ocrx_word' id='word_1_825' title='bbox 2431 4773 2608 4820; x_wconf 85' lang='grc' dir='ltr'>κρισιν</span> <span class='ocrx_word' id='word_1_826' title='bbox 2637 4755 2796 4807; x_wconf 78' lang='grc' dir='ltr'>αὑτοῦ</span> <span class='ocrx_word' id='word_1_827' title='bbox 2827 4756 3018 4824; x_wconf 79' lang='grc' dir='ltr'>ἔμενεν</span> <span class='ocrx_word' id='word_1_828' title='bbox 3045 4757 3176 4817; x_wconf 81' lang='grc' dir='ltr'>τέως</span> <span class='ocrx_word' id='word_1_829' title='bbox 3193 4757 3560 4825; x_wconf 79' lang='grc' dir='ltr'>ἀποκριθῆναι</span> <span class='ocrx_word' id='word_1_830' title='bbox 3585 4759 3659 4826; x_wconf 79' lang='grc' dir='ltr'><strong>μὴ</strong></span> <span class='ocrx_word' id='word_1_831' title='bbox 3679 4759 3998 4830; x_wconf 71' lang='grc' dir='ltr'>δυνάμενος.</span> 
     </span>
    </p>
   </div>
   <div class='ocr_carea' id='block_1_108' title="bbox 2429 4845 3997 4923">
    <p class='ocr_par' dir='ltr' id='par_1_108' title="bbox 2429 4845 3997 4923">
     <span class='ocr_line' id='line_1_109' title="bbox 2429 4845 3997 4923; baseline 0 -27"><span class='ocrx_word' id='word_1_832' title='bbox 2429 4845 2609 4914; x_wconf 78' lang='grc' dir='ltr'>Βραχὺ</span> <span class='ocrx_word' id='word_1_833' title='bbox 2634 4846 2688 4897; x_wconf 79' lang='grc' dir='ltr'>δὲ</span> <span class='ocrx_word' id='word_1_834' title='bbox 2708 4845 2964 4908; x_wconf 78' lang='grc' dir='ltr'>κελεύσας</span> <span class='ocrx_word' id='word_1_835' title='bbox 2989 4845 3203 4899; x_wconf 77' lang='grc' dir='ltr'>ἀπὸτοῦ</span> <span class='ocrx_word' id='word_1_836' title='bbox 3229 4848 3386 4912; x_wconf 80' lang='grc' dir='ltr'>ξύλου</span> <span class='ocrx_word' id='word_1_837' title='bbox 3405 4849 3561 4899; x_wconf 76' lang='grc' dir='ltr'>αὑτὸν</span> <span class='ocrx_word' id='word_1_838' title='bbox 3587 4853 3997 4923; x_wconf 62' lang='grc' dir='ltr'>κατενεχθῆναι,</span> 
     </span>
    </p>
   </div>
   <div class='ocr_carea' id='block_1_109' title="bbox 2426 4939 3997 5007">
    <p class='ocr_par' dir='ltr' id='par_1_109' title="bbox 2426 4939 3997 5007">
     <span class='ocr_line' id='line_1_110' title="bbox 2426 4939 3997 5007; baseline 0.004 -17"><span class='ocrx_word' id='word_1_839' title='bbox 2426 4939 2747 5007; x_wconf 77' lang='grc' dir='ltr'>ἐπεχείρησε</span> <span class='ocrx_word' id='word_1_840' title='bbox 2794 4939 2951 4991; x_wconf 85' lang='grc' dir='ltr'>πάλιν</span> <span class='ocrx_word' id='word_1_841' title='bbox 2974 4939 3154 5007; x_wconf 83' lang='grc' dir='ltr'>λόγοις</span> <span class='ocrx_word' id='word_1_842' title='bbox 3193 4941 3556 5003; x_wconf 82' lang='grc' dir='ltr'>ἐπαινετικοῖς</span> <span class='ocrx_word' id='word_1_843' title='bbox 3597 4943 3813 4997; x_wconf 80' lang='grc' dir='ltr'>πείθειν</span> <span class='ocrx_word' id='word_1_844' title='bbox 3845 4948 3997 4998; x_wconf 54' lang='lat' dir='ltr'><strong>aut?»</strong></span> 
     </span>
    </p>
   </div>
   <div class='ocr_carea' id='block_1_110' title="bbox 2425 5029 3994 5103">
    <p class='ocr_par' dir='ltr' id='par_1_110' title="bbox 2425 5029 3994 5103">
     <span class='ocr_line' id='line_1_111' title="bbox 2425 5029 3994 5103; baseline 0.005 -23"><span class='ocrx_word' id='word_1_845' title='bbox 2425 5029 2594 5095; x_wconf 79' lang='grc' dir='ltr'>λέγων</span> <span class='ocrx_word' id='word_1_846' title='bbox 2617 5046 2629 5059; x_wconf 70' lang='grc' dir='ltr'><strong>ο</strong></span> <span class='ocrx_word' id='word_1_847' title='bbox 2694 5029 2830 5093; x_wconf 83' lang='grc' dir='ltr'>Ἐγὼ</span> <span class='ocrx_word' id='word_1_848' title='bbox 2870 5029 3076 5094; x_wconf 76' lang='grc' dir='ltr'>λοιπὸν,</span> <span class='ocrx_word' id='word_1_849' title='bbox 3110 5031 3353 5092; x_wconf 78' lang='grc' dir='ltr'>Πλάτων,</span> <span class='ocrx_word' id='word_1_850' title='bbox 3388 5032 3573 5100; x_wconf 77' lang='grc' dir='ltr'>ἀπορῶ</span> <span class='ocrx_word' id='word_1_851' title='bbox 3622 5035 3689 5084; x_wconf 69' lang='grc' dir='ltr'><strong>τὰ</strong></span> <span class='ocrx_word' id='word_1_852' title='bbox 3725 5041 3858 5103; x_wconf 77' lang='grc' dir='ltr'>περὶ</span> <span class='ocrx_word' id='word_1_853' title='bbox 3912 5037 3994 5088; x_wconf 57' lang='lat' dir='ltr'><strong>aut)</strong></span> 
     </span>
    </p>
   </div>
   <div class='ocr_carea' id='block_1_111' title="bbox 2429 5116 3994 5192">
    <p class='ocr_par' dir='ltr' id='par_1_111' title="bbox 2429 5116 3994 5192">
     <span class='ocr_line' id='line_1_112' title="bbox 2429 5116 3994 5192; baseline 0.004 -18"><span class='ocrx_word' id='word_1_854' title='bbox 2429 5124 2522 5174; x_wconf 66' lang='grc' dir='ltr'><strong>καὶ</strong></span> <span class='ocrx_word' id='word_1_855' title='bbox 2562 5121 2659 5173; x_wconf 83' lang='grc' dir='ltr'><strong>οὐκ</strong></span> <span class='ocrx_word' id='word_1_856' title='bbox 2693 5117 2806 5173; x_wconf 77' lang='grc' dir='ltr'>οἶδα</span> <span class='ocrx_word' id='word_1_857' title='bbox 2837 5122 2885 5174; x_wconf 89' lang='grc' dir='ltr'>τί</span> <span class='ocrx_word' id='word_1_858' title='bbox 2915 5122 3113 5190; x_wconf 80' lang='grc' dir='ltr'>ὀφείλω</span> <span class='ocrx_word' id='word_1_859' title='bbox 3134 5116 3550 5192; x_wconf 76' lang='grc' dir='ltr'>διαπράξασθαι.</span> <span class='ocrx_word' id='word_1_860' title='bbox 3575 5127 3736 5180; x_wconf 73' lang='grc' dir='ltr'>Ἐπεὶ</span> <span class='ocrx_word' id='word_1_861' title='bbox 3779 5126 3876 5181; x_wconf 68' lang='grc' dir='ltr'><strong>οὖν</strong></span> <span class='ocrx_word' id='word_1_862' title='bbox 3912 5133 3994 5182; x_wconf 79' lang='grc' dir='ltr'><strong>καὶ</strong></span> 
     </span>
    </p>
   </div>
   <div class='ocr_carea' id='block_1_112' title="bbox 2423 5209 3990 5288">
    <p class='ocr_par' dir='ltr' id='par_1_112' title="bbox 2423 5209 3990 5288">
     <span class='ocr_line' id='line_1_113' title="bbox 2423 5209 3990 5288; baseline 0.008 -28"><span class='ocrx_word' id='word_1_863' title='bbox 2423 5210 2688 5279; x_wconf 82' lang='grc' dir='ltr'>τιμωρίας</span> <span class='ocrx_word' id='word_1_864' title='bbox 2717 5209 2911 5271; x_wconf 75' lang='grc' dir='ltr'>πολλὰς</span> <span class='ocrx_word' id='word_1_865' title='bbox 2938 5215 3236 5280; x_wconf 80' lang='grc' dir='ltr'>ἐπήγαγον,</span> <span class='ocrx_word' id='word_1_866' title='bbox 3281 5215 3371 5265; x_wconf 78' lang='grc' dir='ltr'>καὶ</span> <span class='ocrx_word' id='word_1_867' title='bbox 3399 5215 3550 5269; x_wconf 71' lang='grc' dir='ltr'>οὐδὲν</span> <span class='ocrx_word' id='word_1_868' title='bbox 3591 5216 3760 5268; x_wconf 85' lang='grc' dir='ltr'>πλέον</span> <span class='ocrx_word' id='word_1_869' title='bbox 3803 5221 3990 5288; x_wconf 53' lang='lat' dir='ltr'><strong>{qv-na,</strong></span> 
     </span>
    </p>
   </div>
   <div class='ocr_carea' id='block_1_113' title="bbox 2424 5303 3986 5381">
    <p class='ocr_par' dir='ltr' id='par_1_113' title="bbox 2424 5303 3986 5381">
     <span class='ocr_line' id='line_1_114' title="bbox 2424 5303 3986 5381; baseline 0.007 -27"><span class='ocrx_word' id='word_1_870' title='bbox 2424 5303 2514 5354; x_wconf 78' lang='grc' dir='ltr'><strong>καὶ</strong></span> <span class='ocrx_word' id='word_1_871' title='bbox 2538 5303 2820 5366; x_wconf 82' lang='grc' dir='ltr'>κολακείας</span> <span class='ocrx_word' id='word_1_872' title='bbox 2851 5304 3182 5372; x_wconf 80' lang='grc' dir='ltr'>προσέθηκα,</span> <span class='ocrx_word' id='word_1_873' title='bbox 3217 5308 3308 5359; x_wconf 79' lang='grc' dir='ltr'><strong>καὶ</strong></span> <span class='ocrx_word' id='word_1_874' title='bbox 3347 5308 3464 5358; x_wconf 77' lang='grc' dir='ltr'>οὐδὲ</span> <span class='ocrx_word' id='word_1_875' title='bbox 3493 5305 3666 5370; x_wconf 79' lang='grc' dir='ltr'>οὓτως</span> <span class='ocrx_word' id='word_1_876' title='bbox 3707 5311 3986 5381; x_wconf 61' lang='grc' dir='ltr'>ὠφέλησε.</span> 
     </span>
    </p>
   </div>
   <div class='ocr_carea' id='block_1_114' title="bbox 2426 5395 3990 5466">
    <p class='ocr_par' dir='ltr' id='par_1_114' title="bbox 2426 5395 3990 5466">
     <span class='ocr_line' id='line_1_115' title="bbox 2426 5395 3990 5466; baseline 0.004 -20"><span class='ocrx_word' id='word_1_877' title='bbox 2426 5395 2517 5446; x_wconf 83' lang='grc' dir='ltr'>νῦν</span> <span class='ocrx_word' id='word_1_878' title='bbox 2547 5396 2862 5463; x_wconf 64' lang='grc' dir='ltr'>ἐσκεψάμην</span> <span class='ocrx_word' id='word_1_879' title='bbox 2894 5395 3128 5447; x_wconf 76' lang='grc' dir='ltr'>ἐνδοῦναί</span> <span class='ocrx_word' id='word_1_880' title='bbox 3155 5414 3234 5449; x_wconf 91' lang='grc' dir='ltr'><strong>σοι</strong></span> <span class='ocrx_word' id='word_1_881' title='bbox 3263 5399 3470 5466; x_wconf 74' lang='grc' dir='ltr'>ἡμέρας</span> <span class='ocrx_word' id='word_1_882' title='bbox 3504 5401 3691 5463; x_wconf 75' lang='grc' dir='ltr'>τινὰς,</span> <span class='ocrx_word' id='word_1_883' title='bbox 3729 5404 3861 5466; x_wconf 72' lang='grc' dir='ltr'>ἴσως</span> <span class='ocrx_word' id='word_1_884' title='bbox 3899 5407 3990 5456; x_wconf 71' lang='grc' dir='ltr'>κᾶν</span> 
     </span>
    </p>
   </div>
   <div class='ocr_carea' id='block_1_115' title="bbox 2424 5488 3985 5564">
    <p class='ocr_par' dir='ltr' id='par_1_115' title="bbox 2424 5488 3985 5564">
     <span class='ocr_line' id='line_1_116' title="bbox 2424 5488 3985 5564; baseline 0.003 -25"><span class='ocrx_word' id='word_1_885' title='bbox 2424 5488 2595 5550; x_wconf 73' lang='grc' dir='ltr'>οὕτως</span> <span class='ocrx_word' id='word_1_886' title='bbox 2651 5491 2890 5557; x_wconf 75' lang='grc' dir='ltr'>ἐπιγνῳς</span> <span class='ocrx_word' id='word_1_887' title='bbox 2934 5490 2992 5540; x_wconf 75' lang='grc' dir='ltr'>τὸ</span> <span class='ocrx_word' id='word_1_888' title='bbox 3037 5490 3454 5559; x_wconf 77' lang='grc' dir='ltr'>συμφέρον,κα“ι</span> <span class='ocrx_word' id='word_1_889' title='bbox 3501 5493 3852 5564; x_wconf 73' lang='grc' dir='ltr'>καταλείψας</span> <span class='ocrx_word' id='word_1_890' title='bbox 3899 5497 3985 5560; x_wconf 73' lang='grc' dir='ltr'>τὴν</span> 
     </span>
    </p>
   </div>
   <div class='ocr_carea' id='block_1_116' title="bbox 2426 5579 3984 5656">
    <p class='ocr_par' dir='ltr' id='par_1_116' title="bbox 2426 5579 3984 5656">
     <span class='ocr_line' id='line_1_117' title="bbox 2426 5579 3984 5656; baseline 0.002 -24"><span class='ocrx_word' id='word_1_891' title='bbox 2426 5581 2671 5649; x_wconf 78' lang='grc' dir='ltr'>ἔνστασίν</span> <span class='ocrx_word' id='word_1_892' title='bbox 2705 5598 2794 5633; x_wconf 87' lang='grc' dir='ltr'><strong>σου</strong></span> <span class='ocrx_word' id='word_1_893' title='bbox 2830 5579 3029 5650; x_wconf 78' lang='grc' dir='ltr'>ταύτην</span> <span class='ocrx_word' id='word_1_894' title='bbox 3062 5581 3373 5644; x_wconf 70' lang='grc' dir='ltr'>ποοσέλοοις</span> <span class='ocrx_word' id='word_1_895' title='bbox 3403 5585 3511 5644; x_wconf 74' lang='grc' dir='ltr'>τοῖς</span> <span class='ocrx_word' id='word_1_896' title='bbox 3541 5582 3640 5652; x_wconf 74' lang='grc' dir='ltr'>τὴν</span> <span class='ocrx_word' id='word_1_897' title='bbox 3664 5587 3984 5656; x_wconf 71' lang='grc' dir='ltr'>οἰκουμένη-ι</span> 
     </span>
    </p>
   </div>
  </div>
