4188 6310
233 342 334 406 425

1466 335 1643 396 VlTA
1676 337 1735 399 S.
1774 334 2165 399 PLATONIS.

3361 324 3465 395 496

232 459 537 522 διέπουσιν,
574 455 670 509 καὶ
701 451 1024 523 ἀπαλλαγῇς
1056 450 1161 531 τῶν
1203 449 1562 520 περιεχόντων
1598 465 1657 501 σε
1698 466 1798 503 κα-

1922 450 2129 503 tccedes
2150 447 2215 503 ad
2246 447 2395 511 deos,
2433 446 2522 516 qnl
2572 449 2888 502 universum
2937 447 3125 503 orbem
3155 457 3311 503 terra:
3367 439 3466 501 ad-

231 551 337 625 ζιῶν
355 564 368 579 ⁸
396 548 489 602 καὶ
514 546 685 599 ταῦτα
714 543 905 610 εἰπὼν,
938 543 1219 596 ἐκέλευσεν
1241 541 1403 594 αὑτὸν
1433 542 1797 613 ἀπενεχθῆναι

230 644 286 696 ἓν
338 645 402 712 τῇ
462 641 700 711 φυλακῇ,
762 636 1137 709 παραγγείλας
1206 636 1283 705 τῷ
1340 634 1797 706 κομενταρησίῳ,

231 734 454 801 ούγκίαν
500 732 663 799 ἄρτου
700 732 937 784 δίδοσθαι
971 728 1117 797 αὐτῷ
1163 727 1283 781 καθ’
1319 729 1554 796 ἑκάστην
1588 727 1800 806 ἡμέραν

233 830 318 879 καὶ
346 827 571 895 κραοίον
599 824 785 885 ’ύδατος
812 821 903 876 καὶ
929 821 1074 886 παρὰ
1096 818 1321 889 μηδενὸς
1349 817 1577 887 ὁρᾶσθαι
1604 818 1763 871 αὐτόν
1781 831 1797 847 ο

232 919 443 977 ὑπενόει
473 918 601 985 γάρ,
641 917 713 985 μή
742 932 824 977 τις
851 914 958 966 τῶν
988 910 1353 981 διαφερόντων
1378 911 1527 981 αὐτῷ
1560 907 1803 980 ἐπιδώσει

230 1028 276 1062 τι
308 1009 455 1078 αὐτῷ
489 1010 547 1060 τὸ
603 1005 893 1076 διαθρέψαι
947 1004 1109 1059 αὑτὸν
1159 1002 1476 1071 δυνάμενον,
1535 1000 1801 1069 ἀγνοῶνό

229 1100 425 1163 ἄθλιος,
457 1100 537 1151 ὅτι
571 1101 691 1152 Οὐκ
722 1096 811 1150 ἐπ’
829 1095 984 1163 ἄρτῳ
1002 1098 1165 1164 μόνῳ
1182 1094 1418 1155 ζήσεται
1464 1093 1797 1159 ἄνθρωπος,

234 1191 363 1245 ἀλλ’
388 1191 483 1243 ἐπὶ
514 1188 693 1243 παντὶ
723 1188 945 1257 ῥήματι
975 1184 1433 1255 ἐκπορευομένῳ
1461 1185 1556 1239 διὰ
1584 1186 1804 1253 στόμα-

233 1303 333 1349 τος
360 1285 529 1339 Θεοῦ.
566 1285 621 1338 Ὀ
645 1285 700 1338 δὲ
719 1284 867 1352 ἅγιος
896 1282 1118 1336 Πλάτων
1140 1282 1391 1351 ἐποίησεν
1416 1282 1473 1333 ὲν
1496 1283 1563 1352 τῇ
1587 1280 1800 1349 φυλακῇ

230 1374 601 1427 ὀκτωκαίδεκα
630 1374 842 1444 ἡμέρας
871 1388 884 1402 ·
920 1372 1014 1425 καὶ
1045 1372 1130 1425 ἵνα
1162 1371 1421 1444 πληρωθῇ
1455 1371 1513 1423 τὸ
1552 1387 1803 1441 γεγραμ-

230 1469 414 1537 μένον,
464 1469 545 1519 ὅτι
590 1467 653 1519 '0
699 1464 926 1531 δίκαιος
966 1465 1035 1519 ἐκ
1084 1466 1341 1529 πίστεως
1391 1462 1654 1531 ζήσεται,
1705 1463 1806 1516 οὐκ

228 1557 491 1625 ἠθέλησεν
526 1554 679 1624 παρὰ
706 1554 798 1607 τοῦ
826 1553 1263 1624 κομενταρησίου
1288 1553 1451 1621 ἄρτον
1476 1552 1509 1622 ἢ
1542 1550 1687 1623 ὕδωρ
1712 1552 1807 1607 λα-

227 1646 361 1699 ϐεῖν.
389 1646 540 1717 ᾜδει
561 1646 668 1716 γὰρ
691 1648 718 1697 6
738 1645 814 1717 τῷ
844 1644 1041 1715 Δανιὴλ
1071 1648 1126 1697 ὲν
1155 1644 1301 1715 μέσῳ
1336 1643 1566 1696 λεόντων
1601 1643 1807 1714 τροφὴν

225 1739 568 1803 ἀποστείλας.
596 1737 755 1800 αὐτὸς
784 1737 876 1790 καὶ
899 1736 1058 1790 αὐτὸν
1082 1738 1139 1788 ἐν
1165 1739 1230 1805 τῇ
1264 1736 1477 1805 φυλακῇ
1506 1735 1805 1806 διαθρέιζνει.

239 1831 324 1891 Ὠς
352 1830 404 1881 δὲ
438 1830 485 1881 οἱ
514 1829 749 1897 φύλακες
782 1827 1069 1898 ἐθεώρουν,
1105 1826 1331 1896 μηδενὸς
1359 1826 1545 1879 τοῦτον
1574 1829 1807 1895 γευόμε-

226 1937 333 1980 νον,
356 1918 722 1981 δειλιάσαντες
754 1918 828 1987 μὴ
849 1916 1118 1988 διαφθαρῇ
1164 1916 1269 1968 ὑπὸ
1298 1916 1387 1968 τοῦ
1417 1914 1603 1986 λιμοῦ,
1639 1934 1811 1988 παρε-

226 2010 427 2062 κάλουν
473 2009 633 2062 αὑτὸν
694 2010 987 2077 λέγοντες’
1038 2010 1204 2077 Φάγε,
1239 2006 1518 2077 ἄνθρωπε,
1579 2009 1654 2079 μή
1695 2027 1813 2073 πως

228 2102 667 2172 κινδυνεύσωμεν
691 2104 851 2172 ἡμεῖς
877 2100 970 2155 σοῦ
994 2100 1223 2172 μηδενὸς
1241 2100 1485 2164 θέλοντος
1508 2101 1811 2168 γεύσασθαι

226 2190 332 2243 τῶν
367 2192 830 2261 προσφερομένων
862 2206 945 2242 σοι
978 2192 1107 2259 παρ’
1135 2189 1307 2258 ᾐμῶν.
1356 2189 1416 2242 Ὀ
1442 2189 1496 2243 δὲ
1539 2189 1811 2262 μακάριος

226 2282 453 2335 Πλάτων
513 2277 696 2335 εἶπεν·
752 2282 842 2352 Μὴ
895 2282 1178 2352 νομίσητε,
1217 2275 1261 2335 ὦ
1314 2280 1527 2352 ἄνδρες,
1577 2282 1657 2334 ἔτι
1701 2280 1811 2350 ἐγὼ

228 2374 535 2442 τελευτήσω
583 2374 776 2445 τούτου
808 2373 969 2444 χάριν
1000 2374 1093 2427 τοῦ
1147 2374 1221 2444 μὴ
1254 2373 1427 2427 θέλειν
1460 2374 1666 2428 ἐσθίειν
1710 2390 1809 2441 με’

230 2469 374 2537 ὑμᾶς
406 2468 515 2539 ’ίάρ
538 2466 726 2538 τρέφει
755 2468 937 2537 ἄρτος,
965 2467 1061 2533 ἐμὲ
1090 2465 1146 2517 δὲ
1178 2466 1333 2532 λόγος
1358 2464 1608 2534 ἀληθινὸς
1632 2465 1814 2534 διαμέ-

227 2578 335 2613 νων
360 2561 438 2619 είς
467 2561 637 2615 αἰῶνα
658 2558 851 2617 αἰῶνος
876 2573 888 2587 ·
921 2557 1010 2609 καὶ
1039 2557 1181 2626 ὑμᾶς
1213 2555 1310 2624 μὲν
1344 2556 1596 2625 χορτάζει
1619 2559 1808 2627 κρέας,

226 2652 329 2720 ἐμὲ
363 2652 417 2704 δὲ
456 2652 609 2722 εὐχή.
648 2650 821 2719 ’Υμάς
857 2647 1136 2719 εὐφραίνει
1171 2642 1446 2716 οἷνος,ἑμὲ
1469 2647 1525 2700 δὲ
1553 2649 1808 2718 Χριστὸς,

228 2744 263 2811 ἡ
305 2742 532 2813 ἀληθινὴ
595 2741 687 2794 τοῦ
734 2740 968 2811 ἀοράτου
1038 2739 1247 2810 ﬂat-pb;
1303 2737 1565 2808 ἄμπελος.
1625 2739 1812 2810 Ὑμεῖς

229 2835 568 2902 προσδοκᾶτε
609 2831 828 2884 ἔπαινον
874 2829 1025 2900 παρὰ
1055 2830 1358 2900 ἀνθρώπων
1388 2828 1661 2895 ἀκοῦσαι,
1702 2829 1812 2898 ἐγὼ

224 2926 283 2978 δὲ
310 2925 493 2993 φωνὴν
522 2924 856 2994 Δεσποτικὴν
888 2923 1028 2977 κατά
1057 2923 1154 2993 τὴν
1177 2922 1391 2992 ἡμέραν
1426 2923 1525 2991 τῆς
1556 2922 1809 2991 κρίσεως,

226 3015 354 3087 ita?
387 3014 453 3083 ἣν
483 3015 599 3083 ὲρεῖ
644 3017 670 3067 ὁ
726 3004 1021 3084 Ᾰυτρωτὴς
1084 3012 1178 3063 τοῦ
1242 3013 1449 3077 κόσμου
1509 3013 1747 3080 Χριστός
1795 3029 1810 3042 υ

1901 540 2215 595 ministrant
2250 557 2263 592 :
2301 547 2353 593 et
2404 537 2722 595 liberaberis
2755 553 2785 592 a
2819 539 3076 610 gravibus
3156 540 3461 604 tormentis,

1899 645 2019 699 quze
2049 640 2101 683 te
2123 628 2536 683 circunsistunt.
2571 627 2697 682 llaec
2719 642 2841 682 eum
2870 627 3119 695 dixisset,
3152 630 3311 699 jussit
3337 648 3464 686 eum

1904 720 2169 774 reduciin
2204 720 2532 781 custodiam,
2582 719 2783 786 jubens
2825 723 3302 777 commentariensi
3332 740 3472 793 quo-

1903 813 2031 873 tidie
2064 814 2115 868 ci
2143 815 2270 868 dare
2297 815 2509 868 unciam
2534 816 2691 884 panis
2726 823 2781 870 et
2808 826 2994 885 potum
3023 830 3235 885 aquam,
3256 826 3308 871 et
3340 833 3469 890 pro.

1904 906 2099 961 bibens
2117 921 2183 959 ne
2200 906 2267 960 ab
2292 907 2398 959 ullo
2420 905 2725 959 videretur.
2743 906 3047 961 Verebatur
3066 906 3235 967 enim,
3256 922 3323 960 ne
3342 907 3467 973 quis

1904 1014 1967 1054 ex
1996 999 2064 1053 iis
2097 998 2191 1068 qui
2220 998 2287 1053 ad
2322 998 2501 1067 ipsum
2534 998 2842 1052 attinebant
2868 998 2917 1052 ei
2960 998 3113 1052 daret
3150 997 3408 1051 alimenta
3452 1015 3466 1053 :

1906 1093 2161 1162 ignorans
2190 1090 2412 1153 stultus,
2431 1090 2573 1160 quod
2604 1088 2725 1142 Non
2753 1092 2802 1142 in
2830 1090 2942 1142 solo
2970 1104 3105 1157 pane
3146 1089 3266 1142 vivit
3300 1091 3474 1152 homo,

1906 1184 2002 1239 sed
2046 1186 2100 1239 in
2132 1184 2271 1237 omni
2297 1184 2447 1237 verbo
2491 1185 2627 1252 quod
2687 1184 2792 1236 exit
2849 1199 2940 1251 per
2992 1198 3047 1235 os
3092 1181 3187 1235 Dei
3216 1182 3276 1233 ¹⁸.
3331 1181 3474 1235 San-

1905 1290 2025 1334 ctus
2053 1288 2237 1334 autem
2287 1278 2441 1333 Plato
2472 1276 2738 1346 transegit
2782 1276 2969 1330 decem
3015 1284 3069 1329 et
3103 1284 3227 1329 octo
3260 1274 3377 1329 dies
3413 1274 3467 1327 in

1906 1371 2173 1435 custodia,
2200 1381 2255 1425 et
2281 1378 2340 1424 ut
2371 1369 2424 1423 in
2461 1369 2581 1437 ipso
2612 1380 2825 1437 quoque
2865 1366 3186 1435 impleretur
3231 1364 3286 1419 id
3327 1364 3475 1435 quod

1909 1464 2172 1533 scriptum
2204 1473 2321 1518 est:
2358 1462 2538 1516 Justus
2564 1476 2628 1514 ex
2662 1460 2764 1529 ﬁde
2794 1462 2927 1514 vivet
2960 1462 3028 1524 ι’,
3062 1459 3240 1515 noluit
3272 1475 3303 1513 a
3324 1473 3478 1514 com-

1908 1556 2267 1612 mentariensi
2298 1570 2497 1626 panem
2525 1552 2753 1609 omnino
2807 1563 2903 1608 aut
2964 1568 3159 1623 aquam
3206 1553 3476 1621 accipere.

1909 1648 2127 1705 Sciebat
2143 1649 2314 1714 enim,
2345 1647 2492 1718 quod
2520 1647 2611 1717 qui
2642 1645 2851 1701 Danieli
2871 1646 3019 1702 misit
3049 1646 3476 1709 nutrimentum,

1911 1737 2003 1808 qui
2032 1746 2150 1793 erat
2180 1737 2235 1792 in
2274 1738 2456 1793 medio
2516 1737 2733 1792 leonum
2766 1736 2832 1800 ³⁶.
2869 1737 2985 1807 ipse
3026 1736 3203 1808 ipsum
3262 1752 3481 1808 quoque

1914 1830 2116 1884 nutriet
2178 1830 2233 1884 in
2308 1830 2577 1886 custodia.
2634 1827 2926 1896 Postquam
2980 1838 3161 1884 autem
3224 1830 3479 1884 custodes

1912 1935 2037 1976 eum
2088 1918 2343 1978 viderunt
2378 1919 2517 1973 nihil
2580 1933 2822 1984 sumere,
2879 1918 3036 1972 veriti
3061 1934 3130 1972 ne
3174 1917 3481 1974 interircta

1916 2011 2078 2079 fame,
2101 2026 2222 2067 eum
2247 2011 2628 2077 hortabantur,
2644 2010 2891 2069 dicentes
2918 2008 3210 2075 :Comede,
3236 2023 3269 2064 ο
3293 2008 3482 2071 homo,

1913 2117 1983 2155 ne
2008 2101 2149 2155 forte
2183 2101 2468 2155 veniamus
2502 2100 2556 2153 in
2603 2098 2928 2167 periculum,
2960 2098 3005 2152 si
3040 2107 3098 2153 tu
3127 2098 3271 2153 nolis
3324 2098 3485 2166 quid-

1912 2208 2076 2265 quam
2132 2200 2350 2265 gustare
2388 2206 2579 2246 eorum
2612 2204 2732 2260 quae
2780 2190 2875 2244 tibi
2908 2204 2937 2243 a
2971 2190 3128 2243 nobis
3151 2189 3480 2245 olieruntur.

1915 2285 2113 2340 Beatus
2143 2294 2325 2339 autem
2350 2282 2504 2338 Plato
2538 2281 2707 2337 dixit:
2738 2279 2817 2336 Nc
2842 2278 3187 2345 existimetis,
3209 2297 3241 2337 ο
3264 2279 3486 2340 fratres.

1916 2390 2003 2429 me
2054 2374 2382 2428 moriturum
2439 2380 2747 2441 propterea,
2813 2371 2958 2440 quod
3025 2386 3132 2426 non
3184 2372 3485 2427 comedam.

1917 2464 2023 2520 Vos
2046 2464 2191 2519 enim
2225 2464 2399 2518 nutrit
2427 2462 2607 2532 panis,
2657 2477 2744 2517 me
2765 2472 2945 2521 autem
2972 2463 3199 2519 verbum
3238 2461 3333 2518 Dei
3358 2480 3487 2533 per-

1915 2570 2146 2610 manens
2178 2554 2233 2610 in
2263 2564 2530 2608 aeternum
2555 2571 2567 2607 :
2594 2561 2649 2607 et
2672 2569 2767 2607 vos
2791 2554 3011 2615 quidem
3043 2555 3243 2608 satiant
3269 2570 3487 2620 carnes,

1917 2660 2003 2702 me
2037 2655 2219 2703 autem
2250 2661 2403 2715 purae
2434 2660 2646 2715 preces.
2693 2645 2800 2699 Vos
2847 2645 3084 2703 laetiﬁcat
3137 2646 3344 2713 vinum,
3401 2662 3488 2703 me

1916 2744 2100 2790 autem
2132 2734 2408 2800 Christus,
2445 2750 2573 2789 vera
2623 2735 2748 2790 \itis
2792 2734 2988 2802 Patris,
3033 2736 3125 2806 qui
3170 2752 3280 2792 non
3341 2736 3493 2794 cadit

1916 2827 2019 2881 sub
2059 2837 2365 2896 aspectum.
2406 2825 2512 2881 Vos
2553 2827 2890 2897 exspectatis
2924 2828 3117 2884 audire
3173 2828 3393 2886 laudem
3417 2829 3488 2884 ab

1917 2917 2231 2978 hominibus
2266 2935 2279 2971 :
2309 2932 2408 2987 ego
2439 2928 2623 2973 autem
2682 2934 2872 2975 vocem
2924 2919 3261 2976 Dominicam
3300 2920 3355 2975 in
3401 2922 3493 2978 die

1913 3010 2130 3078 judicii,
2156 3024 2263 3080 qua
2288 3010 2430 3064 dicet
2457 3009 2789 3081 Redemptor
2813 3012 3001 3066 mundi
3032 3012 3283 3068 Christus
3319 3032 3332 3069 :
3392 3012 3493 3068 Ve-

226 3104 433 3171 Δεῦτε,
460 3108 511 3158 οί
544 3104 938 3174 εὐλογημένοι
989 3102 1096 3157 τοῦ
1135 3103 1363 3170 Πατρός
1388 3120 1543 3171 μουο
1577 3106 1790 3171 κληρο-

1922 3100 2046 3168 nite,
2097 3101 2352 3156 benedicti
2377 3102 2555 3157 Patris
2598 3103 2719 3161 mei.
2758 3103 3013 3172 possidete
3068 3115 3316 3175 paratum
3351 3106 3493 3163 vobis

227 3199 542 3268 νομήσατε
607 3198 721 3267 τὴν
785 3197 1238 3268 ήτοιμαοτμενην
1293 3194 1437 3264 ὑμῖν
1478 3195 1808 3260 ,ϐασιλείαν

227 3292 353 3345 ἀπὸ
407 3291 746 3361 καταϐολῆς
780 3292 1034 3361 κόσμου.

307 3384 559 3438 Κ¹.Μετ5ι
590 3384 645 3436 δὲ
670 3382 885 3454 ἡμέρας
913 3377 1065 3447 τινάς
1096 3386 1438 3455 προκαθίσας
1466 3390 1493 3442 6
1527 3389 1815 3459 Ἅγριππῖσ

227 3492 322 3536 νος
370 3478 427 3525 ἐν
474 3475 541 3543 τῇ
596 3472 872 3542 βασιλικῇ,
915 3475 1201 3528 ἐκέλευσεν
1250 3478 1483 3548 ἀχθῆναι
1512 3481 1604 3535 τὸν
1654 3481 1810 3547 ἅγιον

230 3566 524 3620 Πλάτωνα.
576 3565 857 3636 Ἀχθέντος
883 3565 942 3619 δὲ
984 3568 1172 3635 αὑτοῦ,
1222 3565 1375 3624 εἶπεν
1421 3572 1556 3642 πρὸς
1606 3573 1770 3626 αὐτόν
1797 3587 1809 3603 ·

231 3659 501 3729 ιιείσθητί
544 3677 635 3730 μοι
680 3659 893 3725 λοιπὸν,
944 3662 1039 3715 καὶ
1070 3660 1231 3714 θῦσον
1261 3665 1373 3728 τοῖς
1420 3663 1581 3730 θεοῖς,
1631 3667 1726 3719 καὶ
1757 3668 1816 3719 τὸ

230 3754 426 3814 κακῶς
448 3753 741 3807 ἀποθανεῖν
776 3754 1064 3825 κέρδησον.
1109 3754 1167 3808 Ὀ
1200 3755 1352 3825 ἅγιος
1372 3757 1596 3811 Πλάτων
1623 3754 1775 3812 εἶπεν
1799 3773 1813 3789 ·

243 3846 407 3915 Ἐμοὶ
430 3846 489 3898 τὸ
518 3845 618 3917 ζῇν
647 3846 879 3916 Χριστὸς
903 3847 1073 3898 καὶτὸ
1100 3848 1396 3901 ἀποθανεῖν
1426 3850 1635 3917 κέρδος.
1667 3852 1817 3909 Ποίει

230 3936 331 3999 οὖν
368 3938 425 3989 ὲν
453 3936 607 4006 τάχει
638 3939 718 4000 εἰς
753 3937 852 4006 ἐμὲ
881 3936 909 3989 ὃ
931 3935 1113 4007 βούλει
1133 3954 1145 3968 ’
1166 3936 1285 4008 ἐγὼ
1303 3942 1409 4010 γὰρ
1445 3941 1504 3994 οὐ
1532 3940 1643 3996 θύω
1668 3942 1820 3997 είδώ-

231 4028 354 4092 λοις
386 4028 637 4098 ἀψύχοις.
662 4028 794 4081 Τότε
836 4029 957 4083 ίδὼν
980 4031 1041 4084 τὸ
1073 4033 1407 4101 ἀμετάθετον
1451 4034 1552 4105 τῆς
1581 4036 1819 4103 πίστεως

234 4120 437 4186 αὑτοῦ,
477 4121 678 4176 ἔδωκεν
710 4122 982 4193 ἀπόφασιν
1017 4123 1138 4177 κατ’
1172 4125 1359 4192 αὑτοῦ,
1393 4127 1481 4179 ἵνα
1518 4130 1811 4201 ἀποτμηθῇ

230 4213 452 4284 κεφαλὴ
478 4213 666 4269 αὐτοῦ.
693 4213 961 4278 Λαϐόντες
985 4214 1040 4267 δὲ
1065 4216 1288 4271 αὖτὸνοί
1310 4215 1517 4287 δήμιοι,
1536 4219 1822 4290 ἀπήγαγον

232 4306 346 4371 ἔξω
366 4305 465 4376 τῆς
484 4305 691 4369 πόλεως
711 4308 765 4359 ὲν
789 4306 865 4376 τῷ
882 4306 1033 4377 τόπῳ
1057 4307 1429 4381 ἐπιλεγομένῳ
1446 4310 1688 4382 Κάμπιρ.
1712 4310 1825 4366 Καὶ

244 4400 385 4460 στὰς
416 4401 442 4449 6
474 4397 627 4463 ἅγιος
649 4397 857 4466 μάρτυς
881 4400 1253 4470 παρεκάλεσεν
1278 4402 1369 4455 τδν
1394 4405 1823 4476 σπεκουλάτορα,

1921 3208 2139 3263 regnum
2162 3202 2285 3249 ante
2319 3196 2501 3249 mundi
2529 3195 2952 3249 constitutionem
2974 3197 3039 3251 ¹¹.

1988 3393 2107 3451 XX.
2145 3393 2275 3450 Post
2292 3394 2408 3450 dies
2436 3404 2619 3448 autem
2653 3394 2862 3464 aliquot
2897 3393 3200 3463 praesidens
3232 3392 3491 3465 Agrippi-

1919 3505 2021 3545 nus
2052 3490 2105 3543 in
2143 3488 2387 3554 basilica,
2416 3487 2583 3559 jussit
2604 3499 2852 3544 sanctum
2889 3488 3175 3543 Platonem
3210 3487 3281 3541 ad
3310 3488 3491 3557 ipsum

1920 3580 2043 3636 duci
2071 3595 2101 3635 e
2135 3580 2403 3634 custodia.
2430 3579 2568 3634 Cum
2595 3589 2777 3633 autem
2801 3581 3000 3633 ductus
3029 3588 3199 3643 esset,
3231 3578 3365 3634 dicit
3405 3579 3491 3639 ei;

1918 3673 2057 3729 Pare
2085 3672 2217 3727 mihi
2251 3673 2318 3727 de
2347 3679 2567 3737 caetero,
2628 3679 2684 3725 ct
2731 3670 2836 3725 diis
2866 3670 3138 3735 sacriﬁca,
3174 3680 3231 3725 et
3252 3670 3493 3737 lucrare,

1921 3782 1991 3822 ne
2015 3767 2156 3822 male
2205 3764 2483 3821 moriaris.
2546 3764 2690 3820 Dixit
2732 3776 2955 3820 sanctus
3002 3765 3155 3820 Plato
3200 3782 3214 3819 :
3256 3763 3384 3818 Mihi
3411 3764 3495 3819 vi-

1923 3874 2071 3924 vere,
2114 3857 2368 3912 Christus
2399 3875 2412 3909 :
2440 3866 2496 3911 et
2523 3872 2623 3926 pro
2658 3860 2784 3926 ipso
2825 3858 2986 3921 mori,
3031 3867 3087 3912 et
3116 3859 3329 3912 lucrum
3361 3857 3407 3890 “
3441 3866 3498 3911 et

1921 3951 2111 4023 gloria.
2132 3948 2242 4005 Fac
2266 3962 2398 4021 ergo
2428 3945 2565 4002 mihi
2612 3945 2747 4008 cito,
2784 3945 2931 4015 quod
2985 3946 3145 4010 velis,
3196 3961 3297 4017 ego
3344 3945 3493 4001 enim

1923 4058 2207 4115 nunquam
2267 4040 2591 4098 sacriﬁcabo
2642 4038 2953 4096 simulacris
2983 4036 3268 4096 inanimis.
3338 4038 3535 4092 Tunc‘

1924 4151 2050 4192 cum
2080 4136 2308 4191 vidisset
2334 4132 2665 4205 Agrippinus
2704 4131 2865 4185 tidem
2910 4132 3031 4200 ejus
3076 4127 3494 4197 immutabilem,

1925 4228 2053 4283 tulit
2078 4227 2137 4281 in
2164 4242 2290 4285 eum
2330 4223 2685 4286 sententiam,
2724 4229 2785 4276 ut
2810 4230 2975 4292 caput
3001 4220 3050 4275 ei
3083 4228 3493 4290 amputaretur.

1926 4320 2063 4376 Cum
2103 4334 2231 4390 ergo
2278 4332 2407 4373 eum
2448 4314 2795 4387 accepissent
2850 4314 3095 4379 lictores,
3150 4313 3500 4373 abduxerunt

1929 4421 2084 4468 extra
2106 4410 2391 4465 civitatem
2428 4408 2482 4461 in
2506 4407 2647 4472 loco,
2675 4406 2769 4475 qui
2804 4416 3028 4461 vocatur
3051 4406 3308 4478 Campus.
3334 4406 3501 4464 Stans

232 4489 384 4543 ὥστε
425 4487 666 4541 ἐνδοῦναι
699 4490 848 4559 αὑτῷ
883 4492 1307 4564 προσεύξασθαι,
1329 4497 1422 4551 καὶ
1451 4496 1662 4564 ἐπάρας
1699 4499 1815 4561 τοὺς

1928 4513 2113 4558 autem
2143 4510 2366 4554 sanctus
2407 4504 2636 4570 martyr,
2656 4498 2869 4569 rogavit
2895 4475 3311 4567 spiculator—em,
3348 4507 3410 4553 ut
3448 4498 3501 4559 ei

230 4580 555 4652 ὀφθαλμοὺς
577 4580 740 4634 αὐτοῦ
766 4582 844 4645 είς
862 4584 955 4638 τὸν
976 4586 1224 4657 οὐρανὸν,
1242 4588 1393 4641 εἶπεν
1409 4604 1424 4620 ο
1452 4588 1620 4659 Κύριε
1645 4589 1822 4660 Ἰησοῦ

234 4675 469 4747 Χριστὲ,
500 4674 790 4744 πρόσδεξαι
813 4676 869 4729 ὲν
894 4676 1088 4750 εἰρήνῃ
1111 4678 1212 4754 τὴν
1230 4678 1409 4751 ψυχήν
1434 4697 1534 4752 μου
1563 4696 1576 4710 ο
1603 4683 1697 4736 καὶ
1727 4685 1822 4736 ὲκ-

232 4766 431 4829 οτείνας
452 4765 542 4819 τὸν
566 4767 761 4821 ἑαυτοῦ
785 4769 1078 4841 τράχηλον,
1110 4767 1262 4825 εἶπεν
1285 4772 1364 4843 τῷ
1391 4774 1787 4846 σπεκουλάτορι
1808 4792 1819 4805 ·

239 4857 401 4909 Ποίει
424 4856 485 4908 τὸ
504 4857 843 4928 προσταχθέν
872 4876 975 4912 σοι.
1014 4857 1147 4913 Τότε
1178 4863 1205 4913 6
1244 4864 1631 4936 σπεκουλάτωρ
1663 4863 1826 4939 κρού-

242 4965 352 5010 σας
379 4945 545 4999 αὑτὸν
568 4947 653 5016 τῷι
670 4946 836 5018 ξίφει,
861 4950 1136 5021 ἀπέτεμεν
1162 4953 1324 5007 αὑτοῦ
1347 4952 1444 5027 τὴν
1468 4955 1707 5026 κεφαλὴν
1733 4958 1828 5011 καὶ

239 5041 571 5112 παρέδωκεν
591 5039 651 5092 τὸ
669 5041 884 5111 πνεῦμα
901 5044 1065 5097 αὐτοῦ
1088 5044 1163 5116 τῷ
1180 5036 1388 5118 Κυρίῳ.
1411 5050 1484 5102 T6
1502 5049 1558 5101 δὲ
1578 5048 1829 5119 λείψανον

237 5131 345 5185 τοῦ
409 5134 567 5202 ἁγίου
625 5135 715 5186 καὶ
767 5137 1398 5205 μακαρίουθῐίλάτωνος
1457 5139 1714 5210 λαδόντες
1777 5141 1828 5193 oi

243 5227 579 5318 Χριστιανοὶ
610 5226 904 5280 κατέθεντο
927 5231 983 5281 ὲν
1008 5228 1086 5318 τῷ
1112 5231 1261 5303 αὑτῴ
1290 5232 1461 5310 τόπῳ.
1508 5232 1827 5305 Ἐτελειὼθη

241 5318 307 5371 δὲ
345 5320 372 5369 6
408 5315 561 5392 ἅγιος
587 5318 812 5392 Πλάτων
846 5317 978 5389 μηνὶ
1008 5315 1300 5399 Νοεμϐρίῳ
1334 5330 1422 5393 ιη’,
1450 5322 1827 5393 βασιλεύοντος

240 5410 347 5466 τοῦ
392 5410 599 5482 Κυρίου
639 5411 795 5489 ἡμῶν
857 5413 1032 5483 Ἰησοῦ
1076 5415 1338 5486 Χριστοῦ,
1385 5411 1429 5486 ᾧ
1471 5419 1503 5487 ἡ
1558 5416 1687 5483 δόξα
1732 5417 1831 5470 καὶ

240 5502 310 5557 τδ
357 5501 558 5571 κράτος
604 5498 703 5551 νῦν
754 5502 848 5555 καὶ
892 5505 973 5568 εἰς
1023 5504 1148 5569 τοὺς
1197 5506 1399 5571 αἰῶνας
1447 5506 1554 5563 τῶν
1594 5505 1826 5564 αἰώνων.

253 5600 458 5671 Ἀμήν-

358 5717 401 5747 ¹⁸
434 5716 718 5777 Dettt.vm,
753 5714 815 5778 '5;
849 5711 1038 5768 Matth.
1071 5716 1220 5781 ιν,4.

452 5789 497 5817 ⁷⁸⁸
528 5786 762 5852 Philipp.
787 5801 824 5847 ι,
884 5784 978 5837 21.

581 5879 851 5936 l’sTnOL.
901 5877 945 5934 G
960 5895 1014 5934 tt.
1064 5874 1239 5934 CXV.

238 5788 341 5843 34.

1331 5717 1373 5749 ¹⁹
1409 5715 1611 5774 Habac.
1642 5735 1697 5785 ιι,
1744 5719 1808 5781 4;
1841 5716 2004 5773 Hebr.
2037 5733 2088 5777 κ,
2120 5716 2208 5770 38.

1931 4605 2122 4662 parum
2142 4590 2298 4660 spatii
2321 4589 2654 4646 concederet
2679 4589 2746 4644 ad
2776 4589 3066 4644 orandum.
3122 4589 3227 4657 Qui
3270 4590 3501 4647 sublatis

1928 4685 1988 4741 in
2019 4685 2219 4742 caelum
2245 4683 2360 4742 suis
2381 4684 2576 4749 oculis,
2601 4681 2889 4737 Dominum
2912 4682 3107 4747 oravit,
3128 4683 3317 4739 dicens
3344 4701 3357 4738 :
3386 4685 3501 4755 Ago

1930 4776 2030 4833 tibi
2065 4778 2287 4850 gratias,
2320 4774 2551 4830 Domine
2581 4771 2972 4838 Jesquriste,
2999 4775 3145 4845 quod
3182 4786 3377 4830 sancto
3403 4784 3499 4829 tuo

1931 4873 2156 4927 nomine
2213 4866 2499 4939 protexisti
2539 4881 2628 4922 me
2690 4882 2915 4921 servum
2960 4875 3135 4930 tuum,
3194 4874 3251 4921 et
3301 4864 3499 4921 dedisti

1930 4957 2066 5016 mihi
2094 4958 2352 5029 gratiam,
2384 4965 2445 5011 ut
2479 4954 2722 5026 perfecte
2767 4968 2990 5010 cursum
3040 4953 3365 5017 conﬁcerem
3401 4970 3501 5025 pro

1931 5059 1984 5105 te
2024 5048 2263 5119 suscepti
2288 5047 2629 5104 certaminis.
2684 5048 2754 5102 Et
2789 5062 2937 5109 nunc
2982 5060 3112 5118 ιτοεο
3148 5033 3225 5111 ιὶι,
3282 5047 3501 5117 suscipe

1931 5142 1986 5196 in
2014 5156 2146 5212 pace
2200 5142 2439 5197 animam
2464 5155 2645 5197 meam
2672 5157 2685 5194 :
2711 5139 2974 5209 quoniam
3002 5155 3064 5197 es
3090 5139 3418 5197 benedictus
3444 5142 3502 5206 in

1932 5234 2150 5291 saecula.
2175 5234 2372 5289 Amen.
2402 5232 2557 5288 Tunc
2586 5246 2709 5286 cum
2737 5231 2940 5289 collum
2978 5246 3138 5287 suum
3162 5232 3505 5298 extendisset

1932 5326 2067 5383 dixit
2120 5325 2438 5398 spiculatori
2472 5343 2486 5378 :
2522 5323 2629 5379 Fac
2687 5323 2899 5389 amice,
2961 5322 3017 5378 id
3060 5323 3206 5394 quod
3252 5323 3354 5380 fuit
3405 5326 3503 5385 tibi

1935 5421 2284 5490 imperatum.
2300 5416 2608 5489 Spiculator
2629 5426 2812 5471 autem
2831 5430 2956 5470 eum
2975 5414 3155 5487 gladio
3170 5417 3505 5488 percutiens,

1936 5511 2167 5571 abscidit
2216 5511 2335 5582 ejus
2396 5518 2650 5565 sanctum
2683 5517 2848 5578 caput
2889 5522 2906 5563 :
2947 5518 3003 5564 et
3038 5508 3221 5564 statim
3277 5509 3508 5567 tradidit

1939 5604 2170 5660 Domino
2205 5618 2364 5659 suum
2392 5602 2669 5673 spiritum.
2698 5600 2957 5657 Pretiosa:
3001 5612 3183 5657 autem
3211 5611 3264 5656 et
3300 5611 3508 5659 sancta:

2323 5716 2369 5746 ὀ
2405 5714 2538 5769 Dan.
2579 5713 2796 5780 x1v,5'2.
2834 5729 2985 5785 seqq.
3098 5716 3137 5747 ¹¹
3166 5713 3358 5775 Matth.
3383 5733 3506 5774 xxv.

3103 5876 3173 5936 14
