4188 6310
740 315 843 376 427

2063 322 2346 384 MENSIS
2384 325 2681 389 IULIUS.

3901 324 3995 387 4‘28

740 430 881 485 beati
924 430 1164 487 Platonis
1200 434 1446 505 reliquiae
1481 446 1717 507 acceptae
1766 454 1796 492 a
1844 437 2201 501 Christianis,
2238 438 2499 510 deposita:
2551 441 2777 498 fuerunt
2816 442 2875 499 in
2907 442 3101 499 eodem
3134 445 3277 509 loco,
3346 445 3441 514 qui
3487 443 3693 500 dicitur
3741 440 3998 510 Campus.

733 527 1153 587 Consummatus
1215 540 1399 587 autem
1467 531 1570 588 fuit
1630 545 1852 591 sanctus
1903 545 1959 591 et
2021 536 2296 607 gloriosus
2353 548 2586 611 martyr,
2636 540 2792 596 Plato
2846 525 3218 603 beatissimus,
3277 539 3482 593 mensis
3530 534 3865 591 Novembris
3912 532 3997 586 de-

734 623 876 677 cimo
934 633 1147 693 octavo,
1202 635 1469 697 regnante
1529 627 1763 682 Domino
1818 638 2009 683 nostro
2061 626 2195 684 Jesu
2255 627 2474 687 Christo
2516 631 2651 687 :cui
2683 633 2853 703 gloria
2886 642 2942 689 et
2991 634 3241 703 potentia
3283 633 3340 685 in
3383 629 3586 687 saecula
3648 625 3996 683 seculorum.

733 721 928 776 Amen.

738 844 3962 874 MM

1828 976 2934 1096 ΥΠΟΜΝΗΜΑΤΑ

1131 1184 1358 1269 ΤΩΝ
1435 1185 1774 1272 ΑΓΙΩΝ
1848 1186 2149 1270 ΕΠΤΑ
2212 1182 2641 1272 ΠΑΙΔΩΝ
2716 1184 2942 1271 ΤΩΝ
3018 1184 3161 1269 ΕΝ
3234 1175 3596 1268 ΕΦΕΣΩ

1641 1352 1847 1405 ΠΕΡΙ
1920 1352 2079 1404 ΤΗΣ
2143 1349 2731 1406 ΑΝΑΣΤΑΣΕΩΣ
2808 1350 3116 1403 ΛΥΤΩΝ.

1058 1587 1912 1684 COMMENTARII
2035 1590 2498 1680 SEPTEM
2620 1584 3638 1678 ADOLESCENTIUM

1811 1770 1949 1843 QUI
2010 1769 2291 1831 EPHESl
2349 1766 2908 1832 DORMIERUNT.

1278 1926 1476 1990 (Latine
1508 1940 1585 1989 ap.
1621 1924 1818 1976 Surium
1853 1924 1913 1974 ad
1958 1923 2077 1973 Julii
2104 1923 2192 1981 27;
2242 1921 2413 1972 Graece
2442 1932 2503 1970 ex
2533 1922 2641 1971 cod.
2665 1936 2757 1971 ms.
2789 1921 2946 1982 Paris,
2985 1921 3199 1984 n.1585,
3221 1934 3335 1973 suae.
3359 1923 3450 1986 xi.)

790 2142 831 2197 1.
868 2142 1115 2197 Tenente
1166 2141 1332 2197 Decio
1376 2140 1608 2195 Romani
1659 2140 1873 2211 imperii
1915 2140 2296 2211 principatum.

2482 2145 2561 2199 A'.
2604 2143 2873 2211 Ἐγένετο,
2902 2142 3287 2213 βασιλεύοντος
3351 2145 3542 2199 Δεκίου
3575 2144 3676 2214 τῆς
3706 2144 3818 2198 τῶν
3862 2145 3993 2198 Ῥω-

720 2233 935 2295 accidit.
969 2243 1031 2288 ut
1061 2234 1177 2304 ipse
1207 2248 1274 2287 ex
1299 2233 1639 2305 Cartagenna
1669 2232 1887 2287 civitate
1920 2232 1971 2286 in
2002 2233 2305 2303 Ephesum,

720 2327 893 2381 multo
932 2326 1116 2381 furore
1154 2328 1417 2395 percitus,
1447 2325 1824 2381 descenderet.
1860 2326 2015 2379 Tunc
2042 2326 2222 2380 omnis
2248 2327 2309 2379 ii-

720 2420 910 2474 nitima
958 2419 1105 2489 regio
1154 2418 1208 2472 in
1241 2433 1361 2473 eam
1413 2419 1603 2472 urbem
1645 2418 1928 2480 convenit,
1972 2424 2033 2471 ut
2067 2417 2220 2471 vanis
2254 2427 2307 2472 et

722 2510 870 2564 falsis
893 2509 997 2563 diis
1021 2509 1348 2563 immolaret.
1385 2509 1587 2563 Eorum
1611 2523 1761 2571 vero,
1800 2508 1891 2577 qui
1916 2507 2118 2562 Christi
2146 2507 2304 2564 (idem

722 2603 1114 2673 sequebantur,
1184 2601 1444 2656 Ecclesia:
1499 2601 1761 2671 dispersae
1804 2610 1952 2657 sunt.
2009 2600 2306 2656 Christiani

720 2698 865 2751 enim
925 2704 1034 2748 tam
1088 2694 1418 2758 sacerdotes,
1476 2708 1637 2763 quam
1676 2693 1823 2755 laici,
1860 2692 2177 2746 metuebant
2225 2700 2306 2759 ty-

722 2789 873 2843 ranni
909 2797 1211 2857 aspectum.
1236 2785 1340 2851 Qui
1379 2800 1502 2840 cum
1526 2785 1803 2855 ingressus
1835 2794 1979 2838 esset
2004 2782 2302 2851 Ephesum,

720 2882 900 2937 animo
947 2883 1091 2935 elato
1147 2881 1202 2934 in
1253 2878 1429 2934 media
1468 2878 1604 2933 urbe
1660 2877 1829 2947 coepit
1866 2876 2009 2931 idola
2049 2876 2303 2947 erigere:

719 2988 951 3041 cumque
988 2972 1096 3024 illis
1145 2978 1290 3025 totus
1324 2978 1469 3024 esset
1530 2969 1798 3031 addictus,
1846 2968 2108 3037 prmeepit
2151 2967 2302 3021 urbis

718 3061 1091 3132 optimatibus,
1132 3070 1191 3113 ttt
1222 3060 1378 3113 vanis
1415 3058 1521 3112 illis
1560 3059 1664 3111 diis
1693 3072 1879 3110 secum
1912 3070 2021 3108 una
2054 3055 2304 3110 victimas

719 3154 1002 3206 offerrent.
1037 3152 1226 3219 Itaque
1271 3149 1617 3202 victimarum
1647 3146 1910 3218 sanguine
1944 3147 2058 3201 loca
2091 3146 2179 3200 illa
2214 3160 2302 3201 re-

718 3244 1026 3312 plebantur,
1076 3251 1132 3296 et
1175 3255 1369 3296 omnes
1411 3239 1584 3295 turbae
1624 3238 1861 3307 undique
1907 3238 1973 3293 ad
2008 3239 2300 3303 idolorum,

718 3352 838 3405 quae
867 3344 1023 3388 erant
1058 3333 1279 3403 Ephesi,
1316 3333 1686 3387 celebritatem
1726 3331 2096 3387 conﬂuebant.
2134 3333 2300 3387 Fama

2414 2236 2592 2303 μαίων
2616 2236 2818 2305 ἀρχῆς,
2853 2235 3139 2289 κατελθεῖν
3172 2236 3333 2288 αὐτὸν
3357 2237 3415 2287 ἐν
3433 2234 3677 2306 πρώτοις
3694 2238 3803 2291 ἀπὸ
3836 2238 3989 2305 Καρ-

2411 2325 2645 2393 θαγένης
2681 2327 2783 2395 τῆς
2840 2326 3045 2387 πόλεως
3098 2327 3155 2378 ἐν
3218 2328 3431 2397 Ἐφέσῳ
3478 2333 3536 2383 ὲν
3577 2331 3761 2401 πολλῷ
3804 2331 3986 2400 θυμῷ.

2408 2417 2657 2488 Συνήχθη
2709 2416 2765 2469 δὲ
2808 2418 2957 2470 πᾶσα
2993 2418 3025 2488 ή
3061 2417 3370 2487 περίχωρος
3422 2420 3518 2471 τοῦ
3569 2422 3736 2474 τόπου
3773 2425 3987 2475 ἐκείνου

2405 2511 2486 2571 είς
2510 2510 2610 2573 τὰς
2640 2508 2829 2572 θυσίας
2854 2508 2963 2561 τῶν
3014 2509 3261 2579 ματαίων
3302 2508 3462 2565 θεῶν.
3502 2511 3566 2562 Ai
3610 2509 3986 2579 Bk‘éxz‘moiat

2405 2599 2513 2653 τῶν
2574 2599 2783 2651 πιστῶν
2836 2600 3356 2672 διεσκορπίσθησαν,
3383 2602 3475 2654 καὶ
3504 2602 3553 2652 οἱ
3595 2602 3761 2669 ἱερεῖς
3813 2604 3906 2651 καὶ
3937 2602 3985 2653 οι

2406 2696 2725 2764 Χριστιανοὶ
2750 2696 2842 2746 καὶ
2880 2697 2987 2756 πᾶς
3025 2696 3053 2745 ὁ
3079 2693 3429 2763 φιλόχριστος
3469 2694 3598 2754 λαὸς
3632 2692 3985 2761 ἐφοϐήθησαν

2407 2786 2615 2856 σφόδρα
2666 2787 2774 2839 ἀπὸ
2805 2784 3101 2853 προσώπου
3139 2786 3234 2838 τοῦ
3272 2786 3558 2855 τυράννου.
3588 2785 3719 2838 Ὀτε
3751 2781 3843 2839 οὖν
3869 2789 3985 2837 εἰσ-

2406 2878 2567 2946 ῆλθεν
2603 2878 2792 2938 Δέκιος
2822 2879 2849 2929 ὁ
2886 2877 3135 2945 βασιλεὺς
3168 2880 3245 2940 είς
3285 2878 3538 2944 Ἔφεσον,
3565 2877 3758 2951 ὑψώθη
3789 2880 3819 2946 ἡ
3849 2897 3983 2949 καρ-

2404 2968 2492 3020 δία
2517 2967 2704 3026 αὐτοῦ,
2728 2968 2822 3019 καὶ
2854 2969 3055 3038 ἤρξατο
3079 2970 3382 3039 οἰκοδομεῖν
3410 2969 3572 3031 ναοὺς
3599 2972 3714 3031 τοῖς
3742 2971 3983 3034 εἰδώλοις

2406 3060 2465 3112 ἐν
2496 3061 2637 3132 μέσῃ
2667 3065 2730 3132 τῇ
2768 3063 2944 3115 πόλει·
2979 3063 3071 3115 καὶ
3096 3065 3183 3116 ὅτε
3216 3061 3443 3133 ἐξεχύθη
3477 3067 3532 3114 ἐν
3563 3063 3639 3133 τῷ
3672 3064 3981 3133 ἑλληνισμῷ

2403 3154 2526 3206 τότε
2552 3156 2889 3224 παρήγγειλε
2927 3157 3040 3218 τοῖς
3063 3154 3302 3224 πρώτοις
3328 3154 3426 3224 τῆς
3449 3155 3655 3216 πόλεως
3684 3151 3833 3207 θύειν
3861 3157 3980 3224 μετ’

2404 3245 2567 3298 αὑτοῦ
2597 3248 2707 3306 τοῖς
2742 3247 2992 3313 ματαίοις
3040 3246 3218 3307 θεοῖς’
3275 3248 3368 3296 καὶ
3418 3244 3591 3305 οὕτως
3641 3247 3868 3312 ἐμόλυνε
3914 3248 3982 3298 τὰ

2406 3334 2636 3402 σώματα
2663 3335 2842 3385 αὐτῶν
2870 3337 2926 3385 ὲν
2957 3334 3034 3401 τῷ
3057 3334 3249 3401 αἵματι
3278 3334 3384 3385 τῶν
3416 3333 3639 3396 Θυσιῶν,
3678 3337 3773 3386 καὶ
3805 3337 3979 3389 πάντα

717 3427 862 3481 enim
905 3441 999 3495 per
1032 3425 1167 3483 lines
1203 3426 1344 3480 illius
1410 3425 1648 3493 regionis
1689 3424 2091 3493 divulgabatur,
2150 3423 2296 3491 quod

2402 3425 2471 3477 τὰ
2526 3424 2705 3495 πλήθη
2760 3425 3055 3494 συνήγοντο
3105 3424 3212 3477 ἀπὸ
3253 3425 3481 3479 ἑκάστου
3532 3426 3701 3479 τόπου
3749 3427 3830 3488 είς
3854 3429 3979 3489 τοὺς

719 3517 931 3572 scilicet
971 3516 1321 3571 victimarum
1366 3512 1527 3568 nidor
1561 3526 1625 3567 ex
1661 3512 1793 3567 urbe
1827 3511 2005 3566 media
2036 3511 2090 3564 in
2128 3512 2296 3566 altum

2401 3520 2563 3583 ναοὺς
2768 3490 3001 3571 εἰδώλων
3051 3518 3171 3571 τότε
3216 3517 3383 3572 ὄντων
3425 3520 3483 3573 ἐν
3533 3519 3787 3591 Ἐφέσῳ·
3820 3520 3913 3573 καὶ
3951 3522 3980 3573 ὀ

720 3602 1016 3674 prosiliret.

788 3890 856 3943 ιι.
881 3890 1018 3944 Cum
1059 3886 1225 3956 igitur
1246 3884 1389 3941 diem
1438 3883 1639 3940 festum
1673 3897 1897 3941 suorum
1937 3884 2163 3940 deorum
2192 3884 2296 3941 De-

721 3982 839 4042 cius
868 3989 1068 4052 ageret,
1102 3989 1261 4048 atqne
1302 3978 1474 4046 ipsius
1498 3978 1655 4046 jussu
1702 3980 1957 4031 universa
2000 3977 2295 4033 m'ultitudo

721 4077 789 4131 ob
815 4088 931 4127 eam
958 4072 1327 4125 celebritatem
1361 4068 1427 4122 ad
1452 4067 1649 4137 templa
1682 4067 1950 4123 idolorum
1992 4084 2110 4139 qua!
2140 4078 2296 4125 erant

720 4165 941 4234 Ephesi,
973 4178 1037 4217 ex
1068 4161 1319 4217 omnibus
1349 4160 1481 4216 locis
1505 4162 1731 4232 impigre
1759 4162 2076 4227 conﬂueret,
2102 4178 2165 4218 ac
2191 4163 2295 4219 diis

718 4258 926 4322 libaret,
957 4270 1188 4324 cumque
1221 4262 1332 4308 tota
1360 4254 1449 4307 illa
1501 4254 1632 4307 urbs
1676 4252 1947 4307 sacriﬁcia
2002 4255 2290 4316 redoleret,

717 4349 902 4406 lideles
942 4348 1192 4407 homines
1233 4347 1416 4399 tristes
1442 4355 1621 4409 erant,
1656 4344 1817 4398 iidem
1848 4352 1902 4397 et
1923 4345 1993 4397 ab
2023 4345 2290 4401 idolorum

714 4439 1013 4495 cultoribus
1039 4436 1502 4507 opprimebantur.
1531 4437 1718 4505 Itaque
1741 4435 1933 4505 partim
1962 4450 2291 4507 persequen-

715 4533 845 4587 tium
877 4546 969 4586 ora
999 4529 1300 4601 fugiebant.
1334 4544 1403 4582 ne
1433 4528 1817 4596 comprehendi
1862 4538 2121 4597 possent:
2161 4547 2291 4601 par-

714 4624 807 4676 tim
844 4636 964 4676 sesc
995 4618 1362 4675 occultabant.
1401 4618 1601 4672 Tribus
1653 4627 1835 4670 autem
1875 4618 2067 4673 diebus
2104 4631 2289 4688 postea

716 4715 1013 4783 imperator
1053 4712 1289 4767 edictum
1320 4711 1637 4781 praeposuit,
1676 4719 1736 4765 ut
1768 4710 2063 4766 Christiani
2098 4729 2290 4769 omnes

2403 3611 2610 3673 καπνὸς
2635 3609 2743 3663 τῶν
2778 3611 2962 3663 κακῶν
2995 3610 3330 3679 περιέσπασε
3362 3613 3488 3674 τοὺς
3510 3613 3763 3678 πολλοὺς,
3795 3615 3889 3668 καὶ
3918 3615 3976 3665 τὸ

2404 3704 2591 3762 σκότος
2615 3703 2761 3769 καὶὴ
2788 3703 2984 3754 κνίσσα
3010 3702 3119 3752 τῶν
3151 3701 3353 3753 θυσιῶν
3383 3703 3561 3754 αὐτῶν
3590 3699 3661 3755 ὧν
3686 3705 3846 3757 ἔθυον
3867 3711 3975 3770 τοῖς

2403 3794 2656 3863 ματαίοις
2681 3791 2920 3855 εἰδώλοις
2943 3791 3226 3845 ἀνέϐαινεν
3256 3793 3320 3844 ἐκ
3354 3793 3527 3863 μέσης
3561 3795 3657 3862 τῆς
3689 3796 3920 3857 πόλεως.

2471 3883 2546 3941 B’.
2586 3886 2674 3949 Ὠς
2709 3882 2803 3939 οὖν
2844 3884 3043 3956 ἑορτὴν
3098 3884 3349 3937 ἐπετέλει
3383 3887 3411 3938 ὁ
3436 3885 3628 3949 Δέκιος
3660 3887 3776 3948 τοῖς
3838 3888 3973 3950 θεοῖς

2397 3977 2588 4042 αὐτοῦ)
2618 3978 2874 4032 ἐκέλευσε
2912 3980 3023 4031 πᾶν
3057 3977 3117 4031 τὸ
3151 3977 3359 4048 πλῆθος
3401 3979 3737 4048 συναχθῆναι
3764 3981 3847 4043 είς
3879 3982 3972 4047 τὴν

2397 4071 2591 4141 ἑορτὴν
2628 4071 2737 4124 τῶν
2762 4071 2899 4124 θεῶν
2920 4090 2932 4103 ο
2968 4072 3092 4124 τότε
3123 4073 3421 4141 συνήγοντο
3455 4072 3627 4124 πολλὰ
3664 4072 3847 4144 πλήθη
3883 4075 3971 4140 ἀφ’

2394 4164 2630 4223 ἑκάστου
2687 4166 2854 4217 τόπου
2912 4166 2992 4227 εἰς
3040 4165 3165 4227 τοὺς
3215 4164 3381 4225 ναοὺς
3430 4165 3538 4216 τῶν
3579 4165 3819 4218 εἰδώλων
3870 4167 3970 4220 τῶν

2390 4257 2569 4311 ὖντων
2592 4258 2651 4311 ὲν
2685 4257 2836 4327 μέσῳ
2860 4258 2957 4326 τῆς
2997 4256 3229 4321 πόλεως,
3251 4257 3347 4308 καὶ
3387 4254 3613 4309 ἔσπενδε
3637 4260 3752 4319 τοῖς
3795 4258 3965 4322 θεοῖς·

2396 4350 2679 4414 ἐπώζεσεν
2710 4350 2767 4403 δέ
2804 4352 2954 4403 πᾶσα
2985 4349 3017 4420 ἠ
3046 4348 3202 4414 πόλις
3253 4351 3361 4405 ἀπὸ
3397 4351 3506 4405 τῶν
3566 4350 3798 4416 θυσιῶν,
3832 4354 3969 4423 μέγα

2393 4444 2451 4497 δέ
2487 4445 2683 4507 πένθος
2724 4447 2945 4513 κατεῖχε
2978 4444 3104 4507 τοὺς
3137 4446 3395 4509 πιστοὺς,
3444 4444 3540 4497 καὶ
3585 4444 3967 4498 ἐταπεινοῦντο

2394 4536 2503 4589 ἀπὸ
2536 4536 2645 4587 τῶν
2677 4534 3103 4601 εἰδωλολατρῶν.
3128 4535 3239 4588 Καὶ
3266 4534 3497 4603 ἔφευγον
3535 4538 3630 4590 καὶ
3666 4539 3968 4592 ἐκάλυπτον

2393 4623 2461 4679 τὰ
2492 4626 2760 4693 πρόσωπα
2798 4623 2996 4688 αὐτῶν,
3020 4624 3115 4676 καὶ
3140 4624 3304 4687 πολὺς
3337 4625 3640 4695 στεναγμὸς
3688 4626 3787 4679 καὶ
3816 4627 3968 4697 ὀδυρ-

2398 4719 2495 4788 μὸς
2524 4720 2778 4789 κατεῖχεν
2832 4718 3052 4783 αὐτοὺς,
3082 4720 3193 4772 ἀπὸ
3246 4718 3540 4790 προοώπου
3587 4719 3683 4772 τοῦ
3718 4720 3965 4773 διώκτου.

720 4816 1043 4877 caperentur
1067 4824 1079 4857 :
1111 4821 1218 4874 quo
1236 4815 1481 4874 tempore
1500 4804 1728 4874 gentiles
1746 4819 1810 4857 ac
1836 4802 2008 4858 Judaei
2029 4806 2292 4875 urgebant

2398 4813 2507 4865 Καὶ
2536 4814 2601 4882 τῇ
2635 4813 2820 4884 ἡμέρᾳ
2846 4816 2913 4883 τῇ
2948 4814 3110 4884 τρίτῃ
3136 4814 3424 4866 ἐκέλευσεν
3456 4816 3483 4867 ό
3519 4812 3782 4882 βασιλεὺς
3836 4814 3969 4881 ἐξαί-

721 4900 941 4954 milites.
964 4897 1170 4953 Passim
1202 4896 1366 4969 igitur
1388 4895 1678 4951 Christiani
1718 4896 1970 4951 homines
1999 4899 2291 4953 traheban-

719 5001 806 5046 tur
837 4991 903 5047 ad
935 4991 1138 5052 turbas,
1172 5006 1292 5058 quae
1324 4989 1379 5041 in
1416 5003 1586 5042 unum
1610 4988 1789 5043 locum
1816 4998 2196 5044 convenerant
2234 4999 2293 5043 ut

717 5101 824 5140 una
885 5099 1007 5139 cum
1074 5082 1405 5151 imperatore
1468 5079 1627 5133 idolis
1686 5080 2080 5136 sacriﬁcarent.
2138 5082 2292 5136 Tunc

714 5175 960 5232 nonnulli
1004 5183 1271 5230 tormenta
1320 5173 1695 5240 formidantes,
1730 5172 2052 5231 excidebant
2088 5191 2119 5230 a
2161 5174 2289 5240 ﬁde,

713 5279 768 5325 et
818 5282 1001 5323 coram
1055 5266 1208 5320 turba
1255 5264 1343 5319 illa
1380 5265 1565 5319 miseri
1609 5266 1676 5319 ad
1716 5266 1985 5321 idolorum
2017 5269 2283 5325 sacriﬁcia

713 5363 1061 5419 decidebant.
1102 5361 1170 5416 At
1213 5360 1303 5431 qui
1337 5377 1402 5414 ex
1443 5360 1625 5413 animo
1666 5359 1866 5415 Christi
1902 5361 2060 5417 iidem
2097 5379 2290 5434 seque-

712 5461 932 5523 bantur,
967 5472 1088 5510 cum
1116 5455 1366 5509 audirent
1404 5454 1615 5522 aliquos
1649 5454 1830 5523 lapsos
1860 5455 2032 5510 fuisse
2073 5458 2287 5513 illorum

713 5567 900 5606 casum
941 5564 1269 5619 magnopere
1301 5547 1574 5609 dolentes,
1630 5547 1961 5600 miserorum
2002 5549 2285 5604 hominum

713 5651 922 5704 animus
962 5648 1235 5717 lugebant,
1270 5644 1362 5713 qui
1408 5652 1632 5713 propter
1671 5646 1875 5697 metum
1915 5644 1980 5697 ad
2016 5644 2284 5698 idolorum

712 5740 971 5797 sacriﬁcia
992 5738 1199 5807 delapsi
1225 5736 1458 5791 fuerant.
1486 5735 1810 5804 Quicunque
1843 5751 1973 5790 vero
2004 5751 2065 5790 ex
2096 5752 2284 5791 eorum

2392 4921 2529 4974 φνης
2563 4905 2891 4975 κατέχεσθαι
2925 4907 3049 4967 τοὺς
3070 4904 3450 4975 Χριστιανούς.
3496 4906 3557 4958 Οί
3595 4905 3651 4958 δὲ
3687 4904 3966 4983 Ἕλληνες,

2390 4999 2486 5050 καὶ
2519 4998 2569 5051 οἱ
2616 4999 2863 5052 Ἰουδαῖοι
2912 4998 3212 5052 ἐκολλῶντο
3262 5002 3377 5062 τοῖς
3442 4999 3833 5069 στρατιώταις,
3884 5004 3969 5051 καὶ

2390 5094 2495 5145 ἀπὸ
2529 5094 2638 5145 τῶν
2663 5092 2848 5145 οἰκιῶν
2879 5093 2974 5145 καὶ
3011 5093 3121 5148 τῶν
3154 5092 3361 5147 πόλεων
3392 5094 3590 5162 ἔσυρον
3621 5094 3720 5146 καὶ
3744 5094 3966 5159 ἐξέϐαλ-

2388 5184 2479 5238 λον
2517 5185 2642 5247 τοὺς
2673 5187 3056 5254 Χριστιανοὺς,
3077 5188 3170 5239 καὶ
3200 5185 3373 5240 ὤθουν
3405 5186 3607 5248 αὐτοὺς
3637 5187 3781 5255 μετὰ
3815 5190 3967 5241 ἀπειο

2394 5278 2511 5348 λῆς,
2527 5280 2620 5332 καὶ
2662 5278 3000 5349 προσέφερον
3023 5281 3161 5349 πρὸς
3189 5280 3320 5342 τοὺς
3359 5279 3551 5349 ὄχλους
3590 5280 3969 5351 συνηγμένους

2392 5371 2485 5423 καὶ
2544 5371 2771 5433 θύοντας
2826 5375 2941 5433 τοῖς
3002 5370 3244 5429 είδώλοις
3298 5373 3411 5440 ἅμα
3436 5368 3513 5438 τῷ
3548 5371 3793 5441 βασιλεῖ.
3829 5372 3971 5426 Οἱδὲ

2392 5460 2782 5530 δειλαινόμενοι
2802 5464 2898 5525 τὰς
2916 5463 3185 5532 βασάνους
3204 5462 3521 5516 ώλίσθαινον
3540 5466 3637 5517 καὶ
3656 5463 3895 5517 ἔπιπτον
3917 5465 3971 5514 ἐκ

2391 5554 2482 5607 τοῦ
2500 5557 2645 5617 υἱοὺς
2665 5551 2803 5608 εἷναι
2823 5557 2920 5625 τῆς
2945 5556 3179 5618 πίστεως
3202 5559 3279 5619 εἰς
3292 5558 3389 5619 τὰς
3404 5556 3596 5619 θυσίας
3612 5557 3727 5610 τῶν
3743 5557 3972 5609 εἰδώλων

2391 5646 2702 5716 ἔμπροσθεν
2740 5647 2833 5700 τοῦ
2872 5650 3042 5719 Δὄχλου
3073 5666 3086 5680 ·
3123 5649 3172 5700 οἱ
3202 5649 3257 5701 δὲ
3306 5651 3628 5718 Χριστιανοὶ
3673 5652 3971 5710 ἀκούοντες

2390 5740 2568 5793 ταῦτα
2602 5741 3068 5811 ἐστενοχωροῦντο
3096 5745 3187 5795 καὶ
3216 5742 3475 5797 ἐπένθουν
3526 5744 3628 5808 τὰς
3655 5745 3842 5815 ψυχὰς
3873 5746 3973 5797 τῶν
