4188 6310
224 388 335 451 ίῖθ

1337 396 1434 455 DE
1477 392 1771 453 SEPTEM
1812 391 2402 457 DOBMlENTlBUS.

3360 407 3462 464 430

214 510 631 581 δειλαινομένων
671 512 1136 583 προσχωρούντων
1186 514 1264 576 είς
1303 513 1401 577 τάξ
1441 512 1633 573 Θυσίας
1684 509 1784 563 ιιῶεΙ

1898 525 2123 565 numero
2179 513 2232 565 in
2296 514 2497 568 Christi
2560 517 2662 570 ﬁde
2718 519 3023 571 stabiliores
3061 521 3260 575 inventi
3316 535 3459 589 sunt,

215 601 472 667 εἰδώλων,
515 603 564 654 oi
599 602 655 654 δέ
688 603 1013 674 εὑρεθέντες
1057 605 1260 675 ἑδραῖοι
1291 606 1348 657 ἐν
1391 604 1457 675 τῇ
1499 604 1683 655 πίστει
1728 602 1787 652 ἐν

212 692 291 761 τῷ
324 694 505 765 καιρῷ
548 695 766 764 ἐκείνῳ,
808 696 1103 765 ἑστήκασιν
1147 694 1241 747 ἐπὶ
1280 695 1377 765 τὴν
1429 694 1635 763 πέτραν
1688 693 1787 762 τῆς

215 786 454 849 πίστεως
490 788 685 855 ἀκλινῆ
719 789 810 840 τὸν
874 787 1133 855 λογισμὸν
1180 785 1420 855 ἔχοντες,
1445 785 1543 841 καὶ
1578 784 1652 855 μὴ
1689 802 1787 853 φο·

215 878 473 946 εούμενοι
500 880 595 943 τὰς
626 880 857 942 ἀπειλὰς
878 880 989 932 τῶν
1015 881 1317 949 τυράννων,
1343 879 1625 949 δεχόμενοι
1652 878 1708 931 δέ
1731 879 1789 929 ἐν

210 969 291 1038 τῷ
321 970 535 1039 σώματι
563 970 742 1024 αὐτῶν
764 972 830 1023 τὰ
866 971 991 1041 βέλη
1014 972 1110 1024 τοῦ
1136 970 1400 1042 πονηροῦ,
1419 971 1601 1024 καὶτὰ
1626 968 1789 1022 λοιπὰ

212 1057 612 1128 βασανιστήρια
643 1059 911 1127 γενναίως
942 1062 1239 1131 ὑπέφερον.

287 1151 359 1204 Γ’.
383 1153 447 1203 Al
480 1152 536 1202 δέ
570 1153 775 1221 σάρκες
800 1154 909 1207 τῶν
936 1154 1111 1221 ἁγίων
1132 1152 1518 1206 ἐταπεινοῦντο
1550 1152 1656 1206 ὑπὸ
1676 1152 1787 1205 τῶν

214 1242 488 1310 βασάνων,
512 1245 603 1294 καὶ
623 1244 692 1295 τὰ
713 1244 925 1312 αἵματα
946 1248 1008 1297 ἐκ
1032 1245 1139 1297 τῶν
1161 1245 1341 1314 μελῶν
1386 1246 1567 1298 αὐτῶν
1594 1246 1787 1315 ἐρῤεεν

210 1332 307 1381 ἐπὶ
323 1333 422 1398 τὴν
444 1332 569 1400 γῆν,
589 1334 683 1386 καὶ
707 1335 795 1387 ἐπ’
815 1334 928 1388 ἄνω
948 1337 1056 1387 τῶν
1077 1336 1305 1406 πύργων
1324 1338 1419 1389 καὶ
1432 1339 1542 1389 τῶν
1559 1336 1785 1406 τειχέων

209 1423 310 1489 τῆς
332 1422 562 1486 πόλεως,
583 1424 712 1494 ἐκρέ
724 1442 886 1493 μοντο
907 1426 975 1479 τὰ
996 1426 1225 1496 σώματα
1246 1427 1356 1480 τῶν
1379 1428 1551 1497 ἁγίων
1575 1444 1587 1457 ·
1605 1428 1703 1501 τὰς
1730 1426 1787 1481 δὲ

206 1514 455 1579 κεφαλὰς
482 1516 663 1567 αὐτῶν
686 1518 970 1571 ἐκόντευον
1012 1522 1107 1573 ἐπὶ
1140 1519 1293 1584 ξύλον
1325 1520 1639 1590 ἔμπροσθεν
1675 1522 1783 1573 τῶν

210 1604 403 1657 πυλῶν
434 1607 532 1676 τῆς
558 1608 786 1674 πόλεως,
808 1612 899 1662 καὶ
921 1614 970 1663 οἱ
1008 1612 1264 1680 κόρακες,
1289 1612 1385 1664 καὶ
1407 1613 1455 1664 oi
1475 1611 1668 1679 γῦπες,
1695 1613 1789 1665 καὶ

205 1697 277 1748 τὰ
304 1697 490 1767 πλήθη
505 1698 613 1752 τῶν
639 1703 900 1755 πετεινῶν
919 1702 1182 1755 ἐκύκλουν
1204 1703 1390 1755 ἐπάνω
1415 1703 1523 1755 τῶν
1542 1703 1786 1772 τειχέων,

207 1789 307 1842 καὶ
330 1790 631 1859 κατήσθιον
650 1792 718 1844 τὰ
748 1793 979 1861 σώματα
1014 1794 1125 1846 τῶν
1155 1795 1327 1860 ἁγίων
1356 1796 1675 1864 μαρτύρων,
1695 1795 1787 1847 καὶ

1891 612 2127 655 mentem
2162 616 2325 674 atque
2364 607 2743 676 cogitationem
2786 610 2991 663 ﬁrmam
3046 626 3458 678 conservantes,

1888 712 2066 765 neque
2116 698 2327 766 tyranni
2360 701 2533 752 minas
2572 701 3007 767 extimescentes,
3058 705 3150 758 sed
3200 709 3467 775 ncquissi—

1889 787 1961 841 mi
2002 788 2203 841 diaboli
2247 789 2350 842 tela
2379 790 2493 845 suis
2523 793 2847 858 corporibus
2896 795 3127 847 libenter
3175 801 3459 869 excipien-

1891 889 1992 945 tes,
2043 881 2321 948 cruciatus
2358 898 2550 939 omnes
2585 884 2707 939 l‘Orti
2744 887 2926 941 animo
2963 890 3328 958 perferebant.

1962 1141 2054 1195 ill.
2095 1139 2277 1210 Itaque
2333 1153 2643 1196 sanctorum
2702 1154 2995 1214 martyrum
3048 1159 3243 1200 carnes
3281 1148 3463 1202 multis

1890 1237 2164 1304 variisque
2207 1236 2491 1291 tormentis
2521 1236 2919 1301 lacerabantur,
2957 1238 3028 1293 ita
3062 1247 3119 1292 ut
3155 1253 3216 1291 ex
3250 1239 3460 1295 illorum

1890 1330 2208 1384 vulneribus
2250 1331 2452 1384 multus
2486 1330 2707 1400 sanguis
2735 1329 3017 1385 deﬂueret.
3062 1330 3304 1396 Quorum
3338 1348 3462 1390 cor—

1892 1436 2021 1489 pora
2050 1422 2102 1474 in
2124 1422 2275 1476 urbis
2302 1423 2571 1476 mtrnibus
2601 1438 2663 1477 ac
2693 1423 2935 1478 turribus
2957 1426 3425 1492 suspendebantur
3447 1467 3459 1479 .

1891 1514 2070 1582 capita
2116 1529 2244 1566 vero
2298 1515 2434 1583 palis
2481 1513 2657 1577 aﬁixa,
2705 1517 3057 1586 erigebantur
3099 1528 3225 1571 ante
3255 1529 3461 1588 portas.

1891 1603 2073 1670 itaque
2120 1604 2289 1667 corvi,
2342 1606 2588 1660 vultures
2639 1615 2692 1660 et
2737 1608 3004 1675 ejusmodi
3066 1622 3217 1669 aves,
3260 1611 3461 1665 moenia

1892 1693 1981 1749 illa
2008 1696 2429 1757 circumdantes,
2467 1706 2779 1751 sanctorum
2813 1707 3111 1768 martyrum
3140 1714 3336 1758 carnes
3373 1702 3459 1756 di-

1893 1790 2187 1845 laniabaut.
2232 1790 2363 1856 Quae
2403 1806 2491 1845 res
2540 1791 2863 1847 Christianis
2911 1794 3223 1849 hominibus
3262 1811 3463 1851 mcero-

206 1878 412 1941 πένθος
448 1881 589 1949 μέγα
621 1885 836 1951 κατεῖχε
863 1885 988 1946 τοὺς
1007 1886 1231 1946 πιστοὺς
1274 1886 1415 1955 ὑπὲρ
1458 1888 1557 1954 τῆς
1582 1887 1784 1955 τόλμης

1896 1897 2007 1935 rem
2048 1882 2325 1937 aﬂ‘crebat.
2382 1883 2508 1937 Tale
2542 1895 2861 1954 tantumque
2891 1896 3167 1941 certamen
3217 1889 3465 1957 proposi-

203 1972 438 2040 ταύτης.
466 1972 653 2035 Οὕτως
699 1971 766 2045 ἦν
796 1981 823 2029 ὀ
843 1978 996 2043 ἀγὼν
1040 1979 1235 2048 μεστὸς
1259 1979 1427 2048 φόϐου
1454 1982 1565 2042 τοῖς
1588 1981 1785 2049 ὁρῶσιν

204 2064 401 2116 αὐτόν.
424 2065 574 2133 Αὕτη
599 2062 718 2137 ἧνή
744 2069 944 2142 ἀπειλὴ
975 2072 1007 2140 ὴ
1033 2071 1440 2142 πεπληρωμένη
1468 2073 1698 2125 θανάτου
1716 2073 1784 2143 ἢν

201 2155 256 2204 οἱ
285 2155 528 2223 οὐράνιοι
551 2160 645 2212 καὶ
668 2161 967 2229 οίέπίγειοι
996 2162 1337 2231 ἐθαύμασαν,
1357 2165 1406 2214 oi
1443 2164 1579 2216 λίθοι
1620 2166 1779 2216 ἐπέν-

204 2248 342 2298 θουν
364 2246 463 2316 τὴν
491 2247 665 2320 θλίψιν
694 2252 794 2324 τὴν
827 2255 1148 2325 γενομένην.
1180 2257 1288 2309 Καὶ
1338 2256 1395 2307 αί
1446 2256 1645 2326 ἀγοραὶ
1682 2260 1784 2328 τῆς

201 2338 419 2403 πόλεως
446 2343 745 2399 ἐκακοῦντο
770 2347 832 2398 ὲκ
864 2347 971 2400 τῶν
1002 2347 1298 2418 συρμάτων
1324 2348 1434 2402 τῶν
1462 2350 1642 2420 μελῶν
1668 2352 1780 2402 τῶν

204 2431 385 2498 ἁγίων
436 2434 548 2487 τῶν
597 2436 914 2506 συρομένων
964 2441 1152 2493 ἐπάνω
1202 2442 1403 2496 αὐτῶν.
1456 2446 1682 2513 Δακρυα
1727 2446 1782 2498 δὲ

200 2539 307 2575 πικ
320 2523 387 2592 ρὰ
415 2526 783 2593 κατεφέροντο
809 2528 916 2579 ἀπὸ
947 2530 1055 2580 τῶν
1082 2530 1379 2598 ὀφθαλμῶν
1410 2534 1486 2583 τῶ
1550 2534 1779 2598 πιστῶν,

198 2616 295 2667 ὅτε
337 2614 567 2668 ἔϐλεπον
594 2618 660 2667 τὰ
691 2615 919 2684 σώματα
946 2617 1055 2669 τῶν
1087 2618 1257 2685 ἁγίων
1289 2620 1573 2691 ἐῤῥιμένα,
1599 2626 1691 2676 καὶ
1717 2626 1784 2677 τὰ

200 2708 343 2775 γένη
374 2706 480 2756 τῶν
510 2705 772 2757 πετεινῶν
808 2708 1167 2762 κατεσθίοντα
1196 2710 1355 2767 αὑτά.
1386 2712 1545 2766 Ποῖον
1588 2715 1783 2777 πένθος

196 2796 402 2857 τούτου
444 2800 629 2866 μεῖξον
658 2795 763 2871 ἦν;
799 2802 869 2853 Ἢ
902 2805 1054 2864 ποῖος
1089 2805 1289 2871 τρόπος
1333 2806 1526 2859 τούτου
1553 2808 1789 2879 σκληρό-

193 2902 366 2954 τερος
394 2880 461 2956 ἦν
486 2902 501 2951 ;
530 2887 660 2939 ’Ότε
695 2891 743 2940 οἱ
793 2892 977 2942 πιστοὶ
1022 2891 1257 2960 ἔφευγον
1287 2894 1383 2946 καὶ
1441 2896 1541 2956 τὰς
1594 2902 1785 2970 χεῖρας

198 2980 349 3045 πρὸς
382 2982 473 3032 τὸν
525 2980 658 3031 Θεὸν
705 2978 875 3049 ὕψουν
927 2982 1176 3050 δεόμενοι
1211 2985 1361 3048 ὅπως
1416 2987 1688 3053 ρυσθῶσιν
1721 2993 1784 3043 ἐκ

195 3073 318 3125 τῶν
346 3073 545 3141 χειρῶν
572 3072 666 3126 τοῦ
693 3074 1107 3145 τυραννοῦντος,
1128 3077 1365 3147 πατέρες
1391 3080 1456 3133 τὰ
1486 3081 1589 3134 ῑδια
1618 3084 1785 3151 τέκνα.

1895 1984 2008 2028 tum
2063 1974 2348 2036 erathis,
2407 1976 2497 2043 qui
2556 1974 2754 2029 Christi
2827 1976 2986 2030 ﬁdem
3038 1977 3462 2034 conﬁtebantur.

1895 2067 2053 2121 Tales
2103 2075 2260 2122 erant
2297 2066 2457 2123 mina:
2502 2068 2726 2123 terroris
2770 2069 2963 2138 plenm,
3007 2072 3259 2126 omnibus
3307 2072 3464 2139 plane

1892 2158 2289 2213 formidolosae:
2328 2159 2462 2213 tales
2527 2175 2804 2225 aerumnae,
2855 2160 3062 2228 lapides
3139 2161 3252 2215 fere
3319 2164 3466 2232 ipsos

1893 2259 2320 2306 commoventes.
2379 2250 2702 2303 Sanctorum
2756 2259 3053 2320 martyrum
3107 2253 3465 2308 cadaveribus

1892 2343 2040 2397 urbis
2071 2343 2260 2413 platea:
2297 2342 2732 2396 coarctabantur.
2767 2341 2991 2396 Flebant
3037 2353 3218 2398 autem
3259 2344 3464 2404 ﬁdeles.

1894 2435 2036 2504 quod
2068 2443 2252 2487 sancta
2277 2433 2367 2487 illa
2386 2447 2612 2501 corpora
2644 2432 2697 2486 in
2736 2433 2895 2488 terris
2925 2432 3158 2503 dejecta,
3220 2434 3467 2494 viderent

1895 2540 1924 2579 a
1967 2525 2279 2579 volucribus
2344 2523 2592 2578 lacerari.
2660 2522 2876 2588 Quaeso,
2925 2525 3195 2592 quodnam
3258 2527 3467 2582 facinus

1894 2625 2176 2683 tantopere
2216 2614 2542 2668 dolendum?
2591 2613 2723 2679 Quae.
2765 2614 2940 2669 caedes
2983 2616 3059 2671 sic
3105 2616 3359 2673 immanis
3412 2629 3466 2672 et

1891 2708 2130 2763 acerba?
2160 2708 2312 2761 Tunc
2342 2705 2640 2759 Christiani
2681 2706 2953 2771 homines,
2990 2707 3241 2763 manibus
3275 2709 3329 2762 in
3356 2725 3468 2765 cm—

1893 2801 2005 2855 lutn
2060 2799 2278 2862 erectis,
2314 2798 2679 2867 precabantur
2725 2796 2918 2861 Deum,
2958 2808 3015 2851 ut
3062 2800 3409 2869 eriperentur
3436 2818 3467 2859 e

1896 2892 2147 2947 manibus
2182 2890 2417 2964 tyranni.
2449 2888 2637 2945 Patres
2663 2889 2826 2953 ﬁlios,
2882 2889 2974 2944 ﬁlii
3014 2899 3197 2961 patres
3232 2893 3467 2963 abnege-

1892 2985 2045 3041 bant.
2090 2983 2440 3037 Calamitates
2473 2984 2602 3052 ipsa:
2641 2983 3007 3038 amicissimos
3053 2984 3198 3039 viros
3233 2998 3260 3037 a
3292 3000 3349 3039 se
3380 2986 3455 3039 vi.

1893 3075 2075 3128 cissim
2117 3073 2515 3141 disjnngebant.
2550 3074 2616 3125 At
2654 3075 2727 3141 (l)
2763 3073 3160 3128 lllavimilianus
3186 3112 3202 3137 ,
3236 3074 3464 3132 Jambli-

196 3164 482 3234 ἠρνοῦντο
506 3179 519 3193 ⁸
544 3167 748 3235 ὁμοίως
778 3170 872 3221 καὶ
907 3170 1077 3225 τέκνα
1114 3173 1237 3234 τοὺς
1268 3175 1480 3226 ἐαυτῶν
1509 3178 1776 3246 πατέρας,

1892 3183 2009 3231 cus,
2066 3166 2349 3232 Martinus,
2400 3164 2657 3229 Joannes,
2711 3165 3021 3239 Dionysius,
3074 3166 3465 3224 Exacustadius

196 3255 360 3324 φίλοι
391 3255 561 3326 φίλων
593 3258 891 3327 ἐσχίζοντο,
921 3260 1023 3312 ὑπὸ
1056 3262 1152 3330 τῆς
1193 3261 1425 3331 θλίψεως
1479 3269 1580 3334 τῆς
1632 3284 1785 3333 γενο-

197 3349 405 3419 μένης.
444 3351 877 3420 Μαξιμιλλιανὸς
907 3352 965 3407 δὲ
994 3355 1088 3407 καὶ
1135 3354 1464 3426 ἰάμὸλιχος,
1488 3360 1583 3412 κει)⁵
1627 3361 1784 3427 Map-

191 3444 376 3505 τίνος,
409 3443 504 3493 καὶ
547 3443 821 3513 Ἰωάννης,
855 3446 949 3497 καὶ
990 3446 1292 3511 Διονύσιος,
1324 3450 1415 3501 καὶ
1464 3449 1784 3513 Ἑξακοστο-

190 3534 413 3595 διανὸς,
439 3536 533 3585 καὶ
592 3536 928 3599 Ἀντωνῖνος,
971 3537 1169 3599 οἵτινες
1203 3542 1295 3590 καὶ
1329 3537 1468 3608 ἦσαν
1500 3545 1700 3611 ἑδραῖοι
1728 3550 1786 3600 ἐν

190 3627 274 3691 τῇ
338 3624 520 3676 πίστει
572 3627 666 3678 τοῦ
700 3626 965 3695 Χριστοῦ,
1014 3628 1378 3698 βαστάζοντες
1413 3633 1480 3685 τὰ
1512 3636 1658 3705 παθη
1688 3639 1783 3690 τοῦ

190 3720 450 3789 Χριστοῦ
487 3722 544 3773 ὲν
570 3725 645 3793 τῷ
676 3726 886 3792 σώματι
912 3727 1111 3779 αὐτῶνθ
1138 3727 1373 3796 ὁρῶντες
1422 3730 1489 3783 τὰ
1515 3732 1777 3803 γινόμενα

1890 3268 1949 3313 et
1966 3258 2293 3321 Antoninus,
2323 3257 2485 3310 simul
2513 3266 2815 3320 versantes,
2852 3273 3149 3326 omnesque
3176 3259 3376 3327 pariter
3411 3260 3463 3312 in

1886 3351 2091 3405 Christi
2129 3350 2234 3403 lide
2265 3349 2508 3410 stabiles,
2547 3358 2601 3401 et
2628 3347 2831 3401 Christi
2862 3350 3143 3416 passiones
3178 3350 3232 3402 in
3267 3366 3464 3418 corpo-

1887 3442 2037 3495 ribus
2083 3441 2198 3494 suis
2250 3449 2546 3507 gestantes,
2587 3454 2711 3493 cum
2764 3439 3009 3495 viderent
3053 3456 3173 3509 quae
3219 3442 3465 3510 quotidie

1890 3545 2079 3590 contra
2111 3533 2453 3589 Christianos
2478 3532 2846 3597 efﬁcerentur,
2873 3533 3024 3598 ﬁetu,
3056 3535 3281 3605 gemitu,
3311 3536 3459 3604 jeju-

1892 3631 1997 3685 niis
2041 3644 2104 3683 ac
2145 3629 2397 3697 precibus
2446 3627 2663 3682 assidue
2694 3640 2752 3680 se
2796 3626 3263 3680 communiebant.
3295 3627 3465 3679 Erant

1890 3732 2068 3777 autem
2110 3723 2403 3776 illustrium
2433 3723 2672 3773 virorum
2716 3728 2769 3771 et
2804 3718 3125 3788 optimatum
3162 3717 3312 3771 urbis
3345 3718 3457 3770 ﬁlii.

191 3821 332 3873 καθ’
373 3821 611 3891 ἑκάστην
645 3821 858 3892 ἡμέραν
907 3822 1120 3875 ἔκλαιον
1157 3824 1251 3877 καὶ
1280 3825 1588 3893 ἐστέναζον,
1614 3834 1706 3883 καὶ
1735 3834 1766 3902 ἡ
1795 3832 1980 3901 ὅρασις
2012 3832 2112 3903 τῆς
2148 3831 2323 3901 ὅψεως
2373 3828 2553 3884 αὐτῶν
2584 3826 2882 3894 ἠλλοιοῦτο,
2926 3826 3018 3878 καὶ
3058 3826 3333 3888 νηστείαις
3364 3826 3459 3876 καὶ

189 3920 546 3986 προσευχαῖς
573 3914 712 3984 ἦσαν
742 3918 1281 3986 προσκαρτεροῦντες
1305 3918 1396 3971 διὰ
1425 3924 1643 3993 παντός,
1678 3928 1867 3999 ἐπειδὴ
1909 3933 2019 3983 τῶν
2077 3930 2335 3997 ἐμφανῶν
2389 3925 2481 3979 τοῦ
2521 3925 2809 3986 παλατίου,
2839 3922 2933 3976 καί⁵
2964 3922 3071 3975 τῶν
3104 3922 3332 3995 πρώτων
3358 3926 3456 3994 τῆς

188 4011 416 4070 πόλεως
444 4003 582 4077 ἦσαν
607 4009 794 4062 τέκνα.

275 4102 359 4158 Δ’.
405 4103 493 4155 Ἐν
518 4103 575 4155 δὲ
601 4102 677 4172 τῷ
710 4103 885 4173 καιρῷ
913 4104 970 4155 ἐν
1006 4096 1051 4171 ᾧ
1083 4104 1436 4175 συνήθροιζεν
1465 4110 1492 4161 ὀ
1532 4109 1782 4179 βασιλεὺς

183 4198 275 4252 τὰ
304 4196 491 4267 πλήθη
522 4198 601 4259 είς
630 4195 728 4266 τὴν
760 4195 953 4249 θυσίαν
971 4196 1078 4248 τῶν
1112 4198 1357 4265 ματαίων
1379 4197 1638 4265 εἰδώλων,
1662 4201 1784 4255 τότε

184 4292 539 4348 ὑπέστελλον
565 4291 791 4353 ἑαυτοὺς
818 4291 866 4343 oi
890 4288 1036 4357 ἅγιοι
1063 4282 1211 4343 οὗτοι
1233 4296 1326 4344 καὶ
1352 4293 1675 4361 είσήρχοντο
1702 4296 1784 4356 εἰς

182 4383 305 4455 τὴν
347 4381 698 4447 Ἐκκλησίαν,
722 4382 813 4433 καὶ
840 4380 1068 4433 ἔπιπτον
1100 4382 1193 4435 ἐπὶ
1225 4384 1327 4453 τὴν
1350 4380 1477 4448 γῆν.
1504 4382 1615 4441 Καὶ
1650 4381 1784 4452 χοῦν

1956 4116 2046 4172 ιν.
2084 4117 2219 4171 Cum
2272 4131 2403 4171 vero
2446 4115 2745 4184 imperator
2802 4112 2989 4167 turbas
3048 4108 3332 4183 gentilium
3388 4114 3456 4169 ad

1886 4209 2131 4264 inanium
2202 4208 2466 4262 idolorum
2518 4204 2782 4260 sacriﬁcia
2854 4215 3260 4274 congregasset,
3324 4215 3456 4261 tunc

1887 4301 2061 4357 sancti
2121 4299 2241 4363 viri,
2303 4314 2440 4369 quos
2504 4295 2663 4366 paulo
2722 4305 2851 4351 ante
2922 4296 3348 4358 nominavimus,
3400 4298 3457 4352 in

1892 4410 2058 4448 unum
2084 4394 2264 4449 locum
2300 4397 2695 4455 convenerunt,
2733 4390 3006 4459 simulque
3028 4390 3093 4443 ad
3119 4386 3460 4448 Christiano-

182 4474 443 4529 εὸαλλον
490 4473 582 4524 ἐπὶ
612 4473 712 4534 τὰς
750 4473 996 4539 κεφαλὰς
1044 4473 1249 4537 αὐτῶν,
1293 4474 1386 4525 καὶ
1424 4471 1639 4526 ἔκλαιον
1691 4475 1784 4527 καὶ

1892 4502 2012 4541 rum
2043 4488 2329 4540 ecclesiam
2353 4484 2604 4554 ingressi,
2638 4494 3046 4552 prostraverunt
3072 4499 3129 4539 se
3158 4485 3210 4537 in
3237 4495 3458 4548 terram,

182 4566 502 4627 ἐστέναζον
536 4561 768 4615 ἐνώπιον
793 4562 885 4613 τοῦ
926 4561 1083 4614 Θεοῦ.
1110 4563 1574 4632 Παρετηρήσαντο
1604 4563 1661 4616 δὲ
1685 4564 1784 4618 αὺ-

1894 4525 2012 4541 .υ...
2044 4525 2329 4540 ...Μαι-η..
2354 4525 2604 4554 ...οηυνη
2640 4525 3046 4552 γ..,.,.....υ......
3072 4525 3126 4539 μ
3238 4525 3456 4548 .ι.......,

1891 4587 1943 4634 et
1976 4579 2199 4649 pulvere
2255 4575 2433 4647 capita
2477 4590 2574 4627 sua
2622 4582 3073 4643 conspergentes,
3121 4585 3248 4626 ante
3288 4574 3456 4628 Deum

181 4662 336 4721 τοὺς
367 4657 419 4707 oi
461 4652 883 4722 συμπράκτορες
931 4651 1133 4715 αὐτῶν,
1173 4655 1254 4706 ὅτι
1282 4655 1339 4706 ἐν
1362 4653 1441 4723 τῷ
1477 4655 1657 4726 καιρῷ
1689 4656 1784 4724 τῆς

1891 4673 2123 4743 gemitus
2150 4680 2207 4726 et
2231 4671 2499 4741 lacrymas
2542 4666 2919 4722 eﬁ‘undebanr.
2954 4663 3105 4731 Quod
3145 4680 3268 4720 cum
3310 4666 3457 4720 tace-

182 4751 404 4812 θυσίας
433 4746 543 4801 τῶν
574 4744 714 4798 θεῶν
744 4742 1049 4815 ἀνεχώρουν
1072 4747 1151 4813 είς
1178 4744 1274 4817 τὴν
1307 4746 1637 4817 Ἐκκλησίαν
1676 4746 1784 4799 τῶν

1892 4742 2035 4828 rent,
2082 4762 2356 4818 observati
2397 4768 2527 4814 sunt
2560 4775 2588 4813 a
2621 4759 3058 4829 speculatoribus
3114 4760 3446 4828 quibusdam

179 4842 450 4903 πιστῶν,
478 4840 573 4893 καὶ
604 4838 681 4902 ὼς
704 4838 947 4907 ὲξητεῖτο
977 4835 1206 4898 ἕκαστος
1241 4836 1333 4890 τοῦ
1366 4835 1527 4891 θῦσαι
1552 4836 1784 4890 ἐνώπιον

1891 4855 2033 4925 quod
2072 4854 2280 4908 scilicet
2306 4863 2550 4923 tempore
2579 4850 2693 4914 illo,
2727 4865 2837 4920 quo
2888 4850 3153 4905 sacriﬁcia
3193 4852 3297 4907 diis
3327 4852 3458 4906 οπο-

175 4932 318 4986 τῶν
340 4929 500 4983 θεῶν.
535 4930 810 4992 Ἐλθόντες
833 4930 882 4982 ot
901 4929 1347 4997 παρατηροῦντες
1364 4930 1557 4993 αὐτοὺς
1587 4924 1740 4983 εἷπον
1767 4943 1783 4961 ⁸

1891 4947 2171 5009 rebantur,
2203 4945 2307 5015 ipsi
2335 4944 2401 4999 ad
2436 4943 2873 4998 Christianorum
2904 4942 3192 4996 ecclesiam
3237 4946 3459 4996 secede-

176 5022 469 5084 Βασιλιῦ,
497 5023 575 5084 είς
609 5027 734 5107 τοῦς
767 5024 971 5085 αἰῶνας
1023 5020 1172 5092 ζῆθι,
1198 5024 1263 5077 σὺ
1296 5024 1422 5085 τοὺς
1454 5025 1533 5085 είς
1570 5023 1784 5092 μακρὰν

1891 5049 2032 5096 rent.
2082 5039 2330 5106 Cumque
2372 5036 2568 5105 singuli
2608 5036 2897 5105 diligenter
2925 5034 3372 5104 exquirerentur,
3401 5045 3458 5089 nt

176 5121 519 5197 ἀπέχοντας
593 5114 979 5185 προσεγγίζεις
1025 5116 1089 5184 τῇ
1119 5113 1282 5184 θυσίᾳ
1330 5114 1439 5167 τῶν
1493 5113 1655 5179 θεῶν,
1695 5116 1784 5167 καὶ

1891 5133 1991 5188 diis
2021 5129 2406 5191 sacriﬁcarent,
2433 5135 2785 5183 accesserunt
2810 5127 2902 5197 qui
2929 5127 3180 5180 homines
3208 5127 3329 5181 illos
3361 5128 3459 5181 ob-

178 5209 324 5272 ἰδοὺ
351 5210 404 5263 οί
426 5193 752 5278 ’ἐγγίζοντές
803 5224 885 5261 σοι
922 5206 1324 5277 καταφρονοῦσι
1353 5206 1456 5276 τῆς
1505 5206 1784 5276 βασιλείας

1892 5232 2263 5287 servaverant,
2305 5231 2360 5277 et
2389 5221 2704 5291 imperatori
2745 5222 3037 5275 dixerunt:
3080 5220 3253 5277 Vivas.
3290 5221 3458 5291 impc-

177 5320 307 5358 σου
325 5312 355 5335 ⁸
381 5304 477 5353 καὶ
508 5303 578 5356 τὰ
607 5300 1005 5371 προστάγματά
1028 5317 1122 5352 σου
1147 5299 1541 5370 ἀκυροῦσι,καὶ
1567 5300 1784 5370 μακρὰν

1893 5327 2058 5379 ratur,
2105 5326 2310 5370 aeterno
2344 5322 2610 5381 tempore.
2640 5310 2726 5367 Tu
2755 5327 2873 5383 eos,
2916 5311 3007 5382 qui
3036 5311 3194 5382 longe
3237 5312 3456 5374 absimr,

172 5397 355 5454 αὐτὰ
383 5390 524 5447 εἶναι
547 5394 836 5467 ἡγοῦνται,
869 5393 965 5446 καὶ
991 5395 1055 5460 τῇ
1091 5391 1359 5463 θρησκείᾳ
1378 5391 1487 5445 τῶν
1517 5392 1782 5461 Χριστιαο

1891 5408 2039 5477 cogis
2081 5404 2360 5460 sacriﬁciis
2415 5414 2611 5472 praesto
2660 5419 2800 5467 esse,
2854 5412 2910 5456 et
2956 5401 3047 5473 qui
3102 5418 3268 5473 prepc
3310 5414 3455 5462 sunt.

170 5488 316 5546 νῶν
339 5486 686 5559 λατρεύουσι.
709 5483 1132 5555 Μαξιμιλλιανὸς
1154 5484 1210 5535 δὲ
1236 5480 1302 5553 ἦν
1320 5485 1433 5547 υίὸς
1471 5483 1570 5537 τοῦ
1606 5484 1783 5556 ἐπάρ-

1891 5506 2244 5555 contemnuut
2273 5495 2561 5565 imperium
2594 5505 2767 5559 tuum,
2793 5493 3016 5562 etjussa
3044 5504 3130 5548 tua
3167 5510 3263 5562 pro
3290 5494 3459 5551 nihilo

171 5598 329 5658 κου,
370 5584 465 5632 καὶ
504 5578 722 5651 πρῶτος
768 5578 970 5641 αὐτῶν,
998 5578 1091 5629 καὶ
1118 5576 1169 5627 oi
1203 5577 1412 5643 ἑταῖροι
1446 5576 1612 5628 αὑτοῦ
1643 5570 1783 5647 ἦσαν

1891 5590 2117 5651 faciunt,
2192 5585 2627 5640 Christianorum
2697 5585 3049 5639 observantes
3119 5585 3453 5655 religionem.

170 5675 423 5750 πρῶτοι
451 5675 509 5724 ἐν
539 5675 659 5734 ταῖς
678 5671 988 5738 στρατείαις
1004 5669 1110 5721 τῶν
1131 5666 1522 5721 διασαλλὸντων
1553 5664 1777 5727 αὐτούς.

1892 5682 2018 5736 Erat
2068 5685 2247 5733 autem
2313 5678 2715 5734 Maximilianus
2735 5676 2809 5747 (ε)
2829 5676 2947 5747 ipse
2995 5678 3242 5748 prmsidis
3295 5674 3454 5741 ﬁlius,

1895 5811 2137 5853 manum.

276 5812 363 5881 (ί)
394 5807 938 5881 Maximilianns,etc.
968 5804 1082 5856 Alia
1118 5804 1339 5881 nomina
1392 5799 1787 5881 habetCrego-
1895 5811 2157 5881 manum:
2244 5866 2286 5881 η
2366 5866 2376 5877 .
2638 5880 2641 5881 ν
2689 5864 2699 5873 _
2742 5880 2751 5881 ί

1976 5869 2051 5945 (θ)
2082 5869 2224 5925 Alias
2244 5866 2601 5922 Maximianus
2622 5866 2828 5935 primus
2858 5866 2999 5919 inter
3026 5866 3311 5934 martyres.

173 5871 733 5942 ritt‘sTuronensis,
776 5880 861 5931 cui
889 5876 1163 5931 consentit
1214 5873 1651 5943 Martyrologium
1692 5871 1794 5925 Ro-
