4188 6310
728 376 829 442 431

2048 374 2331 437 MENSIS
2364 376 2666 437 JULIUS.

3871 362 3971 428 43⁸2

728 498 859 552 item
913 492 1004 547 alii
1061 491 1381 563 cumprimis
1431 477 1671 550 illustres
1718 495 1773 548 in
1832 494 2091 549 exercitu.
2151 493 2304 548 Tunc

2409 494 2538 548 Τότε
2565 494 2750 555 Δέκιος
2772 494 2799 546 6
2830 490 3080 562 βασιλεὺς
3118 485 3720 559 ὁργισθεὶς,ὲκέλευησεν
3743 471 3974 553 ἀχθῆναι

732 588 925 644 Decius
958 587 1272 656 imperator,
1313 587 1393 641 ira
1440 588 1700 658 percitus,
1737 588 1857 643 illos
1891 588 1958 643 ad
1987 604 2045 643 se
2094 589 2307 643 vinctos

728 679 851 735 duci
905 678 1091 748 jussit.
1134 676 1343 743 Quibus
1401 678 1623 734 ductis:
1686 678 1882 745 Quare,
1945 679 2141 749 inquit,
2198 696 2305 735 non

738 769 1111 840 permansistis
1160 768 1467 833 nobiscum,
1506 778 1565 823 ut
1601 769 1704 823 diis
1771 769 2173 837 sacriﬁcaretis,
2215 771 2308 839 qui

730 870 900 918 totum
934 860 1123 915 orbem
1158 868 1428 913 terrarum
1470 861 1535 915 ad
1580 860 1685 915 sibi
1716 862 2077 917 obedientium
2101 877 2305 917 convo-

730 951 963 1006 carunt?
992 951 1247 1006 Accedite
1278 952 1461 1022 igitur,
1493 961 1547 1006 et
1588 952 1830 1007 debitum
1858 953 1960 1008 diis
1984 954 2309 1011 sacriﬁcium

731 1042 952 1106 otierte,
1015 1042 1469 1111 quemadmodum
1525 1054 1717 1098 omnes
1773 1043 1951 1098 facere
2011 1060 2310 1099 consueve-

730 1142 880 1188 runt.
944 1131 1098 1187 Tunc
1158 1131 1554 1189 Maximilianus
1609 1137 1889 1206 respondit
1936 1151 1951 1190 :
2006 1137 2307 1199 Habemus,

731 1222 1048 1293 imperator,
1078 1224 1246 1278 Deum
1280 1223 1330 1276 in
1364 1226 1514 1280 caelis
1547 1225 1905 1291 habitantem,
1953 1228 2108 1297 cujus
2139 1229 2307 1298 gloria

731 1314 927 1368 eteium
964 1321 1017 1368 et
1060 1322 1202 1367 terra
1233 1314 1391 1384 plena
1416 1325 1521 1379 est,
1547 1316 1634 1369 cui
1663 1316 1991 1371 sacriﬁcium
2013 1318 2311 1373 confessio-

732 1404 817 1457 nis
852 1410 1060 1458 nostrre
1107 1404 1302 1459 offerre
1343 1404 1489 1460 soliti
1535 1421 1749 1473 sumus,
1805 1415 1966 1476 atque
2000 1418 2307 1463 nostrarum

733 1496 1041 1550 orationum
1089 1495 1348 1551 libamine
1386 1510 1568 1551 coram
1619 1498 1729 1553 Deo
1774 1500 2109 1554 exsultamus
2160 1502 2308 1555 omni

735 1597 1000 1656 tempore.
1045 1585 1154 1641 Nos
1182 1586 1597 1643 enim‘nidorem
1639 1603 1704 1643 ac
1755 1588 1963 1643 fumum
2007 1602 2308 1646 vestrorum

734 1677 1124 1732 sacriﬁciorum
1150 1677 1267 1733 istis
1300 1677 1456 1733 idolis
1487 1694 1594 1733 non
1633 1679 1931 1744 oﬁ‘erimus,
1966 1683 2311 1753 quandoqui‘

736 1768 857 1821 dem
900 1776 1118 1823 nostras
1152 1769 1362 1823 animas
1399 1768 1723 1824 labefactare
1758 1771 2028 1824 nolumus.

806 2072 873 2127 ν.
915 2069 1014 2125 His
1052 2069 1273 2138 auditis,
1295 2068 1490 2125 Decius
1530 2084 1641 2124 non
1676 2070 1911 2141 amplius
1940 2070 2087 2140 loqui
2118 2070 2307 2134 voluit,

737 2164 834 2221 sed
872 2163 1037 2235 jussit
1064 2162 1332 2217 militares
1367 2176 1532 2217 zonas
1563 2162 1630 2216 ab
1665 2162 1745 2217 eis
1772 2160 1993 2216 auferri.
2026 2161 2195 2235 Cujus
2230 2163 2307 2217 rei

736 2271 956 2314 causam
1000 2269 1119 2308 esse
1166 2254 1323 2320 dixit,
1369 2254 1514 2324 quod
1554 2255 1776 2308 deorum
1819 2255 2072 2324 potentiae
2117 2254 2310 2308 adver-

738 2342 916 2398 sarios
967 2343 1115 2412 ipsos
1148 2342 1607 2411 deprehenderat.
1660 2342 1926 2397 Praeterea
1953 2344 2073 2398 illos
2111 2358 2140 2397 a
2178 2344 2311 2397 deo-

737 2445 858 2483 rum
922 2428 1295 2484 muniﬁcentia
1362 2427 1727 2498 repellendos,
1779 2437 1943 2496 atque
1987 2430 2055 2485 ab
2093 2427 2308 2496 imperii

738 2521 925 2577 militia
960 2520 1149 2591 procul
1180 2519 1442 2574 arcendos
1474 2534 1595 2575 esse
1626 2519 1892 2584 decrevit,
1915 2519 2088 2589 quoad
2112 2532 2309 2589 oppor-

738 2626 868 2668 tune
915 2611 983 2667 de
1031 2611 1246 2666 illorum
1293 2612 1556 2680 religione
1608 2611 1889 2681 inquirere
1932 2619 2139 2681 posset.
2190 2611 2309 2667 Non

736 2706 882 2760 enim
919 2720 1132 2774 aequum
1166 2704 1337 2759 videri
1372 2704 1475 2760 sibi
1541 2706 1737 2770 aiebat,
1786 2705 2000 2760 illorum
2046 2706 2310 2775 juventu-

739 2810 846 2855 tem
884 2796 1173 2852 tormentis
1219 2797 1498 2852 consumi:
1550 2797 1734 2867 itaque
1781 2796 2153 2852 misericordia
2195 2813 2312 2853 mo-

740 2902 851 2944 tum
898 2888 1157 2957 temporis
1208 2889 1442 2957 spatium
1478 2903 1536 2943 se
1583 2889 1695 2942 illis
1753 2888 2075 2953 concedere,
2122 2899 2181 2943 ut
2226 2891 2311 2943 in-

740 2993 886 3037 terea
937 2980 1343 3051 resipiscercnt,
1385 2980 1452 3034 ad
1493 2982 1621 3036 deos
1668 2990 2094 3047 reverterentur,
2139 2992 2195 3037 et
2235 2983 2313 3037 vi-

740 3083 947 3128 verent.
1010 3071 1135 3128 Haec
1183 3072 1321 3128 dixit
1362 3072 1681 3141 imperator,
1723 3082 1779 3127 et
1831 3076 2085 3143 praecepit
2116 3075 2312 3129 ferreis

738 3165 968 3219 vinculis
1013 3165 1225 3218 i'liornm
1259 3163 1395 3218 colla
1436 3164 1593 3228 exui,
1630 3174 1791 3231 atque
1822 3182 1850 3216 ιι
1881 3180 1980 3219 suo
2018 3175 2311 3233 conspectu

741 3256 1026 3311 removeri.
1055 3254 1210 3308 ’l‘uue
1240 3253 1429 3308 Decius
1458 3254 1510 3307 in
1542 3254 1675 3308 alias
1713 3254 1874 3309 urbes
1902 3255 2175 3323 profectus
2205 3267 2307 3323 est,

743 3359 799 3402 ut
823 3346 1020 3401 iaceret
1048 3362 1165 3416 quae
1199 3345 1253 3400 in
1281 3345 1460 3401 animo
1488 3346 1739 3412 habebat,
1768 3363 1833 3402 co
1859 3357 2034 3403 tamen
2060 3350 2309 3415 consilio,

744 3451 800 3498 ut
852 3440 1126 3509 Ephesum
1171 3446 1462 3506 repeteret.
1514 3436 1697 3507 itaque
1745 3439 1948 3494 sanctis
1992 3439 2143 3504 viris,
2172 3455 2309 3509 quos

738 3530 997 3593 diximus,
1050 3533 1375 3583 concessum
1409 3526 1587 3582 fuerat
1625 3528 1694 3581 ab
1740 3528 2090 3597 imperatore;
2127 3538 2185 3582 ut
2213 3544 2311 3598 per

739 3626 947 3696 aliquot
974 3622 1092 3677 dies
1123 3622 1295 3676 libere
1322 3620 1527 3675 versari
1563 3629 1809 3690 possent.

811 3828 897 3884 VI.
933 3826 1068 3886 Cum
1100 3826 1274 3898 igitur
1301 3833 1665 3898 opportunum
1694 3833 1907 3896 tempus
1944 3826 2304 3890 invenissent.

739 3933 793 3979 et
818 3923 870 3977 in
890 3920 1094 3977 Christi
1122 3920 1225 3974 ﬁde
1251 3933 1601 3989 perseverare
1628 3918 2059 3979 constituissent,
2083 3918 2310 3987 justitiae

739 4014 996 4083 operibus
1042 4011 1466 4066 incumbebant:
1518 4024 1753 4078 eumque
1800 4023 1994 4062 aurum
2029 4018 2085 4062 et
2117 4022 2310 4078 argen-

741 4117 855 4161 tum
885 4118 949 4159 ex
977 4101 1216 4172 paternis
1254 4100 1599 4156 facultatibus
1638 4099 2001 4171 collegissent,
2053 4101 2309 4171 pauperi-

742 4198 842 4250 bus
892 4194 1116 4249 multam
1160 4194 1455 4264 pecuniam
1510 4192 1934 4249 distribuerunt:
1974 4202 2029 4246 et
2062 4193 2205 4247 inter
2249 4206 2309 4247 se

740 4289 1026 4346 consilium
1074 4289 1346 4353 ineuntes,
1392 4288 1631 4344 vicissim
1668 4303 1727 4343 se
1754 4286 1842 4341 his
1876 4288 2059 4340 verbis
2110 4286 2309 4341 adhor-

740 4382 994 4439 tabantur
1030 4398 1043 4434 :
1087 4378 1417 4432 Secedamus
1460 4392 1752 4447 parumper
1797 4377 1865 4431 ab
1908 4377 2007 4432 bac
2057 4378 2209 4444 urbe,
2254 4387 2307 4433 et

738 4474 1031 4526 subeamus
1059 4470 1375 4540 speluncam
1407 4469 1551 4524 illam
1587 4484 1854 4540 magnam,
1885 4485 2003 4538 quae
2043 4472 2216 4539 vergit
2238 4469 2305 4523 ad

2413 586 2629 651 αὐτοὺς,
2659 585 2750 638 καὶ
2795 586 2883 638 ὅτε
2920 581 3370 654 προσηνέχθησαν
3404 579 3634 633 ἐνώπιον
3679 575 3872 639 αὐτοῦ,
3900 573 3974 627 ἔτι

2412 681 2518 733 τῶν
2544 677 2792 747 δακρύων
2822 678 2879 730 ὲν
2905 680 3014 740 τοῖς
3069 674 3370 743 ὀφθαλμοῖς
3407 671 3584 723 αὑτῶν
3612 668 3807 732 ὅντων,
3830 667 3974 736 λέγει

2413 773 2594 834 αὐτοῖς
2633 769 2820 833 Δέκιος
2850 770 2878 820 ὁ
2913 767 3168 838 βασιλεύς
3203 782 3217 797 ·
3252 764 3403 817 Διατί
3428 764 3527 816 οὐκ
3556 762 3809 831 ὲμείνατε
3862 762 3973 831 μεθ’

2414 864 2569 934 ἡμῶν
2607 865 2688 925 είς
2719 863 2817 931 τὴν
2857 862 3049 914 θυσίαν
3091 858 3199 913 τῶν
3248 857 3410 921 θεῶν,
3438 857 3637 917 οἵτινες
3677 858 3865 907 πᾶσαν
3885 855 3975 922 τὴν

2412 958 2737 1026 οἰκουμένην
2793 951 3229 1025 προσκαλοῦνται
3283 949 3420 1021 πρὸς
3466 948 3736 1009 ἑαυτούς·
3766 948 3859 999 καὶ
3887 946 3975 998 νῦν

2414 1048 2740 1118 προσέλθετε
2788 1048 2885 1099 καὶ
2916 1046 3119 1098 θύσατε
3169 1046 3266 1113 τῆν
3305 1040 3805 1113 κεχρεωστημένην
3850 1041 3977 1109 ἡμῖν

2413 1143 2601 1195 θυσίαν
2634 1145 2745 1204 τοῖς
2779 1140 2938 1203 Θεοῖς,
2967 1139 3151 1201 καθῶς
3175 1138 3436 1206 ἐποίησαν
3456 1137 3655 1196 πάντες
3688 1135 3738 1187 oi
3772 1132 3979 1201 ἀνθρώ.

2413 1252 2525 1287 ποι.
2552 1234 2685 1287 Τότε
2740 1231 3173 1301 Μαξιμιλλιανὺς
3208 1230 3551 1298 ἀποκριθεὶς,
3576 1222 3735 1279 εἶπεν
3772 1224 3852 1296 τῷ
3888 1227 3979 1295 βα-

2415 1327 2552 1380 σιλεῖ
2570 1344 2584 1358 ·
2622 1327 2857 1396 Ἐχομεν
2886 1324 3017 1377 Θείν
3046 1309 3106 1377 ἓν
3139 1322 3217 1392 τῷ
3251 1320 3492 1391 οὐρανῷ,
3519 1320 3547 1371 δ
3575 1319 3804 1388 οὐρανὸς
3831 1318 3980 1384 καὶὴ

2411 1420 2482 1488 γῆ
2517 1416 2879 1488 πεπλήρωται
2924 1415 3025 1483 τῆς
3063 1408 3223 1481 δόξης
3256 1412 3445 1475 αὑτοῦ,
3489 1410 3584 1463 καὶ
3628 1409 3779 1478 αὐτῷ
3812 1423 3981 1477 προσ-

2415 1513 2655 1581 φέρομεν
2715 1510 2813 1579 τὴν
2867 1507 3117 1579 κρυπτὴν
3168 1504 3361 1558 θυσίαν
3395 1502 3498 1571 τῆς
3540 1500 3982 1570 ἐξομολογήσεως

2413 1605 2589 1676 ἡμῶν,
2611 1604 2706 1657 καὶ
2735 1605 2793 1656 ἐν
2826 1605 2890 1673 τῇ
2920 1600 3124 1671 σπουδῇ
3158 1601 3255 1669 τῆς
3302 1600 3543 1668 δεήσεως
3575 1596 3734 1665 ἡμῶν
3777 1595 3982 1663 ἐμφαι-

2415 1697 2617 1768 νόμεθα
2647 1695 2876 1748 ἐνώπιον
2924 1693 3092 1746 αὐτοῦ
3139 1691 3455 1753 διαπαντός.
3510 1688 3704 1758 Ἡμεῖς
3729 1688 3844 1756 γὰρ
3882 1689 3981 1754 τὴν

2417 1790 2606 1842 κνίσαν
2642 1788 2735 1841 τοῦ
2772 1786 2983 1840 καπνοῦ
3034 1786 3135 1857 τὴν
3181 1781 3621 1855 μεμολυσμένην,
3669 1779 3985 1849 ίμπροσθεν

2411 1881 2643 1935 εἰδώλων
2669 1897 2762 1934 σου
2801 1880 2861 1933 οὐ
2904 1877 3310 1949 προσφέρομεν,
3345 1875 3466 1928 οὐδὲ
3505 1875 3617 1943 γᾴρ
3673 1871 3983 1941 μολύνομεν

2409 1973 2506 2044 τὴν
2527 1972 2895 2040 καθαριότητα
2914 1970 3022 2023 τῶν
3039 1970 3224 2040 ψυχῶν
3254 1968 3409 2038 ἡμῶν
3435 1966 3531 2020 καλ⁵
3551 1965 3661 2017 τῶν
3686 1963 3980 2031 σιιιμάτων,

2476 2063 2556 2117 E’.
2605 2064 2741 2117 Τότε
2804 2063 2998 2124 Δέκιος
3053 2062 3113 2114 ού
3169 2059 3419 2129 διελέχθη
3473 2057 3809 2127 ἀμφοτέροις
3846 2055 3983 2124 ἅμα,

2410 2157 2546 2210 ἀλλά
2579 2155 2794 2209 κελεύει
2836 2156 3074 2224 κοπῆναι
3105 2154 3204 2217 τάς
3240 2152 3417 2217 ζώνας
3453 2151 3649 2204 αὐτῶν.
3683 2152 3797 2204 Καὶ
3838 2151 3985 2216 λέγει

2411 2249 2772 2319 προςαύτούς
2792 2264 2805 2281 ·
2838 2247 3058 2317 Ἐπειδὴ
3084 2240 3242 2314 εὗρον
3261 2247 3402 2315 ὑμᾶς
3422 2243 3697 2305 ἐναντίους
3719 2242 3867 2295 κατά
3889 2245 3986 2311 τῆς

2410 2342 2693 2411 δυνάμεως
2721 2342 2826 2393 τῶν
2852 2340 3012 2404 θεῶν,
3052 2339 3140 2392 διά
3169 2339 3328 2391 τοῦτο
3361 2338 3455 2391 καὶ
3482 2338 3641 2405 ὑμεῖς
3688 2335 3986 2406 ἀλλοτριω-

2412 2434 2641 2504 θήσεσθε
2670 2434 2767 2500 τῆς
2800 2432 2981 2486 αὐτῶν
3003 2430 3422 2502 μεγαλειότητος
3440 2431 3535 2483 καὶ
3557 2429 3657 2497 τῆς
3684 2428 3983 2497 στρατείας

2409 2527 2505 2597 τῆς
2542 2525 2821 2596 βασιλείας
2848 2524 3030 2593 ὴμῶν,
3079 2523 3183 2586 ἕως
3210 2515 3272 2575 οῦ
3296 2519 3447 2573 λάϐω
3476 2519 3673 2588 καιρὸν
3719 2520 3821 2571 καὶ
3848 2518 3984 2591 μετὰ

2409 2618 2736 2688 δοκιμασίας
2792 2597 3305 2686 ὲπερυὲτηθὴσεσθε,
3367 2611 3499 2682 περὶ
3553 2611 3655 2680 τῆς
3706 2610 3879 2679 οῦσης
3931 2610 3989 2661 ἒν

2412 2711 2539 2779 ὑμῖν
2572 2708 2892 2780 θρησκείας
2919 2708 2978 2760 οὐ
3003 2706 3113 2776 γάρ
3145 2705 3357 2758 δίκαιόν
3408 2705 3561 2756 ἐστιν
3611 2703 3781 2767 εὐθὺς
3832 2708 3989 2758 ἀπωο

2410 2802 2599 2855 λέσθαι
2626 2802 2721 2873 τὴν
2753 2801 2983 2871 νεότητα
3016 2800 3169 2869 ὑμῶν
3195 2800 3289 2851 καὶ
3324 2796 3564 2868 μαράναι
3609 2797 3711 2859 τὰς
3765 2797 3985 2865 ἡλικίας

2414 2894 2570 2964 ὑμῶν
2603 2898 2660 2947 ὲν
2686 2894 2963 2955 ποικίλαις
2996 2892 3251 2963 βασάνοις
3282 2908 3296 2923 ο
3326 2892 3438 2959 ἐγὼ
3467 2892 3575 2961 γὰρ
3606 2890 3989 2960 συμπαθήσας

2411 2989 2603 3058 δίδωμι
2642 2986 2774 3057 ὑμῖν
2804 2986 3017 3056 καιρὸν,
3049 2985 3198 3048 ὅπως
3223 2984 3282 3036 ἐν
3309 2982 3458 3052 αύτῷ
3487 2982 3846 3051 σοφισθέντες
3870 2985 3992 3035 ἐπι-

2415 3080 2681 3150 στρέφητε
2711 3080 2807 3131 καὶ
2863 3078 3120 3147 ζήσεσθε.
3179 3077 3313 3128 Τότε
3353 3077 3642 3129 ἐκέλευσεν
3670 3079 3697 3128 ὁ
3730 3075 3989 3145 βασιλεὺς

2339 3201 2382 3259 C
2414 3173 2625 3236 Δέκιος,
2650 3171 2745 3224 καὶ
2770 3173 2981 3242 ὲπῇραν
3016 3171 3083 3222 τὰ
3104 3169 3262 3222 κλοιά
3292 3169 3361 3222 τά
3386 3169 3581 3239 σιδηρά
3615 3171 3680 3223 ὲκ
3704 3169 3817 3223 τῶν
3853 3187 3988 3241 τρα-

2419 3265 2599 3335 χήλων
2651 3264 2851 3327 αὐτῶν,
2902 3264 2995 3315 καὶ
3042 3262 3295 3329 ἐξέϐαλον
3330 3263 3528 3323 αὐτοὺς
3567 3263 3631 3314 ὲκ
3687 3262 3990 3331 προσώπου

2415 3357 2510 3410 τοῦ
2566 3356 2852 3426 βασιλέως.
2907 3356 3042 3408 Τότε
3068 3351 3162 3407 οὖν
3188 3356 3215 3405 ὁ
3245 3354 3441 3417 Δέκιος
3498 3352 3729 3422 ἐξῆλθεν
3767 3356 3847 3417 είς
3891 3356 3986 3413 τὰς

2418 3450 2583 3511 ἄλλας
2622 3448 2827 3509 πόλεις,
2863 3446 3153 3517 πληρῶσαι
3182 3447 3242 3498 το
3274 3446 3487 3516 θέλημα
3524 3445 3695 3499 αὐτοῦ
3738 3449 3835 3500 καὶ
3895 3448 3989 3500 οῦ-

2416 3554 2524 3601 τως
2548 3537 2635 3590 ἐπ’
2664 3537 2911 3591 ἀνελθεῖν
2955 3538 3033 3599 είς
3064 3524 3301 3607 Ἔφεσον
3333 3539 3430 3609 τὴν
3455 3539 3610 3592 πόλιν
3642 3540 3701 3591 εν
3736 3540 3890 3609 αὐτῷ
3916 3542 3996 3614 τῷ

2406 3628 2576 3699 ’θυμῷ
2618 3631 2718 3697 τῆς
2768 3626 3059 3691 ἀλαζονίας
3121 3628 3309 3689 αὑτοῦ,
3342 3628 3463 3679 τότε
3517 3625 3609 3680 οὖν
3668 3628 3826 3698 ἐδόθη
3875 3634 3989 3692 τοῖς

2416 3722 2591 3789 ἁγίοις
2628 3721 2833 3782 ἔνδοσις
2875 3721 3095 3789 ἡμερῶν
3130 3719 3279 3787 παρά
3314 3718 3409 3769 τοῦ
3444 3717 3736 3787 βασιλέως.

2486 3817 2577 3880 ς’.
2605 3812 2876 3870 Λαϐόντες
2928 3810 3021 3863 οῦν
3050 3810 3242 3880 καιρὸν
3274 3810 3321 3862 oi
3356 3810 3527 3878 ἅγιοι,
3562 3810 3896 3880 ἐπλήρωσαν
3927 3810 3989 3863 τὰ

2413 3904 2551 3974 ἔργα
2584 3905 2680 3973 τῆς
2722 3902 3074 3971 δικαιοσύνης
3098 3903 3155 3955 ἐν
3186 3906 3250 3972 τῇ
3285 3903 3468 3955 πίστει
3516 3901 3723 3966 αὐτῶν,
3766 3906 3862 3956 καὶ
3892 3904 3987 3957 λα-

2414 3997 2603 4060 ϐόντες
2634 3996 2857 4067 χρυσίον
2882 3996 2976 4049 καὶ
3005 3994 3269 4066 ἀργύριον
3292 3996 3355 4046 ὲκ
3374 3994 3480 4046 τῶν
3512 3995 3752 4062 γενικῶν
3784 3997 3986 4059 αὐτῶν,

2414 4090 2672 4146 διεδίδουν
2698 4088 3226 4159 τοῖςνπτωχοῖςοτότε
3253 4088 3551 4155 ἐσκέψαντο
3584 4088 3705 4158 μετ’
3738 4084 3987 4161 ἀλλήλων

2414 4184 2510 4237 καὶ
2539 4178 2714 4235 εἶπον.
2747 4180 3207 4252 Ἀποχωρίσωμεν
3238 4180 3460 4244 ἑαυτοὺς
3484 4181 3670 4247 ὀλίγον
3712 4185 3809 4235 καὶ
3843 4183 3987 4246 ἐξέλ-

2415 4275 2597 4347 θωμεν
2623 4276 2687 4329 ὲκ
2712 4274 2811 4347 τῆς
2843 4276 3053 4338 πόλεως
3079 4275 3306 4344 ταύτης,
3335 4275 3428 4327 καὶ
3459 4272 3797 4346 ἀπέλθωμεν
3829 4278 3911 4338 είς
3931 4276 3985 4331 τὸ

2415 4346 2677 4441 σπηλαιον
2714 4346 2776 4422 re
2822 4370 2967 4440 μέγα
3012 4368 3074 4423 τὸ
3102 4368 3161 4421 ὃν
3193 4367 3252 4434 ἐξ
3297 4367 3574 4422 ἀνατολῶν
3621 4373 3725 4440 τῆς
3756 4346 4013 4433 πόλεωςί

2414 4464 2525 4515 Καὶ
2561 4461 2843 4532 δεηθῶμεν
2896 4463 3015 4514 εκεῖ
3074 4458 3168 4513 τοῦ
3202 4460 3336 4514 Θεοῦ
3380 4460 3540 4530 ἡμῶν
3576 4462 3721 4531 μετὰ
3752 4464 3989 4533 ἠσυχὶας

737 4563 1039 4617 Orientem.
1096 4560 1210 4614 illic
1260 4561 1445 4630 quiete
1503 4562 1771 4623 viventes,
1831 4560 1997 4614 Deum
2053 4571 2301 4615 nostrum

2409 4555 2668 4621 ἐκτενῶς,
2719 4557 2810 4609 καὶ
2870 4555 3290 4627 εὐτρεπίσωμεν
3338 4554 3568 4616 ἑαυτοὺς
3621 4553 3867 4608 ἐνώπιον
3896 4554 3985 4606 τοῦ

736 4656 961 4709 attentis
990 4662 1044 4709 et
1076 4652 1312 4707 assiduis
1353 4652 1603 4721 precibus
1634 4666 1874 4713 oremus,
1913 4660 1969 4704 ut
2004 4651 2135 4705 tales
2164 4651 2306 4706 efﬁci

739 4751 1014 4817 possimus
1070 4746 1161 4815 qui
1215 4752 1343 4799 ante
1392 4745 1603 4815 tyranni
1663 4752 1943 4815 aspectum
1997 4753 2307 4799 constanter

736 4854 881 4895 stare
934 4839 1251 4893 valeamus:
1305 4854 1481 4906 neque
1548 4838 1865 4890 desinamus
1932 4837 2023 4889 Dei
2080 4838 2304 4908 gloriam

739 4933 1073 4993 coliaudare,
1136 4940 1191 4985 ut
1243 4928 1386 4984 Deus
1434 4927 1553 4997 ipse
1610 4942 1713 4997 ope
1760 4943 1854 4981 sua
1911 4942 2010 4981 nos
2064 4929 2304 4996 adjuvet,

742 5038 849 5093 quo
897 5033 1098 5077 rectam
1158 5023 1277 5091 ejus
1338 5020 1744 5077 confessionem
1809 5034 2112 5083 servemus,
2149 5033 2307 5074 coro-

744 5129 979 5185 numque
1058 5112 1203 5168 illam
1271 5112 1639 5182 incorruptam
1710 5112 1794 5166 his
1872 5121 2150 5180 paratam,
2215 5111 2307 5182 qui

744 5208 863 5276 ejus
919 5206 1076 5261 ﬁdem
1139 5205 1476 5270 custodiunt,
1526 5212 1581 5258 et
1624 5202 1902 5258 Christum
1946 5211 2304 5275 agnoverunt,

743 5296 989 5363 accipere
1069 5298 1358 5367 possimus.
1428 5296 1612 5365 itaque
1660 5313 1784 5353 cum
1841 5306 2048 5352 tantum
2101 5297 2308 5368 argenti

742 5388 1123 5459 sumpsissent,
1151 5398 1419 5456 quantum.
1451 5388 1556 5443 illis
1598 5388 1664 5441 ad
1710 5399 1987 5457 sumptum
2017 5390 2149 5447 satis
2185 5404 2309 5445 esse

740 5490 943 5548 posset,
977 5482 1341 5535 ascenderunt
1380 5481 1434 5533 in
1461 5481 1773 5550 speluncam
1811 5482 1865 5534 in
1904 5491 2087 5534 monte
2126 5481 2305 5549 sitam,

739 5583 919 5636 (mons
949 5572 1154 5625 Ochion
1209 5571 1536 5643 appellatur)
1554 5588 1661 5640 quo
1692 5575 1747 5626 in
1794 5574 1914 5629 ioco
1949 5574 2148 5629 multos
2192 5575 2308 5631 dies

740 5672 1138 5732 transegerunt,
1203 5665 1370 5717 Deutn
1442 5664 1622 5733 ipsum
1682 5671 1922 5728 orantes,
1980 5676 2033 5720 et
2077 5666 2306 5722 salutem

741 5752 1043 5804 animarum
1113 5768 1333 5806 suarum
1395 5769 1612 5823 semper
1678 5754 1745 5808 ab
1814 5770 1881 5809 eo
1946 5759 2304 5823 postulantes.

742 5840 999 5894 iamblico
1054 5854 1251 5905 autem,
1282 5846 1372 5915 qui
1420 5848 1670 5901 omnibus
1724 5848 1846 5903 aliis
1875 5859 1993 5903 erat
2034 5862 2162 5907 natu
2207 5852 2305 5906 tui—

2405 4651 2671 4720 τυράννου
2707 4649 3081 4718 παραστῆναι,
3111 4646 3183 4717 μὴ
3219 4646 3314 4699 οῦν
3361 4647 3705 4717 ἀργήσωμεν
3752 4648 3865 4699 ἀπὸ
3895 4647 3990 4712 τῆς

2404 4741 2712 4808 δοξολογίας
2740 4740 2833 4793 τοῦ
2873 4739 3030 4791 Θεοῦ.
3064 4740 3171 4791 Καὶ
3219 4741 3282 4791 τὸ
3328 4741 3545 4807 θέλημα
3578 4738 3751 4790 αὑτοῦ
3786 4742 3993 4809 ποιήση

2409 4833 2528 4904 μεθ’
2562 4832 2720 4902 ἡμῶν
2752 4832 2779 4882 ὁ
2812 4816 3038 4901 Κύριος,
3091 4835 3186 4885 καὶ
3241 4831 3630 4901 πληρώσωμεν
3682 4830 3786 4900 τὴν
3821 4832 3991 4901 καλὴν

2404 4925 2698 4996 ὁμολογίαν
2744 4925 2905 4995 ἡμῶν
2945 4925 3180 4978 ἐνώπιον
3218 4924 3317 4977 τοῦ
3353 4926 3645 4995 τυράννου,
3681 4926 3779 4978 καὶ
3815 4926 3991 4979 λάϐω-

2409 5040 2509 5093 μεν
2547 5022 2640 5075 τὸν
2666 5022 2990 5091 ἀμάραντον
3027 5020 3297 5090 στέφανον
3328 5021 3421 5073 τὸν
3445 5020 3859 5091 ἡτοιμασμένον
3884 5023 3996 5082 τοῖς

2406 5117 2620 5175 πιστοῖς
2648 5116 2745 5168 καὶ
2785 5115 3153 5181 ἐπεγνωκόσι.
3180 5115 3291 5166 Καὶ
3319 5112 3582 5175 λαϐόντες
3608 5102 3756 5183 μετά
3798 5115 3993 5181 χεῖρας

2405 5206 2667 5279 ἀργύριον
2685 5208 2766 5268 είς
2782 5208 2939 5276 λόγον
2955 5209 3055 5277 τῆς
3065 5205 3310 5276 δαπάνης
3324 5206 3522 5271 αὐτῶν,
3539 5205 3824 5275 ἀνέϐησαν
3840 5209 3915 5269 είς
3930 5207 3997 5257 το

2408 5300 2672 5371 σπήλαιον
2693 5301 2752 5353 τὸ
2768 5299 2827 5352 ὃν
2848 5302 2905 5355 ὲν
2926 5300 3128 5371 τῷδρει
3147 5299 3224 5373 τῷ
3242 5300 3519 5370 λεγομένῳ
3544 5299 3785 5370 Μοχλδς,
3808 5304 3901 5354 καὶ
3916 5302 3999 5352 δι-

2406 5396 2540 5463 ¹ἦγον
2566 5393 2683 5445 ἐκεῖ
2705 5392 2906 5455 πολλὰς
2927 5392 3035 5463 ήμέ
3045 5408 3141 5462 ρας
3162 5391 3596 5463 προσευχόμενοι
3614 5394 3713 5446 καὶ
3743 5392 3998 5463 δεόμενοι

2406 5482 2500 5535 τοῦ
2532 5483 2666 5535 Θεοῦ
2711 5482 2797 5536 διὰ
2850 5484 3073 5546 παντὸς,
3118 5484 3263 5551 ὑπὲρ
3314 5482 3413 5551 τῆς
3462 5484 3746 5554 σωτηρίας
3783 5484 3995 5538 αὐτῶν.

2419 5573 2722 5644 Ἰάμϐλιχον
2736 5574 2790 5626 δὲ
2809 5573 2970 5626 νεώτε
2984 5560 3072 5643 ‘pov
3086 5575 3214 5626 ὄντα
3230 5572 3324 5626 καὶ
3345 5574 3722 5643 δυνατώτερον
3741 5579 3839 5629 καὶ
3857 5575 3997 5643 φρό-

2408 5685 2585 5738 νιμον,
2611 5666 2798 5732 ἔταξεν
2819 5667 3088 5719 διακονεῖν
3105 5667 3305 5731 αὐτοῖς·
3334 5666 3429 5719 καὶ⁵
3456 5666 3545 5718 ὅτε
3564 5669 3883 5738 κατήρχετο
3909 5668 3999 5729 είς

2409 5761 2505 5831 τὴν
2545 5762 2696 5813 πόλιν
2723 5758 2963 5828 ήλλασσε
2994 5762 3062 5812 τὰ
3104 5760 3300 5830 ἱμάτια
3322 5758 3491 5813 αὑτοῦ
3515 5759 3590 5824 ὡς
3620 5759 3867 5827 πτωχὸς,
3894 5760 4003 5812 καὶ

2413 5850 2686 5922 ἐλάμϐανε
2746 5848 2865 5918 μεθ’
2908 5850 3105 5905 ἑαυτοῦ
3168 5850 3438 5921 ἀργύριον
3484 5852 3580 5907 καὶ
3640 5848 3818 5902 ἐδίδου
3877 5852 4002 5915 τοῖς
