4188 6310
256 354 366 422 433

1290 336 1293 339 λ
1351 365 1448 426 DE
1491 364 1785 424 SEPTEM
1830 358 2440 427 DORMIENTIBUS.

3402 357 3505 421 434

260 481 499 548 πτωχοῖς
554 481 611 544 ἐξ
651 481 838 549 αὐτοῦ,
899 482 992 535 καὶ
1039 482 1275 551 ἠκροᾶτο
1322 480 1372 532 τί
1414 480 1635 544 ἐλέγετο
1665 480 1722 532 ἐν
1758 478 1835 547 τῷ

1960 494 2058 543 tor,
2095 488 2147 532 et
2194 476 2461 532 obeundis
2518 472 2836 530 ministeriis
2901 472 3075 543 aptior
3124 480 3289 541 atque
3347 487 3510 541 expe-

261 568 513 640 παλατίῳ
574 570 665 622 τοῦ
726 572 1010 643 βασιλέως.
1047 573 1156 626 Καὶ
1212 569 1386 635 οὕτως
1439 571 1682 641 ἠγόραζε
1736 571 1832 639 τὴν

255 661 450 729 χρείαν
485 663 664 717 αὐτῶν
700 667 793 719 καὶ
845 667 1131 736 ἁνήρχετο,
1161 664 1513 732 ἀναγγέλλων
1546 664 1727 725 αὐτοῖς
1763 663 1830 714 τὰ

255 746 534 818 λεγόμενα
571 753 662 803 καὶ
702 754 1057 823 πραττόμενα
1091 752 1212 807 κατ’
1250 752 1430 805 αὐτῶν
1458 755 1513 806 ἐν
1551 751 1628 821 rd’
1655 752 1829 804 “113'-

256 838 361 909 τίῳ
390 843 483 895 τοῦ
518 844 806 912 βασιλέως.

1940 570 2126 636 ditior,
2198 570 2514 640 impositum
2571 567 2675 622 fuit
2740 565 3044 637 negotium,
3106 573 3166 619 ut
3216 566 3270 619 in
3318 565 3508 619 urbem

1936 662 2311 727 descenderet,
2363 671 2417 721 et
2447 661 2492 716 si
2530 661 2661 731 quid
2715 658 2830 713 fieri
2866 674 3004 729 opus
3048 663 3216 721 esset,
3266 656 3382 726 ipse
3436 656 3511 710 la-

1937 761 2106 808 ceret.
2165 754 2294 809 Erat
2354 762 2537 808 autem
2601 752 2823 822 juvenis
2880 751 2969 806 ille
3029 750 3185 805 valde
3245 751 3507 821 prudens.

1934 844 2119 915 Itaque
2178 861 2300 900 cum
2353 845 2418 899 ad
2488 844 2673 901 urbem
2731 840 3117 905 descendebat,
3173 856 3239 895 ne
3296 839 3510 911 agnosci

262 946 468 1005 posset,
506 950 707 995 vestem
763 942 1025 1007 mutabat,
1084 954 1137 998 et
1180 960 1319 998 unus
1358 943 1551 1013 aliquis
1602 957 1632 997 ο
1682 955 1910 995 numero
1944 936 2318 996 mendicor’um
2356 940 2687 995 videbatur:
2738 952 2971 1006 cumque
3011 936 3294 1005 pecuniam
3328 949 3510 989 secum

260 1029 512 1094 haberet,
545 1040 750 1101 partem
788 1034 1019 1103 aliquam
1065 1037 1391 1106 pauperibus
1419 1033 1779 1091 distribuebat
1812 1050 1824 1087 :
1861 1032 2021 1089 dabat
2068 1035 2226 1089 etiam
2285 1048 2528 1104 operam,
2562 1041 2621 1086 ut
2659 1030 3112 1090 subauscultaret,
3152 1026 3406 1097 quidnam
3448 1027 3513 1081 de

262 1122 589 1193 imperatore
624 1126 913 1183 diceretur.

334 1217 407 1271 ΖΙ·
434 1221 540 1270 Καὶ
571 1221 696 1289 ’μεθ’
722 1223 1129 1293 ἡμέραξτινέιςν
1183 1223 1485 1296 ὲπανῆλθεν
1514 1227 1543 1279 ὁ
1579 1226 1832 1296 βασιλεὺς

261 1310 452 1372 Δέκιος
479 1311 559 1374 είς
596 1313 847 1380 Ἔφεσον,
880 1316 968 1368 καὶ
1021 1320 1366 1387 παραχρῆμα
1419 1319 1671 1372 ἐκέλευσε
1704 1313 1831 1382 rei};

263 1400 517 1465 πρώτους
548 1403 644 1471 τῆς
693 1404 921 1468 πόλεως,
973 1408 1060 1461 ἵνα
1087 1411 1200 1470 τοῖς
1234 1411 1365 1481 περὶ
1409 1411 1708 1482 ’Λχιλείδην
1739 1413 1834 1466 καὶ

258 1494 375 1554 τοῖς
427 1494 664 1564 ἑταίροις
687 1498 881 1561 ἀὺτοῦ,
913 1498 1121 1564 θυσίαις
1146 1502 1416 1555 ἐπιτελεῖν
1449 1506 1562 1566 τοῖς
1588 1505 1837 1574 ματαίοις

261 1583 536 1647 εἰδώλοις,
591 1589 721 1656 περὶ
785 1588 965 1642 αὐτῶν
1024 1593 1131 1664 γὰρ
1174 1593 1518 1665 ἐνεθυμεῖτο.
1565 1597 1674 1649 Καὶ
1732 1597 1838 1667 γὰρ

256 1670 574 1740 ἐγνώριζεν
606 1676 826 1738 αὐτούς.
888 1680 995 1731 Καὶ
1028 1680 1169 1734 οὕτω
1217 1684 1628 1755 κατεσχέθησαν
1658 1688 1706 1740 οἱ
1750 1706 1836 1741 πι-

265 1764 388 1815 στοὶ
416 1766 563 1836 φόϐῳ
588 1768 827 1838 μεγάλῳ,
853 1772 943 1822 καὶ
964 1773 1124 1835 αὐτὸς
1146 1774 1197 1825 δὲ
1217 1776 1487 1847 Διομήδης
1513 1779 1540 1830 6
1569 1782 1659 1833 καὶ
1692 1782 1840 1852 Ἰάμ-

265 1853 456 1922 ϐλικος
482 1855 720 1919 ἀκούσας
747 1859 941 1927 ταῦτα,
972 1863 1161 1933 ἐξῆλθε
1186 1866 1283 1934 τῆς
1308 1866 1519 1932 πόλεως
1550 1870 1689 1940 ἔχων
1721 1843 1840 1942 μεθ’
1876 1843 1914 1897 Β

264 1944 469 1996 ἑαυτοῦ
496 1946 711 2014 ὀλίγους
745 1950 969 2019 ἄρτους,
995 1955 1088 2006 καὶ
1110 1955 1279 2026 ἀνέϐη
1313 1958 1390 2020 εἰς
1418 1958 1476 2011 τὸ
1510 1960 1635 2030 ὅρος
1669 1963 1727 2014 ὲν
1764 1964 1842 2033 τῷ

265 2035 542 2125 σπηλαίῳ,
571 2038 701 2091 ὅπου
730 2036 869 2111 ἦσαν
905 2045 953 2097 oi
983 2045 1186 2117 ἑταῖροι
1214 2049 1402 2102 αὐτοῦ’
1430 2052 1522 2105 καὶ
1548 2053 1845 2125 διηγήσατο

264 2127 459 2192 αὐτοῖς
487 2129 555 2182 τὰ
578 2133 706 2203 περὶ
751 2134 851 2204 τῆς
878 2138 1086 2192 εἰσόδου
1115 2140 1208 2194 τοῦ
1238 2145 1506 2214 τυράννου
1536 2147 1593 2199 ὲν
1622 2146 1701 2216 τῷ
1733 2164 1842 2200 πα-

264 2219 464 2291 λατῐῳ,
493 2224 584 2276 καὶ
608 2226 689 2279 ὅτι
719 2228 1064 2301 ὲξῃτήθησαν
1095 2234 1236 2303 μετὰ
1269 2236 1377 2290 τῶν
1410 2238 1844 2311 πολιτευομένων

268 2312 539 2367 εἰσελθεῖν
567 2317 661 2370 καὶ
689 2318 848 2373 θῦσαι
896 2322 1127 2376 ἐνώπιον
1170 2327 1357 2390 αὐτοῦ,
1385 2324 1479 2383 καὶ
1509 2332 1847 2398 ἀκούσαντες

267 2409 452 2462 ταῦτα
479 2411 682 2480 σφόδρα
708 2412 1077 2484 ἐφοϐήθησαν,
1102 2420 1202 2475 ,καὶ
1243 2420 1550 2491 ἐδεήθησαν
1589 2426 1682 2477 τοῦ
1710 2427 1844 2479 Θεοῦ

273 2502 417 2568 μετὰ
443 2502 711 2573 κλαυθροῠ
758 2507 854 2558 καὶ
913 2511 1221 2581 στεναγμοῦ
1287 2516 1542 2584 μεγάλου.
1583 2519 1847 2587 ’Λναστὰς

268 2594 331 2645 δὲ
356 2595 650 2665 Διομήδης,
669 2600 980 2673 παρέθηκεν
1006 2604 1425 2665 ἐνώπιοναύτῶν
1443 2613 1741 2682 τράπεζαν,
1758 2616 1851 2671 καλ⁹

277 2688 408 2750 τοὺς
442 2688 643 2757 ἄρτους
674 2691 766 2755 οὓς
797 2695 1036 2767 ἠγόρασε
1067 2701 1157 2753 τοῦ
1189 2704 1514 2771 μεταλαϐεῖν
1536 2708 1731 2770 αὐτοὺς
1760 2709 1869 2762 καὶ·

275 2782 734 2854 ἐνδυναμωθῆναι
803 2788 942 2857 πρὸς
984 2792 1075 2844 τὸν
1124 2793 1363 2865 πόλεμον
1424 2796 1517 2850 τοῦ
1563 2801 1848 2868 τυράννου,

272 2876 418 2944 ὁμοῦ
449 2876 505 2929 δὲ
536 2878 909 2933 καθεσθέντων
958 2884 1137 2936 αὐτῶν
1167 2888 1222 2939 ἐν
1262 2887 1413 2959 μέσῳ
1457 2890 1549 2943 τοῦ
1583 2891 1851 2961 σπηλαίου

279 2966 582 3033 μετέλαϐον
615 2970 843 3037 τροφῆς,
867 2973 993 3041 περὶ
1018 2974 1225 3042 δυσμὰς
1252 2976 1405 3047 ἡλίου
1425 2994 1437 3007 ’
1466 2982 1541 3044 ὡς
1578 2976 1670 3033 οὖν
1694 2982 1855 3037 ἐκαθ-

277 3057 469 3120 έζοντο
527 3057 855 3130 λυπούμενοι
885 3064 978 3118 καὶ
1008 3066 1324 3134 ὁμιλοῦντες
1347 3068 1614 3139 ἀλλήλοις,
1634 3074 1858 3129 ἐνύστα-

2012 1226 2122 1283 Yll.
2162 1226 2289 1282 Post
2318 1227 2526 1297 aliquot
2565 1226 2679 1281 dies
2712 1224 2875 1279 rediit
2899 1222 3199 1292 imperator
3234 1218 3426 1274 Decius
3459 1218 3513 1271 in

1942 1304 2131 1377 urbem
2165 1322 2440 1391 Ephesum
2474 1339 2487 1376 :
2534 1330 2586 1376 et
2612 1320 2795 1374 statim
2838 1317 3004 1387 jussit
3046 1315 3338 1388 optimates
3392 1327 3514 1366 cum

1942 1414 2025 1468 his
2064 1415 2155 1484 qui
2197 1413 2523 1468 Aeliillidem
2571 1411 2959 1481 sequebantur,
2990 1419 3045 1463 et
3072 1407 3192 1461 aliis
3218 1405 3311 1475 qui
3360 1411 3520 1458 erant

1940 1505 2070 1572 illic,
2101 1505 2366 1560 sacriticia
2403 1504 2555 1559 vanis
2594 1504 2750 1558 idolis
2781 1501 2981 1556 oﬂ'erre
3015 1516 3028 1551 :
3064 1498 3130 1553 de
3172 1497 3323 1551 falsis
3371 1494 3517 1549 enim

1941 1599 2045 1655 diis
2087 1598 2200 1654 suis
2237 1607 2355 1653 erat
2399 1596 2555 1650 valde
2604 1594 2891 1658 sollicitus,
2924 1607 3049 1647 cum
3099 1586 3521 1644 corumvanita-

1944 1702 2048 1747 tem
2080 1706 2190 1745 non
2223 1696 2593 1761 cognosceret.
2640 1686 3002 1752 Quamobrem
3037 1681 3359 1738 Christianae
3398 1676 3521 1732 ﬁdei

1943 1794 2241 1841 sectatores
2292 1786 2485 1840 timore
2536 1798 2731 1855 magno
2777 1780 3170 1836 adiciebantur.
3225 1776 3349 1831 llaec
3395 1788 3519 1829 cum

1941 1877 2236 1933 Jamblicus
2265 1877 2585 1939 audivisset,
2619 1889 2870 1945 egressus
2896 1883 3069 1928 estex
3114 1871 3268 1935 urbe,
3319 1882 3524 1938 paucos

1944 1983 2112 2037 panes
2141 1983 2328 2023 secum
2372 1968 2572 2034 terens,
2613 1978 2668 2022 et
2695 1966 2762 2022 ad
2804 1966 3003 2021 montis
3043 1964 3379 2034 speluncam,
3431 1959 3531 2015 ubi-

1945 2063 2100 2110 erant
2138 2056 2293 2121 socii,
2328 2072 2579 2111 reversus
2606 2066 2705 2110 est.
2756 2053 3009 2109 Narravit
3047 2051 3365 2114 Jamblicus,
3403 2062 3525 2119 qua:

1946 2148 2000 2203 in
2061 2149 2272 2218 tyranni
2330 2147 2535 2217 palatio
2584 2147 2650 2200 ad
2704 2147 2823 2215 ejus
2871 2147 3178 2216 ingressum
3252 2142 3520 2203 audierat,

1947 2248 2002 2291 et
2043 2236 2501 2306 quemadmodum
2540 2235 2752 2307 (ιιιωείιί
2794 2234 3006 2289 fuerant
3053 2243 3108 2289 et
3146 2232 3273 2302 ipsi,
3312 2241 3369 2285 ut
3415 2245 3522 2285 una

1949 2345 2071 2384 cum
2102 2329 2221 2385 aliis
2261 2330 2494 2394 civibus,
2540 2336 2809 2401 praesente
2850 2328 3196 2398 imperatore,
3247 2321 3523 2378 sacriﬁca-

1950 2431 2091 2475 rent.
2141 2423 2237 2476 llis
2288 2424 2510 2489 auditis,
2579 2423 2877 2479 timuerunt
2926 2420 3027 2486 illi,
3064 2429 3120 2473 et
3177 2417 3349 2472 multo
3399 2429 3524 2470 cum

1950 2511 2151 2582 gemitu
2181 2527 2245 2566 ac
2281 2514 2530 2584 laci-vinis
2572 2512 2741 2566 Deum
2800 2511 3004 2582 precati
3057 2518 3204 2563 sunt.
3260 2506 3525 2577 Apposita

1950 2612 2034 2659 est
2081 2603 2244 2674 igitur
2288 2596 2398 2659 illis
2445 2620 2632 2660 mensa
2678 2613 2733 2659 ct
2788 2618 2979 2675 panes,
3049 2616 3188 2671 quos
3230 2597 3527 2656 Jamblicus

1952 2706 2179 2763 emerat,
2217 2705 2276 2751 ut
2305 2697 2484 2751 cibum
2537 2707 2817 2751 sumerent
2885 2706 2939 2751 et
2974 2696 3040 2751 ad
3088 2694 3298 2767 tyranni
3350 2700 3543 2746 certa-‘

1955 2806 2079 2845 men
2116 2790 2494 2846 sustinendum
2546 2790 2909 2861 promptiores
2964 2778 3175 2842 tierent.
3219 2782 3529 2838 Consedere

1954 2882 2121 2952 igitur
2169 2883 2222 2936 in
2261 2884 2436 2936 media
2504 2884 2787 2952 spelunca,
2844 2892 2899 2936 et
2961 2881 3075 2937 sole
3117 2878 3401 2934 occidente
3454 2873 3530 2928 ci—

1953 2972 2081 3027 bum
2133 2980 2505 3043 sumpserunt.
2543 2972 2677 3026 Cum
2740 2986 2869 3026 vero
2918 2972 3100 3025 tristes
3156 2969 3432 3030 sederent,
3478 2975 3534 3020 et

1958 3067 2101 3123 inter
2130 3083 2188 3123 se
2212 3066 2678 3137 colloquerentur,
2728 3063 2965 3120 dormire
3022 3070 3336 3134 coeperunt;
3378 3068 3534 3115 erant

277 3154 383 3218 ξαν
411 3152 504 3204 καὶ
528 3153 1001 3228 ἀπεκοιμήθησαν·
1022 3156 1163 3229 ἦσαν
1185 3161 1291 3233 γὰρ
1313 3165 1360 3216 oi
1386 3163 1655 3235 ὀφθαλμοὶ
1679 3169 1857 3221 αὐτῶν

1960 3160 2104 3214 enim
2138 3175 2325 3215 eorum
2376 3159 2517 3215 oculi
2561 3167 2783 3230 prepter
2816 3171 3103 3214 mcerorcm
3157 3154 3387 3228 gravati.

284 3247 659 3319 βεϐαρημένοι
695 3252 800 3305 ἀπὸ
831 3253 930 3323 τῆς
950 3252 1127 3323 λύπης
1151 3257 1247 3327 τῆς
1272 3255 1441 3330 οὔσης
1474 3258 1529 3312 ἐν
1556 3260 1625 3330 τῇ
1655 3261 1856 3334 καρδία

278 3358 489 3397 αυτων.
1584 3402 1585 3405 η

359 3433 517 3486 Η’.’”Ο
534 3434 584 3487 δὲ
606 3435 903 3506 οἰκτίρμων
928 3438 1019 3490 καί
1036 3438 1411 3509 φιλάνθρωπος
1426 3443 1577 3513 Θεὸς,
1593 3448 1618 3500 ὁ
1632 3447 1860 3502 πάντοτε

281 3526 687 3597 προνοούμενος
717 3530 821 3581 τῶν
845 3528 1044 3582 δούλων
1082 3533 1267 3597 αὐτοῦ,
1297 3532 1633 3602 προσέταξεν
1659 3540 1859 3605 αὐτοὺς

281 3620 475 3671 θανεῖν
536 3617 626 3671 τὸν
686 3621 896 3673 αῖνετὸν
930 3621 1160 3675 θάνατον
1204 3626 1297 3678 καὶ
1353 3630 1611 3697 χρηστὸν,
1671 3630 1859 3685 ἕνεκεν

277 3708 398 3761 τῶν
427 3709 729 3779 μελλόντων
761 3714 1245 3771 ἀποκαλύπτεσθαι
1277 3718 1590 3791 θαυμάτων.
1625 3724 1734 3777 Καὶ
1764 3724 1864 3779 οὐκ

256 3804 522 3874 ᾔσθοντο
568 3808 698 3875 περὶ
752 3809 850 3877 τῆς
904 3814 1230 3880 κοσμήσεως
1284 3814 1379 3866 τοῦ
1437 3814 1606 3867 ὕπνου
1661 3818 1861 3873 αὐτῶν.

287 3896 407 3948 Καὶ
434 3895 602 3957 οὕτως
628 3898 998 3969 ἐκοιμήθησαν
1023 3902 1112 3951 ἐπὶ
1130 3903 1226 3969 τῆς
1245 3902 1365 3969 γῇς,
1392 3903 1417 3955 6
1446 3902 1519 3968 ὡς
1540 3904 1705 3971 ὕπνος
1729 3909 1862 3963 καθ.

280 3989 574 4058 ημερινος,
601 3992 690 4042 καὶ
710 3990 998 4044 ἀπέδωκαν
1027 3993 1122 4055 τὰς
1147 3992 1323 4064 ψυχὰς
1358 3996 1558 4053 αὐτῶν.
1600 4001 1687 4064 Ὠς
1723 4001 1867 4056 ἔστιν

278 4086 319 4151 ἡ
348 4081 633 4152 ὃοξολογία
663 4086 720 4136 ὲν
746 4084 822 4155 τῷ
859 4085 1113 4158 στόματι·
1139 4088 1344 4157 αὐτῶν,
1383 4093 1476 4146 καὶ
1500 4093 1561 4146 τὺ
1600 4094 1867 4166 ἀργύριον

283 4174 319 4227 ὃ
344 4170 414 4245 ἦν
443 4176 502 4228 ἐν
527 4179 638 4241 τοῖς
698 4177 1006 4247 βαλαντίοις
1028 4182 1231 4247 αὐτῶν,
1275 4179 1343 4254 ἦν
1373 4185 1503 4255 παρ’
1530 4186 1713 4252 αὐτοῖς
1737 4189 1867 4244 ἔνθα

280 4263 438 4339 ἦσαν
468 4270 709 4339 κείμενοι
747 4272 840 4326 ἐπὶ
884 4274 982 4343 τὴν
1035 4274 1159 4345 γῆν.
1188 4277 1266 4348 Τῇ
1294 4277 1348 4328 δὲ
1373 4277 1500 4348 ἑξῆς
1544 4279 1710 4333 ἔωθεν
1766 4283 1867 4334 ἐπ-

283 4365 566 4434 εζήτησεν
590 4365 787 4427 αὐτοὺς
826 4367 853 4417 6
896 4366 1173 4436 βασιλεὺς,
1227 4370 1430 4440 μεταξὺ
1486 4371 1597 4425 τῶν
1640 4373 1869 4444 πρώτων

284 4456 391 4509 καὶ
420 4456 529 4507 τῶν
570 4455 1003 4528 πολιτευομένων
1036 4462 1092 4513 ἐν
1116 4464 1279 4516 παντὶ
1307 4463 1460 4534 τόπῳ
1491 4466 1587 4533 τῆς
1635 4467 1867 4534 πόλεως,

2029 3443 2168 3499 ἮΙΙ.
2212 3444 2276 3497 Αι
2308 3443 2547 3498 clemens
2582 3458 2644 3496 ac
2690 3441 2959 3513 benignus
3006 3439 3169 3502 Deus,
3214 3438 3304 3510 qui
3357 3438 3531 3511 servis

1964 3537 2079 3591 suis
2144 3551 2357 3605 semper
2421 3533 2688 3604 providet,
2745 3531 2874 3586 fecit
2948 3532 3068 3585 illos
3129 3531 3321 3585 mortis
3368 3546 3539 3601 genus

1963 3628 2229 3699 quoddam
2277 3628 2449 3688 obire,
2488 3640 2547 3680 ut
2574 3642 2670 3695 per
2713 3640 2806 3681 eos
2836 3623 3095 3678 miracula
3144 3622 3391 3694 quaedam
3444 3636 3541 3691 op-

1964 3733 2194 3796 portuna
2228 3722 2438 3777 tierent.
2470 3720 2655 3791 Itaque
2689 3736 2812 3775 cum
2849 3736 3044 3790 sopore
3075 3734 3266 3774 omnes
3299 3715 3542 3785 corrupti

1967 3826 2171 3881 essent,
2222 3816 2277 3869 in
2333 3823 2478 3870 terra
2516 3815 2761 3885 iacentes
2824 3813 3098 3878 obierunt,
3152 3811 3364 3865 animas
3417 3824 3545 3864 suas

1969 3913 2080 3967 Deo
2107 3911 2420 3975 reddentes,
2454 3917 2510 3964 et
2538 3907 2777 3965 divinam
2809 3906 3031 3978 gloriam
3073 3903 3542 3961 concelebrantes.

1967 4001 2265 4072 Argentum
2288 4010 2500 4065 autem,
2526 3998 2671 4069 quod
2703 3998 2978 4053 habebant
3004 3996 3055 4051 in
3090 3996 3201 4051 suis
3228 3993 3542 4063 marsupiis,

1969 4092 2111 4161 apud
2160 4090 2279 4145 illos
2324 4106 2391 4145 eo
2429 4092 2481 4143 in
2526 4092 2665 4155 loco,
2720 4090 2774 4143 in
2824 4104 2932 4159 quo
2959 4088 3231 4160 jacebant,
3262 4085 3544 4142 remansit.

1964 4184 2236 4241 Postridie
2288 4198 2448 4239 mane
2507 4183 2803 4255 imperator
2856 4181 3002 4237 inter
3046 4180 3342 4251 optimates
3385 4177 3549 4248 jussit

1974 4279 2168 4334 iterum
2209 4288 2417 4348 septem
2452 4277 2573 4333 illos
2600 4278 2974 4333 adolescentes
3008 4273 3237 4345 requiri.
3283 4272 3384 4341 Qui
3420 4286 3546 4328 cum

1974 4389 2080 4427 non
2110 4372 2511 4433 invenirentur,
2542 4371 2609 4425 ad
2640 4370 2927 4440 optimates
2956 4383 3253 4425 conversus
3282 4386 3294 4421 :
3331 4366 3552 4438 Magno.

1974 4480 2125 4536 pere,
2177 4464 2372 4534 inquit,
2424 4463 2583 4519 doleo
2619 4474 2841 4534 propter
2885 4463 3290 4521 adolescentum
3332 4460 3547 4513 illorum

286 4551 394 4602 καὶ
426 4550 526 4617 οὐχ
557 4550 880 4623 εὑρέθησαν.
950 4555 1058 4607 Καὶ
1091 4550 1243 4607 εἶπεν
1273 4556 1300 4607 6
1334 4555 1586 4625 βασιλεὺς
1619 4561 1732 4623 τοῖς
1768 4578 1860 4630 με·

1977 4558 2332 4622 calamitates,
2369 4572 2433 4611 eo
2459 4556 2602 4627 quod
2637 4555 2938 4611 illustribus
2966 4564 3019 4608 et
3048 4553 3207 4607 claris
3234 4552 3551 4622 parentibus

285 4644 557 4710 γιστὰσιν
586 4644 752 4697 αὑτοῦ
784 4660 798 4697 τ
831 4645 972 4699 Πολὺ
1008 4647 1282 4718 ἐλυπήθην
1304 4648 1390 4702 διὰ
1422 4648 1518 4719 τὴν
1553 4648 1730 4722 Ολῖψιν
1764 4651 1873 4706 τῶν

283 4735 601 4789 νεανίσκων
641 4738 886 4800 ἑκεῖνων,
906 4740 987 4792 ὅτι
1015 4740 1179 4794 τέκνα
1213 4740 1483 4813 λαμπρῶν
1502 4745 1596 4799 καὶ
1627 4747 1874 4815 μεγάλων

281 4826 466 4901 ἦσαν,
506 4829 600 4881 καὶ
650 4830 922 4884 ὑπέλαϐον
959 4834 1038 4886 ὅτι
1078 4834 1109 4904 ἡ
1163 4833 1411 4904 βασιλεία
1459 4838 1616 4907 ἡμῶν
1645 4837 1873 4910 ὀργίσθη

283 4922 427 4973 κατ’
464 4920 665 4983 αὐτῶν,
692 4921 783 4974 διὰ
811 4922 908 4993 τὴν
947 4925 1203 4980 ἀσέϐειαν
1232 4926 1330 4997 τῆς
1366 4928 1732 5001 παραϐάσεως
1781 4932 1876 4986 αὐ-

282 5014 415 5066 τῶν
470 5014 568 5085 τῆς
613 5015 919 5086 ἔμπροσθέν
968 5034 1068 5087 μου
1104 5036 1118 5050 υ
1167 5023 1258 5074 καὶ
1297 5024 1330 5094 ἡ
1375 5023 1754 5096 φιλανθρωπία
1782 5027 1875 5080 τοῦ

286 5106 543 5177 κράτους
568 5108 723 5178 ἡμῶν
746 5110 805 5160 οὐ
838 5115 1169 5181 μνησικακεῖ
1196 5118 1303 5179 τοῖς
1355 5118 1752 5186 παραϐαίνουσι
1783 5119 1877 5172 καὶ

280 5200 701 5269 ἐπιστρέφουσι
741 5203 877 5272 πρὸς
922 5208 1048 5269 τοὺς
1102 5207 1353 5277 εὐμενεῖς
1394 5210 1570 5273 θεούς.
1615 5212 1877 5284 ’Λπεκρί-

284 5298 485 5364 ϐησαν
515 5294 572 5347 δὲ
602 5296 650 5347 οἱ
685 5296 890 5367 πρῶτοι
916 5298 1013 5366 τῆς
1067 5299 1291 5363 πόλεως,
1323 5302 1414 5353 καὶ
1438 5298 1590 5355 εἷπον
1616 5302 1693 5373 τῷ
1724 5303 1880 5374 βασι-

280 5390 391 5444 λεῖ
411 5403 424 5416 ’
453 5388 587 5454 Περὶ
618 5389 843 5442 ἐκείνων
863 5387 972 5440 τῶν
995 5392 1408 5461 νεωτέρων.τῶν
1434 5395 1777 5459 ἀποστατῶν,
1803 5398 1880 5468 μὴ

282 5484 455 5537 ἔστω
486 5482 542 5531 ἐν
603 5480 840 5562 λύπῃτὸ
887 5483 1083 5554 κράτος
1114 5502 1228 5551 σου,
1292 5486 1480 5558 ἐπειδὴ
1512 5489 1696 5557 ἀκμὴν
1729 5492 1785 5542 ἐν
1814 5493 1880 5559 τῇ

283 5572 559 5644 προτέρα
601 5570 781 5623 αὐτῶν
802 5574 1050 5645 ἀγνωσία
1077 5576 1423 5643 τυγχάνουσι.
1460 5577 1571 5631 Καὶ
1618 5578 1694 5642 ὡς
1722 5580 1886 5649 ἡκού-

284 5682 486 5736 σαμεν
518 5666 729 5717 ἐκεῖνον
754 5665 843 5717 τὸν
875 5669 1067 5734 καιρὸν
1100 5668 1189 5720 τὶν
1229 5666 1469 5722 δωθέντα
1499 5671 1685 5734 αὐτοῖς
1716 5690 1882 5741 μετα-

283 5762 475 5822 νοεῖν,
509 5760 570 5811 ἐν
592 5755 743 5827 αὑτῷ
770 5757 968 5826 μᾶλλον
995 5760 1261 5827 ἐκάθηντο
1279 5760 1614 5829 πληροῦντες
1634 5764 1692 5815 τὸ
1718 5765 1886 5818 κακὸν

291 5849 531 5918 θέλημα
567 5849 773 5903 αὐτῶν.
804 5850 910 5903 Καὶ
944 5850 1134 5905 ἔλαῧον
1163 5850 1467 5922 τδ.κρυσίον
1497 5856 1589 5906 καὶ
1625 5856 1682 5907 τὸ
1709 5856 1881 5924 amni-

1978 4653 2079 4708 orti
2142 4659 2288 4706 sunt.
2342 4650 2547 4719 Opinor
2607 4649 2751 4703 enim
2793 4647 2933 4711 illos,
2998 4647 3293 4704 arbitratus
3337 4647 3554 4717 imperii

1976 4743 2146 4799 nostri
2188 4741 2522 4813 majestatcm
2560 4741 2662 4796 sibi
2702 4741 2857 4809 valde
2905 4740 3101 4795 iratam
3142 4755 3283 4805 esse,
3334 4747 3555 4809 propter

1977 4836 2193 4907 pietatis
2253 4844 2453 4890 nostra:
2505 4834 2824 4904 religionem
2878 4834 2947 4886 ab
3001 4833 3080 4886 eis
3121 4832 3397 4894 violatam,
3452 4847 3553 4885 au—

1977 4928 2200 4997 fugisse.
2239 4926 2344 4982 Sed
2380 4926 2593 4997 imperii
2625 4925 2798 4981 nostri
2826 4925 3131 4998 benignitas
3166 4939 3276 4980 non
3326 4930 3555 4979 succen-

1979 5030 2060 5076 set
2112 5021 2194 5073 his
2231 5020 2322 5090 qui
2365 5019 2713 5090 resipiscunt,
2764 5030 2820 5075 et
2853 5019 2921 5074 ad
2970 5020 3195 5074 deorum
3244 5027 3552 5071 nostrorum

1979 5112 2322 5167 clementiam
2355 5112 2565 5166 animos
2598 5112 2882 5166 reducunt.
2917 5110 3042 5166 Ilaec
3068 5109 3205 5165 dixit
3237 5108 3568 5178 imperator.

1979 5205 2079 5259 Cui
2137 5205 2423 5275 eptimates
2476 5204 2878 5273 responderunt
2911 5223 2925 5261 :
2963 5203 3117 5269 Quod
3163 5202 3229 5257 ad
3264 5201 3389 5258 illos
3422 5202 3557 5258 ado-

1982 5298 2245 5353 lescentes
2273 5296 2512 5367 pertinet
2554 5297 2830 5369 religionis
2861 5297 3189 5361 desertores,
3222 5294 3434 5364 imperii
3480 5294 3557 5349 tui

1985 5390 2239 5459 maiestas
2276 5405 2618 5460 nequaquam
2654 5390 2854 5457 doleat,
2890 5404 3066 5460 neque
3108 5387 3405 5458 resipuisse
3440 5388 3558 5444 illos

1984 5481 2295 5547 arbitretur,
2334 5482 2511 5537 adhuc
2560 5481 2703 5537 enim
2741 5480 2795 5535 in
2829 5480 3053 5551 pristina
3109 5494 3206 5533 sua
3254 5478 3558 5550 ignorantia

1985 5583 2419 5646 perseverant,et
2476 5584 2537 5630 ut
2592 5575 2920 5640 audivimus,
2985 5587 3052 5627 eo
3106 5571 3221 5643 ipso
3289 5581 3554 5640 tempore,

1986 5670 2128 5740 quod
2158 5671 2293 5742 ipsis
2327 5670 2700 5741 praescriptum
2746 5670 2850 5725 fuit
2879 5669 2947 5725 ad
2977 5669 3294 5725 mutandum
3338 5663 3560 5721 consili-

1990 5778 2100 5826 um,
2161 5763 2551 5831 pertinaciores
2624 5761 2775 5823 facti,
2835 5761 3162 5816 obstinatam
3226 5759 3556 5811 voluntatem

1992 5854 2245 5907 retinent.
2280 5853 2484 5920 ,ltaque
2533 5859 2816 5919 argentum
2875 5860 2927 5902 et
2981 5864 3173 5902 aurum
3234 5846 3561 5923 pauperibus
