4188 6310
749 347 854 411 435

2052 358 2334 418 MENSIS
2369 361 2663 421 JULlUS.

3888 363 3988 425 £35

752 483 846 534 per
899 467 1048 521 urbis
1095 469 1296 538 plateas
1353 471 1631 539 diespositis
1678 474 2092 538 distribuerunt,
2149 494 2325 547 neque.

2434 497 2546 550 ριον
2571 481 2748 531 αὐτῶν
2771 482 2862 532 καὶ
2889 480 3146 532 δεέΞωκαν
3169 481 3308 533 αὐτὰ
3335 482 3590 548 πτωχοῖς,
3624 481 3702 542 είς
3729 480 3830 540 τὰς
3859 481 3984 548 ἀγο-

750 560 981 628 amplius
1029 562 1313 631 quisquam
1357 578 1449 619 eos
1505 565 1652 617 vidit.
1693 563 1747 618 Si
1798 566 1970 635 placet
2010 568 2169 637 igitur
2204 586 2321 623 ma-

746 654 928 722 jestati
990 666 1115 719 tuas,
1165 666 1418 725 parentes
1478 657 1689 711 illorum
1749 659 2052 728 capiantur,
2094 670 2148 716 ct
2206 671 2319 715 tor-

749 748 948 802 mentis
1038 759 1299 818 cogantur
1378 749 1578 815 dicere,
1663 750 1879 804 ubinam
1953 767 2138 806 eorum
2225 753 2315 806 ﬁlii

749 839 970 892 lateant.
1003 837 1125 893 llmc
1156 841 1384 896 audiens
1421 841 1731 910 imperator,
1761 843 1839 896 ira
1894 845 2130 910 percitus
2159 844 2320 913 jussit

751 931 1153 985 adolescentum
1183 944 1434 1000 parentes
1456 935 1726 987 accessiri.
1761 934 1905 1000 Quos
1934 952 2055 989 cum
2081 952 2320 1004 praasen-

749 1029 831 1075 tes
864 1021 1080 1075 vidisset
1109 1040 1122 1076 :
1155 1021 1222 1075 Et
1281 1024 1522 1086 ubinam,
1576 1025 1770 1093 inquit,
1829 1035 1956 1080 sunt
1988 1027 2078 1078 lilii
2133 1027 2316 1090 vestri,

751 1109 964 1177 imperii
1041 1117 1095 1164 et
1153 1111 1426 1178 jussorum
1489 1123 1796 1168 nostrorum
1869 1116 2315 1184 contemptores?

752 1200 1043 1270 PrOpterea
1079 1217 1174 1258 vos
1195 1204 1358 1259 etiam
1399 1205 1958 1276 msolentiaeipsorum
2008 1225 2171 1263 causa
2220 1209 2308 1263 in-

755 1299 923 1354 terﬁci
956 1297 1138 1362 iubeo.

820 1481 918 1536 IX.
971 1481 1126 1537 Tune
1169 1473 1246 1535 illi
1281 1478 1570 1536 dixerunt:
1612 1481 1901 1535 Precamur
1929 1492 1998 1546 te,
2036 1483 2317 1553 benignis-

751 1572 886 1627 sime
917 1573 1232 1640 imperator,
1291 1580 1349 1624 ut
1403 1582 1643 1626 nostram
1693 1587 1911 1626 causam
1968 1573 2177 1626 audias.
2212 1570 2320 1627 Nos

750 1663 963 1732 imperii
1017 1671 1072 1716 ct
1101 1663 1402 1732 majestatis
1463 1672 1567 1718 tuze
1613 1664 1766 1732 jussa
1820 1679 1929 1715 non
1973 1663 2317 1730 violavimus,

750 1765 928 1820 neque
952 1753 1186 1822 propitia
1210 1753 1435 1806 deorum
1474 1753 1698 1806 numina
1730 1753 2088 1806 deseruimus.
2141 1753 2321 1816 Quare

749 1845 1036 1915 igiturnos
1070 1845 1309 1912 illorum,
1347 1846 1436 1915 qui
1466 1846 1774 1900 desertores
1803 1853 1954 1907 sunt.
1989 1861 2152 1901 causa
2192 1861 2310 1899 mo-
2352 1826 2394 1880 Β

749 1939 990 1991 riemur?
1022 1938 1174 2002 Quod
1209 1954 1338 1992 vero
1367 1939 1431 1993 ad
1453 1949 1728 2008 argentum
1753 1949 1806 1993 et
1835 1955 2026 1992 aurum
2059 1940 2320 2008 pertinet,

749 2031 826 2082 illi
884 2046 918 2082 a
969 2029 1126 2083 nobis
1170 2030 1456 2099 pecuniam
1523 2032 1940 2098 subripuerunt:
1985 2046 2147 2099 quam
2197 2047 2318 2084 cum

747 2118 1080 2188 pauperibus
1112 2117 1538 2181 distribuissent,
1581 2118 1903 2186 aufugerunt
1957 2118 2008 2170 in
2059 2130 2320 2181 montem,

748 2219 802 2263 et
835 2209 906 2262 ibi
937 2209 1263 2264 delitescunt
1295 2210 1346 2263 in
1379 2210 1658 2280 spelunca.
1710 2209 1834 2264 Sive
1887 2210 2049 2280 igitur
2111 2211 2318 2274 vivant,

748 2303 862 2356 sive
896 2303 1092 2355 mortui
1134 2303 1264 2367 sint,
1291 2319 1392 2356 nos
1421 2303 1750 2372 ignoramus.
1786 2301 1908 2354 Haec
1957 2302 2184 2354 audiens
2226 2303 2324 2353 im-

746 2404 964 2463 perator
988 2396 1128 2448 viros
1162 2392 1284 2450 illos
1327 2394 1554 2457 dimisit,
1582 2403 1636 2448 et
1663 2394 1888 2447 multum
1945 2410 2130 2447 secum
2176 2395 2324 2463 c0gi-

744 2486 1185 2556 tabat,quidnam
1214 2486 1877 2542 faceretadolcsccntibus.
1922 2485 2190 2558 Benignus
2231 2505 2325 2540 au-

745 2585 854 2632 tem
881 2577 1020 2633 Deus
1046 2579 1096 2632 in
1134 2579 1252 2647 ejus
1282 2590 1516 2634 mentem
1537 2581 1743 2650 injecit,
1778 2591 1836 2633 ut
1866 2582 2137 2648 spelunca:
2182 2581 2324 2636 illius

745 2667 952 2721 aditum
989 2669 1257 2738 lapidibus
1309 2670 1640 2730 Obstrueret,
1689 2687 1796 2738 quo
1829 2679 2134 2724 sanctorum
2179 2687 2322 2725 mar-

746 2769 926 2830 tyrum
955 2775 1183 2829 corpora
1208 2761 1416 2828 sepulta
1464 2760 1568 2814 illic
1606 2760 1870 2828 jacerent,
1908 2777 2082 2830 neque
2125 2772 2324 2815 sanctas

744 2850 986 2919 reliquia:
1018 2863 1423 2916 amoverentur,
1455 2853 1547 2907 sed
1575 2869 1746 2923 usque
1773 2853 1836 2907 ad
1869 2853 2319 2907 resurrectionem

745 2942 917 3010 ipsam
949 2946 1152 3000 servari
1183 2956 1425 3016 possent.

838 3129 906 3184 Χ.
945 3127 1140 3183 Decius
1199 3143 1327 3199 ergo
1375 3127 1670 3198 imperator
1744 3129 2069 3182 sententiam
2128 3141 2314 3184 contra

743 3221 866 3276 illos
919 3221 1292 3276 adolescentes
1353 3221 1512 3276 talem
1575 3221 1944 3290 pronuntiavit
1991 3239 2004 3274 :
2048 3220 2314 3286 Quoniam

744 3311 944 3366 nostris
973 3313 1163 3365 edictis
1192 3327 1383 3381 parere
1416 3315 1710 3366 noluerunt
1759 3313 2065 3368 desertores
2099 3314 2313 3368 adoles-

742 3407 951 3468 centes,
975 3413 1030 3458 et
1057 3411 1364 3459 nostrorum
1383 3403 1607 3460 deorum
1631 3421 1832 3456 numen
1852 3406 2315 3472 contempserunt.

749 3507 1035 3570 propterea
1069 3504 1124 3550 et
1153 3498 1256 3565 ipsi
1288 3497 1618 3566 benignitate
1646 3494 1814 3548 nostri
1849 3494 2062 3564 imperii
2101 3495 2317 3564 priven-

745 3596 853 3650 tur,
879 3597 1056 3654 neque
1087 3583 1322 3654 amplius
1349 3583 1401 3636 in
1435 3592 1789 3653 conspectum
1824 3582 2106 3636 hominum
2141 3598 2312 3652 appa-

746 3689 921 3731 reant.
955 3678 1316 3742 Quamobrem
1360 3676 1635 3746 speluncae
1686 3674 1868 3727 aditus
1918 3676 2063 3728 saxis
2106 3677 2313 3744 magnis

743 3773 1076 3835 obstruatur,
1097 3782 1151 3825 et
1179 3771 1476 3841 sigillorum
1505 3767 1802 3820 munimine
1846 3767 2210 3836 imprimat-ar,
2250 3778 2308 3822 ut

742 3863 849 3918 vivi
884 3865 1205 3927 obruantur,
1237 3874 1292 3916 et
1323 3862 1375 3914 in
1412 3860 1680 3930 ejusmodi
1727 3875 1945 3915 carcere
1979 3860 2306 3916 moriantur.

743 3950 1100 4006 Existimabat
1135 3951 1278 4005 enim
1301 3959 1406 4005 tam
1440 3951 1751 4021 imperator,
1781 3964 1941 4019 quam
1978 3958 2087 4004 tota
2121 3949 2310 4006 civitas

742 4044 1115 4102 adolescentes
1153 4043 1272 4098 illos
1301 4045 1477 4098 adhuc
1506 4045 1710 4098 vivere.
1742 4042 2064 4097 Theodorus
2107 4059 2236 4099 vero
2255 4053 2311 4098 et

741 4135 973 4198 Barbus,
1006 4137 1097 4204 qui
1127 4135 1344 4190 fuerant
1372 4152 1399 4188 a
1431 4135 1683 4190 cubiculo
1727 4136 2092 4203 imperatoris,
2126 4145 2180 4188 et
2210 4137 2311 4188 mi-

742 4230 897 4284 nistri
931 4229 1222 4283 admodum
1248 4229 1454 4291 ﬁdeles,
1480 4242 1600 4281 cum
1633 4234 1815 4281 essent
1844 4235 1896 4280 et
1921 4225 2018 4293 ipsi
2046 4226 2304 4281 Christia-

741 4321 819 4382 ni,
847 4328 1068 4391 propter
1095 4323 1529 4390 persecutionem
1560 4335 1681 4376 sese
1703 4321 2127 4375 occultaverant.
2163 4319 2299 4375 Tum

737 4413 885 4464 inter
914 4425 971 4464 se
1002 4409 1072 4464 ita
1102 4411 1356 4464 dicebant
1382 4427 1395 4462 :
1424 4409 1737 4463 Scribamus
1763 4409 2074 4478 martyrium
2099 4420 2304 4478 septem

2426 573 2522 640 ρᾶς
2539 572 2634 639 τῆς
2659 572 2888 633 πόλεως,
2912 573 3060 624 αὐτοὶ
3086 571 3140 625 δὲ
3158 571 3346 624 ἔκτοτε
3366 571 3466 622 οὐκ
3487 557 3788 640 ἐφάνησαν.
3810 573 3873 624 Εἰ
3891 573 3992 624 τοί-

2423 677 2516 711 νυν
2540 662 2684 712 δοκεῖ
2708 661 2785 729 τῷ
2815 662 3003 729 κράτει
3037 679 3150 724 σου,
3183 661 3514 730 συσχεθῶσιν
3531 663 3577 712 οἱ
3612 663 3794 728 γονεῖς
3816 663 3991 714 αὐτῶν

2425 750 2518 802 καὶ
2542 749 2964 818 βασανισθώσιν,
3020 752 3114 802 καὶ
3151 751 3305 804 αὐτοὶ
3340 751 3685 802 δεικνύουσιν
3713 752 3848 819 ἡμῖν
3884 769 3984 804 που

2425 843 2748 910 ἐκεύθησαν.
2814 845 2942 896 Ὅτε
2996 843 3050 895 δὲ
3095 843 3298 911 ἢκουσε
3364 842 3538 894 ταῦτα
3590 844 3618 895 6
3679 841 3938 911 βασιλεὺς
3970 884 3983 903 ,

2422 935 2650 1004 ὀργίσθη
2697 937 2788 987 καὶ
2828 935 3211 1004 μετεπέμψατο
3261 934 3386 996 τούς
3430 936 3608 999 γονεῖς
3654 932 3858 995 αὐτῶν,
3903 933 3992 985 καὶ

2423 1027 2667 1088 ἐλθόντες
2698 1025 2934 1094 ἔστησαν
2963 1026 3191 1079 ἐνώπιον
3214 1025 3303 1078 τοῦ
3337 1025 3618 1093 βασιλέως,
3647 1025 3744 1075 καί¹
3771 1022 3990 1090 ἐπηρώ-

2421 1137 2588 1189 τησεν
2611 1121 2799 1180 αὐτοὺς
2830 1121 2857 1171 ὁ
2892 1119 3138 1187 βασιλεὺς
3183 1118 3384 1184 λέγων·
3418 1117 3523 1168 Ποῦ
3559 1121 3695 1169 εἰσιν
3721 1117 3923 1168 ἐκεῖνοι
3947 1117 3994 1166 οἱ

2422 1213 2746 1270 ἀποστάται.
2773 1215 2823 1265 oi
2859 1212 3190 1271 ἀποστάντες
3222 1212 3284 1264 ὲκ
3311 1212 3410 1278 τῆς
3438 1209 3715 1279 βασιλείας
3742 1225 3869 1278 μου,
3905 1208 3994 1258 καὶ

2422 1303 2784 1372 ἁθετήσαντες
2827 1306 2886 1356 τὸ
2925 1305 3252 1373 πρόσταγμα
3288 1300 3481 1371 ἡμῶνς
3538 1300 3626 1354 διὰ
3688 1300 3848 1352 τοῦτο
3904 1315 3995 1349 κε·

2421 1392 2562 1443 λεύω
2591 1393 2732 1460 ὑμᾶς
2756 1393 3066 1452 ἀποθανεῖν,
3101 1392 3220 1442 ἀντὶ
3250 1391 3347 1458 τῆς
3373 1391 3686 1459 τυραννίιίος
3723 1386 3926 1439 αὐτῶν.
3965 1429 3969 1436 ,

2492 1485 2571 1536 Ο’.
2595 1485 2726 1536 Τότε
2750 1483 3127 1551 ἀπεκρίθησαν
3154 1483 3198 1532 οἱ
3224 1483 3398 1547 γονεῖς
3432 1480 3612 1534 αὐτῶν
3644 1480 3882 1531 ἐνώπιον
3902 1475 3992 1529 τοῦ

2424 1576 2684 1648 βασιλέως
2708 1579 2796 1628 καὶ
2829 1571 3008 1628 εἶπα-ι’
3045 1573 3288 1642 Δεόμεθὰ
3321 1588 3437 1636 σου,
3464 1571 3684 1640 βασιλεῦ
3709 1586 3723 1600 ·
3747 1571 3913 1640 ἡμεῖς
3939 1571 3996 1620 τδ

2424 1669 2753 1738 πρόσταγμα
2794 1667 2887 1719 τοῦ
2951 1666 3190 1736 κράτους
3244 1681 3340 1716 σου
3367 1663 3428 1714 οὐ
3482 1661 3833 1729 παρέδημεν.
3888 1661 3997 1713 Καὶ

2424 1763 2546 1823 τοὺς
2582 1762 2831 1830 εὐμενεῖς
2859 1760 3014 1821 θεοὺς
3044 1760 3145 1811 οὐκ
3183 1759 3451 1826 εἰάσαμεν
3492 1771 3506 1784 ·
3542 1753 3629 1806 διὰ
3657 1754 3707 1804 τί
3743 1749 3838 1805 οὐν
3862 1754 3996 1821 ὑπὲρ

2423 1852 2646 1904 ἐκείνων
2670 1853 2777 1901 τῶν
2808 1851 3126 1902 ἀποστατῶν
3159 1851 3320 1920 ἡμεῖς
3381 1847 3829 1916 ἀποθνήσκομεν,
3862 1847 3998 1898 οῖτιο

2423 1960 2510 2005 νες
2543 1943 2600 1994 τὸ
2632 1942 2898 2012 ἀργύριον
2941 1942 3096 2012 ἡμῶν
3129 1944 3221 1994 καὶ
3249 1942 3309 1994 τὸ
3360 1941 3580 2011 χρυσίον
3605 1939 3868 2008 ἥρπασαν
3909 1938 3999 1988 καὶ

2423 2035 2684 2088 διέδωκαν
2737 2038 2972 2103 πτωχοῖς
3009 2074 3022 2096 ,
3073 2035 3170 2086 καὶ
3242 2034 3352 2086 ἰδοὺ
3422 2032 3564 2085 εἰσὶν
3616 2029 4000 2100 κεκρυμμένοι

2423 2127 2480 2180 ἔν
2511 2127 2586 2196 τῷ
2624 2128 2872 2196 σπηλαίῳ
2899 2143 2914 2157 ·
2947 2129 3038 2178 καὶ
3069 2128 3126 2178 ἐν
3157 2125 3322 2195 πολλῇ
3380 2125 3555 2194 θλίψει
3583 2125 3673 2177 καὶ
3725 2121 3998 2191 ἁδημονίᾳ

2421 2218 2698 2284 διάγουσιν
2730 2235 2742 2246 ·
2784 2219 2890 2268 εἴτε
2921 2221 3094 2269 τοίνυν
3120 2217 3284 2280 ζῶσιν
3304 2218 3413 2269 εἴτε
3444 2217 3538 2270 καὶ
3574 2217 3873 2275 ἀπέθανον,
3902 2213 3997 2265 οὐκ

2421 2306 2662 2372 οἴδαμεν.
2703 2305 2811 2356 Καὶ
2841 2304 3016 2356 ταῦτα
3054 2306 3295 2366 ἀκούσας
3342 2309 3368 2356 ὁ
3402 2305 3679 2372 βασιλεὺς,
3725 2304 4001 2355 ἀπέλυσεν

2423 2397 2639 2458 αὐτούς.
2679 2393 2765 2448 Ἐν
2822 2396 2988 2466 πολλῇ
3041 2395 3133 2449 οὐν
3165 2394 3354 2462 σκέξει
3399 2395 3642 2462 ὑπῆρχεν
3670 2396 3697 2444 6
3734 2395 3993 2462 βασιλεὺς

2420 2493 2471 2543 τί
2499 2492 2716 2560 ποιήσει
2749 2491 2976 2546 ἐκείνοις
3010 2493 3119 2551 τοῖς
3163 2486 3498 2548 παιδίοις.¹0
3527 2487 3582 2538 δὲ
3611 2485 3999 2553 φιλάνθρωπος

2426 2581 2557 2642 Θεὸς
2591 2583 2793 2632 ἔδωκεν
2857 2583 2937 2641 είς
2966 2578 3087 2649 ’τὴν
3125 2579 3351 2644 καρδίαν
3400 2574 3563 2628 αὐτοῦ
3624 2573 3999 2641 ὲναποᾳράξσι

2421 2675 2481 2725 το
2513 2672 2733 2738 στόμιον
2760 2672 2853 2723 τού
2905 2671 3176 2739 σπηλαίου
3225 2670 3437 2721 ἐκείνου
3488 2667 3683 2729 λίθοις,
3719 2664 3999 2718 καὶτοῦτο

2423 2763 2522 2813 οὐκ
2551 2758 2608 2823 ἐξ
2650 2759 2780 2812 ἰδίου
2808 2759 3113 2828 θελήματος
3149 2756 3243 2810 τοῦ
3274 2757 3431 2819 Θεοῦ,
3469 2756 3554 2808 ἵνα
3605 2756 3859 2822 ταφῶσιν
3891 2756 4001 2807 ἐκεῖ

2421 2854 2490 2906 τὰ
2546 2853 2773 2921 σώματα
2812 2851 2921 2904 τῶν
2950 2852 3122 2919 ἁγίων
3152 2848 3468 2920 μαρτύρων,
3504 2850 3588 2900 ἵνα
3735 2847 3999 2916 mea.“

2419 2946 2486 3000 τὶ
2513 2946 2740 3015 λείψανα
2778 2945 2979 3011 αὐτῶν,
3034 2944 3220 3015 ἐπειδὴ
3249 2939 3390 3013 ἦσαν
3412 2961 3468 2996 τε
3492 2942 3748 3014 ᾑρημένα
3784 2943 3866 3004 είς
3903 2942 3998 3011 τὴν

2422 3038 2749 3104 ἐπιφάνειαν
2783 3037 2880 3106 τῆς
2911 3037 3261 3098 ἀναστάσεως
3289 3036 3381 3089 τοῦ
3415 3036 3644 3103 Κυρίου.

2495 3125 2548 3183 l'.
2585 3129 2716 3182 Τότε
2740 3128 3060 3196 ἀπεφήνατο
3088 3131 3207 3181 κατ’
3241 3127 3418 3179 αὐτῶν
3440 3127 3650 3186 Δέκιος,
3675 3126 3772 3177 καὶ
3808 3121 3983 3177 εἷπεν*

2429 3221 2649 3291 Ἐπειδὴ
2677 3220 2986 3290 ἠπείθησαν
3011 3221 3122 3280 τοῖς
3166 3218 3454 3286 ἡμετέροις
3478 3215 3910 3285 προστάγμασιν
3950 3217 3994 3267 ei

2421 3315 2723 3371 ἀποστάται
2778 3314 2998 3375 ἐκεῖνοι,
3023 3312 3114 3364 καὶ
3156 3312 3573 3378 κατεψρόνησαν
3603 3309 3715 3360 τῶν
3747 3307 3996 3377 εὐμενῶν

2419 3409 2579 3473 θεῶν,
2638 3409 2727 3460 καὶ
2771 3407 2925 3460 αὐτοὶ
2975 3403 3278 3476 στερηθῶσι
3342 3405 3440 3473 τῆς
3492 3404 3836 3474 εὐπρεπείας
3876 3405 3995 3472 -τῆς

2419 3499 2718 3572 βασιλείας,
2751 3503 2844 3555 καὶ
2873 3501 3071 3571 μηκέτι
3105 3500 3346 3567 φανῶσιν
3369 3499 3599 3552 ἐνώπιον
3625 3497 3736 3550 τῶν
3776 3496 3992 3567 ἀνθρώ-

2416 3616 2554 3660 πων,
2579 3596 2665 3649 διὰ
2701 3594 2856 3648 τοῦτο
2875 3592 3266 3662 σφραγισθήτω
3293 3592 3351 3642 τὸ
3371 3591 3587 3658 στόμιον
3609 3589 3703 3641 τοῦ
3723 3591 3992 3656 σπηλαίου

2412 3687 2578 3745 λίθοις
2620 3687 2876 3755 μεγάλοις
2921 3685 3014 3736 ἐπὶ
3061 3683 3120 3734 τὸ
3169 3680 3548 3748 καταποθῆναι
3595 3679 3688 3729 καὶ
3743 3675 3993 3746 ἐκλεῖψαι

2412 3774 2513 3841 τὴν
2565 3774 2709 3843 ζωὴν
2758 3774 2959 3835 αὐτῶν,
3012 3771 3110 3823 καὶ
3156 3769 3498 3822 ἀποθάνωσιν
3541 3769 3596 3821 ὲν
3629 3769 3695 3837 τῇ
3749 3767 3988 3836 φυλακῇ,

2427 3864 2648 3935 Ἐπειδὴ
2684 3863 2935 3933 ἐνόμιζεν
2964 3865 2991 3915 6
3022 3861 3280 3933 βασιλεὺς
3318 3862 3410 3916 καὶ
3446 3862 3592 3915 πᾶσα
3630 3861 3662 3930 ή
3697 3860 3858 3922 πόλις
3907 3861 3989 3914 δτι

2413 3956 2581 4020 ζῶσιν
2610 3957 2794 4028 ἀκμὴν
2824 3957 2871 4010 oi
2897 3954 3067 4026 ἅγιοι.
3101 3954 3377 4027 Θεόδωρος
3408 3956 3464 4009 δὲ
3499 3955 3593 4008 καὶ
3626 3955 3653 4006 6
3678 3954 3903 4024 Βᾶρδος
3938 3955 3987 4006 oi

2411 4049 2854 4118 κουδικουλάριοι
2919 4049 3012 4102 καὶ
3060 4049 3248 4102 πιστοὶ
3287 4046 3381 4100 τοῦ
3463 4045 3734 4115 βασιλέως
3768 4088 3782 4109 ,
3846 4043 3988 4114 ἦσαν

2411 4141 2730 4210 Χριστιανοὶ
2777 4141 2872 4194 καὶ
2896 4141 3126 4210 ἑκρυδον
3157 4139 3383 4200 ἑαυτοὺς
3415 4139 3522 4190 ἀπὸ
3556 4127 3652 4189 τοῦ
3686 4137 3856 4202 φόϐου
3893 4137 3986 4190 τοῦ

2411 4228 2676 4298 διωγμοῦ.
2730 4231 2842 4281 Καὶ
2898 4230 3041 4281 οὕτω
3105 4228 3244 4298 πρὸς
3297 4227 3561 4297 ἀλλήλους
3611 4227 3990 4291 διελογίσαντο

2409 4324 2504 4376 καὶ
2533 4317 2685 4375 εἷπον
2718 4338 2731 4352 ·
2786 4320 3138 4392 Γράπτωμεν
3177 4318 3241 4390 δὴ
3273 4319 3352 4383 εἰς
3381 4318 3581 4388 πτυχία
3615 4317 3859 4387 μολυδδὰ
3891 4319 3987 4387 τὴν

2412 4408 2719 4479 μαρτυρίαν
2771 4407 2880 4462 τῶν
2925 4409 3098 4477 ἁγίων
3147 4409 3352 4462 τούτων
3381 4449 3396 4474 ,
3457 4409 3540 4462 δτι
3613 4408 3702 4462 διὰ
3748 4409 3986 4479 Χριστὶν

739 4503 1168 4557 adolescentium
1195 4501 1251 4555 in
1280 4502 1548 4572 plumbeis
1567 4501 1782 4568 tabulis,
1811 4501 2066 4570 quoniam
2087 4511 2306 4572 propter

2415 4501 2700 4568 ἀπέθανον,
2731 4502 2826 4556 καὶ
2885 4504 3160 4573 μάρτυρες
3215 4503 3344 4565 εἰσὶ,
3382 4502 3475 4554 καὶ
3522 4502 3782 4572 θήσωμεν
3850 4503 3987 4555 αὐτά

738 4595 938 4650 Christi
975 4593 1131 4650 tidem
1164 4595 1364 4649 mertui
1405 4603 1551 4658 sunt,
1606 4604 1660 4648 et
1691 4602 1956 4662 martyres
1999 4591 2128 4646 facti
2155 4601 2302 4647 sunt.

738 4688 869 4754 Quae
893 4694 1075 4740 autem
1111 4686 1512 4755 scripserimus.
1549 4698 1600 4738 In
1650 4683 1806 4738 mrcis
1844 4683 2033 4737 loculis
2074 4698 2308 4751 repona-

737 4796 878 4845 mus,
907 4787 962 4834 et
1003 4779 1208 4835 loculos
1242 4779 1387 4849 ipsos
1420 4778 1592 4848 sigillo
1626 4778 1883 4838 munitos,
1915 4777 2053 4831 inter
2098 4777 2306 4845 lapides

737 4873 824 4941 qui
885 4873 1086 4932 suntin
1114 4888 1178 4926 eo
1206 4871 1349 4931 loco,
1393 4885 1655 4940 ponamus
1703 4868 1976 4935 (fortassis
1997 4869 2141 4922 enim
2199 4868 2306 4922 Do-

738 4969 920 5021 minus
951 4977 1076 5020 ante
1101 4965 1382 5019 novissimi
1409 4965 1671 5017 adventus
1701 4961 1843 5016 diem
1875 4969 2136 5029 martyres
2176 4960 2304 5013 visi-

739 5061 869 5113 tabit
898 5058 939 5130 ),
977 5069 1035 5113 ut
1073 5058 1116 5113 si
1147 5073 1254 5128 quo
1301 5064 1540 5125 tempore
1571 5055 1825 5124 spelunca
1870 5055 1982 5113 hac
2039 5051 2303 5122 patefacta

736 5163 789 5205 et
814 5160 1124 5205 sanctorum
1159 5158 1457 5220 martyrum
1487 5161 1713 5217 corpora
1742 5144 1795 5198 in
1836 5153 2078 5214 apertum
2100 5149 2304 5216 prolata

737 5245 958 5307 fuerint,
1011 5257 1075 5297 ex
1125 5241 1426 5296 litterarum
1485 5238 1851 5295 monumentis
1907 5240 2118 5293 illorum
2167 5239 2304 5293 facta

736 5339 870 5393 disci
905 5338 1134 5408 possint.
1166 5337 1436 5392 Fecerunt
1460 5333 1623 5404 igitur
1655 5331 1977 5388 Theodorus
1999 5342 2053 5387 et
2103 5332 2302 5386 Barbus

734 5429 876 5496 quod
907 5430 1044 5484 inter
1073 5444 1130 5483 se
1165 5428 1722 5483 communicaverant.

803 5516 1773 5587 XLTemporisintervallomortuus
1830 5527 1914 5572 est
1967 5517 2162 5572 Decius
2196 5515 2299 5572 im-

737 5619 970 5676 perator,
1030 5618 1084 5664 et
1143 5619 1251 5665 tota
1310 5617 1440 5664 artas
1477 5611 1563 5664 illa
1613 5610 1842 5664 interiit.
1905 5608 2300 5666 Successerunt

734 5709 912 5754 autem
969 5700 1326 5771 imperatores
1372 5717 1472 5756 suo
1519 5702 1747 5771 quisque
1801 5715 2066 5773 tempore,
2122 5703 2297 5771 quoad

736 5791 1073 5850 Theodosius
1103 5794 1402 5866 imperator
1445 5803 1719 5865 sceptrum
1763 5804 1944 5851 tench
1973 5795 2156 5867 coepit.
2198 5780 2303 5859 Qui

2407 4598 2465 4651 ἐν
2545 4595 2919 4664 γλωσσοκόμῳ
3013 4595 3203 4664 χαλκῷ
3278 4593 3377 4646 καὶ
3459 4595 3861 4662 σφραγίσωμεν
3931 4599 3986 4647 ὲν

2409 4691 2665 4763 σφραγίδι
2719 4689 2811 4743 καὶ
2868 4687 3206 4760 κρύπτωμεν
3277 4687 3414 4742 αὐτὰ
3471 4685 3672 4758 μεταξύ
3731 4689 3845 4740 τῶν
3902 4687 3983 4739 λί-

2407 4783 2514 4836 θων
2578 4781 2688 4836 τῶν
2751 4781 2918 4836 ὄντων
2989 4783 3190 4837 ἐκεῖσε.
3257 4781 3409 4851 Τάχα
3477 4781 3586 4848 γὰρ
3646 4780 3985 4834 ἐπισκέπτε-

2403 4892 2493 4928 ται
2542 4875 2737 4939 αὐτοὺς
2789 4878 2815 4928 6
2862 4876 3064 4946 Κύριος
3137 4874 3243 4946 πρδ
3310 4874 3410 4942 τῆς
3463 4872 3731 4937 ἐλεύσεως
3785 4872 3980 4932 αὐτοῦ,

2405 4967 2590 5019 εῖποτε
2626 4966 2804 5038 καιρῷ
2839 4967 3047 5033 ἀνοιγεῖ
3066 4967 3125 5020 τδ
3152 4965 3436 5036 σπήλαιον,
3485 4967 3579 5019 καὶ
3617 4963 3983 5035 φανεριυθῶσι

2403 5059 2472 5111 τὰ
2522 5057 2752 5127 σώματα
2796 5057 2903 5112 τῶν
2946 5059 3118 5124 ἁγίων
3169 5057 3642 5112 ἀποκλεισθέντων
3690 5057 3750 5107 ἐν
3805 5053 3980 5123 αὐτῷ,

2405 5152 2498 5205 καὶ
2529 5151 2945 5220 ὲπιγνωσθῶσιν
2975 5151 3082 5204 ἀπὸ
3116 5150 3223 5204 τῶν
3254 5149 3595 5221 γραμμάτων
3615 5147 3850 5200 τούτων.
3871 5147 3981 5201 Καὶ

2405 5243 2592 5312 ὥσπερ
2614 5242 3034 5314 ἐνεθυμήθησαν
3062 5245 3112 5298 οῖ
3145 5243 3325 5296 πιστοὶ
3350 5243 3547 5295 ἐκεῖνοι
3580 5239 3800 5309 ἄνδρες,
3833 5239 3980 5292 οὕτω

2405 5338 2499 5390 καὶ
2530 5338 2815 5409 ἐποίησαν.

2472 5519 2574 5578 IA'.
2610 5520 2910 5575 Ἀπέθανεν
2944 5510 3000 5573 δι
3026 5520 3054 5571 6
3081 5516 3337 5589 βασιλεὺς
3392 5516 3581 5580 Δέκιος
3608 5515 3704 5569 καὶ
3755 5519 3912 5573 πᾶσα
3945 5517 3976 5585 ἡ

2403 5615 2564 5683 γενεὰ
2594 5614 2778 5682 ἐκείνη
2837 5613 2929 5666 καὶ
2965 5611 3116 5666 ἄλλοι
3160 5610 3402 5681 βασιλεῖς
3451 5611 3818 5665 ἐϐασίλευσαν
3857 5609 3978 5680 μετ’

2402 5704 2565 5757 αὐτὸν
2599 5705 2656 5756 ὲν
2686 5707 2752 5774 τῇ
2795 5701 3011 5774 ἐξουσίᾳ
3058 5703 3154 5770 τῆς
3199 5697 3475 5769 βασιλείας
3513 5701 3721 5769 αὐτῶν,
3777 5703 3885 5765 ἓως
3917 5695 3976 5755 ὦ

2403 5796 2597 5869 ἀνίστη
2621 5796 2898 5860 Θεοδόσιος
2925 5792 3158 5858 ὀπιστδς
3183 5791 3457 5863 βασιλεύς.
3488 5793 3597 5849 Κατ¹
3629 5795 3690 5849 ὲν
3715 5791 3796 5865 τῷ
3817 5810 3977 5865 τρια-
