4188 6310
304 373 413 437 437

1406 379 1503 438 DE
1544 376 1842 439 SEPTEM
1894 376 2491 439 DORMIENTIBUS.

3465 369 3567 432 438

303 488 489 557 κοστῷ
520 487 693 557 ὀγδόῳ
724 488 835 543 ἐτει
891 489 991 559 τῆς
1032 490 1315 560 βασιλείας
1350 493 1542 557 αὐτοῦ,
1584 494 1881 561 ἐπεφοίτηο

1988 505 2111 546 cum
2150 491 2403 562 religiose
2432 488 2814 546 etChristiane
2851 488 3163 559 imperaret.
3213 496 3569 542 surrexerunt

301 594 408 632 σαν
434 579 580 643 τινὲς
625 580 736 632 τῶν
792 582 1091 651 αίρετικῶν
1153 582 1473 654 βουλόμενοι
1522 586 1885 639 διασκεδάσαι

299 670 403 739 τὴν
425 670 726 724 ἀνάστασιν
748 672 858 724 τῶν
890 673 1126 741 νεκρῶν,
1155 673 1223 743 ἢν
1260 676 1288 727 6
1316 676 1553 744 Χριστὸς
1590 677 1886 747 ἐχαρίσατο

299 764 372 830 τῇ
403 760 538 832 ἁγίᾳ
585 762 751 814 αὐτοῦ
823 762 1142 833 Ἐκκλησία.
1185 765 1248 817 Ol
1282 765 1339 818 δὲ
1403 765 1796 837 εἰδωλολάτραι
1834 767 1883 819 οἱ

302 854 730 923 στρατευόμενοι
781 854 841 906 ἐν
871 853 952 922 τῷ
1012 854 1288 927 παλατίῳ,
1350 857 1591 927 διωγμὸν
1649 858 1883 928 φανερὸν

298 942 525 997 ἐποίουν
580 942 926 997 κατενώπιον
981 943 1078 999 τοῦ
1136 945 1419 1016 βασιλέως,
1479 949 1572 1000 καὶ
1624 950 1672 1001 οί
1723 948 1883 1017 δῆθεν

301 1036 636 1104 καλούμενοι
688 1034 983 1090 ἐπίσκοποι
1020 1038 1356 1107 ἀγαπῶντες
1404 1039 1756 1108 διαστρέφειν
1787 1040 1882 1102 τὰς

301 1128 462 1189 ὁδοὺς
521 1129 731 1197 Κυρίου
793 1130 896 1193 τὰς
951 1130 1213 1193 εὐθείας,
1285 1130 1486 1193 πολλὰς
1539 1131 1880 1200 παραϐάσεις

301 1219 579 1275 ἐδείκνυον
614 1221 673 1275 ἐν
702 1224 822 1284 ταῖς
872 1222 968 1275 τοῦ
1017 1221 1154 1275 Θεοῦ
1214 1222 1534 1294 ἐκκλησίαις
1570 1240 1584 1255 ο
1615 1220 1685 1295 ἦν
1743 1223 1801 1276 δέ
1851 1224 1879 1276 6

301 1317 604 1383 κορυφαῖος
672 1317 852 1371 αὐτῶν
891 1325 990 1372 καὶ
1036 1322 1257 1374 πάντων
1306 1319 1414 1373 τῶν
1465 1320 1654 1373 κακῶν
1680 1319 1876 1388 αῐτιος,

295 1403 579 1475 Θεόδωρος
614 1407 642 1459 6
673 1409 974 1474 ἐπίσκοπος
1012 1411 1217 1478 αίγεῶν
1250 1410 1352 1481 τῆς
1380 1411 1590 1475 πόλεως
1622 1413 1741 1483 ἅμα
1764 1413 1874 1467 τῶν

298 1498 402 1548 σὺν
433 1497 585 1567 αὖτῷ
619 1497 815 1565 ὅντων,
847 1502 950 1554 οὑκ
974 1502 1306 1571 ὀφειλόντων
1336 1502 1702 1574 ὀνομάζεσθαι
1731 1505 1790 1556 ἐν
1810 1507 1875 1575 τῇ

297 1587 470 1657 βίϐλῳ
485 1590 656 1663 ταύτῃ
669 1592 876 1662 ἐπειδὴ,
898 1594 1125 1660 ἐδίωξαν
1142 1596 1243 1662 τὴν
1262 1596 1589 1666 Ἐκκλησίαν
1606 1597 1697 1648 τοῦ
1717 1595 1874 1650 Θεοῦ.

306 1678 370 1733 '0
405 1680 460 1731 δέ
492 1682 748 1749 βασιλεὺς
767 1684 1050 1748 Θεοδόσιος
1076 1686 1198 1739 καθ’
1234 1686 1472 1757 ἑκάστην
1495 1688 1552 1740 ἐν
1581 1690 1647 1757 τῇ
1671 1687 1877 1757 διανοίᾳ

294 1771 575 1834 ἐθελοῦτο,
634 1776 728 1826 καὶ
766 1775 946 1828 ἐδέετο
1002 1778 1143 1846 μετὰ
1183 1778 1435 1849 δακρύων
1491 1778 1747 1831 ἱκετεύων
1782 1779 1873 1830 τὸν

293 1863 454 1926 Θεὸν,
495 1863 710 1933 βλέπων
740 1866 1213 1938 ταλαντευομένην
1239 1869 1335 1939 τὴν
1364 1869 1544 1922 πίστιν
1575 1870 1679 1922 τῶν
1704 1868 1873 1934 ἁγίων

305 1949 671 2021 Ἐκκλησιῶν.
733 1956 892 2019 Τινὲς
923 1958 1033 2025 γὰρ
1055 1959 1237 2027 ἔλεγον
1268 1962 1347 2014 ὅτι
1381 1963 1480 2015 οὐκ
1528 1960 1644 2014 ἐστι
1690 1962 1872 2033 παρά-

292 2041 493 2112 κλησις
512 2047 624 2109 τοῖς
656 2042 896 2117 νεκροῖς·
927 2048 1078 2102 ἄλλοι
1111 2051 1167 2103 δέ
1200 2051 1388 2119 ἔλεγον
1414 2055 1496 2106 ὅτι
1530 2054 1589 2105 τὸ
1620 2047 1781 2121 σῶμα
1810 2053 1871 2106 τὸ

292 2137 609 2190 παλαιωθέν
664 2142 761 2194 καὶ
813 2143 1115 2209 ἀφανισθὲν
1177 2145 1270 2197 καὶ
1331 2145 1756 2215 διασκορπισθέν
1810 2145 1871 2199 οὐ

296 2227 729 2296 παραϐαλετται,
780 2232 895 2286 ἀλλ’
945 2234 1160 2306 ἡψυχὴ
1204 2237 1341 2307 αὕτη
1380 2237 1518 2309 μόνη
1576 2238 1791 2309 δέχεται
1814 2238 1875 2292 τὸ

301 2325 609 2396 μυστήριον
635 2328 736 2400 τῆς
764 2330 1081 2401 ἀφθαρσίας
1112 2334 1208 2386 καὶ
1229 2333 1395 2403 ζωῆς.
1429 2336 1537 2387 Καὶ
1565 2336 1875 2407 ἐπλανήθη·

297 2431 403 2469 σαν
422 2418 480 2468 ἐν
501 2420 617 2481 τοῖς
660 2424 912 2489 ματαίοις
977 2424 1155 2475 αὐτῶν
1209 2425 1408 2492 λόγοις,
1442 2428 1537 2479 καὶ
1558 2429 1660 2479 οὐκ
1691 2429 1876 2480 ἐνεθυ-

298 2509 556 2578 μήθησαν
615 2514 671 2563 ἐν
731 2514 967 2578 ἑαυτοῖς,
1014 2515 1098 2566 ὅτι
1139 2516 1338 2584 βρέφος
1365 2518 1619 2570 οὐδέποτε
1658 2520 1865 2590 ἐκυήθη

290 2598 356 2649 ἐν
399 2599 575 2669 κοιλίᾳ
630 2604 837 2674 μητρδς
882 2605 1051 2659 αὑτοῦ
1107 2607 1238 2661 ἄνευ
1272 2611 1497 2680 σαρκὸς,
1553 2610 1675 2663 οὕτε
1710 2612 1873 2683 ἐξέϐη

295 2690 438 2759 σάρξ
463 2692 592 2745 ἄνευ
614 2694 678 2747 ἐκ
737 2698 949 2769 μήτρας
1001 2700 1181 2771 ψυχῆς
1214 2702 1475 2773 ζωτικῆς.
1514 2704 1625 2757 Καὶ
1674 2706 1874 2760 ἔϐυσαν

290 2782 401 2845 τὰς
454 2786 629 2850 ἀκοὰς
649 2789 754 2841 τῶν
781 2790 1034 2844 διανοιῶν
1082 2793 1262 2847 αὐτῶν
1287 2794 1379 2847 τοῦ
1420 2796 1493 2865 μὴ
1518 2798 1746 2849 ἀκοῦσαι
1780 2796 1873 2849 τοῦ

283 2875 459 2944 λόγου
493 2881 694 2948 Κυρίου
728 2884 975 2945 εἰπόντος
999 2886 1103 2947 ὅτι,
1152 2888 1535 2940 Ἀκούσονται
1566 2892 1618 2941 ol
1656 2889 1875 2954 ἐντοῖς

287 2976 609 3041 μνημείοις
667 2973 774 3042 τῆς
820 2977 1027 3045 φωνῆς
1079 2977 1185 3031 τοῦ
1226 2979 1359 3033 Υίοῦ
1383 2980 1486 3034 τοῦ
1516 2981 1831 3048 ἀνθρώπου
1856 3001 1871 3015 ⁶

294 3068 397 3116 καὶ
419 3064 579 3118 πάλιν
610 3065 781 3134 λέγει’
802 3061 1051 3124 llr-.1101
1081 3071 1197 3124 τῶν
1222 3074 1638 3129 καθευδόντων
1669 3076 1736 3130 ἐκ
1763 3076 1875 3146 τῆς

1987 586 2204 657 quidam
2258 586 2527 650 haeretici,
2589 586 2681 656 qui
2708 585 2981 657 negabant
3010 591 3349 638 mortuorum
3383 595 3585 634 resuro.

1985 680 2285 734 rectionem
2304 679 2402 749 (l),
2461 694 2623 749 quam
2685 679 2936 734 Christus
2980 678 3098 746 ipse
3148 675 3202 729 in
3237 690 3331 729 sua
3380 684 3567 728 sancta

1984 771 2226 828 Ecclesia
2256 772 2482 826 ﬁrmiter
2513 771 2661 826 credi
2709 771 2902 826 voluit.
2938 767 3138 823 Milites
3174 768 3321 822 enim
3348 768 3566 836 quidam

1986 865 2252 920 idolorum
2278 866 2536 927 cultores,
2573 880 2697 918 cum
2732 866 2787 918 in
2826 861 3024 934 palatio
3071 860 3419 931 imperatoris
3448 874 3568 913 ver—

1985 962 2258 1021 sarentur,
2300 963 2540 1024 apertam
2580 944 3021 1023 persecutionem
3050 952 3312 1007 adversus
3350 950 3570 1019 aliquos

1983 1048 2128 1116 apud
2159 1049 2539 1116 imperatorem
2572 1054 3011 1101 comm0verunt.
3072 1041 3215 1109 Quin
3252 1042 3414 1097 etiam
3451 1041 3568 1111 epi-

1983 1139 2134 1206 scopi
2169 1139 2593 1207 quidam'rectas
2624 1138 2716 1191 Dei
2740 1136 2962 1192 semitas
2993 1144 3309 1205 pervertere
3339 1133 3566 1201 cupien-

1980 1240 2081 1294 tes,
2115 1229 2170 1283 in
2209 1231 2457 1286 ecclesiis
2520 1231 2814 1285 multarum
2870 1223 3379 1300 praevaricationum
3414 1236 3570 1280 erant

1982 1330 2251 1377 auctores.
2287 1322 2530 1387 Quorum
2586 1322 2840 1392 princeps
2902 1326 2959 1377 et
3000 1321 3265 1375 malorum
3321 1317 3565 1371 omnium

1982 1426 2145 1483 caput
2165 1414 2467 1468 habebatur
2497 1412 2822 1468 Theodorus
2848 1411 3225 1485 Eginensium
3258 1410 3565 1480 episcopus,

1979 1506 2141 1562 simul
2161 1522 2281 1559 cum
2313 1505 2378 1559 iis
2409 1520 2544 1575 quos
2574 1520 2768 1560 secum
2792 1505 3059 1559 habebat:
3091 1503 3183 1572 qui
3212 1517 3279 1555 ne
3303 1500 3569 1554 nominari

1976 1597 2199 1668 quidem
2232 1597 2581 1662 dehent,cum
2616 1595 2714 1651 Dei
2763 1596 3062 1664 Ecclesiam
3107 1592 3399 1664 persecuti
3448 1591 3569 1646 fue-

1982 1690 2118 1743 rint.
2167 1689 2555 1759 Atimperator
2606 1688 2950 1745 Theodosius
2986 1690 3041 1743 in
3066 1687 3182 1743 dies
3227 1687 3399 1756 magis
3444 1699 3571 1754 per-

1932 1780 1948 1847 ς
1978 1784 2300 1837 turhahatur
2326 1797 2389 1835 ac
2411 1783 2650 1847 dolebat,
2684 1799 2808 1838 cum
2852 1792 3163 1837 sanctarum
3202 1778 3569 1835 Ecclesiarum

1978 1872 2137 1927 ﬁdem
2167 1870 2516 1925 ﬂuctuantem
2544 1871 2774 1925 videret.
2809 1871 2996 1940 Itaque
3039 1885 3069 1923 a
3120 1870 3231 1923 Deo
3278 1869 3399 1937 ipso
3451 1868 3570 1936 ejus

1978 1959 2103 2015 mali
2127 1959 2463 2015 curationem
2493 1959 2769 2029 poscebat.
2802 1954 2969 2013 Erant
2999 1957 3168 2021 enim,
3198 1957 3289 2027 qui
3318 1956 3567 2011 dicerent

1978 2045 2208 2107 mortuis
2239 2052 2551 2106 hominibus
2579 2052 3008 2107 consolationem
3047 2050 3248 2106 nullam
3300 2050 3562 2105 futuram.

1976 2144 2080 2198 Alii
2155 2143 2497 2197 aﬁirmahant
2568 2157 2771 2210 corpus
2835 2150 3106 2196 vetustate
3162 2150 3565 2209 consumptum,

1976 2237 2157 2306 ipsum
2217 2234 2434 2307 quidem
2490 2232 2931 2288 consolationem
2968 2233 3173 2287 nullam
3226 2232 3564 2298 habiturum,

1979 2333 2075 2388 sed
2104 2332 2273 2389 solam
2297 2332 2537 2386 animam
2574 2329 2900 2385 immortalis
2942 2330 3068 2385 vitae
3124 2328 3446 2400 participem
3482 2325 3567 2381 fu-

1975 2439 2177 2481 turam.
2206 2424 2486 2494 Ejusmodi
2517 2423 2768 2478 homines
2790 2423 2945 2478 vanis
2967 2422 3323 2492 Opinionihus
3349 2419 3567 2489 decepti

1976 2518 2053 2571 sic
2082 2518 2355 2580 errabant,
2385 2530 2563 2583 neque
2593 2514 3101 2568 animadvertebant
3146 2512 3414 2565 infantem
3442 2524 3573 2577 pue-

1975 2623 2093 2664 rum
2134 2622 2413 2675 nunquam
2454 2606 2509 2659 in
2541 2617 2731 2660 ventre
2760 2604 2947 2659 matris
2974 2603 3146 2658 fuisse
3199 2602 3320 2656 sine
3379 2614 3568 2666 carne,

1974 2717 2155 2770 neque
2188 2714 2409 2755 carnem
2456 2714 2487 2752 e
2532 2699 2689 2752 vulva
2728 2696 2927 2753 exiisse
2979 2695 3101 2749 sine
3154 2694 3336 2749 anima
3396 2692 3564 2750 vitali.

1976 2795 2110 2850 Item
2142 2794 2458 2849 claudentes
2488 2791 2684 2847 mentis
2717 2790 2905 2845 oculos
2930 2829 2946 2855 ,
2970 2802 3151 2844 sacras
3184 2786 3414 2840 Litteras
3457 2799 3567 2838 non

1976 2887 2415 2949 considerabant,
2437 2885 2702 2953 inquibus
2727 2882 2993 2951 scriptum
3013 2892 3133 2936 est:
3165 2879 3416 2940 Audierit,
3468 2878 3562 2946 qui

1976 2986 2095 3033 sunt
2129 2978 2185 3030 in
2210 2976 2580 3036 monumentis,
2605 2990 2777 3029 vocem
2808 2972 2943 3026 Filii
2962 2973 3187 3026 hominis
3218 2982 3266 3025 et
3304 2974 3474 3024 vivent
3510 2971 3523 3000 '
3550 2986 3565 3033 ;

1979 3082 2034 3127 et
2059 3071 2163 3125 alio
2190 3072 2310 3125 loco
2340 3086 2353 3124 :
2383 3066 2446 3121 Et
2468 3067 2619 3120 multi
2663 3068 2726 3120 de
2762 3065 2827 3120 iis
2868 3065 2958 3135 qui
3013 3064 3280 3117 dormiunt
3319 3063 3373 3114 in
3415 3069 3570 3114 teme

292 3159 592 3230 χωμάτων
615 3163 1118 3235 ἐξεγερθήσονται
1140 3184 1153 3197 ·
1189 3169 1283 3220 καὶ
1341 3168 1504 3221 πάλιν
1531 3170 1871 3239 γέγραπται*

1981 3167 2213 3232 pulvere,
2237 3162 2562 3231 cvigilabunt
2593 3176 2609 3217 :
2643 3159 2737 3215 alii
2766 3161 2820 3213 in
2850 3158 3012 3213 vitam
3063 3168 3342 3221 retentam,
3392 3164 3443 3208 et
3469 3153 3567 3206 alii

308 3252 461 3308 Ἰδοὺ
499 3256 612 3325 ἐγὼ
645 3258 865 3330 ἀνοίγω
913 3262 984 3316 τὰ
1031 3261 1306 3332 μνήματα
1338 3263 1528 3339 ὑμῶν,
1556 3263 1653 3317 καὶ
1680 3263 1874 3328 ἐξάξω

291 3346 459 3415 ὑμᾶς
482 3347 550 3401 ἐκ
575 3348 692 3401 τῶν
715 3350 931 3418 τάρων,
949 3356 1100 3419 λαός
1118 3374 1257 3423 μου.
1282 3357 1409 3409 ora:
1429 3357 1698 3425 alpsrtxol
1713 3357 1875 3410 ἐπλα-

296 3438 550 3507 νήθησαν
576 3440 684 3493 άπὸ
710 3442 808 3510 τῆς
848 3442 971 3495 όδοῦ
1005 3448 1101 3513 τῆς
1131 3446 1298 3515 ζωῆς,
1330 3449 1426 3500 καὶ
1474 3448 1745 3519 ἔστρεψαν
1774 3450 1873 3521 τὴν

290 3527 614 3598 γλυκύτητα
629 3532 726 3601 τῆς
741 3534 999 3597 πίστεως,
1021 3538 1101 3596 είς
1116 3536 1340 3605 πικρίαν
1353 3536 1460 3589 τῶν
1472 3537 1656 3608 ψυχῶν
1671 3540 1870 3594 αὐτῶν.

1984 3258 2037 3308 in
2066 3254 2402 3322 opprobrium
2431 3256 2491 3317 ²;
2546 3267 2673 3305 cum
2706 3250 2835 3305 illud
2877 3251 3039 3305 etiam
3071 3250 3125 3302 in
3175 3250 3255 3303 eis
3304 3248 3566 3317 scriptum

1984 3350 2324 3405 inveniatur:
2366 3347 2498 3402 Ecce
2528 3364 2620 3417 ego
2675 3349 2915 3416 aperiam
2964 3345 3208 3414 sepulcra
3264 3353 3434 3397 vestra
3466 3382 3479 3407 ,
3517 3351 3565 3395 et

1983 3448 2200 3500 educam
2252 3460 2337 3497 vos
2394 3444 2458 3497 de
2528 3441 2782 3511 sepulcris
2840 3440 3059 3501 restria,
3112 3436 3297 3509 papula
3354 3452 3497 3489 meus
3522 3434 3564 3489 ³.

1983 3537 2111 3592 Haec
2157 3545 2286 3591 sunt
2341 3535 2649 3591 divinarum
2698 3533 3023 3587 Litterarum
3075 3528 3408 3586 testimonia.
3460 3526 3567 3582 Sed

292 3623 543 3680 haeretici
598 3624 848 3683 homines
886 3643 916 3682 a
967 3638 1115 3683 recta
1168 3630 1296 3685 vita:
1347 3632 1536 3687 semita
1595 3632 1878 3689 deviantes
1938 3632 2290 3696 aherrabant,
2363 3642 2417 3685 et
2464 3628 2584 3684 ﬁdei
2643 3628 3016 3683 sinceritatem
3064 3625 3303 3694 obliquis
3340 3636 3565 3684 suarum

290 3716 603 3771 animarum
633 3719 1046 3787 cogitationibus
1068 3724 1470 3791 perverti-bant.

370 3808 468 3863 IB'.
512 3810 573 3861 '0
606 3810 660 3862 δέ
693 3810 949 3879 βασιλεὺς
998 3816 1281 3877 Θεοδόσιος
1326 3821 1576 3875 ἐλυπεῖτο
1608 3821 1703 3875 καὶ
1750 3820 1878 3874 ἐκά-

290 3900 435 3969 θητο
496 3901 589 3954 ἐπὶ
651 3905 860 3958 σάκκου
919 3906 1013 3959 καὶ
1068 3907 1268 3961 σποδοῦ
1305 3911 1362 3963 ἐν
1397 3911 1476 3981 τῷ
1536 3913 1750 3984 ταμείῳ
1780 3913 1876 3967 τοῦ

288 3990 560 4055 κοιτῶνος
593 3993 786 4047 αὐτοῦ·
818 3996 847 4049 6
870 3995 925 4048 δέ
947 3995 1201 4067 ἐλεήμων
1230 3997 1361 4063 Θεὸς
1387 4001 1415 4053 6
1448 4000 1525 4072 μὴ
1554 4000 1879 4072 βουλόμενος

288 4083 599 4139 ἀπολέσθαί
626 4104 749 4140 τινα
781 4088 889 4141 ἀπὸ
914 4092 1011 4159 τῆς
1037 4089 1159 4144 ὁδοῦ
1211 4092 1315 4162 τῆς
1371 4094 1610 4159 πίστεως
1646 4112 1661 4129 ο
1696 4097 1724 4149 6
1754 4093 1879 4165 βου-

288 4176 532 4245 λόμενος
557 4179 821 4246 ἐπιφᾶναι
850 4179 906 4234 τὺ
942 4182 1252 4254 μυστήριον
1282 4183 1381 4253 τῆς
1418 4184 1586 4239 αὑτοῦ
1640 4184 1880 4241 ἀναστά-

294 4286 469 4333 σεως,
495 4270 746 4327 ἐνέϐαλεν
776 4272 859 4333 είς
883 4273 980 4344 τὴν
1026 4275 1271 4346 καρδίαν
1302 4277 1513 4332 ἀδολίου
1545 4277 1636 4331 τοῦ
1668 4278 1877 4350 Κυρίου

289 4362 397 4416 τοῦ
424 4362 587 4431 δρους
623 4362 859 4428 ἐκείνου,
893 4366 952 4419 ἐν
978 4357 1022 4433 ᾧ
1050 4363 1119 4439 ἦν
1143 4367 1206 4421 τὸ
1255 4363 1522 4442 σπήλαιον
1551 4372 1685 4427 ὅπου
1736 4368 1879 4444 ἦσαν

2053 3814 2149 3873 ΧΠ
2177 3858 2191 3872 .
2243 3814 2541 3886 Imperator
2570 3814 2735 3885 igitur
2769 3811 3114 3867 Theodosius
3145 3826 3264 3866 eam
3294 3825 3409 3865 rem
3442 3824 3555 3864 mo-

1983 3912 2120 3966 leste
2148 3908 2375 3973 ferebat,
2416 3908 2486 3962 ob
2508 3907 2671 3977 idque
2699 3920 2932 3962 maerore
2955 3902 3309 3959 afﬁciebatur.
3361 3902 3561 3957 Verum

1985 4018 2107 4058 cum
2143 4000 2604 4055 clementissimus
2637 3999 2783 4052 Deus
2825 3996 3097 4052 neminem
3156 3994 3290 4050 velit
3347 4008 3379 4047 α
3438 3990 3564 4047 ﬁdei

1989 4094 2079 4150 via
2118 4100 2391 4148 errantem
2442 4090 2643 4163 perire,
2686 4088 2814 4145 fecit
2841 4098 2901 4144 ut
2948 4087 3372 4143 resurrectionis
3416 4101 3561 4156 mys-

1985 4186 2183 4245 terium
2214 4185 2469 4241 omnibus
2499 4182 2801 4255 pateﬁeret.
2832 4181 3057 4236 Immisit
3100 4180 3245 4235 enim
3304 4180 3359 4233 in
3396 4195 3555 4233 men-

1987 4288 2093 4334 tem
2119 4278 2397 4347 cujusdam
2430 4276 2688 4337 hominis,
2714 4274 2805 4343 qui
2832 4273 3115 4328 dicebatur
3164 4271 3407 4335 Adolius,
3437 4272 3558 4342 ejus

1986 4370 2186 4427 montis
2212 4377 2266 4425 et
2294 4369 2569 4440 spelunca)
2610 4365 2886 4431 dominus,
2932 4365 3026 4420 ubi
3086 4366 3255 4419 sancti
3300 4370 3566 4435 martyres

290 4456 701 4523 κεκοιμημένοι
732 4460 779 4511 οἱ
805 4458 951 4529 ἅγιοι
1010 4460 1314 4532 μάρτυρες,
1356 4465 1712 4536 οἰκοδομῆσαι
1741 4466 1878 4537 μάν-

1986 4465 2340 4528 dormierant,
2366 4471 2425 4517 ut
2452 4462 2590 4516 ovile
2619 4460 2890 4531 quoddam
2926 4461 3038 4515 suis
3066 4458 3369 4530 pecudibus
3429 4471 3562 4511 con-

290 4546 440 4615 δραν
479 4545 588 4597 τῶν
612 4547 950 4618 θρεμμάτων
995 4550 1185 4617 αὐτοῦ,
1258 4554 1354 4607 καὶ
1387 4555 1436 4608 οί
1485 4554 1662 4610 δοῦλοι
1712 4556 1881 4612 αὐτοῦ

291 4638 425 4708 ἅμα
448 4638 559 4693 τῶν
593 4641 863 4710 ἐργατῶν,
897 4644 1113 4698 ἐκύλιον
1128 4644 1314 4709 λίθους
1342 4650 1423 4711 είς
1456 4647 1554 4720 τὴν
1594 4648 1882 4721 οἰκοδομὴν

292 4735 369 4785 ἐκ
403 4735 503 4802 τῆς
559 4733 729 4803 θύρας
756 4733 851 4788 τοῦ
878 4737 1167 4807 σπηλαίου.
1202 4737 1337 4793 Τότε
1372 4740 1759 4810 προστάγματι
1786 4740 1881 4794 τοῦ

292 4823 518 4892 Κυρίου
543 4826 894 4896 ἡμῶνἸησοῦ
931 4828 1171 4900 Χριστοῦ
1207 4830 1376 4904 ἐδώθη
1409 4831 1524 4903 ζωὴ
1554 4835 1669 4895 τοῖς
1704 4833 1881 4902 ἁγίοις

290 4918 539 4979 ἐκείνοις
600 4923 714 4985 τοῖς
738 4921 891 4976 οὖσιν
914 4923 971 4976 ἐν
1012 4924 1093 4995 τῷ
1132 4924 1403 4995 σπηλαίῳ,
1451 4925 1547 4978 καὶ⁸
1576 4924 1609 4995 ἡ
1637 4925 1790 4995 φωνὴ
1845 4928 1879 4996 ἡ

292 5009 586 5064 καλέσασα
615 5010 705 5062 τὸν
762 5010 1017 5084 Λάζαρον
1050 5017 1114 5068 ἐκ
1168 5014 1265 5069 τοῦ
1299 5018 1567 5087 μνημείου
1602 5018 1695 5071 καὶ
1720 5035 1881 5088 χαρι-

292 5101 554 5174 σαμένη·
577 5103 725 5175 αὐτῷ
767 5107 868 5177 τὴν
922 5107 1088 5179 ζωὴν,
1128 5110 1294 5173 αὐτός
1351 5112 1500 5163 ἐστιν
1527 5113 1554 5164 6
1580 5111 1880 5183 παρασχὼν

288 5192 403 5248 καὶ
423 5193 637 5258 τούτοις
668 5197 780 5259 τοῖς
806 5198 985 5266 ἁγίοις
1010 5197 1230 5269 πνεῦμα
1256 5200 1424 5272 ζωῆς.
1457 5201 1570 5255 Καὶ
1594 5204 1880 5276 ἐξανέστη-

292 5297 411 5337 σαν
448 5284 543 5336 καὶ
575 5277 839 5342 ἐκάθισαν
888 5289 946 5342 ἐν
999 5290 1343 5359 ἀγαλλιάσει,
1385 5296 1479 5348 καὶ
1516 5292 1591 5356 ὡς
1621 5294 1879 5366 ἐνόμισαν

290 5372 433 5429 καθ’
468 5373 708 5447 ἑκάστην
758 5379 992 5450 ἡμέραν.
1065 5381 1403 5444 Ἠσπάζοντο
1435 5384 1714 5456 ἀλλήλους,
1741 5387 1878 5440 διότι

295 5464 455 5528 εἶδος
485 5465 808 5536 νεκρώσεως
842 5472 944 5525 οὐκ
992 5474 1245 5542 ἐφαίνετο
1294 5477 1351 5528 ἐν
1386 5480 1567 5541 αὐτοῖς
1595 5495 1608 5508 ’
1643 5479 1713 5532 τὰ
1772 5482 1881 5551 γὰρ

1983 4565 2237 4616 strueret.
2298 4557 2437 4625 Ejus
2460 4556 2620 4627 igitur
2664 4553 2805 4607 servi
2838 4568 2942 4606 una
2986 4568 3109 4605 cum
3159 4551 3243 4605 his
3294 4549 3384 4619 qui
3411 4548 3565 4618 operi

1980 4647 2229 4704 faciendo
2252 4649 2536 4709 vacabant,
2565 4644 2768 4715 lapides
2794 4660 2890 4714 pro
2918 4643 3149 4700 :ediﬁcio
3184 4659 3250 4698 ex
3290 4642 3411 4711 eius
3430 4656 3564 4711 spe-

1982 4743 2155 4799 luncas
2184 4743 2325 4796 ostio
2354 4738 2725 4795 revolvebam.
2758 4737 2912 4794 Tunc
2949 4736 3164 4793 Domini
3205 4735 3378 4792 nostri
3434 4734 3568 4789 Jesn

1981 4834 2195 4901 Christi
2245 4833 2402 4905 jussu
2455 4832 2659 4889 sanctis
2689 4831 2795 4885 illis
2839 4830 2992 4893 viris,
3043 4830 3134 4899 qui
3191 4829 3244 4881 in
3307 4826 3566 4897 spelunca

1991 4929 2344 4988 dormierant,
2368 4926 2474 4978 vita
2527 4923 2776 4981 restituta
2803 4933 2906 4987 est,
2942 4930 3000 4976 et
3039 4937 3137 4975 vox
3165 4920 3277 4986 illa,
3312 4934 3431 4991 quae
3460 4917 3567 4974 La-

1990 5036 2172 5075 zarum
2204 5035 2234 5074 e
2271 5028 2624 5074 monumento
2673 5017 2954 5080 excitavit,
3010 5015 3197 5070 eadem
3258 5022 3314 5067 et
3364 5013 3568 5069 sanctis

1988 5104 2313 5185 martyribus
2382 5113 2507 5166 vita:
2563 5110 2811 5181 spiritum
2865 5110 3119 5163 restituit.
3193 5106 3569 5162 Surrexerunt

1991 5208 2170 5284 igitur,
2200 5214 2254 5258 et
2288 5204 2458 5258 Deum
2488 5201 2767 5256 laudantes
2811 5200 3196 5265 consederunt,
3224 5207 3278 5253 et
3307 5197 3566 5269 quemad-

1989 5298 2207 5352 modum
2242 5294 2482 5365 qnolidie
2504 5301 2918 5359 consueverant,
2978 5307 3037 5347 se
3073 5289 3311 5346 vicissim
3368 5291 3571 5346 saluta-

1987 5388 2138 5455 bant,
2196 5387 2451 5459 quoniam
2499 5388 2707 5442 nullum
2749 5386 2807 5441 in
2863 5385 2943 5441 eis
2978 5385 3192 5457 signum
3248 5383 3567 5450 exsistebat,

1988 5496 2053 5536 ex
2085 5496 2193 5551 quo
2231 5490 2477 5537 mortuos
2526 5496 2585 5537 se
2627 5478 2797 5536 fuisse
2845 5478 3087 5551 judicare
3127 5484 3390 5549 possent:
3440 5489 3570 5531 nam

381 5640 465 5714 (1)
496 5639 631 5697 Vide
658 5642 950 5703 Baronium
987 5649 1039 5704 in
1100 5652 1242 5709 notis
1286 5652 1353 5708 ad
1405 5652 1840 5725 Martyrologium
1879 5656 1982 5711 hoc
2008 5655 2116 5710 dic.

420 5802 438 5834 ¹
481 5800 640 5860 Joan.
675 5821 725 5874 v,
750 5802 838 5861 26.

980 5808 997 5838 ’
1031 5806 1259 5871 Deut”.
1291 5815 1341 5868 Ζ.
1379 5817 1394 5843 ³
1438 5814 1628 5874 Ezerh.
1690 5831 1890 5873 xxxvii,
1922 5813 2010 5867 4‘2.
