4188 6310
777 341 881 404 439

2088 347 2367 407 MENSIS
2401 348 2693 409 JULIUS.
3898 350 3982 417 440

778 462 834 508 et
865 466 1040 510 vestes
1079 458 1212 511 tales
1241 468 1417 522 erant,
1450 460 1636 528 quales
1660 471 1715 512 et
1746 468 1928 521 antea,
1964 474 2121 528 quam
2171 462 2339 516 obiis-

2449 462 2637 532 ἱμάτια
2659 463 2839 515 αὐτῶν
2869 462 3061 534 ὥσπερ
3088 459 3229 533 ἦσαν
3246 460 3588 534 ἐνδεδυμένοι
3636 465 3742 536 πρὸ
3766 465 3858 519 τοῦ
3896 467 3979 520 αὒ-

776 552 900 602 sent
921 561 936 599 :
961 560 1189 615 corpora
1220 546 1380 601 etiam
1417 549 1533 617 ipsa
1562 547 1846 611 ﬂorebant,
1872 547 2196 603 hilaritatem
2228 562 2339 619 prae

775 650 835 688 se
863 632 1125 690 ferentia:
1154 635 1383 705 denique
1411 637 1544 691 tales
1564 645 1740 701 erant,
1769 647 1829 692 ιιι
1854 638 1897 691 si
1926 637 2097 707 pridie
2127 637 2337 707 vesperi

773 744 1020 783 somnum
1063 729 1371 798 erupissent,
1410 738 1465 783 et
1510 728 1765 797 postridie
1820 743 1980 783 mane
2032 728 2336 799 experrecti

772 819 1022 874 fuissent.
1044 820 1233 875 Adhuc
1251 825 1400 876 etde
1432 820 1699 875 idolorum
1752 821 2136 891 superstitione
2186 821 2334 876 solli-

771 910 882 975 citi,
919 924 948 965 a
984 912 1146 966 Decio
1173 913 1498 983 imperatore
1538 928 1598 968 se
1644 912 1845 983 inquiri
1907 913 2329 967 existimabant:

769 998 838 1051 ob
876 997 1040 1065 idque
1108 998 1277 1052 multa
1330 1014 1459 1054 cura
1488 998 1689 1065 allecti,
1737 1000 2015 1056 vertebant
2048 1000 2232 1056 oculos
2265 1002 2330 1056 ad

767 1086 1085 1143 Jamblicum
1101 1097 1521 1157 procuratorem,
1553 1097 1607 1143 et
1621 1089 1689 1143 ab
1708 1102 1774 1143 eo
1803 1089 1985 1144 denuo
1999 1091 2327 1159 quaerebant,

768 1196 1012 1248 quianam
1037 1182 1206 1250 pridie
1228 1183 1437 1251 vesperi
1465 1182 1764 1237 audivisset
1781 1182 1847 1237 de
1868 1181 1996 1248 ipsis
2022 1182 2075 1236 in
2092 1183 2328 1240 civitate.

767 1272 977 1338 Quibus
1002 1272 1299 1330 Jamblicus
1342 1275 1647 1344 respondit:
1684 1273 2144 1341 Quemadmodum
2180 1275 2333 1330 vobis

765 1362 876 1417 dixi
912 1363 1026 1419 beri
1054 1363 1290 1433 vesperi,
1321 1372 1375 1418 et
1402 1378 1501 1418 nos
1533 1380 1636 1418 una
1677 1378 1799 1419 cum
1847 1362 2070 1433 reliquis
2122 1363 2331 1419 civibus

766 1453 979 1523 quaesiti
1006 1455 1228 1522 fuimus,
1259 1465 1318 1510 ut
1338 1454 1439 1510 diis
1484 1455 1888 1510 immolaremus
1930 1469 2111 1510 coram
2154 1455 2329 1525 impe-

769 1553 991 1601 ratore:
1050 1545 1144 1614 qui
1208 1545 1311 1601 nisi
1353 1546 1473 1615 ejus
1526 1546 1700 1616 jussui
1752 1545 2327 1615 obtemperaverimus,

2443 558 2570 617 τοῠς
2600 554 2933 625 κοιμηθῆναι
2964 555 3058 610 καὶ
3084 557 3411 623 ἀναστῆναι,
3439 554 3610 620 οὕτως
3646 552 3789 628 ἦσαν
3819 558 3981 613 ἐπάνω

2443 646 2640 701 αὐτῶν.
2659 648 2767 700 Καὶ
2797 648 2863 700 τὰ
2886 646 3113 714 σώματα
3144 647 3326 701 αὐτῶν
3348 643 3488 716 ἦσαν
3514 647 3648 719 ἀνθη
3659 648 3727 718 ρὰ
3750 650 3843 702 καὶ
3871 667 3981 717 pat-

2441 737 2543 806 δρὰ
2571 738 2668 790 καὶ
2704 735 2877 799 οὕτως
2903 732 3044 807 ἦσαν
3077 737 3151 800 ὡς
3194 734 3557 807 κοιμηθέντες
3606 738 3716 791 ἀπὸ
3763 739 3859 808 ὀψέ
3900 741 3981 793 καὶ

2441 828 2764 899 ἐγερθέντες
2806 828 3042 898 πρωῖας,
3072 827 3288 897 ἔχοντες
3332 828 3432 899 τὴν
3471 829 3731 898 φροντίδα
3772 829 3867 882 καὶ
3896 831 3980 900 τὴν
4024 839 4028 842 ’

2440 919 2618 990 λύπην
2639 922 2737 990 τῆς
2757 920 3226 989 είδωλολατρείας,
3246 916 3340 973 καῖ
3369 920 3676 989 ἐλογίζοντο
3703 922 3787 975 ὅτι
3812 922 3981 984 Δέκιος

2437 1011 2466 1064 ὁ
2492 1011 2744 1082 βασιλεὺς
2763 1010 3016 1082 ἐπιζητεῖ
3042 1007 3260 1075 αὐτούς.
3290 1011 3399 1066 Καὶ
3429 1013 3487 1065 ἐν
3526 1012 3706 1082 πολλῷ
3736 1013 3879 1083 φόνῳ
3903 1014 3982 1067 καὶ

2435 1105 2606 1174 ἀγῶνι
2633 1104 2899 1175 ὑπῆρχον,
2932 1103 3027 1157 καὶ
3049 1103 3354 1173 ἐπέϐλεψαν
3392 1105 3549 1175 πρὸς,
3574 1103 3878 1176 Ἰάμϐλιχον
3903 1105 3982 1159 τδν

2434 1197 2723 1266 οἰκονόμον
2758 1196 2939 1251 αὐτῶν
2965 1238 2979 1261 ,
3011 1198 3106 1249 καὶ
3137 1196 3507 1269 ἐπηρώτησαν
3535 1199 3698 1252 αὐτὸν
3726 1200 3861 1270 περὶ
3887 1198 3982 1252 τῶν

2437 1286 2782 1356 λαλουμένων
2804 1287 2901 1356 ὀψὲ
2927 1289 2984 1340 ἐν
3013 1289 3079 1357 τῇ
3106 1288 3293 1353 πόλει,
3319 1288 3413 1342 καὶ
3446 1282 3599 1341 εἶπεν
3638 1289 3821 1352 αὐτοῖς
3848 1289 3982 1358 Ἰάμ-

2435 1378 2642 1446 ϐλιχός,
2679 1377 2869 1447 ὥσπερ
2922 1380 3184 1449 προεῖπον
3218 1380 3366 1449 ὑμῖν,
3389 1380 3469 1432 ὅτι
3522 1380 3872 1449 ἐζητήθημεν
3896 1380 3983 1451 όψέ

2429 1469 2572 1540 μετὰ
2621 1469 2730 1523 τῶν
2782 1469 3221 1539 πολιτευομένων
3270 1471 3528 1525 ἐπιθύσαι
3575 1473 3687 1535 τοῖς
3746 1470 3978 1536 εἰδώλοις

2428 1561 2660 1614 ἐνώπιον
2691 1560 2784 1615 τοῦ
2824 1561 3108 1631 βασιλέως,
3146 1563 3241 1615 καὶ
3276 1562 3388 1615 ίδοῦ
3444 1563 3811 1633 ἐντεθύμηται
3848 1564 3982 1618 κακᾶ

768 1642 1032 1690 tormenta
1060 1649 1118 1690 se
1150 1636 1310 1691 nobis
1337 1636 1623 1691 allaturum
1652 1634 1953 1691 constituit.
1982 1633 2121 1702 Quid
2147 1644 2325 1692 autem

2430 1652 2560 1721 περὶ
2591 1652 2747 1722 ἡμῶν
2772 1668 2785 1683 ·
2824 1624 2876 1705 τί
2904 1624 3119 1723 ποιήσεί
3147 1652 3204 1705 δὲ
3231 1652 3330 1706 οὐκ
3362 1648 3500 1707 οἶδα.

764 1724 1007 1780 tacturus
1032 1726 1121 1789 sit,
1164 1725 1367 1780 nescio.

834 1811 972 1869 Xlll.
993 1812 1144 1870 Tunc
1161 1815 1440 1886 respondit
1458 1814 1852 1875 Maximilianus
1880 1818 1988 1892 (2):
2014 1817 2188 1891 Agite,
2222 1818 2329 1874 fra-

765 1916 898 1969 tres,
938 1908 1107 1977 parati
1132 1910 1299 1964 simus
1340 1909 1552 1979 prodire
1594 1911 1650 1965 in
1687 1922 2038 1981 conspectum
2092 1912 2328 1981 impera-

766 1998 897 2054 toris
924 1999 1065 2056 illius
1094 2000 1350 2055 terribilis
1375 2010 1430 2055 et
1475 2001 1588 2054 veri
1625 2002 1717 2056 Dei
1749 2002 1879 2057 Jesu
1895 2000 2120 2065 Christi,
2151 2017 2328 2072 neque

764 2090 1052 2145 timeamus
1078 2091 1358 2147 mortalem
1395 2091 1555 2146 istum
1611 2094 2017 2158 imperatorem.
2063 2093 2144 2149 Tu
2175 2110 2323 2160 vero,

761 2182 1061 2247 Jatnblice.
1126 2184 1194 2240 da
1262 2200 1483 2256 operam
1549 2195 1610 2241 ut
1659 2198 1881 2257 paretur
1943 2188 2101 2243 nobis
2173 2189 2327 2243 cibus

760 2275 829 2331 ad
861 2272 1047 2331 horam
1082 2279 1456 2334 constitutam.
1493 2279 1688 2348 Accipe
1717 2288 2021 2349 argentum,
2047 2280 2327 2351 ingredere

763 2367 816 2421 in
849 2369 1055 2433 urbem,
1091 2384 1211 2424 eme
1246 2384 1412 2440 panes
1447 2370 1681 2425 multos:
1727 2370 1886 2440 pauci
1923 2369 2069 2425 enim
2112 2370 2329 2425 fuerunt

760 2471 901 2527 quos
934 2458 1050 2513 beri
1113 2460 1321 2529 vesperi
1379 2460 1631 2525 attulisti,
1690 2461 1761 2515 ob
1817 2461 1979 2530 idque
2034 2460 2324 2517 esurimus.

760 2546 961 2605 Eadem
1002 2566 1165 2620 Opera
1223 2553 1425 2629 discas,
1490 2553 1619 2623 quid
1674 2553 1868 2609 Decius
1916 2556 2215 2625 imperator
2259 2558 2325 2610 de

758 2637 919 2696 nobis
950 2642 1223 2697 decernat.
1253 2642 1573 2714 Cogitabam
1594 2644 1737 2700 enim
1768 2660 1827 2701 se
1853 2654 2010 2699 nocte
2041 2644 2325 2716 superiore

758 2731 1035 2796 cubuisse,
1094 2743 1150 2789 et
1206 2735 1468 2805 postridie
1519 2752 1681 2791 mane
1736 2745 2082 2807 experrectos
2132 2736 2321 2791 fuisse.

760 2821 917 2881 Tunc
952 2825 1115 2896 igitur
1147 2827 1288 2885 bene
1310 2843 1469 2883 mane
1507 2825 2085 2896 surrexitJamblicus,
2121 2840 2177 2885 et
2234 2846 2324 2884 ar-

751 2926 977 2987 gentum
1003 2918 1315 2988 sumpsitex
1355 2920 1563 2987 loculis,
1606 2921 2059 2989 quemadmodum
2091 2936 2320 2977 consue-

756 3015 927 3062 verat.
963 3007 1090 3062 Erat
1112 3015 1293 3063 autem
1330 3020 1549 3065 moneta
1581 3011 1666 3064 illa
1698 3021 1881 3067 vetere
1902 3020 2031 3065 nota
2056 3011 2318 3081 impressa

754 3112 877 3168 quae
906 3098 1101 3167 partim
1131 3100 1513 3171 quadraginta,
1545 3102 1740 3171 partim
1765 3102 2043 3170 sexaginta
2067 3118 2318 3157 nummo-

757 3203 885 3270 rum.
910 3189 1083 3257 pretio
1117 3189 1457 3258 pendebatur
1488 3200 1729 3246 veterum
1761 3192 2150 3262 imperatorum
2180 3204 2317 3247 tem-

754 3272 997 3347 poribus,
1030 3294 1151 3341 cum
1191 3281 1361 3336 sancti
1394 3282 1489 3337 viri
1516 3281 1581 3336 dc
1619 3280 1816 3351 quibus
1848 3282 2010 3336 verba
2068 3279 2317 3347 faciams,

755 3368 905 3439 prius
971 3371 1244 3427 vivebant.
1308 3370 1690 3428 Prxterierant
1742 3382 1920 3426 autem
1980 3372 2209 3425 trecenti
2266 3382 2321 3425 et

753 3462 1091 3531 septuaginta
1155 3463 1280 3515 anni
1333 3480 1396 3516 ex
1451 3479 1557 3532 quo
1604 3463 1936 3519 dormierant
2012 3477 2184 3530 usque
2253 3460 2319 3516 ad

755 3552 896 3609 diem
930 3568 1036 3624 quo
1064 3566 1500 3610 rcsurrexerunt.

827 3740 979 3796 XIV.
1014 3738 1148 3793 Cum
1184 3738 1343 3808 igitur
1394 3738 1679 3803 illuxisset,
1734 3739 1866 3794 exiit
1909 3738 2199 3796 Jatnblicus
2250 3757 2312 3795 ex

757 3835 1035 3904 spelunca,
1069 3842 1123 3888 et
1156 3832 1289 3891 vidit
1312 3833 1519 3903 lapides
1552 3844 1677 3887 ante
1721 3834 2032 3903 speluncam
2084 3834 2311 3905 positos,

752 3938 913 3998 atque
935 3928 1241 3997 obstupuit:
1302 3927 1436 3980 nihil
1464 3926 1609 3981 enim
1643 3922 1711 3981 de
1744 3925 2014 3998 lapidibus
2068 3926 2173 3982 illis
2224 3943 2339 3983 co--

751 4029 1031 4091 gnovemt.
1080 4018 1419 4075 Descendens
1477 4029 1659 4074 autem
1705 4020 1773 4075 de
1823 4030 2027 4087 monte,
2092 4020 2319 4075 timebat

752 4110 1119 4168 deambulare.
1145 4110 1328 4181 Itaque
1354 4111 1406 4164 in
1440 4111 1525 4165 via
1554 4120 1701 4165 totus
1722 4110 2044 4180 trepidabat,
2069 4121 2317 4165 metuens

761 4205 821 4259 in
852 4205 1039 4259 urbem
1074 4205 1308 4275 ingredi,
1333 4219 1400 4260 ne
1420 4220 1528 4275 quo
1553 4204 1713 4260 modo
1743 4212 2148 4273 agnosceretur,
2172 4214 2225 4259 et
2245 4200 2315 4258 ad

2499 1818 2595 1871 II".
2618 1816 2749 1871 Τότε
2766 1818 3038 1888 ἀπεκρίθη
3054 1816 3480 1888 Μαξιμιλλιανὸς
3502 1818 3595 1872 καὶ
3619 1813 3772 1871 εἶπεν
3786 1815 3981 1881 αὐτοῖς·

2432 1910 2697 1977 Ἀδελφοί,
2763 1910 2993 1977 ἐτοίμως
3031 1909 3226 1980 ἔχομεν
3262 1910 3602 1979 παραστῆναι
3634 1908 3867 1963 ἐνώπιον
3897 1909 3982 1962 τοῦ

2432 2001 2696 2071 βασιλέως
2729 2000 2936 2053 ἐκείνου
2963 1999 3058 2053 τοῦ
3112 1999 3343 2069 φοϐεροῦ
3371 2000 3463 2053 καὶ
3489 2000 3719 2070 φρικτοῢ
3751 1999 3982 2070 Χριστοῦ

2425 2094 2519 2147 τοῦ
2559 2091 2816 2162 ἀληθινοῦ
2850 2092 2983 2145 Θεοῦ
3014 2092 3197 2162 ἡμῶν,
3249 2093 3345 2145 καὶ
3381 2091 3457 2162 μὴ
3487 2091 3855 2161 δειλιάσωμεν
3885 2095 3984 2146 ἀπὸ

2426 2185 2518 2237 τοῦ
2548 2184 2787 2254 φθαρτοῦ
2831 2185 3024 2237 τούτου
3088 2185 3352 2253 βασιλέως
3390 2202 3403 2216 ·
3437 2181 3592 2237 εἶπεν
3628 2183 3685 2237 δὲ
3727 2185 3824 2238 καλ⁸
3860 2184 3985 2253 πρὸς

2440 2276 2741 2344 Ἰάμϐλιχον
2771 2275 2915 2337 ὅπως
2946 2277 3225 2343 ἑτοιμάσει
3261 2276 3441 2337 αὐτοῖς
3466 2275 3563 2344 τὴν
3584 2276 3793 2344 τροφὴν
3819 2275 3987 2329 αὐτῶν

2426 2360 2506 2430 είς
2536 2368 2634 2437 τὴν
2655 2366 2971 2438 ὡρισμένην
3014 2366 3185 2439 ὤραν,
3217 2369 3310 2420 καὶ
3335 2362 3506 2419 εἶπεν·
3546 2365 3692 2419 Λάϐε
3726 2366 3987 2436 ἀργύριον

2425 2462 2483 2514 ἐν
2530 2463 2648 2524 ταῖς
2706 2460 2862 2531 χερσί
2916 2478 3007 2513 σου
3079 2460 3173 2512 καὶ
3222 2458 3430 2512 εἴσελθε
3476 2457 3556 2521 είς
3583 2456 3683 2529 τὴν
3715 2458 3876 2510 πόλιν
3905 2456 3988 2509 καὶ

2424 2554 2694 2626 ἀγόρασον
2748 2552 3044 2623 περισσοὺς
3094 2549 3317 2623 ἄρτους,
3368 2552 3450 2605 ὅτι
3501 2550 3671 2620 ὀλίγοι
3737 2545 3879 2621 ἦσαν
3904 2549 3989 2613 οὓς

2424 2641 2663 2716 ἤνεγκας
2693 2645 2951 2713 ἑσπέρας,
2982 2646 3076 2697 καὶ
3131 2644 3239 2697 ίδοὺ
3282 2642 3583 2710 πεινῶμεν,
3632 2643 3729 2695 καὶ
3765 2642 3907 2712 μάθε
3942 2642 3989 2693 τί

2423 2734 2730 2789 ἐντέλλεται
2770 2735 2898 2805 περὶ
2927 2733 3082 2804 ἡμῶν
3106 2735 3294 2796 Δέκιος
3336 2735 3363 2786 ὁ
3397 2733 3671 2804 βασιλεὺς,
3702 2730 3850 2785 οὕτω
3888 2734 3991 2800 γὰρ

2422 2825 2669 2895 ἐνόμιζον
2705 2826 2786 2878 ὅτι
2847 2825 2947 2895 τὴν
3003 2825 3171 2879 νύκτα
3205 2826 3420 2896 ἐκείνην
3468 2823 3852 2895 ἐκοιμήθησαν
3901 2824 3993 2876 καὶ

2422 2915 2742 2984 ἀνέστησαν.
2777 2916 2980 2968 Ἐωθεν
3005 2914 3059 2967 δὲ
3089 2916 3324 2979 ἀναστὰς
3365 2915 3671 2985 Ἰἀμὸλιτχος
3698 2915 3898 2969 ἐλαϐεν
3934 2914 3993 2967 τὺ

2424 3005 2687 3075 ἀργύριον
2729 3006 2793 3056 ἐκ
2839 3006 2945 3056 τῶν
2996 3003 3301 3073 βαλαντίων
3341 3006 3543 3072 αὐτῶν,
3576 3005 3763 3067 καθὼς
3799 3006 3993 3060 εἴωθεν

2422 3097 2529 3149 ἀπὸ
2558 3097 2656 3166 τῆς
2695 3098 2916 3165 μονίτας
2946 3096 3044 3167 τῆς
3079 3099 3551 3167 μεμονετευμένης
3574 3100 3993 3167 τεσσαράκοντα

2421 3188 2675 3257 νουμίων,
2715 3187 2932 3257 καὶτῆς
2978 3188 3145 3256 ἄλλης
3180 3189 3401 3256 μονίτας
3430 3188 3696 3257 ἐξήκοντα
3749 3188 3994 3256 νουμίων

2418 3282 2516 3350 τῆς
2546 3277 2712 3349 οὔσης
2748 3280 2807 3331 ἐν
2839 3281 2956 3341 ταῖς
3019 3278 3254 3348 ἡμέραις
3305 3279 3415 3331 τῶν
3438 3278 3684 3348 ἀρχαίων
3723 3279 3990 3349 βασιλέων

2419 3369 2525 3420 τῶν
2558 3368 2726 3422 ὄντων
2756 3370 2813 3421 ἐν
2843 3372 2952 3433 τοῖς
3000 3370 3214 3440 χρόνοις
3268 3370 3382 3425 τῶν
3440 3371 3611 3440 ἁγίων
3652 3372 3865 3426 τούτων
3912 3374 3991 3426 ὅτι

2419 3459 2475 3511 ἐν
2529 3459 2673 3531 αὑτῷ
2730 3461 2807 3533 τῷ
2862 3462 3040 3533 καιρῷ
3091 3462 3303 3533 ἐφάνη,
3351 3461 3444 3515 καὶ
3498 3459 3645 3532 εἶχον
3696 3464 3991 3534 τριακόσια

2419 3555 2787 3628 ἐόδομήκοντα
2845 3556 2938 3610 δύο
2972 3560 3063 3628 ἐτη
3096 3558 3198 3620 ἓως
3249 3558 3367 3610 ὅτου
3436 3556 3843 3627 ἐξυπνίσθησαν
3898 3559 3992 3609 καὶ

2419 3650 2722 3716 ἀνέστησαν
2751 3651 2796 3701 oi
2828 3647 2974 3715 ἅγιοι
3000 3649 3209 3710 παῖδες.

2491 3738 2590 3794 1Δ’.
2620 3740 2748 3793 Ὅτε
2778 3740 2830 3793 δὲ
2866 3742 3082 3808 ἐγένετο
3110 3739 3294 3810 ἡμέρα
3320 3738 3542 3810 ἐξῆλθεν
3581 3738 3898 3811 Ἰἀμόλιχος
3928 3740 3992 3793 ἐκ

2420 3832 2508 3888 τοῦ
2534 3832 2796 3904 σπηλαίου
2824 3833 2915 3887 καὶ
2940 3830 3073 3886 εἶδεν
3093 3834 3218 3896 τοὺς
3239 3826 3416 3896 λίθους
3430 3834 3721 3902 κειμένους
3747 3834 3993 3903 ἔμπροσ-

2418 3926 2507 3979 θεν
2540 3924 2633 3979 τοῦ
2672 3925 2934 3995 σπηλαίου
2964 3926 3057 3977 καὶ
3085 3923 3383 3991 ἐξεπλάγη,
3416 3923 3566 3975 οὐδὲν
3586 3924 3694 3993 γὰρ
3713 3917 3992 3991 ἐγίνωσκε

2419 4019 2543 4088 περί
2573 4018 2773 4083 αὐτῶν,
2808 4015 3075 4086 κατῆλθεν
3091 4014 3147 4068 δὲ
3174 4014 3280 4068 ἀπὸ
3307 4016 3400 4067 τοῦ
3424 4014 3584 4085 ὄρους
3613 4016 3710 4069 καὶ
3738 4016 3992 4082 ἐφοϐεῖτο

2420 4109 2743 4177 περιπατεῖν
2789 4109 2846 4161 ἐν
2874 4110 2938 4180 τῇ
2993 4108 3097 4179 ὁδῷ
3149 4107 3246 4161 τοῦ
3300 4108 3563 4161 εἰσελθεῖν
3618 4110 3675 4159 ἐν
3704 4111 3771 4177 τῇ
3816 4108 3991 4167 πόλει,

2418 4199 2664 4269 ἐφοϐεῖτο
2681 4201 2786 4271 γὰρ
2820 4202 2893 4271 μή
2927 4218 3043 4261 πως
3076 4199 3296 4269 γνωσθῇ
3329 4200 3433 4251 ὑπό
3478 4216 3623 4263 τινος
3655 4200 3755 4252 καὶ
3812 4200 3995 4271 ἐμφα-

749 4295 1131 4365 imperatorem
1195 4294 1415 4351 Decium
1478 4296 1690 4353 vinctus
1746 4297 2066 4363 duceretur;
2116 4297 2314 4367 quippe

2420 4296 2539 4365 νίση
2597 4295 2724 4364 περὶ
2773 4291 2961 4356 αὐτοῦ,
2999 4291 3093 4346 καὶ
3146 4292 3510 4361 κατασχόντες
3558 4292 3993 4362 παραδώσουσιν

752 4387 1034 4459 ignorabat
1084 4388 1202 4459 ejus
1261 4389 1473 4459 tyranni
1519 4404 1641 4444 ossa
1694 4390 1750 4444 in
1776 4389 2026 4459 sepulcro
2078 4389 2318 4457 putrefa-

747 4491 836 4535 cta
865 4496 1006 4537 esse.
1031 4480 1163 4535 Cum
1195 4497 1325 4535 vero
1354 4482 1408 4535 in
1442 4482 1628 4537 urbem
1660 4482 2048 4553 ingrederetur,
2077 4489 2130 4536 et
2153 4495 2317 4537 vene-

750 4571 932 4626 randa:
972 4572 1148 4627 crucis
1190 4572 1402 4643 signum
1464 4584 1585 4628 ante
1637 4573 1786 4627 urbis
1841 4583 2020 4644 portas
2074 4584 2313 4629 erectum

752 4646 992 4724 vidisset,
1051 4665 1129 4717 sic
1190 4664 1489 4732 obstupuit,
1529 4672 1582 4718 ut
1613 4679 1641 4718 a
1674 4673 1853 4719 mente
1878 4666 1988 4720 fere
2020 4665 2309 4721 exciderit:

752 4765 915 4825 atque
973 4756 1027 4810 in
1084 4770 1463 4826 quamcunque
1528 4764 1733 4826 partem
1790 4756 1982 4811 oculos
2035 4758 2308 4822 vertisset,

754 4860 936 4900 rerum
990 4851 1231 4903 novitate
1292 4848 1590 4917 perculsus,
1638 4848 1809 4918 magis
1876 4847 2310 4916 obstupesocbat.

750 4937 1080 4992 Accessitad
1110 4938 1267 4991 aliam
1311 4940 1459 4992 urbis
1487 4948 1718 5007 portam,
1753 4948 1807 4990 et
1835 4932 1940 4990 illic
1976 4937 2135 4991 etiam
2188 4953 2313 4990 cru-

751 5044 866 5083 cem
914 5032 1081 5098 ipsam
1149 5044 1327 5099 suma
1363 5044 1546 5084 muros
1595 5036 1828 5083 erectam
1874 5027 2025 5083 vidit.
2068 5026 2312 5097 Cumque

752 5135 941 5173 omnes
969 5129 1151 5190 portas
1192 5122 1436 5184 obiisset,
1492 5122 1809 5177 venerandae
1855 5123 2032 5177 crucis
2086 5121 2308 5192 ﬁguram

749 5212 1033 5279 aspiciens,
1066 5228 1177 5283 prie
1207 5223 1425 5283 stupore
1476 5222 1659 5268 mutus
1729 5216 1900 5269 factus
1961 5223 2062 5268 est.
2121 5214 2307 5281 Itaque

748 5314 870 5353 cum
912 5300 977 5353 ad
1002 5304 1224 5370 primam
1276 5300 1419 5356 illam
1473 5313 1681 5371 portam
1730 5317 1788 5356 se
1845 5304 2181 5363 contulisset,
2236 5306 2309 5357 ita

746 5407 929 5445 secum
960 5391 1316 5462 loquebatur:
1346 5394 1600 5462 quidnam
1633 5394 1735 5447 hoc
1767 5394 1884 5447 est?
1928 5394 2057 5449 Heri
2096 5396 2306 5464 vesperi

750 5475 909 5550 bitjus
966 5484 1146 5540 crucis
1204 5483 1416 5555 signum
1476 5485 1529 5538 in
1594 5484 1830 5539 latibulis
1863 5486 2197 5550 servabatur,
2254 5495 2307 5539 et

747 5587 888 5627 nunc
917 5576 1174 5644 apertcin
1210 5576 1378 5646 ipsius
1419 5574 1567 5629 urbis
1614 5576 1817 5633 foribus
1876 5586 2113 5630 erectum
2154 5575 2302 5631 vide-

819 5761 891 5836 (2)
925 5762 1049 5818 Vide
1080 5761 1368 5818 Baronittm
1399 5762 1485 5819 ubi
1527 5776 1707 5833 supra.

2420 4388 2582 4438 αὐτὸν
2612 4386 2690 4453 τῷ
2739 4383 2964 4455 βασιλεῖ,
3014 4383 3108 4437 καὶ
3158 4385 3259 4437 οὐκ
3316 4385 3432 4454 ᾔδει
3461 4386 3541 4437 ὅτι
3567 4381 3714 4452 ἦσαν
3744 4385 3818 4436 τὰ
3860 4386 3997 4436 dati

2417 4480 2509 4534 τοῦ
2536 4479 2807 4552 τυράννου
2848 4481 2905 4534 ἐν
2954 4480 3032 4552 τῷ
3069 4481 3192 4551 ἆδῃ.
3228 4482 3338 4534 Καὶ
3372 4480 3458 4532 ὅτε
3490 4477 3737 4547 ἔφθασεν
3770 4478 3800 4531 ὁ
3838 4478 3998 4547 Ἰάμ-

2414 4576 2595 4645 ϐλιχός
2625 4575 2703 4638 είς
2724 4577 2823 4643 τὴν
2878 4573 3030 4626 πόλιν
3079 4573 3334 4636 ἀτενίσας
3366 4567 3505 4624 εἶδεν
3554 4573 3645 4624 τὸν
3684 4572 3865 4623 τύπον
3899 4572 3994 4621 τοῦ

2414 4666 2594 4734 τιμίου
2634 4663 2865 4731 σταυροῦ
2918 4661 3270 4730 πεπηγμένον
3326 4659 3467 4713 κατὰ
3519 4659 3627 4709 τῶν
3666 4658 3865 4711 πυλῶν
3896 4657 3997 4726 τῆς

2417 4754 2645 4817 πόλεως,
2676 4754 2767 4805 καὶ
2794 4752 2988 4817 ἐξέστη
3023 4751 3080 4802 ἐν
3114 4752 3177 4822 τῇ
3212 4750 3424 4820 διανοίᾳ
3451 4747 3641 4801 αὐτοῦ.
3709 4750 3825 4803 Καὶ
3863 4765 3995 4803 κατ-

2412 4845 2557 4897 ενόει
2585 4836 2683 4897 ὧδε
2704 4860 2797 4896 και
2822 4836 2921 4897 ὦδε
2942 4843 3031 4895 καὶ
3057 4841 3438 4910 ἐξεπλήττετο,
3481 4840 3687 4910 ὁμοίως
3718 4841 3779 4893 δὲ
3822 4843 4000 4894 ἀπελ-

2414 4938 2523 4991 θὼν
2551 4936 2644 4991 καὶ
2667 4940 2746 4998 εἰς
2769 4937 2867 5007 τὴν
2898 4934 3067 5004 ἄλλην
3098 4934 3275 5004 πύλην
3298 4934 3395 5003 τῆς
3422 4932 3651 4997 πόλεως,
3698 4930 3851 4986 εἶδεν
3893 4935 4001 4983 xi;-

2413 5032 2563 5081 κεῖσε
2601 5027 2832 5097 σταυρὸν
2863 5024 3216 5095 πεπηγμένον
3268 5026 3450 5079 ἐπάνω
3478 5026 3647 5094 αὐτῆς
3679 5025 3779 5075 καὶ
3829 5024 4001 5077 ἐθαύ-

2415 5122 2605 5191 μαζον,
2638 5121 2730 5173 καὶ
2757 5118 3061 5190 περιελθὼν
3092 5117 3217 5181 ὅλας
3241 5120 3340 5197 1};
3370 5117 3566 5181 πύλας,
3623 5110 3794 5182 εὗρεν
3838 5111 4002 5179 οὗτος

2411 5217 2501 5267 τὸν
2549 5214 2717 5266 τύπον
2762 5212 2856 5264 τοῦ
2913 5213 3097 5281 τιμίου
3152 5211 3413 5279 σταυροῦ,
3470 5210 3563 5261 καὶ
3614 5209 3814 5263 ἵστατο
3848 5210 4002 5269 ἐνεὶς

2409 5304 2845 5374 ἐκπληττόμενος
2888 5302 2980 5356 ἐπὶ
3000 5302 3231 5365 τούτοιςο
3276 5303 3403 5353 Ὅτε
3428 5298 3520 5352 οὖν
3554 5293 3726 5371 ἦλθεν
3760 5295 3863 5351 ἐπὶ
3894 5300 4003 5368 τὴν

2408 5383 3019 5464 πρώτην,’διελογίζετο
3056 5396 3114 5447 ἐν
3159 5391 3355 5459 ἐαυτῷ,
3386 5390 3479 5445 καὶ
3509 5390 3702 5458 ἔλεγεν
3730 5407 3743 5419 °
3783 5391 3855 5444 Τί
3890 5390 4006 5459 ἄρα

2406 5488 2523 5539 ἐστι
2553 5488 2708 5540 τοῦτο
2736 5486 2796 5561 τό
2859 5488 3083 5558 σημεῖον
3135 5483 3228 5537 τοῦ
3262 5482 3495 5555 σταυροῦ
3532 5484 3617 5535 ὅτι
3650 5484 3909 5553 ἑσπέρας
3942 5476 4004 5529 ὲὺ

2408 5577 2483 5649 τῷ
2512 5577 2737 5650 κρυπτῷ
2770 5574 2865 5648 ἦν,
2924 5580 3016 5631 καὶ
3047 5575 3139 5632 νῦν
3191 5576 3603 5647 πεφανέρωται,
3648 5577 3795 5647 μετὰ
3854 5569 4007 5638 παῤ·
