4188 6310
219 379 320 443 441

1302 388 1396 447 DE
1435 387 1736 449 SEPTEM
1777 386 2379 449 DOR-MIENTIBUS.

3344 382 3447 445 442

206 494 405 566 ρησίας
443 492 537 549 ἐπὶ
563 493 673 548 τῶν
696 493 883 550 πυλῶν
907 497 1006 567 τῆς
1048 496 1279 563 πόλεως,
1312 500 1497 566 ἔλεγεν
1532 499 1590 552 δὲ
1621 500 1678 552 ἐν
1705 501 1764 568 τῇ

1877 512 2016 551 mus.
2059 496 2265 553 Verene
2304 500 2405 553 hoc
2429 498 2607 560 video,
2628 511 2695 550 an
2722 495 2919 565 spcctri
2944 495 3171 563 alicujus
3197 494 3448 549 illusinue

203 582 415 655 διανοίᾳ
450 582 625 637 αὐτοῦ
690 584 823 655 μήτι
878 585 1066 657 ὃραμά
1108 588 1226 639 ἐστι
1285 586 1479 655 τοῦτο;
1516 589 1669 642 Μετὰ
1722 589 1779 641 δέ

202 672 380 728 ταῦτα
412 673 592 727 λαϐὼν
622 673 823 746 θάρσος
848 677 1125 730 ἐσκέπασε
1155 676 1255 749 τὴν
1304 678 1552 749 κεφαλὴν
1609 680 1778 733 αὐτοῦ

202 765 301 818 καὶ
329 756 581 835 εἰσῆλθεν
629 768 712 831 είς
769 769 868 837 τήν
923 769 1101 835 πόλιν,
1158 770 1253 823 καὶ
1304 771 1507 841 ἤκουσε
1566 771 1779 824 πολλῶν

201 858 478 927 λεγόντων
514 858 610 912 καὶ
633 860 945 930 όμνυόντων
977 862 1036 914 ἐν
1068 860 1145 937 τῷ
1173 862 1399 932 ὀνόματι
1439 863 1534 916 τοῦ
1569 863 1776 936 Κυρίου

200 951 364 1019 ⁴ἡμῶν
402 951 578 1020 Ἰησοῦ
626 950 886 1020 Χριστοῦ,
923 951 1019 1005 καὶ
1051 952 1148 1008 νῦν
1196 954 1405 1023 ἑκάστη
1435 953 1659 1023 γλῶσσα
1689 973 1778 1009 τε-

199 1042 479 1110 τράνωται
505 1044 564 1095 ἐν
593 1042 766 1111 αὐτῷ,
787 1043 955 1097 πάλιν
983 1045 1040 1098 δὲ
1070 1045 1257 1114 ἔλεγεν
1290 1047 1347 1099 ἐν
1391 1045 1595 1115 ἐαυτῷ,
1632 1046 1773 1115 τάχα

198 1132 306 1185 οὐκ
332 1132 483 1187 ἐστιν
523 1132 660 1203 αὕτη
704 1134 739 1194 ἡ
774 1135 930 1198 πόλις
967 1137 1202 1204 Ἔφεσος
1225 1138 1367 1191 διατί
1391 1138 1459 1191 τὰ
1502 1136 1778 1207 οἰκήματα

198 1224 379 1293 αὐτῆς
415 1226 563 1277 ἐστὶν
623 1224 1028 1296 ἐνηλλαγμένα,
1072 1229 1168 1281 καὶ
1209 1230 1241 1297 ή
1284 1227 1565 1289 διάλεκτος
1607 1228 1777 1296 αὐτῆς

194 1315 553 1385 δεδιδαγμὲνη
579 1315 637 1367 ἐν
666 1315 743 1385 τῷ
773 1317 1014 1387 Χριστῷ,
1047 1320 1143 1371 καὶ
1172 1319 1342 1386 ἄλλην
1360 1319 1516 1372 πόλιν
1531 1319 1630 1371 οὐκ
1659 1314 1777 1371 οἶδα

194 1406 352 1475 εἰμὴ
399 1406 605 1477 ταύτην
644 1409 839 1480 μόνην.
900 1411 1013 1463 Καὶ
1075 1411 1530 1481 περιερχόμενος,
1587 1409 1774 1482 ἠρώτα

191 1496 324 1549 τινα
375 1498 484 1551 τῶν
541 1499 783 1553 πολιτῶν
839 1501 1037 1569 λέγων,
1092 1503 1209 1571 πῶς
1270 1504 1578 1573 καλεῖταιή
1621 1502 1777 1565 πόλις

190 1590 341 1659 αὕτη
369 1608 380 1620 ·
410 1593 439 1643 ό
466 1591 523 1644 δὲ
556 1588 710 1646 εἶπεν
738 1609 753 1624 ·
788 1594 934 1664 Αὕτη
993 1596 1230 1665 Ἔφεσός
1283 1597 1399 1649 ἐστι
1437 1611 1451 1626 ⁶
1489 1595 1581 1648 καὶ
1623 1592 1775 1648 εἶπεν

206 1681 518 1750 Ἰἀμϐλιχος
553 1686 680 1752 παρ’
703 1683 881 1752 ὀλίγον
921 1686 1063 1755 Ἐγὼ
1092 1687 1437 1755 ἐπελαθόμην
1485 1687 1579 1738 καὶ
1608 1686 1773 1738 ἐπλα-

191 1772 375 1841 νήθην
408 1777 464 1826 ἐν
497 1773 576 1844 τῷ
623 1776 706 1827 νοῒ
752 1793 878 1843 μου,
923 1777 1038 1828 ἀλλ’
1071 1776 1274 1840 ἐξέλθω
1326 1779 1390 1829 ἐκ
1417 1775 1515 1843 τῆς
1562 1776 1773 1840 πόλεως

191 1863 411 1934 ταύτης
445 1866 518 1933 μή
563 1882 677 1927 πως
710 1866 990 1936 πλανηθῶ.

1879 586 2157 656 decipior?
2187 588 2321 643 Cum
2359 589 2473 642 haec
2511 588 2737 651 diceret,
2778 594 2834 641 et
2862 587 3038 641 crucis
3064 586 3288 657 tiguram
3324 584 3450 638 ubi-

1878 693 1983 748 que
2038 679 2198 732 ﬂxam
2246 678 2474 743 videret,
2505 679 2687 732 animo
2714 679 2883 747 magis
2911 676 3248 740 conﬁrmato;
3278 676 3328 728 in
3360 692 3450 729 ur-

1878 770 1999 824 bem
2032 783 2216 838 aperto
2256 770 2430 838 capite
2463 769 2737 839 ingressus
2765 778 2868 823 est.
2936 767 3180 837 Cumque
3240 768 3449 837 longius

1879 862 2523 934 progrederetur,audivit
2543 862 2739 916 multos
2759 878 2853 933 per
2876 860 3004 917 Jesu
3023 862 3222 915 Christi
3238 876 3444 915 nomen

1875 955 2079 1025 jurare.
2116 954 2293 1018 Quare
2352 951 2518 1022 magis
2570 952 2893 1021 perculsus:
2950 951 3089 1017 Quid
3144 953 3259 1005 brec
3314 954 3444 1013 sint,

1880 1044 2074 1114 inquit,
2111 1045 2321 1114 ignoro.
2356 1042 2483 1097 Heri
2524 1043 2733 1112 vesperi
2767 1058 2928 1099 nemo
2977 1043 3144 1097 libere
3164 1042 3444 1096 Christum

1878 1136 2209 1198 nominabat,
2238 1144 2295 1189 et
2327 1150 2475 1189 nunc
2509 1144 2614 1189 tam
2640 1132 2823 1189 multis
2885 1134 3082 1205 linguis
3134 1132 3334 1188 Christi
3356 1150 3454 1186 no-

1878 1243 2005 1283 men
2031 1227 2371 1283 celebratur?
2398 1228 2605 1281 Rursus
2641 1241 2822 1281 secum
2875 1226 3170 1295 ambigens,
3198 1226 3449 1279 dicebat:

1880 1316 2133 1373 Fortasse
2168 1316 2355 1372 urbem
2374 1317 2653 1387 Ephesum
2685 1333 2791 1371 non
2830 1316 3005 1375 video.
3037 1315 3295 1385 quoniam
3334 1314 3453 1383 eius

1879 1411 2104 1467 aediﬁcia
2133 1413 2359 1467 omnino
2380 1421 2583 1467 mutata
2618 1422 2765 1473 sunt,
2800 1420 2854 1465 et
2913 1410 3084 1479 ipsius
3116 1410 3317 1477 lingua,
3347 1408 3451 1461 alia

1883 1501 2126 1571 quaedam
2161 1511 2243 1555 est
2274 1501 2521 1555 Chistum
2567 1501 2791 1555 edocta:
2840 1498 2981 1567 quod
3050 1498 3100 1549 in
3147 1497 3291 1548 nulla
3347 1495 3448 1547 alia

1882 1595 2012 1648 urbe
2036 1594 2149 1647 lieri
2178 1594 2281 1648 vidi
2314 1594 2441 1657 ,nisi
2475 1594 2530 1648 in
2556 1593 2656 1646 hac
2699 1591 2831 1646 sola.
2881 1589 3204 1660 Progressus
3265 1587 3449 1656 igitur,

1874 1687 2118 1754 quzrsivit
2140 1701 2167 1740 a
2195 1686 2428 1755 quodam
2458 1685 2594 1757 cive,
2624 1700 2732 1753 quo
2769 1682 2985 1738 nomine
3014 1682 3139 1735 urbs
3171 1681 3257 1736 illa
3291 1698 3450 1735 voca-

1879 1790 2065 1834 retur:
2101 1778 2364 1847 Ephesus,
2395 1776 2569 1846 inquit
2598 1776 2707 1839 ille,
2738 1777 2847 1828 lucc
2881 1783 3128 1827 vocatur.
3189 1771 3304 1825 Non
3359 1787 3471 1825 cre-

1816 1862 1856 1917 Β
1887 1870 2024 1924 didit
2074 1869 2391 1933 Jamblicus,
2452 1868 2545 1924 sed
2607 1882 2789 1922 secum
2837 1867 3111 1935 cogitans:
3163 1863 3449 1930 Deceptus,

187 1955 392 2022 inquit,
420 1967 568 2008 certe
593 1968 735 2019 sum,
770 1954 1014 2010 locorum
1045 1955 1264 2021 oblitus,
1325 1963 1544 2025 totaque
1594 1965 1775 2011 mente
1831 1958 2106 2013 uberi-aus.
2157 1956 2474 2012 Exeundum
2513 1958 2675 2027 igitur
2730 1956 2861 2011 mihi
2912 1962 2996 2010 est
3037 1970 3105 2010 ex
3158 1954 3257 2009 bac
3294 1954 3446 2017 urbe,

187 2065 263 2103 ne
296 2047 463 2117 magis
486 2064 685 2103 errem.

268 2136 372 2191 IE'.
403 2139 492 2202 Ὠς
528 2138 621 2192 οὖν
644 2141 702 2192 ἐν
734 2139 915 2211 πολλῷ
944 2140 1096 2210 φόϐῳ
1124 2141 1218 2196 καὶ
1251 2141 1462 2213 ἀγωνία
1480 2136 1570 2213 ἦν,
1600 2143 1778 2213 βουλό-

190 2247 359 2303 μενος
410 2230 645 2295 ἐξελθεῖν
676 2232 739 2285 ἐκ
761 2233 861 2303 τῆς
888 2234 1123 2298 πόλεως,
1167 2230 1443 2306 προσῆλθε
1485 2236 1621 2306 πρὸς
1649 2236 1776 2300 τοὺς

185 2324 613 2395 πιπράσκοντας
665 2325 792 2388 τοὺς
848 2324 1048 2396 ἄρτους
1073 2326 1366 2395 ἀγοράσᾶι,
1399 2326 1494 2379 καὶ
1528 2326 1779 2380 ἐκϐαλὼν

186 2416 485 2486 ἀργύριον,
546 2416 745 2468 ἔδωκεν
801 2416 988 2476 αὐτοῖς
1032 2428 1047 2444 ·
1080 2416 1236 2468 αὐτοὶ
1269 2418 1324 2469 δὲ
1367 2416 1629 2480 λαϐόντες
1680 2436 1781 2492 και

186 2509 397 2572 ἰδόντες
422 2508 520 2576 τὴν
553 2506 776 2577 μονίταν
793 2507 875 2559 ὅτι
911 2507 1125 2575 μεγάλη
1146 2502 1213 2571 ἦν
1245 2506 1339 2559 καὶ
1366 2507 1762 2577 ἐνηλλαγμένη,

180 2600 511 2668 ἐθαύμασαν
534 2598 630 2651 καὶ
646 2597 895 2667 ἀλλήλοις
910 2598 1259 2652 ἐπεδείκνυον
1291 2598 1481 2669 αὐτὴν,
1504 2600 1599 2651 καὶ
1621 2614 1763 2667 παρ-

182 2690 323 2760 ῆλθε
358 2690 446 2743 διὰ
475 2688 666 2742 πασῶν
693 2691 801 2743 τῶν
817 2690 1096 2761 καθεδρῶν
1133 2691 1242 2745 τῶν
1277 2690 1604 2744 πωλούντων
1634 2689 1762 2754 τοὺς

176 2784 412 2853 ἄρτους,
441 2783 535 2836 καὶ
567 2781 890 2851 ἐψιθύριζον
930 2783 1051 2850 μετ’
1082 2783 1331 2855 ἀλλήλων
1379 2784 1474 2837 καὶ
1528 2783 1763 2837 ἔϐλεπον

179 2879 262 2939 εἰς
284 2876 379 2929 τὸν
426 2875 731 2943 Ἰάμϐλιχον
752 2875 845 2926 καὶ
874 2869 1055 2927 εἷπον·
1085 2870 1252 2937 Οὗτος
1286 2874 1558 2944 θησαυρὸν
1578 2869 1756 2942 εὗρεν,

177 2968 281 3020 καὶ
338 2966 454 3019 ἐστι
507 2966 720 3019 πολλῶν
777 2965 935 3022 ἐτῶν.
986 2966 1042 3019 ’0
1078 2966 1133 3019 δὲ
1176 2966 1505 3036 ·Ἰάμ6λιχος
1544 2965 1759 3034 βλέπων

176 3063 310 3120 τους
364 3058 729 3127 προσέχοντας
800 3056 950 3126 αὑτῷ
1002 3056 1410 3127 ψιθυρίζοντας,
1465 3056 1708 3126 ἐφοϐήθη
1739 3072 1753 3088 ο

175 3151 409 3219 ἐνόμιζε
454 3149 566 3221 γὰρ
615 3151 697 3203 ὃτι
753 3147 1050 3220 ἐγνώριζον
1098 3150 1259 3204 αὑτὸν
1305 3150 1400 3203 καὶ
1470 3147 1753 3218 βούλονται

176 3240 521 3311 παραδοῦναι
550 3242 711 3295 αὐτὸν
733 3243 908 3315 Δεκίῳ
928 3243 1004 3313 τῷ
1033 3243 1261 3314 βασιλεῖ,
1297 3241 1482 3295 πολλοὶ
1504 3242 1561 3295 δὲ
1582 3258 1758 3313 προσ·

176 3337 420 3407 ήρχοντο
441 3335 801 3404 ἐμϐλέποντες
835 3338 915 3400 εἰς
942 3337 999 3389 τὸ
1040 3338 1332 3405 πρόσωπον
1359 3336 1544 3402 αὑτοῦ,
1573 3336 1667 3389 καὶ
1687 3336 1761 3399 ὡς

174 3428 406 3478 ἵσταντο
450 3425 779 3493 κατέχοντες
836 3427 1000 3478 αὑτὸν
1050 3430 1108 3479 ἐν
1173 3428 1323 3493 μέσῳ
1368 3428 1471 3494 τῆς
1524 3427 1757 3495 ἀγορᾶς,

174 3516 526 3586 συνέδραμεν
583 3516 735 3586 ὄχλος
773 3516 942 3581 πολὺς
988 3518 1084 3571 καὶ
1107 3515 1559 3588 ἐξῆλθενὸλόγος
1607 3511 1761 3578 οὗτος

174 3603 328 3657 κατὰ
380 3605 557 3658 πᾶσαν
609 3604 706 3675 τὴν
730 3604 887 3659 πόλιν
914 3605 1179 3676 λεγόντων
1214 3606 1295 3660 ὅτι
1332 3606 1653 3677 Κατεσχέθη
1678 3624 1757 3671 τις

173 3696 406 3758 νεανίας
445 3696 622 3769 εὑρὼν
670 3699 967 3769 θησαυρόν.
1027 3701 1137 3752 Καὶ
1184 3699 1760 3770 συνήχθησανςέπάνω

171 3790 352 3843 αὐτοῦ
394 3789 551 3860 ὄχλος
598 3793 765 3855 πολὺς
813 3793 1111 3861 φάσκοντες
1138 3808 1150 3822 ·
1206 3788 1376 3853 Οὗτος
1410 3793 1439 3843 ό
1471 3791 1758 3862 ἄνθρωπος

172 3880 336 3951 ξένος
357 3884 497 3946 ἐστὶ,
530 3883 622 3935 καὶ
653 3882 915 3936 οὐδέποτε
942 3884 1124 3949 ἴδομεν
1160 3884 1343 3936 αὐτόν.
1373 3882 1482 3935 Καὶ
1511 3881 1758 3951 ητένιζον

172 3978 260 4037 εἰς
292 3975 358 4027 τὸ
400 3974 696 4043 πρόσωπον
745 3974 937 4030 αὐτοῦ.
1001 3976 1111 4029 Καὶ
1155 3973 1407 4027 ἐϐούλετο
1456 3973 1757 4045 Ἰάμϐλιχος

170 4066 578 4134 ἀπολογεῖσθαι
620 4066 807 4131 αὐτοῖς
852 4067 936 4121 ὅτι
985 4067 1085 4137 οὐχ
1115 4064 1241 4137 εὗρε
1299 4066 1598 4139 θησαυρὸν,
1650 4068 1747 4119 καὶ

170 4161 285 4213 ὑπὸ
316 4159 415 4228 τῆς
465 4160 780 4229 ἐκπλήξεως
806 4161 1166 4231 συνεχόμενος
1193 4160 1291 4213 οὐκ
1330 4161 1519 4229 ἴσχυσε
1541 4174 1554 4188 ⁸
1583 4173 1754 4227 προσ-

168 4252 324 4319 έχων
375 4250 431 4304 δὲ
479 4251 837 4321 περιεσκόπει
889 4253 971 4313 εἰς
1011 4251 1104 4304 τὸν
1145 4251 1323 4320 ὃχλον,
1378 4252 1472 4303 καὶ
1509 4250 1619 4304 οὐδ’
1661 4250 1757 4303 ἕνα

170 4344 549 4411 ἐπεγίνωσκε,
578 4345 672 4397 καὶ
700 4345 806 4413 γὰρ
832 4343 1085 4413 λαμπρὸν
1129 4343 1223 4396 καὶ
1249 4345 1554 4413 περιφανὲς
1598 4342 1757 4411 γένος

165 4435 329 4505 εἶχεν
354 4440 412 4489 ἐν
456 4438 534 4507 τῷ
552 4438 807 4507 παλατίῳ
845 4435 1097 4504 Ἐφέσου,
1154 4436 1248 4487 καὶ
1290 4433 1469 4497 καθὼς
1507 4435 1757 4505 ἐνόμιζεν

1989 2145 2085 2200 XV
2114 2184 2128 2200 .
2189 2145 2325 2201 Cum
2352 2160 2478 2215 ergo
2517 2145 2884 2201 sollicitudine
2932 2161 3122 2215 magna
3177 2153 3453 2198 teneretur

1878 2248 1936 2293 et
1977 2238 2121 2292 illinc
2151 2239 2301 2294 exire
2345 2238 2527 2303 vellet,
2562 2236 2714 2306 prius
2748 2238 2916 2291 voluit
2947 2252 3113 2305 panes
3157 2250 3362 2297 emere,
3395 2246 3450 2289 et

1878 2340 2162 2400 argentum
2216 2330 2465 2399 sumpsit,
2530 2336 2590 2383 ut
2637 2329 2868 2398 pretium
2932 2328 3106 2382 daret.
3165 2327 3267 2394 Qui
3317 2343 3450 2383 vero

1880 2440 2073 2493 panem
2103 2424 2475 2487 vendiderant,
2521 2437 2642 2477 cum
2685 2432 2957 2476 monetam
3008 2421 3162 2475 illam
3201 2434 3449 2490 magnam

1878 2528 1935 2570 et
1983 2516 2250 2570 diversam
2312 2515 2595 2575 vidissent,
2658 2514 2833 2567 mirati
2878 2523 3025 2574 sunt,
3087 2522 3142 2565 et
3209 2512 3448 2568 vicissim

1868 2623 1987 2663 eam
2020 2606 2119 2662 sibi
2145 2605 2522 2661 ostendebant.
2574 2605 2678 2659 Per
2743 2619 2935 2659 manus
2998 2604 3167 2673 igitur
3228 2602 3444 2667 tradita,

1868 2711 2084 2756 moneta
2147 2699 2237 2754 illa
2296 2714 2395 2769 per
2466 2711 2657 2753 omnes
2710 2698 2801 2768 qui
2865 2708 3062 2769 panem
3113 2696 3442 2760 vendebant,

1872 2793 2110 2849 transiit.
2158 2792 2261 2859 Qui
2284 2791 2523 2847 vicissim
2565 2792 2618 2845 in
2667 2805 2853 2846 aurem
2910 2791 3341 2856 insusurrantes,
3393 2800 3450 2845 ct

1872 2884 2195 2938 Jambli‘eum
2243 2883 2537 2949 intuentes,
2591 2882 2848 2937 dicebant
2886 2900 2899 2936 :
2936 2883 3073 2937 Vere
3127 2883 3290 2937 homo
3345 2881 3448 2936 iste

1866 2976 2185 3033 Ihesaurum
2217 2973 2448 3037 invenit,
2472 2982 2707 3026 veterem
2732 2973 2879 3025 illum
2905 2973 3146 3041 quidem,
3175 2982 3231 3025 et
3262 2973 3449 3027 multis

1866 3067 2063 3122 abhinc
2143 3064 2299 3120 annis
2362 3064 2723 3119 reconditum.
2782 3059 3081 3116 Jamblicus
3141 3076 3267 3116 cum
3325 3061 3445 3116 illos

1860 3173 2206 3215 susurrantes
2229 3159 2456 3223 videret,
2480 3157 2644 3227 ccepit
2674 3157 2864 3209 timere
2901 3155 3281 3210 :existimabat
3301 3156 3443 3209 enim

1868 3267 1925 3306 se
1952 3249 2018 3304 ab
2076 3247 2179 3301 illis
2227 3249 2469 3317 agnosci,
2520 3256 2576 3299 et
2631 3245 2781 3298 Decii
2835 3245 3063 3314 imperio
3124 3244 3444 3297 tradendum

1868 3358 2007 3400 esse.
2033 3340 2169 3398 Cum
2198 3355 2328 3395 vero
2363 3339 2518 3395 multi
2561 3337 2942 3401 accessissent,
2968 3346 3026 3391 et
3061 3337 3179 3407 ejus
3214 3336 3441 3390 formam

1868 3450 2204 3505 nequaquam
2234 3446 2556 3505 cognoscere
2573 3440 2820 3502 possent,
2852 3431 2907 3485 in
2939 3430 3119 3484 medio
3147 3428 3262 3483 foro
3285 3427 3441 3483 illum

1868 3526 2205 3584 detinebant.
2255 3525 2443 3595 Itaque
2496 3525 2671 3579 turbae
2719 3524 2902 3578 multa:
2952 3522 3349 3586 conﬂuxerunt,
3389 3530 3444 3576 et

1868 3631 2046 3670 sermo
2078 3614 2167 3667 hic
2196 3629 2293 3682 per
2317 3621 2483 3667 totam
2512 3613 2787 3665 civitatem
2822 3611 3071 3678 vulgatus
3096 3619 3196 3675 est,
3228 3610 3441 3663 adoles-

1865 3716 2076 3761 centem
2105 3703 2393 3776 quemdam
2423 3700 2876 3772 comprehensum
2929 3701 3117 3766 fuisse,
3175 3701 3265 3771 qui
3324 3700 3441 3757 the-

1865 3811 2084 3852 saurum
2109 3796 2408 3851 invenerat.
2429 3794 2627 3850 Turba:
2650 3802 2830 3848 autem
2849 3793 2915 3849 ad
2936 3808 3059 3848 eum
3082 3802 3440 3862 congregatae,

1868 3892 2162 3947 dicebant:
2193 3890 2363 3945 Homo
2386 3890 2487 3942 iste
2520 3888 2840 3959 peregrinus
2871 3896 2973 3949 est,
3007 3898 3182 3953 neque
3206 3897 3439 3953 unquam

1868 3985 2017 4037 illum
2069 3981 2321 4035 vidimus.
2374 3978 2504 4034 Haec
2564 3978 2835 4042 dicebant,
2878 3984 2933 4031 ct
2986 3975 3208 4030 intentis
3245 3976 3437 4041 oculis,

1866 4071 2037 4142 magis
2067 4070 2342 4140 magisque
2373 4071 2550 4139 ipsum
2588 4067 2963 4123 intuebantur.
3009 4066 3236 4133 Volebat
3292 4062 3442 4119 Jam-

1865 4162 2037 4217 blicus
2057 4176 2275 4216 causam
2305 4175 2458 4215 suam
2483 4171 2669 4228 agere,
2691 4157 2835 4227 quod
2854 4156 3050 4210 falsum
3083 4165 3250 4216 esset,
3292 4160 3437 4224 quod

1865 4253 1932 4308 de
1959 4252 2245 4307 tbesauaro
2274 4250 2491 4303 invento
2531 4247 2812 4302 dicerent:
2844 4244 2941 4300 sed
2992 4254 3216 4314 stupore
3250 4242 3441 4297 deten-

1868 4356 1973 4407 tus,
2010 4344 2062 4397 id
2093 4343 2270 4396 facere
2295 4356 2406 4395 non
2438 4347 2670 4411 poterat.
2704 4337 2949 4405 Cumque
2997 4350 3193 4394 omnes
3251 4335 3442 4389 turbas

1867 4435 2332 4505 circumapiceret,
2386 4433 2660 4487 neminem
2711 4432 3056 4502 agnoscebat,
3122 4439 3177 4483 et
3231 4428 3436 4481 nemini

162 4526 252 4577 ὃτι
284 4524 529 4593 ἑσπέρας
594 4527 830 4593 γνωστὸς
890 4522 957 4596 ἦν
990 4527 1124 4579 πᾶσι
1178 4524 1271 4578 καὶ
1321 4524 1490 4578 ἕωθεν
1518 4526 1625 4580 οὐδ’
1663 4527 1756 4579 ἕνα

1868 4537 2028 4583 notus
2060 4537 2198 4591 erat,
2246 4527 2370 4580 licet
2392 4524 2543 4587 claro,
2563 4531 2619 4579 et
2654 4522 2847 4577 illustri
2877 4535 3072 4590 genere
3099 4519 3238 4589 apud
3261 4516 3440 4587 Ephe-

162 4616 561 4686 ἐπιγινώσκων
617 4617 945 4685 ἐθαύμαζεν,
999 4620 1096 4673 καὶ
1123 4619 1197 4683 ὡς
1227 4617 1537 4688 ἐξεστηκὼς
1587 4635 1756 4689 προσ-

1859 4636 1978 4675 sum
2010 4629 2169 4674 natus
2217 4625 2383 4673 esset.
2425 4615 2764 4684 Quapropter
2790 4611 3151 4668 admiratione
3210 4610 3439 4664 maxima

165 4714 329 4780 εἶχεν
363 4712 444 4772 εἰς
508 4708 599 4761 τὸν
650 4706 808 4777 ὄχλον
847 4709 975 4761 ίδείν
1000 4708 1090 4760 τὸν
1121 4711 1340 4780 πατέρα
1360 4710 1524 4763 αὑτοῦ
1555 4709 1589 4779 ἢ
1633 4708 1756 4764 τινὰ

1867 4712 2217 4776 letinebatur,
2262 4708 2406 4780 quod
2459 4705 2634 4776 pridie
2703 4704 2917 4775 vesperi
2974 4702 3225 4759 omnibus
3276 4712 3441 4756 notus

160 4804 284 4855 τῶν
314 4801 583 4869 ἀδελφῶν.
603 4800 695 4853 καὶ
720 4799 834 4853 οὐδ’
856 4792 935 4863 εἷς
967 4798 1210 4870 ὑπῆρχεν
1241 4799 1300 4865 ἐξ
1328 4800 1476 4854 αὑτῶ
1489 4820 1540 4856 ν.

1853 4804 2068 4867 luisset,
2129 4812 2187 4859 et
2235 4798 2497 4873 postridie
2550 4813 2707 4854 mane
2763 4796 3040 4853 neminem
3112 4800 3435 4864 agnosceret

161 4898 411 4951 omnino
451 4905 504 4949 et
532 4894 646 4963 ipse
687 4896 923 4964 ignotus.
954 4894 1122 4950 Dabat
1149 4908 1368 4965 cperam
1409 4904 1468 4951 ut
1520 4897 1660 4953 inter
1696 4898 1908 4954 turbam
1950 4900 2095 4954 illam
2127 4908 2330 4971 patrem
2368 4895 2453 4951 vel
2482 4896 2715 4965 aliquem
2744 4910 2813 4951 ex
2844 4890 3101 4946 fratribus
3145 4889 3439 4956 inveniret,

162 5006 365 5059 neque
390 5004 713 5059 quemquam
746 4990 981 5044 videbat.

242 5081 375 5148 la".
400 5082 538 5153 ξΓότε
591 5081 837 5152 ἐγνώσθη
872 5086 900 5135 ὁ
930 5084 1084 5152 λόγος
1108 5084 1165 5137 ἐν
1208 5086 1307 5159 ὅλῃ
1336 5089 1401 5157 τῇ
1455 5087 1609 5141 πόλει
1661 5089 1755 5142 καὶ

161 5178 279 5239 ἓως
312 5175 414 5226 τοῦ
450 5175 828 5229 ἐπισκοπείου.
858 5175 1071 5249 Εὑρέθη
1102 5178 1158 5232 δὲ
1186 5182 1282 5232 καὶ
1333 5181 1757 5251 κατοικονομίαν

164 5268 317 5325 Θεοῦ
374 5268 467 5320 καὶ
515 5270 543 5322 ό
590 5268 905 5333 ἀνθύπατος
964 5272 1068 5341 τῆς
1130 5272 1343 5337 πόλεως
1393 5274 1515 5328 κατ’
1586 5274 1758 5345 αὐτὴν

162 5365 274 5434 τὴν
306 5358 465 5428 ὥραν
493 5360 866 5433 ἀνερχόμενος
898 5363 1035 5433 πρὸς
1064 5366 1154 5419 τὸν
1187 5368 1515 5425 ἐπίσκοπον.
1548 5369 1657 5422 Καὶ
1685 5370 1760 5434 ὡς

162 5451 551 5522 διελογίζοντο
572 5455 704 5524 περί
734 5455 831 5508 τοῦ
866 5456 1149 5528 θησαυροῦ
1184 5458 1432 5532 ἐγνώσθη
1461 5463 1494 5532 ἡ
1525 5462 1763 5517 ἀνάστα-

167 5568 261 5613 σις
286 5548 406 5601 τῶν
436 5546 650 5614 νεκρῶν
700 5548 837 5601 πᾶσι
888 5552 1006 5615 τοῖς
1064 5550 1237 5615 λαοῖς,
1306 5555 1401 5608 καὶ
1464 5553 1759 5609 ἐκέλευσαν

168 5644 329 5710 μετὰ
373 5642 553 5708 πάσης
586 5640 1000 5712 φιλανθρωπίας
1045 5644 1390 5715 φυλαχθῆναι
1454 5648 1545 5700 τὸν
1580 5649 1759 5700 νεανίοη

165 5751 313 5787 σκον
351 5736 443 5792 καὶ
492 5732 776 5802 ἐνεχθῆναι
819 5735 957 5805 πρὸς
991 5738 1218 5803 αὐτοὺς,
1251 5738 1442 5809 ἔχοντα
1480 5740 1540 5795 τὺ
1589 5741 1759 5811 ἀργύ-

152 5845 296 5914 -ριον
335 5824 366 5885 ὃ
420 5828 751 5901 ἐπεφέρετο,
811 5828 1006 5893 καὶὼς
1059 5828 1241 5888 εἷλκον
1300 5834 1393 5890 τὸν
1450 5834 1758 5907 Ἰάμϐλιχον

1930 5089 2069 5144 XVI.
2100 5087 2254 5143 Tunc
2280 5103 2344 5143 ea
2364 5103 2449 5143 res
2478 5102 2574 5157 per
2597 5092 2761 5139 totam
2788 5085 2977 5140 urbem
3004 5082 3241 5153 vulgata,
3265 5094 3439 5150 usque

1860 5185 1927 5237 ad
1950 5181 2187 5252 episcopi
2213 5196 2374 5236 aures
2393 5177 2658 5249 pervenit.
2682 5177 2870 5232 Divina
2892 5190 3109 5246 quoque
3138 5173 3441 5229 Providen-

1864 5275 1935 5329 tia
1963 5272 2161 5327 lactum
2193 5283 2297 5341 est,
2330 5280 2389 5326 ut
2412 5270 2530 5341 ejus
2557 5270 2708 5326 urbis
2737 5266 3022 5339 proconsul
3049 5264 3136 5319 illa
3170 5265 3285 5335 ipsa
3306 5263 3439 5318 bora

1864 5367 2160 5425 veniretad
2191 5368 2527 5437 episcopum.
2562 5363 2665 5431 Qui
2691 5363 2818 5418 dum
2842 5362 3048 5416 diceret
3067 5358 3135 5415 de
3157 5359 3436 5421 thesauro,

1867 5476 2027 5532 quem
2048 5461 2117 5515 ab
2150 5460 2487 5515 adolescente
2517 5457 2608 5511 illo
2628 5457 2907 5511 inventum
2934 5451 3222 5523 cogitabat,
3256 5464 3317 5503 ea
3352 5464 3439 5504 res

1866 5558 2013 5621 fecit,
2071 5566 2131 5610 ut
2185 5564 2519 5609 mortuorum
2554 5551 2895 5608 resurrectio.
2923 5556 3132 5620 pateret
3161 5547 3437 5603 omnibus.

1865 5648 2154 5704 Jusserunt
2182 5646 2327 5702 enim
2379 5655 2485 5701 tam
2540 5644 2849 5718 proconsul,
2913 5656 3073 5711 qnam
3129 5643 3435 5710 episcopus,

1866 5742 2258 5797 adolescentem
2286 5740 2432 5797 illum
2484 5737 2713 5808 benigne
2740 5744 3025 5791 tractatum
3057 5732 3338 5795 custodiri,
3385 5741 3438 5786 et

1867 5834 1932 5890 ad
1954 5851 2009 5889 se
2034 5832 2155 5890 duci
2183 5849 2303 5890 cum
2340 5840 2584 5903 argento,
2610 5828 2754 5899 quod
2782 5842 2965 5883 secum
3015 5826 3268 5881 habebat.
3299 5825 3433 5879 Cum
