4188 6310
746 393 854 456 ιιι

2060 384 2344 448 MENSIS
2384 382 2676 446 IULIUS.

3906 375 4011 438 444

751 508 915 578 igitur
938 503 1234 559 Jamblicus
1289 502 1356 558 ad
1388 499 1673 556 ecclesiam
1722 501 2049 565 traheretur,
2103 498 2355 566 putabat

2463 499 2509 560 ξς
2541 499 2641 565 τὴν
2701 496 3001 566 ἐκκλησίαν
3060 494 3317 562 ἐνόμιζεν
3357 493 3440 546 ὅτι.
3492 491 3629 560 πρὸς
3670 490 3868 578 Δέκιον
3921 492 4011 541 τὸν

753 599 819 653 ad
848 597 1072 652 Decium
1130 596 1513 663 imperatorem
1556 608 1615 647 se
1645 592 1802 646 trahi.
1863 592 2047 660 Itaque
2102 591 2210 645 huc
2269 598 2325 643 et

754 690 882 743 illuc
908 685 1400 754 circumspiciebat,
1435 692 1494 738 ut
1521 683 1753 752 aliquem
1810 698 2033 737 suorum
2086 682 2322 747 videret,

753 776 838 829 vel
870 774 1425 843 consanguineorum,
1451 772 1532 826 vel
1562 786 1750 826 eorum
1785 772 1983 842 quibus
2027 781 2187 827 notus
2212 771 2328 826 fue-

754 878 857 921 rat.
888 866 1300 921 Adolescentem
1350 865 1422 919 ita
1470 865 2001 934 circumspicientem
2052 866 2230 931 turba,
2269 872 2329 918 ut

754 959 1006 1014 insanum
1051 958 1306 1025 aliquem,
1359 956 1651 1010 irridebat:
1704 957 1886 1025 itaque
1931 957 2220 1009 violentius
2262 955 2329 1010 ad

755 1050 1040 1104 ecclesiam
1098 1050 1493 1117 impellebatur.
1565 1047 1681 1103 Jam
1743 1063 1875 1103 vero
1936 1048 2227 1118 proconsul
2274 1057 2331 1103 et

758 1143 1068 1209 Stephanus
1128 1142 1419 1210 episcopus
1494 1150 1771 1195 monetam
1830 1140 1974 1193 illam
2034 1140 2085 1194 in
2136 1156 2329 1196 manus

755 1242 1023 1300 sumptam
1053 1231 1869 1299 inspicientes,admirabantur.
1910 1230 2063 1285 Tunc
2096 1246 2329 1299 procon-

756 1322 841 1377 sul
885 1320 1209 1376 Jamblicum
1273 1323 1647 1388 interrogans:
1704 1323 1957 1383 Ubinam.
2013 1323 2207 1391 inquit,
2247 1334 2332 1377 est

758 1413 1068 1471 thesaurus.
1094 1428 1253 1480 quem
1278 1412 1529 1466 invenisti
1550 1415 1571 1465 ?
1590 1413 1799 1468 Moneta
1821 1414 1967 1468 enim
1993 1414 2105 1467 haec
2148 1429 2179 1468 e
2212 1415 2332 1470 the-

758 1516 918 1554 sauro
972 1503 1232 1569 subrepta
1312 1512 1415 1556 est.
1471 1502 1710 1565 Minime,
1781 1504 1956 1571 inquit
2011 1503 2326 1571 Jamhlicus,

759 1593 1073 1663 thesaurum
1099 1594 1301 1657 inveni,
1338 1594 1898 1663 quemadmodumme
1927 1611 2016 1651 vos
2048 1598 2331 1653 insimula-

762 1686 851 1738 tis.
932 1685 1067 1738 Illud
1123 1700 1291 1737 unum
1363 1695 1512 1739 certo
1566 1686 1700 1748 scio,
1768 1703 1833 1741 ex
1901 1690 2143 1757 paternis
2196 1691 2331 1745 meis

762 1778 1010 1847 pecuniis
1046 1783 1329 1845 argentum
1361 1777 1465 1833 hoc
1492 1793 1633 1840 esse,
1671 1779 1790 1845 ejus
1824 1790 2053 1833 moneta:
2080 1788 2208 1833 nota
2233 1781 2331 1833 im—

2429 588 2657 656 βασιλέα
2739 588 2969 656 ἄγουσιν
3014 584 3203 640 αὐτόν.
3237 585 3348 638 Καὶ
3371 584 3734 654 περιεσκόπει
3774 572 3881 635 ὦδε
3917 581 4012 633 καὶ

2426 674 2530 735 ὧδε
2597 680 2727 733 ἰδεῖν
2769 681 2892 734 τινὰ
2923 681 3031 733 τῶν
3060 679 3207 731 ἰδίων
3237 676 3403 731 αὑτοῦ
3436 676 3534 731 καὶ
3558 675 3884 744 γνωρίμων,
3910 672 4004 724 καὶ

2428 772 2458 824 6
2486 771 2642 840 ὕχλος
2706 770 2978 838 κατεγέλα
3026 769 3195 822 αὑτοῦ
3254 769 3349 822 καὶ
3400 753 3722 834 προσεῖχον’
3755 760 3912 831 αὐτῷ
3939 761 4012 824 ὡς

2433 864 2623 936 μωρῷ,
2659 862 2756 916 καὶ
2805 862 2949 915 οὕτω
3016 862 3153 931 μετά
3190 862 3333 931 βίας,
3393 859 3569 914 ὤθουν
3597 858 3764 909 αὐτὸν
3800 859 3883 918 εἱς
3911 857 4009 922 τὴν

2432 958 2747 1028 ἐκκλησίαν.
2800 957 2859 1009 ὐ
2890 957 2948 1010 δὲ
3000 956 3310 1017 ἀνθύπατος
3363 954 3461 1007 καὶ
3522 952 3797 1019 Στέφανος
3831 952 3858 1002 6
3895 947 4015 1001 ἐπί-

2431 1064 2656 1111 σκοπος.
2690 1048 2949 1110 λαϐόντες
3016 1050 3149 1117 παρ’
3200 1046 3364 1099 αὑτοῦ
3411 1046 3472 1097 τὸ
3525 1042 3816 1113 ἀργύριον,
3876 1034 4016 1091 εἶδον

2430 1142 2526 1194 καὶ
2559 1140 2899 1209 ἐθαύμαζον.
2919 1138 3055 1191 Τότε
3088 1135 3456 1207 ἀποκριθεὶςό
3483 1133 3826 1193 ἀνθύπατος,
3857 1125 4013 1180 εἶπεν

2432 1233 2567 1303 πρὸς
2588 1232 2677 1285 τὸν
2711 1229 3036 1299 Ἰάμϐλιχον,
3075 1228 3181 1282 Ποῦ
3206 1228 3352 1281 ἐστιν
3379 1227 3406 1278 6
3437 1225 3710 1295 θησαυρδς
3739 1222 3803 1276 ὃν
3831 1212 4014 1289 εὗρες,

2433 1325 2621 1394 ἐπειδὴ
2661 1326 2722 1378 τδ
2772 1322 3035 1394 ἀργύριον
3077 1322 3105 1375 ὃ
3137 1321 3449 1391 βαστάζεις.
3503 1317 3560 1382 ἐξ
3601 1316 3767 1369 αὑτοῦ
3832 1316 4019 1367 ἐστιν’

2443 1411 2750 1481 Ἰάμδλιχος
2797 1408 2981 1462 εἶπεν·
3019 1410 3303 1479 Θησαυρὸν
3365 1407 3464 1476 μὲν
3519 1405 3781 1458 οὐδέποτε
3838 1400 4020 1472 εὗρον,

2432 1503 2614 1564 καθὼς
2693 1502 3047 1571 κατηγορεῖτέ
3100 1519 3238 1569 μου,
3300 1499 3417 1553 ἀλλ’
3472 1494 3589 1551 οῖδα
3633 1494 3745 1563 ἐγὼ
3803 1497 3888 1549 ὅτι
3916 1496 4021 1547 τῶν

2433 1594 2719 1666 πατρικῶν
2744 1612 2847 1662 μου
2873 1594 3012 1656 ἐστὶ,
3042 1594 3137 1646 καὶ
3167 1594 3265 1661 τῆς
3302 1589 3646 1657 συναλλαγῆς
3675 1590 3777 1657 τῆς
3805 1588 4021 1649 πόλεως

2434 1686 2672 1757 ὑπάρχει
2719 1685 2780 1737 τὸ
2840 1685 3125 1755 ἀργύριον,
3179 1685 3262 1747 τίς
3303 1683 3357 1738 δέ
3410 1685 3558 1735 ἐστιν
3594 1683 3621 1734 6
3653 1679 4017 1748 πειρασμδςὸ

2439 1776 2797 1847 συμῦεϐηκώς
2824 1794 2912 1845 μοι
2935 1776 3051 1842 νῦν,
3084 1777 3184 1829 οὐκ
3206 1772 3344 1829 οἶδα.
3374 1775 3481 1828 Καὶ
3506 1773 3533 1824 6
3557 1771 3874 1829 ἀνθύπατος
3894 1769 4023 1836 ἔφη·

763 1883 1031 1937 pressum,
1058 1869 1319 1937 quaehuic
1374 1869 1492 1921 urbi
1553 1871 1811 1925 consueta
1874 1879 1975 1925 est.
2031 1870 2134 1925 Sed
2191 1882 2339 1927 certe

2456 1871 2616 1925 [Ιὸθεν
2660 1866 2778 1933 εἷ,ὀ
2809 1870 2865 1922 δὲ
2940 1869 3242 1937 Ἰἀμῦλιχος
3292 1866 3653 1935 ἀπεκρίνατο,
3702 1863 3790 1924 Ὡς
3822 1859 4019 1927 νομίζι

764 1961 953 2021 miror,
986 1976 1160 2026 neque
1194 1962 1431 2029 cogitare
1482 1976 1725 2029 possunt,
1779 1962 2049 2017 unclenam
2113 1967 2341 2021 tentalio

766 2052 883 2104 haec
934 2052 1075 2105 mihi
1105 2052 1386 2108 acciderit.
1426 2054 1501 2106 Ad
1551 2053 1665 2107 hate
1724 2068 1966 2122 praeses:
2029 2058 2337 2120 llndcnam,

768 2142 972 2210 inquit,
998 2159 1055 2197 es
1082 2144 1180 2197 tu?
1213 2146 1291 2198 illi
1326 2154 1505 2198 autem
1555 2149 1833 2214 respondit
1862 2147 2160 2204 Jamblicus
2188 2169 2202 2206 :
2260 2151 2339 2206 Ex

767 2235 871 2287 hac
908 2235 1059 2297 urbe,
1100 2244 1157 2290 ut
1212 2235 1426 2304 Opinor,
1490 2250 1589 2305 ego
1624 2253 1766 2291 sunt.
1824 2240 1942 2303 Quo
1978 2250 2132 2308 patre
2158 2244 2344 2296 natus?

771 2328 947 2396 inquit
978 2345 1203 2398 praeses.
1283 2330 1449 2383 Estne
1510 2331 1730 2397 aliquis,
1777 2333 1869 2399 qui
1928 2344 1982 2386 te
2038 2337 2344 2404 agnoscat?

771 2418 980 2479 \‘eniat,
1012 2430 1066 2472 et
1106 2421 1473 2477 testimonium
1512 2423 1656 2476 dicat
1712 2440 1808 2493 pro
1842 2432 1913 2488 te,
1960 2434 2013 2479 et
2060 2426 2344 2481 credemus

770 2509 890 2565 tibi.
926 2509 1150 2563 Protulit
1179 2512 1475 2569 Jamhlicus
1508 2516 1674 2583 patris
1727 2526 1781 2570 et
1836 2516 2061 2571 fratrum
2124 2534 2343 2572 suorum

774 2601 989 2654 nomina
1036 2618 1257 2671 :neque
1315 2608 1599 2674 quisquam
1662 2620 1903 2669 noverat,
1955 2624 2091 2677 quos
2123 2608 2343 2664 diceret.

778 2690 916 2744 Tum
944 2707 1184 2759 praeses:
1228 2692 1604 2767 Vera,inquit,
1642 2714 1748 2753 non
1798 2709 1945 2761 sunt,
2017 2714 2137 2767 quae
2192 2699 2346 2754 dicis.

774 2781 899 2838 Haec
934 2786 1164 2839 audiens
1188 2786 1507 2855 Jamhlicus,
1548 2791 1820 2858 perplexo
1853 2798 1969 2843 erat
2001 2790 2200 2855 animo,
2234 2807 2335 2846 nec

774 2877 982 2931 habens
1027 2880 1155 2946 quid
1208 2882 1583 2949 responderet,
1630 2882 1842 2937 silebat.
1890 2884 2058 2948 Quem
2106 2899 2228 2938 cum
2282 2885 2351 2938 ita

775 2967 1087 3036 perplexum
1121 2969 1326 3023 tristem
1350 2970 1589 3024 vidisset:
1612 2971 1889 3034 Fortasse,
1906 2974 2103 3042 inquit.
2129 2974 2353 3028 insanus

779 3068 899 3119 est.
933 3060 1019 3116 alii
1071 3061 1354 3115 dicebant:
1410 3062 1757 3133 Nequaquam
1803 3065 2025 3119 insanus
2084 3078 2186 3127 est,
2259 3067 2353 3120 sed

2447 1967 2510 2017 ἐκ
2555 1965 2656 2030 τῆς
2706 1963 2915 2025 πόλεως
2966 1960 3194 2028 ταύτης,
3255 1959 3347 2012 καὶ
3396 1961 3421 2011 6
3464 1957 3775 2017 ἀνθύπατος
3823 1950 3982 2006 εἶπεν
4011 1967 4028 1985 ·

2444 2060 2571 2121 Υἱὸς
2590 2059 2730 2119 τίνος
2751 2051 2821 2115 εἴ,
2848 2057 2879 2126 ἢ
2913 2055 2997 2116 τίς
3032 2071 3090 2105 σε
3120 2030 3377 2120 γῖνὼσκει
3409 2048 3666 2110 ἐνταῦθα,
3697 2045 3870 2099 ἐλθὼν
3892 2061 4031 2115 μαρο

2443 2152 2670 2219 τυρὴσει
2730 2148 2859 2217 περὶ
2909 2144 3027 2207 σοῦ,
3058 2146 3152 2198 καὶ
3187 2142 3516 2211 πιστεύομέν
3548 2157 3651 2194 σοι.
3682 2137 3821 2193 Τότε
3880 2138 4031 2205 Ὶάμο

2446 2238 2629 2305 ὖλιχος
2680 2231 2838 2286 εἶπεν
2913 2235 3014 2300 τὴν
3067 2232 3449 2300 προσηγορίαν
3507 2228 3604 2282 τοῦ
3676 2227 3891 2294 πατρδς
3931 2229 4023 2285 καὶ

2445 2328 2553 2380 τῶν
2616 2324 2867 2394 ἀδελφῶν
2934 2323 3148 2383 αὐτοῦ,
3264 2321 3359 2373 καὶ
3408 2321 3586 2381 οὐδεὶς
3648 2320 4028 2384 ὲπεγίνωσκεν

2446 2417 2661 2479 αὐτούς.
2710 2413 3056 2481 Ἀποκριθεὶς
3079 2412 3135 2465 δὲ
3156 2413 3181 2465 ὁ
3205 2412 3512 2472 ἀνθύπατος
3533 2405 3708 2461 εἶπεν.
3739 2406 3858 2460 Οέικ
3884 2409 4021 2476 ἀλη-

2448 2510 2648 2574 θεύεις,
2672 2511 2700 2560 6
2726 2509 2781 2561 δὲ
2823 2507 3130 2575 Ἰάμϐλιχος
3159 2504 3536 2573 ἀπορούμενος
3575 2502 3817 2567 ἔστηκεν
3876 2500 4021 2565 ἠσυ-

2449 2603 2651 2673 χάζων.
2681 2599 2790 2653 Καί
2836 2615 2979 2660 τινες
3018 2598 3218 2658 ἰδόντες
3268 2595 3428 2648 αὐτὸν
3460 2596 3517 2645 ὲν
3554 2591 3783 2661 τοιαύτῃ
3819 2589 4031 2659 ἀθυμίᾳ.

2451 2692 2602 2745 εἷπον
2638 2708 2651 2721 ·
2684 2690 2835 2760 Τάχα
2891 2686 3073 2757 μωρός
3110 2688 3257 2737 ἐστιν
3282 2700 3298 2714 ·
3334 2684 3484 2737 ἄλλοι
3534 2682 3591 2734 δὲ
3624 2681 3835 2747 ἔλεγον,
3888 2680 4029 2745 Οὐχὶ

2452 2785 2587 2837 ἀλλά
2636 2784 3035 2853 προσποιεῖται,
3094 2780 3241 2840 ὅπως
3289 2774 3457 2845 ρυσθῇ
3514 2775 3578 2827 ὲκ
3624 2772 3724 2841 τῆς
3774 2770 4028 2838 ἀνάγκης

2452 2877 2673 2947 ταύτης,
2725 2876 2839 2929 ὁδὲ
2885 2873 3197 2935 ἀνθύπατος
3240 2868 3533 2939 αὐστηρῶς
3592 2865 3743 2935 αὖτῷ
3799 2864 4031 2917 ὲπαπειυ

2452 2967 2758 3037 λησάμενος
2787 2960 2939 3016 εἶπεν
2962 2979 2975 2993 ·
3010 2962 3130 3023 Πῶς
3166 2958 3531 3027 ἀνασχὼμεθα
3568 2958 3662 3008 καὶ
3719 2952 4032 3007 πιστεύσω-

2459 3059 2558 3129 μέν
2614 3075 2695 3111 σοι
2763 3058 2845 3109 ὅτι
2901 3056 2962 3107 τδ
2991 3053 3257 3124 ἀργύριον
3294 3052 3452 3103 τοῦτο
3474 3049 3581 3102 τῶν
3628 3045 3900 3114 πατρὼων
3935 3059 4031 3095 σου

783 3149 1048 3203 insaniam
1074 3154 1309 3216 simulat,
1349 3163 1406 3205 ut
1425 3155 1661 3221 pericula
1688 3154 1929 3223 eﬂugiat.
1962 3156 2351 3210 Acerbioribus

2458 3153 2636 3206 ἐστίν*
2662 3154 2744 3205 ὅτι
2775 3152 2807 3221 ἡ
2845 3150 3040 3219 μονίτα
3073 3146 3212 3216 αὕτη
3262 3145 3413 3216 δηλοῖ
3439 3147 3499 3195 ὲκ
3530 3143 3629 3211 τῆς
3663 3137 4032 3239 ὲπικειμίἑᾷης

782 3240 963 3296 verbis
1024 3258 1225 3311 praeses
1278 3243 1599 3314 increpans:
1632 3246 1745 3310 Qua
1767 3246 1994 3310 ratione,
2048 3247 2244 3316 inquit,
2309 3260 2359 3305 te

784 3332 925 3387 ferre
971 3352 1273 3403 possumus.
1318 3349 1409 3391 aut
1433 3337 1526 3391 tibi
1556 3340 1799 3402 credere,
1848 3349 2131 3410 argenturm
2158 3341 2259 3395 hoc
2293 3359 2359 3397 cx

782 3428 1024 3496 paternis
1063 3427 1309 3495 pecuniis
1357 3429 1421 3484 ad
1484 3438 1536 3485 le
1592 3432 1928 3499 pervenisse,
1973 3447 2096 3485 cum
2147 3446 2360 3486 moneta

786 3519 900 3571 haec
938 3520 1370 3587 exinscriptione
1398 3531 1449 3572 et
1486 3531 1610 3573 nota
1668 3522 1953 3590 signiticet,
1980 3521 2121 3591 quod
2152 3532 2363 3578 trecen-

782 3611 856 3663 tis
893 3619 943 3665 et
968 3612 1240 3679 octoginta
1274 3612 1430 3666 annis
1458 3622 1586 3668 ante
1612 3630 1713 3669 nos
1739 3614 1920 3679 fuerit,
1952 3631 2017 3671 ac
2048 3618 2364 3686 priusquam

791 3702 985 3756 Decius
1023 3705 1335 3771 imperaret.
1384 3721 1557 3773 neque
1610 3707 1714 3759 ulla
1748 3723 1813 3760 ex
1865 3718 2017 3776 parte
2058 3710 2248 3765 similis
2301 3711 2372 3764 sit

790 3795 886 3858 illi,
923 3809 1043 3861 quae
1076 3795 1305 3847 nuncin
1358 3796 1491 3849 urbe
1542 3796 1911 3865 impenditur?
1942 3797 2079 3851 Num
2119 3811 2372 3869 parentes

788 3890 862 3939 ita
905 3895 1133 3945 veteres.
1165 3898 1218 3942 et
1254 3896 1382 3943 ante
1410 3898 1681 3945 trecentos
1710 3906 1883 3946 annos
1923 3892 2133 3963 genitos
2174 3893 2373 3948 habere

782 3989 941 4046 potes
978 3988 1054 4043 tu,
1084 3980 1175 4049 qui
1216 3982 1534 4038 adolescens
1571 3985 1674 4038 es?
1710 3987 1788 4038 An
1832 3996 1989 4054 putas
2021 3996 2073 4041 te
2101 3986 2181 4041 sic
2216 3995 2368 4041 astu-

784 4074 903 4122 tum
952 4084 1091 4131 esse,
1122 4080 1182 4125 ut
1235 4087 1394 4126 senes
1449 4082 1503 4127 et
1556 4072 1844 4143 Ephesius:
1892 4078 2040 4132 urbis
2098 4077 2368 4148 sapientes

790 4162 1068 4231 decipias?
1103 4165 1197 4220 His
1230 4164 1299 4220 de
1337 4167 1702 4236 causisjubeo
1736 4176 1789 4223 te
1813 4168 1868 4223 in
1902 4170 2115 4225 vincula
2143 4172 2365 4243 conjici.

2462 3247 2599 3316 αὐτῇ
2635 3246 2855 3312 γραφῆς
2878 3243 2972 3295 καὶ
2995 3238 3313 3308 σφραγῖδος,
3350 3234 3460 3287 ἀπὸ
3489 3230 3826 3304 τριακοσίων
3881 3227 4036 3279 £660-

2468 3340 2711 3408 μήκοντα
2759 3334 2893 3386 ἐτῶν
2952 3333 3242 3400 ὑπάρχειν.
3291 3327 3383 3379 καὶ
3431 3328 3515 3378 ὅτι
3568 3324 3684 3376 ἐστὶ
3712 3324 3824 3391 προ
3847 3319 4039 3372 Δεκίου

2464 3431 2558 3484 τοῦ
2580 3430 2863 3500 βασιλέως,
2892 3427 2986 3479 καὶ
3017 3426 3116 3478 οὐκ
3165 3421 3399 3492 ἠλλάγη,
3453 3420 3545 3472 καὶ
3579 3416 3678 3469 οὐκ
3697 3415 3850 3468 ἐστιν
3878 3414 4041 3482 ὁμοία

2467 3523 2608 3593 αὕτη
2634 3525 2665 3591 ἡ
2703 3522 2895 3591 μονίτα.
2922 3520 3015 3572 καὶ
3033 3518 3131 3586 τῆς
3156 3511 3583 3577 πολιτευομένης
3604 3508 3720 3571 νῦν,
3749 3510 3806 3558 ἰν
3896 3509 4044 3559 ἔστιν

2467 3615 2506 3687 ἧ
2534 3618 2679 3678 δόσις
2713 3617 2809 3667 καὶ
2838 3613 3083 3681 ἡκλῆσις
3106 3608 3196 3661 τοῦ
3229 3604 3444 3678 κιιιροῦ⁸
3473 3602 3689 3655 τούτου.
3717 3600 3810 3668 Μὴ
3843 3602 3907 3651 ὲκ
3940 3599 4044 3649 τῶν

2468 3707 2883 3779 παρῳχημένων
2904 3704 3000 3757 καὶ
3028 3703 3139 3752 τῶν
3165 3700 3442 3752 τοσούτων
3469 3696 3675 3766 χρόνων
3699 3694 4048 3762 ὑπάρχουσιν

2466 3804 2515 3856 οἱ
2544 3803 2724 3869 γονεῖς
2772 3815 2864 3849 σου
2903 3798 3001 3863 ⁹ὅτι
3028 3797 3090 3847 σὺ
3129 3792 3248 3855 νέος
3293 3790 3368 3843 ὣν
3398 3788 3564 3861 βούλῃ
3609 3785 3889 3853 πλανῆσαι
3923 3782 4046 3843 τοὺς

2468 3896 2731 3963 γέροντας
2758 3892 2855 3944 καὶ⁸
2889 3888 3083 3957 σοφοὺς
3120 3886 3367 3953 Ἐφέσου.
3411 3883 3507 3936 Διὰ
3533 3880 3693 3933 τοῦτο
3727 3876 4047 3943 ἐντέλλομαι

2469 3987 2566 4039 νῦν
2623 3987 2701 4047 είς
2730 3985 2902 4053 δεσμὰ
2932 3983 3025 4035 καὶ
3070 3979 3341 4049 μάστιγας
3368 3976 3463 4029 καὶ
3493 3973 3703 4041 θλίψεις
3738 3969 4050 4040 παραδοθῆ-

2475 4078 2561 4132 ναί
2586 4094 2668 4141 σε,
2700 4077 2803 4142 ἓως
2840 4068 2900 4129 οὗ
2957 4073 3321 4144 ὁμολογήσῃς,
3356 4068 3458 4122 ποῦ
3523 4068 3671 4118 ἐστιν
3702 4065 3730 4115 6
3771 4061 4047 4134 enough;

2474 4167 2649 4235 οὗτος.

784 4266 847 4311 ετ
876 4257 1098 4325 ﬂagellis
1128 4261 1421 4324 verberari,
1456 4264 1631 4318 donec
1668 4265 1998 4331 confitearis,
2042 4266 2264 4322 ubinam
2292 4267 2361 4321 sit
2394 4265 2681 4320 thesaurus
2712 4266 2836 4319 iste.

868 4353 1006 4407 XVII
1027 4393 1042 4409 .
1076 4354 1199 4409 Haec
1232 4357 1459 4417 audiens
1488 4356 1800 4421 Jamblicus,
1824 4369 1877 4414 et
1910 4363 2129 4425 timens.
2172 4362 2367 4419 faciem

798 4448 850 4500 in
881 4456 1077 4502 terram
1109 4452 1422 4517 prostravit.
1455 4460 1510 4505 et
1548 4453 1633 4506 his
1664 4451 1845 4507 verbis
1876 4452 1992 4506 illos
2015 4454 2212 4510 allatus
2243 4465 2363 4511 est:

2552 4359 2652 4415 lZ'.
2695 4360 2885 4414 Ταῦτα
2926 4356 3166 4419 ἀκούσας
3230 4352 3544 4423 Ἶάμϐλιχος
3591 4347 3735 4400 πάνυ
3784 4344 4051 4417 ἐφοϐήθη,

2479 4454 2573 4508 καὶ
2598 4452 2792 4505 ἔπεσεν
2824 4452 2915 4503 ἐπὶ
2947 4450 3243 4517 πρόσωπον
3272 4442 3509 4497 ἐνώπιον
3533 4437 3724 4502 αὑτοῦ,
3758 4440 3858 4491 καὶ
3886 4435 4052 4491 εἶπεν⁸

796 4539 996 4594 Precor
1058 4555 1175 4603 vos,
1236 4551 1295 4595 ut
1323 4542 1453 4596 mihi
1516 4558 1623 4597 non
1655 4544 1949 4615 gravemini
1984 4545 2188 4609 dicere,
2225 4549 2355 4616 quot

2478 4545 2682 4612 Δέομαι
2731 4542 2904 4612 ὑμῶν,
2936 4537 3116 4608 κύριοί
3149 4552 3271 4605 μου,
3303 4531 3627 4600 ὁμολογήσω
3670 4531 3827 4600 ὑμῖν,
3870 4533 4055 4591 Δέκιος

793 4633 1095 4698 quaesiero:
1126 4634 1304 4686 omnia
1338 4634 1483 4688 enim
1512 4635 1679 4689 libere
1706 4637 2173 4693 vobis~conlessus
2199 4639 2369 4695 fuero.

797 4722 993 4777 Decius
1028 4724 1347 4792 imperator,
1385 4725 1475 4794 qui
1537 4736 1654 4780 erat
1700 4727 1755 4781 in
1805 4728 1907 4782 hac
1957 4731 2108 4795 urbe,
2145 4732 2369 4799 vivitne,

798 4815 1037 4867 annon?
1072 4814 1149 4867 Ad
1192 4814 1306 4869 haec
1338 4813 1651 4885 Stephanus
1702 4819 2024 4888 episcopus:
2087 4820 2205 4875 Non
2268 4832 2373 4885 est,

801 4906 993 4973 inquit,
1027 4906 1122 4969 illi,
1165 4910 1253 4974 qui
1277 4909 1439 4964 hodie
1470 4912 1523 4963 in
1556 4912 1657 4966 hac
1698 4915 1920 4981 regione
1974 4912 2168 4967 Decius
2201 4914 2378 4983 impe-

795 5005 949 5051 ‘rator
982 5001 1313 5052 nominetur.
1342 5000 1496 5055 Tunc
1542 5000 1867 5059 Jamblicus:
1926 5006 2135 5070 Venite,
2173 5021 2376 5075 quzeso,

801 5104 1038 5154 mecum,
1068 5099 1122 5143 ct
1178 5094 1463 5148 ostendam
1527 5096 1680 5151 vobis
1735 5097 1789 5150 in
1857 5098 2113 5166 spelunca
2183 5101 2380 5153 montis

802 5180 1009 5237 chlon
1041 5183 1220 5238 socios
1251 5200 1421 5247 meos.
1452 5199 1511 5241 ut
1535 5190 1603 5241 ab
1631 5189 1735 5243 illis
1772 5190 1994 5244 discalis
2020 5208 2207 5246 verum
2237 5206 2376 5255 esse,

806 5276 950 5342 quod
974 5278 1116 5332 dico.
1145 5276 1305 5333 Certe
1333 5280 1446 5333 scio
1476 5282 1542 5333 ah
1572 5284 1900 5352 imperatore
1935 5284 2095 5341 Decio
2127 5302 2226 5341 nos
2252 5286 2382 5350 illuc

806 5360 1036 5432 fngisse:
1062 5378 1221 5431 quem
1255 5367 1477 5421 Decium
1513 5377 1567 5420 et
1597 5384 1693 5438 ego
1717 5371 1835 5425 heri
1860 5373 2070 5441 vesperi
2108 5375 2160 5426 in
2196 5374 2379 5427 urbem

806 5455 1083 5525 Ephesum
1117 5456 1507 5526 ingredientem
1536 5460 1665 5515 vidi.
1702 5462 1781 5519 Sit
1810 5475 1990 5521 antem
2038 5481 2212 5522 necne
2253 5466 2382 5523 urbs

807 5548 911 5604 ista
943 5551 1212 5619 Ephesus,
1242 5542 1449 5609 nescio.
1476 5555 1629 5613 Tunc
1645 5558 1932 5627 episcopus
1973 5558 2282 5629 Stephanus
2328 5559 2380 5614 in

813 5654 932 5694 eam
964 5643 1347 5714 cogitationem
1376 5646 1617 5712 veniens,
1647 5647 1791 5718 quod
1827 5648 1969 5701 Deus
2005 5667 2102 5718 per
2125 5650 2382 5720 juvenem

816 5736 964 5790 illum
993 5738 1188 5802 aliquid
1217 5740 1294 5792 eis
1354 5740 1600 5794 revelare
1668 5742 1866 5797 vellet:
1910 5740 2129 5807 Eamus,
2188 5744 2381 5811 inquit,

819 5840 875 5883 et
903 5830 1200 5884 videamus.
1235 5832 1535 5903 Statimque
1556 5834 1844 5905 episcopus
1865 5845 1915 5891 et
1946 5834 2228 5902 proconsul
2261 5851 2381 5891 cum

2481 4639 2509 4690 6
2541 4636 2795 4705 βασιλεὺς
2818 4636 2845 4685 6
2874 4632 2949 4683 ὣν
2978 4633 3034 4682 ὲν
3064 4631 3131 4698 τῇ
3164 4625 3316 4680 πόλει
3347 4626 3545 4697 ταύτῃ,
3580 4626 3798 4678 ἵσταται
3840 4625 3947 4685 ἕως
3969 4626 4056 4674 τοῦ

2481 4727 2599 4791 νῦν,
2626 4727 2658 4797 ἦ
2689 4724 2772 4789 οὓς
2809 4722 3076 4785 ’Δκούσας
3096 4721 3150 4774 δὲ
3176 4719 3351 4775 ταῦτα
3381 4720 3656 4786 Στέφανος
3688 4718 3715 4767 6
3754 4715 4057 4781 ἁγιώτατος

2482 4819 2803 4879 ἐπίσκοπος,
2834 4811 2986 4869 εἶπεν
3012 4812 3183 4880 αὐτῷ’
3219 4811 3443 4869 Τέκνον,
3478 4809 3579 4860 οὑκ
3614 4805 3769 4858 ἔστιν
3796 4808 3858 4859 ἐν
3898 4809 3963 4874 τῇ
3993 4809 4056 4873 γῇ

2485 4912 2725 4980 σήμερον
2748 4909 3036 4977 λεγόμενος
3061 4903 3313 4976 βασιλεὺς
3346 4900 3693 4963 Δέκιοςοτότε
3729 4900 4060 4963 ἀποκριθεὶς

2497 5005 2807 5074 ἰάμελιχος
2829 4999 3004 5061 εἶπεν,
3028 4998 3127 5052 Διά
3153 4998 3313 5051 τοῦτο
3336 4995 3526 5065 δέομαι
3552 4994 3731 5064 ὑμῶν,
3759 4993 3923 5045 δεῦτε
3952 4991 4060 5062 μετ’

2486 5097 2642 5167 ἐμοῦ,
2682 5097 2776 5148 καὶ
2828 5090 3062 5146 δεικνύω
3110 5092 3240 5161 ὑμῖν
3280 5088 3408 5153 τοὺς
3449 5089 3705 5158 ἑταίρους
3755 5104 3865 5155 μου
3900 5088 3958 5140 ὲν
3990 5085 4061 5151 τῷ

2488 5192 2743 5264 σπηλαίῳ
2778 5188 2855 5257 τῷ
2877 5189 2991 5240 ὄντι
3026 5190 3083 5240 ὲν
3108 5185 3186 5253 τῷ
3211 5184 3329 5256 ὄρει
3364 5183 3571 5255 μοχλῷ,
3612 5181 3709 5233 καὶ
3750 5182 4061 5250 μανθάνετε

2488 5286 2616 5355 παρ’
2636 5282 2817 5338 αὐτῶν
2834 5282 2908 5345 ὡς
2928 5280 3086 5348 κάγὼ
3119 5273 3257 5344 οἶδα,
3289 5279 3371 5332 ὅτι
3402 5275 3511 5329 ἀπὸ
3533 5274 3838 5346 προσώπου
3872 5276 4061 5328 Δεκίου

2485 5375 2579 5430 τοῦ
2616 5364 2881 5445 βασιλέως
2911 5371 3268 5441 πεφεύγαμεν
3312 5369 3495 5421 ικεῖσε
3520 5408 3536 5434 ,
3592 5366 3752 5431 κάγὼ
3793 5361 3941 5420 εἶδον
3971 5362 4063 5430 ιψι

2488 5467 2567 5527 είς
2615 5464 2714 5533 τὴν
2764 5462 2923 5517 πόλιν
2979 5460 3216 5528 Ἔφεσον
3266 5460 3361 5512 τὸν
3407 5459 3622 5513 Δέκιον.
3680 5457 3747 5510 Ei
3784 5454 3885 5512 οὖν
3929 5454 4060 5521 αὕτη

2490 5562 2637 5614 ἐστὶν
2666 5560 2698 5629 ἡ
2739 5558 2896 5618 πόλις
2936 5554 3190 5622 Ἔφεσος,
3221 5551 3321 5604 οὐκ
3346 5547 3490 5605 οἶδα.
3517 5551 3657 5602 Τότε
3693 5552 3720 5604 6
3757 5547 4062 5617 ἀγιὼτατος

2493 5653 2767 5720 Στέφανος
2794 5652 2821 5702 6
2846 5648 3146 5708 ἐπίσκοπος
3176 5644 3490 5715 ἐνεθυμήθη
3518 5644 3576 5695 ὲν
3599 5644 3667 5714 τῇ
3700 5638 3943 5709 διανοίᾳ,
3977 5640 4062 5691 καὶ

2493 5741 2678 5798 εἶπεν·
2723 5741 3090 5809 Ἀποκὰλυψίν
3119 5756 3240 5791 τινα
3260 5738 3437 5800 ἁΘεδς
3476 5735 3737 5805 βούλεται
3782 5733 3921 5798 ἡμῖν
3967 5748 4064 5801 ςι-

2494 5856 2543 5891 νε
2558 5837 2723 5908 βῶσαι
2762 5838 3001 5903 σήμερον
3034 5832 3123 5889 διὰ
3148 5831 3243 5885 τοῦ
3282 5831 3569 5884 νεανίσκου
3597 5825 3797 5879 τούτου
3820 5842 3832 5851 ·
3879 5829 3968 5879 καί
4006 5825 4062 5895 δὴ
