4188 6310
163 366 271 431 449

1291 371 1469 430 νιΤΑ
1509 370 1571 434 S.
1611 373 2278 441 PANTELEEMONIS.

3293 380 3398 443 450

145 479 359 551 (ἐφοίτα
386 478 492 550 γὰρ
527 480 604 542 εἰς
631 478 694 533 τὰ
728 478 974 549 βασίλεια
998 480 1074 552 τῷ
1098 481 1403 554 διδασκάλῳ
1422 486 1699 556 ἑπόμενος]

1819 503 2049 558 sequens
2094 491 2439 562 magistrum)
2495 505 2600 545 non
2642 489 2859 545 silentio
2895 490 3217 562 prmterierit
3252 511 3264 547 :
3302 496 3398 549 sed

136 573 203 626 οὐ
232 576 353 643 σιγῇ
388 574 699 642 παρελθεῖν,
724 574 861 627 ἀλλὰ
880 576 948 626 δι’
978 576 1203 646 ἐρεύνης
1220 577 1286 630 τὰ
1305 578 1511 632 ἐκείνου
1540 582 1709 632 ποιεῖ-

142 668 268 719 σθαι
326 666 840 738 προσκαλεσάμενον
897 669 989 721 καὶ
1047 670 1180 722 ὅπου
1217 670 1302 736 εἱή
1334 673 1425 723 καὶ
1462 670 1582 724 ὅθεν
1617 674 1711 725 καὶ

138 759 309 812 τᾶλλα
339 759 678 827 διερωτῶντα
722 760 783 815 οὐ
828 760 932 830 μὴν
980 760 1114 812 ἀλλὰ
1160 760 1252 813 καὶ
1287 761 1365 831 τῷ
1399 762 1709 834 διδασκάλῳ

136 850 445 919 ἐπισκῆψαι
498 850 632 921 πρὸς
664 852 826 921 ταχος
861 851 1019 904 αὐτὸν
1065 853 1163 920 τὴν
1221 846 1475 923 ἰατρικὴν
1527 856 1708 907 πᾶσαν

136 942 535 1011 ἐκμελετῆσαι·
560 943 700 1018 ἥσθη
738 943 843 1014 γὰρ
871 943 961 995 ἐπὶ
992 941 1067 1009 τῷ
1102 942 1266 996 αὑτοῦ
1301 944 1419 1014 ήθει
1450 946 1617 1015 ἀρετῇ
1652 962 1705 997 τε

132 1037 202 1104 τῇ
231 1035 369 1106 ἄλλῃ
403 1038 491 1087 καὶ
527 1034 744 1106 ἔκρινεν
767 1034 909 1103 ἔχειν
944 1037 1149 1087 ἐκεῖνον
1183 1037 1260 1098 είς
1290 1036 1356 1088 τὰ
1395 1036 1658 1108 βασίλεια.

210 1128 283 1181 l".
310 1129 441 1180 Κατ’
475 1130 646 1183 ἐκεῖνο
675 1128 731 1186 δὲ
762 1127 955 1197 καιροῦ
996 1128 1305 1198 πρεσϐύτης
1346 1146 1429 1191 τις
1463 1128 1703 1198 τοῦνομα

144 1219 447 1290 Ἑρμόλαος
475 1222 529 1271 ἐν
562 1219 819 1287 δωματίῳ
846 1221 950 1272 τινί
978 1220 1075 1273 σὺν
1095 1222 1188 1273 καὶ
1216 1220 1395 1283 ἄλλοις
1423 1219 1537 1289 ἅμα
1567 1221 1703 1289 Χρι-

131 1315 372 1372 στιανοῖς
404 1309 778 1379 κρυπτόμενος
804 1306 869 1384 ἧν
898 1311 1078 1380 (τοῦτο
1095 1312 1203 1383 γὰρ
1220 1310 1353 1365 ότοῦ
1373 1313 1703 1381 κρατοῦντος

126 1402 298 1469 φόϐος
329 1401 650 1468 ἐποίει).⁴ος
676 1402 909 1461 ἀπιόντα
934 1403 1021 1454 τὸν
1052 1401 1417 1455 Παντολέοντα
1455 1403 1533 1465 είς
1568 1402 1706 1456 διδα-

125 1494 332 1544 σκάλου
366 1490 634 1562 θεώμενος
670 1501 763 1545 καί
804 1494 879 1563 τῷ
912 1492 1144 1563 θύραθεν
1177 1494 1430 1565 ὀστράκῳ
1449 1494 1539 1550 τὸν
1570 1496 1703 1549 εἴσω

122 1582 606 1653 ἐγκαλυπτόμενον
676 1586 1023 1656 μαργαρίτην
1087 1586 1388 1653 κατανοῶν,
1452 1588 1598 1649 ὅπως
1644 1604 1702 1640 τε

124 1672 243 1750 εἶχε
296 1679 616 1747 κινήματος,
664 1678 813 1740 ὅπως
850 1678 1159 1749 βλέμματος
1182 1681 1281 1733 καὶ
1316 1680 1389 1743 ὡς
1427 1680 1476 1732 οί
1504 1679 1705 1747 οφθαλ-

123 1764 226 1835 μοὶ
261 1765 407 1835 αὐτῷ
439 1766 645 1835 ἥμερον
672 1767 858 1836 ἑώρων
892 1770 986 1822 καὶ
1032 1770 1265 1840 γαληνόν
1291 1787 1305 1801 ·
1337 1769 1511 1824 ταῦτα
1556 1772 1701 1824 έκεῖ-

1815 594 1939 634 eum
1971 596 2279 647 accersens,
2312 584 2378 638 de
2418 583 2535 653 ipso
2566 583 2891 653 inquisierit.
2923 584 3208 653 cujusnam
3250 596 3398 640 esset

1818 671 1980 736 filius,
2009 681 2062 727 et
2092 674 2259 739 unde,
2295 684 2348 729 et
2382 675 2483 729 alia
2545 676 2813 747 rogaverit
2848 694 2860 729 :
2890 678 3018 747 quin
3048 677 3210 731 etiam
3256 692 3396 747 prae-

1816 764 2017 832 ceptori
2075 766 2418 825 mandaverit
2460 775 2518 822 ut
2561 785 2707 831 eum,
2760 785 2920 839 quam
2969 769 3232 827 citissime
3276 769 3393 823 fieri

1814 866 2019 926 posset,
2081 860 2134 913 in
2186 861 2334 915 omni
2395 872 2673 917 exerceret
2734 863 3185 932 medicinazejus
3244 860 3387 916 enim

1814 950 2061 1006 moribus
2087 960 2141 1005 et
2194 951 2325 1007 ﬂore
2375 954 2594 1010 virtutis
2645 954 3043 1021 delectabatur,
3097 964 3151 1009 et
3200 958 3391 1011 statuit

1812 1039 1960 1096 illum
1994 1045 2192 1101 habere
2224 1049 2277 1100 in
2309 1049 2474 1118 regia.

1881 1132 1971 1189 Ill.
2009 1136 2101 1191 Illo
2147 1150 2328 1194 autem
2362 1149 2605 1211 tempore
2660 1143 2878 1212 quidam
2913 1159 3078 1197 senex
3136 1144 3392 1215 religione

1812 1224 2184 1297 Christianus,
2223 1233 2444 1287 nomine
2469 1234 2808 1299 Hermolaus,
2844 1245 2962 1291 erat
3012 1237 3308 1293 abseonsus
3339 1239 3391 1292 in

1809 1320 2040 1389 quadam
2074 1322 2401 1380 domuncula
2436 1342 2559 1382 cum
2598 1328 2719 1382 aliis
2776 1328 3101 1384 Christianis
3136 1331 3212 1398 (id
3243 1333 3389 1385 enim

1820 1412 2050 1469 faciebat
2109 1427 2287 1477 metus
2362 1420 2751 1491 imperatoris).
2822 1422 2926 1490 Qui
2999 1439 3123 1478 eum
3179 1424 3389 1479 videret

1812 1506 2196 1565 Pantoleonem
2210 1522 2427 1567 euntem
2445 1516 2509 1568 ad
2524 1524 2997 1584 praeceptorem,et
3010 1524 3232 1570 externa
3252 1526 3389 1571 testa

1810 1600 2264 1659 animadverteret
2281 1605 2445 1659 celari
2468 1607 2839 1677 margaritam,
2860 1606 3215 1662 considerans
3240 1609 3390 1676 quis—

1808 1706 1933 1746 nam
1968 1704 2113 1748 esset
2139 1696 2259 1765 ejus
2292 1697 2556 1763 incessus,
2588 1698 2708 1767 quis
2736 1709 2934 1758 tnotus.
2964 1699 3087 1768 quis
3108 1710 3388 1769 aspectus,

1811 1797 2011 1854 quanta
2030 1796 2174 1842 esset
2189 1789 2309 1857 ejus
2331 1790 2611 1845 oculorum
2629 1791 2893 1846 serenitas
2910 1799 2962 1845 et
2986 1793 3346 1861 tranquillitas
3371 1810 3388 1860 ;

121 1871 220 1917 νο(
274 1857 418 1926 ὀρῶν
464 1858 557 1909 καὶ
620 1857 810 1928 ῶσπερ
859 1860 983 1911 τινὰ
1033 1856 1231 1929 εὖγενῆ
1291 1862 1479 1926 ἵππον,
1509 1855 1620 1913 οἷον
1653 1862 1699 1913 ot

1817 1873 1953 1939 haec,
1985 1855 2231 1944 inquam,
2266 1890 2392 1955 cum
2422 1877 2509 1931 ille
2556 1877 2789 1943 videret,
2847 1891 2922 1941 et,
2970 1855 3391 1950 sicut-genero;

117 1946 255 2016 περὶ
286 1947 458 1999 ταῦτα
497 1947 681 2012 δεινοὶ,
709 1951 801 2000 καὶ
834 1948 913 2000 ἔτι
950 1949 1127 2002 πῶλον
1170 1950 1298 2003 ὄντα
1326 1951 1520 2019 κρίνας
1578 1952 1699 2024 ἄρκι-

119 2054 254 2090 στον
292 2037 530 2105 ἔσεσθαι,
552 2040 710 2107 γνούς
731 2058 791 2093 τε
825 2041 912 2095 διὰ
944 2041 1033 2094 τοῦ
1068 2042 1225 2110 ᾁγίου
1264 2042 1599 2113 Πνεῦματος,
1620 2045 1702 2097 ὃτι

122 2130 324 2194 σκεῦος
352 2132 582 2203 ἐκλογῆς
607 2132 907 2203 ὀφθήσεται
939 2134 1082 2187 κατὰ
1108 2134 1339 2201 Παῦλον,
1376 2138 1520 2205 μέγα
1550 2139 1703 2190 ἐποι-

118 2223 253 2277 οῦτο
285 2226 379 2278 καὶ
414 2225 608 2279 πολλοῦ
664 2226 821 2280 τοῦτο
882 2228 1033 2295 ἠξίου
1064 2227 1124 2279 τὸ
1182 2228 1438 2299 τοιαύτην
1494 2231 1701 2289 ἐκεῖνον

119 2319 615 2390 ἁγρεῦσαιψυχήν.
650 2321 787 2373 [loti-ﬁ
841 2316 970 2390 γοῦν
1025 2322 1294 2392 παριόντα
1328 2321 1705 2391 προσκαλεσά-

124 2426 317 2478 μενος,
338 2410 599 2463 εἰσελθεῖν
633 2411 778 2464 ἔνδον
811 2412 962 2479 ἠξίου
1002 2416 1059 2465 ὲν
1093 2406 1135 2481 ᾧ
1168 2414 1370 2477 ἐκεῖνος
1399 2413 1703 2483 ἐκρύπτετο

118 2504 387 2574 δωματίῳ
416 2506 511 2565 καὶ
539 2504 594 2566 ὃς
636 2504 808 2575 εἰσῄει
839 2506 934 2557 καὶ
968 2506 1196 2575 πλησίον
1236 2508 1397 2559 αὑτὸν
1446 2522 1703 2575 παρακα-

120 2597 443 2665 θισάμενος,
477 2597 665 2666 ἠρώτα
696 2597 847 2665 γένος
898 2615 955 2649 τε
1005 2600 1098 2651 καὶ
1139 2600 1377 2668 πατέρας
1403 2600 1493 2650 καὶ
1519 2600 1702 2655 ὁποῖον

117 2689 430 2753 ἀσπάζοιτο
458 2688 620 2752 σέϐας
652 2690 746 2741 καὶ
786 2688 909 2759 ἑξῆς
938 2689 1161 2744 ἕκαστα.
1183 2690 1292 2743 Καὶ
1329 2692 1355 2742 ὀ
1381 2690 1699 2748 Παντολέων

115 2782 293 2845 εὐθὺς
348 2782 563 2835 ᾶπαντα
618 2782 753 2852 πρὸς
790 2782 1047 2853 ἀλήθειαν
1094 2782 1383 2851 καταλέγει
1410 2822 1424 2848 ,
1449 2784 1542 2835 καὶ
1565 2783 1638 2845 ὡς
1667 2784 1701 2853 ὴ

121 2874 227 2943 μὲν
262 2875 447 2944 μήτηρ
482 2873 746 2927 ἀποθάνοι
778 2874 879 2949 ήδη
911 2875 979 2926 τὰ
1029 2873 1372 2946 Χριστιανῶν
1411 2876 1701 2950 σεϐομένη,

116 2967 146 3018 6
176 2966 367 3035 πατὴρ
393 2966 448 3017 δὲ.
479 2964 587 3029 ζῶν
613 2965 839 3034 τέθνηκε
870 2966 966 3035 τὴν
997 2966 1270 3035 Ἑλλήνων
1316 2967 1518 3035 μετιὼν
1570 2968 1703 3041 θρη-

118 3059 341 3111 σκείαν.
373 3053 505 3110 Εἶτα
535 3058 562 3110 6
609 3058 923 3127 πρεσϐύτης
981 3060 1239 3131 προσθείς
1262 3078 1275 3091 ·
1302 3060 1471 3123 Λῦτδς
1499 3060 1579 3125 δὲ,
1605 3063 1704 3114 παῖ

116 3151 284 3214 καλὲ,
313 3149 438 3225 ἔφη,
478 3154 627 3214 τίνος
680 3151 881 3222 μέρους
932 3146 1073 3206 εἶναι
1104 3151 1285 3221 βούλει
1336 3151 1430 3205 καὶ
1466 3154 1699 3222 ποτέρου

1806 1979 1926 2021 sum
1962 1969 2250 2037 quemdam
2298 1984 2497 2037 equum
2532 1968 2590 2032 ii,
2624 1968 2714 2037 qui
2754 1981 2939 2023 tenent
2980 1968 3170 2023 harum
3206 1989 3386 2027 rerum

1804 2054 2117 2119 scientiam,
2172 2057 2387 2112 etiamsi
2430 2058 2499 2114 sit
2533 2056 2710 2112 adhuc
2746 2059 2944 2127 pullus,
2996 2058 3240 2128 judicaut
3274 2062 3387 2116 fore

1804 2143 2066 2212 optimum
2106 2154 2246 2199 :aut
2289 2161 2353 2199 ex
2419 2156 2603 2200 tenera
2667 2148 2845 2202 adhuc
2896 2151 3076 2218 planta
3135 2152 3386 2207 arborem

1802 2245 1980 2305 aptam
2036 2234 2103 2289 ad
2136 2236 2370 2290 fructum
2406 2254 2417 2290 :
2454 2241 2800 2307 cognovisset
2845 2258 2940 2309 per
2970 2243 3217 2311 spiritum
3251 2244 3385 2304 fore,

1806 2340 1864 2383 ut
1936 2326 2089 2383 Pauli
2172 2330 2443 2385 sententia
2527 2342 2848 2387 cerneretur
2912 2350 3007 2387 vas
3076 2334 3383 2400 electionis,

1806 2423 1983 2494 magni
2038 2424 2279 2479 ducebat
2334 2432 2393 2478 et
2440 2425 2659 2495 plurimi
2694 2428 2797 2482 hoc
2838 2425 3088 2493 faciebat,
3130 2430 3174 2484 si
3226 2431 3384 2485 talem

1805 2514 1947 2569 illam
1972 2526 2198 2572 venatus
2228 2526 2375 2572 esset
2425 2519 2679 2574 animam.
2710 2520 2844 2575 Cum
2878 2536 3007 2589 eum,
3039 2524 3220 2592 itaque
3250 2541 3388 2592 prae.-

1806 2613 2105 2659 lereuntem
2142 2607 2434 2675 aliquando
2455 2612 2821 2676 accersiisset,
2858 2616 3087 2684 rogavit,
3117 2625 3175 2669 ut
3205 2617 3386 2687 ingre-

1803 2693 2022 2747 deretur
2058 2695 2111 2749 in
2150 2696 2293 2749 illam
2359 2698 2412 2750 in
2443 2713 2546 2767 qua
2576 2699 2799 2764 latebat,
2837 2702 3245 2759 domunculam.
3292 2705 3387 2760 [lle

1802 2796 1979 2840 autem
2041 2787 2316 2858 ingressus
2349 2799 2451 2843 est.
2510 2789 2683 2855 Quem
2744 2806 2869 2846 eum
2936 2809 3106 2864 prope
3167 2800 3386 2853 fecisset

1803 2881 2012 2945 sedere,
2045 2882 2253 2952 rogavit
2292 2881 2359 2936 de
2392 2897 2611 2953 genere,
2644 2892 2698 2937 et
2733 2884 3073 2954 parentibus,
3105 2896 3160 2941 et
3190 2889 3382 2959 cujus-

1802 2988 1925 3026 nam
1958 2984 2103 3027 esset
2140 2974 2435 3045 religionis,
2455 2985 2509 3030 et
2539 2976 2796 3047 deinceps
2837 2979 3068 3050 singula.
3091 2980 3383 3036 Pantoleon

1802 3080 1931 3120 vero
1966 3065 2148 3119 statim
2175 3066 2356 3119 omnia
2399 3067 2583 3130 refert,
2619 3075 2677 3120 ut
2730 3068 2805 3120 rei
2862 3069 3097 3124 habebat
3132 3072 3331 3127 veritas
3365 3092 3377 3126 :

1802 3168 1851 3215 et
1884 3158 2026 3230 quod
2058 3167 2228 3213 mater
2259 3158 2477 3229 quidem
2504 3160 2615 3230 jam
2650 3170 2797 3215 esset
2837 3169 3071 3230 mortua,
3106 3180 3227 3234 qua:
3266 3176 3383 3220 erat

114 3242 508 3314 σεϐάσματος;
536 3244 687 3298 Καὶό
708 3242 1020 3297 ῐιαντολέων
1040 3258 1053 3272 ’
1091 3243 1153 3296 Ἢ
1174 3244 1275 3313 μὲν
1299 3244 1504 3314 μήτηρ,
1528 3238 1699 3309 εἶπεν,

1808 3252 2063 3321 religione
2114 3253 2420 3309 Christiana
2450 3272 2463 3319 ;
2500 3262 2654 3325 pater
2686 3266 2865 3309 autem
2904 3257 3089 3311 vivens
3124 3258 3196 3311 sit
3233 3274 3379 3312 mor-

114 3339 205 3392 ἔτι
268 3337 535 3410 περιοῦσα
598 3340 711 3398 τοῖς
736 3341 920 3403 αὐτοῖς
970 3355 1038 3408 με
1094 3336 1386 3399 συνθέσθαι
1441 3337 1697 3408 παρῄνει,

111 3432 262 3503 ὅπερ
295 3433 359 3502 δὴ
396 3432 491 3485 καὶ
517 3432 679 3495 αὐτὸς
704 3431 1019 3502 ἠϐουλόμην
1040 3449 1054 3464 ⁸
1081 3434 1107 3482 6
1131 3432 1185 3484 δὲ
1238 3430 1425 3502 πατὴρ
1460 3430 1557 3493 ate
1606 3431 1700 3484 καὶ

114 3526 352 3598 μείζονα
385 3525 483 3593 τὴν
519 3526 670 3595 ἰσχὺν
704 3526 865 3593 ἔχων,
890 3528 954 3599 τῇ
993 3523 1157 3576 αὑτοῦ
1208 3525 1499 3594 προσέχειν
1531 3527 1702 3598 ἀναγ-

111 3619 286 3681 κάζει
323 3617 615 3686 θρησκεία,
671 3615 793 3668 ἐπεὶ
840 3616 931 3667 καὶ
964 3614 1215 3684 βούλεται
1249 3618 1360 3678 τοῖς
1395 3615 1487 3667 τοῦ
1523 3616 1699 3668 παλα-

110 3711 243 3765 τίου
304 3710 453 3780 ἡμᾶς
516 3707 875 3776 ὲντάξαι.Τίς
899 3707 955 3761 δὲ
988 3709 1052 3780 ἢν
1101 3708 1342 3779 μετέρχῃ
1395 3707 1699 3762 παιδείανὸ

111 3804 448 3877 πρεσϐύτης
484 3806 681 3876 φησίνς
727 3803 1081 3868 ’Δσκληπιοῦ,
1112 3803 1240 3873 ἔφη,
1266 3807 1360 3856 καὶ
1405 3802 1701 3871 Ἱπποκρά-

108 3916 247 3961 τους
291 3898 457 3968 τέχνη
508 3898 602 3949 καὶ
656 3896 921 3963 Γαληνοῦ.
945 3895 1113 3948 Τοῦτο
1147 3898 1253 3967 γὰρ
1305 3895 1505 3965 καὶτῷ
1531 3895 1699 3967 πατρί

111 4006 226 4059 μου
252 3987 446 4044 δοκοῦν
474 4005 487 4021 '
522 3986 656 4041 ἀλλὰ
680 3990 772 4041 καὶ
798 3986 1001 4049 αὐτδςό
1026 3987 1344 4050 διδάσκαλός
1374 4004 1439 4057 με
1458 3988 1698 4060 βεϐαιῶν

106 4078 506 4151 πάρεστιν,ὠς
536 4079 583 4131 εί
624 4078 831 4149 ταύτην
882 4078 1111 4147 μάθοιμι
1164 4078 1432 4149 ἀκριϐῶς,
1473 4079 1696 4145 δυνατὸς

107 4172 265 4228 εἶναι
316 4172 495 4227 πᾶσαν
538 4171 884 4244 ἀνθρωπίνην
932 4170 1113 4224 ἰᾶσθαι
1160 4172 1314 4224 νόσον
1363 4171 1457 4225 καὶ
1492 4172 1695 4237 παντὸς

103 4267 330 4331 πάθους
399 4266 754 4337 ἰσχυροτέραν
801 4263 1203 4338 προϐάλλεσθαι
1254 4266 1497 4341 ταύτην·
1546 4266 1639 4329 καὶ
1668 4268 1696 4319 6

115 4359 461 4431 Ἑρμόλαος,
504 4358 757 4427 ἀφορμὰς
789 4359 888 4428 ήδη
937 4359 1031 4412 καὶ
1066 4358 1357 4429 σπέρματα
1404 4359 1553 4428 παρὰ
1585 4358 1696 4420 τῶν

104 4452 338 4504 ἐκείνου
360 4449 532 4518 λόγων
553 4447 753 4510 λαϐὼν,
770 4450 1022 4521 καθάπερ
1045 4450 1270 4525 ἀγγείου
1298 4450 1477 4525 τυχὼν
1503 4450 1692 4515 καλοῖ),

1803 3350 1948 3407 tuus,
1991 3344 2272 3413 gentilium
2328 3359 2561 3414 sequens
2633 3347 3102 3414 superstitionem.
3178 3347 3382 3404 Deinde

1802 3450 1926 3491 cum
1963 3435 2252 3505 adiecisset
2283 3450 2447 3491 senex
2475 3454 2490 3493 :
2523 3434 2604 3490 Tu
2634 3446 2839 3499 autem,
2878 3437 3019 3492 bone
3059 3438 3152 3501 fili,
3194 3440 3384 3508 cujus-

1799 3542 1925 3582 nam
1958 3528 2039 3583 vis
2068 3543 2187 3583 esse
2217 3528 2407 3598 partis,
2442 3538 2495 3584 et
2537 3528 2708 3583 utrius
2738 3528 3046 3598 religionis?
3076 3526 3378 3583 Pantoleon

1799 3634 1927 3679 vero
1963 3618 2171 3677 :Mater
2232 3620 2473 3690 quidem,
2539 3620 2733 3689 inquit,
2792 3636 2915 3672 cum
2982 3631 3131 3675 esset
3202 3622 3384 3677 adhuc

1798 3720 2095 3782 superstes,
2167 3714 2357 3779 suasit,
2428 3722 2488 3767 ut
2562 3712 2858 3767 asseutirer
2927 3712 3043 3781 ejus
3114 3714 3380 3784 religioni,

1798 3804 1941 3874 quod
1978 3803 2195 3873 quidem
2254 3804 2383 3857 mihi
2420 3804 2664 3874 placebat
2698 3822 2711 3868 ;
2742 3815 2895 3872 pater
2923 3815 3127 3867 autem,
3173 3815 3234 3859 ut
3288 3806 3380 3876 qui

1797 3897 1870 3953 sit
1898 3896 2114 3963 fortior,
2162 3896 2306 3969 cogit
2330 3913 2415 3953 me
2454 3896 2700 3968 religioni
2750 3911 2861 3952 sua:
2918 3898 3047 3950 dare
3106 3912 3378 3966 Operam;

1801 3992 1912 4047 vult
1962 3992 2106 4046 enim
2137 4006 2222 4046 me
2278 3990 2482 4046 referre
2536 3990 2591 4044 in
2648 4004 2931 4043 numerum
2993 3988 3376 4058 palatinorum.

1798 4081 2056 4149 Quaenam
2088 4097 2217 4137 vero
2271 4088 2357 4135 est
2396 4095 2480 4146 ea,
2533 4078 2618 4135 cui
2668 4079 2879 4143 studes,
2950 4080 3273 4147 disciplina?
3305 4082 3381 4134 ait

1797 4193 1961 4233 senex
2026 4194 2039 4229 :
2101 4174 2420 4243 Aisculapii,
2490 4172 2686 4243 inquit,
2758 4181 2814 4227 et
2884 4170 3251 4243 Hippocratis,
3322 4189 3379 4238 et

1797 4267 2007 4323 Galeui.
2072 4267 2206 4320 Nam
2248 4268 2350 4319 hoc
2412 4278 2629 4335 quoque
2668 4263 2843 4319 visum
2909 4272 2994 4318 est
3040 4263 3178 4332 patri
3234 4280 3376 4318 meo.

1797 4361 1938 4429 Quin
1969 4360 2131 4415 etiam
2165 4359 2279 4429 ipse
2306 4358 2462 4411 nobis
2518 4354 2804 4414 afﬁrmavit
2837 4351 3112 4427 magister,
3142 4357 3284 4425 quod
3330 4357 3374 4411 si

1795 4469 1915 4509 eam
1983 4462 2233 4506 accurate
2292 4448 2555 4511 didicero,
2628 4456 2820 4517 potero
2876 4462 3071 4502 curare
3155 4462 3371 4504 onmem

101 4547 171 4597 τὸ
204 4545 358 4597 θεῖον
408 4544 509 4614 τῆς
562 4542 798 4607 πίστεως
829 4542 1001 4615 μύρον
1051 4544 1312 4613 ἐμϐαλεῖν
1365 4543 1538 4613 ἠξίου.
1585 4546 1694 4598 Καὶ

1802 4546 2047 4602 morbum
2078 4545 2374 4599 humanum
2406 4550 2458 4597 et
2494 4556 2637 4607 eam,
2691 4552 2752 4595 ut
2783 4539 3082 4605 fortiorem,
3136 4541 3371 4611 objicere

100 4634 381 4707 πείσθητί
416 4653 506 4705 μοι
533 4679 549 4701 ,
579 4637 975 4707 {emaduisse
1034 4635 1353 4703 νεανίσκων,
1397 4638 1490 4692 καὶ
1526 4638 1695 4713 γνῶθι

98 4732 195 4786 ὅτι
230 4730 305 4783 τά
349 4726 679 4799 Ἀσκληπιοῦ
703 4728 875 4784 ταῦτα
904 4729 998 4783 καὶ
1035 4728 1433 4800 Ἱπποκράτους
1467 4730 1561 4784 καὶ
1594 4730 1631 4782 Γ
1635 4748 1696 4784 αα

99 4822 287 4895 ληνοῦ
329 4820 502 4896 μικρά
530 4821 622 4875 καὶ
654 4820 799 4892 πρὸς
848 4823 1044 4894 μικρὸν
1087 4824 1201 4885 τοῖς
1232 4824 1539 4894 χρωμένοις
1570 4823 1697 4896 βοη-

101 4918 231 4970 θεῖν
264 4917 491 4969 δύναται
517 4932 530 4946 ⁸
567 4914 703 4971 ἀλλὰ
734 4916 827 4967 καὶ
861 4914 975 4968 θεοὶ
1005 4914 1157 4969 αὐτοὶ
1184 4916 1279 4977 οὓς
1312 4915 1531 4969 σέϐεται
1570 4918 1693 4970 Μα-

102 5010 378 5079 ξιμιανὸς
408 5006 565 5077 μῦθοι
595 5009 741 5062 κενοὶ
777 5012 1119 5079 κουφοτέρων
1162 5009 1340 5061 ἀκοῶν
1380 5009 1694 5078 κλέμματα,

100 5103 362 5172 ὠφελεῖν
394 5101 451 5155 δὲ
481 5099 633 5153 οὐδὲν
666 5102 725 5153 τὸ
760 5100 1023 5171 παράπαν
1048 5102 1361 5172 δυνάμενοι,
1406 5101 1521 5153 ἀλλ’
1541 5103 1568 5155 ά
1598 5102 1695 5170 μά-

98 5211 201 5258 νος
232 5193 447 5263 ἀληθὴς
472 5190 603 5255 Θεὸς
630 5192 657 5244 6
689 5191 942 5262 Χριστὸς,
976 5194 1053 5255 εἰς
1081 5193 1139 5256 ὃν
1178 5194 1478 5256 πιστεύσας
1529 5193 1693 5256 αὑτοῦ

100 5288 291 5361 μόνου
321 5286 385 5353 τῇ
416 5285 697 5355 ἐπικλήσει
730 5284 873 5337 ἆπαν
904 5286 1115 5355 νόσημα
1148 5286 1468 5353 φυγαδεόων
1495 5285 1615 5357 ἔσῃ,
1638 5285 1696 5348 ὃς

96 5378 349 5449 τυφλοῖς
383 5375 484 5443 μὲν
515 5378 649 5445 φῶς,
680 5378 892 5447 νεκροῖς
938 5378 995 5430 δὲ
1030 5377 1348 5441 ἀνάστασιν,
1391 5378 1613 5452 λεπροῖς
1637 5378 1694 5431 δὲ

98 5473 397 5539 κάθαρσιν
429 5468 762 5541 ἐδωρήσατο,
788 5471 880 5523 καὶ
932 5470 992 5533 ὃς
1024 5473 1146 5535 τοὺς
1199 5470 1302 5524 ὑπὸ
1344 5471 1693 5546 Μαξιμιανοῦ

102 5561 639 5639 προσκυνουμένους
671 5564 928 5633 δαίμονας
957 5562 1100 5633 λόγῳ
1142 5564 1291 5636 μόνῳ
1334 5564 1428 5617 καὶ
1468 5564 1696 5633 ἐπιτάγ-

104 5677 257 5731 ματι
278 5656 539 5725 ἐξήλαυνε
558 5654 665 5707 τῶν
679 5657 1000 5727 ἀνθρώπων,
1023 5651 1082 5709 οῦ
1125 5659 1217 5710 καὶ
1242 5658 1335 5709 τοῦ
1358 5659 1693 5730 .κρασπέδου

100 5752 261 5820 γυνὴ
294 5750 550 5819 ἁψαμένη
574 5745 668 5799 τοῦ
696 5747 912 5817 ἱματίου
945 5750 1161 5819 ὀχετοὺς
1183 5749 1413 5819 αἵματος
1437 5751 1522 5819 ἐφ’
1552 5752 1693 5813 ὅλοις

95 5843 333 5895 δώδεκα
365 5843 582 5913 χρόνοις
609 5842 828 5913 ῥέοντας
862 5844 1019 5907 εὐθὺς
1049 5844 1265 5917 ἔστησε.
1303 5846 1410 5897 Καὶ
1440 5846 1491 5897 τί
1522 5846 1601 5901 δεῖ
1625 5844 1689 5898 τὰ

1799 4641 1972 4697 cuivis
2001 4638 2290 4694 aﬂ‘ectioni.
2347 4636 2664 4690 Hermolaus
2693 4645 2873 4687 autem
2907 4649 2974 4687 ex
3020 4636 3163 4688 illius
3196 4636 3374 4689 verbis

1797 4736 2083 4791 occasione
2132 4741 2350 4802 accepta
2379 4738 2433 4786 et
2487 4727 2718 4797 semine,
2754 4736 3009 4798 tanquam
3067 4727 3371 4798 pulcherri-

1797 4846 1946 4885 mum
2006 4838 2197 4885 nactus
2248 4809 2667 4895 receptaculum,
2720 4821 2886 4891 erepit
2938 4822 3183 4877 divinum
3248 4820 3370 4878 fidei

1796 4923 2055 4979 fluentum
2116 4922 2167 4974 in
2224 4920 2275 4972 id
2328 4916 2602 4972 effundere
2636 4933 2649 4969 :
2678 4913 2851 4971 Crede
2884 4914 3039 4981 mihi,
3102 4915 3311 4977 dicens,
3344 4932 3375 4969 ο

1796 5014 1998 5083 Optime
2052 5010 2389 5073 adolescens,
2422 5021 2546 5064 vera
2599 5006 2823 5069 dicenti,
2881 5004 3003 5058 H:ec
3056 5002 3371 5074 IEsculapii,

1796 5103 2137 5176 Hippocratis
2194 5110 2249 5154 et
2273 5099 2456 5154 Galeni
2476 5111 2639 5167 parva
2660 5104 3093 5165 sunt,etparum
3146 5107 3375 5163 possunt

1798 5198 2055 5270 prodesse
2114 5193 2181 5250 iis
2206 5192 2297 5263 qui
2330 5192 2410 5245 eis
2440 5198 2685 5245 utuntur.
2741 5187 2881 5254 Quin
2911 5189 3073 5241 etiam
3120 5187 3193 5240 dii
3252 5186 3373 5256 ipsi,

1796 5306 1929 5360 quos
1955 5288 2085 5343 colit
2114 5284 2491 5347 Maximianus,
2517 5291 2645 5336 sunt
2671 5294 2808 5334 vana
2838 5279 3059 5333 omnino
3082 5278 3281 5337 fabula.
3322 5290 3376 5333 et

1797 5377 2057 5432 leviorum
2079 5372 2337 5428 mentium
2361 5370 2631 5440 deeeptio.
2664 5367 2817 5424 Unus
2836 5377 3016 5421 autem
3052 5365 3199 5423 solus
3217 5380 3378 5421 verus

1799 5468 1938 5523 Deus
1966 5477 2048 5523 est
2073 5466 2321 5521 Christus
2356 5483 2367 5519 :
2401 5464 2453 5517 in
2479 5478 2639 5533 quem
2678 5460 2724 5515 si
2764 5456 3081 5519 credideris,
3115 5458 3233 5524 ejus
3264 5457 3376 5512 sola

1798 5561 2138 5617 invocatione
2183 5572 2375 5611 omnes
2418 5557 2637 5612 morbos
2680 5553 2856 5608 solves
2892 5560 2946 5606 et
2998 5550 3207 5621 fugabis
3242 5568 3253 5603 :
3286 5550 3377 5619 qui

1798 5658 1952 5712 caecis
1982 5653 2197 5722 quidem
2228 5653 2425 5715 lucem,
2460 5650 2690 5706 mortuis
2738 5657 2921 5703 autem
2970 5648 3161 5710 vitam,
3196 5646 3381 5712 lepro-

1799 5753 1877 5805 sls
1922 5750 2069 5804 dedit
2123 5748 2540 5819 purgationem:
2575 5746 2666 5815 qui
2713 5757 2810 5798 eos
2843 5743 2933 5813 qui
2971 5758 2999 5793 a
3056 5738 3378 5794 Maximiano

1799 5845 2116 5912 adorantur,
2150 5842 2444 5908 darmones,
2477 5838 2591 5895 solo
2630 5838 2795 5894 verbo
2852 5845 2905 5890 et
2958 5834 3113 5905 jussu
3168 5831 3377 5902 expulit
