  <div class='ocr_page' id='page_1' title='image "/cluster/home/n/w/nwhite01/storage/ocr_20150623/115/pst.000005714285/301.png"; bbox 0 0 4188 6310; ppageno 0'>
   <div class='ocr_carea' id='block_1_1' title="bbox 752 396 850 461">
    <p class='ocr_par' dir='ltr' id='par_1_1' title="bbox 752 396 850 461">
     <span class='ocr_line' id='line_1_1' title="bbox 752 396 850 461; baseline 0.02 -2"><span class='ocrx_word' id='word_1_1' title='bbox 752 396 850 461; x_wconf 75' lang='grc'><strong>451</strong></span> 
     </span>
    </p>
   </div>
   <div class='ocr_carea' id='block_1_2' title="bbox 2078 375 2702 438">
    <p class='ocr_par' dir='ltr' id='par_1_2' title="bbox 2078 375 2702 438">
     <span class='ocr_line' id='line_1_2' title="bbox 2078 375 2702 438; baseline -0.002 0"><span class='ocrx_word' id='word_1_2' title='bbox 2078 375 2366 438; x_wconf 81' lang='lat' dir='ltr'><strong>MENSIS</strong></span> <span class='ocrx_word' id='word_1_3' title='bbox 2404 375 2702 438; x_wconf 77' lang='lat' dir='ltr'><strong>IULIUS.</strong></span> 
     </span>
    </p>
   </div>
   <div class='ocr_carea' id='block_1_3' title="bbox 3915 371 4023 432">
    <p class='ocr_par' dir='ltr' id='par_1_3' title="bbox 3915 371 4023 432">
     <span class='ocr_line' id='line_1_3' title="bbox 3915 371 4023 432; baseline -0.037 1"><span class='ocrx_word' id='word_1_4' title='bbox 3915 371 4023 432; x_wconf 60' lang='grc'><strong>451</strong></span> 
     </span>
    </p>
   </div>
   <div class='ocr_carea' id='block_1_4' title="bbox 754 488 2370 573">
    <p class='ocr_par' dir='ltr' id='par_1_4' title="bbox 754 492 2344 573">
     <span class='ocr_line' id='line_1_4' title="bbox 754 492 2344 573; baseline -0.011 -9"><span class='ocrx_word' id='word_1_5' title='bbox 754 504 822 567; x_wconf 81' lang='lat' dir='ltr'><strong>ab</strong></span> <span class='ocrx_word' id='word_1_6' title='bbox 849 503 1163 562; x_wconf 89' lang='lat' dir='ltr'><strong>hominibus</strong></span> <span class='ocrx_word' id='word_1_7' title='bbox 1198 520 1209 557; x_wconf 92' lang='lat'><strong>:</strong></span> <span class='ocrx_word' id='word_1_8' title='bbox 1244 499 1401 573; x_wconf 86' lang='lat' dir='ltr'><strong>cujus</strong></span> <span class='ocrx_word' id='word_1_9' title='bbox 1424 499 1588 556; x_wconf 87' lang='lat' dir='ltr'><strong>etiam</strong></span> <span class='ocrx_word' id='word_1_10' title='bbox 1624 492 1932 551; x_wconf 71' lang='lat' dir='ltr'><strong>vestimenti</strong></span> <span class='ocrx_word' id='word_1_11' title='bbox 1960 492 2197 558; x_wconf 82' lang='lat' dir='ltr'><strong>fimbria,</strong></span> <span class='ocrx_word' id='word_1_12' title='bbox 2222 507 2344 547; x_wconf 92' lang='lat' dir='ltr'><strong>cum</strong></span> 
     </span>
    </p>
   </div>
   <div class='ocr_carea' id='block_1_5' title="bbox 2472 488 4023 573">
    <p class='ocr_par' dir='ltr' id='par_1_5' title="bbox 2472 488 4023 560">
     <span class='ocr_line' id='line_1_5' title="bbox 2472 488 4023 560; baseline 0 -21"><span class='ocrx_word' id='word_1_13' title='bbox 2472 492 2663 544; x_wconf 75' lang='lat' dir='ltr'><strong>,xsivou</strong></span> <span class='ocrx_word' id='word_1_14' title='bbox 2696 488 2909 558; x_wconf 85' lang='grc' dir='ltr'>λέγειν;</span> <span class='ocrx_word' id='word_1_15' title='bbox 2938 491 3049 543; x_wconf 75' lang='grc' dir='ltr'>ἴσον</span> <span class='ocrx_word' id='word_1_16' title='bbox 3070 491 3175 560; x_wconf 82' lang='grc' dir='ltr'>γάρ</span> <span class='ocrx_word' id='word_1_17' title='bbox 3210 491 3357 543; x_wconf 78' lang='grc' dir='ltr'>ἐστιν</span> <span class='ocrx_word' id='word_1_18' title='bbox 3382 490 3608 559; x_wconf 67' lang='grc' dir='ltr'>ψάμμον</span> <span class='ocrx_word' id='word_1_19' title='bbox 3638 504 3696 541; x_wconf 86' lang='grc' dir='ltr'><strong>τε</strong></span> <span class='ocrx_word' id='word_1_20' title='bbox 3736 489 3961 558; x_wconf 75' lang='grc' dir='ltr'><strong>μετρεῖν</strong></span> <span class='ocrx_word' id='word_1_21' title='bbox 3990 490 4023 559; x_wconf 76' lang='grc' dir='ltr'><strong>ἢ</strong></span> 
     </span>
    </p>
   </div>
   <div class='ocr_carea' id='block_1_6' title="bbox 754 579 2370 666">
    <p class='ocr_par' dir='ltr' id='par_1_6' title="bbox 754 585 2345 666">
     <span class='ocr_line' id='line_1_6' title="bbox 754 585 2345 666; baseline -0.011 -10"><span class='ocrx_word' id='word_1_22' title='bbox 754 617 872 656; x_wconf 84' lang='lat' dir='ltr'><strong>eam</strong></span> <span class='ocrx_word' id='word_1_23' title='bbox 925 599 1101 654; x_wconf 91' lang='lat' dir='ltr'><strong>solum</strong></span> <span class='ocrx_word' id='word_1_24' title='bbox 1142 596 1407 666; x_wconf 69' lang='lat' dir='ltr'><strong>tetigisset</strong></span> <span class='ocrx_word' id='word_1_25' title='bbox 1440 592 1657 654; x_wconf 89' lang='lat' dir='ltr'><strong>mulier,</strong></span> <span class='ocrx_word' id='word_1_26' title='bbox 1710 589 1888 643; x_wconf 83' lang='lat' dir='ltr'><strong>statim</strong></span> <span class='ocrx_word' id='word_1_27' title='bbox 1937 586 2073 642; x_wconf 81' lang='lat' dir='ltr'><strong>stitit</strong></span> <span class='ocrx_word' id='word_1_28' title='bbox 2128 585 2345 640; x_wconf 84' lang='lat' dir='ltr'><strong>canales</strong></span> 
     </span>
    </p>
   </div>
   <div class='ocr_carea' id='block_1_7' title="bbox 2472 579 4025 666">
    <p class='ocr_par' dir='ltr' id='par_1_7' title="bbox 2472 579 4025 652">
     <span class='ocr_line' id='line_1_7' title="bbox 2472 579 4025 652; baseline -0.001 -19"><span class='ocrx_word' id='word_1_29' title='bbox 2472 583 2677 652; x_wconf 88' lang='grc' dir='ltr'>,στέρας</span> <span class='ocrx_word' id='word_1_30' title='bbox 2708 582 2837 651; x_wconf 79' lang='grc' dir='ltr'>χόας</span> <span class='ocrx_word' id='word_1_31' title='bbox 2870 598 2929 634; x_wconf 86' lang='grc' dir='ltr'><strong>τε</strong></span> <span class='ocrx_word' id='word_1_32' title='bbox 2964 583 3238 651; x_wconf 80' lang='grc' dir='ltr'><strong>θαλάττης</strong></span> <span class='ocrx_word' id='word_1_33' title='bbox 3290 585 3385 635; x_wconf 74' lang='grc' dir='ltr'><strong>καὶ</strong></span> <span class='ocrx_word' id='word_1_34' title='bbox 3414 582 3483 634; x_wconf 69' lang='grc' dir='ltr'>τὰ</span> <span class='ocrx_word' id='word_1_35' title='bbox 3536 580 3704 633; x_wconf 84' lang='grc' dir='ltr'>αὑτοῦ</span> <span class='ocrx_word' id='word_1_36' title='bbox 3762 579 4025 649; x_wconf 85' lang='grc' dir='ltr'>θαύματα</span> 
     </span>
    </p>
   </div>
   <div class='ocr_carea' id='block_1_8' title="bbox 755 676 2340 761">
    <p class='ocr_par' dir='ltr' id='par_1_8' title="bbox 755 676 2340 761">
     <span class='ocr_line' id='line_1_8' title="bbox 755 676 2340 761; baseline -0.011 -16"><span class='ocrx_word' id='word_1_37' title='bbox 755 691 1056 761; x_wconf 84' lang='lat' dir='ltr'><strong>sanguinis.</strong></span> <span class='ocrx_word' id='word_1_38' title='bbox 1116 689 1206 756; x_wconf 88' lang='lat' dir='ltr'><strong>qui</strong></span> <span class='ocrx_word' id='word_1_39' title='bbox 1252 684 1545 741; x_wconf 86' lang='lat' dir='ltr'><strong>duodecim</strong></span> <span class='ocrx_word' id='word_1_40' title='bbox 1600 696 1772 736; x_wconf 87' lang='lat' dir='ltr'><strong>annos</strong></span> <span class='ocrx_word' id='word_1_41' title='bbox 1822 680 2064 750; x_wconf 86' lang='lat' dir='ltr'><strong>integros</strong></span> <span class='ocrx_word' id='word_1_42' title='bbox 2093 676 2340 730; x_wconf 81' lang='lat' dir='ltr'><strong>ﬂuxerat.</strong></span> 
     </span>
    </p>
   </div>
   <div class='ocr_carea' id='block_1_9' title="bbox 756 770 2333 853">
    <p class='ocr_par' dir='ltr' id='par_1_9' title="bbox 756 770 2333 853">
     <span class='ocr_line' id='line_1_9' title="bbox 756 770 2333 853; baseline -0.012 -14"><span class='ocrx_word' id='word_1_43' title='bbox 756 786 820 839; x_wconf 89' lang='lat' dir='ltr'><strong>Et</strong></span> <span class='ocrx_word' id='word_1_44' title='bbox 852 784 979 853; x_wconf 88' lang='lat' dir='ltr'><strong>quid</strong></span> <span class='ocrx_word' id='word_1_45' title='bbox 1012 798 1149 853; x_wconf 93' lang='lat' dir='ltr'><strong>opus</strong></span> <span class='ocrx_word' id='word_1_46' title='bbox 1193 789 1298 844; x_wconf 87' lang='lat' dir='ltr'><strong>est,</strong></span> <span class='ocrx_word' id='word_1_47' title='bbox 1332 794 1420 834; x_wconf 91' lang='lat' dir='ltr'><strong>res</strong></span> <span class='ocrx_word' id='word_1_48' title='bbox 1470 777 1616 833; x_wconf 89' lang='lat' dir='ltr'><strong>illius</strong></span> <span class='ocrx_word' id='word_1_49' title='bbox 1650 772 1872 830; x_wconf 83' lang='lat' dir='ltr'><strong>dicere?</strong></span> <span class='ocrx_word' id='word_1_50' title='bbox 1904 770 2131 841; x_wconf 88' lang='lat' dir='ltr'><strong>perinde</strong></span> <span class='ocrx_word' id='word_1_51' title='bbox 2186 770 2333 822; x_wconf 90' lang='lat' dir='ltr'><strong>enim</strong></span> 
     </span>
    </p>
   </div>
   <div class='ocr_carea' id='block_1_10' title="bbox 756 857 2343 937">
    <p class='ocr_par' dir='ltr' id='par_1_10' title="bbox 756 857 2343 937">
     <span class='ocr_line' id='line_1_10' title="bbox 756 857 2343 937; baseline -0.013 -7"><span class='ocrx_word' id='word_1_52' title='bbox 756 885 858 937; x_wconf 84' lang='lat' dir='ltr'><strong>est,</strong></span> <span class='ocrx_word' id='word_1_53' title='bbox 892 890 955 928; x_wconf 90' lang='lat' dir='ltr'><strong>ac</strong></span> <span class='ocrx_word' id='word_1_54' title='bbox 1008 886 1249 936; x_wconf 89' lang='lat' dir='ltr'><strong>arenam,</strong></span> <span class='ocrx_word' id='word_1_55' title='bbox 1290 868 1495 932; x_wconf 80' lang='lat' dir='ltr'><strong>stellas,</strong></span> <span class='ocrx_word' id='word_1_56' title='bbox 1551 872 1605 920; x_wconf 90' lang='lat' dir='ltr'><strong>et</strong></span> <span class='ocrx_word' id='word_1_57' title='bbox 1671 878 1822 933; x_wconf 70' lang='lat' dir='ltr'><strong>aqua:</strong></span> <span class='ocrx_word' id='word_1_58' title='bbox 1877 864 2056 932; x_wconf 84' lang='lat' dir='ltr'><strong>guttas</strong></span> <span class='ocrx_word' id='word_1_59' title='bbox 2086 857 2343 920; x_wconf 84' lang='lat' dir='ltr'><strong>dimetiri,</strong></span> 
     </span>
    </p>
   </div>
   <div class='ocr_carea' id='block_1_11' title="bbox 756 951 2349 1037">
    <p class='ocr_par' dir='ltr' id='par_1_11' title="bbox 756 951 2349 1037">
     <span class='ocr_line' id='line_1_11' title="bbox 756 951 2349 1037; baseline -0.011 -16"><span class='ocrx_word' id='word_1_60' title='bbox 756 969 874 1037; x_wconf 81' lang='lat' dir='ltr'><strong>ejus</strong></span> <span class='ocrx_word' id='word_1_61' title='bbox 905 965 1170 1018; x_wconf 87' lang='lat' dir='ltr'><strong>miracula</strong></span> <span class='ocrx_word' id='word_1_62' title='bbox 1240 972 1559 1015; x_wconf 86' lang='lat' dir='ltr'><strong>enumerare</strong></span> <span class='ocrx_word' id='word_1_63' title='bbox 1623 964 1679 1010; x_wconf 92' lang='lat' dir='ltr'><strong>et</strong></span> <span class='ocrx_word' id='word_1_64' title='bbox 1732 952 2017 1022; x_wconf 87' lang='lat' dir='ltr'><strong>magnalia.</strong></span> <span class='ocrx_word' id='word_1_65' title='bbox 2080 951 2148 1005; x_wconf 90' lang='lat' dir='ltr'><strong>Et</strong></span> <span class='ocrx_word' id='word_1_66' title='bbox 2202 964 2349 1004; x_wconf 90' lang='lat' dir='ltr'><strong>nunc</strong></span> 
     </span>
    </p>
   </div>
   <div class='ocr_carea' id='block_1_12' title="bbox 754 1041 2349 1130">
    <p class='ocr_par' dir='ltr' id='par_1_12' title="bbox 754 1041 2349 1130">
     <span class='ocr_line' id='line_1_12' title="bbox 754 1041 2349 1130; baseline -0.014 -15"><span class='ocrx_word' id='word_1_67' title='bbox 754 1074 971 1130; x_wconf 87' lang='lat' dir='ltr'><strong>quoque</strong></span> <span class='ocrx_word' id='word_1_68' title='bbox 992 1057 1145 1110; x_wconf 89' lang='lat' dir='ltr'><strong>adest</strong></span> <span class='ocrx_word' id='word_1_69' title='bbox 1181 1054 1291 1108; x_wconf 88' lang='lat' dir='ltr'><strong>suis</strong></span> <span class='ocrx_word' id='word_1_70' title='bbox 1321 1051 1536 1122; x_wconf 89' lang='lat' dir='ltr'><strong>adjutor</strong></span> <span class='ocrx_word' id='word_1_71' title='bbox 1570 1044 2025 1116; x_wconf 84' lang='lat' dir='ltr'><strong>inexpugnabilis,</strong></span> <span class='ocrx_word' id='word_1_72' title='bbox 2060 1041 2349 1099; x_wconf 81' lang='lat' dir='ltr'><strong>consolans</strong></span> 
     </span>
    </p>
   </div>
   <div class='ocr_carea' id='block_1_13' title="bbox 757 1135 2350 1214">
    <p class='ocr_par' dir='ltr' id='par_1_13' title="bbox 757 1135 2350 1214">
     <span class='ocr_line' id='line_1_13' title="bbox 757 1135 2350 1214; baseline -0.014 -7"><span class='ocrx_word' id='word_1_73' title='bbox 757 1156 812 1210; x_wconf 84' lang='lat' dir='ltr'><strong>in</strong></span> <span class='ocrx_word' id='word_1_74' title='bbox 838 1151 1117 1214; x_wconf 89' lang='lat' dir='ltr'><strong>molestiis,</strong></span> <span class='ocrx_word' id='word_1_75' title='bbox 1144 1148 1373 1203; x_wconf 88' lang='lat' dir='ltr'><strong>dilatans</strong></span> <span class='ocrx_word' id='word_1_76' title='bbox 1393 1145 1449 1199; x_wconf 92' lang='lat' dir='ltr'><strong>in</strong></span> <span class='ocrx_word' id='word_1_77' title='bbox 1468 1140 1794 1198; x_wconf 73' lang='lat' dir='ltr'><strong>afﬂictione:</strong></span> <span class='ocrx_word' id='word_1_78' title='bbox 1816 1138 1870 1193; x_wconf 90' lang='lat' dir='ltr'><strong>in</strong></span> <span class='ocrx_word' id='word_1_79' title='bbox 1895 1138 2081 1199; x_wconf 87' lang='lat' dir='ltr'><strong>rebus,</strong></span> <span class='ocrx_word' id='word_1_80' title='bbox 2106 1135 2350 1203; x_wconf 87' lang='lat' dir='ltr'><strong>inquam,</strong></span> 
     </span>
    </p>
   </div>
   <div class='ocr_carea' id='block_1_14' title="bbox 757 1228 2352 1309">
    <p class='ocr_par' dir='ltr' id='par_1_14' title="bbox 757 1228 2352 1309">
     <span class='ocr_line' id='line_1_14' title="bbox 757 1228 2352 1309; baseline -0.015 -9"><span class='ocrx_word' id='word_1_81' title='bbox 757 1246 1018 1308; x_wconf 88' lang='lat' dir='ltr'><strong>adversis,</strong></span> <span class='ocrx_word' id='word_1_82' title='bbox 1057 1253 1112 1299; x_wconf 92' lang='lat' dir='ltr'><strong>et</strong></span> <span class='ocrx_word' id='word_1_83' title='bbox 1178 1242 1243 1297; x_wconf 89' lang='lat' dir='ltr'><strong>iis</strong></span> <span class='ocrx_word' id='word_1_84' title='bbox 1290 1256 1412 1309; x_wconf 68' lang='lat' dir='ltr'><strong>qua:</strong></span> <span class='ocrx_word' id='word_1_85' title='bbox 1474 1244 1669 1305; x_wconf 58' lang='lat' dir='ltr'><strong>praeter</strong></span> <span class='ocrx_word' id='word_1_86' title='bbox 1724 1243 1964 1290; x_wconf 91' lang='lat' dir='ltr'><strong>nostram</strong></span> <span class='ocrx_word' id='word_1_87' title='bbox 2022 1228 2352 1282; x_wconf 79' lang='lat' dir='ltr'><strong>voluntatem</strong></span> 
     </span>
    </p>
   </div>
   <div class='ocr_carea' id='block_1_15' title="bbox 755 1319 2357 1407">
    <p class='ocr_par' dir='ltr' id='par_1_15' title="bbox 755 1319 2357 1407">
     <span class='ocr_line' id='line_1_15' title="bbox 755 1319 2357 1407; baseline -0.013 -14"><span class='ocrx_word' id='word_1_88' title='bbox 755 1340 1031 1401; x_wconf 85' lang='lat' dir='ltr'><strong>accidunt,</strong></span> <span class='ocrx_word' id='word_1_89' title='bbox 1056 1351 1243 1407; x_wconf 89' lang='lat' dir='ltr'><strong>preces</strong></span> <span class='ocrx_word' id='word_1_90' title='bbox 1269 1332 1493 1386; x_wconf 87' lang='lat' dir='ltr'><strong>minime</strong></span> <span class='ocrx_word' id='word_1_91' title='bbox 1523 1332 1864 1397; x_wconf 82' lang='lat' dir='ltr'><strong>exspectans,</strong></span> <span class='ocrx_word' id='word_1_92' title='bbox 1897 1321 1989 1377; x_wconf 88' lang='lat' dir='ltr'><strong>sed</strong></span> <span class='ocrx_word' id='word_1_93' title='bbox 2024 1319 2357 1391; x_wconf 72' lang='lat' dir='ltr'><strong>praeveniens</strong></span> 
     </span>
    </p>
   </div>
   <div class='ocr_carea' id='block_1_16' title="bbox 2442 670 4027 742">
    <p class='ocr_par' dir='ltr' id='par_1_16' title="bbox 2442 670 4027 742">
     <span class='ocr_line' id='line_1_16' title="bbox 2442 670 4027 742; baseline -0.003 -17"><span class='ocrx_word' id='word_1_94' title='bbox 2442 674 2537 726; x_wconf 79' lang='grc' dir='ltr'>καὶ</span> <span class='ocrx_word' id='word_1_95' title='bbox 2576 673 2843 742; x_wconf 75' lang='grc' dir='ltr'><strong>μεγαλεῖα</strong></span> <span class='ocrx_word' id='word_1_96' title='bbox 2899 671 3241 741; x_wconf 77' lang='grc' dir='ltr'><strong>ἐξαριθμεῖν·</strong></span> <span class='ocrx_word' id='word_1_97' title='bbox 3271 671 3327 733; x_wconf 84' lang='grc' dir='ltr'><strong>ὃς</strong></span> <span class='ocrx_word' id='word_1_98' title='bbox 3350 673 3445 723; x_wconf 73' lang='grc' dir='ltr'>καὶ</span> <span class='ocrx_word' id='word_1_99' title='bbox 3498 670 3593 723; x_wconf 82' lang='grc' dir='ltr'>νῦν</span> <span class='ocrx_word' id='word_1_100' title='bbox 3627 674 3865 739; x_wconf 83' lang='grc' dir='ltr'>πάρεστι</span> <span class='ocrx_word' id='word_1_101' title='bbox 3914 672 4027 730; x_wconf 84' lang='grc' dir='ltr'>τοῖς</span> 
     </span>
    </p>
   </div>
   <div class='ocr_carea' id='block_1_17' title="bbox 2444 762 4029 836">
    <p class='ocr_par' dir='ltr' id='par_1_17' title="bbox 2444 762 4029 836">
     <span class='ocr_line' id='line_1_17' title="bbox 2444 762 4029 836; baseline -0.006 -17"><span class='ocrx_word' id='word_1_102' title='bbox 2444 765 2611 819; x_wconf 78' lang='grc' dir='ltr'>αὑτοῦ</span> <span class='ocrx_word' id='word_1_103' title='bbox 2641 765 2868 827; x_wconf 86' lang='grc' dir='ltr'>δούλοις,</span> <span class='ocrx_word' id='word_1_104' title='bbox 2906 765 3192 836; x_wconf 80' lang='grc' dir='ltr'>σύμμαχός</span> <span class='ocrx_word' id='word_1_105' title='bbox 3225 781 3283 815; x_wconf 85' lang='grc' dir='ltr'><strong>τε</strong></span> <span class='ocrx_word' id='word_1_106' title='bbox 3319 764 3412 817; x_wconf 68' lang='grc' dir='ltr'><strong>καὶ</strong></span> <span class='ocrx_word' id='word_1_107' title='bbox 3452 762 3643 833; x_wconf 75' lang='grc' dir='ltr'>βοηθὸς</span> <span class='ocrx_word' id='word_1_108' title='bbox 3666 763 3900 831; x_wconf 70' lang='grc' dir='ltr'>ἄμαχος.</span> <span class='ocrx_word' id='word_1_109' title='bbox 3932 778 4029 811; x_wconf 81' lang='grc' dir='ltr'>πα-</span> 
     </span>
    </p>
   </div>
   <div class='ocr_carea' id='block_1_18' title="bbox 2448 854 4026 930">
    <p class='ocr_par' dir='ltr' id='par_1_18' title="bbox 2448 854 4026 930">
     <span class='ocr_line' id='line_1_18' title="bbox 2448 854 4026 930; baseline -0.004 -20"><span class='ocrx_word' id='word_1_110' title='bbox 2448 859 2699 930; x_wconf 79' lang='grc' dir='ltr'>ρακαλῶν</span> <span class='ocrx_word' id='word_1_111' title='bbox 2729 860 2787 910; x_wconf 86' lang='grc' dir='ltr'>ὲν</span> <span class='ocrx_word' id='word_1_112' title='bbox 2814 857 3033 920; x_wconf 84' lang='grc' dir='ltr'>λύπαις,</span> <span class='ocrx_word' id='word_1_113' title='bbox 3082 856 3369 910; x_wconf 79' lang='grc' dir='ltr'><strong>πλατύνων</strong></span> <span class='ocrx_word' id='word_1_114' title='bbox 3419 856 3477 908; x_wconf 78' lang='grc' dir='ltr'>ὲν</span> <span class='ocrx_word' id='word_1_115' title='bbox 3526 854 3727 923; x_wconf 77' lang='grc' dir='ltr'>θλίψει,</span> <span class='ocrx_word' id='word_1_116' title='bbox 3776 859 3832 907; x_wconf 84' lang='grc' dir='ltr'>ὲν</span> <span class='ocrx_word' id='word_1_117' title='bbox 3867 871 4026 921; x_wconf 82' lang='grc' dir='ltr'>περι-</span> 
     </span>
    </p>
   </div>
   <div class='ocr_carea' id='block_1_19' title="bbox 2449 946 4027 1019">
    <p class='ocr_par' dir='ltr' id='par_1_19' title="bbox 2449 946 4027 1019">
     <span class='ocr_line' id='line_1_19' title="bbox 2449 946 4027 1019; baseline -0.006 -16"><span class='ocrx_word' id='word_1_118' title='bbox 2449 952 2639 1004; x_wconf 85' lang='grc' dir='ltr'>στάσει</span> <span class='ocrx_word' id='word_1_119' title='bbox 2668 950 2763 1003; x_wconf 72' lang='grc' dir='ltr'>καὶ</span> <span class='ocrx_word' id='word_1_120' title='bbox 2795 950 2905 1001; x_wconf 85' lang='grc' dir='ltr'><strong>τῶν</strong></span> <span class='ocrx_word' id='word_1_121' title='bbox 2938 950 3253 1019; x_wconf 79' lang='grc' dir='ltr'>ἀϐουλήτων</span> <span class='ocrx_word' id='word_1_122' title='bbox 3295 949 3594 1015; x_wconf 82' lang='grc' dir='ltr'>ἀπαγωγῇ,</span> <span class='ocrx_word' id='word_1_123' title='bbox 3629 946 3704 1014; x_wconf 84' lang='grc' dir='ltr'>μὴ</span> <span class='ocrx_word' id='word_1_124' title='bbox 3733 946 4027 1012; x_wconf 81' lang='grc' dir='ltr'>ἀναμένων</span> 
     </span>
    </p>
   </div>
   <div class='ocr_carea' id='block_1_20' title="bbox 2448 1037 4027 1113">
    <p class='ocr_par' dir='ltr' id='par_1_20' title="bbox 2448 1037 4027 1113">
     <span class='ocr_line' id='line_1_20' title="bbox 2448 1037 4027 1113; baseline -0.007 -18"><span class='ocrx_word' id='word_1_125' title='bbox 2448 1044 2548 1113; x_wconf 76' lang='grc' dir='ltr'><strong>τὴν</strong></span> <span class='ocrx_word' id='word_1_126' title='bbox 2583 1042 2790 1112; x_wconf 84' lang='grc' dir='ltr'>δέησιν,</span> <span class='ocrx_word' id='word_1_127' title='bbox 2829 1043 2944 1094; x_wconf 88' lang='grc' dir='ltr'>ἀλλ’</span> <span class='ocrx_word' id='word_1_128' title='bbox 2972 1042 3140 1110; x_wconf 72' lang='grc' dir='ltr'>αὐτὴν</span> <span class='ocrx_word' id='word_1_129' title='bbox 3178 1040 3503 1110; x_wconf 71' lang='grc' dir='ltr'>προφθάνωι</span> <span class='ocrx_word' id='word_1_130' title='bbox 3531 1039 3634 1107; x_wconf 77' lang='grc' dir='ltr'>τὴν</span> <span class='ocrx_word' id='word_1_131' title='bbox 3666 1037 3765 1106; x_wconf 83' lang='grc' dir='ltr'>τῆς</span> <span class='ocrx_word' id='word_1_132' title='bbox 3800 1037 4027 1104; x_wconf 70' lang='grc' dir='ltr'>καρδίας</span> 
     </span>
    </p>
   </div>
   <div class='ocr_carea' id='block_1_21' title="bbox 2451 1126 4031 1206">
    <p class='ocr_par' dir='ltr' id='par_1_21' title="bbox 2451 1126 4031 1206">
     <span class='ocr_line' id='line_1_21' title="bbox 2451 1126 4031 1206; baseline -0.006 -19"><span class='ocrx_word' id='word_1_133' title='bbox 2451 1136 2796 1206; x_wconf 79' lang='grc' dir='ltr'>έτοιμασίαν,</span> <span class='ocrx_word' id='word_1_134' title='bbox 2820 1134 2880 1185; x_wconf 85' lang='grc' dir='ltr'><strong>οὐ</strong></span> <span class='ocrx_word' id='word_1_135' title='bbox 2942 1135 3046 1202; x_wconf 76' lang='grc' dir='ltr'>μὴν</span> <span class='ocrx_word' id='word_1_136' title='bbox 3106 1134 3242 1187; x_wconf 84' lang='grc' dir='ltr'><strong>ἀλλά</strong></span> <span class='ocrx_word' id='word_1_137' title='bbox 3283 1136 3376 1184; x_wconf 70' lang='grc' dir='ltr'><strong>καὶ</strong></span> <span class='ocrx_word' id='word_1_138' title='bbox 3412 1132 3523 1192; x_wconf 86' lang='grc' dir='ltr'>τοῖς</span> <span class='ocrx_word' id='word_1_139' title='bbox 3554 1130 3719 1183; x_wconf 75' lang='grc' dir='ltr'>αὐτὸν</span> <span class='ocrx_word' id='word_1_140' title='bbox 3760 1126 4031 1194; x_wconf 74' lang='grc' dir='ltr'>φοϐουμέ·</span> 
     </span>
    </p>
   </div>
   <div class='ocr_carea' id='block_1_22' title="bbox 2454 1220 4030 1297">
    <p class='ocr_par' dir='ltr' id='par_1_22' title="bbox 2454 1220 4030 1297">
     <span class='ocr_line' id='line_1_22' title="bbox 2454 1220 4030 1297; baseline -0.016 -6"><span class='ocrx_word' id='word_1_141' title='bbox 2454 1244 2564 1289; x_wconf 83' lang='grc' dir='ltr'>νοις</span> <span class='ocrx_word' id='word_1_142' title='bbox 2597 1227 2822 1297; x_wconf 72' lang='grc' dir='ltr'>μείζονα</span> <span class='ocrx_word' id='word_1_143' title='bbox 2852 1226 2883 1296; x_wconf 78' lang='grc' dir='ltr'>ἢ</span> <span class='ocrx_word' id='word_1_144' title='bbox 2920 1228 3128 1287; x_wconf 78' lang='grc' dir='ltr'>ἐκεῖνος</span> <span class='ocrx_word' id='word_1_145' title='bbox 3157 1225 3373 1294; x_wconf 77' lang='grc' dir='ltr'>ἔδρασε,</span> <span class='ocrx_word' id='word_1_146' title='bbox 3396 1222 3652 1291; x_wconf 78' lang='grc' dir='ltr'>παρέχων</span> <span class='ocrx_word' id='word_1_147' title='bbox 3674 1220 4030 1287; x_wconf 67' lang='grc' dir='ltr'>θαυματουρ-</span> 
     </span>
    </p>
   </div>
   <div class='ocr_carea' id='block_1_23' title="bbox 2458 1314 3713 1397">
    <p class='ocr_par' dir='ltr' id='par_1_23' title="bbox 2458 1314 3713 1397">
     <span class='ocr_line' id='line_1_23' title="bbox 2458 1314 3713 1397; baseline -0.003 -26"><span class='ocrx_word' id='word_1_148' title='bbox 2458 1323 2597 1386; x_wconf 85' lang='grc' dir='ltr'>γεῖν,</span> <span class='ocrx_word' id='word_1_149' title='bbox 2628 1316 2747 1371; x_wconf 83' lang='grc' dir='ltr'>εἶτα</span> <span class='ocrx_word' id='word_1_150' title='bbox 2779 1319 2871 1370; x_wconf 78' lang='grc' dir='ltr'>καὶ</span> <span class='ocrx_word' id='word_1_151' title='bbox 2913 1318 3058 1386; x_wconf 73' lang='grc' dir='ltr'>ζωὴν</span> <span class='ocrx_word' id='word_1_152' title='bbox 3097 1316 3440 1397; x_wconf 80' lang='grc' dir='ltr'>δωρούμενος</span> <span class='ocrx_word' id='word_1_153' title='bbox 3468 1314 3713 1367; x_wconf 80' lang='grc' dir='ltr'>αἰωνίαν.</span> 
     </span>
    </p>
   </div>
   <div class='ocr_carea' id='block_1_24' title="bbox 758 1406 4034 1499">
    <p class='ocr_par' dir='ltr' id='par_1_24' title="bbox 758 1406 4034 1499">
     <span class='ocr_line' id='line_1_24' title="bbox 758 1406 4034 1499; baseline -0.008 -12"><span class='ocrx_word' id='word_1_154' title='bbox 758 1433 937 1499; x_wconf 88' lang='lat' dir='ltr'><strong>ipsum</strong></span> <span class='ocrx_word' id='word_1_155' title='bbox 987 1443 1201 1499; x_wconf 89' lang='lat' dir='ltr'><strong>quoque</strong></span> <span class='ocrx_word' id='word_1_156' title='bbox 1240 1433 1447 1480; x_wconf 88' lang='lat' dir='ltr'><strong>motum</strong></span> <span class='ocrx_word' id='word_1_157' title='bbox 1504 1420 1702 1476; x_wconf 89' lang='lat' dir='ltr'><strong>cordis.</strong></span> <span class='ocrx_word' id='word_1_158' title='bbox 1759 1417 1865 1483; x_wconf 85' lang='lat' dir='ltr'><strong>Qui</strong></span> <span class='ocrx_word' id='word_1_159' title='bbox 1914 1414 2075 1469; x_wconf 88' lang='lat' dir='ltr'><strong>etiam</strong></span> <span class='ocrx_word' id='word_1_160' title='bbox 2131 1414 2198 1467; x_wconf 90' lang='lat' dir='ltr'><strong>iis</strong></span> <span class='ocrx_word' id='word_1_161' title='bbox 2246 1412 2335 1481; x_wconf 89' lang='lat' dir='ltr'><strong>qui</strong></span> <span class='ocrx_word' id='word_1_162' title='bbox 2395 1413 2570 1480; x_wconf 89' lang='lat' dir='ltr'><strong>ipsum</strong></span> <span class='ocrx_word' id='word_1_163' title='bbox 2628 1411 2877 1481; x_wconf 78' lang='lat' dir='ltr'><strong>diligunt,</strong></span> <span class='ocrx_word' id='word_1_164' title='bbox 2952 1412 3158 1479; x_wconf 80' lang='lat' dir='ltr'><strong>majora</strong></span> <span class='ocrx_word' id='word_1_165' title='bbox 3223 1426 3383 1481; x_wconf 87' lang='lat' dir='ltr'><strong>quam</strong></span> <span class='ocrx_word' id='word_1_166' title='bbox 3440 1410 3552 1480; x_wconf 86' lang='lat' dir='ltr'><strong>ipse</strong></span> <span class='ocrx_word' id='word_1_167' title='bbox 3604 1409 3753 1472; x_wconf 86' lang='lat' dir='ltr'><strong>fecit,</strong></span> <span class='ocrx_word' id='word_1_168' title='bbox 3786 1406 4034 1477; x_wconf 70' lang='lat' dir='ltr'><strong>prmbens</strong></span> 
     </span>
    </p>
   </div>
   <div class='ocr_carea' id='block_1_25' title="bbox 757 1502 2742 1579">
    <p class='ocr_par' dir='ltr' id='par_1_25' title="bbox 757 1502 2742 1579">
     <span class='ocr_line' id='line_1_25' title="bbox 757 1502 2742 1579; baseline -0.008 -6"><span class='ocrx_word' id='word_1_169' title='bbox 757 1519 1001 1576; x_wconf 86' lang='lat' dir='ltr'><strong>facienda</strong></span> <span class='ocrx_word' id='word_1_170' title='bbox 1031 1516 1312 1579; x_wconf 88' lang='lat' dir='ltr'><strong>miracula,</strong></span> <span class='ocrx_word' id='word_1_171' title='bbox 1338 1517 1504 1569; x_wconf 83' lang='lat' dir='ltr'><strong>donat</strong></span> <span class='ocrx_word' id='word_1_172' title='bbox 1526 1509 1722 1567; x_wconf 90' lang='lat' dir='ltr'><strong>deinde</strong></span> <span class='ocrx_word' id='word_1_173' title='bbox 1744 1508 1929 1572; x_wconf 87' lang='lat' dir='ltr'><strong>vitam,</strong></span> <span class='ocrx_word' id='word_1_174' title='bbox 1961 1520 2078 1576; x_wconf 64' lang='lat' dir='ltr'><strong>quae</strong></span> <span class='ocrx_word' id='word_1_175' title='bbox 2126 1502 2333 1556; x_wconf 92' lang='lat' dir='ltr'><strong>nullum</strong></span> <span class='ocrx_word' id='word_1_176' title='bbox 2372 1502 2533 1556; x_wconf 84' lang='lat' dir='ltr'><strong>habet</strong></span> <span class='ocrx_word' id='word_1_177' title='bbox 2558 1502 2742 1557; x_wconf 75' lang='lat' dir='ltr'><strong>finem.</strong></span> 
     </span>
    </p>
   </div>
   <div class='ocr_carea' id='block_1_26' title="bbox 835 1597 2349 1671">
    <p class='ocr_par' dir='ltr' id='par_1_26' title="bbox 835 1597 2349 1671">
     <span class='ocr_line' id='line_1_26' title="bbox 835 1597 2349 1671; baseline -0.014 -2"><span class='ocrx_word' id='word_1_178' title='bbox 835 1616 921 1671; x_wconf 80' lang='lat' dir='ltr'><strong>IV.</strong></span> <span class='ocrx_word' id='word_1_179' title='bbox 956 1613 1081 1666; x_wconf 65' lang='lat' dir='ltr'><strong>Hec</strong></span> <span class='ocrx_word' id='word_1_180' title='bbox 1136 1611 1301 1667; x_wconf 88' lang='lat' dir='ltr'><strong>verba</strong></span> <span class='ocrx_word' id='word_1_181' title='bbox 1354 1623 1477 1662; x_wconf 92' lang='lat' dir='ltr'><strong>cum</strong></span> <span class='ocrx_word' id='word_1_182' title='bbox 1535 1602 1860 1665; x_wconf 88' lang='lat' dir='ltr'><strong>Pantoleon,</strong></span> <span class='ocrx_word' id='word_1_183' title='bbox 1898 1609 2150 1668; x_wconf 89' lang='lat' dir='ltr'><strong>tanquam</strong></span> <span class='ocrx_word' id='word_1_184' title='bbox 2207 1597 2349 1650; x_wconf 87' lang='lat' dir='ltr'><strong>bona</strong></span> 
     </span>
    </p>
   </div>
   <div class='ocr_carea' id='block_1_27' title="bbox 761 1688 2346 1768">
    <p class='ocr_par' dir='ltr' id='par_1_27' title="bbox 761 1688 2346 1768">
     <span class='ocr_line' id='line_1_27' title="bbox 761 1688 2346 1768; baseline -0.015 -6"><span class='ocrx_word' id='word_1_185' title='bbox 761 1718 928 1768; x_wconf 88' lang='lat' dir='ltr'><strong>terra,</strong></span> <span class='ocrx_word' id='word_1_186' title='bbox 959 1710 1124 1759; x_wconf 89' lang='lat' dir='ltr'><strong>corde</strong></span> <span class='ocrx_word' id='word_1_187' title='bbox 1174 1700 1475 1768; x_wconf 68' lang='lat' dir='ltr'><strong>accepisset</strong></span> <span class='ocrx_word' id='word_1_188' title='bbox 1529 1703 1584 1749; x_wconf 92' lang='lat' dir='ltr'><strong>et</strong></span> <span class='ocrx_word' id='word_1_189' title='bbox 1630 1691 2019 1753; x_wconf 88' lang='lat' dir='ltr'><strong>abscondisset,</strong></span> <span class='ocrx_word' id='word_1_190' title='bbox 2072 1688 2346 1751; x_wconf 80' lang='lat' dir='ltr'><strong>credebat,</strong></span> 
     </span>
    </p>
   </div>
   <div class='ocr_carea' id='block_1_28' title="bbox 761 1778 2347 1863">
    <p class='ocr_par' dir='ltr' id='par_1_28' title="bbox 761 1778 2347 1863">
     <span class='ocr_line' id='line_1_28' title="bbox 761 1778 2347 1863; baseline -0.014 -10"><span class='ocrx_word' id='word_1_191' title='bbox 761 1810 817 1853; x_wconf 89' lang='lat' dir='ltr'><strong>et</strong></span> <span class='ocrx_word' id='word_1_192' title='bbox 847 1812 971 1851; x_wconf 85' lang='lat' dir='ltr'><strong>vera</strong></span> <span class='ocrx_word' id='word_1_193' title='bbox 1003 1809 1123 1848; x_wconf 84' lang='lat' dir='ltr'><strong>esse</strong></span> <span class='ocrx_word' id='word_1_194' title='bbox 1153 1792 1450 1863; x_wconf 87' lang='lat' dir='ltr'><strong>judicabat,</strong></span> <span class='ocrx_word' id='word_1_195' title='bbox 1493 1797 1548 1842; x_wconf 88' lang='lat' dir='ltr'><strong>et</strong></span> <span class='ocrx_word' id='word_1_196' title='bbox 1580 1786 1648 1840; x_wconf 89' lang='lat' dir='ltr'><strong>ab</strong></span> <span class='ocrx_word' id='word_1_197' title='bbox 1679 1785 1758 1840; x_wconf 90' lang='lat' dir='ltr'><strong>eis</strong></span> <span class='ocrx_word' id='word_1_198' title='bbox 1789 1783 2014 1837; x_wconf 91' lang='lat' dir='ltr'><strong>omnino</strong></span> <span class='ocrx_word' id='word_1_199' title='bbox 2054 1778 2347 1850; x_wconf 84' lang='lat' dir='ltr'><strong>pendebat,</strong></span> 
     </span>
    </p>
   </div>
   <div class='ocr_carea' id='block_1_29' title="bbox 763 1870 2351 1946">
    <p class='ocr_par' dir='ltr' id='par_1_29' title="bbox 763 1870 2351 1946">
     <span class='ocr_line' id='line_1_29' title="bbox 763 1870 2351 1946; baseline -0.016 0"><span class='ocrx_word' id='word_1_200' title='bbox 763 1898 818 1946; x_wconf 90' lang='lat' dir='ltr'><strong>et</strong></span> <span class='ocrx_word' id='word_1_201' title='bbox 844 1889 1082 1944; x_wconf 82' lang='lat' dir='ltr'><strong>suaviter</strong></span> <span class='ocrx_word' id='word_1_202' title='bbox 1112 1886 1164 1939; x_wconf 92' lang='lat' dir='ltr'><strong>in</strong></span> <span class='ocrx_word' id='word_1_203' title='bbox 1195 1885 1273 1939; x_wconf 82' lang='lat' dir='ltr'><strong>eis</strong></span> <span class='ocrx_word' id='word_1_204' title='bbox 1304 1880 1683 1942; x_wconf 78' lang='lat' dir='ltr'><strong>meditabatur,</strong></span> <span class='ocrx_word' id='word_1_205' title='bbox 1715 1886 1769 1931; x_wconf 92' lang='lat' dir='ltr'><strong>et</strong></span> <span class='ocrx_word' id='word_1_206' title='bbox 1798 1876 2012 1930; x_wconf 90' lang='lat' dir='ltr'><strong>dicebat</strong></span> <span class='ocrx_word' id='word_1_207' title='bbox 2042 1870 2351 1932; x_wconf 87' lang='lat' dir='ltr'><strong>Hermolao,</strong></span> 
     </span>
    </p>
   </div>
   <div class='ocr_carea' id='block_1_30' title="bbox 764 1968 2357 2050">
    <p class='ocr_par' dir='ltr' id='par_1_30' title="bbox 764 1968 2357 2050">
     <span class='ocr_line' id='line_1_30' title="bbox 764 1968 2357 2050; baseline -0.016 -12"><span class='ocrx_word' id='word_1_208' title='bbox 764 1998 823 2037; x_wconf 87' lang='lat' dir='ltr'><strong>se</strong></span> <span class='ocrx_word' id='word_1_209' title='bbox 854 1999 915 2037; x_wconf 92' lang='lat' dir='ltr'><strong>ea</strong></span> <span class='ocrx_word' id='word_1_210' title='bbox 947 1995 1089 2050; x_wconf 66' lang='lat' dir='ltr'><strong>sape</strong></span> <span class='ocrx_word' id='word_1_211' title='bbox 1122 1977 1393 2032; x_wconf 71' lang='lat' dir='ltr'><strong>audivisse</strong></span> <span class='ocrx_word' id='word_1_212' title='bbox 1427 1989 1456 2026; x_wconf 89' lang='lat' dir='ltr'><strong>a</strong></span> <span class='ocrx_word' id='word_1_213' title='bbox 1491 1981 1686 2033; x_wconf 90' lang='lat' dir='ltr'><strong>matre,</strong></span> <span class='ocrx_word' id='word_1_214' title='bbox 1719 1978 1775 2021; x_wconf 90' lang='lat' dir='ltr'><strong>et</strong></span> <span class='ocrx_word' id='word_1_215' title='bbox 1810 1968 2007 2020; x_wconf 75' lang='lat' dir='ltr'><strong>vidisse</strong></span> <span class='ocrx_word' id='word_1_216' title='bbox 2039 1978 2159 2018; x_wconf 89' lang='lat' dir='ltr'><strong>eam</strong></span> <span class='ocrx_word' id='word_1_217' title='bbox 2196 1976 2357 2015; x_wconf 90' lang='lat' dir='ltr'><strong>oran-</strong></span> 
     </span>
    </p>
   </div>
   <div class='ocr_carea' id='block_1_31' title="bbox 766 2059 2353 2141">
    <p class='ocr_par' dir='ltr' id='par_1_31' title="bbox 766 2059 2353 2141">
     <span class='ocr_line' id='line_1_31' title="bbox 766 2059 2353 2141; baseline -0.017 -9"><span class='ocrx_word' id='word_1_218' title='bbox 766 2090 897 2141; x_wconf 88' lang='lat' dir='ltr'><strong>tem,</strong></span> <span class='ocrx_word' id='word_1_219' title='bbox 945 2084 999 2129; x_wconf 93' lang='lat' dir='ltr'><strong>et</strong></span> <span class='ocrx_word' id='word_1_220' title='bbox 1045 2072 1236 2128; x_wconf 87' lang='lat' dir='ltr'><strong>Deum.</strong></span> <span class='ocrx_word' id='word_1_221' title='bbox 1273 2082 1435 2138; x_wconf 90' lang='lat' dir='ltr'><strong>quem</strong></span> <span class='ocrx_word' id='word_1_222' title='bbox 1488 2066 1601 2134; x_wconf 90' lang='lat' dir='ltr'><strong>ipse</strong></span> <span class='ocrx_word' id='word_1_223' title='bbox 1653 2060 1930 2133; x_wconf 68' lang='lat' dir='ltr'><strong>praedicat,</strong></span> <span class='ocrx_word' id='word_1_224' title='bbox 1986 2059 2353 2111; x_wconf 86' lang='lat' dir='ltr'><strong>invocantem.</strong></span> 
     </span>
    </p>
   </div>
   <div class='ocr_carea' id='block_1_32' title="bbox 766 2148 2354 2228">
    <p class='ocr_par' dir='ltr' id='par_1_32' title="bbox 766 2148 2354 2228">
     <span class='ocr_line' id='line_1_32' title="bbox 766 2148 2354 2228; baseline -0.018 -5"><span class='ocrx_word' id='word_1_225' title='bbox 766 2169 992 2223; x_wconf 80' lang='lat' dir='ltr'><strong>Volebat</strong></span> <span class='ocrx_word' id='word_1_226' title='bbox 1022 2172 1201 2220; x_wconf 91' lang='lat' dir='ltr'><strong>autem</strong></span> <span class='ocrx_word' id='word_1_227' title='bbox 1226 2165 1339 2217; x_wconf 62' lang='lat' dir='ltr'><strong>haec</strong></span> <span class='ocrx_word' id='word_1_228' title='bbox 1365 2174 1581 2228; x_wconf 91' lang='lat' dir='ltr'><strong>quoque</strong></span> <span class='ocrx_word' id='word_1_229' title='bbox 1604 2171 1705 2212; x_wconf 92' lang='lat' dir='ltr'><strong>suo</strong></span> <span class='ocrx_word' id='word_1_230' title='bbox 1732 2154 1992 2224; x_wconf 86' lang='lat' dir='ltr'><strong>magistro</strong></span> <span class='ocrx_word' id='word_1_231' title='bbox 2023 2148 2354 2220; x_wconf 83' lang='lat' dir='ltr'><strong>significare.</strong></span> 
     </span>
    </p>
   </div>
   <div class='ocr_carea' id='block_1_33' title="bbox 766 2237 2361 2326">
    <p class='ocr_par' dir='ltr' id='par_1_33' title="bbox 766 2237 2361 2326">
     <span class='ocr_line' id='line_1_33' title="bbox 766 2237 2361 2326; baseline -0.016 -11"><span class='ocrx_word' id='word_1_232' title='bbox 766 2258 1019 2326; x_wconf 85' lang='lat' dir='ltr'><strong>Quotidie</strong></span> <span class='ocrx_word' id='word_1_233' title='bbox 1054 2270 1181 2323; x_wconf 76' lang='lat' dir='ltr'><strong>ergo</strong></span> <span class='ocrx_word' id='word_1_234' title='bbox 1209 2255 1325 2307; x_wconf 83' lang='lat' dir='ltr'><strong>ibat</strong></span> <span class='ocrx_word' id='word_1_235' title='bbox 1368 2251 1663 2305; x_wconf 85' lang='lat' dir='ltr'><strong>Pantoleon</strong></span> <span class='ocrx_word' id='word_1_236' title='bbox 1704 2247 1771 2301; x_wconf 93' lang='lat' dir='ltr'><strong>ad</strong></span> <span class='ocrx_word' id='word_1_237' title='bbox 1816 2259 2026 2308; x_wconf 88' lang='lat' dir='ltr'><strong>senem,</strong></span> <span class='ocrx_word' id='word_1_238' title='bbox 2059 2250 2113 2297; x_wconf 92' lang='lat' dir='ltr'><strong>et</strong></span> <span class='ocrx_word' id='word_1_239' title='bbox 2140 2256 2198 2295; x_wconf 92' lang='lat' dir='ltr'><strong>se</strong></span> <span class='ocrx_word' id='word_1_240' title='bbox 2240 2237 2361 2309; x_wconf 90' lang='lat' dir='ltr'><strong>pul-</strong></span> 
     </span>
    </p>
   </div>
   <div class='ocr_carea' id='block_1_34' title="bbox 769 2333 2359 2407">
    <p class='ocr_par' dir='ltr' id='par_1_34' title="bbox 769 2333 2359 2407">
     <span class='ocr_line' id='line_1_34' title="bbox 769 2333 2359 2407; baseline -0.014 -2"><span class='ocrx_word' id='word_1_241' title='bbox 769 2351 916 2407; x_wconf 87' lang='lat' dir='ltr'><strong>chris</strong></span> <span class='ocrx_word' id='word_1_242' title='bbox 964 2349 1049 2403; x_wconf 89' lang='lat' dir='ltr'><strong>his</strong></span> <span class='ocrx_word' id='word_1_243' title='bbox 1106 2344 1321 2399; x_wconf 85' lang='lat' dir='ltr'><strong>fluentis</strong></span> <span class='ocrx_word' id='word_1_244' title='bbox 1375 2340 1680 2396; x_wconf 87' lang='lat' dir='ltr'><strong>oblectabat</strong></span> <span class='ocrx_word' id='word_1_245' title='bbox 1736 2345 1791 2391; x_wconf 92' lang='lat' dir='ltr'><strong>et</strong></span> <span class='ocrx_word' id='word_1_246' title='bbox 1844 2336 1909 2389; x_wconf 87' lang='lat' dir='ltr'><strong>ad</strong></span> <span class='ocrx_word' id='word_1_247' title='bbox 1956 2348 2138 2387; x_wconf 89' lang='lat' dir='ltr'><strong>veram</strong></span> <span class='ocrx_word' id='word_1_248' title='bbox 2201 2333 2359 2384; x_wconf 85' lang='lat' dir='ltr'><strong>fidem</strong></span> 
     </span>
    </p>
   </div>
   <div class='ocr_carea' id='block_1_35' title="bbox 769 2423 2362 2515">
    <p class='ocr_par' dir='ltr' id='par_1_35' title="bbox 769 2423 2362 2515">
     <span class='ocr_line' id='line_1_35' title="bbox 769 2423 2362 2515; baseline -0.014 -18"><span class='ocrx_word' id='word_1_249' title='bbox 769 2443 1023 2515; x_wconf 84' lang='lat' dir='ltr'><strong>paulatim</strong></span> <span class='ocrx_word' id='word_1_250' title='bbox 1056 2437 1480 2493; x_wconf 85' lang='lat' dir='ltr'><strong>confirmabatur</strong></span> <span class='ocrx_word' id='word_1_251' title='bbox 1511 2451 1524 2485; x_wconf 93' lang='lat'>:</span> <span class='ocrx_word' id='word_1_252' title='bbox 1557 2442 1611 2485; x_wconf 91' lang='lat' dir='ltr'><strong>et</strong></span> <span class='ocrx_word' id='word_1_253' title='bbox 1647 2431 1711 2483; x_wconf 90' lang='lat' dir='ltr'><strong>ad</strong></span> <span class='ocrx_word' id='word_1_254' title='bbox 1752 2428 2069 2496; x_wconf 87' lang='lat' dir='ltr'><strong>magistrum</strong></span> <span class='ocrx_word' id='word_1_255' title='bbox 2124 2423 2362 2493; x_wconf 82' lang='lat' dir='ltr'><strong>quotidie</strong></span> 
     </span>
    </p>
   </div>
   <div class='ocr_carea' id='block_1_36' title="bbox 770 2521 2363 2599">
    <p class='ocr_par' dir='ltr' id='par_1_36' title="bbox 770 2521 2363 2599">
     <span class='ocr_line' id='line_1_36' title="bbox 770 2521 2363 2599; baseline -0.013 -9"><span class='ocrx_word' id='word_1_256' title='bbox 770 2535 1061 2592; x_wconf 88' lang='lat' dir='ltr'><strong>ventitans,</strong></span> <span class='ocrx_word' id='word_1_257' title='bbox 1098 2545 1207 2585; x_wconf 90' lang='lat' dir='ltr'><strong>non</strong></span> <span class='ocrx_word' id='word_1_258' title='bbox 1260 2528 1409 2599; x_wconf 87' lang='lat' dir='ltr'><strong>prius</strong></span> <span class='ocrx_word' id='word_1_259' title='bbox 1455 2526 1674 2580; x_wconf 89' lang='lat' dir='ltr'><strong>domum</strong></span> <span class='ocrx_word' id='word_1_260' title='bbox 1725 2521 1955 2582; x_wconf 88' lang='lat' dir='ltr'><strong>redibat,</strong></span> <span class='ocrx_word' id='word_1_261' title='bbox 2011 2531 2172 2588; x_wconf 89' lang='lat' dir='ltr'><strong>quam</strong></span> <span class='ocrx_word' id='word_1_262' title='bbox 2236 2531 2363 2570; x_wconf 87' lang='lat' dir='ltr'><strong>suas</strong></span> 
     </span>
    </p>
   </div>
   <div class='ocr_carea' id='block_1_37' title="bbox 772 2610 2364 2683">
    <p class='ocr_par' dir='ltr' id='par_1_37' title="bbox 772 2610 2364 2683">
     <span class='ocr_line' id='line_1_37' title="bbox 772 2610 2364 2683; baseline -0.013 0"><span class='ocrx_word' id='word_1_263' title='bbox 772 2643 933 2683; x_wconf 86' lang='lat' dir='ltr'><strong>aures</strong></span> <span class='ocrx_word' id='word_1_264' title='bbox 983 2624 1313 2679; x_wconf 84' lang='lat' dir='ltr'><strong>oblectasset</strong></span> <span class='ocrx_word' id='word_1_265' title='bbox 1365 2618 1546 2672; x_wconf 85' lang='lat' dir='ltr'><strong>verbis</strong></span> <span class='ocrx_word' id='word_1_266' title='bbox 1594 2615 1761 2672; x_wconf 88' lang='lat' dir='ltr'><strong>senis.</strong></span> <span class='ocrx_word' id='word_1_267' title='bbox 1824 2611 2129 2682; x_wconf 83' lang='lat' dir='ltr'><strong>Aliquando</strong></span> <span class='ocrx_word' id='word_1_268' title='bbox 2184 2610 2364 2679; x_wconf 85' lang='lat' dir='ltr'><strong>itaque</strong></span> 
     </span>
    </p>
   </div>
   <div class='ocr_carea' id='block_1_38' title="bbox 773 2706 2366 2786">
    <p class='ocr_par' dir='ltr' id='par_1_38' title="bbox 773 2706 2366 2786">
     <span class='ocr_line' id='line_1_38' title="bbox 773 2706 2366 2786; baseline -0.014 -9"><span class='ocrx_word' id='word_1_269' title='bbox 773 2732 1053 2778; x_wconf 85' lang='lat' dir='ltr'><strong>revertens</strong></span> <span class='ocrx_word' id='word_1_270' title='bbox 1091 2733 1120 2771; x_wconf 89' lang='lat' dir='ltr'><strong>a</strong></span> <span class='ocrx_word' id='word_1_271' title='bbox 1154 2722 1505 2786; x_wconf 81' lang='lat' dir='ltr'><strong>praeceptore,</strong></span> <span class='ocrx_word' id='word_1_272' title='bbox 1547 2725 1668 2764; x_wconf 92' lang='lat' dir='ltr'><strong>cum</strong></span> <span class='ocrx_word' id='word_1_273' title='bbox 1727 2723 1915 2781; x_wconf 88' lang='lat' dir='ltr'><strong>parum</strong></span> <span class='ocrx_word' id='word_1_274' title='bbox 1954 2723 1985 2760; x_wconf 91' lang='lat' dir='ltr'><strong>a</strong></span> <span class='ocrx_word' id='word_1_275' title='bbox 2011 2706 2095 2759; x_wconf 89' lang='lat' dir='ltr'><strong>via</strong></span> <span class='ocrx_word' id='word_1_276' title='bbox 2145 2713 2366 2774; x_wconf 74' lang='lat' dir='ltr'><strong>promer</strong></span> 
     </span>
    </p>
   </div>
   <div class='ocr_carea' id='block_1_39' title="bbox 774 2801 2365 2882">
    <p class='ocr_par' dir='ltr' id='par_1_39' title="bbox 774 2801 2365 2882">
     <span class='ocr_line' id='line_1_39' title="bbox 774 2801 2365 2882; baseline -0.014 -10"><span class='ocrx_word' id='word_1_277' title='bbox 774 2832 930 2871; x_wconf 88' lang='lat' dir='ltr'><strong>usum</strong></span> <span class='ocrx_word' id='word_1_278' title='bbox 965 2812 1196 2882; x_wconf 83' lang='lat' dir='ltr'><strong>aliquem</strong></span> <span class='ocrx_word' id='word_1_279' title='bbox 1217 2809 1562 2870; x_wconf 84' lang='lat' dir='ltr'><strong>deelinasset,</strong></span> <span class='ocrx_word' id='word_1_280' title='bbox 1593 2802 1741 2857; x_wconf 83' lang='lat' dir='ltr'><strong>videt</strong></span> <span class='ocrx_word' id='word_1_281' title='bbox 1768 2801 2029 2854; x_wconf 80' lang='lat' dir='ltr'><strong>infantem</strong></span> <span class='ocrx_word' id='word_1_282' title='bbox 2068 2807 2365 2851; x_wconf 65' lang='lat' dir='ltr'><strong>mortuum.</strong></span> 
     </span>
    </p>
   </div>
   <div class='ocr_carea' id='block_1_40' title="bbox 773 2891 2367 2981">
    <p class='ocr_par' dir='ltr' id='par_1_40' title="bbox 773 2891 2367 2981">
     <span class='ocr_line' id='line_1_40' title="bbox 773 2891 2367 2981; baseline -0.014 -18"><span class='ocrx_word' id='word_1_283' title='bbox 773 2923 933 2981; x_wconf 90' lang='lat' dir='ltr'><strong>quem</strong></span> <span class='ocrx_word' id='word_1_284' title='bbox 974 2903 1339 2960; x_wconf 87' lang='lat' dir='ltr'><strong>momorderat</strong></span> <span class='ocrx_word' id='word_1_285' title='bbox 1368 2901 1574 2967; x_wconf 88' lang='lat' dir='ltr'><strong>vipera,</strong></span> <span class='ocrx_word' id='word_1_286' title='bbox 1607 2906 1665 2949; x_wconf 85' lang='lat' dir='ltr'><strong>et</strong></span> <span class='ocrx_word' id='word_1_287' title='bbox 1696 2896 1865 2963; x_wconf 91' lang='lat' dir='ltr'><strong>ipsam</strong></span> <span class='ocrx_word' id='word_1_288' title='bbox 1923 2891 2156 2945; x_wconf 87' lang='lat' dir='ltr'><strong>bellnam</strong></span> <span class='ocrx_word' id='word_1_289' title='bbox 2198 2902 2367 2959; x_wconf 88' lang='lat' dir='ltr'><strong>pr0pe</strong></span> 
     </span>
    </p>
   </div>
   <div class='ocr_carea' id='block_1_41' title="bbox 774 2982 2366 3057">
    <p class='ocr_par' dir='ltr' id='par_1_41' title="bbox 774 2982 2366 3057">
     <span class='ocr_line' id='line_1_41' title="bbox 774 2982 2366 3057; baseline -0.014 -1"><span class='ocrx_word' id='word_1_290' title='bbox 774 3003 1239 3057; x_wconf 86' lang='lat' dir='ltr'><strong>eumstantem-.et</strong></span> <span class='ocrx_word' id='word_1_291' title='bbox 1266 2991 1430 3046; x_wconf 89' lang='lat' dir='ltr'><strong>veluti</strong></span> <span class='ocrx_word' id='word_1_292' title='bbox 1457 2987 1853 3049; x_wconf 90' lang='lat' dir='ltr'><strong>ostendentem,</strong></span> <span class='ocrx_word' id='word_1_293' title='bbox 1881 2983 2131 3054; x_wconf 85' lang='lat' dir='ltr'><strong>quisnam</strong></span> <span class='ocrx_word' id='word_1_294' title='bbox 2164 2982 2366 3036; x_wconf 63' lang='lat' dir='ltr'><strong>caedem</strong></span> 
     </span>
    </p>
   </div>
   <div class='ocr_carea' id='block_1_42' title="bbox 776 3074 2367 3154">
    <p class='ocr_par' dir='ltr' id='par_1_42' title="bbox 776 3074 2367 3154">
     <span class='ocr_line' id='line_1_42' title="bbox 776 3074 2367 3154; baseline -0.011 -13"><span class='ocrx_word' id='word_1_295' title='bbox 776 3089 1013 3149; x_wconf 78' lang='lat' dir='ltr'><strong>fecisset.</strong></span> <span class='ocrx_word' id='word_1_296' title='bbox 1077 3087 1211 3142; x_wconf 84' lang='lat' dir='ltr'><strong>Eum</strong></span> <span class='ocrx_word' id='word_1_297' title='bbox 1240 3099 1390 3154; x_wconf 85' lang='lat' dir='ltr'><strong>ergo,</strong></span> <span class='ocrx_word' id='word_1_298' title='bbox 1419 3097 1541 3136; x_wconf 91' lang='lat' dir='ltr'><strong>cum</strong></span> <span class='ocrx_word' id='word_1_299' title='bbox 1573 3079 1625 3132; x_wconf 90' lang='lat' dir='ltr'><strong>id</strong></span> <span class='ocrx_word' id='word_1_300' title='bbox 1672 3078 1914 3143; x_wconf 81' lang='lat' dir='ltr'><strong>vidisset,</strong></span> <span class='ocrx_word' id='word_1_301' title='bbox 1948 3074 2143 3129; x_wconf 83' lang='lat' dir='ltr'><strong>invasit</strong></span> <span class='ocrx_word' id='word_1_302' title='bbox 2188 3075 2367 3135; x_wconf 79' lang='lat' dir='ltr'><strong>timor,</strong></span> 
     </span>
    </p>
   </div>
   <div class='ocr_carea' id='block_1_43' title="bbox 2527 1594 4037 1663">
    <p class='ocr_par' dir='ltr' id='par_1_43' title="bbox 2527 1594 4037 1663">
     <span class='ocr_line' id='line_1_43' title="bbox 2527 1594 4037 1663; baseline -0.002 -15"><span class='ocrx_word' id='word_1_303' title='bbox 2527 1595 2599 1648; x_wconf 84' lang='lat' dir='ltr'><strong>A&#39;.</strong></span> <span class='ocrx_word' id='word_1_304' title='bbox 2630 1596 2815 1650; x_wconf 75' lang='grc' dir='ltr'>Ταῦτα</span> <span class='ocrx_word' id='word_1_305' title='bbox 2848 1599 2876 1650; x_wconf 86' lang='grc' dir='ltr'>ὁ</span> <span class='ocrx_word' id='word_1_306' title='bbox 2908 1596 3248 1655; x_wconf 79' lang='grc' dir='ltr'>Παντολέων,</span> <span class='ocrx_word' id='word_1_307' title='bbox 3292 1595 3480 1663; x_wconf 69' lang='grc' dir='ltr'>ὥσπερ</span> <span class='ocrx_word' id='word_1_308' title='bbox 3522 1596 3590 1662; x_wconf 73' lang='grc' dir='ltr'>γῆ</span> <span class='ocrx_word' id='word_1_309' title='bbox 3623 1594 3825 1663; x_wconf 76' lang='grc' dir='ltr'>ἀγαθὴ,</span> <span class='ocrx_word' id='word_1_310' title='bbox 3849 1597 3917 1646; x_wconf 72' lang='grc' dir='ltr'><strong>τὰ</strong></span> <span class='ocrx_word' id='word_1_311' title='bbox 3952 1596 4037 1662; x_wconf 45' lang='lat' dir='ltr'><strong>Idi}.</strong></span> 
     </span>
    </p>
   </div>
   <div class='ocr_carea' id='block_1_44' title="bbox 2462 1688 4035 1759">
    <p class='ocr_par' dir='ltr' id='par_1_44' title="bbox 2462 1688 4035 1759">
     <span class='ocr_line' id='line_1_44' title="bbox 2462 1688 4035 1759; baseline -0.001 -18"><span class='ocrx_word' id='word_1_312' title='bbox 2462 1706 2610 1758; x_wconf 84' lang='grc' dir='ltr'>ματα</span> <span class='ocrx_word' id='word_1_313' title='bbox 2639 1693 2719 1750; x_wconf 82' lang='grc' dir='ltr'><strong>είς</strong></span> <span class='ocrx_word' id='word_1_314' title='bbox 2766 1691 2987 1759; x_wconf 79' lang='grc' dir='ltr'>καρδίαν</span> <span class='ocrx_word' id='word_1_315' title='bbox 3018 1688 3347 1759; x_wconf 75' lang='grc' dir='ltr'>παραλαϐὼν</span> <span class='ocrx_word' id='word_1_316' title='bbox 3380 1689 3472 1740; x_wconf 74' lang='grc' dir='ltr'><strong>καὶ</strong></span> <span class='ocrx_word' id='word_1_317' title='bbox 3508 1690 3742 1756; x_wconf 61' lang='grc' dir='ltr'>κρύψας,</span> <span class='ocrx_word' id='word_1_318' title='bbox 3779 1689 4035 1739; x_wconf 73' lang='grc' dir='ltr'>ἐπίστευέ</span> 
     </span>
    </p>
   </div>
   <div class='ocr_carea' id='block_1_45' title="bbox 2456 1775 4039 1849">
    <p class='ocr_par' dir='ltr' id='par_1_45' title="bbox 2456 1775 4039 1849">
     <span class='ocr_line' id='line_1_45' title="bbox 2456 1775 4039 1849; baseline -0.003 -17"><span class='ocrx_word' id='word_1_319' title='bbox 2456 1797 2513 1832; x_wconf 85' lang='grc' dir='ltr'><strong>τε</strong></span> <span class='ocrx_word' id='word_1_320' title='bbox 2545 1782 2637 1832; x_wconf 69' lang='grc' dir='ltr'><strong>καὶ</strong></span> <span class='ocrx_word' id='word_1_321' title='bbox 2685 1781 2863 1849; x_wconf 87' lang='grc' dir='ltr'>ἀληθῆ</span> <span class='ocrx_word' id='word_1_322' title='bbox 2919 1781 3134 1849; x_wconf 80' lang='grc' dir='ltr'>ἔκρινεν</span> <span class='ocrx_word' id='word_1_323' title='bbox 3170 1775 3312 1831; x_wconf 79' lang='grc' dir='ltr'>εἶναι</span> <span class='ocrx_word' id='word_1_324' title='bbox 3346 1781 3440 1831; x_wconf 71' lang='grc' dir='ltr'><strong>καὶ</strong></span> <span class='ocrx_word' id='word_1_325' title='bbox 3485 1779 3622 1839; x_wconf 82' lang='grc' dir='ltr'>ὅλως</span> <span class='ocrx_word' id='word_1_326' title='bbox 3661 1780 3844 1828; x_wconf 80' lang='grc' dir='ltr'>αὐτῶν</span> <span class='ocrx_word' id='word_1_327' title='bbox 3883 1779 4039 1845; x_wconf 65' lang='grc' dir='ltr'>ἐξήρ-</span> 
     </span>
    </p>
   </div>
   <div class='ocr_carea' id='block_1_46' title="bbox 2457 1867 4037 1942">
    <p class='ocr_par' dir='ltr' id='par_1_46' title="bbox 2457 1867 4037 1942">
     <span class='ocr_line' id='line_1_46' title="bbox 2457 1867 4037 1942; baseline -0.004 -18"><span class='ocrx_word' id='word_1_328' title='bbox 2457 1888 2586 1942; x_wconf 80' lang='grc' dir='ltr'>τητο</span> <span class='ocrx_word' id='word_1_329' title='bbox 2621 1876 2712 1924; x_wconf 71' lang='grc' dir='ltr'>καὶ</span> <span class='ocrx_word' id='word_1_330' title='bbox 2764 1871 2993 1941; x_wconf 77' lang='grc' dir='ltr'>μελέτην</span> <span class='ocrx_word' id='word_1_331' title='bbox 3018 1867 3131 1941; x_wconf 77' lang='grc' dir='ltr'>εἶχε</span> <span class='ocrx_word' id='word_1_332' title='bbox 3161 1870 3333 1923; x_wconf 80' lang='grc' dir='ltr'>ταῦτα</span> <span class='ocrx_word' id='word_1_333' title='bbox 3375 1871 3633 1938; x_wconf 77' lang='grc' dir='ltr'>γλυκεῖαν</span> <span class='ocrx_word' id='word_1_334' title='bbox 3675 1867 3835 1934; x_wconf 81' lang='grc' dir='ltr'>ἔλεγέ</span> <span class='ocrx_word' id='word_1_335' title='bbox 3863 1885 3920 1918; x_wconf 85' lang='grc' dir='ltr'>τε</span> <span class='ocrx_word' id='word_1_336' title='bbox 3951 1868 4037 1917; x_wconf 73' lang='grc' dir='ltr'><strong>καὶ</strong></span> 
     </span>
    </p>
   </div>
   <div class='ocr_carea' id='block_1_47' title="bbox 2459 1962 4040 2033">
    <p class='ocr_par' dir='ltr' id='par_1_47' title="bbox 2459 1962 4040 2033">
     <span class='ocr_line' id='line_1_47' title="bbox 2459 1962 4040 2033; baseline -0.003 -18"><span class='ocrx_word' id='word_1_337' title='bbox 2459 1965 2609 2031; x_wconf 82' lang='grc' dir='ltr'><strong>παρά</strong></span> <span class='ocrx_word' id='word_1_338' title='bbox 2638 1964 2736 2032; x_wconf 81' lang='grc' dir='ltr'>τῆς</span> <span class='ocrx_word' id='word_1_339' title='bbox 2777 1964 2982 2033; x_wconf 76' lang='grc' dir='ltr'>μητρὸς</span> <span class='ocrx_word' id='word_1_340' title='bbox 3016 1966 3154 2016; x_wconf 70' lang='grc' dir='ltr'>αὐτὰ</span> <span class='ocrx_word' id='word_1_341' title='bbox 3203 1964 3467 2025; x_wconf 78' lang='grc' dir='ltr'>πολλάκις</span> <span class='ocrx_word' id='word_1_342' title='bbox 3514 1962 3749 2014; x_wconf 74' lang='grc' dir='ltr'>ἀκοῦσαι</span> <span class='ocrx_word' id='word_1_343' title='bbox 3805 1978 4040 2029; x_wconf 73' lang='grc' dir='ltr'>προσευ-</span> 
     </span>
    </p>
   </div>
   <div class='ocr_carea' id='block_1_48' title="bbox 2460 2050 4042 2123">
    <p class='ocr_par' dir='ltr' id='par_1_48' title="bbox 2460 2050 4042 2123">
     <span class='ocr_line' id='line_1_48' title="bbox 2460 2050 4042 2123; baseline -0.001 -18"><span class='ocrx_word' id='word_1_344' title='bbox 2460 2056 2695 2121; x_wconf 81' lang='grc' dir='ltr'>χομένην</span> <span class='ocrx_word' id='word_1_345' title='bbox 2724 2069 2782 2103; x_wconf 84' lang='grc' dir='ltr'><strong>τε</strong></span> <span class='ocrx_word' id='word_1_346' title='bbox 2815 2054 2986 2121; x_wconf 77' lang='grc' dir='ltr'>αὐτὴν</span> <span class='ocrx_word' id='word_1_347' title='bbox 3033 2055 3166 2123; x_wconf 80' lang='grc' dir='ltr'>ὀρᾷν</span> <span class='ocrx_word' id='word_1_348' title='bbox 3191 2055 3280 2104; x_wconf 64' lang='grc' dir='ltr'>καὶ</span> <span class='ocrx_word' id='word_1_349' title='bbox 3305 2052 3362 2104; x_wconf 75' lang='grc' dir='ltr'>ὃν</span> <span class='ocrx_word' id='word_1_350' title='bbox 3395 2055 3458 2104; x_wconf 61' lang='grc' dir='ltr'><strong>σὺ</strong></span> <span class='ocrx_word' id='word_1_351' title='bbox 3489 2055 3780 2121; x_wconf 63' lang='grc' dir='ltr'>κηρύττεις</span> <span class='ocrx_word' id='word_1_352' title='bbox 3813 2050 4042 2103; x_wconf 73' lang='grc' dir='ltr'>ἐπιϐοω-</span> 
     </span>
    </p>
   </div>
   <div class='ocr_carea' id='block_1_49' title="bbox 2464 2143 4039 2215">
    <p class='ocr_par' dir='ltr' id='par_1_49' title="bbox 2464 2143 4039 2215">
     <span class='ocr_line' id='line_1_49' title="bbox 2464 2143 4039 2215; baseline -0.001 -19"><span class='ocrx_word' id='word_1_353' title='bbox 2464 2145 2631 2215; x_wconf 86' lang='grc' dir='ltr'>μένην</span> <span class='ocrx_word' id='word_1_354' title='bbox 2685 2143 2853 2196; x_wconf 76' lang='grc' dir='ltr'>Θεόνο</span> <span class='ocrx_word' id='word_1_355' title='bbox 2900 2145 3161 2213; x_wconf 73' lang='grc' dir='ltr'>ἠϐούλετο</span> <span class='ocrx_word' id='word_1_356' title='bbox 3188 2146 3242 2198; x_wconf 83' lang='grc' dir='ltr'>δὲ</span> <span class='ocrx_word' id='word_1_357' title='bbox 3296 2145 3373 2215; x_wconf 77' lang='grc' dir='ltr'><strong>τῷ</strong></span> <span class='ocrx_word' id='word_1_358' title='bbox 3414 2146 3532 2197; x_wconf 77' lang='grc' dir='ltr'>διδα</span> <span class='ocrx_word' id='word_1_359' title='bbox 3573 2144 3722 2212; x_wconf 76' lang='grc' dir='ltr'>κάλῳ</span> <span class='ocrx_word' id='word_1_360' title='bbox 3783 2144 4039 2212; x_wconf 79' lang='grc' dir='ltr'>γνώριμα</span> 
     </span>
    </p>
   </div>
   <div class='ocr_carea' id='block_1_50' title="bbox 2459 2236 4041 2307">
    <p class='ocr_par' dir='ltr' id='par_1_50' title="bbox 2459 2236 4041 2307">
     <span class='ocr_line' id='line_1_50' title="bbox 2459 2236 4041 2307; baseline -0.001 -19"><span class='ocrx_word' id='word_1_361' title='bbox 2459 2237 2633 2292; x_wconf 78' lang='grc' dir='ltr'>ταῦτα</span> <span class='ocrx_word' id='word_1_362' title='bbox 2667 2237 2856 2291; x_wconf 79' lang='grc' dir='ltr'>θέσθαι</span> <span class='ocrx_word' id='word_1_363' title='bbox 2880 2254 2893 2269; x_wconf 83' lang='lat'><strong><em>°</em></strong></span> <span class='ocrx_word' id='word_1_364' title='bbox 2934 2239 3146 2307; x_wconf 78' lang='grc' dir='ltr'>ἡμέρας</span> <span class='ocrx_word' id='word_1_365' title='bbox 3177 2237 3270 2291; x_wconf 70' lang='grc' dir='ltr'><strong>οὖν</strong></span> <span class='ocrx_word' id='word_1_366' title='bbox 3302 2238 3537 2306; x_wconf 77' lang='grc' dir='ltr'>ἑκάστης</span> <span class='ocrx_word' id='word_1_367' title='bbox 3584 2236 3748 2306; x_wconf 74' lang='grc' dir='ltr'>ἀπῄει</span> <span class='ocrx_word' id='word_1_368' title='bbox 3778 2239 3807 2288; x_wconf 82' lang='grc' dir='ltr'>ὁ</span> <span class='ocrx_word' id='word_1_369' title='bbox 3843 2238 4041 2287; x_wconf 84' lang='grc' dir='ltr'>Παντο-</span> 
     </span>
    </p>
   </div>
   <div class='ocr_carea' id='block_1_51' title="bbox 2460 2330 4038 2401">
    <p class='ocr_par' dir='ltr' id='par_1_51' title="bbox 2460 2330 4038 2401">
     <span class='ocr_line' id='line_1_51' title="bbox 2460 2330 4038 2401; baseline -0.002 -18"><span class='ocrx_word' id='word_1_370' title='bbox 2460 2331 2597 2384; x_wconf 90' lang='grc' dir='ltr'>λέων</span> <span class='ocrx_word' id='word_1_371' title='bbox 2629 2333 2762 2400; x_wconf 81' lang='grc' dir='ltr'>πρὸς</span> <span class='ocrx_word' id='word_1_372' title='bbox 2788 2333 2880 2383; x_wconf 76' lang='grc' dir='ltr'><strong>τὸν</strong></span> <span class='ocrx_word' id='word_1_373' title='bbox 2936 2332 3250 2401; x_wconf 73' lang='grc' dir='ltr'>πρεσϐύτην</span> <span class='ocrx_word' id='word_1_374' title='bbox 3280 2335 3370 2384; x_wconf 78' lang='grc' dir='ltr'><strong>καὶ</strong></span> <span class='ocrx_word' id='word_1_375' title='bbox 3434 2335 3540 2384; x_wconf 69' lang='grc' dir='ltr'><strong>τῶν</strong></span> <span class='ocrx_word' id='word_1_376' title='bbox 3588 2332 3773 2383; x_wconf 83' lang='grc' dir='ltr'>καλῶν</span> <span class='ocrx_word' id='word_1_377' title='bbox 3834 2330 4038 2383; x_wconf 81' lang='grc' dir='ltr'>τούτων</span> 
     </span>
    </p>
   </div>
   <div class='ocr_carea' id='block_1_52' title="bbox 2465 2422 4040 2493">
    <p class='ocr_par' dir='ltr' id='par_1_52' title="bbox 2465 2422 4040 2493">
     <span class='ocr_line' id='line_1_52' title="bbox 2465 2422 4040 2493; baseline -0.001 -19"><span class='ocrx_word' id='word_1_378' title='bbox 2465 2423 2673 2491; x_wconf 77' lang='grc' dir='ltr'>ἐτρύφα</span> <span class='ocrx_word' id='word_1_379' title='bbox 2705 2424 2962 2492; x_wconf 77' lang='grc' dir='ltr'>ναμάτων</span> <span class='ocrx_word' id='word_1_380' title='bbox 2993 2427 3086 2477; x_wconf 80' lang='grc' dir='ltr'><strong>καὶ</strong></span> <span class='ocrx_word' id='word_1_381' title='bbox 3120 2426 3253 2492; x_wconf 71' lang='grc' dir='ltr'>πρὸς</span> <span class='ocrx_word' id='word_1_382' title='bbox 3285 2426 3383 2493; x_wconf 80' lang='grc' dir='ltr'>τὴν</span> <span class='ocrx_word' id='word_1_383' title='bbox 3426 2424 3629 2490; x_wconf 74' lang='grc' dir='ltr'>εὐσεϐῆ</span> <span class='ocrx_word' id='word_1_384' title='bbox 3664 2425 3853 2474; x_wconf 76' lang='grc' dir='ltr'>πίστιν</span> <span class='ocrx_word' id='word_1_385' title='bbox 3903 2422 4040 2475; x_wconf 78' lang='grc' dir='ltr'><strong>κατά</strong></span> 
     </span>
    </p>
   </div>
   <div class='ocr_carea' id='block_1_53' title="bbox 2469 2515 4039 2587">
    <p class='ocr_par' dir='ltr' id='par_1_53' title="bbox 2469 2515 4039 2587">
     <span class='ocr_line' id='line_1_53' title="bbox 2469 2515 4039 2587; baseline -0.003 -18"><span class='ocrx_word' id='word_1_386' title='bbox 2469 2516 2666 2587; x_wconf 85' lang='grc' dir='ltr'>μικρὸν</span> <span class='ocrx_word' id='word_1_387' title='bbox 2694 2517 3009 2585; x_wconf 72' lang='grc' dir='ltr'>ἐστηρίζετο</span> <span class='ocrx_word' id='word_1_388' title='bbox 3052 2520 3147 2571; x_wconf 68' lang='grc' dir='ltr'>καὶ</span> <span class='ocrx_word' id='word_1_389' title='bbox 3196 2520 3331 2587; x_wconf 75' lang='grc' dir='ltr'>πρὸς</span> <span class='ocrx_word' id='word_1_390' title='bbox 3376 2516 3466 2568; x_wconf 80' lang='grc' dir='ltr'><strong>τὸν</strong></span> <span class='ocrx_word' id='word_1_391' title='bbox 3518 2516 3841 2569; x_wconf 71' lang='grc' dir='ltr'>διδάσκαλον</span> <span class='ocrx_word' id='word_1_392' title='bbox 3873 2515 3930 2566; x_wconf 80' lang='grc' dir='ltr'>δὲ</span> <span class='ocrx_word' id='word_1_393' title='bbox 3960 2516 4039 2571; x_wconf 70' lang='grc' dir='ltr'>διὰ</span> 
     </span>
    </p>
   </div>
   <div class='ocr_carea' id='block_1_54' title="bbox 2466 2607 4040 2679">
    <p class='ocr_par' dir='ltr' id='par_1_54' title="bbox 2466 2607 4040 2679">
     <span class='ocr_line' id='line_1_54' title="bbox 2466 2607 4040 2679; baseline -0.011 -6"><span class='ocrx_word' id='word_1_394' title='bbox 2466 2611 2643 2679; x_wconf 76' lang='grc' dir='ltr'>πάσης</span> <span class='ocrx_word' id='word_1_395' title='bbox 2671 2611 2859 2677; x_wconf 76' lang='grc' dir='ltr'>ἐφοίτα</span> <span class='ocrx_word' id='word_1_396' title='bbox 2894 2614 2987 2662; x_wconf 71' lang='grc' dir='ltr'><strong>καὶ</strong></span> <span class='ocrx_word' id='word_1_397' title='bbox 3007 2612 3065 2663; x_wconf 81' lang='grc' dir='ltr'><strong>οὐ</strong></span> <span class='ocrx_word' id='word_1_398' title='bbox 3101 2611 3368 2678; x_wconf 81' lang='grc' dir='ltr'>πρότερον</span> <span class='ocrx_word' id='word_1_399' title='bbox 3396 2610 3579 2662; x_wconf 79' lang='grc' dir='ltr'>οἴκαδε</span> <span class='ocrx_word' id='word_1_400' title='bbox 3604 2607 3861 2677; x_wconf 72' lang='grc' dir='ltr'>ἐπανῄει,</span> <span class='ocrx_word' id='word_1_401' title='bbox 3887 2609 3935 2657; x_wconf 83' lang='grc' dir='ltr'><strong>εί</strong></span> <span class='ocrx_word' id='word_1_402' title='bbox 3968 2607 4040 2674; x_wconf 73' lang='grc' dir='ltr'>μὴ</span> 
     </span>
    </p>
   </div>
   <div class='ocr_carea' id='block_1_55' title="bbox 2464 2700 4041 2771">
    <p class='ocr_par' dir='ltr' id='par_1_55' title="bbox 2464 2700 4041 2771">
     <span class='ocr_line' id='line_1_55' title="bbox 2464 2700 4041 2771; baseline -0.002 -19"><span class='ocrx_word' id='word_1_403' title='bbox 2464 2701 2563 2763; x_wconf 75' lang='grc' dir='ltr'><strong>τὰς</strong></span> <span class='ocrx_word' id='word_1_404' title='bbox 2590 2704 2759 2764; x_wconf 73' lang='grc' dir='ltr'>ἀκοὰς</span> <span class='ocrx_word' id='word_1_405' title='bbox 2790 2702 3037 2770; x_wconf 72' lang='grc' dir='ltr'>ηύφρανε</span> <span class='ocrx_word' id='word_1_406' title='bbox 3071 2705 3165 2755; x_wconf 81' lang='grc' dir='ltr'>καὶ</span> <span class='ocrx_word' id='word_1_407' title='bbox 3192 2704 3302 2761; x_wconf 80' lang='grc' dir='ltr'>τοῖς</span> <span class='ocrx_word' id='word_1_408' title='bbox 3331 2703 3537 2770; x_wconf 75' lang='grc' dir='ltr'>ῥήμασι</span> <span class='ocrx_word' id='word_1_409' title='bbox 3570 2701 3663 2753; x_wconf 78' lang='grc' dir='ltr'>τοῦ</span> <span class='ocrx_word' id='word_1_410' title='bbox 3694 2700 4005 2771; x_wconf 81' lang='grc' dir='ltr'>πρεσϐύτου</span> <span class='ocrx_word' id='word_1_411' title='bbox 4026 2714 4041 2728; x_wconf 92' lang='grc'><strong>·</strong></span> 
     </span>
    </p>
   </div>
   <div class='ocr_carea' id='block_1_56' title="bbox 2469 2793 4045 2861">
    <p class='ocr_par' dir='ltr' id='par_1_56' title="bbox 2469 2793 4045 2861">
     <span class='ocr_line' id='line_1_56' title="bbox 2469 2793 4045 2861; baseline 0 -18"><span class='ocrx_word' id='word_1_412' title='bbox 2469 2793 2599 2845; x_wconf 72' lang='grc' dir='ltr'>ποτε</span> <span class='ocrx_word' id='word_1_413' title='bbox 2630 2796 2809 2847; x_wconf 80' lang='grc' dir='ltr'>τοίνυν</span> <span class='ocrx_word' id='word_1_414' title='bbox 2836 2797 2943 2847; x_wconf 82' lang='grc' dir='ltr'><strong>ἀπὸ</strong></span> <span class='ocrx_word' id='word_1_415' title='bbox 2972 2794 3066 2847; x_wconf 59' lang='grc' dir='ltr'>τοῦ</span> <span class='ocrx_word' id='word_1_416' title='bbox 3091 2795 3408 2848; x_wconf 74' lang='grc' dir='ltr'>διδασκάλου</span> <span class='ocrx_word' id='word_1_417' title='bbox 3438 2794 3785 2861; x_wconf 76' lang='grc' dir='ltr'>Εὑφροσύνου</span> <span class='ocrx_word' id='word_1_418' title='bbox 3811 2793 4045 2845; x_wconf 82' lang='grc' dir='ltr'>ἐπανιὼν</span> 
     </span>
    </p>
   </div>
   <div class='ocr_carea' id='block_1_57' title="bbox 2470 2884 4048 2955">
    <p class='ocr_par' dir='ltr' id='par_1_57' title="bbox 2470 2884 4048 2955">
     <span class='ocr_line' id='line_1_57' title="bbox 2470 2884 4048 2955; baseline -0.001 -17"><span class='ocrx_word' id='word_1_419' title='bbox 2470 2885 2564 2938; x_wconf 78' lang='grc' dir='ltr'>καὶ</span> <span class='ocrx_word' id='word_1_420' title='bbox 2599 2886 2794 2955; x_wconf 85' lang='grc' dir='ltr'>μικρὸν</span> <span class='ocrx_word' id='word_1_421' title='bbox 2819 2884 2921 2951; x_wconf 79' lang='grc' dir='ltr'>τῆς</span> <span class='ocrx_word' id='word_1_422' title='bbox 2971 2888 3091 2939; x_wconf 68' lang='grc' dir='ltr'>ὁδοῦ</span> <span class='ocrx_word' id='word_1_423' title='bbox 3147 2887 3291 2941; x_wconf 85' lang='grc' dir='ltr'><strong>κατά</strong></span> <span class='ocrx_word' id='word_1_424' title='bbox 3320 2904 3371 2940; x_wconf 87' lang='grc' dir='ltr'><strong>τι</strong></span> <span class='ocrx_word' id='word_1_425' title='bbox 3397 2888 3598 2949; x_wconf 80' lang='grc' dir='ltr'>δεῆσαν</span> <span class='ocrx_word' id='word_1_426' title='bbox 3642 2886 3926 2947; x_wconf 70' lang='grc' dir='ltr'>ἐκκλίνας,</span> <span class='ocrx_word' id='word_1_427' title='bbox 3952 2887 4048 2955; x_wconf 74' lang='grc' dir='ltr'>ὁρᾷ</span> 
     </span>
    </p>
   </div>
   <div class='ocr_carea' id='block_1_58' title="bbox 2471 2978 4051 3051">
    <p class='ocr_par' dir='ltr' id='par_1_58' title="bbox 2471 2978 4051 3051">
     <span class='ocr_line' id='line_1_58' title="bbox 2471 2978 4051 3051; baseline 0.001 -23"><span class='ocrx_word' id='word_1_428' title='bbox 2471 2978 2681 3032; x_wconf 84' lang='grc' dir='ltr'>παιδίον</span> <span class='ocrx_word' id='word_1_429' title='bbox 2716 2978 2806 3031; x_wconf 81' lang='grc' dir='ltr'><strong>ὑπ’</strong></span> <span class='ocrx_word' id='word_1_430' title='bbox 2839 2981 3053 3050; x_wconf 74' lang='grc' dir='ltr'>ἐχίδνης</span> <span class='ocrx_word' id='word_1_431' title='bbox 3090 2982 3422 3051; x_wconf 79' lang='grc' dir='ltr'>δεδηγμένον</span> <span class='ocrx_word' id='word_1_432' title='bbox 3451 2983 3543 3033; x_wconf 75' lang='grc' dir='ltr'><strong>καὶ</strong></span> <span class='ocrx_word' id='word_1_433' title='bbox 3572 2979 3841 3049; x_wconf 82' lang='grc' dir='ltr'>τεθνηκός</span> <span class='ocrx_word' id='word_1_434' title='bbox 3873 2995 3888 3008; x_wconf 79' lang='grc'><strong><em>⁸</em></strong></span> <span class='ocrx_word' id='word_1_435' title='bbox 3920 2978 4051 3031; x_wconf 80' lang='grc' dir='ltr'><strong>αὑτὸ</strong></span> 
     </span>
    </p>
   </div>
   <div class='ocr_carea' id='block_1_59' title="bbox 2472 3071 4049 3145">
    <p class='ocr_par' dir='ltr' id='par_1_59' title="bbox 2472 3071 4049 3145">
     <span class='ocr_line' id='line_1_59' title="bbox 2472 3071 4049 3145; baseline 0.002 -25"><span class='ocrx_word' id='word_1_436' title='bbox 2472 3087 2530 3121; x_wconf 80' lang='grc' dir='ltr'><strong>τε</strong></span> <span class='ocrx_word' id='word_1_437' title='bbox 2562 3072 2621 3122; x_wconf 73' lang='grc' dir='ltr'>τὸ</span> <span class='ocrx_word' id='word_1_438' title='bbox 2649 3071 2838 3141; x_wconf 78' lang='grc' dir='ltr'>θηρίον</span> <span class='ocrx_word' id='word_1_439' title='bbox 2870 3073 3036 3140; x_wconf 72' lang='grc' dir='ltr'>ὶγγύς</span> <span class='ocrx_word' id='word_1_440' title='bbox 3072 3091 3175 3125; x_wconf 88' lang='grc' dir='ltr'><strong>που</strong></span> <span class='ocrx_word' id='word_1_441' title='bbox 3214 3075 3388 3145; x_wconf 72' lang='grc' dir='ltr'>παρὸν</span> <span class='ocrx_word' id='word_1_442' title='bbox 3417 3075 3509 3126; x_wconf 72' lang='grc' dir='ltr'>καὶ</span> <span class='ocrx_word' id='word_1_443' title='bbox 3538 3073 3728 3143; x_wconf 79' lang='grc' dir='ltr'>ὥσπερ</span> <span class='ocrx_word' id='word_1_444' title='bbox 3762 3074 3855 3125; x_wconf 77' lang='grc' dir='ltr'><strong>τὸν</strong></span> <span class='ocrx_word' id='word_1_445' title='bbox 3885 3076 4049 3141; x_wconf 68' lang='grc' dir='ltr'>φονέα</span> 
     </span>
    </p>
   </div>
   <div class='ocr_carea' id='block_1_60' title="bbox 779 3160 2370 3250">
    <p class='ocr_par' dir='ltr' id='par_1_60' title="bbox 779 3166 2370 3250">
     <span class='ocr_line' id='line_1_60' title="bbox 779 3166 2370 3250; baseline -0.017 -8"><span class='ocrx_word' id='word_1_446' title='bbox 779 3196 835 3242; x_wconf 86' lang='lat' dir='ltr'><strong>et</strong></span> <span class='ocrx_word' id='word_1_447' title='bbox 874 3181 1106 3238; x_wconf 85' lang='lat' dir='ltr'><strong>secessit</strong></span> <span class='ocrx_word' id='word_1_448' title='bbox 1145 3177 1443 3250; x_wconf 85' lang='lat' dir='ltr'><strong>paululum.</strong></span> <span class='ocrx_word' id='word_1_449' title='bbox 1489 3173 1692 3226; x_wconf 86' lang='lat' dir='ltr'><strong>Deinde</strong></span> <span class='ocrx_word' id='word_1_450' title='bbox 1733 3183 1857 3222; x_wconf 89' lang='lat' dir='ltr'><strong>cum</strong></span> <span class='ocrx_word' id='word_1_451' title='bbox 1909 3181 2095 3220; x_wconf 89' lang='lat' dir='ltr'><strong>rursus</strong></span> <span class='ocrx_word' id='word_1_452' title='bbox 2142 3166 2370 3233; x_wconf 87' lang='lat' dir='ltr'><strong>seipsum</strong></span> 
     </span>
    </p>
   </div>
   <div class='ocr_carea' id='block_1_61' title="bbox 2472 3160 4052 3250">
    <p class='ocr_par' dir='ltr' id='par_1_61' title="bbox 2483 3160 4052 3235">
     <span class='ocr_line' id='line_1_61' title="bbox 2483 3160 4052 3235; baseline 0.001 -21"><span class='ocrx_word' id='word_1_453' title='bbox 2483 3162 2631 3227; x_wconf 82' lang='grc' dir='ltr'>ὅστις</span> <span class='ocrx_word' id='word_1_454' title='bbox 2668 3166 2752 3235; x_wconf 80' lang='grc' dir='ltr'>εἴη</span> <span class='ocrx_word' id='word_1_455' title='bbox 2813 3163 3038 3235; x_wconf 74' lang='grc' dir='ltr'>εὔδηλον</span> <span class='ocrx_word' id='word_1_456' title='bbox 3071 3164 3352 3217; x_wconf 69' lang='grc' dir='ltr'>καθιστάν*</span> <span class='ocrx_word' id='word_1_457' title='bbox 3387 3164 3561 3219; x_wconf 64' lang='grc' dir='ltr'>ίδόντα</span> <span class='ocrx_word' id='word_1_458' title='bbox 3608 3161 3700 3217; x_wconf 76' lang='grc' dir='ltr'><strong>οὖν</strong></span> <span class='ocrx_word' id='word_1_459' title='bbox 3742 3165 3908 3232; x_wconf 71' lang='grc' dir='ltr'>φόϐος</span> <span class='ocrx_word' id='word_1_460' title='bbox 3944 3160 4052 3223; x_wconf 71' lang='grc' dir='ltr'>εἷλε</span> 
     </span>
    </p>
   </div>
   <div class='ocr_carea' id='block_1_62' title="bbox 778 3258 2371 3345">
    <p class='ocr_par' dir='ltr' id='par_1_62' title="bbox 778 3258 2371 3345">
     <span class='ocr_line' id='line_1_62' title="bbox 778 3258 2371 3345; baseline -0.013 -13"><span class='ocrx_word' id='word_1_461' title='bbox 778 3277 1107 3345; x_wconf 75' lang='lat' dir='ltr'><strong>collegisset,</strong></span> <span class='ocrx_word' id='word_1_462' title='bbox 1142 3280 1225 3325; x_wconf 85' lang='lat' dir='ltr'><strong>est</strong></span> <span class='ocrx_word' id='word_1_463' title='bbox 1280 3280 1553 3328; x_wconf 83' lang='lat' dir='ltr'><strong>reversus,</strong></span> <span class='ocrx_word' id='word_1_464' title='bbox 1613 3270 1668 3316; x_wconf 89' lang='lat' dir='ltr'><strong>et</strong></span> <span class='ocrx_word' id='word_1_465' title='bbox 1714 3260 1862 3315; x_wconf 88' lang='lat' dir='ltr'><strong>stetit</strong></span> <span class='ocrx_word' id='word_1_466' title='bbox 1909 3258 2060 3327; x_wconf 76' lang='lat' dir='ltr'><strong>juxta</strong></span> <span class='ocrx_word' id='word_1_467' title='bbox 2117 3271 2371 3327; x_wconf 90' lang='lat' dir='ltr'><strong>puerum.</strong></span> 
     </span>
    </p>
   </div>
   <div class='ocr_carea' id='block_1_63' title="bbox 778 3350 2374 3425">
    <p class='ocr_par' dir='ltr' id='par_1_63' title="bbox 778 3350 2374 3425">
     <span class='ocr_line' id='line_1_63' title="bbox 778 3350 2374 3425; baseline -0.013 -3"><span class='ocrx_word' id='word_1_468' title='bbox 778 3354 1063 3425; x_wconf 66' lang='grc' dir='ltr'>δυάίυειὺδι</span> <span class='ocrx_word' id='word_1_469' title='bbox 1089 3364 1232 3419; x_wconf 89' lang='lat' dir='ltr'><strong>enim</strong></span> <span class='ocrx_word' id='word_1_470' title='bbox 1275 3362 1377 3415; x_wconf 91' lang='lat' dir='ltr'><strong>hoc</strong></span> <span class='ocrx_word' id='word_1_471' title='bbox 1430 3373 1552 3413; x_wconf 83' lang='lat' dir='ltr'><strong>esse</strong></span> <span class='ocrx_word' id='word_1_472' title='bbox 1597 3354 1870 3409; x_wconf 86' lang='lat' dir='ltr'><strong>sulllciens</strong></span> <span class='ocrx_word' id='word_1_473' title='bbox 1920 3350 2132 3420; x_wconf 84' lang='lat' dir='ltr'><strong>signum</strong></span> <span class='ocrx_word' id='word_1_474' title='bbox 2186 3364 2374 3403; x_wconf 88' lang='lat' dir='ltr'><strong>eorum</strong></span> 
     </span>
    </p>
   </div>
   <div class='ocr_carea' id='block_1_64' title="bbox 781 3441 2372 3534">
    <p class='ocr_par' dir='ltr' id='par_1_64' title="bbox 781 3441 2372 3534">
     <span class='ocr_line' id='line_1_64' title="bbox 781 3441 2372 3534; baseline -0.018 -16"><span class='ocrx_word' id='word_1_475' title='bbox 781 3479 903 3534; x_wconf 56' lang='lat' dir='ltr'><strong>quge</strong></span> <span class='ocrx_word' id='word_1_476' title='bbox 955 3474 1121 3515; x_wconf 76' lang='lat' dir='ltr'><strong>senex</strong></span> <span class='ocrx_word' id='word_1_477' title='bbox 1161 3457 1395 3515; x_wconf 78' lang='lat' dir='ltr'><strong>dixerat,</strong></span> <span class='ocrx_word' id='word_1_478' title='bbox 1442 3451 1486 3504; x_wconf 94' lang='lat' dir='ltr'><strong>si</strong></span> <span class='ocrx_word' id='word_1_479' title='bbox 1530 3464 1658 3503; x_wconf 86' lang='lat' dir='ltr'><strong>vera</strong></span> <span class='ocrx_word' id='word_1_480' title='bbox 1701 3452 1889 3500; x_wconf 86' lang='lat' dir='ltr'><strong>essent</strong></span> <span class='ocrx_word' id='word_1_481' title='bbox 1924 3441 2161 3512; x_wconf 89' lang='lat' dir='ltr'><strong>:Surget</strong></span> <span class='ocrx_word' id='word_1_482' title='bbox 2206 3441 2372 3496; x_wconf 85' lang='lat' dir='ltr'><strong>enim.</strong></span> 
     </span>
    </p>
   </div>
   <div class='ocr_carea' id='block_1_65' title="bbox 783 3531 2374 3626">
    <p class='ocr_par' dir='ltr' id='par_1_65' title="bbox 783 3531 2374 3626">
     <span class='ocr_line' id='line_1_65' title="bbox 783 3531 2374 3626; baseline -0.019 -15"><span class='ocrx_word' id='word_1_483' title='bbox 783 3531 986 3626; x_wconf 69' lang='lat' dir='ltr'><strong>inqait,</strong></span> <span class='ocrx_word' id='word_1_484' title='bbox 1042 3566 1178 3622; x_wconf 89' lang='lat' dir='ltr'><strong>puer</strong></span> <span class='ocrx_word' id='word_1_485' title='bbox 1230 3548 1349 3617; x_wconf 89' lang='lat' dir='ltr'><strong>ejus</strong></span> <span class='ocrx_word' id='word_1_486' title='bbox 1411 3544 1600 3608; x_wconf 85' lang='lat' dir='ltr'><strong>verbo,</strong></span> <span class='ocrx_word' id='word_1_487' title='bbox 1656 3548 1710 3593; x_wconf 93' lang='lat' dir='ltr'><strong>et</strong></span> <span class='ocrx_word' id='word_1_488' title='bbox 1773 3537 1824 3591; x_wconf 90' lang='lat' dir='ltr'><strong>id</strong></span> <span class='ocrx_word' id='word_1_489' title='bbox 1890 3537 2122 3606; x_wconf 87' lang='lat' dir='ltr'><strong>patietur</strong></span> <span class='ocrx_word' id='word_1_490' title='bbox 2175 3531 2374 3584; x_wconf 69' lang='lat' dir='ltr'><strong>bellua:</strong></span> 
     </span>
    </p>
   </div>
   <div class='ocr_carea' id='block_1_66' title="bbox 783 3620 2378 3719">
    <p class='ocr_par' dir='ltr' id='par_1_66' title="bbox 783 3620 2378 3719">
     <span class='ocr_line' id='line_1_66' title="bbox 783 3620 2378 3719; baseline -0.018 -16"><span class='ocrx_word' id='word_1_491' title='bbox 783 3620 926 3719; x_wconf 82' lang='lat' dir='ltr'><strong>quod</strong></span> <span class='ocrx_word' id='word_1_492' title='bbox 952 3620 1056 3716; x_wconf 82' lang='lat' dir='ltr'><strong>ipsi</strong></span> <span class='ocrx_word' id='word_1_493' title='bbox 1084 3644 1230 3698; x_wconf 80' lang='lat' dir='ltr'><strong>fecit.</strong></span> <span class='ocrx_word' id='word_1_494' title='bbox 1265 3639 1381 3694; x_wconf 87' lang='lat' dir='ltr'><strong>Hoc</strong></span> <span class='ocrx_word' id='word_1_495' title='bbox 1412 3638 1460 3690; x_wconf 83' lang='lat' dir='ltr'><strong>ei</strong></span> <span class='ocrx_word' id='word_1_496' title='bbox 1499 3637 1552 3689; x_wconf 91' lang='lat' dir='ltr'><strong>in</strong></span> <span class='ocrx_word' id='word_1_497' title='bbox 1582 3639 1819 3688; x_wconf 85' lang='lat' dir='ltr'><strong>mentem</strong></span> <span class='ocrx_word' id='word_1_498' title='bbox 1849 3625 2021 3687; x_wconf 89' lang='lat' dir='ltr'><strong>venit,</strong></span> <span class='ocrx_word' id='word_1_499' title='bbox 2054 3631 2107 3675; x_wconf 90' lang='lat' dir='ltr'><strong>et</strong></span> <span class='ocrx_word' id='word_1_500' title='bbox 2127 3620 2378 3692; x_wconf 86' lang='lat' dir='ltr'><strong>precibus</strong></span> 
     </span>
    </p>
   </div>
   <div class='ocr_carea' id='block_1_67' title="bbox 785 3712 2376 3811">
    <p class='ocr_par' dir='ltr' id='par_1_67' title="bbox 785 3712 2376 3811">
     <span class='ocr_line' id='line_1_67' title="bbox 785 3712 2376 3811; baseline -0.016 -19"><span class='ocrx_word' id='word_1_501' title='bbox 785 3712 999 3811; x_wconf 73' lang='lat' dir='ltr'><strong>petivit,</strong></span> <span class='ocrx_word' id='word_1_502' title='bbox 1029 3746 1085 3788; x_wconf 87' lang='lat' dir='ltr'><strong>et</strong></span> <span class='ocrx_word' id='word_1_503' title='bbox 1114 3731 1271 3785; x_wconf 89' lang='lat' dir='ltr'><strong>simul</strong></span> <span class='ocrx_word' id='word_1_504' title='bbox 1329 3729 1476 3781; x_wconf 84' lang='lat' dir='ltr'><strong>visus</strong></span> <span class='ocrx_word' id='word_1_505' title='bbox 1528 3732 1612 3776; x_wconf 91' lang='lat' dir='ltr'><strong>est</strong></span> <span class='ocrx_word' id='word_1_506' title='bbox 1650 3719 1828 3774; x_wconf 85' lang='lat' dir='ltr'><strong>infans</strong></span> <span class='ocrx_word' id='word_1_507' title='bbox 1880 3717 2057 3776; x_wconf 83' lang='lat' dir='ltr'><strong>vivus.</strong></span> <span class='ocrx_word' id='word_1_508' title='bbox 2115 3722 2169 3768; x_wconf 91' lang='lat' dir='ltr'><strong>et</strong></span> <span class='ocrx_word' id='word_1_509' title='bbox 2201 3712 2376 3767; x_wconf 77' lang='lat' dir='ltr'><strong>bellua</strong></span> 
     </span>
    </p>
   </div>
   <div class='ocr_carea' id='block_1_68' title="bbox 787 3805 2377 3893">
    <p class='ocr_par' dir='ltr' id='par_1_68' title="bbox 787 3805 2377 3893">
     <span class='ocr_line' id='line_1_68' title="bbox 787 3805 2377 3893; baseline -0.019 -7"><span class='ocrx_word' id='word_1_510' title='bbox 787 3805 1023 3890; x_wconf 64' lang='lat' dir='ltr'><strong>iuortua,</strong></span> <span class='ocrx_word' id='word_1_511' title='bbox 1051 3832 1105 3878; x_wconf 86' lang='lat' dir='ltr'><strong>et</strong></span> <span class='ocrx_word' id='word_1_512' title='bbox 1137 3836 1257 3893; x_wconf 59' lang='lat' dir='ltr'><strong>quae</strong></span> <span class='ocrx_word' id='word_1_513' title='bbox 1289 3819 1431 3887; x_wconf 84' lang='lat' dir='ltr'><strong>apud</strong></span> <span class='ocrx_word' id='word_1_514' title='bbox 1463 3831 1582 3874; x_wconf 86' lang='lat' dir='ltr'><strong>eam</strong></span> <span class='ocrx_word' id='word_1_515' title='bbox 1619 3823 1756 3876; x_wconf 85' lang='lat' dir='ltr'><strong>erat,</strong></span> <span class='ocrx_word' id='word_1_516' title='bbox 1790 3826 1852 3865; x_wconf 91' lang='lat' dir='ltr'><strong>ea</strong></span> <span class='ocrx_word' id='word_1_517' title='bbox 1879 3822 1998 3878; x_wconf 83' lang='lat' dir='ltr'><strong>quae</strong></span> <span class='ocrx_word' id='word_1_518' title='bbox 2019 3805 2377 3876; x_wconf 74' lang='lat' dir='ltr'><strong>intelligentia</strong></span> 
     </span>
    </p>
   </div>
   <div class='ocr_carea' id='block_1_69' title="bbox 789 3898 2377 3992">
    <p class='ocr_par' dir='ltr' id='par_1_69' title="bbox 789 3898 2377 3992">
     <span class='ocr_line' id='line_1_69' title="bbox 789 3898 2377 3992; baseline -0.02 -13"><span class='ocrx_word' id='word_1_519' title='bbox 789 3917 1241 3992; x_wconf 83' lang='lat' dir='ltr'><strong>apprehenditur,</strong></span> <span class='ocrx_word' id='word_1_520' title='bbox 1326 3910 1506 3964; x_wconf 85' lang='lat' dir='ltr'><strong>bellua</strong></span> <span class='ocrx_word' id='word_1_521' title='bbox 1568 3902 1739 3959; x_wconf 90' lang='lat' dir='ltr'><strong>multo</strong></span> <span class='ocrx_word' id='word_1_522' title='bbox 1819 3900 1989 3969; x_wconf 87' lang='lat' dir='ltr'><strong>magis</strong></span> <span class='ocrx_word' id='word_1_523' title='bbox 2028 3898 2240 3968; x_wconf 89' lang='lat' dir='ltr'><strong>perdita</strong></span> <span class='ocrx_word' id='word_1_524' title='bbox 2324 3903 2377 3950; x_wconf 91' lang='lat' dir='ltr'><strong>et</strong></span> 
     </span>
    </p>
   </div>
   <div class='ocr_carea' id='block_1_70' title="bbox 789 4023 1004 4069">
    <p class='ocr_par' dir='ltr' id='par_1_70' title="bbox 789 4023 1004 4069">
     <span class='ocr_line' id='line_1_70' title="bbox 789 4023 1004 4069; baseline -0.009 0"><span class='ocrx_word' id='word_1_525' title='bbox 789 4023 1004 4069; x_wconf 89' lang='lat' dir='ltr'><strong>enecta.</strong></span> 
     </span>
    </p>
   </div>
   <div class='ocr_carea' id='block_1_71' title="bbox 860 4107 2378 4195">
    <p class='ocr_par' dir='ltr' id='par_1_71' title="bbox 860 4107 2378 4195">
     <span class='ocr_line' id='line_1_71' title="bbox 860 4107 2378 4195; baseline -0.017 -10"><span class='ocrx_word' id='word_1_526' title='bbox 860 4131 925 4187; x_wconf 81' lang='grc' dir='ltr'>ν.</span> <span class='ocrx_word' id='word_1_527' title='bbox 957 4131 1089 4185; x_wconf 84' lang='lat' dir='ltr'><strong>Cum</strong></span> <span class='ocrx_word' id='word_1_528' title='bbox 1129 4125 1195 4183; x_wconf 90' lang='lat' dir='ltr'><strong>ad</strong></span> <span class='ocrx_word' id='word_1_529' title='bbox 1227 4121 1619 4195; x_wconf 87' lang='lat' dir='ltr'><strong>perfectionem</strong></span> <span class='ocrx_word' id='word_1_530' title='bbox 1652 4128 1780 4184; x_wconf 89' lang='lat' dir='ltr'><strong>ergo</strong></span> <span class='ocrx_word' id='word_1_531' title='bbox 1833 4111 1957 4167; x_wconf 81' lang='lat' dir='ltr'><strong>fidei</strong></span> <span class='ocrx_word' id='word_1_532' title='bbox 1998 4110 2050 4163; x_wconf 91' lang='lat' dir='ltr'><strong>in</strong></span> <span class='ocrx_word' id='word_1_533' title='bbox 2098 4107 2378 4163; x_wconf 90' lang='lat' dir='ltr'><strong>Christum</strong></span> 
     </span>
    </p>
   </div>
   <div class='ocr_carea' id='block_1_72' title="bbox 790 4203 2377 4295">
    <p class='ocr_par' dir='ltr' id='par_1_72' title="bbox 790 4203 2377 4295">
     <span class='ocr_line' id='line_1_72' title="bbox 790 4203 2377 4295; baseline -0.014 -17"><span class='ocrx_word' id='word_1_534' title='bbox 790 4226 869 4287; x_wconf 73' lang='lat' dir='ltr'><strong>sic</strong></span> <span class='ocrx_word' id='word_1_535' title='bbox 902 4222 1238 4295; x_wconf 82' lang='lat' dir='ltr'><strong>pervenisset</strong></span> <span class='ocrx_word' id='word_1_536' title='bbox 1266 4215 1585 4274; x_wconf 80' lang='lat' dir='ltr'><strong>Pantoleon,</strong></span> <span class='ocrx_word' id='word_1_537' title='bbox 1619 4209 1801 4266; x_wconf 88' lang='lat' dir='ltr'><strong>statim</strong></span> <span class='ocrx_word' id='word_1_538' title='bbox 1833 4206 2047 4274; x_wconf 77' lang='lat' dir='ltr'><strong>aspexit</strong></span> <span class='ocrx_word' id='word_1_539' title='bbox 2072 4204 2128 4257; x_wconf 91' lang='lat' dir='ltr'><strong>in</strong></span> <span class='ocrx_word' id='word_1_540' title='bbox 2181 4203 2377 4257; x_wconf 77' lang='lat' dir='ltr'><strong>ccelum</strong></span> 
     </span>
    </p>
   </div>
   <div class='ocr_carea' id='block_1_73' title="bbox 793 4302 2380 4379">
    <p class='ocr_par' dir='ltr' id='par_1_73' title="bbox 793 4302 2380 4379">
     <span class='ocr_line' id='line_1_73' title="bbox 793 4302 2380 4379; baseline -0.019 -6"><span class='ocrx_word' id='word_1_541' title='bbox 793 4317 1033 4379; x_wconf 79' lang='lat' dir='ltr'><strong>externis</strong></span> <span class='ocrx_word' id='word_1_542' title='bbox 1053 4312 1245 4374; x_wconf 90' lang='lat' dir='ltr'><strong>oculis,</strong></span> <span class='ocrx_word' id='word_1_543' title='bbox 1277 4318 1331 4365; x_wconf 85' lang='lat' dir='ltr'><strong>et</strong></span> <span class='ocrx_word' id='word_1_544' title='bbox 1383 4306 1511 4369; x_wconf 84' lang='lat' dir='ltr'><strong>Deo,</strong></span> <span class='ocrx_word' id='word_1_545' title='bbox 1545 4302 1638 4373; x_wconf 89' lang='lat' dir='ltr'><strong>qui</strong></span> <span class='ocrx_word' id='word_1_546' title='bbox 1694 4315 1816 4354; x_wconf 89' lang='lat' dir='ltr'><strong>eum</strong></span> <span class='ocrx_word' id='word_1_547' title='bbox 1862 4302 2147 4353; x_wconf 87' lang='lat' dir='ltr'><strong>vocaverat</strong></span> <span class='ocrx_word' id='word_1_548' title='bbox 2174 4308 2204 4349; x_wconf 86' lang='lat' dir='ltr'><strong>a</strong></span> <span class='ocrx_word' id='word_1_549' title='bbox 2231 4302 2380 4346; x_wconf 89' lang='lat' dir='ltr'><strong>tene—</strong></span> 
     </span>
    </p>
   </div>
   <div class='ocr_carea' id='block_1_74' title="bbox 792 4386 2376 4465">
    <p class='ocr_par' dir='ltr' id='par_1_74' title="bbox 792 4386 2376 4465">
     <span class='ocr_line' id='line_1_74' title="bbox 792 4386 2376 4465; baseline -0.019 -2"><span class='ocrx_word' id='word_1_550' title='bbox 792 4409 907 4465; x_wconf 81' lang='lat' dir='ltr'><strong>bris</strong></span> <span class='ocrx_word' id='word_1_551' title='bbox 947 4403 1206 4460; x_wconf 89' lang='lat' dir='ltr'><strong>interitus</strong></span> <span class='ocrx_word' id='word_1_552' title='bbox 1264 4399 1335 4455; x_wconf 89' lang='lat' dir='ltr'><strong>ad</strong></span> <span class='ocrx_word' id='word_1_553' title='bbox 1385 4398 1560 4453; x_wconf 88' lang='lat' dir='ltr'><strong>lucem</strong></span> <span class='ocrx_word' id='word_1_554' title='bbox 1611 4390 1875 4453; x_wconf 88' lang='lat' dir='ltr'><strong>veritatis,</strong></span> <span class='ocrx_word' id='word_1_555' title='bbox 1927 4386 2205 4445; x_wconf 74' lang='lat' dir='ltr'><strong>benedixit</strong></span> <span class='ocrx_word' id='word_1_556' title='bbox 2253 4397 2376 4438; x_wconf 84' lang='lat' dir='ltr'><strong>cum</strong></span> 
     </span>
    </p>
   </div>
   <div class='ocr_carea' id='block_1_75' title="bbox 797 4480 2375 4560">
    <p class='ocr_par' dir='ltr' id='par_1_75' title="bbox 797 4480 2375 4560">
     <span class='ocr_line' id='line_1_75' title="bbox 797 4480 2375 4560; baseline -0.018 -5"><span class='ocrx_word' id='word_1_557' title='bbox 797 4500 966 4556; x_wconf 87' lang='lat' dir='ltr'><strong>multa</strong></span> <span class='ocrx_word' id='word_1_558' title='bbox 998 4495 1166 4551; x_wconf 88' lang='lat' dir='ltr'><strong>animi</strong></span> <span class='ocrx_word' id='word_1_559' title='bbox 1223 4490 1630 4560; x_wconf 81' lang='lat' dir='ltr'><strong>tranquillitate.</strong></span> <span class='ocrx_word' id='word_1_560' title='bbox 1682 4482 1883 4536; x_wconf 90' lang='lat' dir='ltr'><strong>Deinde</strong></span> <span class='ocrx_word' id='word_1_561' title='bbox 1912 4495 2035 4537; x_wconf 88' lang='lat' dir='ltr'><strong>cum</strong></span> <span class='ocrx_word' id='word_1_562' title='bbox 2078 4480 2222 4531; x_wconf 90' lang='lat' dir='ltr'><strong>ferre</strong></span> <span class='ocrx_word' id='word_1_563' title='bbox 2266 4490 2375 4528; x_wconf 91' lang='lat' dir='ltr'><strong>non</strong></span> 
     </span>
    </p>
   </div>
   <div class='ocr_carea' id='block_1_76' title="bbox 797 4568 2391 4662">
    <p class='ocr_par' dir='ltr' id='par_1_76' title="bbox 797 4568 2391 4662">
     <span class='ocr_line' id='line_1_76' title="bbox 797 4568 2391 4662; baseline -0.018 -13"><span class='ocrx_word' id='word_1_564' title='bbox 797 4598 983 4662; x_wconf 79' lang='lat' dir='ltr'><strong>posset</strong></span> <span class='ocrx_word' id='word_1_565' title='bbox 1027 4585 1292 4650; x_wconf 65' lang='lat' dir='ltr'><strong>laetitiam,</strong></span> <span class='ocrx_word' id='word_1_566' title='bbox 1340 4583 1405 4636; x_wconf 82' lang='lat' dir='ltr'><strong>ad</strong></span> <span class='ocrx_word' id='word_1_567' title='bbox 1437 4592 1623 4635; x_wconf 85' lang='lat' dir='ltr'><strong>senem</strong></span> <span class='ocrx_word' id='word_1_568' title='bbox 1669 4572 1883 4631; x_wconf 87' lang='lat' dir='ltr'><strong>accedit</strong></span> <span class='ocrx_word' id='word_1_569' title='bbox 1928 4568 2298 4632; x_wconf 83' lang='lat' dir='ltr'><strong>Hermolaum,</strong></span> <span class='ocrx_word' id='word_1_570' title='bbox 2337 4580 2391 4626; x_wconf 82' lang='lat' dir='ltr'><strong>et</strong></span> 
     </span>
    </p>
   </div>
   <div class='ocr_carea' id='block_1_77' title="bbox 798 4662 2390 4754">
    <p class='ocr_par' dir='ltr' id='par_1_77' title="bbox 798 4662 2390 4754">
     <span class='ocr_line' id='line_1_77' title="bbox 798 4662 2390 4754; baseline -0.016 -14"><span class='ocrx_word' id='word_1_571' title='bbox 798 4686 1024 4754; x_wconf 80' lang='lat' dir='ltr'><strong>exponit</strong></span> <span class='ocrx_word' id='word_1_572' title='bbox 1071 4681 1122 4735; x_wconf 92' lang='lat' dir='ltr'><strong>id</strong></span> <span class='ocrx_word' id='word_1_573' title='bbox 1150 4678 1294 4750; x_wconf 93' lang='lat' dir='ltr'><strong>quod</strong></span> <span class='ocrx_word' id='word_1_574' title='bbox 1348 4674 1637 4735; x_wconf 84' lang='lat' dir='ltr'><strong>acciderat,</strong></span> <span class='ocrx_word' id='word_1_575' title='bbox 1688 4679 1743 4724; x_wconf 93' lang='lat' dir='ltr'><strong>et</strong></span> <span class='ocrx_word' id='word_1_576' title='bbox 1789 4665 2160 4723; x_wconf 88' lang='lat' dir='ltr'><strong>venerandum</strong></span> <span class='ocrx_word' id='word_1_577' title='bbox 2211 4662 2279 4716; x_wconf 88' lang='lat' dir='ltr'><strong>ab</strong></span> <span class='ocrx_word' id='word_1_578' title='bbox 2325 4676 2390 4716; x_wconf 94' lang='lat' dir='ltr'><strong>eo</strong></span> 
     </span>
    </p>
   </div>
   <div class='ocr_carea' id='block_1_78' title="bbox 797 4754 2391 4851">
    <p class='ocr_par' dir='ltr' id='par_1_78' title="bbox 797 4754 2391 4851">
     <span class='ocr_line' id='line_1_78' title="bbox 797 4754 2391 4851; baseline -0.02 -14"><span class='ocrx_word' id='word_1_579' title='bbox 797 4778 936 4851; x_wconf 78' lang='lat' dir='ltr'><strong>petit</strong></span> <span class='ocrx_word' id='word_1_580' title='bbox 966 4774 1319 4845; x_wconf 85' lang='lat' dir='ltr'><strong>baptismum.</strong></span> <span class='ocrx_word' id='word_1_581' title='bbox 1347 4769 1438 4824; x_wconf 86' lang='lat' dir='ltr'><strong>ille</strong></span> <span class='ocrx_word' id='word_1_582' title='bbox 1468 4773 1649 4820; x_wconf 90' lang='lat' dir='ltr'><strong>autem</strong></span> <span class='ocrx_word' id='word_1_583' title='bbox 1677 4761 1906 4831; x_wconf 88' lang='lat' dir='ltr'><strong>(sciebat</strong></span> <span class='ocrx_word' id='word_1_584' title='bbox 1954 4759 2102 4811; x_wconf 89' lang='lat' dir='ltr'><strong>enim</strong></span> <span class='ocrx_word' id='word_1_585' title='bbox 2131 4754 2391 4825; x_wconf 89' lang='lat' dir='ltr'><strong>quidnam</strong></span> 
     </span>
    </p>
   </div>
   <div class='ocr_carea' id='block_1_79' title="bbox 798 4848 2386 4935">
    <p class='ocr_par' dir='ltr' id='par_1_79' title="bbox 798 4848 2386 4935">
     <span class='ocr_line' id='line_1_79' title="bbox 798 4848 2386 4935; baseline -0.016 -9"><span class='ocrx_word' id='word_1_586' title='bbox 798 4848 1016 4926; x_wconf 79' lang='lat' dir='ltr'><strong>cuinam</strong></span> <span class='ocrx_word' id='word_1_587' title='bbox 1048 4866 1295 4935; x_wconf 80' lang='lat' dir='ltr'><strong>largitur)</strong></span> <span class='ocrx_word' id='word_1_588' title='bbox 1332 4864 1387 4916; x_wconf 93' lang='lat' dir='ltr'><strong>in</strong></span> <span class='ocrx_word' id='word_1_589' title='bbox 1419 4862 1522 4916; x_wconf 90' lang='lat' dir='ltr'><strong>hoc</strong></span> <span class='ocrx_word' id='word_1_590' title='bbox 1549 4857 1783 4911; x_wconf 88' lang='lat' dir='ltr'><strong>libenter</strong></span> <span class='ocrx_word' id='word_1_591' title='bbox 1847 4848 2099 4913; x_wconf 89' lang='lat' dir='ltr'><strong>inseruit,</strong></span> <span class='ocrx_word' id='word_1_592' title='bbox 2140 4856 2194 4903; x_wconf 90' lang='lat' dir='ltr'><strong>et</strong></span> <span class='ocrx_word' id='word_1_593' title='bbox 2240 4861 2386 4909; x_wconf 89' lang='lat' dir='ltr'><strong>cum,</strong></span> 
     </span>
    </p>
   </div>
   <div class='ocr_carea' id='block_1_80' title="bbox 799 4938 2387 5032">
    <p class='ocr_par' dir='ltr' id='par_1_80' title="bbox 799 4938 2387 5032">
     <span class='ocr_line' id='line_1_80' title="bbox 799 4938 2387 5032; baseline -0.019 -15"><span class='ocrx_word' id='word_1_594' title='bbox 799 4962 1047 5032; x_wconf 84' lang='lat' dir='ltr'><strong>quierat</strong></span> <span class='ocrx_word' id='word_1_595' title='bbox 1093 4956 1215 5010; x_wconf 89' lang='lat' dir='ltr'><strong>luce</strong></span> <span class='ocrx_word' id='word_1_596' title='bbox 1252 4952 1469 5021; x_wconf 87' lang='lat' dir='ltr'><strong>dignus,</strong></span> <span class='ocrx_word' id='word_1_597' title='bbox 1529 4946 1713 5000; x_wconf 88' lang='lat' dir='ltr'><strong>divino</strong></span> <span class='ocrx_word' id='word_1_598' title='bbox 1766 4940 1976 5014; x_wconf 86' lang='lat' dir='ltr'><strong>perficit</strong></span> <span class='ocrx_word' id='word_1_599' title='bbox 2041 4938 2387 5007; x_wconf 53' lang='lat' dir='ltr'><strong>baptismate.</strong></span> 
     </span>
    </p>
   </div>
   <div class='ocr_carea' id='block_1_81' title="bbox 800 5030 2391 5117">
    <p class='ocr_par' dir='ltr' id='par_1_81' title="bbox 800 5030 2391 5117">
     <span class='ocr_line' id='line_1_81' title="bbox 800 5030 2391 5117; baseline -0.019 -7"><span class='ocrx_word' id='word_1_600' title='bbox 800 5030 938 5109; x_wconf 67' lang='lat' dir='ltr'><strong>Cum</strong></span> <span class='ocrx_word' id='word_1_601' title='bbox 995 5065 1123 5106; x_wconf 90' lang='lat' dir='ltr'><strong>vero</strong></span> <span class='ocrx_word' id='word_1_602' title='bbox 1182 5054 1390 5117; x_wconf 87' lang='lat' dir='ltr'><strong>septem</strong></span> <span class='ocrx_word' id='word_1_603' title='bbox 1458 5038 1574 5095; x_wconf 91' lang='lat' dir='ltr'><strong>dies</strong></span> <span class='ocrx_word' id='word_1_604' title='bbox 1635 5036 1921 5094; x_wconf 76' lang='lat' dir='ltr'><strong>mansisset</strong></span> <span class='ocrx_word' id='word_1_605' title='bbox 1975 5030 2120 5102; x_wconf 91' lang='lat' dir='ltr'><strong>apud</strong></span> <span class='ocrx_word' id='word_1_606' title='bbox 2185 5042 2391 5093; x_wconf 86' lang='lat' dir='ltr'><strong>senem,</strong></span> 
     </span>
    </p>
   </div>
   <div class='ocr_carea' id='block_1_82' title="bbox 801 5122 2395 5217">
    <p class='ocr_par' dir='ltr' id='par_1_82' title="bbox 801 5122 2395 5217">
     <span class='ocr_line' id='line_1_82' title="bbox 801 5122 2395 5217; baseline -0.018 -17"><span class='ocrx_word' id='word_1_607' title='bbox 801 5141 1108 5217; x_wconf 86' lang='lat' dir='ltr'><strong>poculentis</strong></span> <span class='ocrx_word' id='word_1_608' title='bbox 1169 5138 1342 5208; x_wconf 84' lang='lat' dir='ltr'><strong>ipsius</strong></span> <span class='ocrx_word' id='word_1_609' title='bbox 1422 5133 1603 5189; x_wconf 81' lang='lat' dir='ltr'><strong>verbis</strong></span> <span class='ocrx_word' id='word_1_610' title='bbox 1664 5143 1759 5182; x_wconf 90' lang='lat' dir='ltr'><strong>cor</strong></span> <span class='ocrx_word' id='word_1_611' title='bbox 1824 5126 1943 5195; x_wconf 89' lang='lat' dir='ltr'><strong>ejus</strong></span> <span class='ocrx_word' id='word_1_612' title='bbox 1994 5122 2273 5193; x_wconf 89' lang='lat' dir='ltr'><strong>irrigatur,</strong></span> <span class='ocrx_word' id='word_1_613' title='bbox 2340 5134 2395 5179; x_wconf 81' lang='lat' dir='ltr'><strong>et</strong></span> 
     </span>
    </p>
   </div>
   <div class='ocr_carea' id='block_1_83' title="bbox 800 5210 2391 5310">
    <p class='ocr_par' dir='ltr' id='par_1_83' title="bbox 800 5210 2391 5310">
     <span class='ocr_line' id='line_1_83' title="bbox 800 5210 2391 5310; baseline -0.019 -16"><span class='ocrx_word' id='word_1_614' title='bbox 800 5210 1066 5310; x_wconf 73' lang='lat' dir='ltr'><strong>pinguefit</strong></span> <span class='ocrx_word' id='word_1_615' title='bbox 1100 5230 1300 5294; x_wconf 84' lang='lat' dir='ltr'><strong>anima,</strong></span> <span class='ocrx_word' id='word_1_616' title='bbox 1341 5238 1638 5299; x_wconf 87' lang='lat' dir='ltr'><strong>venterque</strong></span> <span class='ocrx_word' id='word_1_617' title='bbox 1668 5218 1867 5282; x_wconf 81' lang='lat' dir='ltr'><strong>divinis</strong></span> <span class='ocrx_word' id='word_1_618' title='bbox 1900 5216 2155 5287; x_wconf 89' lang='lat' dir='ltr'><strong>impletur</strong></span> <span class='ocrx_word' id='word_1_619' title='bbox 2215 5210 2391 5266; x_wconf 82' lang='lat' dir='ltr'><strong>ﬂumi-</strong></span> 
     </span>
    </p>
   </div>
   <div class='ocr_carea' id='block_1_84' title="bbox 802 5307 2395 5398">
    <p class='ocr_par' dir='ltr' id='par_1_84' title="bbox 802 5307 2395 5398">
     <span class='ocr_line' id='line_1_84' title="bbox 802 5307 2395 5398; baseline -0.02 -10"><span class='ocrx_word' id='word_1_620' title='bbox 802 5307 987 5389; x_wconf 70' lang='lat' dir='ltr'><strong>nibus.</strong></span> <span class='ocrx_word' id='word_1_621' title='bbox 1021 5328 1219 5398; x_wconf 88' lang='lat' dir='ltr'><strong>Sicque</strong></span> <span class='ocrx_word' id='word_1_622' title='bbox 1246 5320 1384 5378; x_wconf 80' lang='lat' dir='ltr'><strong>vixit</strong></span> <span class='ocrx_word' id='word_1_623' title='bbox 1440 5320 1542 5373; x_wconf 86' lang='lat' dir='ltr'><strong>sub</strong></span> <span class='ocrx_word' id='word_1_624' title='bbox 1563 5318 1707 5372; x_wconf 90' lang='lat' dir='ltr'><strong>bono</strong></span> <span class='ocrx_word' id='word_1_625' title='bbox 1752 5310 1970 5384; x_wconf 88' lang='lat' dir='ltr'><strong>spiritu,</strong></span> <span class='ocrx_word' id='word_1_626' title='bbox 2023 5307 2210 5363; x_wconf 90' lang='lat' dir='ltr'><strong>multis</strong></span> <span class='ocrx_word' id='word_1_627' title='bbox 2262 5318 2395 5359; x_wconf 85' lang='lat' dir='ltr'><strong>con-</strong></span> 
     </span>
    </p>
   </div>
   <div class='ocr_carea' id='block_1_85' title="bbox 804 5400 2394 5480">
    <p class='ocr_par' dir='ltr' id='par_1_85' title="bbox 804 5400 2394 5480">
     <span class='ocr_line' id='line_1_85' title="bbox 804 5400 2394 5480; baseline -0.021 1"><span class='ocrx_word' id='word_1_628' title='bbox 804 5431 1054 5480; x_wconf 80' lang='lat' dir='ltr'><strong>servatus</strong></span> <span class='ocrx_word' id='word_1_629' title='bbox 1084 5418 1293 5473; x_wconf 86' lang='lat' dir='ltr'><strong>utilitas</strong></span> <span class='ocrx_word' id='word_1_630' title='bbox 1318 5420 1376 5468; x_wconf 92' lang='lat' dir='ltr'><strong>et</strong></span> <span class='ocrx_word' id='word_1_631' title='bbox 1405 5408 1756 5464; x_wconf 88' lang='lat' dir='ltr'><strong>illuminatio.</strong></span> <span class='ocrx_word' id='word_1_632' title='bbox 1784 5403 1919 5459; x_wconf 88' lang='lat' dir='ltr'><strong>Cum</strong></span> <span class='ocrx_word' id='word_1_633' title='bbox 1979 5400 2171 5456; x_wconf 87' lang='lat' dir='ltr'><strong>fuisset</strong></span> <span class='ocrx_word' id='word_1_634' title='bbox 2217 5405 2394 5450; x_wconf 89' lang='lat' dir='ltr'><strong>autem</strong></span> 
     </span>
    </p>
   </div>
   <div class='ocr_carea' id='block_1_86' title="bbox 803 5488 2393 5575">
    <p class='ocr_par' dir='ltr' id='par_1_86' title="bbox 803 5488 2393 5575">
     <span class='ocr_line' id='line_1_86' title="bbox 803 5488 2393 5575; baseline -0.021 -4"><span class='ocrx_word' id='word_1_635' title='bbox 803 5516 920 5572; x_wconf 87' lang='lat' dir='ltr'><strong>dies</strong></span> <span class='ocrx_word' id='word_1_636' title='bbox 950 5522 1198 5575; x_wconf 87' lang='lat' dir='ltr'><strong>octavus,</strong></span> <span class='ocrx_word' id='word_1_637' title='bbox 1227 5507 1374 5563; x_wconf 82' lang='lat' dir='ltr'><strong>venit</strong></span> <span class='ocrx_word' id='word_1_638' title='bbox 1398 5503 1466 5560; x_wconf 84' lang='lat' dir='ltr'><strong>ad</strong></span> <span class='ocrx_word' id='word_1_639' title='bbox 1517 5509 1746 5572; x_wconf 90' lang='lat' dir='ltr'><strong>patrem.</strong></span> <span class='ocrx_word' id='word_1_640' title='bbox 1780 5496 1873 5552; x_wconf 86' lang='lat' dir='ltr'><strong>ille</strong></span> <span class='ocrx_word' id='word_1_641' title='bbox 1905 5508 2034 5549; x_wconf 89' lang='lat' dir='ltr'><strong>vero</strong></span> <span class='ocrx_word' id='word_1_642' title='bbox 2070 5507 2085 5545; x_wconf 89' lang='lat'><strong>:</strong></span> <span class='ocrx_word' id='word_1_643' title='bbox 2123 5488 2225 5544; x_wconf 90' lang='lat' dir='ltr'><strong>Ubi</strong></span> <span class='ocrx_word' id='word_1_644' title='bbox 2250 5502 2393 5549; x_wconf 91' lang='lat' dir='ltr'><strong>eras,</strong></span> 
     </span>
    </p>
   </div>
   <div class='ocr_carea' id='block_1_87' title="bbox 807 5578 2394 5678">
    <p class='ocr_par' dir='ltr' id='par_1_87' title="bbox 807 5578 2394 5678">
     <span class='ocr_line' id='line_1_87' title="bbox 807 5578 2394 5678; baseline -0.021 -14"><span class='ocrx_word' id='word_1_645' title='bbox 807 5609 1007 5678; x_wconf 89' lang='lat' dir='ltr'><strong>inquit,</strong></span> <span class='ocrx_word' id='word_1_646' title='bbox 1069 5604 1169 5669; x_wconf 87' lang='lat' dir='ltr'><strong>fili,</strong></span> <span class='ocrx_word' id='word_1_647' title='bbox 1221 5599 1497 5671; x_wconf 83' lang='lat' dir='ltr'><strong>prioribus</strong></span> <span class='ocrx_word' id='word_1_648' title='bbox 1529 5592 1740 5654; x_wconf 87' lang='lat' dir='ltr'><strong>diebus,</strong></span> <span class='ocrx_word' id='word_1_649' title='bbox 1772 5596 1826 5642; x_wconf 91' lang='lat' dir='ltr'><strong>et</strong></span> <span class='ocrx_word' id='word_1_650' title='bbox 1875 5601 1961 5641; x_wconf 92' lang='lat' dir='ltr'><strong>me</strong></span> <span class='ocrx_word' id='word_1_651' title='bbox 1999 5580 2277 5652; x_wconf 88' lang='lat' dir='ltr'><strong>conjecisti</strong></span> <span class='ocrx_word' id='word_1_652' title='bbox 2339 5578 2394 5642; x_wconf 84' lang='lat' dir='ltr'><strong>in</strong></span> 
     </span>
    </p>
   </div>
   <div class='ocr_carea' id='block_1_88' title="bbox 807 5670 2396 5769">
    <p class='ocr_par' dir='ltr' id='par_1_88' title="bbox 807 5670 2396 5769">
     <span class='ocr_line' id='line_1_88' title="bbox 807 5670 2396 5769; baseline -0.021 -14"><span class='ocrx_word' id='word_1_653' title='bbox 807 5670 1059 5769; x_wconf 73' lang='lat' dir='ltr'><strong>magnam</strong></span> <span class='ocrx_word' id='word_1_654' title='bbox 1094 5670 1263 5749; x_wconf 86' lang='lat' dir='ltr'><strong>animi</strong></span> <span class='ocrx_word' id='word_1_655' title='bbox 1298 5681 1703 5760; x_wconf 63' lang='lat' dir='ltr'><strong>mgritudinem?</strong></span> <span class='ocrx_word' id='word_1_656' title='bbox 1747 5676 2019 5746; x_wconf 74' lang='lat' dir='ltr'><strong>Numquid</strong></span> <span class='ocrx_word' id='word_1_657' title='bbox 2071 5675 2165 5730; x_wconf 91' lang='lat' dir='ltr'><strong>tibi</strong></span> <span class='ocrx_word' id='word_1_658' title='bbox 2199 5670 2396 5726; x_wconf 77' lang='lat' dir='ltr'><strong>accidit</strong></span> 
     </span>
    </p>
   </div>
   <div class='ocr_carea' id='block_1_89' title="bbox 807 5766 2392 5861">
    <p class='ocr_par' dir='ltr' id='par_1_89' title="bbox 807 5766 2392 5861">
     <span class='ocr_line' id='line_1_89' title="bbox 807 5766 2392 5861; baseline -0.02 -16"><span class='ocrx_word' id='word_1_659' title='bbox 807 5766 1012 5861; x_wconf 76' lang='lat' dir='ltr'><strong>aliquid</strong></span> <span class='ocrx_word' id='word_1_660' title='bbox 1049 5798 1246 5859; x_wconf 77' lang='lat' dir='ltr'><strong>praeter</strong></span> <span class='ocrx_word' id='word_1_661' title='bbox 1274 5774 1779 5852; x_wconf 77' lang='lat' dir='ltr'><strong>exspectationem?</strong></span> <span class='ocrx_word' id='word_1_662' title='bbox 1814 5772 1865 5828; x_wconf 90' lang='lat' dir='ltr'><strong>ls</strong></span> <span class='ocrx_word' id='word_1_663' title='bbox 1886 5783 2015 5825; x_wconf 88' lang='lat' dir='ltr'><strong>vero</strong></span> <span class='ocrx_word' id='word_1_664' title='bbox 2048 5785 2060 5821; x_wconf 93' lang='lat'>:</span> <span class='ocrx_word' id='word_1_665' title='bbox 2090 5766 2168 5821; x_wconf 87' lang='lat' dir='ltr'><strong>Ad</strong></span> <span class='ocrx_word' id='word_1_666' title='bbox 2200 5777 2392 5833; x_wconf 62' lang='lat' dir='ltr'><strong>quem-</strong></span> 
     </span>
    </p>
   </div>
   <div class='ocr_carea' id='block_1_90' title="bbox 810 5855 2392 5952">
    <p class='ocr_par' dir='ltr' id='par_1_90' title="bbox 810 5855 2392 5952">
     <span class='ocr_line' id='line_1_90' title="bbox 810 5855 2392 5952; baseline -0.021 -11"><span class='ocrx_word' id='word_1_667' title='bbox 810 5886 956 5948; x_wconf 86' lang='lat' dir='ltr'><strong>dam,</strong></span> <span class='ocrx_word' id='word_1_668' title='bbox 998 5882 1191 5952; x_wconf 85' lang='lat' dir='ltr'><strong>inquit,</strong></span> <span class='ocrx_word' id='word_1_669' title='bbox 1248 5896 1317 5934; x_wconf 79' lang='lat' dir='ltr'><strong>ex</strong></span> <span class='ocrx_word' id='word_1_670' title='bbox 1366 5876 1432 5932; x_wconf 89' lang='lat' dir='ltr'><strong>iis</strong></span> <span class='ocrx_word' id='word_1_671' title='bbox 1463 5872 1553 5942; x_wconf 90' lang='lat' dir='ltr'><strong>qui</strong></span> <span class='ocrx_word' id='word_1_672' title='bbox 1604 5877 1894 5926; x_wconf 83' lang='lat' dir='ltr'><strong>versantur</strong></span> <span class='ocrx_word' id='word_1_673' title='bbox 1944 5863 2001 5917; x_wconf 88' lang='lat' dir='ltr'><strong>in</strong></span> <span class='ocrx_word' id='word_1_674' title='bbox 2065 5858 2188 5916; x_wconf 84' lang='lat' dir='ltr'><strong>aula</strong></span> <span class='ocrx_word' id='word_1_675' title='bbox 2228 5855 2392 5928; x_wconf 84' lang='lat' dir='ltr'><strong>regia,</strong></span> 
     </span>
    </p>
   </div>
   <div class='ocr_carea' id='block_1_91' title="bbox 2479 3252 4051 3327">
    <p class='ocr_par' dir='ltr' id='par_1_91' title="bbox 2479 3252 4051 3327">
     <span class='ocr_line' id='line_1_91' title="bbox 2479 3252 4051 3327; baseline -0.001 -19"><span class='ocrx_word' id='word_1_676' title='bbox 2479 3257 2568 3309; x_wconf 77' lang='grc' dir='ltr'>καὶ</span> <span class='ocrx_word' id='word_1_677' title='bbox 2594 3257 2786 3326; x_wconf 82' lang='grc' dir='ltr'>μικρὸν</span> <span class='ocrx_word' id='word_1_678' title='bbox 2821 3257 3094 3327; x_wconf 81' lang='grc' dir='ltr'><strong>ὑπεχώρει</strong></span> <span class='ocrx_word' id='word_1_679' title='bbox 3116 3274 3130 3287; x_wconf 75' lang='grc' dir='ltr'><strong>ο</strong></span> <span class='ocrx_word' id='word_1_680' title='bbox 3163 3252 3281 3311; x_wconf 75' lang='grc' dir='ltr'>εἶτα</span> <span class='ocrx_word' id='word_1_681' title='bbox 3311 3257 3471 3311; x_wconf 84' lang='grc' dir='ltr'>πάλιν</span> <span class='ocrx_word' id='word_1_682' title='bbox 3502 3257 3695 3310; x_wconf 75' lang='grc' dir='ltr'>ἑαυτοῦ</span> <span class='ocrx_word' id='word_1_683' title='bbox 3731 3259 4051 3325; x_wconf 59' lang='grc' dir='ltr'><strong>γενόμενοςρ</strong></span> 
     </span>
    </p>
   </div>
   <div class='ocr_carea' id='block_1_92' title="bbox 2478 3350 4056 3419">
    <p class='ocr_par' dir='ltr' id='par_1_92' title="bbox 2478 3350 4056 3419">
     <span class='ocr_line' id='line_1_92' title="bbox 2478 3350 4056 3419; baseline -0.001 -19"><span class='ocrx_word' id='word_1_684' title='bbox 2478 3350 2707 3418; x_wconf 75' lang='grc' dir='ltr'>ἐπανῄει</span> <span class='ocrx_word' id='word_1_685' title='bbox 2764 3351 2858 3402; x_wconf 77' lang='grc' dir='ltr'><strong>καὶ</strong></span> <span class='ocrx_word' id='word_1_686' title='bbox 2908 3350 2987 3418; x_wconf 83' lang='grc' dir='ltr'>τῷ</span> <span class='ocrx_word' id='word_1_687' title='bbox 3044 3351 3243 3419; x_wconf 74' lang='grc' dir='ltr'>παιδίῳ</span> <span class='ocrx_word' id='word_1_688' title='bbox 3292 3350 3625 3419; x_wconf 75' lang='grc' dir='ltr'>παρίσταται</span> <span class='ocrx_word' id='word_1_689' title='bbox 3660 3365 3676 3379; x_wconf 72' lang='grc' dir='ltr'><strong>ο</strong></span> <span class='ocrx_word' id='word_1_690' title='bbox 3710 3350 3897 3417; x_wconf 80' lang='grc' dir='ltr'>ἔκρινε</span> <span class='ocrx_word' id='word_1_691' title='bbox 3952 3356 4056 3419; x_wconf 72' lang='grc' dir='ltr'><strong>γὰρ</strong></span> 
     </span>
    </p>
   </div>
   <div class='ocr_carea' id='block_1_93' title="bbox 2480 3438 4053 3510">
    <p class='ocr_par' dir='ltr' id='par_1_93' title="bbox 2480 3438 4053 3510">
     <span class='ocr_line' id='line_1_93' title="bbox 2480 3438 4053 3510; baseline 0 -18"><span class='ocrx_word' id='word_1_692' title='bbox 2480 3438 2747 3509; x_wconf 73' lang='grc' dir='ltr'>αὗταρκες</span> <span class='ocrx_word' id='word_1_693' title='bbox 2777 3442 2999 3510; x_wconf 86' lang='grc' dir='ltr'>σημεῖον</span> <span class='ocrx_word' id='word_1_694' title='bbox 3027 3441 3185 3494; x_wconf 81' lang='grc' dir='ltr'>τοῦτο</span> <span class='ocrx_word' id='word_1_695' title='bbox 3225 3441 3335 3493; x_wconf 82' lang='grc' dir='ltr'><strong>τῶν</strong></span> <span class='ocrx_word' id='word_1_696' title='bbox 3377 3441 3468 3493; x_wconf 85' lang='grc' dir='ltr'>τοῦ</span> <span class='ocrx_word' id='word_1_697' title='bbox 3502 3441 3812 3509; x_wconf 76' lang='grc' dir='ltr'>πρεσϐύτου</span> <span class='ocrx_word' id='word_1_698' title='bbox 3859 3441 4053 3508; x_wconf 68' lang='grc' dir='ltr'>λόγων,</span> 
     </span>
    </p>
   </div>
   <div class='ocr_carea' id='block_1_94' title="bbox 2478 3533 4057 3605">
    <p class='ocr_par' dir='ltr' id='par_1_94' title="bbox 2478 3533 4057 3605">
     <span class='ocr_line' id='line_1_94' title="bbox 2478 3533 4057 3605; baseline 0 -20"><span class='ocrx_word' id='word_1_699' title='bbox 2478 3533 2712 3602; x_wconf 77' lang='grc' dir='ltr'>ὀφθῆναι</span> <span class='ocrx_word' id='word_1_700' title='bbox 2738 3534 2785 3587; x_wconf 85' lang='grc' dir='ltr'><strong>εί</strong></span> <span class='ocrx_word' id='word_1_701' title='bbox 2808 3535 3052 3604; x_wconf 72' lang='grc' dir='ltr'>ἀψευδὼς</span> <span class='ocrx_word' id='word_1_702' title='bbox 3083 3535 3257 3605; x_wconf 73' lang='grc' dir='ltr'>ἔχοιεν</span> <span class='ocrx_word' id='word_1_703' title='bbox 3275 3549 3287 3561; x_wconf 86' lang='lat'><strong><em>°</em></strong></span> <span class='ocrx_word' id='word_1_704' title='bbox 3312 3536 3675 3602; x_wconf 76' lang='grc' dir='ltr'>ἀναστήσεται</span> <span class='ocrx_word' id='word_1_705' title='bbox 3706 3535 3817 3603; x_wconf 69' lang='grc' dir='ltr'><strong>γὰρ</strong></span> <span class='ocrx_word' id='word_1_706' title='bbox 3844 3535 3904 3584; x_wconf 82' lang='grc' dir='ltr'><strong>τὸ</strong></span> <span class='ocrx_word' id='word_1_707' title='bbox 3937 3551 4057 3585; x_wconf 79' lang='grc' dir='ltr'>παι-</span> 
     </span>
    </p>
   </div>
   <div class='ocr_carea' id='block_1_95' title="bbox 2477 3626 4057 3698">
    <p class='ocr_par' dir='ltr' id='par_1_95' title="bbox 2477 3626 4057 3698">
     <span class='ocr_line' id='line_1_95' title="bbox 2477 3626 4057 3698; baseline 0 -19"><span class='ocrx_word' id='word_1_708' title='bbox 2477 3626 2609 3691; x_wconf 88' lang='grc' dir='ltr'>δίον,</span> <span class='ocrx_word' id='word_1_709' title='bbox 2633 3628 2761 3696; x_wconf 73' lang='grc' dir='ltr'><strong>ἔφη,</strong></span> <span class='ocrx_word' id='word_1_710' title='bbox 2783 3629 2860 3696; x_wconf 84' lang='grc' dir='ltr'>τῷ</span> <span class='ocrx_word' id='word_1_711' title='bbox 2891 3628 3054 3680; x_wconf 79' lang='grc' dir='ltr'>αὑτοῦ</span> <span class='ocrx_word' id='word_1_712' title='bbox 3083 3633 3290 3698; x_wconf 81' lang='grc' dir='ltr'>ῥήματι</span> <span class='ocrx_word' id='word_1_713' title='bbox 3313 3629 3407 3680; x_wconf 73' lang='grc' dir='ltr'>καὶ</span> <span class='ocrx_word' id='word_1_714' title='bbox 3436 3627 3495 3679; x_wconf 75' lang='grc' dir='ltr'><strong>τὸ</strong></span> <span class='ocrx_word' id='word_1_715' title='bbox 3530 3628 3718 3698; x_wconf 78' lang='grc' dir='ltr'>θηρίον</span> <span class='ocrx_word' id='word_1_716' title='bbox 3742 3628 3769 3679; x_wconf 90' lang='grc' dir='ltr'>ὃ</span> <span class='ocrx_word' id='word_1_717' title='bbox 3794 3628 4057 3696; x_wconf 75' lang='grc' dir='ltr'>δέδρακεν</span> 
     </span>
    </p>
   </div>
   <div class='ocr_carea' id='block_1_96' title="bbox 2479 3719 4057 3788">
    <p class='ocr_par' dir='ltr' id='par_1_96' title="bbox 2479 3719 4057 3788">
     <span class='ocr_line' id='line_1_96' title="bbox 2479 3719 4057 3788; baseline 0 -17"><span class='ocrx_word' id='word_1_718' title='bbox 2479 3722 2674 3785; x_wconf 75' lang='grc' dir='ltr'>έκεῖνο,</span> <span class='ocrx_word' id='word_1_719' title='bbox 2700 3724 2969 3773; x_wconf 83' lang='grc' dir='ltr'>πείσεται.</span> <span class='ocrx_word' id='word_1_720' title='bbox 2988 3721 3157 3771; x_wconf 80' lang='grc' dir='ltr'>Τοῦτο</span> <span class='ocrx_word' id='word_1_721' title='bbox 3173 3722 3251 3779; x_wconf 86' lang='grc' dir='ltr'><strong>είς</strong></span> <span class='ocrx_word' id='word_1_722' title='bbox 3272 3719 3394 3772; x_wconf 79' lang='grc' dir='ltr'>νοῦν</span> <span class='ocrx_word' id='word_1_723' title='bbox 3424 3736 3478 3771; x_wconf 89' lang='grc' dir='ltr'><strong>τε</strong></span> <span class='ocrx_word' id='word_1_724' title='bbox 3506 3719 3662 3771; x_wconf 70' lang='grc' dir='ltr'>ελαϐε</span> <span class='ocrx_word' id='word_1_725' title='bbox 3691 3723 3783 3771; x_wconf 71' lang='grc' dir='ltr'><strong>καὶ</strong></span> <span class='ocrx_word' id='word_1_726' title='bbox 3802 3721 3871 3769; x_wconf 84' lang='grc' dir='ltr'>δι’</span> <span class='ocrx_word' id='word_1_727' title='bbox 3892 3721 4057 3788; x_wconf 72' lang='grc' dir='ltr'><strong>εὐχῆς</strong></span> 
     </span>
    </p>
   </div>
   <div class='ocr_carea' id='block_1_97' title="bbox 2480 3810 4055 3883">
    <p class='ocr_par' dir='ltr' id='par_1_97' title="bbox 2480 3810 4055 3883">
     <span class='ocr_line' id='line_1_97' title="bbox 2480 3810 4055 3883; baseline -0.002 -18"><span class='ocrx_word' id='word_1_728' title='bbox 2480 3813 2650 3883; x_wconf 70' lang='grc' dir='ltr'>ᾔτησε</span> <span class='ocrx_word' id='word_1_729' title='bbox 2676 3814 2767 3866; x_wconf 78' lang='grc' dir='ltr'><strong>καὶ</strong></span> <span class='ocrx_word' id='word_1_730' title='bbox 2789 3814 2902 3882; x_wconf 76' lang='grc' dir='ltr'><strong>ἅμα</strong></span> <span class='ocrx_word' id='word_1_731' title='bbox 2922 3813 3103 3883; x_wconf 83' lang='grc' dir='ltr'>ὠρᾶτο</span> <span class='ocrx_word' id='word_1_732' title='bbox 3122 3810 3229 3875; x_wconf 79' lang='grc' dir='ltr'>ζῶν</span> <span class='ocrx_word' id='word_1_733' title='bbox 3252 3810 3313 3862; x_wconf 81' lang='grc' dir='ltr'><strong>τὸ</strong></span> <span class='ocrx_word' id='word_1_734' title='bbox 3332 3810 3559 3875; x_wconf 75' lang='grc' dir='ltr'>παιδίον,</span> <span class='ocrx_word' id='word_1_735' title='bbox 3585 3812 3611 3860; x_wconf 84' lang='grc' dir='ltr'>ὁ</span> <span class='ocrx_word' id='word_1_736' title='bbox 3629 3810 3729 3878; x_wconf 81' lang='grc' dir='ltr'>θὴρ</span> <span class='ocrx_word' id='word_1_737' title='bbox 3755 3811 4055 3879; x_wconf 76' lang='grc' dir='ltr'>τεθνηκὼς,</span> 
     </span>
    </p>
   </div>
   <div class='ocr_carea' id='block_1_98' title="bbox 2478 3902 4057 3975">
    <p class='ocr_par' dir='ltr' id='par_1_98' title="bbox 2478 3902 4057 3975">
     <span class='ocr_line' id='line_1_98' title="bbox 2478 3902 4057 3975; baseline -0.003 -18"><span class='ocrx_word' id='word_1_738' title='bbox 2478 3906 2507 3957; x_wconf 85' lang='grc' dir='ltr'>ὀ</span> <span class='ocrx_word' id='word_1_739' title='bbox 2536 3905 2726 3975; x_wconf 76' lang='grc' dir='ltr'>νοητὸς</span> <span class='ocrx_word' id='word_1_740' title='bbox 2757 3920 2815 3955; x_wconf 88' lang='grc' dir='ltr'>τε</span> <span class='ocrx_word' id='word_1_741' title='bbox 2848 3903 2980 3973; x_wconf 82' lang='grc' dir='ltr'>παρ’</span> <span class='ocrx_word' id='word_1_742' title='bbox 3015 3902 3192 3974; x_wconf 79' lang='grc' dir='ltr'>ἐαυτῷ</span> <span class='ocrx_word' id='word_1_743' title='bbox 3224 3902 3327 3973; x_wconf 81' lang='grc' dir='ltr'>θὴρ</span> <span class='ocrx_word' id='word_1_744' title='bbox 3353 3903 3446 3955; x_wconf 75' lang='grc' dir='ltr'>καὶ</span> <span class='ocrx_word' id='word_1_745' title='bbox 3473 3904 3569 3972; x_wconf 78' lang='grc' dir='ltr'>τῆς</span> <span class='ocrx_word' id='word_1_746' title='bbox 3595 3903 3857 3966; x_wconf 69' lang='grc' dir='ltr'>ἀσεϐείας</span> <span class='ocrx_word' id='word_1_747' title='bbox 3881 3905 4057 3974; x_wconf 68' lang='grc' dir='ltr'>πατὴρ</span> 
     </span>
    </p>
   </div>
   <div class='ocr_carea' id='block_1_99' title="bbox 2481 3994 4055 4069">
    <p class='ocr_par' dir='ltr' id='par_1_99' title="bbox 2481 3994 4055 4069">
     <span class='ocr_line' id='line_1_99' title="bbox 2481 3994 4055 4069; baseline -0.001 -20"><span class='ocrx_word' id='word_1_748' title='bbox 2481 3997 2640 4068; x_wconf 77' lang='grc' dir='ltr'>(πῆρ)</span> <span class='ocrx_word' id='word_1_749' title='bbox 2686 3997 2867 4068; x_wconf 82' lang='grc' dir='ltr'>πολλῷ</span> <span class='ocrx_word' id='word_1_750' title='bbox 2916 3996 3078 4049; x_wconf 88' lang='grc' dir='ltr'>πλέον</span> <span class='ocrx_word' id='word_1_751' title='bbox 3150 3994 3448 4059; x_wconf 82' lang='grc' dir='ltr'>ἀπολωλὼς</span> <span class='ocrx_word' id='word_1_752' title='bbox 3496 3996 3588 4047; x_wconf 73' lang='grc' dir='ltr'>καὶ</span> <span class='ocrx_word' id='word_1_753' title='bbox 3636 3994 4055 4069; x_wconf 74' lang='grc' dir='ltr'>διειρθαρμὲνος.</span> 
     </span>
    </p>
   </div>
   <div class='ocr_carea' id='block_1_100' title="bbox 2554 4085 4060 4156">
    <p class='ocr_par' dir='ltr' id='par_1_100' title="bbox 2554 4085 4060 4156">
     <span class='ocr_line' id='line_1_100' title="bbox 2554 4085 4060 4156; baseline -0.004 -15"><span class='ocrx_word' id='word_1_754' title='bbox 2554 4089 2830 4156; x_wconf 82' lang='grc' dir='ltr'>Ε’.Ταύτη</span> <span class='ocrx_word' id='word_1_755' title='bbox 2880 4086 3166 4156; x_wconf 79' lang='grc' dir='ltr'>τοιγαροῦν</span> <span class='ocrx_word' id='word_1_756' title='bbox 3192 4087 3220 4138; x_wconf 84' lang='grc' dir='ltr'><strong>ὁ</strong></span> <span class='ocrx_word' id='word_1_757' title='bbox 3256 4085 3567 4139; x_wconf 84' lang='grc' dir='ltr'>Παντολέων</span> <span class='ocrx_word' id='word_1_758' title='bbox 3601 4087 3680 4147; x_wconf 85' lang='grc' dir='ltr'><strong>είς</strong></span> <span class='ocrx_word' id='word_1_759' title='bbox 3712 4088 3814 4156; x_wconf 85' lang='grc' dir='ltr'><strong>τὴν</strong></span> <span class='ocrx_word' id='word_1_760' title='bbox 3861 4086 4060 4147; x_wconf 58' lang='lat' dir='ltr'><strong>{elud-</strong></span> 
     </span>
    </p>
   </div>
   <div class='ocr_carea' id='block_1_101' title="bbox 2478 4173 4060 4250">
    <p class='ocr_par' dir='ltr' id='par_1_101' title="bbox 2478 4173 4060 4250">
     <span class='ocr_line' id='line_1_101' title="bbox 2478 4173 4060 4250; baseline -0.004 -17"><span class='ocrx_word' id='word_1_761' title='bbox 2478 4196 2618 4249; x_wconf 85' lang='grc' dir='ltr'>τητα</span> <span class='ocrx_word' id='word_1_762' title='bbox 2647 4180 2743 4250; x_wconf 79' lang='grc' dir='ltr'>τῆς</span> <span class='ocrx_word' id='word_1_763' title='bbox 2772 4178 2914 4232; x_wconf 83' lang='grc' dir='ltr'><strong>κατά</strong></span> <span class='ocrx_word' id='word_1_764' title='bbox 2964 4177 3199 4248; x_wconf 77' lang='grc' dir='ltr'>Χριστὸν</span> <span class='ocrx_word' id='word_1_765' title='bbox 3249 4178 3491 4235; x_wconf 85' lang='grc' dir='ltr'>πίστεως</span> <span class='ocrx_word' id='word_1_766' title='bbox 3528 4179 3903 4243; x_wconf 63' lang='grc' dir='ltr'>καταντήσας,</span> <span class='ocrx_word' id='word_1_767' title='bbox 3929 4173 4060 4226; x_wconf 77' lang='grc' dir='ltr'>εἶδεν</span> 
     </span>
    </p>
   </div>
   <div class='ocr_carea' id='block_1_102' title="bbox 2482 4267 4060 4340">
    <p class='ocr_par' dir='ltr' id='par_1_102' title="bbox 2482 4267 4060 4340">
     <span class='ocr_line' id='line_1_102' title="bbox 2482 4267 4060 4340; baseline -0.006 -15"><span class='ocrx_word' id='word_1_768' title='bbox 2482 4273 2643 4336; x_wconf 79' lang='grc' dir='ltr'>εὐθὺς</span> <span class='ocrx_word' id='word_1_769' title='bbox 2677 4275 2755 4334; x_wconf 81' lang='grc' dir='ltr'><strong>εἰς</strong></span> <span class='ocrx_word' id='word_1_770' title='bbox 2785 4279 2875 4325; x_wconf 78' lang='grc' dir='ltr'><strong>τὸν</strong></span> <span class='ocrx_word' id='word_1_771' title='bbox 2902 4273 3130 4340; x_wconf 75' lang='grc' dir='ltr'>οὐρανὸν</span> <span class='ocrx_word' id='word_1_772' title='bbox 3160 4272 3270 4331; x_wconf 86' lang='grc' dir='ltr'>τοῖς</span> <span class='ocrx_word' id='word_1_773' title='bbox 3301 4268 3407 4333; x_wconf 78' lang='grc' dir='ltr'>ἔξω</span> <span class='ocrx_word' id='word_1_774' title='bbox 3435 4267 3549 4337; x_wconf 75' lang='grc' dir='ltr'>ἃμα</span> <span class='ocrx_word' id='word_1_775' title='bbox 3587 4269 3683 4321; x_wconf 75' lang='grc' dir='ltr'>καὶ</span> <span class='ocrx_word' id='word_1_776' title='bbox 3720 4271 3835 4329; x_wconf 83' lang='grc' dir='ltr'>τοῖς</span> <span class='ocrx_word' id='word_1_777' title='bbox 3865 4268 4060 4318; x_wconf 79' lang='grc' dir='ltr'>ἔσωθεν</span> 
     </span>
    </p>
   </div>
   <div class='ocr_carea' id='block_1_103' title="bbox 2484 4348 4059 4436">
    <p class='ocr_par' dir='ltr' id='par_1_103' title="bbox 2484 4348 4059 4436">
     <span class='ocr_line' id='line_1_103' title="bbox 2484 4348 4059 4436; baseline -0.006 -18"><span class='ocrx_word' id='word_1_778' title='bbox 2484 4364 2788 4436; x_wconf 78' lang='grc' dir='ltr'>ὀφθαλμοῖς</span> <span class='ocrx_word' id='word_1_779' title='bbox 2838 4364 3057 4416; x_wconf 75' lang='grc' dir='ltr'>καὶτὸν</span> <span class='ocrx_word' id='word_1_780' title='bbox 3124 4348 3434 4414; x_wconf 80' lang='grc' dir='ltr'>καλέσαντα</span> <span class='ocrx_word' id='word_1_781' title='bbox 3487 4357 3619 4416; x_wconf 72' lang='grc' dir='ltr'>Θεὸν</span> <span class='ocrx_word' id='word_1_782' title='bbox 3679 4362 3787 4412; x_wconf 79' lang='grc' dir='ltr'><strong>ἀπὸ</strong></span> <span class='ocrx_word' id='word_1_783' title='bbox 3822 4359 3918 4411; x_wconf 82' lang='grc' dir='ltr'>τοῦ</span> <span class='ocrx_word' id='word_1_784' title='bbox 3970 4362 4059 4427; x_wconf 73' lang='grc' dir='ltr'>τῆς</span> 
     </span>
    </p>
   </div>
   <div class='ocr_carea' id='block_1_104' title="bbox 2492 4450 4063 4521">
    <p class='ocr_par' dir='ltr' id='par_1_104' title="bbox 2492 4450 4063 4521">
     <span class='ocr_line' id='line_1_104' title="bbox 2492 4450 4063 4521; baseline -0.006 -11"><span class='ocrx_word' id='word_1_785' title='bbox 2492 4456 2768 4520; x_wconf 77' lang='grc' dir='ltr'>ἀπωλείας</span> <span class='ocrx_word' id='word_1_786' title='bbox 2799 4455 3023 4518; x_wconf 83' lang='grc' dir='ltr'>σκότους</span> <span class='ocrx_word' id='word_1_787' title='bbox 3057 4456 3136 4517; x_wconf 84' lang='grc' dir='ltr'><strong>είς</strong></span> <span class='ocrx_word' id='word_1_788' title='bbox 3161 4453 3223 4507; x_wconf 85' lang='grc' dir='ltr'><strong>τδ</strong></span> <span class='ocrx_word' id='word_1_789' title='bbox 3264 4454 3468 4521; x_wconf 79' lang='grc' dir='ltr'>φέγγος</span> <span class='ocrx_word' id='word_1_790' title='bbox 3505 4452 3603 4517; x_wconf 82' lang='grc' dir='ltr'>τῆς</span> <span class='ocrx_word' id='word_1_791' title='bbox 3640 4450 3903 4519; x_wconf 79' lang='grc' dir='ltr'>ἀληθείας</span> <span class='ocrx_word' id='word_1_792' title='bbox 3934 4453 4063 4520; x_wconf 67' lang='grc' dir='ltr'>μετὰ</span> 
     </span>
    </p>
   </div>
   <div class='ocr_carea' id='block_1_105' title="bbox 2496 4536 4061 4620">
    <p class='ocr_par' dir='ltr' id='par_1_105' title="bbox 2496 4536 4061 4620">
     <span class='ocr_line' id='line_1_105' title="bbox 2496 4536 4061 4620; baseline -0.007 -16"><span class='ocrx_word' id='word_1_793' title='bbox 2496 4551 2693 4620; x_wconf 83' lang='grc' dir='ltr'>πολλῆς</span> <span class='ocrx_word' id='word_1_794' title='bbox 2725 4550 2937 4617; x_wconf 85' lang='grc' dir='ltr'>εὐλόγει</span> <span class='ocrx_word' id='word_1_795' title='bbox 2987 4550 3086 4617; x_wconf 83' lang='grc' dir='ltr'>τῆς</span> <span class='ocrx_word' id='word_1_796' title='bbox 3122 4548 3413 4615; x_wconf 72' lang='grc' dir='ltr'>εὐθυμίας.</span> <span class='ocrx_word' id='word_1_797' title='bbox 3462 4542 3596 4597; x_wconf 77' lang='grc' dir='ltr'>Εἶτα</span> <span class='ocrx_word' id='word_1_798' title='bbox 3629 4543 3727 4611; x_wconf 79' lang='grc' dir='ltr'><strong>οὐχ</strong></span> <span class='ocrx_word' id='word_1_799' title='bbox 3758 4536 3877 4606; x_wconf 76' lang='grc' dir='ltr'>οἷός</span> <span class='ocrx_word' id='word_1_800' title='bbox 3903 4560 3959 4595; x_wconf 86' lang='grc' dir='ltr'><strong>τε</strong></span> <span class='ocrx_word' id='word_1_801' title='bbox 3995 4542 4061 4593; x_wconf 76' lang='grc' dir='ltr'><strong>ὼν</strong></span> 
     </span>
    </p>
   </div>
   <div class='ocr_carea' id='block_1_106' title="bbox 2495 4634 4062 4717">
    <p class='ocr_par' dir='ltr' id='par_1_106' title="bbox 2495 4634 4062 4717">
     <span class='ocr_line' id='line_1_106' title="bbox 2495 4634 4062 4717; baseline -0.008 -19"><span class='ocrx_word' id='word_1_802' title='bbox 2495 4634 2680 4717; x_wconf 75' lang='grc' dir='ltr'>φ’έρειν</span> <span class='ocrx_word' id='word_1_803' title='bbox 2712 4645 2809 4714; x_wconf 82' lang='grc' dir='ltr'>τὴν</span> <span class='ocrx_word' id='word_1_804' title='bbox 2844 4644 3061 4713; x_wconf 68' lang='grc' dir='ltr'>ἡδονὴν,</span> <span class='ocrx_word' id='word_1_805' title='bbox 3101 4640 3178 4709; x_wconf 81' lang='grc' dir='ltr'>τῷ</span> <span class='ocrx_word' id='word_1_806' title='bbox 3215 4639 3496 4710; x_wconf 81' lang='grc' dir='ltr'>πρεσϐύτῃ</span> <span class='ocrx_word' id='word_1_807' title='bbox 3544 4638 3835 4707; x_wconf 75' lang='grc' dir='ltr'>πρόσεισιν</span> <span class='ocrx_word' id='word_1_808' title='bbox 3873 4637 4062 4705; x_wconf 81' lang='grc' dir='ltr'>Ἕρμο-</span> 
     </span>
    </p>
   </div>
   <div class='ocr_carea' id='block_1_107' title="bbox 2493 4724 4063 4807">
    <p class='ocr_par' dir='ltr' id='par_1_107' title="bbox 2493 4724 4063 4807">
     <span class='ocr_line' id='line_1_107' title="bbox 2493 4724 4063 4807; baseline -0.009 -16"><span class='ocrx_word' id='word_1_809' title='bbox 2493 4739 2607 4807; x_wconf 83' lang='grc' dir='ltr'>λάῳ</span> <span class='ocrx_word' id='word_1_810' title='bbox 2634 4737 2726 4790; x_wconf 77' lang='grc' dir='ltr'>καὶ</span> <span class='ocrx_word' id='word_1_811' title='bbox 2759 4736 2818 4788; x_wconf 74' lang='grc' dir='ltr'><strong>τὸ</strong></span> <span class='ocrx_word' id='word_1_812' title='bbox 2840 4734 3061 4803; x_wconf 78' lang='grc' dir='ltr'>γεγονὸς</span> <span class='ocrx_word' id='word_1_813' title='bbox 3088 4731 3365 4804; x_wconf 74' lang='grc' dir='ltr'>ἐξηγεῖται</span> <span class='ocrx_word' id='word_1_814' title='bbox 3391 4733 3488 4786; x_wconf 81' lang='grc' dir='ltr'>καὶ</span> <span class='ocrx_word' id='word_1_815' title='bbox 3513 4731 3574 4784; x_wconf 82' lang='grc' dir='ltr'>τὸ</span> <span class='ocrx_word' id='word_1_816' title='bbox 3602 4731 3746 4781; x_wconf 84' lang='grc' dir='ltr'>θεῖον</span> <span class='ocrx_word' id='word_1_817' title='bbox 3768 4730 3919 4779; x_wconf 79' lang='grc' dir='ltr'>αἰτεῖ</span> <span class='ocrx_word' id='word_1_818' title='bbox 3941 4724 4063 4795; x_wconf 73' lang='grc' dir='ltr'>παρ’</span> 
     </span>
    </p>
   </div>
   <div class='ocr_carea' id='block_1_108' title="bbox 2494 4816 4063 4898">
    <p class='ocr_par' dir='ltr' id='par_1_108' title="bbox 2494 4816 4063 4898">
     <span class='ocr_line' id='line_1_108' title="bbox 2494 4816 4063 4898; baseline -0.01 -15"><span class='ocrx_word' id='word_1_819' title='bbox 2494 4828 2660 4883; x_wconf 80' lang='grc' dir='ltr'>αὑτοῦ</span> <span class='ocrx_word' id='word_1_820' title='bbox 2690 4827 2993 4898; x_wconf 80' lang='grc' dir='ltr'>βάπτισμα.</span> <span class='ocrx_word' id='word_1_821' title='bbox 3025 4825 3084 4879; x_wconf 87' lang='grc' dir='ltr'>Ὀ</span> <span class='ocrx_word' id='word_1_822' title='bbox 3115 4827 3171 4879; x_wconf 78' lang='grc' dir='ltr'>δὲ</span> <span class='ocrx_word' id='word_1_823' title='bbox 3204 4825 3340 4895; x_wconf 76' lang='grc' dir='ltr'>(ᾔδει</span> <span class='ocrx_word' id='word_1_824' title='bbox 3368 4826 3477 4891; x_wconf 85' lang='grc' dir='ltr'>γὰρ</span> <span class='ocrx_word' id='word_1_825' title='bbox 3499 4816 3611 4872; x_wconf 77' lang='grc' dir='ltr'>οἷον</span> <span class='ocrx_word' id='word_1_826' title='bbox 3635 4820 3735 4889; x_wconf 75' lang='grc' dir='ltr'><strong>οἴῳ</strong></span> <span class='ocrx_word' id='word_1_827' title='bbox 3756 4820 4063 4890; x_wconf 70' lang='grc' dir='ltr'>χαρίζεται)</span> 
     </span>
    </p>
   </div>
   <div class='ocr_carea' id='block_1_109' title="bbox 2496 4914 4066 4993">
    <p class='ocr_par' dir='ltr' id='par_1_109' title="bbox 2496 4914 4066 4993">
     <span class='ocr_line' id='line_1_109' title="bbox 2496 4914 4066 4993; baseline -0.009 -16"><span class='ocrx_word' id='word_1_828' title='bbox 2496 4923 2731 4993; x_wconf 73' lang='grc' dir='ltr'>ἄσμενος</span> <span class='ocrx_word' id='word_1_829' title='bbox 2795 4921 3018 4991; x_wconf 80' lang='grc' dir='ltr'>ἀσμένῳ</span> <span class='ocrx_word' id='word_1_830' title='bbox 3070 4918 3337 4987; x_wconf 77' lang='grc' dir='ltr'>ὑπηρετεῖ</span> <span class='ocrx_word' id='word_1_831' title='bbox 3408 4916 3502 4968; x_wconf 80' lang='grc' dir='ltr'>καὶ</span> <span class='ocrx_word' id='word_1_832' title='bbox 3540 4914 3670 4983; x_wconf 86' lang='grc' dir='ltr'>θείῳ</span> <span class='ocrx_word' id='word_1_833' title='bbox 3722 4914 4066 4985; x_wconf 74' lang='grc' dir='ltr'>βαπτίσματι</span> 
     </span>
    </p>
   </div>
   <div class='ocr_carea' id='block_1_110' title="bbox 2494 5005 4069 5085">
    <p class='ocr_par' dir='ltr' id='par_1_110' title="bbox 2494 5005 4069 5085">
     <span class='ocr_line' id='line_1_110' title="bbox 2494 5005 4069 5085; baseline -0.009 -14"><span class='ocrx_word' id='word_1_834' title='bbox 2494 5018 2587 5071; x_wconf 80' lang='grc' dir='ltr'><strong>τὸν</strong></span> <span class='ocrx_word' id='word_1_835' title='bbox 2623 5017 2720 5070; x_wconf 75' lang='grc' dir='ltr'>τοῦ</span> <span class='ocrx_word' id='word_1_836' title='bbox 2759 5017 2935 5085; x_wconf 81' lang='grc' dir='ltr'>φωτὸς</span> <span class='ocrx_word' id='word_1_837' title='bbox 2982 5014 3131 5078; x_wconf 79' lang='grc' dir='ltr'>ἀξιον</span> <span class='ocrx_word' id='word_1_838' title='bbox 3164 5010 3383 5063; x_wconf 86' lang='grc' dir='ltr'>τελειοῖ.</span> <span class='ocrx_word' id='word_1_839' title='bbox 3428 5008 3601 5062; x_wconf 75' lang='grc' dir='ltr'>Ἑπτὰ</span> <span class='ocrx_word' id='word_1_840' title='bbox 3641 5008 3699 5059; x_wconf 75' lang='grc' dir='ltr'>δὲ</span> <span class='ocrx_word' id='word_1_841' title='bbox 3752 5010 3974 5075; x_wconf 81' lang='grc' dir='ltr'>ἡμέρας</span> <span class='ocrx_word' id='word_1_842' title='bbox 4002 5005 4069 5074; x_wconf 75' lang='grc' dir='ltr'>τῷ</span> 
     </span>
    </p>
   </div>
   <div class='ocr_carea' id='block_1_111' title="bbox 2496 5098 4069 5183">
    <p class='ocr_par' dir='ltr' id='par_1_111' title="bbox 2496 5098 4069 5183">
     <span class='ocr_line' id='line_1_111' title="bbox 2496 5098 4069 5183; baseline -0.012 -16"><span class='ocrx_word' id='word_1_843' title='bbox 2496 5112 2714 5183; x_wconf 75' lang='grc' dir='ltr'>γέροντι</span> <span class='ocrx_word' id='word_1_844' title='bbox 2766 5105 3129 5176; x_wconf 84' lang='grc' dir='ltr'>παραμείνας,</span> <span class='ocrx_word' id='word_1_845' title='bbox 3175 5108 3287 5166; x_wconf 86' lang='grc' dir='ltr'>τοῖς</span> <span class='ocrx_word' id='word_1_846' title='bbox 3338 5100 3589 5169; x_wconf 84' lang='grc' dir='ltr'>ποτίμοις</span> <span class='ocrx_word' id='word_1_847' title='bbox 3660 5098 3831 5153; x_wconf 73' lang='grc' dir='ltr'>αὑτοῦ</span> <span class='ocrx_word' id='word_1_848' title='bbox 3903 5099 4069 5167; x_wconf 75' lang='grc' dir='ltr'>λόγοις</span> 
     </span>
    </p>
   </div>
   <div class='ocr_carea' id='block_1_112' title="bbox 2496 5192 4069 5274">
    <p class='ocr_par' dir='ltr' id='par_1_112' title="bbox 2496 5192 4069 5274">
     <span class='ocr_line' id='line_1_112' title="bbox 2496 5192 4069 5274; baseline -0.013 -15"><span class='ocrx_word' id='word_1_849' title='bbox 2496 5205 2721 5274; x_wconf 76' lang='grc' dir='ltr'>ἄρδεται</span> <span class='ocrx_word' id='word_1_850' title='bbox 2771 5199 2869 5272; x_wconf 79' lang='grc' dir='ltr'>τὴν</span> <span class='ocrx_word' id='word_1_851' title='bbox 2929 5198 3179 5270; x_wconf 85' lang='grc' dir='ltr'>καρδίαν,</span> <span class='ocrx_word' id='word_1_852' title='bbox 3252 5194 3529 5248; x_wconf 85' lang='grc' dir='ltr'>πιαίνεται</span> <span class='ocrx_word' id='word_1_853' title='bbox 3567 5193 3669 5257; x_wconf 77' lang='grc' dir='ltr'>τὴν</span> <span class='ocrx_word' id='word_1_854' title='bbox 3717 5192 3927 5262; x_wconf 73' lang='grc' dir='ltr'><strong>ψυχὴν,</strong></span> <span class='ocrx_word' id='word_1_855' title='bbox 3982 5194 4069 5258; x_wconf 69' lang='grc' dir='ltr'>τὴν</span> 
     </span>
    </p>
   </div>
   <div class='ocr_carea' id='block_1_113' title="bbox 2497 5281 4071 5363">
    <p class='ocr_par' dir='ltr' id='par_1_113' title="bbox 2497 5281 4071 5363">
     <span class='ocr_line' id='line_1_113' title="bbox 2497 5281 4071 5363; baseline -0.01 -14"><span class='ocrx_word' id='word_1_856' title='bbox 2497 5295 2703 5349; x_wconf 82' lang='grc' dir='ltr'>κοιλίαν</span> <span class='ocrx_word' id='word_1_857' title='bbox 2740 5292 3001 5363; x_wconf 84' lang='grc' dir='ltr'>ποταμῶν</span> <span class='ocrx_word' id='word_1_858' title='bbox 3057 5289 3215 5343; x_wconf 80' lang='grc' dir='ltr'>θείων</span> <span class='ocrx_word' id='word_1_859' title='bbox 3274 5286 3527 5354; x_wconf 74' lang='grc' dir='ltr'>ἔμπλεως</span> <span class='ocrx_word' id='word_1_860' title='bbox 3606 5281 3844 5351; x_wconf 81' lang='grc' dir='ltr'>γίνεται.</span> <span class='ocrx_word' id='word_1_861' title='bbox 3898 5284 4071 5343; x_wconf 74' lang='grc' dir='ltr'>Οὕτως</span> 
     </span>
    </p>
   </div>
   <div class='ocr_carea' id='block_1_114' title="bbox 2502 5370 4072 5455">
    <p class='ocr_par' dir='ltr' id='par_1_114' title="bbox 2502 5370 4072 5455">
     <span class='ocr_line' id='line_1_114' title="bbox 2502 5370 4072 5455; baseline -0.016 -14"><span class='ocrx_word' id='word_1_862' title='bbox 2502 5388 2609 5441; x_wconf 80' lang='grc' dir='ltr'><strong>ὑπὸ</strong></span> <span class='ocrx_word' id='word_1_863' title='bbox 2640 5385 2717 5455; x_wconf 84' lang='grc' dir='ltr'>τῷ</span> <span class='ocrx_word' id='word_1_864' title='bbox 2748 5383 2942 5454; x_wconf 86' lang='grc' dir='ltr'>ἀγαθῷ</span> <span class='ocrx_word' id='word_1_865' title='bbox 2993 5378 3269 5448; x_wconf 86' lang='grc' dir='ltr'>πνεύματι</span> <span class='ocrx_word' id='word_1_866' title='bbox 3321 5376 3417 5444; x_wconf 76' lang='grc' dir='ltr'><strong>ιζη</strong></span> <span class='ocrx_word' id='word_1_867' title='bbox 3451 5372 3668 5435; x_wconf 80' lang='grc' dir='ltr'>πολλοῖς</span> <span class='ocrx_word' id='word_1_868' title='bbox 3707 5373 3957 5443; x_wconf 77' lang='grc' dir='ltr'>ὠφέλεια</span> <span class='ocrx_word' id='word_1_869' title='bbox 3988 5370 4072 5421; x_wconf 75' lang='grc' dir='ltr'><strong>καὶ</strong></span> 
     </span>
    </p>
   </div>
   <div class='ocr_carea' id='block_1_115' title="bbox 2500 5461 4075 5549">
    <p class='ocr_par' dir='ltr' id='par_1_115' title="bbox 2500 5461 4075 5549">
     <span class='ocr_line' id='line_1_115' title="bbox 2500 5461 4075 5549; baseline -0.012 -17"><span class='ocrx_word' id='word_1_870' title='bbox 2500 5477 2781 5549; x_wconf 80' lang='grc' dir='ltr'>φωτισμδς</span> <span class='ocrx_word' id='word_1_871' title='bbox 2814 5471 3274 5542; x_wconf 60' lang='grc' dir='ltr'>συντηρούμενος</span> <span class='ocrx_word' id='word_1_872' title='bbox 3312 5467 3526 5536; x_wconf 78' lang='grc' dir='ltr'>ἡμέρας</span> <span class='ocrx_word' id='word_1_873' title='bbox 3565 5464 3622 5518; x_wconf 68' lang='grc' dir='ltr'>δὲ</span> <span class='ocrx_word' id='word_1_874' title='bbox 3658 5467 3966 5535; x_wconf 81' lang='grc' dir='ltr'>γενομένης</span> <span class='ocrx_word' id='word_1_875' title='bbox 4003 5461 4075 5525; x_wconf 74' lang='grc' dir='ltr'><strong>ὀγ-</strong></span> 
     </span>
    </p>
   </div>
   <div class='ocr_carea' id='block_1_116' title="bbox 2497 5552 4072 5642">
    <p class='ocr_par' dir='ltr' id='par_1_116' title="bbox 2497 5552 4072 5642">
     <span class='ocr_line' id='line_1_116' title="bbox 2497 5552 4072 5642; baseline -0.015 -16"><span class='ocrx_word' id='word_1_876' title='bbox 2497 5574 2647 5642; x_wconf 80' lang='grc' dir='ltr'>δόης,</span> <span class='ocrx_word' id='word_1_877' title='bbox 2691 5564 3105 5635; x_wconf 79' lang='grc' dir='ltr'>καταλαμϐάνει</span> <span class='ocrx_word' id='word_1_878' title='bbox 3139 5562 3274 5631; x_wconf 77' lang='grc' dir='ltr'>πρὸς</span> <span class='ocrx_word' id='word_1_879' title='bbox 3307 5560 3399 5611; x_wconf 84' lang='grc' dir='ltr'><strong>τὸν</strong></span> <span class='ocrx_word' id='word_1_880' title='bbox 3432 5559 3674 5627; x_wconf 87' lang='grc' dir='ltr'>πατέρα.</span> <span class='ocrx_word' id='word_1_881' title='bbox 3709 5559 3822 5611; x_wconf 76' lang='grc' dir='ltr'><strong>Καὶ</strong></span> <span class='ocrx_word' id='word_1_882' title='bbox 3855 5557 3943 5617; x_wconf 77' lang='grc' dir='ltr'><strong>ὅς’</strong></span> <span class='ocrx_word' id='word_1_883' title='bbox 3976 5552 4072 5605; x_wconf 71' lang='grc' dir='ltr'><strong>Ποῦ</strong></span> 
     </span>
    </p>
   </div>
   <div class='ocr_carea' id='block_1_117' title="bbox 2497 5647 4074 5736">
    <p class='ocr_par' dir='ltr' id='par_1_117' title="bbox 2497 5647 4074 5736">
     <span class='ocr_line' id='line_1_117' title="bbox 2497 5647 4074 5736; baseline -0.015 -20"><span class='ocrx_word' id='word_1_884' title='bbox 2497 5662 2585 5736; x_wconf 76' lang='grc' dir='ltr'><strong>ἧς,</strong></span> <span class='ocrx_word' id='word_1_885' title='bbox 2613 5663 2823 5724; x_wconf 80' lang='grc' dir='ltr'>τέκνον,</span> <span class='ocrx_word' id='word_1_886' title='bbox 2848 5660 2946 5722; x_wconf 74' lang='grc' dir='ltr'><strong>τὰς</strong></span> <span class='ocrx_word' id='word_1_887' title='bbox 2975 5657 3079 5728; x_wconf 74' lang='grc' dir='ltr'>πρὸ</span> <span class='ocrx_word' id='word_1_888' title='bbox 3107 5655 3203 5706; x_wconf 82' lang='grc' dir='ltr'><strong>τοῦ</strong></span> <span class='ocrx_word' id='word_1_889' title='bbox 3229 5654 3461 5723; x_wconf 77' lang='grc' dir='ltr'>ἡμέρας,</span> <span class='ocrx_word' id='word_1_890' title='bbox 3483 5654 3675 5720; x_wconf 76' lang='grc' dir='ltr'>φησὶν,</span> <span class='ocrx_word' id='word_1_891' title='bbox 3696 5650 3794 5701; x_wconf 84' lang='grc' dir='ltr'><strong>καί</strong></span> <span class='ocrx_word' id='word_1_892' title='bbox 3822 5664 3889 5714; x_wconf 86' lang='grc' dir='ltr'><strong>με</strong></span> <span class='ocrx_word' id='word_1_893' title='bbox 3921 5647 4074 5711; x_wconf 68' lang='grc' dir='ltr'>πο),λῇ</span> 
     </span>
    </p>
   </div>
   <div class='ocr_carea' id='block_1_118' title="bbox 2501 5738 4073 5829">
    <p class='ocr_par' dir='ltr' id='par_1_118' title="bbox 2501 5738 4073 5829">
     <span class='ocr_line' id='line_1_118' title="bbox 2501 5738 4073 5829; baseline -0.015 -18"><span class='ocrx_word' id='word_1_894' title='bbox 2501 5780 2564 5816; x_wconf 83' lang='grc' dir='ltr'><strong>πε</strong></span> <span class='ocrx_word' id='word_1_895' title='bbox 2579 5754 2824 5829; x_wconf 78' lang='grc' dir='ltr'>ριεϐαλες</span> <span class='ocrx_word' id='word_1_896' title='bbox 2854 5752 3038 5821; x_wconf 74' lang='grc' dir='ltr'>ὀδύνῃ,</span> <span class='ocrx_word' id='word_1_897' title='bbox 3064 5749 3137 5819; x_wconf 87' lang='grc' dir='ltr'>μή</span> <span class='ocrx_word' id='word_1_898' title='bbox 3172 5744 3252 5798; x_wconf 86' lang='grc' dir='ltr'><strong>σοί</strong></span> <span class='ocrx_word' id='word_1_899' title='bbox 3276 5764 3334 5799; x_wconf 92' lang='grc' dir='ltr'>τε</span> <span class='ocrx_word' id='word_1_900' title='bbox 3365 5747 3473 5799; x_wconf 76' lang='grc' dir='ltr'>τῶν</span> <span class='ocrx_word' id='word_1_901' title='bbox 3495 5744 3790 5810; x_wconf 79' lang='grc' dir='ltr'>ἀδοκήτων</span> <span class='ocrx_word' id='word_1_902' title='bbox 3824 5738 4073 5806; x_wconf 72' lang='grc' dir='ltr'>συμϐαίη,</span> 
     </span>
    </p>
   </div>
   <div class='ocr_carea' id='block_1_119' title="bbox 2517 5833 4078 5918">
    <p class='ocr_par' dir='ltr' id='par_1_119' title="bbox 2517 5833 4078 5918">
     <span class='ocr_line' id='line_1_119' title="bbox 2517 5833 4078 5918; baseline -0.013 -13"><span class='ocrx_word' id='word_1_903' title='bbox 2517 5854 2575 5905; x_wconf 89' lang='lat'><strong>&#39;0</strong></span> <span class='ocrx_word' id='word_1_904' title='bbox 2608 5850 2691 5902; x_wconf 78' lang='grc' dir='ltr'>δέ’</span> <span class='ocrx_word' id='word_1_905' title='bbox 2728 5848 2953 5918; x_wconf 73' lang='grc' dir='ltr'>Ἄνδρα,</span> <span class='ocrx_word' id='word_1_906' title='bbox 2996 5843 3123 5915; x_wconf 72' lang='grc' dir='ltr'><strong>ἔφη,</strong></span> <span class='ocrx_word' id='word_1_907' title='bbox 3165 5839 3273 5892; x_wconf 82' lang='grc' dir='ltr'><strong>τῶν</strong></span> <span class='ocrx_word' id='word_1_908' title='bbox 3306 5838 3433 5905; x_wconf 68' lang='grc' dir='ltr'>περὶ</span> <span class='ocrx_word' id='word_1_909' title='bbox 3490 5835 3557 5887; x_wconf 77' lang='grc' dir='ltr'>τὰ</span> <span class='ocrx_word' id='word_1_910' title='bbox 3612 5833 3872 5901; x_wconf 72' lang='grc' dir='ltr'>βασίλεια</span> <span class='ocrx_word' id='word_1_911' title='bbox 3906 5833 4078 5886; x_wconf 67' lang='grc' dir='ltr'>ὅντων,</span> 
     </span>
    </p>
   </div>
  </div>
