4188 6310
188 362 298 427 453

1320 359 1498 422 VITA
1537 359 1599 420 S.
1645 354 2308 417 PANTELEEMONIS.

3340 360 3448 423 454

184 476 327 546 νόσῳ
358 473 547 546 βαρείᾳ
585 471 1022 544 κατειλημμένον
1050 470 1453 543 περιοδεύοντες
1482 467 1624 543 ἦμεν
1649 468 1760 539 ἐγώ

1868 470 2013 541 gravi
2072 470 2265 524 morbo
2301 467 2659 532 laborantem,
2715 466 2947 538 profecti
2996 484 3214 527 eramus
3268 487 3368 544 ego
3400 485 3453 531 et

186 585 246 622 τε
282 570 375 622 καὶ
403 570 430 621 ὁ
462 566 811 631 διδάσκαλος·
842 568 935 619 καὶ
969 565 1092 620 ἐπεὶ
1120 564 1198 636 τῷ
1231 564 1452 636 βασιλεῖ
1476 558 1633 629 οὗτος
1666 581 1760 619 κε-

185 661 519 732 χαρισμένος
541 655 609 731 ἦν
644 660 739 714 καὶ
776 658 1057 730 φροντίδος
1089 659 1173 712 ὅτι
1210 659 1410 728 πολλῆς
1452 658 1625 723 ἄξιος,
1659 659 1762 712 οὐκ

181 748 253 823 ἦν
286 751 492 805 ἐκεῖθεν
528 752 660 820 ἡμῖν
693 751 753 803 τὸ
782 750 1083 819 ἀποστῆναι
1118 748 1322 821 ῥᾴδιον,
1360 748 1499 804 ἀλλὰ
1524 749 1762 803 διετελέ-

184 859 360 912 σαμεν
398 842 602 903 ταύτας
640 840 704 911 δὴ
742 841 839 902 τὰς
885 840 1029 892 ἑπτὰ
1066 839 1338 909 παρόντες
1387 840 1623 910 ἡμέρας,
1655 840 1761 903 ἕως

182 934 436 1006 καθαρᾶς
467 935 673 995 ἐκεῖνος
718 931 991 985 ἀπέλαυσε
1046 930 1278 999 ὑγιείας.
1304 930 1487 985 Ταῦτα
1537 930 1762 999 εἴρηκεν

179 1028 247 1079 οὐ
284 1026 605 1095 φιλοψευδὴς
654 1022 749 1089 ὣν,
797 1023 915 1077 ἀλλ’
958 1024 1263 1092 οἰκονομῶν
1303 1024 1361 1074 ἐν
1405 1022 1585 1092 κρίσει
1634 1023 1762 1086 τοὺς

179 1118 378 1184 λόγους
405 1133 419 1147 ·
461 1116 715 1185 ἔστιγὰρ
755 1116 843 1168 ὅτε
886 1116 977 1168 καὶ
1014 1114 1075 1168 τδ
1105 1113 1299 1183 ψεῦδος
1349 1115 1717 1184 προτιμητέον
1745 1129 1761 1147 ο

181 1208 245 1260 ού
283 1207 427 1261 κατά
458 1225 510 1260 τι
536 1207 764 1274 φαῦλον,
793 1209 887 1259 καὶ
919 1205 1276 1275 ἀνελεύθερον
1304 1205 1762 1275 σπουδαζόμενον,

182 1300 325 1353 ἀλλὰ
348 1300 469 1353 κατ’
499 1298 817 1369 οἰκονομίαν
849 1298 1143 1368 ἐπαινετὴν
1196 1298 1690 1369 προσκρινόμενον.

258 1392 350 1460 ς’.
374 1392 562 1463 Ταύτῃ
585 1410 669 1444 τοι
701 1392 793 1443 καὶ
822 1390 922 1460 τὴν
959 1389 1226 1444 ἐπιοῦσαν
1276 1392 1414 1462 πρὸς
1466 1393 1557 1444 τὸν
1613 1392 1764 1446 διδά-

188 1486 394 1537 σκαλον
425 1484 767 1551 Εὑφρὸσυνον
800 1482 1059 1550 γεγονὼς,
1088 1486 1209 1539 ἐπεὶ
1233 1486 1481 1548 κάκεῖνος
1508 1485 1577 1537 τὰ
1603 1486 1764 1555 ὅμοια

179 1578 369 1645 ἤρετο,
388 1575 777 1644 παραπλησίαν
800 1574 999 1628 δέδωκε
1018 1576 1111 1628 καὶ
1143 1576 1293 1646 αύτῷ
1317 1577 1415 1644 τὴν
1439 1576 1760 1643 ἀπολογίαν.

189 1666 253 1718 '0
303 1665 507 1734 πατὴρ,
538 1666 735 1733 λέγων,
770 1668 940 1735 ἀγρὸν
983 1666 1235 1735 ὠνήσατο
1291 1667 1387 1719 καὶ
1420 1667 1611 1720 τοῦτον
1660 1666 1762 1737 ἐμὲ

177 1758 522 1827 παραλαϐεῖν
578 1759 990 1827 προσετρέψατρ
1013 1775 1028 1789 ’
1058 1752 1226 1829 οὗπερ
1267 1759 1367 1811 οὐκ
1395 1754 1461 1829 ἦν
1514 1775 1602 1827 μοι
1631 1760 1764 1812 ἀπο-

177 1848 380 1916 στῆναι
409 1847 594 1917 σχολὴ,
617 1847 721 1910 ἓως
754 1852 929 1901 πάντα
968 1848 1039 1900 τὰ
1080 1849 1244 1901 αὐτοῦ
1280 1849 1554 1918 ἐπόψομαι
1593 1867 1763 1920 προσ-

176 1939 419 2007 εχὸντως
446 1979 460 2001 ,
493 1942 583 1990 καὶ
613 1934 691 2000 οἷς
737 1939 1019 2008 προσῆκον
1053 1940 1264 1991 ἐκείνου
1306 1940 1403 2009 τὴν
1440 1941 1762 2009 ἐπιμέλειαν

178 2031 496 2097 ἐγχειρίσω.
518 2030 720 2082 Πολλοῦ
746 2032 854 2098 γὰρ
885 2030 1036 2093 ἄξιος
1067 2023 1224 2094 οὗτος
1270 2031 1367 2082 καὶ
1410 2031 1585 2084 οὐδενὶ
1617 2032 1762 2099 ἄλλῳ

173 2125 484 2192 κτημάτων
519 2122 1025 2192 παραὸαλλόμενος.
1060 2121 1229 2175 Τοῦτο
1256 2122 1313 2175 δὲ
1349 2122 1503 2190 ἔλεγε
1549 2124 1646 2195 τὴν
1668 2123 1762 2176 τοῦ

174 2215 329 2267 θείου
364 2215 739 2284 βαπτίσματος
767 2215 1218 2283 ὑπαινιττόμενος
1254 2219 1437 2287 χάριν.
1473 2217 1677 2285 Ἔργον
1705 2218 1762 2269 δὲ

174 2308 424 2358 ἐποιεῖτο
462 2306 558 2358 καὶ
609 2306 730 2358 λίαν
783 2307 1042 2374 ἐπιμελὲς
1075 2308 1383 2376 ἀποστῆσαι
1417 2308 1518 2377 τῆς
1552 2309 1764 2379 πλάνης

172 2398 276 2451 τὸν
330 2398 544 2467 πατέρα
600 2398 765 2451 αὑτοῦ
807 2399 901 2452 καλ⁸
946 2400 1234 2451 συνθέσθαι
1267 2403 1334 2470 τῇ
1371 2400 1624 2471 εὐσεϐείᾳ
1659 2378 1766 2453 πά-

179 2492 537 2562 ρασκευάσαι
587 2492 745 2560 χρέος
796 2493 875 2543 ὅτι
937 2491 1173 2558 μάλιστα
1232 2491 1598 2544 δυσαπόδοτον
1635 2493 1756 2545 υἱοῦ

175 2586 326 2654 πρὸς
359 2586 571 2649 πατέρα
606 2585 705 2651 τῆς
747 2585 826 2645 είς
865 2584 925 2634 τὸ
956 2578 1096 2635 εἶναι
1125 2583 1370 2651 δηλονότι
1422 2588 1763 2655 παραγωγῆς

175 2676 487 2745 φιλοτίμως
522 2676 810 2727 ἀποδοῦναι
844 2676 1160 2738 σπουδάζων
1198 2677 1292 2729 καὶ
1321 2677 1412 2728 τὸν
1451 2679 1592 2730 κατὰ
1630 2682 1759 2750 σάρ-

174 2787 261 2823 κα
292 2769 629 2839 γεγενηκότα
672 2769 758 2822 διὰ
793 2768 1098 2837 πνεύματος
1154 2770 1518 2838 ἀναγεννῆσαι
1574 2770 1761 2839 βουλό-

180 2877 375 2933 μενος.
400 2863 558 2915 Ὅθεν
593 2863 653 2914 ού
677 2864 883 2915 διέλιπε
916 2863 1096 2931 σοφῶς
1130 2864 1294 2916 αὑτὸν
1331 2863 1504 2916 ύπιὼν
1539 2863 1763 2929 πεύσεις

172 2973 247 3007 τε
297 2956 599 3025 προτείνων
644 2957 743 3008 οὐκ
798 2956 1054 3019 εὐλύτους
1103 2958 1200 3008 καὶ
1237 2956 1382 3008 οὕτω
1420 2957 1764 3011 διασαλεύειν

172 3048 286 3111 τὴν
319 3048 613 3115 θρησκείαν
634 3049 795 3099 αὑτοῦ
817 3050 1177 3115 πειρώμενος.
1200 3048 1262 3099 Τί
1284 3066 1410 3101 ποτε
1434 3051 1562 3119 γὰρ,
1586 3049 1760 3117 ἔλεγε,

1865 560 2143 631 magister,
2198 569 2255 615 et
2287 561 2541 631 quoniam
2598 561 2645 616 is
2692 570 2809 615 erat
2867 571 3051 632 gratus
3111 564 3453 635 imperatori,

1865 663 1921 708 et
1974 654 2171 725 dignus
2217 654 2372 724 cujus
2416 669 2609 724 magna
2653 669 2782 710 cura
2830 666 3132 725 gereretur,
3180 674 3290 712 non
3336 669 3453 715 erat

1865 746 2089 799 omnino
2122 744 2279 800 facile
2309 745 2467 799 nobis
2499 745 2647 799 illinc
2695 746 2978 813 recedere,
3008 748 3103 802 sed
3160 759 3454 818 perpetuos

1865 842 2072 902 septem
2098 833 2216 886 dies
2245 831 2354 886 illic
2393 832 2594 887 fuimus
2624 842 2944 901 praesentes,
2970 834 3144 889 donec
3174 836 3264 890 ille
3303 838 3454 890 sani-

1867 935 2030 980 tatem
2056 941 2244 995 puram
2275 934 2357 980 est
2383 934 2729 980 consecutus.
2768 926 2893 981 Haec
2923 927 3079 991 dixit,
3124 944 3233 983 non
3263 929 3453 985 dicens

1865 1019 2232 1083 mendacium,
2304 1018 2400 1071 sed
2468 1019 2694 1087 mystice
2774 1021 2941 1075 verba
3015 1021 3339 1089 dispensans
3397 1024 3454 1075 in

1862 1107 2069 1176 judicio
2101 1107 2439 1172 oeconomia,
2487 1122 2598 1162 non
2657 1118 2839 1164 autem
2888 1109 3016 1167 mali
3069 1110 3297 1180 alicujus
3320 1125 3455 1165 con-

1864 1198 1973 1253 silii
1996 1214 2182 1254 causa.

1933 1385 2023 1441 Vl.
2055 1385 2245 1441 itidem
2281 1402 2403 1442 cum
2463 1387 2711 1458 sequenti
2763 1402 2979 1459 quoque
3008 1388 3099 1444 die
3126 1389 3367 1444 venisset
3390 1391 3455 1446 ad

1863 1479 2184 1548 magistrum
2249 1479 2668 1551 Euphrosynum
2738 1482 3019 1551 (quoniam
3082 1482 3171 1536 ille
3239 1498 3457 1552 quoque

1862 1570 2053 1623 eadem
2086 1570 2487 1640 interregavit),
2519 1570 2585 1624 ad
2640 1586 2765 1625 eum
2800 1572 2961 1625 simili
2999 1589 3128 1627 usus
3176 1581 3260 1628 est
3295 1588 3459 1627 excu-

1864 1664 2125 1717 satione:
2175 1661 2356 1726 Pater,
2426 1663 2637 1729 dicens,
2695 1666 2825 1719 emit
2881 1674 3152 1736 agrum,et
3208 1682 3293 1719 me
3334 1682 3458 1721 cum

1862 1755 2025 1823 jussit
2072 1753 2340 1825 accipere,
2382 1769 2412 1807 a
2453 1769 2561 1825 quo
2599 1769 2709 1811 non
2747 1765 2831 1810 est
2864 1757 2995 1810 mihi
3056 1760 3227 1812 otium
3280 1760 3460 1812 disce-

1868 1848 2052 1913 dendi,
2102 1848 2273 1902 donec
2302 1848 2421 1918 ejus
2460 1848 2640 1903 omnia
2682 1858 2901 1903 attente
2950 1849 3240 1918 inspexero
3269 1891 3282 1915 ,
3310 1860 3365 1904 et
3394 1852 3460 1905 iis

1865 1940 2063 2009 quibus
2118 1949 2357 2006 oportet,
2396 1955 2582 1993 curam
2648 1940 2793 1995 illius
2844 1940 3133 1996 tradidero.
3174 1936 3272 1995 Est
3308 1942 3457 1996 enim

1865 2033 2041 2103 magni
2075 2032 2234 2102 pretii
2264 2048 2277 2097 ;
2313 2041 2364 2087 et
2396 2033 2487 2101 qui
2524 2048 2644 2086 cum
2676 2033 2822 2087 nulla
2852 2035 2956 2089 alia
2984 2045 3160 2103 potest
3219 2034 3459 2091 conferri

1865 2129 2233 2196 possessione.
2300 2123 2414 2180 Hoc
2471 2141 2601 2181 vero
2666 2127 2904 2190 dicebat,
2993 2129 3155 2182 tacite
3220 2134 3460 2187 innnens

1863 2220 2091 2288 gratiam
2133 2220 2319 2273 divini
2358 2220 2723 2290 baptismatis.
2749 2220 2922 2275 Porro
2966 2230 3146 2275 autem
3198 2237 3455 2291 magnum

1862 2312 2153 2369 adhibebat
2213 2313 2453 2367 studium
2516 2323 2571 2368 et
2623 2314 2980 2383 diligentiam,
3036 2327 3093 2369 ut
3148 2326 3356 2385 patrem
3389 2318 3459 2371 ab

1864 2419 2048 2458 errore
2078 2405 2392 2470 abduceret,
2426 2415 2476 2459 et
2513 2407 2769 2467 efﬁceret.
2802 2418 2860 2461 ut
2916 2408 3104 2477 pietati
3158 2411 3459 2463 assentire-

1864 2503 1972 2558 tur,
2015 2511 2139 2550 eum
2196 2500 2286 2566 qui
2324 2498 2499 2566 ipsum
2531 2510 2797 2568 genuerat
2841 2501 3141 2552 secundum
3210 2515 3446 2569 carnem,

1865 2587 1978 2656 ipse
2010 2604 2103 2655 per
2161 2587 2411 2657 spiritum
2464 2589 2691 2642 studens
2742 2605 3085 2660 regenerare.
3135 2590 3255 2657 Quo
3310 2594 3455 2647 circa

1873 2691 2150 2746 nunquam
2207 2680 2446 2733 cessavit
2502 2681 2677 2749 ipsum
2753 2682 3029 2749 sapienter
3112 2684 3349 2752 aggredi,
3401 2692 3457 2736 et

1863 2780 2166 2837 proponere
2229 2770 2707 2841 interrogationes,
2776 2788 2894 2841 qua:
2926 2788 3032 2826 non
3097 2773 3255 2828 facile
3317 2774 3455 2829 solvi

1863 2871 2106 2928 possent,
2157 2872 2209 2916 et
2236 2862 2317 2915 sic
2363 2863 2481 2932 ejus
2533 2864 2587 2916 in
2619 2863 2780 2917 falsos
2828 2865 2959 2918 deos
3012 2868 3454 2933 superstitionem

1864 2956 2048 3005 conari
2101 2954 2419 3009 dissolvere.
2444 2954 2688 3018 Quanam
2726 2956 2871 3010 enim
2902 2956 2969 3011 de
3006 2972 3190 3020 causa,
3218 2957 3454 3021 dicebat.

1866 3058 1897 3096 o
1927 3053 2100 3111 pater,
2144 3045 2234 3111 qui
2268 3049 2334 3096 ab
2370 3046 2531 3098 initio
2568 3047 2789 3114 quidem
2833 3048 3067 3111 stabant,
3098 3063 3245 3101 nunc
3278 3049 3456 3102 adhuc

172 3142 229 3191 οἱ
268 3141 401 3199 θεοὶ,
461 3141 656 3205 πάτερ,
679 3139 727 3189 οἱ
776 3141 873 3205 μὲν
932 3138 990 3200 ἐξ
1035 3140 1205 3207 ἀρχῆς
1245 3141 1525 3205 ἱστάμενοι
1557 3142 1637 3193 ἔτι
1671 3146 1763 3196 καὶ

1873 3144 2043 3202 stant,
2120 3136 2340 3190 sedendi
2406 3151 2683 3206 nunquam
2748 3140 3057 3192 menmres?
3126 3140 3455 3208 Quicunque

173 3232 287 3288 νῦν
327 3231 595 3294 ἵστανται,
624 3230 891 3300 μηδέποτε
913 3230 1182 3301 καθέδρας
1216 3231 1545 3301 μνησθέντες
1569 3252 1582 3298 ;
1610 3234 1763 3286 Ὅσοι

171 3327 237 3380 ει
299 3326 566 3396 κάθηνται
606 3326 787 3392 πάλιν,
833 3326 979 3379 οὕτω
1008 3326 1096 3378 διὰ
1147 3329 1350 3389 παντὸς
1405 3328 1626 3394 μένουσι
1671 3325 1766 3378 καὶ

173 3419 449 3472 οὐδέποτε
483 3418 743 3490 ὤφθησαν
797 3417 1163 3481 ἀναστάντεςς
1199 3417 1417 3470 Τούτων
1451 3419 1544 3470 καὶ
1588 3417 1765 3469 ἄλλων

174 3512 401 3581 ὁμοίων
446 3516 472 3562 6
504 3512 685 3580 πατὴρ
744 3510 1002 3571 ἀκούσας,
1032 3511 1252 3571 ἀπόρως
1319 3506 1431 3580 εἶχε
1486 3510 1620 3581 πρὸς
1668 3509 1766 3577 τὴν

176 3602 444 3655 ἐπίλυσιν
475 3606 567 3653 καὶ
596 3601 695 3669 ἤδη
727 3602 856 3671 περὶ
887 3600 1014 3661 τοὺς
1059 3602 1254 3662 αὐτοὺς
1300 3601 1637 3652 διεσέσειστο
1672 3603 1766 3654 καὶ

177 3692 512 3763 ὑπόψυχρος
551 3687 641 3761 ἦν,
696 3693 833 3761 ὅπερ
864 3699 891 3743 6
919 3690 1235 3742 Παντολέων
1265 3688 1407 3759 ὀρῶν
1457 3689 1765 3755 ὲμεγὰλυνε

173 3784 282 3837 τοῦ
315 3783 556 3855 Χριστοῦ
586 3782 646 3835 τὸ
679 3783 852 3851 ὄνομα
892 3782 989 3835 καὶ
1036 3782 1262 3851 χάριτας
1296 3778 1444 3851 αύτῷ
1476 3780 1763 3848 ὡμολόγει,

173 3878 269 3929 ὃτι
296 3879 439 3937 τέως
470 3874 599 3942 γοῦν
631 3874 1006 3937 ὲπιδοιάζοντα
1036 3872 1200 3942 ἔθηκε
1239 3873 1332 3924 τὸν
1359 3872 1520 3924 αύτοῦ
1554 3875 1767 3943 πατέρα

173 3970 286 4022 καὶ
327 3962 382 4034 (ὅ
416 3984 577 4033 φησιν
622 3966 781 4033 Ὠσηὲ
812 3969 838 4016 6
863 3964 1025 4031 θεῖος)
1050 3965 1342 4032 μερίζοντα
1368 3964 1617 4032 καρδίαν,
1643 3964 1768 4016 ὅθεν

171 4057 315 4111 οὐδὲ
350 4053 573 4124 ἑώρακα
597 4054 663 4105 τὰ
688 4054 785 4123 τὴν
810 4052 1076 4120 προλαὸοὖ
1088 4068 1184 4104 σαν
1215 4053 1503 4125 συνήθειαν
1527 4054 1767 4125 δαψιλῶς

169 4150 356 4204 αὺτδν
391 4146 902 4218 προσφέρονταιτὰς
937 4144 1148 4207 θυσίας.

256 4242 341 4298 Ζ’.
371 4242 659 4311 Βουληθεὶς
685 4237 776 4293 οὖν
806 4241 901 4310 τὴν
927 4240 1152 4311 πρώτην
1172 4239 1459 4309 συντρίψαι
1495 4242 1587 4294 καὶ
1632 4240 1769 4294 καθ-

168 4340 333 4392 ελεῖν
378 4338 447 4390 τὰ
482 4337 575 4389 τοῦ
625 4336 833 4406 πατρὸς
887 4336 1082 4387 εἴδωλα
1137 4335 1308 4388 πολλὰ
1340 4335 1470 4387 ὄντα
1507 4335 1659 4404 παρὰ
1690 4334 1769 4404 τῷ

168 4429 363 4491 αὐτοῦ
394 4428 631 4493 κοιτῶνι,
660 4431 882 4496 ἐπέσχε,
902 4428 977 4497 μὴ
1029 4428 1361 4497 παροργίσαι
1402 4426 1723 4496 βουλόμενος
1749 4441 1765 4457 ο

1878 3240 2060 3282 autem
2089 3245 2275 3284 rursus
2310 3230 2521 3293 sedent,
2554 3232 2631 3283 sic
2657 3240 2880 3284 manent
2916 3241 3198 3300 perpetuo,
3232 3243 3288 3286 et
3316 3247 3450 3286 nun-

1873 3336 2031 3387 quam
2052 3322 2151 3374 visi
2176 3337 2398 3389 surgere
2418 3325 2440 3374 ?
2460 3323 2583 3375 Haec
2607 3333 2660 3377 et
2684 3324 2783 3377 alia
2809 3320 3004 3378 similia
3030 3338 3179 3395 pater
3204 3326 3453 3388 audiens,

1880 3406 2165 3467 haesitabat
2198 3413 2252 3465 in
2288 3428 2475 3467 eorum
2508 3414 2797 3477 solutione,
2824 3426 2878 3468 et
2902 3416 3012 3484 jam
3048 3419 3103 3467 in
3133 3431 3230 3469 sua
3255 3417 3323 3472 de
3352 3417 3456 3473 diis

1876 3506 2133 3574 Opinione
2199 3507 2527 3569 labescebat,
2569 3515 2625 3561 et
2681 3514 2798 3560 erat
2851 3506 3103 3576 ancipitis
3143 3508 3453 3563 sententiae.

1875 3600 2028 3666 Quod
2055 3600 2271 3669 quidem
2300 3599 2491 3651 videns
2526 3599 2844 3660 Pantolcon,
2873 3596 3069 3653 Christi
3111 3615 3307 3653 nomen
3336 3615 3456 3654 ma~

1875 3692 1995 3763 gnis
2025 3693 2273 3747 laudibus
2299 3692 2578 3754 elierebat,
2597 3698 2654 3743 et
2687 3703 2908 3761 magnas
2937 3690 2983 3743 ei
3017 3690 3206 3761 agebat
3234 3689 3450 3760 gratias.

1874 3783 2018 3851 quod
2055 3793 2260 3850 patrem
2295 3794 2454 3833 suum
2501 3781 2692 3832 saltem
2740 3777 3063 3834 reddidisset
3095 3779 3451 3842 dubitantem,

1875 3883 1930 3929 et
1964 3874 2128 3944 (quod
2159 3872 2375 3927 divinus
2400 3873 2478 3925 ait
2503 3869 2674 3926 Oseas
2701 3872 2744 3943 ')
2777 3886 2873 3926 cor
2911 3871 3265 3924 dividentem.
3299 3870 3443 3935 Quov

1875 3972 2019 4025 circa
2070 3984 2172 4023 nec
2220 3982 2343 4022 eum
2406 3966 2642 4030 videbat,
2670 3972 2731 4019 ut
2779 3964 3009 4033 solebat,
3065 3964 3453 4035 irequentiaet

1874 4063 2080 4133 optima
2108 4061 2427 4115 offerentem
2458 4059 2746 4115 sacriﬁcia.

1962 4247 2069 4303 Vll.
2143 4247 2277 4305 Cum
2326 4248 2505 4316 itaque
2553 4246 2728 4316 primo
2775 4243 3038 4299 voluisset
3067 4252 3351 4299 conterere
3396 4254 3453 4298 et

1874 4341 2155 4396 destruere
2210 4340 2380 4409 patris
2411 4338 2718 4400 simulacra,
2759 4352 2878 4404 quae
2910 4337 2962 4390 in
3021 4336 3142 4408 ejus
3196 4337 3450 4392 cubiculo

1876 4443 2033 4492 erant
2063 4432 2254 4491 multa,
2286 4444 2345 4482 se
2378 4427 2668 4484 continuit.
2701 4430 2750 4482 ls
2770 4429 2916 4483 enim
2951 4429 3217 4482 honorare
3239 4437 3447 4497 patrem

171 4520 403 4574 πολλοῦ
444 4522 555 4588 γὰρ
591 4518 755 4586 ἐτίμα
798 4520 860 4569 τὸ
895 4520 1110 4587 πατέρα
1140 4519 1328 4589 τιμᾷν.
1365 4519 1554 4586 Ἔλεγε
1590 4518 1764 4581 δὲ,ὃτι

1877 4527 2053 4597 magni
2087 4520 2565 4580 faciebat.Diccbat
2588 4521 2731 4573 enim
2759 4531 2774 4578 :
2803 4518 2915 4590 Ego
2940 4534 3065 4573 eum
3089 4520 3267 4587 potius
3286 4520 3447 4573 indu.

166 4613 379 4667 πειθοῖ
432 4609 634 4680 μᾶλλον
693 4608 855 4663 αὑτὸν
908 4611 1180 4679 ἐπάξομαι
1232 4613 1326 4662 καὶ
1367 4612 1642 4682 ἐπιεικείᾳ
1693 4611 1770 4679 τῷ

165 4703 421 4775 Χριστῷ
485 4701 798 4767 πιστεῦσαι,
844 4704 937 4757 καὶ
983 4701 1154 4765 οὓτως
1207 4700 1532 4772 ἀμφοτέροις
1593 4700 1766 4764 ἔσται,

166 4797 373 4850 ταῦτα
399 4796 751 4849 καταδαλεῖν.
770 4798 867 4848 Διὰ
892 4794 1052 4848 τοῦτο
1085 4794 1179 4847 καὶ
1203 4796 1231 4846 6
1259 4797 1356 4864 τὴν
1381 4793 1602 4864 ἐντολὴν
1646 4794 1768 4855 δοὺς

168 4890 418 4957 πατέρα
452 4889 641 4960 τιμᾷν,
669 4885 769 4960 τῆς
796 4886 1000 4955 πολλῆς
1017 4887 1220 4955 ταύτης
1250 4885 1538 4949 εὐλαϐείας
1562 4887 1770 4939 ἐκεῖνον

164 4956 653 5048 ἀποδειξάμενος,
699 4956 954 5049 ἀερορμὴν
1038 4980 1314 5048 παρέσχεν
1366 4977 1701 5047 ἐπιτηδείαν,
1732 4978 1766 5047 ἦ

164 5076 277 5129 καὶ
315 5072 413 5126 τὸν
446 5068 612 5122 αὑτοῦ
644 5073 859 5137 πατέρα
889 5069 1108 5140 ὁμαλῶς
1143 5069 1287 5122 οὓτω
1330 5070 1425 5122 καὶ
1453 5070 1633 5139 ἠπίως
1676 5086 1768 5119 πι-

166 5163 428 5221 στεῦσαι
456 5162 748 5231 πεποίηκε,
767 5163 1019 5215 κάκεῖνον
1038 5161 1232 5216 ἑαυτοῦ
1252 5161 1446 5231 μισθοῦ
1465 5162 1589 5214 ὅσου
1603 5164 1766 5214 κατέ-

162 5271 365 5329 στησε
397 5253 677 5323 πρόξενον.
701 5251 883 5306 Ταῦτα
914 5254 1023 5323 γὰρ
1053 5253 1423 5324 ὲνθυμωμένῳ
1456 5254 1534 5322 τῷ
1565 5255 1766 5307 Παντο-

158 5354 374 5406 Movet
400 5347 797 5418 προσέρχονταί
836 5362 979 5408 τινες
1020 5348 1534 5418 χειραγωγούμενον
1568 5348 1765 5414 τυφλὸν

156 5441 553 5509 ἐπαγόμενοι.
587 5440 868 5510 Κόψαντες
910 5435 1003 5493 οὖν
1037 5440 1136 5510 τὴν
1188 5440 1379 5509 θύραν,
1405 5438 1767 5494 ἐπυνθάνοντο

155 5541 214 5592 εἰ
245 5514 460 5604 πίαρὼν
489 5533 573 5601 είη
608 5533 922 5587 Παντολὲων
949 5550 975 5587 ο
1004 5532 1203 5603 ἰατρός.
1230 5534 1509 5595 Μαθόντες
1534 5534 1588 5585 δὲ
1622 5550 1765 5601 παρ-

150 5636 349 5706 σίνατ.
402 5630 745 5699 προσέμενον
784 5644 799 5660 ο
839 5628 1018 5692 καὶ,ὃς
1064 5627 1326 5695 ἀκούσας,
1376 5628 1512 5699 μετὰ
1561 5626 1764 5696 πολλῆς

238 5795 262 5826 ²
300 5788 458 5846 Osee
490 5805 545 5850 κ,
579 5790 633 5845 9..

1873 4633 1992 4673 cam
2025 4613 2396 4683 persuasione,
2431 4611 2759 4676 lenitathue
2788 4618 2843 4662 et
2882 4609 3297 4665 mansuetudine
3332 4608 3449 4663 τοι.

1872 4710 2035 4769 ciam,
2068 4716 2125 4757 ut
2159 4702 2376 4755 Christo
2406 4700 2593 4753 credat
2626 4716 2640 4753 :
2673 4710 2730 4754 et
2752 4700 2831 4754 sic
2878 4699 3139 4755 ambobus
3171 4714 3233 4754 ea
3264 4700 3449 4759 licebit

1872 4800 2130 4870 dejicere.
2160 4796 2228 4851 Et
2254 4794 2374 4849 ideo
2404 4793 2471 4855 is,
2509 4793 2598 4861 qui
2630 4803 2835 4862 patrem
2861 4795 3118 4865 praecepit
3154 4794 3443 4859 honorare,

1875 4892 2021 4947 illius
2056 4905 2302 4959 magnam
2347 4887 2682 4957 amplectens
2717 4884 2971 4954 pietatem
3003 4897 3183 4955 aptam
3219 4889 3448 4957 praebuit

1873 4984 2239 5044 occasionem,
2268 4996 2388 5050 qua:
2420 4979 2566 5042 fecit,
2592 4990 2649 5032 ut
2675 4979 2791 5049 ejus
2814 4988 2964 5049 pater
2987 4977 3142 5046 plane
3165 4986 3218 5031 et
3235 4977 3443 5047 placide

1868 5077 2117 5135 crederet
2146 5092 2158 5128 :
2190 5083 2244 5128 et
2273 5071 2604 5142 procuravit,
2623 5080 2682 5125 ut
2708 5071 2798 5124 ille
2827 5084 3076 5140 magnam
3102 5069 3203 5125 sibi
3232 5083 3452 5137 parare:

1879 5166 2205 5221 mercedem.
2244 5163 2368 5216 Haec
2392 5176 2514 5215 cum
2547 5162 2811 5228 cogitaret
2829 5158 3148 5225 Pantoleon,
3180 5161 3446 5215 accedunt

1876 5257 2116 5329 quidam,
2153 5270 2376 5316 caecum,
2404 5253 2495 5324 qui
2521 5267 2682 5307 manu
2718 5252 3027 5319 deducitur,
3062 5253 3393 5309 adducentes
3426 5272 3439 5311 :

1873 5352 2008 5406 Cum
2038 5350 2182 5405 fores
2215 5358 2397 5403 autem
2426 5347 2755 5417 pulsassent,
2802 5348 3062 5417 rogabant
3113 5362 3183 5401 an
3228 5348 3445 5402 adesset

1874 5440 2168 5495 Pantaleon
2205 5439 2464 5493 medicus.
2493 5437 2630 5492 Cum
2661 5451 2788 5492 vero
2813 5438 3003 5493 adesse
3030 5437 3442 5507 intellexissent,

1870 5532 2274 5603 exspectabant.
2306 5531 2397 5584 Ille
2424 5539 2603 5586 autem
2637 5545 2759 5587 cum
2790 5530 3071 5595 audiisset,
3110 5548 3232 5587 cum
3267 5535 3443 5587 maxi-

1872 5641 1960 5680 mo
2023 5624 2201 5679 studio
2251 5622 2548 5695 egreditur,
2602 5632 2807 5695 patrem
2857 5639 3073 5696 quoque
3092 5625 3251 5683 simui
3288 5640 3443 5682 assu-
