4170 6322
712 334 823 407 655

2032 333 2313 399 MENSIS
2351 335 2644 398 IULIUS.

3873 337 3972 399 456

716 464 892 507 mens.
923 449 1053 503 Cum
1084 454 1261 503 autem
1305 446 1528 503 \idisset
1555 462 1780 514 caecum,
1811 448 2019 519 rogavit
2071 463 2309 518 quonam

2424 446 2558 517 ιξῄει
2587 447 2683 516 τῆς
2710 445 2964 517 σπουδῆς,
2990 445 3324 516 παραλαϐὼν
3356 448 3469 517 ἅμα
3513 449 3604 503 καὶ
3640 452 3731 502 τὸν
3755 451 3985 521 πατέρα,

715 556 854 612 opus
918 541 1167 596 haberet.
1221 540 1317 594 llle
1368 555 1540 594 vero:
1578 539 1744 604 Luce,
1794 541 1990 610 inquit,
2040 556 2146 611 qua
2186 544 2307 594 sum

716 635 982 704 privatus,
1036 642 1091 686 et
1139 647 1245 702 qua
1294 631 1430 685 nihil
1489 641 1571 687 est
1624 630 1939 691 hominibus
1990 633 2306 702 jucundius.

716 724 1083 781 Misericordia
1117 741 1244 798 ergo
1278 735 1461 780 motus
1517 740 1651 779 mea:
1702 725 2050 792 calamitatis,
2094 726 2183 792 da,
2241 742 2310 781 ne

717 817 799 872 sic
856 817 1029 871 vivam
1090 815 1431 885 imperfecte,
1484 826 1538 871 et
1588 817 1752 871 veluti
1782 832 1847 871 ex
1904 818 2177 874 dimidio:
2215 819 2311 873 sed

720 908 927 962 videam
961 907 1148 971 solem,
1187 908 1396 961 videam
1432 909 1649 963 etelum.
1679 907 1813 962 Nam
1853 924 1953 963 nos
1983 909 2200 978 quidem
2232 911 2313 966 sic

721 998 987 1061 viventes,
1015 996 1153 1050 nihil
1177 996 1489 1051 differimus
1524 998 1591 1052 ab
1622 998 1686 1051 iis
1713 999 1803 1067 qui
1830 1006 1957 1051 sunt
1993 998 2137 1068 apud
2177 1000 2315 1053 inie-

725 1104 835 1147 ros.
895 1089 962 1143 Et
992 1104 1114 1144 cum
1183 1089 1471 1145 facultates
1527 1105 1717 1144 omnes
1777 1089 2005 1145 medicis
2065 1090 2315 1165 praebue-

724 1182 917 1243 rimus,
970 1182 1244 1236 modicum
1275 1198 1492 1263 quoque
1543 1183 1749 1250 lumen,
1803 1184 1947 1253 quod
1997 1193 2115 1238 erat
2161 1183 2315 1239 nobis

724 1273 1020 1343 reliquum,
1077 1274 1360 1329 amisimus
1394 1293 1406 1329 :
1440 1276 1544 1329 hoc
1606 1275 1780 1329 solum
1809 1290 1840 1328 a
1873 1275 2145 1344 prteclaris
2212 1276 2316 1329 illis

726 1366 953 1419 medicis
981 1366 1240 1429 assecuti,
1266 1365 1411 1434 quod
1438 1381 1561 1422 cum
1618 1365 1966 1421 facultatibus
2002 1366 2122 1421 luce
2176 1382 2317 1437 quo-

726 1474 831 1529 que
861 1460 1031 1514 simus
1089 1460 1309 1529 privati.
1370 1458 1668 1513 Pantoleon
1726 1468 1905 1512 autem
1941 1477 1953 1513 :
1984 1457 2119 1513 Cum
2172 1459 2316 1523 aliis,

727 1548 926 1617 inquit,
957 1548 1183 1603 medicis
1214 1559 1335 1602 tuas
1366 1548 1580 1603 dederis
1644 1548 1950 1612 facultates,
1999 1559 2056 1605 et
2109 1551 2316 1604 nullam

728 1642 1004 1707 acceperis
1030 1640 1338 1705 utilitatem,
1366 1642 1410 1694 si
1439 1656 1625 1696 rursus
1664 1642 1963 1710 aspexeris,
1995 1642 2127 1711 quid
2182 1643 2319 1697 mihi

729 1731 919 1787 dabis?
949 1732 1043 1784 Ille
1075 1746 1204 1786 vero
1236 1748 1252 1785 :
1281 1732 1410 1797 Qum
1446 1744 1590 1796 sunt,
1622 1732 1819 1801 inquit,
1853 1732 2057 1802 reliqua
2090 1748 2155 1788 ex
2185 1735 2322 1789 meis

728 1823 1101 1887 facultatibus,
1153 1825 1430 1878 exsolvam
1475 1832 1728 1895 prompto
1777 1831 1833 1879 et
1879 1825 2044 1881 alacri
2116 1826 2319 1881 animo.

733 1911 937 1967 Deinde
986 1912 1281 1969 Pantaleon
1315 1928 1331 1965 :
1367 1914 1575 1968 Donum
1630 1914 1872 1985 quidem,
1931 1917 2126 1987 inquit,
2184 1919 2323 1974 lucis

729 2019 829 2074 per
854 2020 953 2059 nos
982 2005 1076 2061 tibi
1103 2007 1249 2062 dabit
1302 2008 1461 2062 Pater
1493 2006 1765 2063 luminum
1802 2028 1814 2065 :
1844 2020 1900 2063 tu
1952 2020 2154 2076 autem,
2203 2027 2323 2082 quae

732 2096 863 2150 mihi
896 2112 955 2151 es
983 2099 1279 2167 pollicitus,
1310 2100 1468 2157 vade.
1498 2111 1553 2154 et
1578 2100 1642 2154 da
1669 2102 2020 2171 pauperibus.

802 2189 941 2243 Vill.
1006 2190 1129 2246 llmc
1168 2207 1292 2246 cum
1357 2192 1618 2247 audiisset
1664 2204 1835 2263 pater.
1891 2210 2015 2250 eum
2067 2211 2097 2251 a
2144 2206 2323 2267 empto

732 2281 1031 2337 abducebat
1066 2300 1079 2337 :
1126 2282 1267 2350 Noli,
1302 2286 1511 2353 dicens,
1534 2301 1566 2340 ο
1590 2286 1932 2352 cbarissime,
1965 2304 2034 2342 ne
2072 2296 2129 2342 tu
2157 2290 2321 2343 etiam

732 2372 1030 2429 irridearis.
1063 2374 1204 2440 Quid
1256 2379 1402 2431 enim
1454 2380 1576 2447 plus
1628 2379 1850 2448 poteris,
1901 2393 2062 2447 quam
2115 2381 2322 2450 priores

732 2465 973 2521 medici?
1017 2467 1318 2524 Pantaleon
1377 2479 1558 2524 autem
1600 2469 1831 2537 :Nemo,
1881 2472 2076 2542 inquit,
2116 2487 2179 2527 ex
2206 2473 2323 2528 aliis

732 2559 961 2614 medicis
991 2560 1094 2613 scit
1144 2560 1291 2616 hunc
1337 2561 1613 2617 hominem
1649 2571 1902 2629 tractare,
1947 2574 2008 2619 ut
2054 2579 2153 2635 ego
2200 2580 2319 2619 sum

736 2660 1087 2707 tractaturus.
1112 2651 1336 2707 Multum
1364 2654 1509 2706 enim
1544 2654 1767 2708 interest
1803 2656 1947 2709 inter
1971 2671 2086 2723 eos,
2114 2668 2169 2713 et
2196 2674 2320 2713 eum

735 2742 827 2812 qui
861 2758 963 2796 nos
984 2743 1188 2798 docuit.
1220 2743 1355 2799 Cum
1383 2753 1626 2815 putasset
1658 2754 1840 2802 autem
1872 2758 2026 2819 pater
2055 2764 2179 2803 eum
2210 2751 2323 2804 haec

736 2833 936 2889 dixisse
960 2833 1027 2889 de
1056 2834 1453 2907 Euphrosyno;
1497 2837 1648 2892 illum
1673 2854 1915 2906 quoque,
1971 2838 2175 2907 inquit,
2222 2839 2321 2905 ﬁli,

734 2926 896 2980 audio
919 2926 973 2980 in
1001 2927 1103 2982 hoc
1134 2928 1377 2983 curando
1408 2944 1563 2983 suam
1605 2928 1921 2984 adhibuisse
1955 2930 2314 3001 diligentiam,

734 3021 791 3068 et
847 3014 985 3067 nihil
1006 3015 1656 3085 profecisse.‘Pantoleon
1704 3034 1831 3075 vero
1864 3037 1879 3075 :
1909 3021 2192 3092 Exspecta,
2236 3025 2323 3079 inv

2422 537 2567 592 Ἰδὼν
2596 533 2690 591 οὖν
2724 537 2813 592 τὸν
2850 539 3054 607 τυφλὸν
3110 540 3235 591 ὅτου
3295 540 3466 593 δέοιτο
3495 540 3781 609 ἐπηρώτα.
3815 540 3877 595 '0
3899 540 3985 595 δέ·

2411 623 2485 683 Οἵ)
2514 629 2816 700 ἐστέρημαι
2849 630 3046 697 φωτὸς,
3092 629 3266 699 ἔλεγε,
3292 634 3386 683 καὶ
3416 624 3476 683 οὗ
3508 632 3673 701 μηδὲν
3703 633 3861 703 ἥδιον
3906 634 3992 695 ἀντ

2412 720 2651 792 θρώποις
2678 738 2693 753 υ
2719 721 2865 773 ἔλεον
2888 723 3069 775 τοίνυν
3101 721 3283 776 λαϐὼν
3315 740 3418 791 μου
3446 726 3552 794 τῆς
3584 728 3893 794 συμφορᾶς,
3912 724 3991 786 δὸς

2412 814 2553 869 οὓτω
2589 815 2664 885 μὴ
2692 814 2898 878 ἀτελῶς
2935 814 3032 885 ζῇν
3062 817 3153 868 καὶ
3182 808 3293 870 οἷον
3333 815 3393 880 ἐξ
3417 817 3695 886 ἡμισείας,
3714 819 3835 870 ἀλλ’
3865 819 3991 889 ὀρᾷν

2413 907 2586 977 ἣλιον,
2618 907 2692 970 ὡς
2718 907 2812 960 νῦν
2846 923 2904 975 γε
2934 907 3087 959 οὐδὲν
3116 906 3315 970 ζῶντες
3345 910 3505 979 ἡμεῖς
3526 909 3635 961 τῶν
3660 910 3716 959 ἐν
3739 908 3843 981 ᾄδῃ
3864 910 3993 961 διεν-

2413 1000 2711 1069 ηνόχαμεν.
2740 999 2924 1053 Πάντα
2978 997 3088 1069 γὰρ
3120 999 3189 1053 τὰ
3222 998 3351 1052 ὄντα
3388 1000 3594 1072 ἰατροῖς
3621 1018 3769 1071 παρα
3782 1000 3996 1069 σχόντες

2414 1090 2507 1145 καὶ
2541 1091 2575 1160 ἢ
2609 1092 2954 1161 περιελείπετο
2996 1091 3197 1161 μᾶλλον
3261 1091 3487 1163 μετρίαν
3524 1093 3698 1161 αὐγὴν
3725 1092 3995 1145 ἀπολέσα-

2419 1200 2539 1254 μεν.
2560 1182 2733 1235 Τοῦτο
2759 1183 2868 1235 τῶν
2903 1184 3085 1236 καλῶν
3132 1184 3358 1237 ἐκείνων
3411 1184 3615 1255 ἰατρῶν
3657 1186 3997 1252 ἀπονὰμενοι

2415 1276 2476 1329 τὸ
2521 1276 2850 1345 στερηθῆναι
2891 1278 2989 1345 τῆς
3041 1275 3235 1338 οὐσίας
3297 1276 3437 1344 μετὰ
3470 1275 3562 1328 τοῦ
3615 1276 3997 1345 φωτόςΛίαὶό

2418 1367 2735 1421 Παντολέων
2763 1382 2774 1395 ’
2801 1364 2926 1429 Τοῖς
2969 1366 3067 1436 μὲν
3098 1367 3281 1431 ἄλλοις
3327 1369 3552 1436 ἰατροῖς,
3596 1367 3725 1438 ἔφη,
3767 1368 3836 1420 τὰ
3873 1367 4001 1419 ὄντα

2417 1459 2540 1521 δοὺς
2592 1458 2848 1529 οὐδεμιᾶς
2898 1456 3214 1521 ἁπελαύσας
3247 1458 3538 1526 ὡφελείας,
3582 1460 3705 1528 ἐμοὶ
3743 1459 3801 1511 δὲ
3855 1458 3908 1508 τί
3938 1457 3999 1509 ἂν

2419 1554 2731 1623 ἀναϐλέψας
2789 1552 3139 1624 παράσχοις;
3173 1552 3284 1606 Καὶ
3311 1552 3394 1617 ὃς,
3441 1554 3523 1603 Ti
3556 1550 3999 1621 περιλειφθέντα,

2422 1644 2563 1712 εἷπε,
2589 1648 2688 1716 τῆς
2712 1646 2902 1710 οὐσίας
2951 1645 3246 1716 προθύμως
3296 1645 3605 1698 καταϐαλῶ.
3639 1640 3773 1696 Εἶτα
3800 1648 3826 1696 ο
3854 1644 3999 1695 Παν-

2423 1742 2654 1794 τολέων·
2710 1740 2820 1808 Τὴν
2872 1741 2969 1809 μὲν
3016 1740 3112 1792 τοῦ
3188 1740 3389 1811 φωτὸς,
3435 1738 3558 1809 ἔφη,
3584 1737 3797 1806 δωρεὰν
3828 1738 3855 1788 6
3897 1738 4002 1789 τῶν

2428 1828 2620 1904 φώτων
2650 1833 2844 1902 Πατὴρ
2866 1833 2995 1895 Θεὸς
3024 1834 3088 1885 δι’
3120 1834 3277 1903 ἡμῶν
3307 1832 3460 1886 ἔσται
3493 1850 3575 1886 σοι
3596 1832 3965 1903 χαριούμενος
3987 1848 4003 1862 ο

2427 1926 2491 1977 συ
2522 1925 2598 1990 δὲ,
2624 1925 2656 1979 ἃ
2694 1925 2818 1994 ἐμοὶ
2858 1924 3195 1995 ἐπηγγείλω,
3229 1925 3517 1997 πορευθεὶς
3562 1928 3761 1994 πένησι
3817 1924 4005 1994 παρά-

2426 2035 2578 2088 σχον.

2496 2180 2579 2232 H'.
2615 2177 2834 2232 Τούτων
2877 2180 2905 2230 ὀ
2942 2182 3125 2250 πατὴρ
3175 2179 3412 2244 ἀκούων,
3458 2177 3673 2246 ἀπῆγεν
3702 2177 3875 2230 αὐτὸν
3911 2180 4005 2231 τοῦ

2425 2272 2869 2342 ἐγχειρήματος·
2921 2274 3013 2341 Μὴ
3060 2272 3215 2339 σύγε,
3260 2273 3505 2340 φίλτατε,
3553 2271 3753 2339 λέγων,
3808 2272 3887 2343 μὴ
3920 2275 4011 2325 καὶ

2425 2363 2638 2431 γέλωτα
2671 2362 2877 2431 δερλοις.
2919 2363 2985 2414 Τί
3024 2362 3132 2432 γὰρ
3164 2362 3229 2415 ἂν
3267 2364 3428 2415 πλέον
3466 2364 3573 2414 τῶν
3613 2363 4009 2432 προλαϐόντων

2428 2453 2628 2525 ἰατρῶν
2666 2453 2830 2516 αὐτὸς
2863 2453 3120 2525 δυνηθῇς.
3162 2454 3270 2505 Ka‘t
3301 2455 3329 2506 ὁ
3366 2454 3683 2506 Παντολέων
3713 2470 3725 2482 ·
3772 2454 3868 2515 Ὠς
3902 2454 4010 2520 ἐγὼ

2426 2546 2710 2616 βούλομαι,
2767 2546 2895 2616 εφη,
2935 2545 3014 2616 τῷ
3047 2527 3201 2613 ἀνδρὶ
3239 2544 3373 2615 τῷδε
3419 2543 3757 2614 χρήσασθαι,
3827 2544 4010 2604 οὐδεὶς

2423 2638 2531 2690 τῶν
2569 2637 2743 2692 ἄλλων
2788 2638 3078 2691 ἐπίσταται
3111 2637 3349 2708 ἰατρῶν·
3395 2638 3531 2691 πολὺ
3575 2639 3687 2707 γὰρ
3730 2638 3795 2689 τὸ
3838 2637 4007 2705 μέσον

2425 2736 2603 2791 αὑτῶν
2638 2753 2697 2788 τε
2742 2737 2836 2787 καὶ
2877 2735 2972 2786 τοῦ
3022 2735 3169 2804 ἡμᾶς
3211 2734 3679 2804 μαθητεύσαντος.
3730 2732 3913 2793 Δόξαν
3953 2734 4009 2785 δὲ

2422 2829 2500 2898 τῷ
2542 2828 2710 2898 πατρῖ
2736 2825 2899 2879 αὐτοῦ
2925 2827 3053 2897 περὶ
3083 2826 3437 2895 Εὕιρροσονου
3480 2826 3654 2879 ταῦτα
3685 2820 4008 2896 είρηκέναι’

2424 2920 2716 2983 Κάκεῖνον,
2750 2914 2923 2982 εἶπεν,
2953 2919 3186 2989 ἀκήκοα,
3221 2918 3437 2984 τέκνον,
3473 2919 3797 2989 ἐπιμελείας
3844 2919 4008 2986 ἀξιῶ-

2427 3029 2522 3065 σαι
2548 3013 2639 3064 τὸν
2671 3010 2840 3082 ἄνδρα
2873 3011 2966 3065 καὶ
2995 3012 3165 3083 μηδὲν
3201 3013 3360 3066 πλέον
3394 3014 3610 3084 ὀνῆσαι.
3659 3014 3720 3067 ’0
3762 3015 3821 3067 δὲ
3862 3017 4009 3068 Παν-

734 3105 874 3176 quit,
908 3118 1083 3177 pater,
1116 3117 1173 3163 et
1202 3108 1317 3179 ipsa
1345 3124 1432 3165 res
1466 3109 1747 3165 indicabit.
1778 3109 1903 3165 Haec
1928 3126 2050 3166 cum
2081 3113 2319 3179 dixisset,

2429 3104 2666 3159 τολέων’
2702 3101 3036 3175 Ἐπίμεινον,
3065 3106 3189 3176 ἔφη,
3220 3108 3415 3175 πάτερ.
3448 3107 3543 3159 καὶ
3587 3106 3721 3158 αὐτὸ
3752 3106 3925 3171 δείξει
3954 3107 4012 3159 τὸ

735 3206 792 3253 et
822 3199 949 3254 caeci
978 3200 1166 3253 oculos
1196 3200 1481 3270 tetigisset,
1523 3210 1579 3255 et
1617 3216 1870 3271 magnum
1894 3202 2099 3259 Christi
2127 3219 2324 3263 nomen

736 3298 1006 3356 vocasset,
1039 3301 1095 3347 et
1119 3292 1186 3347 ab
1210 3293 1329 3362 ipso
1352 3292 1603 3363 precibus
1626 3294 1872 3365 petiisset
1905 3296 2049 3352 illius
2086 3302 2325 3356 curatio-

739 3400 891 3450 nem,
922 3388 1106 3443 statim
1162 3374 1239 3443 illi
1294 3388 1511 3457 quidem
1570 3389 1876 3453 oculorum,
1944 3391 2084 3458 patri
2142 3401 2323 3446 autem

739 3479 905 3533 solvit
966 3479 1221 3533 tenebras
1284 3478 1598 3546 impietatis,
1661 3484 1716 3530 et
1770 3476 1949 3533 effecit
2007 3488 2065 3533 ut
2131 3490 2319 3551 aperte

739 3570 1099 3625 conﬁteretur
1141 3570 1394 3640 pietatem
1429 3585 1443 3623 :
1478 3569 1558 3623 vel
1615 3570 1797 3639 potius
1830 3586 1972 3625 caeo
2033 3572 2308 3643 duplicem

746 3661 897 3717 dedit
926 3662 1214 3717 medelam.
1250 3663 1441 3717 Carnis
1476 3664 1620 3715 enim
1676 3671 1730 3715 et
1764 3663 1957 3716 anima:
1999 3665 2320 3720 excutiebat

739 3748 936 3810 oculis,
979 3756 1036 3801 ut
1064 3746 1154 3817 qui
1186 3748 1598 3805 essetadorator
1619 3749 1908 3816 idolorum,
1941 3761 1995 3807 et
2023 3769 2117 3823 per
2142 3755 2318 3810 lucem

736 3842 846 3911 iam
905 3855 1219 3910 corpoream
1277 3850 1496 3908 apertos
1553 3842 1732 3896 cordis
1778 3843 2055 3899 habuisset
2113 3847 2320 3902 oculos.

747 3933 951 3988 Amhos
1008 3947 1157 4002 ergo,
1211 3948 1336 3985 cum
1392 3931 1772 4001 credidissent,
1827 3934 2016 3992 divino
2074 3937 2325 4009 dignatur

740 4023 1088 4096 baptismate,
1121 4031 1175 4078 et
1232 4024 1399 4081 refert
1429 4026 1486 4080 in
1539 4043 1837 4082 numerum
1900 4028 2163 4086 ﬁdelium.
2217 4029 2323 4085 Sed

744 4131 851 4173 non
882 4131 947 4172 eo
975 4132 1146 4188 usque
1175 4117 1293 4173 sisti
1338 4127 1556 4181 poterat
1620 4118 1887 4191 Eustorgii
1940 4122 2178 4178 studium
2211 4124 2326 4199 pie-

741 4214 889 4279 tatis,
941 4223 1000 4269 ut
1048 4214 1138 4284 qui
1177 4222 1320 4269 esset
1352 4222 1507 4285 pater
1561 4216 1745 4287 magni
1775 4214 2174 4275 Pantoleonis:
2228 4218 2323 4275 sed

740 4304 1083 4373 apertissime
1099 4305 1394 4361 ostendens
1422 4321 1481 4361 se
1516 4321 1758 4363 errorem
1792 4308 1995 4364 habere
2024 4309 2170 4377 odio,
2198 4326 2322 4366 cum

742 4396 1095 4453 contrivisset
1124 4397 1266 4453 idola
1312 4413 1432 4467 qua
1467 4407 1623 4454 erant
1678 4399 1735 4454 in
1768 4401 2044 4468 cubiculo,
2074 4417 2135 4457 ea
2193 4404 2325 4473 jacit

2430 3200 2684 3269 πρᾶγμα.
2723 3196 2907 3250 Ταῦτα
2941 3197 3112 3249 εἰπὼν
3134 3197 3227 3249 καὶ
3256 3199 3366 3249 τῶν
3393 3197 3692 3265 ὀφθαλμῶν
3724 3199 4011 3266 ἁψάμενος

2426 3290 2517 3343 τοῦ
2550 3289 2777 3358 τυφλοῦ,
2808 3293 2869 3341 τὸ
2905 3290 3047 3357 μέγα
3084 3306 3141 3340 τε
3175 3288 3346 3357 ὄνομα
3379 3288 3471 3340 τοῦ
3496 3288 3735 3358 Χριστοῦ
3770 3288 4011 3347 καλέσας

2436 3379 2531 3432 καὶ
2567 3379 2698 3448 παρ’
2747 3378 2913 3432 αὑτοῦ
2965 3379 3110 3432 ἴασιν
3161 3378 3557 3447 ἐπευξάμενος,
3594 3377 3761 3442 εὐθὺς
3812 3378 4011 3446 ἐκείνῳ

2428 3468 2620 3541 μὲν-το
2659 3469 2766 3522 τῶν
2805 3468 3120 3541 ὀφθαλμῶν,
3170 3469 3248 3542 τῷ
3295 3471 3462 3541 πατρὶ
3506 3469 3563 3523 δὲ
3619 3470 3681 3522 τὸ
3737 3471 3842 3539 τῆς
3889 3472 4010 3523 ἀσε-

2434 3562 2585 3627 ϐείας
2632 3562 2791 3617 ἔλυσε
2849 3565 3040 3627 σκότος
3090 3565 3183 3617 καὶ
3237 3565 3451 3635 τρανῶς
3496 3564 3789 3634 ὁμολογεῖν
3837 3582 4005 3632 παρε-

2428 3652 2693 3703 σκεύασεν
2715 3653 2813 3721 τὴν
2837 3654 3147 3719 εὐσέϐειαν,
3185 3655 3386 3724 μᾶλλον
3411 3656 3467 3708 δὲ
3493 3657 3571 3727 τῷ
3597 3658 3787 3725 τυφλῷ
3810 3658 4009 3725 διπλῆν

2427 3742 2659 3811 παρέχει
2689 3742 2787 3811 τὴν
2825 3744 2969 3797 ίασιν
2991 3760 3003 3773 ⁶
3041 3740 3109 3814 ἦν
3149 3746 3255 3815 γὰρ
3294 3748 3390 3799 καὶ
3423 3748 3626 3815 σαρκὸς
3655 3738 3889 3815 δ’μματα
3917 3752 4009 3801 καὶ

2423 3836 2602 3908 ψυχῆς
2650 3837 2999 3903 τυφλώττων,
3053 3827 3149 3891 ἅτε
3202 3839 3295 3891 καὶ¹
3345 3839 3506 3902 αὐτὸς
3548 3839 3791 3893 εἰδώλων
3838 3858 4008 3910 προσ-

2428 3925 2671 3999 κυνητὴς
2697 3926 2787 3981 ὢν.
2824 3927 2931 3980 Kal
2962 3925 3048 3981 διὰ
3079 3927 3172 3981 τοῦ
3203 3927 3519 3997 σωματικοῦ
3546 3927 3726 3997 φωτὸς
3759 3928 3855 3979 καὶ
3885 3928 4008 3987 τοὺς

2423 4023 2521 4091 τῆς
2570 4022 2797 4092 καρδίας
2850 4023 3139 4091 διανοιγεὶς
3193 4022 3505 4091 δρθαλμούς
3535 4038 3549 4052 ’
3600 4021 4007 4082 πιστεύσαντας

2427 4116 2771 4182 ἀμφοτέρους
2825 4114 2919 4167 τοῦ
2980 4115 3121 4167 θείου
3178 4114 3554 4185 βαπτίσματος
3604 4112 3753 4177 ἀξιοῖ
3807 4116 3905 4168 καὶ
3946 4118 4007 4185 τῇ

2426 4205 2536 4257 τῶν
2575 4204 2786 4257 πιστῶν
2824 4205 3002 4276 μερίδι
3032 4204 3338 4260 συντάττει.
3378 4207 3487 4259 K'al
3520 4205 3581 4257 οὐ
3620 4204 3790 4275 μέχρι
3816 4210 4007 4259 τούτου

2424 4296 2516 4350 τὸν
2563 4298 2897 4368 Εὑστόργιον
2948 4298 3144 4368 στῆσαι
3199 4299 3258 4351 τὸ
3307 4296 3628 4365 φιλευσεδὲς
3670 4290 3765 4369 ἦν,
3807 4300 4008 4351 Παντο-

2426 4391 2641 4453 λέοντός
2664 4409 2725 4461 γε
2748 4373 2877 4444 ὄντα
2899 4392 2995 4443 τοῦ
3030 4390 3269 4461 μεγάλου
3294 4396 3506 4465 πατέρα
3524 4408 3540 4426 ο
3564 4392 3707 4446 ἀλλὰ
3730 4392 4008 4463 πρόδειξιν

744 4486 800 4543 in
861 4487 1092 4557 fossam,
1147 4498 1210 4545 ut
1247 4464 1369 4561 qua:
1401 4500 1590 4547 essent
1621 4490 1890 4548 oblivione
1940 4499 1997 4549 et
2030 4464 2319 4566 profundo

2430 4484 2636 4547 ἐκεῖνος
2678 4482 2773 4536 τοῦ
2816 4484 3047 4552 μισῆσαι
3092 4482 3191 4556 τὴν
3245 4485 3457 4557 πλάνην
3503 4487 3711 4556 ἀκριϐῆ
3749 4488 4007 4556 παρέχων

741 4598 870 4645 vere
901 4583 1086 4655 digna.

809 4760 904 4817 IX.
934 4759 1088 4817 Haud
1120 4760 1191 4816 ita
1223 4774 1475 4834 magnum
1505 4761 1794 4819 intercedit
1823 4764 2076 4835 spatium,
2107 4772 2164 4821 et
2202 4780 2320 4823 mo-

739 4856 877 4910 ritur
907 4865 1061 4926 pater
1087 4852 1455 4909 Pantoleonis.
1494 4852 1722 4910 Moritur
1746 4865 1927 4910 autem
1992 4866 2167 4912 morte
2198 4873 2321 4913 cor-

738 4945 886 5015 poris
919 4959 934 5004 :
966 4961 1091 5000 nam
1122 4960 1152 5000 a
1179 4953 1355 5000 morte
1383 4946 1578 4999 anima:
1614 4946 1721 5015 jam
1755 4955 1872 5001 erat
1896 4948 2121 5002 omnino
2178 4949 2316 5003 libe—

739 5047 891 5090 ratus
918 5052 1017 5107 per
1068 5036 1228 5090 ﬁdem
1282 5045 1337 5091 et
1404 5036 1643 5092 divinum
1677 5037 2022 5107 baptismum.
2057 5039 2320 5104 Quocirca

738 5127 1035 5184 Pantaleon
1065 5143 1189 5184 cum
1247 5129 1542 5185 invenisset
1602 5140 1816 5202 tempus
1861 5147 2019 5202 Opem
2059 5133 2200 5190 ferre
2227 5150 2322 5188 vo-

740 5220 961 5286 luntati,
1018 5220 1255 5278 famulos
1293 5221 1511 5291 quidem
1546 5223 1795 5278 liberata
1843 5224 2123 5289 servitute,
2157 5236 2213 5281 et
2243 5227 2326 5281 eis

740 5311 873 5368 satis
899 5312 1047 5367 dedit
1083 5314 1366 5383 pecunia}:
1425 5313 1529 5367 alia
1565 5324 1747 5369 autem
1784 5316 2087 5371 habuerunt
2124 5333 2321 5373 manus

742 5417 1062 5472 pauperum.
1084 5403 1285 5460 Deinde
1301 5420 1397 5460 eos
1418 5406 1604 5469 etiam,
1623 5407 1717 5476 qui
1740 5419 1895 5461 erant
1914 5408 1968 5462 in
1987 5411 2315 5479 carceribus,

743 5501 799 5546 et
827 5493 919 5561 qui
953 5497 1240 5550 tormentis
1267 5495 1602 5551 vexabantur
1646 5506 1702 5552 et
1734 5498 1957 5562 morbis,
1994 5499 2324 5558 circumiens

744 5585 992 5652 curabat,
1021 5598 1076 5643 et
1101 5604 1164 5643 ea
1199 5591 1467 5660 praebens,
1504 5605 1625 5661 qua:
1664 5601 1819 5646 erant
1876 5595 2187 5649 necessaria
2216 5613 2229 5649 :
2265 5606 2320 5648 ut

747 5691 853 5730 non
917 5680 1090 5734 solum
1137 5681 1312 5736 morbi
1343 5682 1619 5737 videretur
1684 5685 1948 5747 medicus,
2003 5686 2096 5741 sed
2161 5688 2322 5742 etiam

744 5771 1020 5841 egestatis.
1081 5772 1194 5840 Qua
1254 5788 1317 5827 ex
1379 5790 1434 5829 rc
1483 5776 1737 5845 quidnam
1790 5777 2024 5835 accidit?
2062 5777 2322 5833 Univer‘sa

2424 4575 2494 4629 τὰ
2538 4576 2595 4628 ὲν
2634 4575 2709 4644 τῷ
2743 4575 2963 4627 κοιτῶνι
3012 4577 3310 4648 συντρίψας
3340 4577 3556 4642 εἴδωλα,
3587 4576 3666 4647 τῷ
3698 4576 3888 4649 βόθρῳ
3934 4577 4010 4629 61-

2422 4669 2577 4732 δωσι,
2606 4667 2674 4719 τὰ
2696 4667 2865 4737 λήθης
2894 4668 3062 4733 liv-reo;
3092 4671 3183 4723 καὶ
3210 4665 3372 4740 βυθοῦ
3398 4669 3543 4733 ἄξια.

2496 4761 2573 4815 Θ’.
2625 4762 2698 4815 Οὐ
2728 4761 2862 4814 πολὺ
2896 4762 2955 4813 τὸ
3003 4764 3061 4814 ὲν
3096 4764 3245 4833 μέσῳ
3272 4763 3367 4815 καὶ
3409 4763 3438 4816 δ
3477 4764 3573 4818 τοῦ
3606 4766 4013 4834 Παντολέοντοτς

2426 4847 2580 4917 οὗτος
2615 4857 2792 4925 πατὴρ
2825 4855 3071 4923 θνήσκει,
3102 4854 3323 4924 θνήσκει
3344 4856 3400 4909 δὲ
3434 4856 3670 4912 θάνατον
3698 4839 4015 4932 τὸνισωμαλ

2426 4946 2601 5010 τικὺν,
2634 4946 2755 4999 ἐπεὶ
2796 4945 2889 4997 τοῦ
2930 4947 3031 5013 τῆς
3062 4946 3238 5017 ψυχῆς
3265 4947 3355 4998 διὰ
3380 4948 3479 5017 τῆς
3518 4951 3765 5015 πίστεως
3796 4955 4013 5014 παντως

2429 5038 2643 5106 ἀνείθη,
2687 5038 2782 5090 καὶ
2823 5036 2915 5088 τοῦ
2964 5037 3111 5089 θείου
3145 5038 3547 5106 βαπτίσματος.
3584 5040 3760 5095 Ὅθεν
3809 5045 3835 5095 ὁ
3868 5044 4015 5097 Παν-

2437 5128 2635 5181 τολέων
2669 5128 2761 5180 τὸν
2809 5132 3001 5198 καιρὸν
3038 5126 3216 5199 εὑρὼν
3264 5130 3695 5202 συμπράττοντα
3741 5135 3823 5209 τῷ
3856 5134 4013 5202 θελή-

2436 5239 2587 5292 ματι,
2618 5220 2747 5282 τοὺς
2783 5219 2882 5287 μὲν
2922 5220 3141 5283 οἰκέτας
3175 5220 3369 5291 ἀφίησι
3401 5224 3499 5292 τῆς
3533 5223 3810 5290 δουλείας,
3855 5229 4013 5279 ἱκανᾶ

2432 5315 2695 5385 χρήματα
2745 5312 3193 5383 παρασχόμενος,
3250 5313 3419 5365 τᾶλλα
3491 5315 3550 5365 6':
3610 5319 3802 5386 χεῖρες
3869 5313 4013 5385 εἶχεν

2436 5406 2709 5475 πενήτων.
2747 5402 2879 5458 Εἶτα
2913 5405 3006 5457 καὶ
3039 5406 3164 5467 τοὺς
3198 5406 3255 5456 ἐν
3289 5404 3559 5473 φυλακαῖς
3608 5410 3706 5459 καὶ
3758 5408 4015 5478 βασανοες

2430 5498 2664 5567 περιὼν,
2710 5495 3013 5565 ἐθεράπευε
3058 5496 3128 5548 τὰ
3173 5495 3456 5565 ἐπιτήδεια
3506 5499 3896 5568 παρεχόμενος
3924 5502 4017 5550 καὶ

2431 5588 2607 5650 διδοὺς
2645 5588 2785 5657 μετὰ
2818 5588 2919 5657 τῆς
2969 5587 3182 5656 ὑγιείας
3214 5586 3306 5638 καὶ
3341 5587 3441 5657 τὴν
3484 5588 3579 5641 τοῦ
3624 5591 3702 5661 μή
3755 5592 4016 5645 πένεσθαι

2433 5679 2753 5750 θεραπείαν,
2778 5678 2854 5742 ὡς
2890 5678 3090 5749 μικροῦ
3121 5680 3302 5731 πᾶσαν
3328 5680 3428 5747 τὴν
3468 5680 3631 5732 πόλιν
3674 5685 3878 5757 ἰατροίι
3906 5686 4021 5752 ταῖς

2432 5775 2614 5837 ἄλλοις
2649 5772 2858 5854 χαίρειν
2889 5773 3165 5838 εἰπόντας,
3210 5772 3287 5841 τῷ
3324 5774 3696 5828 Παντολὲοντι
3730 5776 4016 5849 aestiva;
