4170 6322
764 361 867 424 459

2044 361 2323 422 MENSIS
2361 362 2656 425 IULIUS.

3890 366 3986 431 460

777 485 939 543 quam
966 483 1144 524 cacus
1177 465 1456 537 Evangelii
1490 483 1505 520 :
1539 465 1640 532 Tu,
1675 466 1871 537 inquit,
1907 475 1957 522 te
1982 466 2145 522 stulte
2175 468 2331 538 geris,

2442 471 2622 534 γελίου
2671 469 2868 539 τυερλδν
2917 469 3159 541 ἀτεχνῶς
3192 469 3705 542 παρρησιασάμενος
3728 488 3739 499 ·
3778 473 3849 528 Σὺ
3883 496 3990 544 μω.

764 568 855 635 qui
904 579 1000 619 eos
1040 561 1132 632 qui
1180 568 1307 615 sunt
1332 560 1457 613 caeci
1495 574 1658 614 vocas
1690 560 1906 614 datores
1935 559 2091 622 lucis.
2127 559 2327 627 quibus

763 656 1120 713 consimiliter
1167 663 1226 707 tu
1264 668 1478 722 quoque
1510 668 1687 707 caecus
1735 661 2043 721 permanes,
2075 652 2164 722 qui
2202 652 2326 705 talia

762 750 1024 821 epinaris,
1066 757 1120 801 el
1153 760 1261 800 non
1296 755 1453 814 potes
1499 744 1698 798 intueri
1735 746 1803 798 ad
1838 745 2013 799 lucem
2061 744 2322 799 veritatis.

764 846 992 911 Propter
1027 841 1139 893 haec
1175 848 1437 909 tyrannus
1477 836 1577 891 fuit
1609 838 1687 890 ira
1726 838 2006 891 incitatus.
2045 835 2325 903 Quomodo

762 936 907 991 enim
937 934 1160 987 omnino
1191 946 1369 994 aures,
1404 946 1522 1000 qum
1551 942 1936 984 emareuerunt
1966 939 2018 984 et
2060 938 2325 999 corrupta:

762 1038 894 1083 sunt
924 1024 1403 1084 assentationibus.
1441 1023 1798 1092 asperiorem,
1834 1038 1954 1091 quae
2004 1039 2065 1077 ex
2098 1024 2325 1077 veritate

762 1120 983 1178 dicitur,
1039 1115 1400 1169 sustinuerint
1455 1114 1803 1168 orationem?
1844 1113 2148 1181 Statimque
2200 1126 2323 1166 vera

763 1226 886 1267 esse
915 1208 1188 1278 judicans,
1238 1221 1359 1275 quae
1392 1206 1441 1259 ei
1475 1209 1627 1274 prius
1661 1206 1804 1259 dicte
1843 1203 2059 1259 fuerant
2089 1217 2117 1255 a
2151 1201 2322 1255 medi-

760 1304 860 1366 cis,
908 1301 1063 1372 jubet
1116 1299 1275 1352 amici
1330 1296 1530 1351 Christi
1584 1305 1749 1365 caput
1775 1294 2064 1364 amputari,
2109 1307 2321 1361 pennam

762 1393 1005 1450 veritatis
1029 1391 1076 1444 ei
1110 1398 1339 1443 mortem
1376 1388 1640 1450 inferens,
1686 1396 1740 1439 et
1766 1386 1970 1438 invitus
2000 1384 2325 1446 eﬂiciens,ut

764 1484 1021 1554 pulchras
1063 1479 1279 1536 Christo
1319 1478 1550 1533 referret
1589 1478 1815 1548 gratias,
1867 1477 1956 1545 qui
1993 1492 2114 1529 eum
2166 1490 2327 1529 cura-

764 1586 933 1639 verat,
986 1588 1185 1642 nempe
1215 1571 1641 1626 confessionem.
1686 1568 1866 1622 Bonus
1904 1577 2083 1621 autem
2125 1565 2323 1621 Panto-

761 1671 881 1723 leon
914 1682 981 1720 ne
1020 1667 1099 1719 sic
1134 1664 1349 1733 quidem
1382 1663 1621 1732 neglexit
1652 1676 1713 1715 ea
1768 1659 1968 1721 facere,
2016 1675 2135 1726 qua:
2193 1667 2324 1711 tem-

760 1758 878 1830 pori
915 1766 969 1812 et
992 1757 1155 1810 rebus
1184 1753 1612 1814 conveniebant;
1645 1750 1736 1805 sed
1769 1766 1890 1804 eum
1924 1749 2174 1819 martyris
2200 1763 2321 1802 cor-

2440 567 2664 637 ραίνεις,
2703 565 2831 635 ἐστι,
2874 564 3050 633 φωτὸς
3085 564 3336 634 δωτῆρας
3363 566 3489 626 τοὺς
3519 567 3755 635 τυφλοὺς
3789 568 3991 640 ὀνομά-

2430 658 2557 723 ζων,
2585 652 2665 721 οἷς
2697 659 2790 710 καὶ
2823 659 2985 722 αὐτὸς
3030 660 3232 728 ὁμοίως
3280 658 3613 726 τυφλώττων
3641 657 3711 726 εἴ,
3762 663 3987 717 τοιαῦτα

2429 748 2664 827 δοξάζων
2695 751 2788 802 καὶ
2828 749 2965 818 πρὸς
2993 750 3051 802 τδ
3088 750 3202 818 φῶς
3230 751 3329 817 τῆς
3364 750 3626 819 ἀληθείας
3668 754 3884 807 ἀπιδεῖν
3919 756 3987 824 μὴ

2428 840 2750 909 δυνάμενος.
2788 839 2979 906 Θυμὺς
3028 841 3123 891 ἐπὶ
3148 839 3358 902 τούτοις
3399 837 3513 909 εἶχε
3553 841 3643 894 τὸν
3686 841 3950 912 τύραννον
3974 883 3987 898 .

2430 930 2538 986 Ποῦ
2573 931 2682 1000 γάρ
2727 930 2847 991 ὅλος
2880 930 3195 993 κολακείαις
3245 931 3551 1000 ὕπόσαθρος
3600 932 3694 984 καὶ
3740 932 3991 1004 διεφθαρ-

2429 1023 2562 1092 μένη
2616 1022 2763 1092 ψυχὴ
2804 1022 2986 1089 λόγων
3035 1021 3126 1074 ὑπ’
3158 1023 3417 1090 ἀληθείας
3476 1023 3825 1095 δριμυτέρων
3858 1026 3987 1079 ἀνά-

2427 1131 2637 1185 σχοιντο
2669 1115 2734 1168 ἂν
2766 1132 2778 1181 ;
2813 1116 2907 1168 καὶ
2940 1116 3142 1175 εὐθέως
3177 1116 3383 1183 ἀψευδῆ
3415 1118 3606 1186 κρίνας
3643 1118 3710 1169 τά
3747 1117 3853 1170 uno
3888 1118 3991 1171 τῶν

2434 1207 2636 1275 ἰατρῶν
2692 1209 2918 1261 ἐκείνων
2976 1207 3259 1277 λεχθέντα,
3316 1207 3527 1261 κελεύει
3585 1210 3691 1278 τὴν
3750 1211 3992 1279 κεςταλὴν

2427 1300 2731 1368 ἐκκοπῆναι
2796 1300 2889 1352 τοῦ
2944 1300 3320 1370 φιλοχρίστου,
3378 1300 3653 1368 ἐπιτίμιον
3702 1302 3854 1370 αὐτῷ
3898 1304 3993 1371 τῆς

2426 1391 2681 1458 ἀληθείας
2729 1391 3043 1458 ὲπ;νεγκὼν
3089 1393 3182 1444 τὸν
3214 1393 3446 1445 θάνατον
3493 1393 3589 1445 καὶ
3618 1392 3771 1445 ἄκων
3815 1409 3996 1462 παρα-

2428 1484 2719 1547 σκευάσας,
2774 1483 2946 1544 καλὰς
2992 1484 3159 1535 αὑτὸν
3187 1482 3489 1537 ἀποδοῦναι
3534 1485 3769 1555 χάριτας
3795 1486 3875 1554 τῷ
3907 1501 3995 1536 τε-

2427 1576 2785 1644 θεραπευκότι
2848 1576 3068 1644 Χριστῷ
3122 1576 3221 1643 τὴν
3286 1577 3615 1647 μαρτυρίαν.
3683 1580 3741 1632 Ὀ
3809 1581 3995 1648 μέντοι

2428 1668 2743 1722 ΙῙαντολέων
2788 1668 2910 1720 οὐδὲ
2943 1666 3117 1728 οὓτως
3163 1664 3357 1739 ὴμὲλει
3407 1670 3585 1721 ταῦτα
3644 1674 3995 1740 προσήκοντα

2428 1759 2505 1829 τῷ
2538 1760 2709 1830 καιρῷ
2738 1759 2833 1812 καὶ
2866 1762 2973 1822 τοῖς
3008 1761 3301 1830 πράγμασι
3337 1764 3510 1813 ποιεῖν
3540 1778 3554 1792 ·
3606 1761 3741 1816 ἀλλὰ
3775 1764 3994 1835 χρεῖμᾶ-

762 1866 863 1920 pus
904 1850 1128 1903 emisset
1167 1847 1234 1899 ab
1271 1846 1336 1898 iis
1366 1844 1456 1913 qui
1495 1843 1876 1906 interfuerant,
1926 1841 1977 1895 id
2012 1857 2134 1895 cum
2174 1852 2322 1909 patre

2431 1871 2534 1907 των
2576 1855 2914 1923 ὀνησάμενος
2948 1856 3100 1924 παρὰ
3147 1854 3257 1905 τῶν
3288 1854 3592 1906 ἀνελόντων
3620 1855 3681 1907 τὸ
3714 1858 3879 1923 σῶμα
3904 1859 3997 1909 τοῦ

762 1959 862 1999 suo
895 1942 1109 2011 sepelit,
1150 1949 1204 1994 ut
1236 1938 1327 2008 qui
1374 1955 1470 2008 per
1501 1954 1652 1991 suam
1683 1937 1737 1990 in
1784 1937 2061 1991 Christum
2108 1934 2325 1990 confes-

759 2038 992 2099 sionem,
1036 2048 1160 2088 eum
1192 2032 1294 2086 sibi
1348 2031 1629 2099 proprium
1672 2044 1795 2083 esse
1840 2029 2106 2088 duxisset,
2138 2036 2193 2081 et
2235 2042 2328 2079 co—

760 2127 1020 2200 gnatione
1069 2122 1350 2193 sanguinis
1386 2136 1514 2176 eum
1562 2128 1869 2190 reputasset
1903 2119 2060 2190 longe
2096 2119 2325 2189 conjun-

763 2221 1013 2276 ctiorem.

831 2330 947 2384 XII.
983 2326 1188 2382 Deinde
1221 2324 1517 2392 imperator
1549 2320 1615 2375 ad
1654 2335 1711 2374 se
1751 2320 2003 2374 accersiit
2034 2315 2325 2374 Pantaleo-

766 2439 913 2478 nem.
960 2421 1051 2475 llle
1106 2433 1237 2473 vero
1282 2432 1405 2472 cum
1452 2416 1839 2478 abduceretur,
1882 2411 2051 2466 labris
2092 2412 2326 2466 canebat

765 2517 1032 2586 psalmutn
1082 2511 1315 2580 tempori
1364 2508 1835 2563 convenientem:
1886 2503 2047 2569 Deus,
2114 2504 2324 2566 dicens,

763 2610 971 2663 laudem
1021 2605 1192 2658 meant
1227 2615 1289 2654 ne
1338 2599 1564 2653 tacueris
1606 2611 1624 2650 :
1658 2597 1906 2666 quoniam
1952 2612 2008 2649 os
2039 2595 2325 2663 peccatoris

762 2712 811 2755 et
842 2699 1009 2753 dolosi
1046 2699 1101 2750 in
1140 2710 1220 2748 me
1264 2705 1508 2761 apertum
1541 2700 1636 2745 est.
1674 2689 1853 2743 Locuti
1884 2697 2004 2742 sunt
2045 2693 2324 2742 adversum

761 2810 844 2847 me
874 2791 1055 2860 lingua
1089 2788 1292 2850 dolosa,
1330 2796 1375 2839 et
1404 2784 1573 2838 verbis
1601 2783 1705 2835 odii
1734 2784 2187 2834 circumdederunt
2222 2795 2321 2840 nte,

762 2894 810 2936 et
858 2886 1295 2951 oppugnaverunt
1332 2890 1411 2927 me
1451 2873 1637 2942 gratis.
1684 2871 1793 2925 Pro
1833 2887 1891 2923 eo
1936 2879 1991 2923 ut
2026 2887 2103 2923 me
2130 2870 2322 2939 dilige—

763 2980 897 3036 rent,
934 2966 1398 3023 calumniabantur
1433 2978 1450 3017 .'
1480 2979 1571 3031 ego
1605 2972 1777 3014 autem
1820 2962 2057 3014 orabam.
2093 2960 2161 3013 Et
2201 2962 2322 3014 red-

768 3065 1015 3117 diderunt
1078 3058 1204 3111 mihi
1269 3055 1413 3109 mala
1484 3071 1577 3120 pro
1648 3055 1814 3118 bonis,
1871 3064 1918 3106 et
1978 3055 2153 3107 odium
2227 3070 2322 3120 pro

2431 1946 2728 2015 μάρτυρος,
2758 1945 2833 2014 τῷ
2870 1948 3039 2017 πατρὶ
3069 1948 3362 2001 συνθάπτει
3393 1948 3466 2017 τῷ
3497 1948 3712 2011 ἑαυτοῦ,
3744 1948 3998 2017 καθάπερ

2427 2039 2515 2092 διά
2537 2041 2633 2107 τῆς
2664 2042 2741 2102 εἰς
2768 2041 3000 2111 Χριστὸν
3024 2041 3316 2108 ὁμολογίας
3346 2044 3505 2094 αὑτὸν
3530 2041 3959 2111 ἑξιδιωσάμενος
3979 2055 3995 2070 ⁸

2428 2133 2518 2183 καὶ
2546 2132 2722 2201 πολλῷ
2753 2134 2848 2201 τῆς
2880 2133 2943 2185 δι’
2966 2133 3193 2201 αἵματος
3225 2137 3547 2201 συγγενείας
3576 2134 3769 2188 τοῦτον
3801 2134 4001 2186 οἰκειόο

2427 2238 2586 2292 τερον
2616 2225 2691 2293 τῷ
2723 2225 2899 2292 ἑαυτῴ
2929 2224 3309 2292 λογισάμενος.

2499 2312 2599 2367 IB'.
2637 2312 2766 2367 Εἶτα
2798 2318 2824 2367 ὁ
2852 2314 3225 2383 βασιλεὺς-τὸν
3251 2313 3623 2369 Πανταλέοντα
3650 2318 3837 2372 ἐκάλει
3866 2319 4004 2389 πρὸς

2430 2406 2644 2470 ἑαυτὸν,
2685 2408 2776 2460 καὶ
2828 2407 2885 2470 ὃς
2919 2408 3270 2476 ἀπαγόμενος
3320 2410 3522 2460 οἰκεῖον
3554 2409 3628 2477 τῷ
3662 2411 3845 2479 καιρῷ
3893 2414 4003 2472 τοῖς

2426 2498 2632 2569 χείλεσι
2660 2500 2874 2570 ψαλμὸν
2908 2497 3068 2576 ᾖδεν·
3119 2501 3181 2554 '0
3230 2500 3396 2567 Θεὸς,
3428 2500 3542 2568 τὴν
3579 2502 3824 2555 αῖνεσίν
3860 2519 4003 2568 μου,

2425 2591 2597 2660 λέγων
2623 2633 2633 2654 ,
2672 2594 2756 2662 μὴ
2781 2594 3280 2665 «apag-uomicae,
3313 2594 3402 2647 ὅτι
3422 2596 3617 2662 στόμα
3644 2594 4004 2662 ἁμαρτωλοῦ

2426 2686 2523 2738 καὶ
2572 2688 2765 2753 στόμα
2812 2686 3024 2739 δολίου
3067 2687 3157 2738 ἐπ’
3195 2689 3299 2755 ἐμὲ
3335 2688 3623 2756 ἠνοίχθη·
3681 2689 4007 2753 ἐλάλησαν·

2427 2778 2555 2828 κατ’
2615 2776 2761 2843 ἐμοῦ
2821 2778 3072 2845 γλώσσῃ
3128 2777 3330 2843 δολίῃ,
3394 2781 3491 2831 καὶ
3529 2779 3733 2847 λόγοις
3784 2784 4005 2847 μίσους

2424 2869 2778 2922 ἐκύχλιυσάν
2812 2886 2907 2936 με.
2928 2870 3023 2921 καὶ
3066 2868 3453 2935 ἐπολέμησάν
3489 2885 3562 2935 με
3585 2868 3837 2935 δωρεὰν,
3870 2871 4006 2923 ἀντὶ

2426 2958 2530 3011 τοῦ
2560 2957 2801 3025 ἀγαπᾷν
2833 2974 2929 3026 με,
2972 2956 3364 3011 ἐ-νδιέίῗαλλόν
3407 2975 3511 3025 με,
3559 2958 3674 3028 ἐγὼ
3714 2959 3787 3013 δὲ
3810 2974 4006 3028 προσ-

2423 3052 2721 3120 ηιιχόμην.
2757 3052 2852 3103 καί
2895 3052 3100 3103 ἔθεντο
3136 3051 3265 3104 κατ’
3313 3050 3457 3119 ἐμοῦ
3494 3051 3648 3104 κακὰ
3688 3051 3825 3105 ἀντί
3859 3054 4005 3120 dra—

765 3153 1040 3207 dilectione
1071 3166 1207 3203 mea.
1259 3145 1364 3202 Sed
1410 3146 1490 3213 fer
1520 3146 1647 3198 mihi
1691 3161 1863 3210 opem,
1915 3144 2132 3195 Domine
2184 3141 2321 3197 Deus

2431 3142 2545 3196 θῶν
2575 3143 2668 3196 καὶ
2713 3145 2888 3211 ⁴(τίσι-ς
2929 3143 3061 3196 ἀντὶ
3101 3143 3206 3211 τῆς
3255 3144 3612 3212 ἁγαπήσεώς
3640 3160 3803 3213 μου·
3843 3146 4009 3200 ἀλλὰ

767 3259 931 3303 meus,
973 3253 1020 3294 et
1059 3240 1264 3293 saluum
1300 3253 1382 3289 me
1416 3237 1501 3305 {ac
1528 3236 1813 3288 secundum
1846 3244 1991 3287 luant
2026 3234 2321 3287 miscricor-

765 3336 933 3388 diam.
958 3330 1280 3390 Indaantur,
1324 3328 1412 3388 qui
1442 3341 1521 3379 me
1546 3324 1967 3389 calumniantur,
2000 3328 2320 3395 confusione,

763 3435 813 3479 et
862 3424 1212 3486 amiciuntur,
1264 3432 1521 3487 tanquam
1560 3418 1809 3487 diplaide,
1853 3418 2143 3486 ignominia
2176 3433 2269 3469 sua
2305 3433 2322 3469 :

768 3532 950 3571 servus
1008 3523 1189 3566 autem
1238 3523 1359 3564 tuus
1400 3510 1669 3562 lwtabitur
1717 3510 1773 3560 in
1822 3512 1870 3562 te
1919 3508 1958 3562 ³.
1998 3508 2133 3562 Cum
2173 3507 2324 3562 ﬁnita

765 3617 946 3663 autem
983 3615 1126 3661 esset
1158 3603 1278 3672 ejus
1313 3603 1575 3674 precatio,
1613 3602 1768 3656 stetit
1796 3615 1979 3656 coram
2030 3615 2175 3670 rege,
2210 3610 2322 3663 aut,

766 3710 827 3754 ut
872 3698 1074 3753 melius
1106 3698 1307 3761 dicam,
1354 3710 1461 3748 non
1497 3709 1681 3747 coram
1726 3694 1839 3755 illo,
1881 3692 1977 3747 sed
2013 3707 2194 3748 coram
2227 3692 2325 3746 int-

767 3791 1011 3851 mortali,
1065 3796 1120 3841 et
1172 3802 1238 3841 eo
1294 3786 1381 3856 qui
1436 3795 1519 3840 est
1574 3784 1630 3838 in
1700 3794 1990 3839 aeternum.
2035 3784 2228 3841 Coram
2261 3801 2328 3840 eo

766 3881 911 3935 enim
947 3892 1074 3933 vere
1112 3880 1314 3937 stabat,
1347 3884 1403 3927 et
1435 3880 1617 3926 mente
1649 3869 2204 3925 convcrsabatur.Cui
2236 3870 2327 3924 ille

768 3970 1007 4041 primum
1055 3963 1262 4035 placide
1311 3970 1367 4018 et
1421 3960 1702 4030 benigne:
1757 3958 1874 4013 Non
1919 3957 2060 4014 bona
2094 3966 2239 4020 sunt,
2296 3972 2329 4014 ο

768 4060 1091 4122 Pantaleon,
1131 4071 1195 4111 ea
1240 4070 1360 4125 quae
1390 4058 1453 4109 de
1486 4063 1538 4108 te
1568 4053 1893 4117 audivimus,
1928 4068 1956 4105 a
1994 4060 2044 4105 te
2074 4066 2327 4124 magnum

767 4155 985 4227 quidem
1036 4164 1153 4207 esse
1196 4148 1529 4218 contemptui
1573 4146 1813 4200 habitum
1851 4143 2244 4212 IEsculapium,
2276 4153 2330 4197 et

766 4249 924 4309 alios.
967 4244 1058 4314 qui
1100 4252 1230 4298 sunt
1276 4241 1414 4309 apud
1448 4250 1521 4303 te,
1570 4238 1702 4293 deos
1752 4255 1765 4291 :
1817 4238 1871 4292 in
1923 4238 2072 4291 illum
2147 4245 2328 4290 autem

766 4339 1070 4399 Christum,
1104 4332 1194 4401 qui
1225 4330 1364 4385 male
1399 4330 1580 4400 periit,
1617 4338 1669 4385 te
1704 4338 1848 4383 tuam
1880 4344 2029 4396 spem
2060 4330 2324 4398 posuisse,

765 4437 821 4482 et
867 4440 990 4480 eum
1047 4423 1223 4478 solum
1277 4420 1444 4475 Deum
1498 4420 1801 4474 nominare.
1851 4421 2171 4488 Quanquam
2217 4435 2324 4473 non

767 4520 984 4590 ignoras
1032 4515 1277 4573 omnino.
1322 4529 1484 4581 quam
1517 4526 1614 4580 ego
1646 4523 1697 4566 te
1740 4512 1991 4582 benignis
2023 4512 2327 4580 aspexerim

769 4610 965 4668 oculis,
1017 4614 1072 4660 et
1119 4603 1601 4674 quemadmodum,
1649 4617 1769 4655 cum
1821 4617 1920 4673 ego
1970 4613 2019 4656 te
2063 4605 2117 4656 in
2152 4618 2327 4657 meant

767 4700 1119 4756 adscivissem
1153 4697 1435 4758 familiam,
1485 4696 1801 4765 prmceptori
1849 4706 1940 4750 tuo
1971 4695 2332 4766 Euphrosyno

770 4792 1061 4862 diligenter
1098 4788 1491 4853 mandaverint,
1526 4797 1582 4839 ut
1612 4794 1666 4841 te
1698 4787 2097 4855 quamprimum
2133 4786 2333 4841 faceret

767 4884 824 4936 in
882 4880 1154 4936 medicina
1201 4879 1738 4949 prmstantissimurn,
1791 4887 1850 4933 ut
1900 4878 2031 4931 mihi
2080 4894 2142 4932 ea
2186 4880 2236 4932 in
2274 4894 2331 4932 re

772 4988 961 5046 posses
988 4987 1111 5027 esse
1145 4972 1281 5025 usui.
1320 4969 1397 5023 'l‘u
1430 4968 1793 5025 autern...Sed
1827 4971 2052 5024 omnino
2081 4972 2334 5026 homines

772 5067 940 5122 multa
998 5064 1131 5119 falsa
1181 5063 1418 5117 dixerint
1472 5071 1527 5116 et
1562 5063 1768 5121 inania.
1829 5062 1896 5117 Et
1957 5064 2081 5119 ideo
2141 5073 2193 5119 te
2252 5082 2334 5120 ac.

770 5157 990 5222 cet-sivi,
1047 5165 1105 5211 ut
1137 5156 1224 5210 illa
1259 5170 1379 5224 quae
1408 5170 1438 5209 a
1498 5170 1580 5211 me
1630 5165 1756 5210 sunt
1790 5156 1994 5221 audita,
2040 5168 2336 5230 arguantur

770 5267 891 5307 esse
910 5266 1065 5313 vana,
1082 5261 1133 5303 et
1149 5250 1449 5305 invidorum
1461 5251 1658 5319 alioqui
1679 5250 1960 5305 hominum
1977 5254 2332 5307 calumniam:

769 5352 825 5393 et
859 5339 1107 5392 maximis
1134 5338 1257 5404 diis,
1280 5347 1335 5391 ut
1366 5353 1462 5408 par
1488 5340 1803 5403 est,oll‘eras
1819 5343 2167 5397 sacrificium.

842 5428 1063 5484 Xlll.Ad
1104 5430 1219 5484 hcec
1266 5429 1562 5485 Pan-lolcon
1595 5450 1609 5487 :
1639 5431 1824 5500 Facta,
1858 5433 2057 5504 inquit,
2096 5451 2129 5491 ο
2158 5437 2333 5508 impe-

770 5532 941 5586 rator,
985 5531 1111 5575 sunt
1152 5523 1333 5577 verbis
1372 5524 1544 5595 magis
1593 5526 1872 5580 credibilia
1923 5536 1980 5581 et
2023 5526 2334 5596 fortiora,et

772 5624 897 5671 ante
938 5629 1131 5671 omnes
1181 5614 1399 5686 quidem
1444 5632 1533 5671 res
1578 5617 1715 5672 alias
1761 5618 2069 5688 pracedere
2114 5632 2329 5691 oportet

773 5771 796 5807 ³
820 5772 955 5827 Psal.
988 5786 1133 5838 erm,
1164 5772 1274 5839 1-5,
1306 5772 1390 5841 26,
1434 5772 1525 5839 28,
1546 5774 1637 5832 29.

2419 3233 2736 3302 ,βοήθησόν
2763 3253 2891 3303 μοι,
2927 3238 3098 3303 Κύριε
3133 3241 3165 3290 ό
3206 3238 3350 3301 Θεός
3394 3254 3533 3299 μου,
3556 3238 3652 3290 καὶ
3688 3236 3907 3291 σῶσόν
3936 3254 4007 3305 με

2425 3324 2575 3378 κατὰ
2623 3328 2686 3377 τὸ
2742 3326 2911 3389 ἔλεός
2945 3343 3062 3378 ιὀυ
3084 3342 3097 3355 ο
3153 3326 3637 3381 ἑνδυσάσθωσαν
3674 3332 3730 3382 οι
3765 3328 4004 3383 διαΰὰλ·

2425 3416 2637 3479 λοντές
2687 3431 2762 3483 με
2808 3415 3129 3482 ἐντροπὴν,
3181 3417 3279 3468 καὶ
3333 3418 3877 3481 περιϐαλέσθωσαν
3925 3420 4005 3485 ὡς

2426 3505 2702 3561 διπλοΐδα
2756 3508 3059 3574 αἰσχύνην
3114 3506 3349 3561 αὐτῶν·
3402 3511 3436 3560 ὀ
3486 3507 3553 3559 δὲ
3604 3507 3835 3576 δοῦλός
3884 3528 4002 3564 σοι»

2425 3600 2904 3666 εὐφρανθήσεται
2952 3599 3053 3651 ἐπὶ
3111 3601 3235 3657 σοί.
3290 3600 3401 3654 Καὶ
3454 3600 3553 3668 τῆς
3613 3602 3786 3670 εὐχῆς
3854 3602 4006 3670 αὐτῷ

2427 3686 2687 3758 ληξάσης,
2726 3689 2969 3757 εἱστήκει
3009 3689 3101 3743 τοῦ
3135 3690 3404 3760 βασιλέως
3427 3692 3688 3758 ἐνώπιον,
3726 3692 3761 3763 ἢ
3802 3694 4007 3763 μᾶλλον

2428 3783 2624 3847 εἰπεῖν,
2653 3782 2754 3834 οὐκ
2779 3784 3013 3846 ἐκείνου,
3044 3783 3137 3836 τοῦ
3165 3784 3436 3839 ἀθανάτου
3464 3784 3519 3838 δὲ
3542 3786 3637 3839 καὶ
3670 3786 4010 3849 διαιωνίζονο

2429 3887 2543 3934 τος.
2579 3873 2738 3941 Αὐτῷ
2772 3876 2880 3941 γάρ
2912 3871 2979 3942 ἦν
3016 3876 3426 3944 παριστάμενος
3456 3879 3680 3948 ἀληθῶς
3710 3882 3857 3933 κατὰ
3884 3882 4007 3935 νοῦν

2430 3965 2479 4017 ot
2515 3965 2926 4049 συγγινόμενος,
2965 3965 3024 4019 ὃν
3054 3968 3262 4031 ἐκεῖνος
3302 3969 3527 4039 ὁμαλῶς
3564 3972 3632 4024 τά
3671 3973 3872 4041 πρῶτα
3915 3978 4011 4030 καὶ

2432 4056 2552 4111 λίαν
2590 4057 2789 4127 ἠπίως·
2821 4060 2933 4113 Οὐκ
2958 4058 3161 4126 ἀγαθά,
3194 4060 3401 4130 ἔλεγεν,
3447 4056 3493 4116 ὧ
3524 4063 3852 4140 Παντόλεον,
3883 4068 3917 4119 ἃ
3945 4068 4010 4135 δὴ

2432 4152 2561 4218 περ).
2589 4149 2683 4203 σοῦ
2727 4151 3070 4222 ἀκηκόαμεν,
3111 4154 3187 4216 ὡς
3219 4155 3527 4223 ἠμελῆσθαι
3571 4156 3672 4224 μὶν
3705 4157 3803 4211 τὸν
3834 4159 4011 4228 μέγαν

2446 4238 2773 4307 Ἀσκληπιὸν
2812 4244 2907 4292 καὶ
2943 4242 3069 4300 τοὺς
3116 4240 3308 4302 ἄλλους
3361 4243 3514 4312 παρὰ
3557 4248 3643 4295 σοὶ
3690 4246 3878 4309 θεοὺς,
3916 4251 4011 4301 ὲπί

2434 4328 2671 4401 Χριστὸν
2695 4330 2751 4381 δὲ
2785 4332 2989 4382 ἐκεῖνον
3016 4330 3106 4382 τὸν
3130 4332 3452 4388 ἀπολωλότα
3482 4334 3669 4397 κακῶς
3695 4338 3799 4391 ἀνα
3811 4342 4013 4409 ρτῆσαί

2437 4437 2496 4473 σε
2523 4422 2619 4483 τάς
2644 4421 2865 4485 ἐλπίδας
2894 4422 2986 4475 καὶ
3012 4422 3200 4477 τοῦτον
3227 4427 3387 4495 μόνον
3404 4427 3691 4496 ὀνομάζειν
3710 4431 3872 4498 Θεὸν,
3891 4433 3986 4487 καί
4010 4459 4019 4469 -

2437 4531 2583 4581 τοιγε
2616 4514 2715 4568 οὐκ
2742 4515 3016 4587 ἠγνόησας
3043 4517 3111 4569 τὰ
3138 4518 3247 4587 ἐμά
3271 4519 3606 4580 πάντως,καὶ
3620 4515 3731 4573 οἷον
3757 4525 4013 4593 εὐμενῶς

2439 4610 2623 4679 ἑώρων
2655 4610 2789 4679 πρὸς
2822 4611 2879 4661 σε
2925 4610 3018 4662 καὶ
3077 4611 3224 4673 ὅπως
3252 4610 3684 4682 ἑξοικειούμενός
3718 4631 3782 4668 σε
3841 4618 4017 4672 πολλά

2438 4699 2513 4769 τῷ
2553 4700 2859 4770 διδασκάλῳ
2911 4718 3005 4754 σου
3038 4702 3372 4775 Εὐφροσύνῳ
3419 4707 3749 4776 ἐπήγγειλα,
3788 4712 4023 4779 ἄριστόν

2440 4806 2496 4842 σε
2534 4791 2630 4858 τὴν
2682 4792 2932 4864 ἰατρικὴν
2980 4795 3055 4857 ὼς
3103 4795 3333 4864 τάχιστα
3366 4798 3675 4862 ἀποδεῖξαι,
3716 4800 3869 4855 ὥστε
3928 4823 4024 4874 μοι

2438 4882 2507 4932 τὰ
2552 4883 2685 4953 πρὸς
2717 4885 2888 4955 τούτῳ
2923 4885 3221 4956 εὒχρηστον
3252 4884 3413 4943 εἶναι.
3448 4889 3518 4942 Σὺ
3550 4890 3626 4954 δὲ,
3662 4892 3810 4948 ἀλλὰ
3844 4898 4025 4951 πολλά

2440 4973 2657 5036 πάντως
2690 4973 2895 5027 εἴποιεν
2928 4975 3205 5045 ἄνθρωποι
3238 4977 3450 5045 ψευδῶς
3474 4981 3566 5030 καὶ
3600 4983 3883 5049 ματαίως,
3921 4990 4025 5041 καὶ

2439 5066 2525 5117 διά
2553 5066 2711 5119 τοῦτό
2744 5084 2803 5120 σε
2839 5071 3282 5140 προσκέκλημαι,
3318 5069 3459 5125 ὥστε
3493 5075 3727 5129 κάκεῖνα
3764 5078 3913 5150 ἅπερ
3952 5084 4022 5149 δὴ

2440 5162 2536 5213 καὶ
2576 5163 2821 5232 ἠκούσθη
2858 5182 2969 5234 μοι,
3006 5166 3137 5218 κενὰ
3169 5166 3339 5236 δήπου
3386 5168 3481 5219 καὶ
3511 5165 3810 5235 βασκάνων
3842 5172 4027 5239 ἄλλως

2438 5254 2796 5321 συκοφαντίαν
2845 5256 3250 5327 ἀπελεγχθῆναι
3298 5259 3391 5311 καὶ
3445 5260 3504 5313 σὲ
3558 5264 3676 5324 τοῖς
3725 5265 4029 5332 μεγίστοις

2441 5345 2602 5411 θεοῖς,
2629 5346 2704 5409 ὼς
2733 5347 2999 5417 προσῆκε,
3033 5347 3225 5401 θυσίαν
3256 5352 3671 5419 προσενεγκεῖν.

2514 5439 2611 5492 ll".
2676 5437 2817 5509 Πρὸς
2870 5440 3045 5494 ταῦτα
3094 5444 3121 5495 ὁ
3173 5444 3528 5498 Παντολέων·
3566 5447 3753 5519 Ἔργα
3816 5453 4030 5523 λόγων,

2446 5528 2688 5599 βασιλεῦ,
2740 5532 2866 5602 ἔφη,
2899 5535 3198 5606 πιστότερά
3253 5552 3312 5589 τε
3346 5538 3437 5590 καὶ
3511 5541 3889 5617 ἰσχυρότερα,
3934 5552 4035 5602 καὶ

2440 5623 2655 5677 πάντων
2682 5624 2780 5694 μὲν
2820 5625 2913 5679 καὶ⁵
2941 5625 3049 5681 τῶν
3074 5627 3251 5683 ἄλλων
3278 5632 3629 5701 πραγμάτων
3661 5639 3854 5693 πίστιν
3889 5658 4037 5714 προ-
