4170 6322
209 366 300 434 461

1344 369 1515 429 νιτΑ
1553 368 1615 428 S.
1654 363 2307 428 PANTELEEMONIS.

3333 368 3438 432 462

208 480 451 555 ηγεῖσθαι
495 483 577 536 δεῖ
648 483 741 537 καὶ
772 483 1054 554 ἀλήθειαν.
1122 483 1186 536 Ἦ
1207 481 1264 536 δὲ
1315 483 1445 551 περὶ
1495 482 1556 534 τὸ
1611 481 1765 534 Θεῖον

1877 481 2032 536 fidem
2082 491 2137 536 et
2188 482 2500 537 veritatem.
2554 480 2611 535 ltt
2648 483 2820 538 Deunt
2859 492 3041 538 autem
3088 482 3291 554 pietas,
3328 499 3436 555 quo

208 577 455 632 εὐσέϐεια
478 580 602 631 ὅσον
625 577 956 648 ὑψηλοτέρα,
982 575 1242 629 τοσοῦτον
1266 573 1376 644 ἄρα
1398 576 1492 628 καὶ
1524 575 1769 638 πλείονος

208 670 425 742 δεομένη
456 672 555 741 τῆς
583 670 890 741 ἀκριϐείας.
938 671 995 722 '0
1021 671 1117 739 μὲν
1146 663 1239 723 οὖν
1270 668 1401 739 παρ’
1434 669 1570 739 ἐμοῦ
1604 686 1769 739 προσ-

206 781 529 834 κυνουμενος
568 764 798 833 οὐρανὸν
833 765 1080 832 ἐποίησε,
1102 763 1206 829 γῆν
1238 762 1536 832 ὑπέστησε,
1559 766 1771 832 νεκροῖς

205 860 519 921 ἀνάστασιν,
566 858 791 925 τυφλοῖς
838 856 1156 923 ἀνάϐλεψιν,
1199 855 1423 925 λεπροῖς
1477 856 1767 925 κάθαρσιν,

206 951 557 1019 παρειμένοις
621 948 924 1018 ἀνόρθωσιν
954 946 1225 1016 θελήματι
1288 946 1435 1016 μόνῳ
1489 948 1583 999 καὶ
1631 946 1770 1015 λόγῳ

206 1042 465 1111 παρέσχε.
498 1040 621 1092 Θεοὶ
652 1040 708 1092 δὲ
739 1042 787 1091 οἱ
817 1040 948 1108 παρ’
982 1038 1137 1107 ὑμῶν
1162 1032 1453 1105 λεγόμενοι
1484 1040 1578 1090 καὶ
1613 1038 1769 1091 σεϐό-

208 1149 358 1203 μενοι
388 1134 485 1185 οὐκ
517 1129 634 1185 οἶδα
686 1133 739 1182 εἴ
772 1147 825 1183 τι
868 1130 1111 1184 τοιοῦτον
1143 1125 1176 1201 ἢ
1215 1133 1545 1201 εἰργάσαντο
1572 1127 1603 1200 ἢ
1636 1132 1771 1194 ὅλως

203 1225 312 1277 εἰσὶ
375 1225 592 1276 δυνατοὶ
654 1222 1020 1291 ἐργάσασθαι.
1076 1224 1137 1275 Ei
1196 1222 1254 1275 δὲ
1307 1223 1504 1292 βούλει,
1549 1223 1641 1273 κάι
1674 1220 1769 1273 νῦν

203 1316 384 1378 αὐτοῖς
415 1316 726 1385 πράγμασι,
772 1313 1019 1382 βασιλεῦ,
1056 1314 1154 1384 τὴν
1184 1312 1415 1383 βάσανον
1447 1313 1646 1382 δῶμεν,
1681 1310 1771 1365 καὶ

202 1403 525 1477 παρελθέτω
561 1423 642 1468 τις
683 1405 918 1457 ἐνταῦθα
963 1407 1071 1457 τῶν
1106 1405 1300 1458 ἀνίατα
1346 1403 1646 1458 νοσούντων
1680 1406 1771 1458 καὶ

200 1493 278 1552 ὧν
323 1499 637 1569 ἀνθρωπίνη
715 1501 881 1569 τέχνη
930 1503 1025 1551 καὶ
1097 1501 1218 1569 χεὶρ
1279 1496 1619 1565 ἀπαγορεύει
1671 1497 1771 1566 τὴν

200 1592 970 1663 θεραπείαν.Παριλθέτωσαν
995 1583 1049 1643 δὲ
1079 1594 1169 1642 καὶ
1193 1592 1240 1642 οἱ
1270 1594 1399 1661 παρ’
1426 1589 1555 1660 ὑμῖν
1583 1591 1766 1661 ἱερεῖς.

199 1681 334 1738 Εἶτα
364 1686 687 1754 ἐπικλητέον
721 1686 953 1746 ἐκείνοις
989 1684 1088 1751 μὲν
1130 1682 1369 1752 πρώτοις
1403 1685 1529 1745 τοὺς
1562 1680 1773 1734 ἑαυτῶν

200 1777 381 1842 θεοὺς,
415 1780 537 1846 ἐμοὶ
581 1766 636 1830 δὲ
668 1780 759 1829 τὸν
794 1776 889 1829 ὑπ’
938 1775 1074 1845 ὲμοῦ
1119 1776 1520 1844 λατρευὸμενον
1570 1772 1685 1837 καὶ,
1713 1772 1772 1836 ὃς

1871 584 1957 629 est
1999 574 2293 640 excelsior,
2325 590 2390 630 eo
2421 575 2611 646 majori
2643 575 2979 645 perfectione
3007 586 3060 632 et
3092 578 3440 634 absolutione

1871 668 2098 737 indiget.
2157 668 2334 737 Atque
2386 668 2434 724 is
2492 668 2741 737 quidem,
2789 669 2881 739 qui
2935 684 2965 724 a
3019 686 3108 725 me
3151 671 3356 727 colitur
3385 681 3441 728 et

1868 759 2148 823 adoralur,
2192 762 2388 816 cmlum
2426 760 2584 827 fecit,
2624 772 2823 817 terram
2853 764 3160 822 constituit.
3191 773 3441 819 mortuos

1870 852 2178 918 suscitavit,
2222 854 2381 908 caecis
2419 854 2596 909 visum
2641 855 2899 920 reddidit,
2931 856 3180 926 leprosos
3206 860 3438 923 curavit,

1874 946 2216 1015 paralyticos
2252 950 2425 1002 erexit
2457 967 2470 1003 :
2499 948 2662 1019 idque
2692 949 2805 1003 sola
2842 949 3127 1005 voluntate
3158 961 3213 1005 et
3246 951 3440 1006 verbo.

1870 1036 1976 1102 Qui
2007 1050 2187 1093 autem
2218 1055 2244 1092 a
2274 1040 2428 1094 vobis
2457 1039 2721 1094 dicuntur
2751 1049 2806 1095 et
2834 1041 3093 1097 coluntur
3124 1042 3225 1108 dii,
3260 1044 3442 1100 nescio

1869 1147 1938 1184 an
1973 1132 2174 1201 aliquid
2203 1130 2307 1187 tale
2341 1132 2593 1197 fecerint,
2621 1145 2718 1189 aut
2743 1135 2959 1204 possint
2982 1137 3210 1191 omnino
3238 1136 3441 1191 facere.

1871 1221 1938 1276 Et
1978 1224 2027 1277 si
2066 1225 2219 1287 velis,
2259 1225 2309 1279 id
2344 1240 2491 1279 nunc
2538 1239 2596 1278 re
2644 1225 2762 1295 ipsa
2797 1226 3168 1295 experiamur.
3205 1227 3445 1281 Accedat

1874 1316 1983 1369 huc
2030 1319 2229 1387 aliquis
2277 1332 2339 1371 ex
2381 1318 2449 1372 iis
2484 1319 2574 1387 qui
2610 1318 2861 1374 laborant
2893 1321 3446 1379 immedicabiliter.et

1871 1422 2102 1476 quorum
2131 1410 2470 1464 curationem
2495 1411 2749 1480 desperat
2777 1425 2865 1465 ars
2889 1412 3123 1465 humana
3147 1418 3199 1465 et
3227 1424 3440 1465 manus.

1874 1500 2155 1556 Accedant
2189 1511 2372 1555 autent
2420 1504 2606 1566 etiam,
2658 1504 2753 1569 qui
2803 1512 2933 1558 sunt
2958 1503 3101 1573 apud
3134 1518 3231 1558 vos
3263 1518 3447 1559 sacer-

1875 1591 2053 1646 dotes.
2083 1592 2287 1646 Deinde
2326 1594 2394 1648 ab
2423 1594 2503 1649 eis
2537 1594 2758 1662 quidem
2793 1604 2919 1648 sunt
2950 1596 3184 1665 primunt
3216 1596 3290 1650 dii
3324 1596 3447 1651 illo-

1874 1700 1995 1738 rum
2032 1686 2317 1740 invocandi
2351 1702 2364 1738 :
2408 1704 2436 1739 a
2467 1700 2555 1740 me
2588 1698 2770 1740 autem
2805 1704 2851 1742 ts
2890 1704 3052 1757 quem
3084 1690 3226 1743 colo.
3259 1690 3320 1742 Et
3353 1692 3446 1760 qui

1876 1777 2193 1833 nominatus
2236 1778 2486 1833 morbum
2530 1778 2821 1848 fugaverit,
2852 1781 2898 1835 is
2928 1781 3070 1835 Dcus
3099 1782 3249 1836 solus
3287 1798 3447 1854 repu-

198 1873 269 1925 ἂν
309 1870 634 1939 ὀνομασοεὶς
670 1868 887 1937 φυγάδα
922 1868 1041 1938 θείη
1088 1869 1188 1937 τὴν
1223 1868 1400 1932 νόσον,
1435 1859 1591 1927 οὗτος
1635 1865 1767 1925 Θεὸς

1877 1877 2019 1922 tetur
2049 1879 2102 1921 et
2131 1869 2342 1923 colatur
2373 1886 2388 1923 :
2418 1870 2553 1925 alios
2582 1882 2765 1925 autem
2797 1872 2850 1924 in
2886 1873 3084 1928 malam
3115 1889 3227 1927 rem
3257 1886 3450 1928 aman-

201 1965 366 2034 μόνος
396 1964 489 2016 καὶ
512 1962 817 2030 λογιζέσθω
844 1961 1018 2032 δήπου
1046 1959 1143 2012 καὶ
1170 1958 1486 2022 σεϐαζέσθω
1507 1972 1521 1986 °
1559 1957 1686 2016 τοὺς
1713 1954 1769 2006 at

192 2057 392 2118 ἄλλους
429 2053 689 2125 οἰμώζειν
726 2053 930 2123 ἐῶμεν,
977 2052 1149 2122 λήθην
1194 2051 1372 2103 αὐτῶν
1408 2046 1628 2115 μακρὰν
1671 2062 1771 2097 κα-

193 2150 492 2218 ταχέτντες
517 2187 531 2201 .
560 2148 798 2215 Ἢρεσκε
830 2146 1003 2196 ταῦτα
1027 2144 1102 2210 τῷ
1135 2142 1363 2210 βασιλεῖ.
1398 2136 1532 2191 Θεοῦ
1566 2138 1673 2205 γὰρ
1701 2134 1771 2205 ἦν

193 2241 359 2294 τοῦτο
389 2242 483 2292 καὶ
525 2240 623 2307 τῆς
659 2237 870 2291 ἄνωθεν
913 2236 1173 2306 προνοίας
1220 2232 1531 2303 οἰκονομία,
1572 2232 1660 2283 ἴνα
1705 2230 1771 2297 δὴ

189 2329 267 2379 τὰ
297 2326 396 2394 τῆς
423 2326 663 2387 πίστεως
695 2326 790 2378 καὶ
822 2326 936 2388 τοῖς
967 2324 1185 2396 ἐχθροῖς
1213 2323 1564 2393 ἀναμφίλογα
1675 2320 1772 2372 καὶ

188 2419 371 2479 οὕτως
403 2421 460 2470 ὲν
486 2418 563 2489 τῷ
606 2423 881 2489 προφανεῖ
912 2418 1113 2489 μᾶλλον
1147 2417 1424 2486 νικήσειεν
1450 2418 1481 2485 ἡ
1514 2414 1771 2486 ἀλήθεια.

267 2512 366 2567 1Δ’.
405 2516 629 2581 Ἀγεται
663 2515 841 2566 τοίνυν
893 2516 972 2575 εἰς
1006 2514 1171 2579 μέσον
1227 2509 1558 2579 παρειμένος
1609 2509 1774 2576 ἀνὴρ,

189 2607 519 2675 κλινοπετὴς
550 2605 625 2657 ὢν
678 2606 771 2657 καὶ
806 2605 882 2672 τῷ
929 2602 1233 2671 παραμᾶνῳ
1289 2600 1519 2669 παρέσει
1576 2598 1773 2667 μικροῦ

190 2701 365 2753 πλέον
400 2700 500 2768 τῆς
530 2696 760 2766 ἐχούσης
786 2694 948 2747 αὑτὸν
979 2693 1169 2763 κλίνης
1204 2691 1338 2764 μηδὲ
1368 2690 1636 2744 κινεῖσθαι
1683 2688 1774 2742 δυ-

185 2793 455 2859 νάμενος.
491 2790 863 2859 Παρισταντες
903 2784 997 2839 οὗν
1027 2788 1075 2839 οἱ
1105 2786 1214 2839 τῶν
1257 2784 1502 2854 ματαίων
1537 2783 1673 2836 θεῶν
1701 2784 1744 2833 is

189 2887 315 2955 ρεῖς
353 2900 412 2934 τε
437 2884 528 2935 καὶ
568 2882 741 2953 ἰατροὶ
772 2880 1149 2950 ματαιότατοι,
1178 2876 1227 2929 οἱ
1278 2877 1377 2945 μὲν
1421 2875 1771 2944 Ἀσκληπιὸν,

182 2979 243 3030 οἱ
280 2977 335 3030 δὲ
372 2977 492 3038 Δία,
523 2978 569 3027 οἱ
601 2975 654 3027 δὲ
696 2976 981 3042 Ἀρτεμιν,
1035 2972 1185 3025 ἄλλοι
1221 2970 1274 3022 δὲ
1332 2969 1524 3031 ἄλλους
1577 2971 1777 3020 ἐπεκα.

182 3070 409 3131 ὶοῦντο,
464 3067 681 3135 ἀνόητοι
740 3068 982 3131 ἀνοήτων
1043 3064 1220 3114 ἱκέται
1276 3061 1646 3129 δεικνύμενοι,
1682 3060 1775 3112 καὶ

185 3161 439 3227 μάλιστα
466 3160 523 3209 ἐν
552 3156 720 3219 οὕτως
754 3156 972 3224 ἔκτὸπῳ
1006 3155 1099 3207 καὶ
1138 3156 1413 3222 ὑπερφυεῖ
1467 3153 1771 3221 πράγματι·

183 3250 316 3302 ἴσον
348 3250 455 3318 γὰρ
482 3246 545 3318 ἦν
583 3249 743 3301 αὑτὸν
775 3248 1046 3318 passam
1074 3247 1169 3298 καὶ
1198 3248 1325 3308 τοὺς
1372 3244 1592 3297 ἐκείνων
1621 3243 1775 3306 θεοὺς

178 3344 457 3413 αἴσθησιν
490 3342 721 3412 ὀφθῆναι
758 3345 850 3395 καὶ
885 3342 1043 3409 λόγον
1077 3342 1322 3410 ἔχοντας.
1377 3338 1507 3392 Τίνα
1568 3332 1661 3389 οὖν
1708 3331 1777 3388 τὰ

176 3437 373 3499 οὕτως
410 3437 599 3505 ἄφωνα
637 3436 727 3488 καὶ
778 3436 960 3503 κωφὰ,
995 3434 1116 3487 τίνα
1148 3434 1412 3503 παρέχειν
1443 3432 1622 3493 ἄλλοις
1651 3428 1778 3500 ἡδύ-

179 3547 366 3583 ναντο
391 3530 708 3598 θεραπείανι
736 3528 949 3579 Οὔκουν
979 3527 1097 3578 οὐδὲ
1123 3528 1416 3595 παρέσχον,
1447 3525 1581 3576 ἀλλὰ
1609 3522 1777 3575 πολλὰ

175 3623 315 3675 τῶν
347 3621 651 3690 εἰρημένων
681 3619 1087 3689 αἰτησαμένων,
1121 3617 1253 3671 αὐτὸ
1276 3616 1435 3668 τοῦτο
1470 3617 1607 3681 ὅπερ
1639 3613 1776 3685 ἦσαν

175 3717 300 3767 καὶ
333 3715 441 3774 τοῖς
470 3712 741 3781 δεηθεῖσιν
766 3713 1073 3781 ἐφάνησαν.
1108 3707 1212 3771 Οὓς
1246 3711 1273 3761 ὁ
1298 3707 1615 3760 Παντολέων
1636 3707 1777 3775 ὁρῶν

175 3805 521 3878 μειδιάματι
551 3806 819 3872 εὐπρεπεῖ
849 3804 947 3873 τὴν
983 3801 1379 3871 ματαιοπονίαν
1413 3800 1592 3853 αὐτῶν
1642 3802 1778 3869 ἐμυ-

169 3900 486 3966 κτήρισεν.
543 3898 694 3949 Ἐπεὶ
728 3896 785 3949 δὲ
844 3897 941 3947 καὶ
974 3896 1135 3955 αὐτὸς
1165 3895 1264 3961 τὴν
1302 3893 1591 3962 ἐπίκλησιν
1646 3895 1776 3944 ιπε-

162 3990 409 4060 τράπη,
435 3990 580 4056 αἴρει
610 3988 708 4055 μὲν
744 3988 803 4038 τὸ
829 3988 983 4053 ὖμμα
1019 3986 1099 4047 εἰς
1127 3986 1220 4038 τὸν
1250 3984 1506 4051 οὐρανὸν,
1540 3999 1777 4035 συνανα-

160 4082 370 4135 τείνει
412 4079 468 4131 δὲ
516 4079 694 4148 τούτῳ
730 4080 821 4131 καὶ
853 4078 951 4149 τὴν
976 4078 1239 4142 διάνοιαν,
1279 4077 1393 4141 καὶ,
1422 4078 1616 4143 Κύριε,
1659 4078 1776 4127 εἷσ-

158 4174 487 4233 ἀχουσον,
509 4173 634 4240 ἔφη,
664 4170 769 4239 τῆς
800 4169 1151 4239 προσευχῆς
1177 4186 1317 4238 μου,
1363 4168 1459 4221 καὶ
1489 4168 1525 4235 ἠ
1552 4167 1777 4236 κραυγή

149 4284 316 4337 μου
350 4270 498 4332 πρὸς
526 4266 599 4317 σὲ
630 4265 868 4317 ἐλθέτω⁹
896 4262 981 4330 μὴ
1012 4260 1408 4329 ἀποστρέψῃς
1456 4261 1524 4313 τὸ
1550 4261 1781 4327 πρόσωο

162 4362 326 4414 πόν
350 4375 465 4412 σου
491 4356 591 4411 ἀπ’
618 4356 793 4424 ἐμοῦ,
821 4355 889 4408 ἐν
906 4350 943 4425 ᾖ
970 4353 1044 4407 ἂν
1065 4353 1255 4422 ἡμέρᾳ
1279 4351 1783 4420 ολίὸωμαικλῒνω*

156 4458 356 4528 πρός
382 4472 457 4523 με
486 4455 550 4507 τὸ
583 4448 692 4517 οὖς
722 4467 858 4506 σου·
888 4452 955 4504 ἐν
996 4446 1033 4521 ᾖ
1058 4451 1133 4503 ἂν
1168 4452 1357 4518 ἡμέρᾳ
1410 4447 1781 4501 ἐπικαλέσω-

147 4549 307 4619 μαί
329 4563 403 4601 σε
441 4546 593 4615 ταχὺ
642 4544 991 4601 ἐπάκουσόν
1033 4561 1172 4613 μου,
1228 4544 1321 4596 καὶ
1367 4542 1538 4607 δεῖξον
1572 4543 1684 4602 τοῖς
1720 4556 1779 4592 σε
1814 4569 1857 4625 D

150 4639 459 4710 ἀγνοοῦσι
516 4641 610 4693 καὶ
661 4642 772 4701 τοῖς
834 4640 909 4708 μὴ
958 4632 1077 4691 οὖσι
1124 4634 1439 4703 σεϐομένοις
1483 4633 1645 4696 θεοῖς,
1699 4634 1780 4686 ὅτι

151 4738 387 4793 πάντα
435 4732 681 4796 δύναται,
739 4730 994 4795 Βασιλεῦ,
1062 4728 1315 4781 ἀδυνατεῖ
1372 4726 1429 4779 δέ
1486 4744 1566 4778 σοι
1603 4725 1779 4779 οὺδέν.

149 4830 399 4888 Οὕτως
415 4825 535 4895 ’ἔφη
568 4821 661 4876 καὶ
691 4822 789 4891 τῆς
829 4821 1008 4892 χειρὸς
1035 4818 1314 4888 ἁψάμενος
1347 4814 1442 4869 τοῦ
1498 4814 1780 4884 κειμένου,

144 4928 289 4983 Ἐν
354 4924 432 4993 τῲ
466 4922 716 4988 ὀνόματι,
770 4919 943 4984 λέγει,
984 4914 1223 4987 Χριστοῦ
1277 4912 1373 4966 τοῦ
1426 4910 1782 4982 ἀνορθοῦντος

136 5019 331 5077 τοὺς
366 5014 869 5082 κατερραγμένους,
901 5011 1059 5079 ὑγιὴς
1090 5008 1179 5061 ἔσο
1207 5008 1295 5059 καὶ
1321 5005 1488 5071 ὑγιῶς
1535 5006 1647 5064 τοῖς
1687 5002 1785 5070 μὲ-

135 5114 321 5166 λεσι
368 5104 671 5177 χρώμενος.
717 5101 883 5157 Εἶπεν
917 5103 1006 5154 καὶ
1035 5102 1063 5153 ὁ
1085 5099 1240 5167 λόγος
1268 5099 1345 5161 εἰς
1383 5097 1542 5166 ἔργον
1594 5093 1780 5160 ἐξέϐη,

134 5203 286 5259 αἰαὶ
332 5200 367 5265 ἠ
409 5198 564 5266 κλίνη
597 5196 691 5249 τὸν
746 5194 1080 5265 παρειμένον
1136 5191 1343 5253 οὐκέτι,
1381 5188 1494 5241 ἀλλ’
1522 5189 1570 5239 oi
1622 5186 1782 5247 πόδες

133 5293 353 5366 εἶχον
372 5290 564 5344 ἑαυτοῦ
589 5289 932 5360 θαρρούντως
954 5286 1206 5357 βαίνοντα
1230 5283 1323 5337 καὶ
1345 5279 1533 5357 σχεδὸν
1554 5278 1779 5351 ᾄττοντα

127 5390 283 5449 καὶ
337 5382 466 5435 εὑοὺ
498 5385 650 5437 οἴκου
682 5382 822 5452 μετὰ
868 5379 1077 5451 θερμῆς
1134 5380 1265 5446 ὅσης
1321 5377 1418 5445 τῆς
1452 5372 1645 5442 ἡδονῆς
1682 5381 1779 5423 πο-

128 5477 337 5558 ρευό
346 5492 528 5545 μενον.

1874 1960 2089 2021 demus,
2118 1975 2214 2014 eos
2242 1976 2433 2031 magna
2461 1963 2761 2018 obruenles
2787 1962 3083 2019 oblivione.
3117 1966 3448 2021 Placueruttt

1874 2050 1991 2105 haec
2027 2053 2367 2121 imperatori.
2409 2055 2538 2110 Erat
2572 2059 2717 2110 enim
2749 2057 2852 2112 ltoc
2890 2057 2981 2113 Dei
3010 2068 3065 2113 et
3097 2059 3297 2115 divina:
3328 2063 3449 2130 ejus

1874 2146 2235 2213 providentiae
2278 2148 2592 2211 consilium.
2628 2160 2687 2204 ut
2717 2153 2796 2206 sic
2829 2162 2974 2208 recta
3009 2155 3144 2210 fides
3179 2158 3261 2212 vel
3302 2161 3448 2228 apud

1875 2235 2025 2303 ipsos
2088 2236 2347 2292 inimicos
2400 2251 2548 2297 esset
2604 2242 2740 2296 citra
2793 2248 3250 2316 controversiam,
3283 2260 3341 2305 et
3393 2252 3446 2304 in

1875 2337 2069 2394 aperto
2105 2328 2280 2399 magis
2318 2329 2566 2390 vinceret
2616 2336 2843 2391 veritas.

1948 2486 2088 2543 XIV.
2114 2490 2421 2546 Adducitur
2449 2495 2633 2564 itaque
2652 2497 2703 2551 in
2725 2486 2963 2554 medium
2990 2501 3072 2554 vir
3098 2504 3448 2574 paralyticus,

1876 2580 1968 2648 qui
1996 2580 2106 2645 jam
2140 2582 2303 2650 longo
2336 2595 2583 2653 tempore
2637 2588 3003 2646 decumbebat
3042 2592 3097 2646 in
3144 2593 3307 2658 lecto,
3368 2608 3426 2651 et

1876 2673 1967 2738 qui
2009 2675 2398 2740 propemodum
2431 2691 2538 2729 non
2573 2689 2785 2745 poterat
2815 2684 2983 2752 magis
3016 2686 3242 2748 moveri,
3287 2698 3451 2755 quam

1875 2765 1969 2834 qui
2004 2782 2126 2820 eum
2173 2768 2391 2822 tenebat
2435 2769 2628 2825 lectus.
2674 2772 2810 2826 (Sunt
2859 2774 3041 2841 itaque
3088 2780 3451 2836 accessissent

1877 2872 2143 2912 vanorum
2184 2860 2407 2914 deorum
2441 2863 2776 2925 sacerdotes,
2817 2873 2871 2918 et
2903 2866 2939 2918 ii
2973 2868 3065 2936 qui
3099 2869 3299 2923 versati
3333 2871 3452 2925 fuel-

1879 2960 1999 3003 rant
2052 2952 2106 3004 in
2163 2954 2453 3015 medicina,
2511 2956 2601 3010 alii
2653 2958 2873 3025 quidem
2904 2957 3307 3031 Esculapium,
3361 2965 3451 3018 alii

1878 3060 2008 3098 vero
2064 3042 2275 3108 Jovem,
2330 3047 2421 3099 alii
2468 3059 2648 3101 autent
2703 3050 2949 3113 Dianam,
2999 3050 3088 3106 alii
3137 3070 3267 3108 vero
3317 3058 3453 3114 alios

1880 3136 2014 3192 deos
2065 3138 2413 3206 invocabant,
2460 3150 2705 3197 amentes
2739 3145 2804 3196 iis
2848 3145 3013 3200 rebus
3056 3148 3450 3217 supplicantes,

1806 3222 1847 3278 C
1883 3244 2005 3297 qua:
2040 3242 2222 3286 mente
2251 3242 2307 3286 ct
2335 3247 2500 3287 sensu
2547 3245 2757 3297 carent.
2790 3246 2846 3291 et
2886 3241 3123 3294 maxime
3154 3242 3211 3295 itt
3246 3258 3305 3297 re
3342 3252 3451 3297 tam

1882 3333 2157 3390 ntagita,et
2188 3339 2308 3390 quae
2339 3339 2509 3392 usque
2539 3326 2672 3381 adeo
2701 3329 2994 3392 superabat
3026 3341 3297 3387 naturam.
3326 3335 3453 3389 Erat

1883 3414 2030 3468 enim
2066 3430 2219 3483 teque
2259 3415 2500 3480 difﬁcile,
2530 3427 2585 3470 et
2616 3417 2790 3486 ipsum
2827 3421 3235 3490 convalescere,
3270 3435 3329 3481 et
3367 3428 3453 3480 vi-

1880 3506 1997 3561 deri
2029 3507 2244 3561 illorum
2280 3507 2409 3563 deos
2441 3522 2605 3563 sensu
2638 3519 2694 3564 et
2726 3510 2935 3566 ratione
2973 3514 3246 3581 praeditos.
3292 3516 3455 3582 Quau

1882 3616 2006 3654 nam
2057 3603 2204 3655 enim
2239 3602 2375 3656 adeo
2418 3613 2567 3657 muta
2596 3612 2648 3657 et
2678 3604 2846 3659 surda
2876 3615 3106 3673 possunt
3131 3608 3255 3663 aliis
3290 3611 3453 3665 ullant

1880 3695 2126 3761 praebere
2159 3696 2549 3748 curationem?
2596 3695 2734 3765 Ergo
2779 3711 2884 3751 nec
2929 3698 3285 3767 prtebuerunt
3314 3719 3326 3753 :
3354 3705 3453 3757 sed

1880 3802 2004 3842 cum
2042 3788 2207 3841 multa
2234 3788 2527 3858 petiissent
2554 3788 2593 3842 ii
2626 3789 2716 3857 qui
2754 3789 2887 3844 dicti
2925 3801 3078 3854 sunt,
3113 3790 3217 3849 hoc
3274 3792 3451 3861 ipsum

1881 3881 2024 3950 quod
2057 3890 2233 3942 erant,
2271 3893 2466 3947 nempe
2489 3879 2712 3947 lapides,
2746 3880 2811 3933 iis
2837 3882 2928 3948 qui
2964 3883 3246 3952 rogabant,
3268 3888 3456 3953 aperte

1881 3979 2278 4040 apparuerunt.
2331 3971 2604 4038 Rogantes
2653 3982 2837 4025 autent
2893 3972 3085 4027 videns
3132 3973 3452 4037 Pantoleon.

1883 4063 2103 4119 inanem
2155 4078 2343 4117 eorunt
2390 4064 2630 4118 laborem
2682 4064 2885 4119 decore
2933 4066 3289 4129 subridendo,
3325 4067 3457 4121 sub-

1882 4156 2155 4209 sannavit.
2224 4154 2514 4223 Postquam
2548 4171 2679 4209 vero
2729 4155 2842 4225 ipse
2875 4172 3094 4226 quoque
3136 4158 3324 4225 jussus
3352 4159 3456 4212 fuit

1883 4249 2162 4314 invocare,
2211 4248 2352 4303 tullit
2385 4248 2605 4317 quidem
2642 4250 2696 4302 in
2742 4249 2940 4303 malum
2970 4250 3183 4315 oculos,
3217 4266 3339 4305 cum
3376 4251 3446 4305 iis

1882 4353 2063 4398 autem
2111 4342 2323 4398 extollit
2358 4357 2573 4403 vocent,
2642 4350 2718 4405 et,
2746 4342 2988 4406 Domine,
3034 4342 3229 4412 inquit,
3259 4345 3455 4397 exaudi

1884 4438 2179 4490 orationem
2220 4449 2415 4498 meam,
2466 4442 2516 4488 et
2560 4432 2763 4487 clamor
2789 4450 2932 4488 meus
2964 4437 3031 4488 ad
3072 4446 3120 4490 te
3148 4438 3345 4491 ueniat.
3377 4438 3459 4493 Nc

1886 4540 2093 4584 avertas
2143 4529 2332 4600 faciem
2380 4539 2531 4581 tuam
2569 4544 2603 4580 a
2650 4543 2730 4580 me
2756 4544 2775 4591 ;
2804 4527 2860 4579 in
2888 4543 3197 4597 quacunque
3225 4530 3311 4581 die
3355 4531 3459 4581 tri-

1886 4622 2056 4685 bulor,
2086 4620 2280 4674 inclina
2317 4620 2388 4671 ad
2420 4635 2502 4672 me
2534 4634 2721 4671 aurem
2749 4626 2919 4674 tuam.
2952 4617 3021 4672 In
3049 4634 3157 4687 qua
3183 4620 3269 4674 die
3306 4619 3461 4674 inoo.

1885 4731 2071 4775 cavero
2091 4722 2160 4777 te,
2188 4715 2426 4768 celeriter
2451 4712 2647 4767 exaudi
2674 4729 2755 4768 me
2772 4714 2815 4780 ⁶;
2847 4723 2903 4768 ει
2926 4715 3156 4769 ostende
3190 4714 3256 4768 iis
3283 4717 3373 4783 qui
3406 4725 3459 4768 te

1888 4811 2162 4879 ignorant,
2212 4815 2267 4861 et
2317 4820 2414 4861 eos
2462 4806 2553 4875 qui
2608 4820 2718 4859 non
2771 4812 2920 4869 sunt,
2973 4805 3107 4861 deos
3161 4806 3370 4870 colunt,
3406 4810 3460 4867 te

1886 4902 2066 4963 omnia
2105 4913 2285 4969 posse,
2320 4913 2353 4949 o
2384 4895 2520 4958 Rex,
2545 4907 2634 4951 tua
2669 4900 2932 4966 potentia.
2963 4896 3108 4951 Nihil
3140 4907 3224 4952 est
3253 4908 3459 4959 autem.

1886 4996 2026 5063 quod
2059 5010 2087 5046 a
2122 5004 2175 5048 te
2209 5008 2315 5047 non
2354 4994 2529 5061 possit
2563 4992 2700 5046 tieri.
2735 4990 2826 5045 Sic
2856 4992 2998 5048 dixit
3027 5009 3041 5050 ι
3071 5002 3129 5048 et
3157 5009 3281 5048 cum
3324 4996 3462 5049 teri-

1888 5089 2056 5155 gissct
2102 5100 2324 5138 manum
2358 5085 2501 5155 ejus,
2538 5083 2633 5151 qui
2662 5084 2902 5152 iacebat,
2934 5084 3070 5140 dicit
3106 5101 3120 5136 :
3154 5085 3211 5139 in
3240 5087 3467 5141 nomine

1887 5177 2113 5239 Christi,
2142 5178 2235 5247 qui
2266 5175 2426 5248 erigit
2444 5190 2540 5230 eos
2556 5175 2649 5245 qui
2673 5183 2803 5230 sunt
2823 5173 3109 5239 confracti,
3131 5184 3253 5230 esto
3271 5191 3461 5240 sanus,

1892 5281 1949 5328 ct
1976 5284 2108 5326 sane
2142 5279 2294 5324 utere
2334 5267 2598 5323 membris
2621 5268 2751 5322 tuis.
2770 5267 2941 5331 Dixit.
2963 5276 3019 5323 et
3046 5267 3271 5322 verbum
3297 5269 3461 5325 eﬂeco

1894 5378 1982 5423 tus
2003 5378 2088 5423 est
2112 5372 2446 5421 consecutus
2475 5380 2488 5417 :
2514 5376 2692 5429 neque
2721 5359 2956 5429 amplius
3017 5357 3197 5414 lectus
3245 5363 3455 5432 para|y«

1899 5458 2090 5527 ticum,
2144 5459 2237 5514 sed
2258 5458 2378 5525 ejus
2411 5454 2577 5524 pedes
2602 5452 2968 5516 sustinebant,
2993 5453 3250 5507 audacter
3278 5453 3465 5523 ingre-

118 5544 471 5639 elientem.
510 5578 566 5623 et
598 5566 993 5638 propemodum
1068 5563 1434 5620 exsilietttem,
1468 5568 1522 5612 et
1556 5556 1737 5613 statim
1772 5571 1893 5609 cum
1931 5565 2126 5623 magna
2159 5548 2434 5615 voluptate
2466 5547 2630 5602 domo
2656 5544 3049 5615 egredientem.

242 5666 379 5724 IE'.
410 5665 483 5720 Οὐ
516 5664 678 5734 μέχρι
701 5661 891 5715 τούτου
927 5659 993 5711 τὰ
1022 5659 1123 5730 τῆς
1154 5656 1449 5729 θεραπείας
1485 5653 1637 5724 ἔστη,
1667 5649 1782 5702 ἀλλ’

323 5833 514 5896 ⁸⁸1³9³1.
551 5854 624 5904 ct,
659 5837 713 5905 (Ξ,
748 5839 801 5891 5.

1965 5645 2076 5700 xv,
2108 5641 2293 5713 Neque
2328 5656 2454 5697 vero
2490 5640 2557 5695 ad
2600 5654 2724 5693 eum
2760 5651 2933 5707 usque
2963 5635 3463 5704 constititcuraiio.
