4170 6322
758 355 865 422 463

2076 362 2358 425 MENSIS
2397 365 2689 432 IULIUS.

3898 377 3995 440 (64

757 474 854 532 sed
897 476 1015 545 ipse
1057 475 1270 546 quidem
1308 490 1562 547 corpore,
1609 477 1767 532 multi
1797 487 1977 533 autem
2017 478 2107 534 alii
2142 480 2295 534 animi

2401 480 2588 538 uurbv
2629 481 2727 548 μὲν
2764 480 2904 534 κατά
2939 483 3121 552 σῶμα,
3159 483 3344 538 πολλοὶ
3374 485 3430 538 δὲ
3484 487 3630 540 ἄλλοι
3679 492 3998 559 παρειμένοι

756 569 1064 640 patalytici.
1101 579 1157 623 et
1201 569 1391 625 morbo
1431 570 1728 639 impietatis
1774 573 2040 637 enervati,
2084 589 2206 628 cum
2243 574 2319 628 vi-

752 663 1134 733 dissentquod
1171 663 1370 718 factum
1414 663 1615 729 fuerat,
1666 678 2024 720 surrexerunt
2068 675 2123 720 et
2154 667 2320 722 erecti

753 764 882 810 sunt
929 772 944 810 :
975 764 1030 810 et
1067 766 1342 826 postremo
1375 757 1541 826 priori
1579 773 1766 810 errore
1799 759 2184 822 condemnato,
2228 775 2322 815 ve-

754 863 873 902 rum
914 847 1084 902 Deum
1135 847 1443 901 coluerunt.
1493 849 1582 903 Sic
1619 852 1764 904 enim
1802 851 2064 904 Dominus
2107 861 2163 906 et
2201 853 2320 907 illu-

749 944 919 996 minat
950 955 1144 1003 cacus.
1179 949 1234 996 et
1267 941 1369 996 scit
1396 943 1606 1012 erigere
1637 943 1965 1001 confractus.
1997 947 2174 1015 Atque
2205 963 2322 1000 sce-

748 1032 950 1086 leratos
1001 1031 1220 1100 quidem
1273 1033 1588 1088 sacerdotes
1639 1044 1693 1088 et
1744 1036 2009 1097 medicos.
2069 1039 2162 1107 qui
2223 1054 2318 1094 sua

747 1137 942 1195 sponte
979 1138 1136 1182 erant
1169 1126 1622 1191 immedicabiles,
1661 1147 1770 1185 non
1805 1133 1978 1186 subiit
2009 1134 2191 1188 lumen
2222 1150 2306 1189 ve-

745 1219 921 1273 ritatis
945 1237 958 1272 :
984 1221 1077 1274 sed
1102 1236 1225 1274 cum
1250 1236 1280 1274 a
1309 1221 1464 1276 malis
1496 1222 1658 1276 rebus
1685 1224 1906 1278 liberari
1932 1240 2041 1278 non
2069 1236 2313 1295 possent,

734 1311 931 1380 utqui
981 1321 1166 1366 essent
1213 1313 1278 1365 iis
1310 1313 1400 1366 diu
1469 1315 1784 1379 assuefacti,
1866 1318 2192 1373 accedentes
2247 1322 2314 1372 ad

743 1403 1152 1468 Maximianum,
1217 1405 1283 1459 ad
1348 1405 1687 1460 iracundiam
1752 1421 2120 1474 provocarunt
2188 1427 2314 1466 eum

743 1495 1007 1550 adversus
1050 1507 1318 1551 sanctum.
1382 1496 1438 1550 Si
1479 1499 1673 1552 siveris
1709 1500 1857 1553 illum
1902 1502 2103 1564 vivere.
2161 1503 2310 1558 dice-

741 1587 892 1652 bant.
945 1598 1001 1643 et
1044 1589 1116 1641 dii
1165 1590 1326 1643 simul
1377 1590 1472 1644 tibi
1519 1592 1772 1660 peribunt
1807 1603 1863 1647 et
1908 1595 2175 1649 sacrificia
2213 1613 2225 1648 :
2259 1604 2314 1650 et

737 1691 927 1749 aperte
983 1681 1164 1733 fabula
1219 1693 1403 1735 nostra
1483 1684 1760 1737 videbitur
1813 1687 2002 1755 religio
2050 1697 2105 1741 et
2156 1702 2309 1742 sacra

738 1772 926 1842 orgia;
967 1770 1269 1825 Christiani
1321 1783 1504 1826 autem
1556 1790 1656 1829 nos
1693 1777 1911 1845 profuse
1946 1780 2220 1843 ridebunt.
2254 1792 2309 1836 et

2427 573 2518 624 ml.
2540 571 2716 642 ψυχὴν
2745 575 2838 626 καὶ
2863 575 3120 638 ἀσεϐείας
3149 577 3307 630 πάθει
3337 580 3775 650 κατερῥαγμένοι
3817 583 3876 636 τδ
3909 599 3999 650 γε-

2425 664 2579 730 γονὸς
2611 663 2957 734 θεασάμενοι,
2994 669 3302 738 ἀνέστησάν
3339 686 3397 722 τε
3440 673 3530 723 καί
3566 672 3995 743 ἀνωρθώθηιταν.

2426 757 2518 808 καὶ
2563 758 2661 828 τῆς
2718 761 2995 831 προτέρας
3046 762 3253 832 πλάνης
3289 763 3460 818 πολλὰ
3512 768 3877 834 καταγνόντες
3909 769 3993 821 τὸν

2422 846 2628 914 ἀψευδῆ
2689 848 2821 901 Θεὸν
2862 850 3262 921 ἐσεϐάσθησαν.
3301 853 3425 917 Τοῖς
3482 859 3700 924 μιαροῖς
3760 859 3858 926 μὲν
3909 859 3996 911 οὖν

2426 936 2630 1006 ἱερεῦσι
2662 940 2755 990 καὶ
2784 939 3018 1002 ἀνιάτως
3062 941 3280 1010 ἔχουσιν
3315 946 3518 1014 ἰατροῖς
3567 945 3991 1000 ἐθελοκακοῦσι-θ

2419 1029 2519 1079 οὐκ
2551 1029 2728 1081 εἰσεδυ
2776 1032 2835 1082 τὸ
2871 1031 3076 1098 φέγγος
3103 1033 3201 1101 τῆς
3229 1035 3532 1101 εὐσεϐείας,
3557 1037 3694 1090 ἀλλά
3719 1031 3994 1090 δυσαπαλ-

2418 1121 2630 1184 laxum;
2665 1118 2812 1191 εἶχον
2869 1125 2976 1175 τῶν
3014 1125 3323 1195 μοχθηρῶν,
3354 1128 3428 1191 ὠς
3475 1129 3540 1182 ἂν
3573 1130 3668 1181 ἐπὶ
3700 1130 3836 1182 πολὺ
3869 1133 3990 1185 τού-

2416 1230 2542 1277 τους
2571 1216 2996 1283 συνειθισμένοι,
3022 1218 3142 1269 ὅθεν
3172 1220 3265 1272 καὶ
3296 1220 3371 1289 τῷ
3395 1221 3722 1292 Μαξιμιανῴ
3761 1226 3994 1293 προσελ-

2419 1307 2622 1371 θόντες,
2655 1306 2952 1376 ἐξὼργιζον
2981 1310 3144 1363 αὑτὸν
3180 1311 3319 1362 κατά
3351 1311 3441 1364 τοῦ
3479 1315 3635 1380 ἁγίου
3667 1315 3786 1378 καὶ,
3811 1316 3870 1368 Ei
3895 1316 3990 1385 ζῇν

2416 1399 2622 1451 ἐκεῖνον
2649 1402 2849 1464 ἐάσεις,
2885 1401 3087 1466 ἔλεγον,
3127 1403 3335 1472 οἴχεταί
3368 1421 3449 1456 σοι
3478 1404 3614 1472 μετὰ
3652 1409 3758 1457 τῶν
3791 1405 3992 1458 θυσιῶν

2415 1493 2508 1544 καὶ
2545 1494 2610 1544 τά
2631 1492 2791 1558 θεῶν,
2828 1495 2921 1545 καὶ
2955 1493 3122 1562 μῦθος
3153 1494 3412 1566 ἄντικρυς
3453 1497 3592 1559 δόξει
3624 1496 3895 1567 θρησκεία
3930 1514 3989 1550 τε

2415 1584 2658 1652 ἡμετέρα
2689 1586 2782 1635 καὶ
2815 1585 2935 1652 ἱερά
2969 1585 3148 1653 ὄργια,
3185 1586 3504 1654 Χριστιανοὶ
3530 1587 3584 1638 δὲ
3623 1590 3795 1641 πλατὺ
3823 1590 3983 1657 γελά-

2415 1691 2564 1726 οουσι
2604 1674 2724 1726 καθ’
2763 1674 2917 1744 ἡμῶν
2956 1679 3048 1728 καὶ
3081 1677 3382 1746 ἰσχύσουσι,
3420 1679 3513 1730 καὶ
3553 1678 3620 1729 τὰ
3659 1679 3841 1730 αὐτῶν
3892 1682 3984 1733 ἀν-

2414 1768 2567 1838 θήσει
2603 1767 2824 1837 μᾶλλον,
2858 1770 2951 1821 καὶ
2985 1771 3119 1822 πολὺ
3183 1773 3335 1823 ἔσται
3379 1770 3485 1822 τῶν
3516 1773 3809 1842 ἡμετέρων
3867 1776 3984 1824 ἑπι-

730 1877 826 1916 res
854 1862 1074 1916 illorum
1107 1863 1276 1933 magis
1303 1861 1593 1924 florebunt.
1626 1877 1680 1921 et
1711 1877 1873 1921 erunt
1903 1872 2107 1925 nostris
2132 1872 2295 1927 multo

2409 1863 2770 1931 κρατέστερα.
2805 1862 2992 1915 Ταῦτα
3043 1864 3316 1927 εἰπόντες,
3345 1863 3637 1927 ἀκούοντος
3669 1867 3862 1934 ἔτυχον
3894 1865 3986 1917 καὶ

736 1955 1051 2010 validiores.
1111 1955 1234 2010 Haec
1289 1971 1412 2010 cum
1463 1957 1753 2023 dixissent.
1814 1962 1902 2015 ille
1958 1964 2171 2017 facilem
2223 1966 2302 2019 eis

735 2064 921 2104 aurem
962 2049 1213 2118 prmbuit.
1243 2059 1298 2102 et
1327 2051 1524 2118 paruit.
1560 2051 1820 2105 Sanctum
1858 2055 2039 2123 itaque
2073 2059 2303 2111 accersit

736 2143 1054 2210 imperator.
1089 2150 1143 2194 et
1173 2151 1426 2210 tanquam
1459 2157 1637 2196 escam
1671 2143 2023 2212 benignitatis
2054 2147 2102 2198 ei
2133 2147 2303 2215 impe-

736 2244 880 2288 rator
908 2236 1188 2302 porrigens
1216 2233 1641 2287 admonitionem
1667 2253 1680 2288 :
1708 2232 1879 2289 Crede
1911 2237 2064 2301 milii,
2099 2237 2298 2305 inquit,

734 2325 1053 2385 Pantaleon.
1087 2336 1142 2379 et
1177 2327 1280 2378 diis
1310 2325 1442 2379 oiIer
1473 2326 1820 2380 sacrificium.
1857 2331 1939 2379 An
1973 2344 2080 2380 non
2123 2330 2300 2388 vides.

733 2419 875 2489 quod
908 2419 1323 2487 quibuscunque
1354 2432 1461 2470 non
1485 2428 1567 2470 est
1600 2431 1940 2483 persuasum.
1974 2427 2030 2472 ut
2061 2419 2298 2474 facerent

733 2511 876 2582 quod
909 2511 1112 2565 dictum
1146 2510 1340 2572 fuerat,
1371 2509 1403 2563 ii
1437 2510 1756 2578 gravissima
1787 2509 2047 2577 supplicia
2076 2522 2128 2566 et
2151 2527 2296 2565 mor-

733 2615 844 2657 tem
910 2603 1222 2656 habuerunt
1285 2599 1684 2657 incredulitatis
1758 2604 2298 2657 remunerationem?

730 2695 934 2750 Horum
966 2703 1051 2749 est
1096 2694 1269 2756 testis,
1315 2694 1404 2763 qui
1449 2709 1625 2762 nuper
1668 2694 1866 2747 misere
1898 2697 2008 2748 vita
2053 2701 2298 2764 privatus

729 2799 833 2851 est.
869 2789 1158 2841 Anthimus
1209 2787 1297 2840 ille
1342 2803 1526 2840 senex.
1574 2787 1684 2853 Ego
1730 2796 1912 2842 autem
1948 2804 2132 2841 curam
2168 2805 2298 2858 gero

729 2890 836 2941 tua:
884 2879 1211 2948 juventutis.
1266 2893 1441 2944 neque
1497 2878 1618 2931 volo
1660 2885 1710 2929 te
1753 2887 1857 2928 tam
1901 2879 2040 2932 male
2090 2881 2292 2948 perire.

732 2966 884 3025 Scito
928 2970 1096 3032 enim.
1146 2969 1262 3024 fore
1299 2977 1357 3022 ut
1397 2979 1445 3022 te
1485 2967 1651 3022 multa
1699 2977 1752 3024 et
1793 2972 1976 3038 gravia
2017 2973 2295 3040 excipiant

729 3061 1018 3131 supplicia,
1053 3061 1096 3112 si
1133 3053 1380 3113 eamdem
1413 3060 1656 3126 sequaris
1688 3060 2130 3114 inobedientiam.

797 3151 936 3207 XVI.
972 3152 1266 3204 Pantoleon
1304 3166 1450 3214 vero,
1504 3151 1678 3203 vitans
1722 3151 1938 3217 quidem
1969 3153 2294 3207 admonitio-

725 3261 844 3309 lies.
887 3254 1142 3314 tanquam
1180 3253 1418 3311 apertam
1455 3243 1718 3307 fraudem,
1752 3245 1926 3297 minas
1954 3254 2134 3298 autem
2167 3262 2296 3300 con-

726 3349 999 3400 temnens.
1039 3348 1295 3405 tanquam
1329 3336 1460 3404 ipsis
1498 3337 1725 3389 somniis
1758 3336 2144 3392 imbecilliores
2175 3355 2185 3390 :
2217 3338 2293 3392 l\'e

725 3433 1027 3487 existimes.
1062 3429 1258 3496 inquit,
1292 3444 1323 3480 ο
1357 3431 1675 3496 imperator,
1708 3429 1823 3482 fore
1855 3439 1913 3481 ut
1943 3446 2029 3483 me
2063 3447 2292 3497 persua-

724 3522 854 3575 deas
903 3519 1392 3582 admonitionibus,
1454 3534 1556 3571 nec
1614 3528 1669 3570 ut
1703 3534 1787 3572 me
1842 3520 2007 3573 minis
2062 3530 2285 3574 tcrreas.

723 3613 861 3679 Quid
893 3612 1037 3664 enim
1070 3626 1156 3665 me
1197 3611 1275 3663 vel
1311 3625 1378 3663 ex
1410 3611 1571 3664 bonis
1598 3611 1784 3663 mundi
1820 3613 2016 3679 capiet.
2053 3613 2137 3664 vel
2187 3619 2294 3664 ter-

722 3705 864 3760 rebit
897 3720 961 3756 ex
993 3703 1153 3757 rebus
1185 3701 1543 3765 terribilibus,
1574 3704 1664 3769 qui
1696 3717 1800 3754 non
1838 3703 2012 3755 solum
2059 3712 2289 3756 mortem

721 3796 1039 3856 contemno,
1072 3795 1164 3847 sed
1194 3808 1312 3845 eam
1354 3794 1513 3844 etiam
1557 3794 1847 3860 optandam
1883 3792 2116 3845 arbitror
2159 3809 2288 3860 pro-

723 3900 841 3958 pter
889 3887 1212 3943 Christum?
1258 3885 1363 3940 Pro
1403 3901 1466 3939 eo
1516 3895 1696 3938 autem
1753 3894 2020 3939 tormenta
2079 3893 2288 3938 tantum

722 3983 877 4035 abest
920 3989 980 4033 ut
1020 3980 1391 4040 extimescam,
1432 3987 1489 4030 ut
1529 3982 1690 4030 etiam
1735 3991 1989 4043 magnum
2032 3978 2287 4032 damnum

721 4074 1052 4133 existimem.
1104 4073 1286 4124 sinon
1339 4069 1448 4122 sitit
1484 4068 1635 4138 plura
1683 4078 1738 4120 et
1777 4068 2120 4138 gravissima,
2155 4083 2208 4122 et
2236 4070 2288 4121 in

722 4166 788 4219 iis
839 4165 1191 4218 clementiam
1235 4164 1429 4231 quavis
1459 4161 1780 4215 crudelitate
1812 4160 1952 4214 duco
2000 4177 2118 4215 esse
2165 4178 2286 4232 gra-

719 4263 947 4312 viorem.
1017 4255 1302 4327 Egregium
1351 4265 1498 4308 certe
1564 4255 1906 4318 Anthimum,
1965 4269 2075 4307 non
2141 4265 2198 4307 ut
2232 4266 2286 4308 tu

716 4353 1004 4412 miserum.
1053 4349 1152 4403 sed
1207 4347 1360 4400 valde
1420 4348 1586 4400 etiam
1639 4347 1855 4400 beatum
1902 4358 2024 4399 esse
2071 4346 2285 4414 judico.

715 4453 773 4502 et
816 4443 936 4511 eius
986 4450 1215 4495 mortem
1264 4438 1436 4493 cuivis
1498 4437 1619 4490 vita:
1658 4437 1910 4505 praefero,
1986 4440 2130 4506 quod
2191 4439 2281 4490 tali

2414 1970 2481 2005 πε
2511 1953 2738 2020 θομένου
2770 1958 2880 2015 τοῖς
2927 1955 3262 2022 λεγομένοις.
3305 1957 3711 2010 Μετακαλεῖται
3752 1959 3933 2010 τοίνυν
3959 1958 3985 2008 δ

2412 2044 2667 2113 βασιλεὺς
2713 2047 2802 2097 τὸν
2833 2045 3202 2098 Παντολέοντσι
3234 2050 3325 2098 καὶ
3364 2050 3525 2100 οἱονεὶ
3570 2050 3760 2116 δέλεαρ
3795 2055 3985 2116 φιλαν-

2411 2134 2658 2203 θρωπίας
2698 2137 2795 2204 τὴν
2827 2137 3146 2204 παραίνεσιν
3181 2137 3330 2206 αὐτῷ
3370 2139 3692 2207 προτείνωνδ
3723 2140 3984 2209 Πείσθητί

2412 2244 2524 2297 μοι,
2556 2229 2730 2295 ἔλεγε,
2764 2229 3087 2294 Παντόλεον,
3125 2231 3218 2280 καὶ
3255 2229 3445 2282 θυσίαν
3484 2233 3820 2300 προσένεγκε
3876 2235 3983 2294 τοῖς

2409 2319 2569 2380 θεοῖς⁹
2608 2319 2639 2385 ἢ
2673 2319 2768 2385 οὐχ
2797 2321 2954 2388 ὁρᾷς,
3014 2320 3094 2371 ὃτι
3133 2321 3246 2371 ὅσοι
3281 2319 3437 2372 τοῦτο
3472 2321 3692 2389 ποιῆσαι
3747 2323 3988 2392 ἠπείθη-

2409 2427 2528 2475 σαν,
2590 2409 2898 2481 βαρυτάτας
2939 2411 3188 2474 κολάσεις
3225 2413 3316 2463 καὶ
3367 2410 3596 2463 θάνατον
3657 2413 3818 2480 ἔσχον
3885 2415 3982 2482 τῆς

2409 2504 2687 2565 ἀπειθείας
2729 2505 3015 2568 ἀντίδοσιν;
3056 2504 3149 2556 κλὶ
3207 2506 3418 2573 μάρτυς
3476 2505 3663 2556 τούτου
3695 2506 3720 2554 ὁ
3754 2505 3861 2573 πρὸ
3893 2522 3982 2573 μι-

2407 2596 2542 2664 κροῦ
2583 2596 2781 2657 ἀθλίως
2838 2595 2930 2647 τοῦ
2981 2597 3081 2666 ζῇν
3133 2597 3470 2667 ἀπορῤαγεῖς
3509 2598 3771 2666 Ἀνθιμος
3803 2598 3829 2646 ό
3888 2594 3980 2662 γέ-

2409 2707 2537 2760 ρων.
2579 2689 2718 2756 Ἐγὼ
2748 2691 2804 2741 δέ
2841 2707 2932 2741 σου
2967 2691 3200 2757 κήδομαι
3236 2690 3332 2758 τῆς
3368 2691 3615 2759 νεότητος
3642 2692 3736 2741 καὶ
3764 2690 3826 2742 οὐ
3856 2689 3980 2759 βου-

2405 2781 2565 2850 λομαι
2605 2780 2774 2842 οὕτως
2806 2779 2989 2842 κακῶς
3027 2780 3344 2834 ἀπολέσθαι.
3388 2781 3525 2833 Ἰσθι
3566 2784 3696 2850 γάρ,
3725 2783 3809 2834 ὅτι
3857 2781 3984 2833 πολ-

2404 2872 2490 2924 λαί
2528 2890 2586 2922 σε
2627 2873 2722 2924 καὶ
2783 2872 3014 2941 χαλεπαὶ
3051 2872 3376 2933 διαδέξονται
3439 2872 3657 2941 βάσανοι
3720 2873 3823 2942 τῆς
3885 2875 3979 2924 aii-

2403 2963 2503 3030 τῆς
2540 2963 2797 3032 ἐχόμενον
2824 2962 3127 3024 ἀπειθείας.

2473 3147 2594 3211 ις’.
2620 3145 2726 3198 Κοιί
2745 3145 2775 3203 ὁ
2799 3144 3116 3198 Παντολέων
3135 3144 3230 3208 τὰς
3264 3146 3361 3216 μὲν
3393 3148 3747 3217 παραινέσεις
3771 3149 3849 3211 ὡς
3882 3167 3977 3219 φας

2400 3239 2562 3308 νερὰν
2595 3238 2808 3306 ἀπάτην
2839 3237 3122 3301 ἐκκλίνων,
3154 3240 3252 3299 τας
3280 3238 3507 3295 ἀπειλάς
3535 3239 3589 3289 δὲ
3620 3239 3696 3299 ὡς
3752 3241 3976 3293 ἀσθενεο

2400 3331 2595 3395 στερας
2626 3332 2719 3380 καὶ
2774 3330 3066 3398 ὀνειράτων
3107 3328 3473 3399 περιφρονῶν·
3510 3330 3659 3398 Μηδὲ
3707 3334 3976 3402 παραινέ-

2399 3419 2974 3489 σεσιν,ἒφη,βασιλεῦ,
3003 3419 3112 3472 οἵου
3147 3438 3214 3488 με
3248 3420 3482 3486 πείσειν,
3516 3428 3652 3491 μήτε
3689 3426 3977 3497 καταπλή-

2401 3511 2512 3575 ξειν
2539 3515 2653 3574 ταῖς
2680 3513 2952 3574 ἀπειλαῖς.
2978 3515 3041 3565 Τί
3072 3515 3176 3583 γὰρ
3207 3515 3238 3578 ἢ
3267 3511 3371 3564 τῶν
3394 3515 3485 3566 τοῦ
3515 3518 3726 3580 κόσμου
3753 3520 3974 3584 ἀγαθῶν

2396 3603 2698 3671 αἱρήσει,ἢ
2751 3605 2856 3652 τὼν
2890 3604 3135 3670 φοϋερῶν
3166 3603 3426 3668 δειδίξεται
3476 3603 3567 3653 τὸν
3624 3608 3724 3674 οὐχ
3786 3609 3974 3667 ἁπλῶς

2395 3695 2630 3746 Θανάτου
2668 3696 3135 3765 καταφρονοῦντα,
3172 3697 3307 3749 ἀλλὰ
3349 3699 3437 3749 καὶ
3472 3700 3750 3768 μακάριον
3780 3701 3971 3755 τοῦτον

2395 3788 2488 3837 x11
2518 3789 2780 3852 ἐράσμιον
2814 3785 2953 3837 εἶναι
2990 3789 3078 3840 διὰ
3116 3787 3348 3856 Χριστὸν
3379 3791 3758 3857 λογιζόμενον;
3799 3795 3897 3855 τὰς
3918 3796 3970 3845 δὲ

2395 3878 2533 3946 ὑπὲρ
2565 3878 2727 3928 αὐτοῦ
2784 3878 3049 3947 βασάνους
3104 3879 3356 3933 τοσοῦτον
3405 3882 3595 3951 ἀπέχω
3644 3884 3970 3951 δεδοικέναι,

2393 3969 2533 4021 ὥστε
2562 3972 2653 4022 καὶ
2691 3971 2896 4039 ζημίαν
2948 3972 3007 4024 οὐ
3046 3977 3251 4042 μικράν
3286 3975 3519 4044 ἥγημαι,
3560 3976 3608 4028 εί
3641 3977 3718 4045 μὴ
3754 3979 3970 4040 πλείους

2394 4062 2503 4113 εἷεν
2532 4064 2622 4114 καὶ
2653 4064 3034 4132 χαλεπώταται
3096 4067 3189 4118 καὶ
3226 4067 3323 4135 τὴν
3370 4073 3498 4138 περὶ
3537 4071 3740 4133 ταύτας
3780 4075 3973 4140 φιλαν-

2393 4155 2641 4224 θρωπίαν
2671 4159 2845 4226 πάσης
2875 4159 3160 4228 ὠμότητος
3192 4160 3415 4231 τίθεμαι
3470 4163 3802 4233 βαρυτέραν·
3836 4168 3970 4235 ἀμέ-

2393 4247 2472 4301 λει
2524 4253 2623 4303 καὶ
2681 4250 2943 4318 ’Δνθιμον
3027 4254 3116 4304 τὸν
3160 4255 3340 4316 καλὸν,
3379 4255 3476 4324 οὐχ
3521 4255 3596 4316 ὡς
3656 4257 3721 4307 σὺ
3761 4257 3968 4322 ἄθλιον,

2392 4343 2526 4393 ἀλλά
2563 4348 2655 4394 καὶ
2696 4344 2900 4413 σφόδρα
2934 4345 3205 4417 μακάριον
3238 4344 3374 4401 εἶναι
3401 4352 3573 4421 κρίνω
3607 4353 3702 4402 καὶ
3737 4354 3832 4404 τὸν
3870 4356 3966 4405 αὑ-

2391 4436 2484 4488 τοῦ
2526 4435 2752 4489 θάνατον
2790 4437 2933 4508 ζωῆς
2983 4442 3310 4512 προτίθεμαι
3354 4446 3554 4513 πάσης,
3608 4446 3692 4496 ὅτι
3739 4449 3966 4515 τοιούτῳ

715 4536 820 4590 ﬁne
860 4534 1021 4588 talem
1054 4532 1270 4586 ornavit
1300 4537 1661 4592 senectutem,
1694 4536 1748 4581 et
1782 4529 2001 4581 canitiei
2034 4529 2277 4581 alborem

2401 4524 2532 4584 τέλει
2564 4528 2622 4579 τὸ
2655 4529 2850 4598 σεμνὸν
2885 4532 3161 4601 ἐκόσμησε
3189 4534 3358 4602 γῆρας
3400 4533 3494 4584 καὶ
3526 4534 3834 4605 λευκότητα
3873 4553 3966 4589 που

709 4625 974 4696 sanguine
1031 4622 1340 4676 cruentavit
1398 4622 1664 4691 martyrii.
1721 4619 1877 4686 Quod
1917 4621 1961 4675 si
2017 4621 2127 4688 ille,
2188 4623 2280 4691 qui

711 4727 830 4774 erat
875 4726 983 4771 tam
1012 4725 1285 4785 provectae
1315 4715 1512 4776 aetatis.
1549 4713 1685 4766 adeo
1719 4713 1915 4766 fortem
1945 4723 2001 4767 et
2025 4725 2284 4768 constan~

710 4823 818 4867 tem
851 4823 910 4863 se
938 4807 1200 4868 ostendit,
1231 4820 1335 4868 me,
1367 4806 1458 4874 qui
1491 4819 1612 4858 sum
1637 4805 1816 4859 adhuc
1840 4806 2068 4872 juvenili
2100 4815 2278 4864 aetate.

709 4915 831 4969 qua:
854 4914 965 4952 non
996 4905 1218 4966 oportet
1259 4895 1440 4964 gravia
1475 4905 1773 4958 sustinere,
1808 4902 1866 4947 ut
1898 4895 2112 4956 iisdem.
2162 4897 2283 4962 qui-

709 4995 813 5046 bus
859 5003 1044 5053 senex,
1088 4988 1306 5042 coronis
1351 4987 1543 5055 dignus
1577 4988 1815 5041 habear?
1839 4985 1958 5041 Non
1991 5001 2118 5057 ergo
2152 5003 2278 5056 per-

711 5084 992 5145 suadebis.
1025 5096 1135 5136 non
1177 5079 1535 5150 expugnabis,
1572 5095 1682 5134 non
1723 5097 1823 5134 nos
1858 5082 1925 5135 ab
1967 5081 2068 5136 hac
2109 5083 2282 5135 abdu-

709 5196 799 5234 ces
840 5176 1188 5235 confessione
1240 5193 1253 5227 :
1306 5191 1412 5229 non
1467 5190 1561 5242 per
1601 5190 1754 5231 sacra
1805 5175 1939 5230 mihi
1983 5186 2037 5232 et
2095 5178 2284 5232 divina

709 5273 882 5340 signa,
931 5270 1141 5336 quibus
1171 5281 1270 5339 ego
1301 5267 1476 5320 factus
1521 5281 1642 5320 sum
1682 5268 1885 5322 certior
1925 5270 1991 5322 de
2026 5272 2277 5323 veritate.

709 5363 948 5418 Patriam
975 5363 1122 5415 enim
1154 5362 1363 5428 pudore
1391 5359 1686 5421 allecerim.
1719 5371 1770 5414 et
1803 5361 2012 5425 matris,
2043 5377 2163 5428 qua:
2193 5375 2277 5413 me

709 5463 942 5524 peperit.
995 5451 1274 5521 pietatem,
1311 5467 1344 5504 a
1381 5467 1486 5520 qua
1540 5452 1592 5503 in
1632 5450 1697 5502 iis
1741 5466 1860 5517 qua:
1902 5451 1968 5503 ad
2015 5451 2273 5518 pietatem

712 5546 1002 5612 pertinent,
1050 5541 1279 5611 pulchre
1323 5541 1473 5608 prius
1521 5540 1596 5594 fui
1652 5539 1995 5604 informatus.
2048 5551 2102 5594 et
2149 5557 2272 5596 curn

706 5653 810 5704 qua
851 5636 907 5690 in
941 5637 1158 5689 aeternis
1205 5634 1576 5689 tabernaculis
1617 5646 1852 5700 prepero
1907 5639 2269 5701 requiescere.

707 5730 834 5784 Hinc
879 5731 1013 5784 dixit
1062 5729 1385 5792 Pantaleon,
1436 5736 1489 5782 et
1527 5727 1716 5797 paucis
1752 5728 2017 5790 ostendit,
2059 5730 2273 5798 qualem

713 5824 887 5878 virum
917 5823 1228 5878 oll‘endisset
1260 5823 1304 5878 is
1328 5823 1416 5892 qui
1449 5810 1515 5878 dc
1543 5821 1771 5892 sceptris
1801 5833 1850 5878 et
1883 5821 2079 5876 throno
2114 5836 2169 5876 se
2195 5821 2275 5890 ja-

2392 4618 2511 4682 λιᾶς
2556 4621 2748 4690 αἵματι
2788 4623 3021 4690 ἐφοίνιξε
3063 4627 3389 4692 μαρτυρίου.
3443 4625 3502 4677 Ei
3534 4626 3590 4678 δέ
3631 4631 3844 4693 ἐκεῖνος
3877 4631 3966 4683 0'5-

2387 4729 2493 4775 τως
2542 4715 2762 4782 ἡλικίας
2809 4714 2967 4780 ἔχων,
3017 4715 3191 4777 οὕτως
3227 4717 3399 4786 ἐφάνη
3449 4723 3806 4789 καρτερικὸς,
3864 4723 3966 4790 ἐμὲ

2385 4806 2476 4855 τὸν
2520 4803 2755 4856 ἐνταῦθα
2793 4805 3039 4873 νεότητος
3065 4806 3216 4871 ὄντα,
3244 4811 3393 4859 ποῖον
3452 4811 3511 4862 οὐ
3544 4815 3624 4861 δεῖ
3654 4813 3766 4861 τῶν
3799 4811 3960 4880 χαλε-

2386 4898 2503 4950 πῶν
2539 4898 2855 4965 ὑποστῆναι,
2896 4899 2978 4950 ἵνα
3018 4900 3126 4952 τῶν
3153 4904 3280 4954 ἴσων
3311 4903 3384 4972 τῷ
3427 4903 3652 4972 γέροντι
3670 4912 3961 4974 στεφάνων

2383 4989 2623 5054 ἀξιωθῶ;
2674 4989 2750 5041 Οὐ
2808 4991 2989 5043 τοίνυν
3023 4992 3253 5058 πείσεις,
3302 4995 3400 5062 οὐχ
3457 4995 3730 5065 αἱρήσεις,
3765 5002 3828 5050 ob
3862 5002 3958 5066 τῆς

2384 5082 2674 5152 ὁμολογίας
2713 5081 2915 5152 ταύτης
2950 5087 3237 5153 ἐκστήσεις
3279 5086 3449 5155 ἡμᾶς,
3497 5086 3745 5155 βασιλεῦ,
3784 5090 3847 5140 οὐ
3885 5095 3961 5154 μα

2385 5181 2452 5230 τὰ
2491 5177 2612 5244 ἱερά
2645 5194 2736 5245 μοι
2780 5179 2874 5229 καὶ
2909 5179 3028 5230 θεῖα
3064 5178 3363 5248 μαρτύρια,
3401 5174 3480 5242 οἷς
3522 5178 3634 5248 ἐγὼ
3682 5181 3962 5252 πεπληρο-

2383 5266 2631 5334 φόρημαι
2670 5266 2768 5334 τὴν
2816 5266 3096 5337 ἀλήθειανο
3155 5269 3520 5338 αὶσχυναίμην
3579 5269 3690 5338 γάρ
3751 5272 3821 5324 ἂν
3871 5277 3962 5326 καὶ

2382 5359 2616 5427 πατρίδα
2652 5359 2744 5409 καὶ
2776 5360 2870 5428 τῆς
2913 5359 3014 5428 ἐμέ
3045 5359 3309 5429 τεκούσης
3345 5362 3554 5431 μητρὸς
3595 5366 3654 5414 τὸ
3683 5365 3956 5434 φιλόθεον.

2381 5446 2563 5522 παρ’ᾖ
2593 5468 2682 5518 μοι
2712 5450 2891 5513 καλῶς
2923 5453 3014 5502 καὶ
3038 5451 3103 5502 τά
3127 5451 3222 5519 τῆς
3247 5454 3525 5515 εὐσεϐείας
3552 5457 3959 5525 apsum-moon

2380 5544 2471 5595 καὶ
2510 5537 2645 5615 ᾗπερ
2677 5546 2731 5595 ἐν
2769 5547 2992 5613 σκηναῖς
3035 5546 3272 5608 αἰωνίοις
3297 5549 3787 5602 συναναπαύεσθαι
3826 5564 3959 5600 χατ-

2381 5637 2696 5704 επείγομαι.
2763 5639 2908 5702 Ἔφη
2948 5637 3121 5690 ταῦτα
3149 5641 3174 5691 ὁ
3203 5637 3544 5706 Παντολέων,
3585 5647 3678 5694 καί
3704 5642 3797 5692 διὰ
3827 5641 3960 5708 βρα-

2377 5731 2513 5800 χέων
2544 5729 2845 5792 ὑπέδειξεν,
2875 5728 2970 5798 οἵῳ
3003 5730 3428 5800 προσὸεόληκὼς
3465 5729 3530 5804 ἦν
3560 5736 3586 5785 ὁ
3618 5734 3731 5793 τοῖς
3780 5734 3954 5799 σκήπν

2377 5841 2523 5893 τροις
2558 5824 2648 5876 καὶ
2670 5823 2744 5891 τῷ
2767 5823 2936 5894 θρόνῳ
2966 5823 3497 5896 μεγαλαυχούμενος,
3519 5824 3612 5880 καὶ
3643 5827 3721 5881 ὅτι
3756 5827 3958 5880 ἐκεῖνον·
