4170 6322
231 400 344 469 £65

1360 407 1532 466 VITA
1573 408 1630 467 S.
1673 407 1761 466 ΡΑ
1774 407 2334 470 NTELEEMONIS.

3357 396 3470 467 566

232 518 449 571 πείσειν
507 516 728 580 ἐλπίσας
785 518 985 588 δικτύῳ
1020 515 1278 587 θηράσειν
1307 517 1479 587 αὕρας
1508 517 1736 587 ἧλπισεν
1765 520 1779 570 i

1902 517 2103 573 ctabat.
2150 515 2515 583 Quamobrem
2555 531 2678 572 cum
2711 517 2966 581 nesciret,
3007 536 3238 589 quanam
3282 534 3473 591 posset

226 610 393 663 ἀστὶν
423 608 562 662 ἑλεῖν
618 611 675 662 ὲν
716 610 965 680 νεφέλαις
1000 609 1459 680 ὑπεριπτάμενον.
1487 608 1650 662 Ὅθεν
1700 608 1794 661 καὶ

226 698 454 769 ἀπορῶν
483 699 573 751 τοῦ
626 700 854 765 πείθειν,
890 703 1083 771 πεῖραν
1128 700 1278 770 αὖτῷ
1313 699 1525 764 καθῆκε
1570 700 1670 769 τὴν
1705 699 1793 753 διὰ

222 784 337 837 τῶν
366 787 632 854 βασάνων,
670 787 697 840 ὃ
746 788 846 858 τῆς
879 788 1123 853 ἐξουσίας
1166 784 1252 858 ἦν,
1306 790 1427 859 οὐχὶ
1470 789 1569 858 τῆς
1602 788 1792 858 σοφίας

223 880 322 931 καὶ
354 880 449 949 τῆς
488 881 823 951 φρονήσεως.

299 968 396 1025 lZ'.
433 973 538 1024 Καὶ
568 974 760 1042 πρῶτα
794 973 892 1042 μὲν
923 972 1077 1037 ξύλου
1100 975 1383 1044 ἀπήρτητο
1428 974 1523 1027 καὶ
1557 974 1792 1044 σιδηροῖς

219 1063 249 1112 6
287 1064 495 1131 μάρτυς
521 1065 666 1129 ὄνυξι
695 1066 997 1132 κατεξὲετο’
1030 1067 1164 1138 πρὸς
1186 1067 1241 1119 δὲ
1273 1066 1367 1120 καὶ
1392 1066 1670 1136 λαμπάδες
1695 1084 1795 1117 πυ-

220 1155 320 1223 ρ³ις
349 1160 467 1219 ταῖς
496 1158 660 1210 αὐτοῦ
695 1158 954 1228 πλευραῖς
986 1159 1328 1212 ὑπεκαίοντο.
1374 1159 1432 1213 Ὀ
1479 1160 1536 1212 δὲ
1566 1160 1626 1211 οὐ
1672 1162 1793 1222 ταῖς

221 1249 462 1317 πληγαῖς
491 1251 580 1302 καὶ
612 1254 730 1314 ταῖς
762 1255 1045 1316 καύσεσιν,
1078 1253 1216 1305 ἀλλὰ
1244 1251 1320 1322 τῷ
1352 1253 1637 1323 δυναμένῳ
1663 1252 1789 1322 βοη-

219 1339 340 1393 θεῖν
372 1344 621 1412 προσεῖχε
656 1344 748 1394 καὶ
776 1344 836 1395 τὸ
868 1344 1020 1413 ὄμμα
1043 1344 1213 1414 αἴρων
1234 1344 1312 1407 είς
1338 1344 1587 1415 οὐρανὸν,
1620 1361 1786 1413 προσ-

223 1430 427 1498 ηύχετο
461 1432 553 1483 καὶ
608 1434 694 1486 διὰ
723 1435 880 1486 τοῦτο
910 1436 1089 1506 παρῆν
1116 1435 1275 1499 εὐθὺς
1301 1437 1329 1487 6
1382 1437 1666 1507 ῥυόμενος·
1699 1438 1793 1489 καὶ

217 1518 247 1567 ὁ
297 1520 530 1593 Χριστὸς
581 1524 638 1574 ὲν
674 1524 914 1595 σχήματι
955 1525 1256 1596 Ἑρμολάου
1306 1528 1593 1597 ἐπιφανεὶς
1646 1528 1793 1597 αὐτῷ

216 1610 316 1662 τοῦ
378 1612 703 1682 πρεσϐύτου,
756 1618 1087 1685 παρακαλῶν
1142 1615 1209 1689 ἦν
1239 1620 1382 1673 πάνυ
1414 1621 1649 1689 γνησίως
1700 1621 1793 1674 καὶ

217 1702 629 1773 άνακτώμενο;’
672 1708 813 1775 Ἐγὼ
844 1712 950 1778 γάρ
978 1713 1092 1779 εἰμι
1122 1713 1257 1779 μετὰ
1289 1712 1402 1771 σοῦ,
1436 1712 1625 1783 ὥσπερ
1653 1715 1791 1783 πρό-

214 1811 381 1865 τερον
404 1797 505 1866 ἔφη
534 1801 648 1860 τοῖς
693 1801 1031 1865 ἀποστόλοις,
1081 1804 1137 1854 ἐν
1170 1795 1336 1855 πᾶσιν
1363 1798 1443 1866 οἷς
1475 1805 1699 1875 πάσχων
1725 1807 1791 1858 δι’

1904 611 2118 665 ratione
2171 610 2529 680 persuadere,
2576 618 2831 680 expertus
2880 621 2965 666 est
3004 626 3099 681 per
3144 620 3463 669 tormenta:

1901 700 2044 768 quod
2104 710 2221 753 erat
2290 699 2597 768 potestatis,
2664 714 2775 755 non
2828 710 3011 755 autem
3081 702 3360 772 sapientia:
3410 712 3467 760 et

1900 793 2223 862 prudentia).

1971 972 2133 1030 XVII.
2184 973 2249 1028 Et
2292 976 2527 1043 primum
2571 975 2792 1045 quidem
2844 976 2897 1029 in
2942 976 3088 1047 ligno
3129 976 3231 1032 fuit
3266 993 3467 1048 appen-

1899 1078 2016 1127 sus,
2070 1072 2125 1118 et
2174 1063 2367 1118 ferreis
2412 1072 2615 1135 martyr
2662 1065 2968 1120 laniabatur
3031 1068 3272 1135 ungulis.
3325 1067 3467 1124 Prm-

1904 1166 2049 1209 terea
2090 1166 2273 1211 autem
2317 1156 2457 1227 ignis
2480 1172 2697 1226 quoque
2743 1157 3019 1227 lampades
3062 1158 3325 1214 lateribus
3348 1161 3467 1231 ejus

1901 1249 2353 1303 admovebantur.
2388 1249 2481 1303 llle
2514 1264 2645 1303 vero
2672 1265 2781 1303 non
2827 1251 2995 1323 plagis
3039 1260 3094 1306 et
3133 1252 3464 1319 ustiouibus,

1900 1339 1994 1394 sed
2048 1339 2098 1393 ei
2156 1340 2250 1408 qui
2318 1347 2495 1409 potest
2555 1328 2717 1411 opem
2786 1341 2950 1404 ferre,
3013 1342 3351 1406 attendebat,
3413 1352 3469 1399 et

1901 1433 2086 1487 oculos
2137 1432 2191 1485 in
2244 1431 2443 1488 coelum
2489 1433 2703 1507 tollens,
2755 1434 2963 1490 orabat.
3012 1435 3077 1489 Et
3122 1435 3243 1491 ideo
3282 1434 3465 1491 statim

1901 1521 2074 1577 adfuit
2127 1522 2407 1589 liberator,
2440 1532 2495 1578 et
2545 1523 2791 1579 Christus
2844 1539 3115 1593 apparens
3168 1525 3221 1579 in
3279 1525 3466 1581 habitu

1904 1615 2175 1672 Hermolai
2220 1617 2389 1681 senis,
2436 1631 2560 1672 eum
2594 1632 2720 1671 vere
2747 1633 2811 1671 ao
2842 1632 3101 1685 germane
3142 1616 3465 1673 consolaba-

1902 1720 1991 1763 tur
2035 1719 2085 1763 et
2131 1709 2456 1762 recreabat:
2506 1709 2616 1777 Ego
2653 1708 2798 1762 enim
2844 1723 2964 1762 sum
3012 1719 3214 1774 tecum,
3254 1708 3463 1772 dicens.

1902 1798 1955 1853 in
2007 1800 2284 1864 omnibus,
2352 1800 2404 1853 in
2456 1801 2656 1869 quibus
2706 1810 2930 1871 propter
2986 1815 3073 1855 me
3125 1801 3361 1869 patiens,
3410 1809 3467 1856 to

214 1890 320 1958 ἐμὲ
356 1895 663 1962 καρτεριϊς·
713 1895 806 1945 καὶ
836 1894 917 1947 ὅτι
966 1897 1166 1965 παρῆν,
1212 1898 1436 1969 ἐγγὺςή
1496 1899 1779 1966 ἀπόδειξις.

1896 1889 2111 1953 fortiter
2155 1892 2318 1961 geris.
2370 1892 2525 1956 Quod
2583 1902 2764 1949 autem
2822 1892 3063 1951 adesset.
3111 1906 3219 1945 non
3274 1893 3462 1960 procul

216 1981 374 2050 Ἅμα
399 1986 504 2053 γάρ
558 1985 652 2035 καὶ
687 1985 742 2035 αί
770 1985 877 2039 τῶν
909 1987 1121 2056 δημίων
1155 1992 1415 2059 ’παρεῖντο
1454 1993 1657 2060 χεῖρες,
1695 1994 1788 2046 καὶ

215 2076 274 2126 at
304 2075 581 2142 λαμπάδες
615 2076 956 2143 ὲσϐἐννυντο,
987 2080 1077 2131 καὶ
1113 2082 1140 2131 6
1169 2080 1419 2146 βασιλεὺς
1450 2086 1540 2134 καὶ
1571 2084 1663 2137 τοῦ
1696 2103 1787 2137 κο-

212 2166 401 2229 λάζειν
426 2168 586 2219 πλέον
606 2167 882 2237 ἀπείχετο.
901 2169 1125 2223 Κελεύει
1147 2175 1436 2244 τοιγαροῦν
1465 2175 1626 2229 αὑτὸν
1651 2194 1784 2230 κατ-

210 2259 499 2328 ενεχθῆναι
550 2260 646 2313 τοῦ
682 2261 865 2328 ξύλου,
924 2264 1024 2317 οὐκ
1083 2265 1249 2318 ἐλεῶν
1282 2268 1500 2337 μᾶλλον,
1537 2270 1651 2323 ἀλλ’
1680 2272 1706 2324 ὅ
1736 2289 1789 2325 τι

214 2348 477 2416 πράξοιτο
515 2350 788 2422 διαπορῶν
820 2352 914 2404 καὶ
943 2354 1036 2405 τοῦ
1090 2353 1334 2421 πλείονος
1361 2358 1484 2427 τόγε
1512 2359 1644 2427 γοῦν
1682 2361 1785 2414 ὑπὸ

211 2438 314 2510 τῆς
349 2441 461 2494 ἄνω
506 2445 687 2513 χειρὸς
732 2445 1072 2513 είργόμενος.
1124 2445 1255 2501 Εἶτα
1295 2450 1580 2521 προσεχὼν
1611 2454 1781 2523 αὐτῷ,

212 2530 314 2595 Τίς
353 2534 385 2603 ἠ
427 2536 589 2603 τέχνη
625 2534 762 2606 αὕτη
801 2535 901 2604 τῆς
947 2538 1220 2605 γοητείας,
1253 2538 1427 2608 ἔλεγε,
1462 2543 1781 2608 Παντόλεον,

208 2622 245 2690 ἦ
276 2637 355 2672 σοι
386 2623 474 2673 καὶ
508 2623 604 2685 τὰς
637 2624 923 2694 λαμπάδας
952 2627 1142 2681 ἔσϐεσε
1175 2632 1265 2682 καὶ
1294 2634 1420 2692 τοὺς
1451 2619 1782 2705 δορυφόρους

210 2715 271 2765 ὲν
295 2714 485 2784 ἀτονία
508 2717 845 2787 κατέστησεν
870 2736 884 2785 ;
925 2719 982 2773 Ὀ
1010 2721 1087 2772 δέ·
1127 2722 1190 2774 'll
1218 2723 1343 2793 ἐμὴ,
1374 2722 1503 2795 ἔφη,
1533 2730 1780 2794 γοητεία,

210 2804 448 2875 Χριστός
475 2807 641 2871 ἐστιν,
676 2808 735 2871 ὂς
772 2812 862 2864 καὶ
891 2812 1223 2884 παρίσταταί
1251 2833 1339 2885 μοι
1375 2816 1547 2870 ταῦτα
1577 2818 1781 2889 διενερ-

207 2897 347 2964 γῶν.
404 2899 463 2952 Et
513 2899 605 2952 οὖν
642 2903 912 2971 μείζονας,
946 2908 973 2958 6
1018 2906 1268 2975 βασιλεὺς
1307 2907 1478 2975 εἶπεν,
1510 2913 1780 2982 ἐπάξομαι

203 2988 309 3052 τὰς
346 2991 632 3058 βασάνους,
676 2995 728 3045 τί
764 3012 888 3048 ποτε
945 2998 1199 3068 δράσειςς
1237 3002 1305 3053 Τί
1333 3002 1481 3068 ἄλλο,
1541 3007 1705 3074 φησὶν
1755 3008 1783 3060 6

208 3081 446 3151 μάρτυς,
481 3083 512 3147 ἦ
548 3084 641 3135 καὶ
668 3081 829 3147 αὐτὸς
866 3087 1129 3153 μειζόνων
1164 3090 1459 3145 ἀπολαύσω
1489 3094 1596 3146 τῶν
1627 3098 1780 3149 ἀντι-

203 3174 447 3243 Mileum;
488 3174 723 3230 Ἥκονεν
758 3178 790 3248 ἡ
830 3180 1060 3251 πονηρία
1092 3183 1184 3234 καὶ
1220 3184 1416 3253 πεῖραν
1468 3184 1774 3255 ἐπήγαγεν·
1809 3219 1850 3276 c

202 3266 333 3320 οὔτε
370 3269 479 3339 γὰρ
518 3271 795 3323 πιστεύειν
853 3271 967 3343 ᾔδει
1023 3276 1133 3336 τοῖς
1182 3275 1429 3342 ἀγαθοῖς,
1490 3277 1614 3330 οὕτε
1670 3280 1780 3333 τῶν

206 3359 561 3428 βλαπτόντων
611 3362 887 3434 ἀπείχετο.
953 3364 1234 3418 Ἐκέλευεν
1267 3362 1359 3420 οὖν
1396 3367 1599 3440 λέϐητα
1634 3372 1779 3443 σιδη-

206 3450 360 3520 ροῦν,
394 3444 437 3518 ᾧ
469 3450 715 3519 μόλιϐδος
747 3454 892 3520 ἐνῆν,
938 3459 1304 3525 παραχθῆναι,
1363 3461 1494 3528 πυρί
1527 3479 1583 3513 τε
1617 3464 1778 3518 αὐτὸν

198 3541 453 3595 κάτωθεν
476 3543 836 3597 ὑποκαίεσθαι
865 3547 958 3598 καὶ
985 3547 1161 3617 τούτῳ
1186 3549 1275 3601 τὸν
1311 3550 1547 3622 ἀθλητὴν
1570 3555 1776 3624 ἐμϐλη-

199 3633 388 3704 θῆναι.
436 3634 586 3689 Ἐπεὶ
629 3636 684 3690 δὲ
716 3638 916 3709 σπουδῂ
970 3640 1030 3693 τὸ
1073 3641 1362 3696 κελευσθὲν
1398 3643 1614 3715 ἠνύετο,
1658 3646 1773 3707 ,ἀπο

198 3720 474 3797 αγὸμενος
506 3729 643 3797 πρὸς
666 3730 764 3800 τὴν
788 3732 1062 3801 τιμωρίαν
1086 3735 1113 3786 ὀ
1144 3734 1380 3804 μάρτυς,
1413 3736 1513 3807 τὴν
1545 3755 1776 3807 προσευσ-

197 3817 307 3889 χὴν
343 3819 504 3872 πάλιν
538 3820 613 3885 ῶς
647 3840 700 3876 τι
732 3823 1054 3893 σϐεστήριον
1081 3827 1176 3879 irai.
1204 3828 1548 3898 παράκλησιν
1575 3832 1775 3895 ἱκανῶς

195 3907 506 3978 ἀναψύχειν
571 3911 734 3961 αὐτον
772 3912 1101 3983 δυναμένην,
1126 3914 1393 3984 λαμϐάνει
1424 3917 1501 3985 τῷ
1545 3918 1774 3986 στόματι

194 4001 300 4059 καὶ
332 4000 535 4073 ταύτην
578 4000 672 4054 τοῦ
704 4002 876 4056 δεινὸν
916 4005 1273 4071 ἀπειλοῦντος
1303 4009 1513 4063 ἐκείνου
1572 4013 1771 4081 κατῇδε

192 4093 448 4165 λέϐητοςο
482 4094 887 4160 Είσὰκουσον,
917 4100 948 4150 ό
974 4098 1138 4164 Θεὸς,
1172 4100 1377 4169 φωνῆς
1394 4120 1533 4171 μου,
1566 4103 1769 4171 λέγων,

192 4188 274 4240 ἐν
303 4185 385 4251 τῷ
422 4185 664 4243 δέεσθαί
692 4205 769 4259 με
802 4190 950 4259 πριλς
999 4190 1093 4254 σὲ,
1147 4191 1265 4246 ἀπὸ
1323 4195 1511 4262 φόϐου
1558 4195 1772 4264 ἐχθροῦ

187 4278 419 4343 ἐξελοῦ
474 4280 587 4346 τὴν
620 4281 834 4348 ψυχήν
861 4299 996 4350 μου.
1045 4284 1364 4338 Σκέπασόν
1393 4303 1467 4355 με
1508 4288 1626 4342 ἀπὸ
1659 4305 1771 4341 συ-

191 4368 475 4440 στροφῆς
519 4374 1037 4441 πονηρευομένων,
1083 4376 1201 4430 ἀπὸ
1238 4377 1509 4445 πλήθους
1542 4378 1773 4448 ἐργαζο-

184 4466 397 4535 μένων
421 4466 679 4520 ἀδικίαν.
721 4466 909 4531 Οὕτως
962 4467 1183 4536 ηῦξατο,
1225 4472 1320 4523 καὶ
1359 4469 1516 4537 αὖθις
1551 4476 1609 4527 ὲν
1638 4476 1769 4529 εῖδει

1892 1983 2064 2037 abfuit
2103 1985 2379 2053 probatio.
2408 1984 2540 2038 Nam
2582 1986 2745 2039 simul
2791 1987 2981 2039 laxatae
3015 1984 3236 2040 fuerunt
3267 1998 3463 2039 manus

1893 2077 2166 2144 lictorum,
2200 2078 2480 2132 exstinctae
2513 2093 2733 2149 quoque
2762 2085 2889 2133 sunt
2917 2078 3284 2145 lampades.et
3317 2092 3346 2131 a
3372 2090 3465 2131 ca-

1889 2170 2138 2237 stigando
2195 2171 2459 2224 abstinuit
2509 2172 2827 2238 imperator,
2859 2180 2916 2225 et
2965 2171 3123 2239 plane
3174 2170 3465 2226 dubitabat

1885 2260 2019 2329 quid
2052 2269 2257 2329 ageret.
2285 2259 2450 2315 lubet
2483 2276 2612 2330 ergo
2644 2275 2768 2315 eum
2800 2261 3017 2316 demitti
3050 2262 3117 2315 de
3147 2261 3313 2332 ligno,
3349 2275 3462 2319 non

1888 2354 2034 2424 quod
2078 2354 2450 2417 misereretur,
2478 2354 2571 2409 sed
2601 2355 2780 2423 p0lius
2805 2356 2951 2425 quod
2994 2355 3152 2424 plane
3199 2357 3454 2421 nesciret,

1887 2446 2017 2515 quid
2056 2455 2261 2517 ageret.
2304 2445 2506 2499 Deinde
2540 2447 2761 2515 propius
2813 2448 3084 2502 accedens
3134 2466 3146 2500 :
3196 2447 3457 2513 Quanam

1887 2543 1991 2599 est,
2044 2536 2240 2603 inquit,
2293 2550 2327 2589 o
2372 2534 2695 2598 Pantoleon,
2736 2550 2825 2589 ars
2870 2534 3287 2605 praestigiarum,
3339 2550 3461 2604 qua:

1886 2626 1980 2679 tibi
2013 2626 2271 2682 exstinxit
2298 2627 2595 2695 lampades,
2628 2638 2681 2681 et
2714 2628 3038 2681 satellitibus
3064 2628 3205 2682 vires
3231 2637 3284 2681 et
3307 2627 3458 2698 vigo-

1885 2733 2000 2773 rem
2051 2717 2314 2775 abstulit?
2364 2719 2453 2772 Ille
2498 2731 2705 2783 autem,
2754 2718 3124 2787 Meae,inquit,
3175 2720 3461 2789 praestigias

1884 2816 1968 2861 est
2001 2807 2269 2870 Christus,
2296 2808 2384 2877 qui
2412 2808 2575 2861 etiam
2608 2808 2762 2861 adest
2792 2807 2924 2860 mibi
2958 2806 3074 2860 haec
3110 2820 3365 2874 operans.
3397 2804 3457 2860 Si

1883 2914 2033 2966 ergo,
2079 2900 2273 2968 inquit.
2311 2901 2515 2966 majora
2560 2899 2656 2953 tibi
2689 2908 2959 2953 tormenta
3000 2897 3261 2969 indigam,
3297 2895 3458 2966 quid-

1882 3009 2007 3048 nam
2054 2994 2256 3049 l‘acies?
2289 2992 2430 3060 Quid
2460 2995 2626 3057 aliud,
2661 2994 2834 3063 inquit
2866 3003 3091 3064 martyr,
3138 3007 3300 3061 quam
3339 2994 3455 3063 ipse

1882 3074 2100 3157 queque
2134 3087 2371 3156 majores
2406 3102 2713 3155 consequar
2744 3085 3248 3145 remunerationes‘l
3283 3084 3455 3138 Audi-

1882 3180 1961 3233 \:it
2018 3178 2359 3247 improbitas,
2400 3186 2455 3233 et
2503 3177 2675 3231 voluit
2734 3178 2991 3247 experiri.
3056 3174 3243 3243 Neque
3301 3176 3453 3228 enim

1884 3268 2042 3322 bonis
2094 3279 2321 3322 noverat
2350 3270 2595 3330 credere,
2634 3282 2812 3337 neque
2853 3266 3164 3322 abstinebat
3196 3280 3226 3319 a
3271 3264 3448 3319 malis.

1878 3357 2047 3414 Jussit
2098 3375 2229 3430 ergo
2274 3358 2457 3413 aﬂ‘erri
2514 3359 2747 3413 lehetem
2806 3359 3068 3423 ferreum,
3125 3357 3211 3412 cui
3270 3357 3453 3411 inerat

1882 3454 2190 3522 plumbum,
2226 3453 2512 3523 ipsumque
2558 3453 2686 3521 igne
2720 3450 2933 3505 inferne
2981 3449 3265 3514 succendi,
3304 3457 3361 3504 et
3393 3448 3447 3504 in

1880 3561 2003 3601 cum
2057 3548 2314 3601 athletam
2368 3546 2537 3617 inji‘ci.
2594 3545 2885 3614 Postquam
2919 3552 3102 3598 autem
3159 3544 3452 3612 diligenter

1879 3638 2081 3693 factum
2114 3648 2216 3698 est.
2265 3640 2409 3707 quod
2454 3640 2667 3706 iussum
2721 3636 2920 3699 luerat,
2983 3651 3107 3690 cum
3156 3636 3448 3691 duceretur

1879 3739 2079 3799 martyr
2113 3730 2181 3785 ad
2219 3729 2577 3799 supplicium,
2616 3744 2809 3783 rursus
2842 3730 3147 3783 orationem
3186 3739 3445 3796 tanquam

1878 3824 1942 3877 ad
1989 3823 2444 3892 exstinguendum
2482 3832 2872 3892 comparatam,
2906 3832 2962 3877 et
2990 3821 3440 3885 consolationem,

1876 3933 1995 3987 quae
2044 3917 2174 3977 satis
2224 3918 2396 3987 possit
2446 3931 2570 3971 eum
2624 3915 2969 3987 refrigerare,
3025 3915 3191 3971 sumit
3233 3914 3287 3968 ia
3323 3930 3442 3979 ore,

1875 4020 1930 4063 et
1977 4024 2095 4063 eam
2151 4010 2205 4062 in
2264 4008 2487 4065 terribili
2546 4008 2642 4063 illo
2695 4008 2894 4067 cecinit
2949 4008 3124 4065 lebete
3157 4026 3170 4062 ι
3208 4005 3443 4071 Exaudi,

1878 4099 2034 4159 Deus.
2065 4115 2237 4153 vocem
2267 4115 2452 4163 meam,
2489 4100 2698 4160 dicens.
2730 4103 2852 4153 dum
2896 4116 2987 4153 oro
3022 4102 3091 4154 ad
3120 4110 3169 4154 te
3200 4116 3219 4155 :
3254 4100 3444 4154 timore

1875 4191 2075 4243 inimici
2110 4192 2293 4259 libera
2341 4192 2575 4244 animam
2614 4207 2810 4245 meum.
2858 4190 3081 4262 Protege
3132 4207 3212 4245 me
3245 4208 3278 4245 α
3318 4206 3444 4245 con-

1873 4293 2027 4338 uentu
2061 4285 2489 4354 malignantium,
2523 4301 2555 4337 a
2588 4284 2928 4339 multitudine
2975 4287 3311 4353 operantium
3339 4286 3443 4339 iui-

1873 4376 2128 4443 quitatem
2172 4377 2217 4432 '.
2262 4375 2352 4431 Sic
2392 4376 2585 4440 oravit,
2624 4387 2679 4431 et
2729 4392 2919 4432 rursus
2962 4376 3023 4431 in
3050 4375 3225 4433 forma
3264 4376 3440 4433 sancti

1872 4468 2024 4522 senis
2065 4466 2332 4523 Hermolai
2372 4468 2621 4523 Christus
2655 4472 2724 4523 ab
2759 4485 2824 4524 eo
2866 4470 3013 4525 visus
3059 4479 3165 4533 est;
3203 4479 3258 4524 et
3292 4470 3441 4525 lebe-

186 4556 293 4609 τοῦ
331 4556 476 4625 ἱεροῦ
512 4559 768 4629 γέροντος
808 4560 1110 4633 Ἐρμολάου
1137 4563 1165 4615 6
1208 4563 1443 4631 Χριστὸς
1474 4566 1623 4634 αὐτῷ
1669 4584 1769 4619 κα-

1882 4569 1983 4613 tem
2031 4574 2137 4616 una
2179 4574 2302 4613 cum
2339 4575 2406 4615 eo
2438 4570 2519 4614 est
2570 4563 2871 4632 ingressus,
2924 4570 2981 4615 et
3013 4561 3153 4631 ignis
3188 4561 3440 4633 protinus

188 4649 437 4720 Θωρᾶτο,
461 4649 538 4720 τῷ
564 4651 752 4719 λέϐητι
778 4671 834 4706 τς
864 4655 960 4707 σὺν
989 4655 1139 4725 αὐτῷ
1187 4656 1446 4723 ἐγκατέδυ
1472 4659 1561 4710 καὶ
1578 4658 1635 4711 τὸ
1661 4658 1771 4729 πῦρ

184 4742 402 4805 εὐθέως
428 4740 815 4807 ἀπεσϐέννυτο,
840 4746 933 4797 καὶ
960 4748 988 4798 6
1016 4746 1265 4815 μόλιϐδος
1296 4745 1377 4811 εἰς
1406 4749 1506 4818 τὴν
1534 4749 1770 4821 φυσικὴν

187 4833 514 4902 ψυχρότητα
550 4835 929 4904 μετεϐάλλετο.
969 4838 1079 4890 Kal.
1118 4838 1284 4890 πάλιν
1319 4840 1457 4910 εὐχὴ
1498 4842 1651 4912 αὐτῷ
1676 4844 1769 4898 καὶ

185 4923 413 4995 ψαλμδς
470 4928 610 4979 κατὰ
645 4930 839 4998 καιρὸν
876 4930 1053 5000 ᾔδετο·
1097 4931 1237 4997 Ἐγὼ
1280 4931 1431 4999 πρὸς
1482 4932 1588 4986 τὸν
1620 4936 1769 4989 Θεὸν

183 5018 510 5087 ἐκέκραξα,
542 5020 637 5073 καί
675 5026 708 5073 ό
738 5023 951 5090 Κύριος
979 5024 1346 5089 εὶσήκουσέν
1375 5045 1514 5095 μου.
1555 5027 1764 5083 Ἔαπέ-

175 5128 303 5180 ρας
348 5114 445 5166 καί
502 5114 653 5181 πρωϊ
697 5114 794 5167 καί
831 5120 1196 5185 μεσημερίας
1238 5118 1601 5189 διηγήσομαι
1664 5120 1761 5174 καί

180 5202 539 5271 ἀπαγγελῶ,
566 5205 666 5259 καὶ
693 5208 1112 5262 είσακούσεται
1136 5209 1245 5275 τῆς
1269 5209 1474 5278 φωνῆς
1500 5230 1639 5280 μου.

264 5293 377 5349 ιη’.
422 5295 543 5347 Τῶν
597 5298 694 5367 μὲν
749 5300 1033 5369 παρόντων
1086 5302 1211 5360 τοὺς
1256 5303 1449 5367 ἄλλους
1514 5302 1760 5367 ἅπαντας

182 5388 458 5459 ἔκπληξις
495 5384 606 5460 εἶχε
628 5407 642 5423 ·
695 5391 853 5461 μόνος
885 5392 941 5444 δὲ
971 5396 998 5446 6
1036 5393 1289 5463 βασιλεὺς
1319 5396 1422 5448 ὑπὸ
1453 5399 1549 5465 τῆς
1591 5396 1760 5466 αὐτῆς

183 5479 405 5547 πλάνης
436 5479 669 5552 ίσχυρῶς
698 5483 895 5553 εἴχετο,
934 5486 1027 5539 καὶ
1053 5485 1209 5539 τοῦτο
1244 5484 1307 5558 ἦν
1330 5488 1416 5540 διὰ
1452 5489 1753 5558 μεριμνῶν,

183 5572 322 5643 ποίᾳ
348 5572 569 5627 κολάσει
596 5572 686 5627 τὸν
707 5574 799 5628 τοῦ
831 5578 1067 5646 Χριστοῦ
1096 5581 1352 5648 μάρτυρα
1379 5582 1755 5650 τιμωρήσαιτο

180 5664 281 5719 καὶ
317 5662 350 5734 ἢ
384 5664 714 5733 μεταθέσθαι
767 5666 867 5736 τῆς
915 5668 1194 5733 εὐσεϐείας
1252 5672 1428 5724 πείσει
1487 5670 1515 5739 ἦ
1570 5670 1753 5734 κακῶς

289 5864 311 5896 ⁸
348 5861 493 5920 Psal.
535 5880 683 5932 LM",
726 5866 781 5935 ‘2,
819 5868 871 5925 3.
985 5870 1002 5899 '
1032 5867 1172 5925 Psal.
1209 5888 1316 5941 Liv,
1358 5875 1438 5945 l7,
1471 5876 1553 5931 18.

1870 4660 1955 4707 est
1992 4652 2321 4716 exstinctus,
2351 4661 2408 4707 et
2435 4651 2713 4722 plumbum
2746 4654 2799 4707 in
2835 4654 3134 4708 naturalem
3169 4662 3449 4710 mutatum.

1870 4750 1954 4795 est
1997 4742 2376 4811 (rigiditatem.
2427 4744 2490 4797 lit
2530 4760 2723 4799 rursus
2761 4746 2958 4808 oratio,
2992 4755 3047 4799 et
3072 4745 3313 4815 psalmus
3340 4760 3411 4817 op

1867 4840 2101 4903 portune
2130 4836 2199 4888 ab
2228 4848 2294 4889 eo
2328 4834 2626 4890 cauebatur
2656 4852 2669 4889 :
2723 4835 2837 4906 Ego
2864 4837 2935 4890 ad
2984 4836 3153 4893 Deum
3183 4838 3435 4902 cluuiani.

1868 4936 1914 4980 et
1952 4925 2207 4982 Dominus
2241 4930 2508 4987 exaudivit
2542 4947 2641 4986 me.
2687 4928 2908 5001 Vespere
2935 4941 2984 4986 et
3016 4948 3167 4987 inane
3194 4942 3242 4986 et
3274 4935 3435 4987 meri-

1866 5021 1951 5072 die
1983 5021 2219 5073 narrabo
2252 5031 2302 5074 et
2352 5024 2702 5084 annuntiabo,
2734 5034 2783 5076 et
2824 5026 3069 5078 exaudiet
3111 5026 3436 5101 deprecatio-

1865 5127 1979 5164 nem
2020 5112 2257 5166 meum.“

1936 5309 2120 5366 XVIII;
2164 5314 2339 5384 Atque
2379 5329 2443 5369 ex
2485 5316 2550 5370 iis
2588 5316 2831 5386 quidem,
2866 5316 2957 5387 qui
3011 5319 3260 5386 aderant,
3300 5322 3434 5377 alios

1868 5419 2060 5458 omnes
2110 5405 2252 5475 cepit
2307 5407 2593 5463 admiratio
2636 5425 2649 5463 :
2702 5408 2849 5465 solus
2900 5419 3081 5465 autem
3136 5412 3432 5482 imperator

1867 5494 2042 5549 valide
2072 5495 2125 5548 in
2159 5511 2260 5549 suo
2288 5497 2443 5552 haesit
2475 5514 2661 5554 errore
2692 5518 2704 5554 :
2738 5499 2828 5568 qui
2870 5502 3012 5570 apud
3045 5517 3103 5556 se
3136 5504 3427 5574 cogitabat.

1867 5596 2102 5653 quonam
2166 5586 2434 5656 supplicio
2473 5586 2675 5644 Christi
2738 5590 2956 5659 puniret
3008 5602 3320 5664 martyrem,
3374 5605 3436 5647 et

1865 5684 1957 5729 aut
2000 5690 2124 5733 eum
2160 5692 2186 5733 a
2221 5677 2420 5750 pietate
2454 5680 2783 5748 traduceret,
2818 5690 2911 5740 aut
2944 5683 3081 5741 male
3114 5685 3220 5739 vita
3252 5683 3431 5756 privas-
