4170 6322
217 345 324 410 473

215 464 472 528 βούλεσθε
507 472 602 525 καὶ
640 473 704 543 τῆ

213 554 369 622 θῆναι
424 563 515 612 καὶ
574 568 687 627 τοῖς
731 573 861 640 παρ’
912 573 1068 641 ⁴ἡμῶν
1129 554 1479 647 φιλουμένοις
1532 585 1773 638 καὶτῶν

211 649 446 716 πρώτων
476 655 803 726 ἠξιωμένοις
839 666 1016 734 τιμῶν
1068 673 1420 741 συνταγῆναι,
1481 677 1772 748 πεισθῆναι

207 757 398 794 τουτον
454 753 915 816 παρασκευάσατε
966 758 1079 818 τοῖς
1133 759 1272 824 θεοῖς
1328 763 1508 818 θῦσαι.
1569 770 1630 821 Ol
1672 771 1771 824 δέ’

206 831 332 894 Πῶς
361 833 426 886 ἂν
456 837 612 891 τοῦτο
644 843 917 910 δράσειαν,
954 845 1127 913 εἷπον,
1165 855 1213 904 οἱ
1249 857 1499 924 πρώτους
1544 861 1772 924 ἑαυτοὺς

203 925 489 991 πείσαντες
522 932 596 1001 μὴ
653 936 952 1005 ἀποστῆναι
1004 942 1240 1010 Χριστοῦ
1289 948 1424 1015 μηδὲ
1458 954 1658 1015 κωφοῖς
1692 955 1771 1003 εί-

198 1014 390 1079 δώλεις
445 1019 633 1075 Θυσίαν
688 1037 1109 1099 προσενεγκεῖν;
1165 1038 1349 1090 Ταῦτά
1400 1058 1458 1092 τε
1517 1045 1767 1107 εἰπόντες

201 1109 294 1158 καὶ
325 1110 403 1170 είς
436 1113 698 1180 οὐρανοὺς
727 1117 952 1184 ὄμματα
983 1125 1218 1190 αἰσθητά
1244 1144 1300 1178 τε
1331 1127 1445 1194 ἅμα
1477 1130 1570 1183 καὶ
1600 1132 1764 1199 νοητά

192 1195 359 1271 ἦραν.
404 1203 557 1255 Οὕτω
591 1205 645 1258 δὲ
709 1211 1022 1279 εὐχομένοις
1073 1218 1415 1284 ἐπιμαίνεται
1464 1223 1490 1271 ό
1537 1222 1744 1292 Σωτὴρ,

271 1298 394 1355 ΚΝ.
433 1299 488 1353 Ὀ
531 1304 584 1354 δέ
617 1321 677 1371 γε
717 1311 836 1368 ταῖς
880 1311 1156 1377 ἀληθείαις
1186 1315 1629 1387 ὄιασεσεισμὲνος
1675 1323 1766 1373 τὸν

195 1392 323 1443 νοῦν
383 1393 635 1462 βασιλεὺς
713 1403 838 1464 τοὺς
888 1402 1040 1466 θεοὺς
1100 1406 1205 1474 ἔφη
1272 1411 1766 1482 ἀγανακτήσαντας

189 1483 371 1534 σεῖσαι
425 1488 522 1551 τὴν
569 1488 717 1555 γῆν;
757 1493 893 1559 πρὸς
925 1493 985 1544 ὃν
1026 1497 1052 1547 ὁ
1087 1501 1298 1567 μάρτυς
1337 1503 1479 1569 μάλα
1530 1506 1767 1568 συνετῶς

189 1576 285 1623 καὶ
320 1576 578 1640 γενναίως
602 1596 614 1608 ·
652 1581 707 1632 Ei
733 1582 788 1632 δὲ
825 1585 915 1636 καὶ
950 1587 1148 1647 αὐτοὺς
1185 1591 1426 1661 συμϐαίη
1456 1595 1579 1657 τοὺς
1612 1596 1766 1659 θεούς

186 1682 284 1719 σου
315 1678 674 1725 καταπεσεῖν·
699 1674 867 1730 Οὔπω
896 1680 1070 1748 πέρας
1099 1675 1245 1750 εἶχεν
1273 1688 1298 1735 ὁ
1339 1685 1518 1752 λόγος,
1564 1691 1654 1740 καί
1684 1707 1766 1752 τις

183 1758 294 1809 τῶν
325 1759 418 1812 τοῦ
450 1761 715 1830 βασιλέως
747 1771 1196 1839 παραγενόμενος
1216 1770 1282 1842 ἦν
1311 1775 1545 1841 ἄγγελος
1573 1782 1763 1850 ἐκείνῳ

180 1851 284 1918 τῆς
319 1857 636 1921 συμφορᾶς·
675 1857 737 1910 Οἱ
787 1860 918 1920 θεοὶ,
955 1855 998 1912 ὧ
1033 1861 1276 1930 βασιλεῦ,
1331 1866 1530 1935 λέγων,
1566 1872 1761 1925 ἔπεσόν

181 1958 239 1992 τε
278 1945 371 1994 καὶ
402 1946 815 2016 συνετρίϐησαν.
851 1951 1038 2015 Οὕτως
1063 1957 1111 2007 οἱ
1148 1959 1371 2027 φοΰεροὶ
1414 1962 1501 2013 καὶ
1527 1963 1624 2034 τὴν
1655 1967 1757 2032 γῆν

183 2033 442 2100 σείοντες,
486 2037 684 2107 πτῶμα
729 2041 939 2097 ἔκειντο
994 2050 1248 2117 πονηρδν,
1280 2055 1391 2115 τοῖς
1421 2055 1517 2124 οὐχ
1557 2060 1756 2126 ὁμοίως

178 2130 401 2193 τυφλοῖς
425 2129 543 2182 οὐδὲ
577 2132 898 2204 αὐτόχρημα
922 2137 1089 2204 λίθοις
1127 2144 1322 2197 πολλοῦ
1358 2148 1592 2214 γέλωτος
1625 2153 1758 2223 ἀλη-

178 2215 289 2279 θῶς
318 2219 481 2282 ἄξιοι,
517 2223 744 2294 Ἕτερος
783 2229 881 2295 μὲν
910 2226 1002 2283 οὖν
1045 2237 1137 2286 καί
1175 2234 1434 2307 βραχείας
1467 2243 1755 2299 ἀπολαύων

177 2311 378 2376 φρενός
408 2316 500 2365 καὶ
537 2315 609 2386 μὴ
658 2321 720 2388 τῇ
758 2327 937 2390 μορφῇ
973 2327 1108 2399 μόνῃ
1144 2329 1235 2381 τοῦ
1271 2331 1346 2400 μὴ
1382 2334 1581 2398 κτῆνος
1614 2334 1754 2392 εἶναι

177 2406 430 2475 φανερῶς
468 2411 854 2479 πιστευόμενος
893 2415 992 2466 κᾶν
1027 2417 1238 2484 ἐπέγνω
1270 2421 1358 2472 τδν
1391 2426 1589 2495 ἀψευδῆ
1621 2429 1753 2481 Θεὸν

177 2497 272 2548 καὶ
302 2501 473 2555 ποιεῖν
522 2501 690 2553 ταῦτα
726 2502 1026 2570 δυνάμενον
1052 2526 1062 2539 ·
1093 2509 1207 2562 ἀλλ’
1234 2511 1332 2565 οὐκ
1368 2514 1605 2580 ἐκεῖνος·
1638 2521 1753 2573 ἀλλ’

172 2586 230 2638 σῖ
265 2604 316 2638 τι
366 2588 588 2654 βελτίων
642 2592 855 2664 ὑπῆρχε
893 2600 985 2649 καὶ
1039 2599 1161 2652 ὅσον
1221 2604 1475 2659 ἀπώνατο
1510 2610 1617 2662 ἀπὸ
1651 2611 1749 2680 τῆς

171 2676 493 2746 θεοσημίας,
551 2685 658 2737 ἀπ’)
709 2687 816 2740 τῶν
867 2690 1042 2758 ἔργων
1099 2694 1263 2757 εὐθὺς
1323 2698 1480 2769 δῆλος
1518 2703 1744 2769 γίνεται.

166 2770 380 2823 Λύτίκα
413 2777 520 2844 γάρ
567 2774 674 2828 τῶν
721 2777 819 2847 μὲν
851 2782 1019 2850 τριῶν
1049 2784 1224 2851 ἁγίων
1251 2790 1651 2871 ὲκείνωνδαετα
1687 2797 1749 2849 τὸ

168 2863 344 2917 πολλὰ
373 2866 594 2931 τούτους
625 2872 849 2925 κολάσαι
882 2876 974 2926 τὸν
1011 2877 1098 2929 διά
1131 2877 1320 2948 ξίφους
1366 2863 1596 2939 θάνατον
1627 2891 1746 2942 δια-

166 2955 348 3024 κρίνει
371 2972 383 2985 °
419 2959 789 3015 Παντολέοντα
837 2965 893 3017 δὲ
933 2966 1021 3017 τὸν
1054 2970 1226 3037 μέγαν
1273 2971 1349 3042 τῷ
1381 2973 1743 3050 δεσμωτηρίῳ

165 3046 313 3103 κατὰ
336 3048 397 3100 τὸ
429 3052 602 3118 παρὸν
643 3053 846 3106 δίδωσι.
887 3057 966 3110 Τά
1000 3060 1097 3128 μὲν
1126 3061 1218 3114 οὖν
1248 3046 1743 3136 ἀναιρεθέντα

164 3140 468 3212 μαρτύρων
518 3143 746 3214 σώματα
793 3147 935 3202 οὕτω
967 3153 1194 3221 κείμενα
1229 3157 1574 3227 Χριστιανοῖς
1611 3165 1739 3236 ἐμέ-

159 3233 332 3303 λησεν
362 3236 643 3291 ἀνελέσθαι
674 3241 764 3293 καὶ
795 3241 869 3303 ὡς
901 3247 1175 3316 προσῆκον
1203 3245 1270 3321 ἦν
1300 3254 1435 3308 αὐτὰ
1465 3233 1658 3326 θάψαιξ

237 3328 365 3382 KE'.
404 3330 768 3386 Παντολέοντα
810 3337 864 3388 δὲ
911 3339 1017 3390 ἀπὸ
1053 3343 1148 3410 τῆς
1181 3345 1407 3414 εἱρκτῆς
1443 3351 1679 3412 καλέσας
1707 3353 1735 3404 ὁ

158 3418 446 3488 βασιλεύς·
480 3426 637 3475 Δοκεῖ
667 3442 768 3488 σοι,
802 3427 927 3498 ἔψη,
962 3431 1150 3501 ὅτιπερ
1190 3434 1297 3495 ζῶν
1326 3439 1423 3499 τὰς
1457 3441 1595 3508 ἐμὰς
1625 3445 1734 3510 χεῖ-

155 3530 263 3583 ρας
298 3513 498 3585 δυνήσῃ
551 3515 852 3584 διαφυγεῖν,
903 3524 950 3573 εί
998 3523 1072 3592 μὴ
1126 3527 1437 3593 προσελθὼν
1469 3534 1733 3604 πρότερον

153 3607 332 3675 θύσῃς
385 3609 495 3670 τοῖς
544 3607 704 3671 θεοῖς,
763 3611 856 3664 καὶ
904 3614 1077 3668 ταῦτα
1129 3617 1221 3670 τοῦ
1270 3619 1591 3678 διδασκάλου
1641 3644 1730 3680 σου

163 3698 494 3768 Ἑρμολάου,
559 3699 868 3772 Ἑρμίππου
921 3723 978 3758 τε
1041 3709 1134 3760 καὶ
1211 3709 1619 3786 Ἑρμοκράτους
1672 3721 1732 3772 τὸ

150 3791 328 3842 καλὸν
374 3792 474 3862 ἤδη
537 3796 819 3862 μαθόντων
868 3800 963 3849 καὶ
1005 3803 1116 3861 τοῖς
1148 3799 1288 3865 θεοῖς
1339 3804 1526 3859 θυσίαν
1559 3826 1730 3877 προστ

146 3884 512 3950 ενεγκόντων,
575 3885 624 3936 οἳ
693 3890 784 3936 καὶ
841 3890 1079 3956 ἀμοιϐὴν
1131 3893 1230 3961 τῆς
1289 3896 1621 3960 εὐπειθείας.
1673 3903 1732 3955 τὸ

147 3978 363 4045 πρῶτοι
413 3972 548 4028 εἶναι
599 3977 692 4028 νῦν
728 3981 784 4028 ἐν
812 3979 887 4048 τῷ
940 3982 1183 4054 παλατίῳ
1230 3987 1362 4057 παρ’
1394 3990 1549 4056 ἡμῶν
1584 3978 1737 4064 εῒλήέ

146 4089 359 4139 φασιν;
397 4072 564 4142 Εἴπερ
602 4068 694 4128 οὖν
727 4077 818 4127 καὶ
849 4077 912 4130 σὺ
942 4079 1039 4148 τὴν
1070 4081 1239 4150 καλὴν
1273 4085 1452 4136 αὐτῶν
1482 4087 1730 4156 ζηλώσας

147 4165 462 4237 μεταϐολὴν
504 4168 709 4231 θύσεις,
756 4171 874 4222 τότε
915 4170 1057 4241 ὕψει,
1113 4173 1431 4240 Παντόλεον,
1466 4175 1576 4243 οἷος
1619 4184 1728 4250 ἐγὼ

144 4259 328 4330 βαρὺς
355 4259 430 4312 ὢν
453 4261 530 4330 τῷ
555 4262 804 4324 κολάζειν
838 4265 962 4328 τοὺς
990 4266 1373 4336 ἀπειθοῦντας,
1406 4276 1557 4345 παρὰ
1595 4277 1726 4329 πολὺ

139 4351 262 4404 τῶν
318 4352 655 4418 πειθομένων
703 4352 934 4424 ὑπάρχω
986 4357 1064 4426 τῷ
1114 4360 1498 4430 εὐγνωμονεῖν,
1563 4365 1726 4437 θεραο

142 4443 345 4496 στεύειν
373 4443 804 4514 φιλοτιμότατοςο
833 4447 990 4501 τοῦτο
1019 4452 1075 4504 δὶ
1106 4456 1244 4508 κατὰ
1272 4457 1471 4527 πολλὴν
1500 4458 1601 4530 ἔφη
1629 4463 1726 4530 τὴν

139 4535 507 4603 κακοήθειαν,
566 4539 667 4592 ὃσα
714 4539 852 4608 πρὸς
907 4543 967 4596 τὸ
1021 4547 1327 4615 πεισθῆναι,
1386 4551 1549 4618 φημὶ,
1597 4556 1723 4618 τοὺς

1344 376 1518 439 γιΤΑ
1558 381 1616 439 5.
1660 382 2326 448 PANTELEEMONIS.

712 492 739 537 ς
771 479 1043 551 προτέρας
1093 485 1298 556 ταύτης
1345 489 1529 553 αίτίας
1581 493 1739 545 ἀπολι

1846 498 2262 559 ιθηηυηιρτιιτί.
2300 499 2494 554 eﬂicitc
2543 513 2598 555 ut
2661 503 2705 556 ei
2774 506 3165 573 persuadeatur
3214 508 3316 560 diis
3379 525 3466 561 sa-

3367 393 3470 455 (74

1881 586 2149 641 crificare.
2221 588 2298 643 llli
2368 607 2518 657 vero,
2596 593 2918 660 Quomodo,
2994 598 3292 667 inquiunt,
3369 603 3470 653 hoc

1882 676 2174 734 fecerimus
2231 684 2322 752 qui
2383 686 2617 754 primum
2650 689 2807 743 nobis
2839 691 3274 759 persuaserimus
3314 691 3468 744 Cbrl-

1880 779 2020 825 stum
2065 789 2170 827 non
2209 777 2482 841 deserere,
2542 796 2642 834 nec
2674 783 2850 836 surdis
2908 785 3216 837 simulacris
3263 784 3463 838 oﬂ‘erre

1879 870 2233 925 Sarriticium?
2283 873 2405 929 Haec
2453 877 2732 937 dixerunt,
2790 889 2843 933 et
2898 894 3094 933 sensus
3152 892 3209 933 et
3262 885 3462 933 mentis

1878 961 2066 1014 oculos
2102 964 2152 1016 iu
2187 966 2354 1020 ccelos
2384 969 2745 1023 sustulerunt.
2774 971 2861 1024 Sic
2904 973 3254 1041 precantibus
3277 981 3459 1024 autem

1876 1065 2104 1120 apparet
2127 1055 2485 1112 Salvatorzet
2512 1067 2657 1114 totus
2706 1063 2888 1115 statim
2936 1063 3090 1117 l0cus
3142 1051 3378 1135 agitatur
3407 1073 3460 1119 et

1875 1155 2144 1199 movetur.

1813 1233 1906 1283 καὶ
1953 1237 1978 1285 ὁ
2034 1238 2194 1300 τόπος
2230 1243 2392 1305 εὐθὺς
2454 1245 2573 1307 ὅλος
2603 1247 2776 1315 κλόνῳ
2810 1250 2904 1300 καὶ
2934 1248 3143 1314 σεισμῷ
3179 1249 3453 1316 βάλλεται,

1796 1921 1832 1973 Β

1765 3275 1811 3336 C

1939 1330 2122 1387 XXIV.
2161 1337 2368 1393 Emotze
2431 1353 2615 1394 autem
2679 1359 2865 1396 revera
2912 1345 3111 1396 mentis
3154 1346 3455 1412 imperator

1868 1425 2103 1484 dicebat.
2138 1430 2270 1483 deos
2305 1431 2615 1503 indignatos
2645 1440 2880 1491 movisse
2915 1450 3139 1493 terram.
3163 1441 3260 1496 Cui
3310 1459 3450 1495 mar-

1869 1531 2010 1589 tyres
2045 1523 2342 1590 prudenter
2376 1527 2667 1582 admodum
2711 1541 2764 1583 et
2803 1533 3034 1585 fortiter:
3067 1534 3120 1587 Si
3150 1535 3447 1606 contigerit

1869 1615 2014 1682 ipsos
2041 1633 2254 1685 quoque
2283 1619 2413 1673 deos
2447 1632 2588 1682 tuos,
2620 1624 2891 1692 inquiunt,
2925 1643 3027 1679 una
3056 1628 3276 1682 cadere?
3308 1630 3450 1681 Nou-

1864 1707 1992 1760 duru
2025 1708 2170 1763 finita
2204 1722 2315 1764 erat
2348 1715 2541 1772 oratio.
2582 1726 2634 1768 et
2669 1719 2888 1785 quidam
2917 1736 2981 1772 ex
3021 1721 3290 1774 ministris
3341 1722 3449 1774 im-

1863 1805 2128 1867 peratoris
2153 1808 2380 1858 aet-essit
2405 1809 2468 1860 ad
2503 1809 2674 1870 illum,
2708 1814 2934 1865 nuntius
2955 1816 3300 1869 calamitatis:
3345 1816 3445 1879 Dii.

1865 1895 2072 1958 dicens,
2098 1913 2129 1948 ο
2155 1898 2468 1967 imperator,
2493 1904 2808 1959 ceciderunt
2837 1918 2889 1960 et
2915 1909 3132 1963 contriti
3158 1922 3306 1963 sunt.
3353 1911 3446 1966 Sic

1872 1989 1941 2041 illi
1968 1992 2235 2045 terribiles
2274 2003 2326 2047 et
2362 2002 2556 2048 terram
2591 1998 2919 2066 quatientes,
2952 2001 3208 2068 jaccbant
3235 2004 3286 2057 in
3329 2013 3442 2058 ter-

1870 2098 1980 2136 ram
2014 2085 2205 2152 dejecti
2233 2088 2368 2140 tristi
2401 2105 2551 2147 casu,
2587 2090 2650 2143 iis
2680 2093 2769 2159 qui
2816 2108 2921 2145 non
2944 2103 3101 2147 erant
3131 2111 3280 2163 reque
3317 2097 3443 2150 cmci

1863 2184 1916 2227 et
1975 2176 2131 2243 plane
2167 2177 2389 2244 lapides,
2434 2181 2663 2234 ridiculi.
2703 2184 2878 2250 Atque
2909 2184 3048 2236 alius
3077 2187 3317 2252 quidem.
3349 2188 3438 2255 qui

1865 2268 1946 2319 vel
1983 2283 2171 2336 parum
2216 2269 2495 2324 habuisset
2525 2273 2847 2340 prudentiae.
2878 2283 2932 2328 et
2956 2291 3059 2328 non
3091 2277 3136 2330 ei
3173 2277 3288 2332 sola
3325 2276 3435 2332 for-

1863 2375 1947 2411 ma
1974 2362 2234 2423 obstaret,
2264 2377 2330 2414 ne
2349 2372 2532 2431 aperte
2557 2365 2873 2420 crederetur
2898 2381 3019 2421 esse
3044 2383 3232 2437 pecus.
3267 2370 3434 2422 Deum

1863 2469 2047 2505 verum
2076 2455 2404 2524 agnovisset,
2430 2465 2483 2508 et
2512 2456 2600 2524 qui
2624 2469 2801 2526 posset
2832 2459 2946 2513 haec
2971 2459 3167 2523 facere,
3207 2461 3300 2514 sed
3326 2475 3434 2516 non

1861 2544 1966 2596 ille:
2002 2547 2090 2612 qui
2125 2557 2384 2610 quantum
2426 2549 2617 2600 melior
2643 2550 2923 2610 evasisset,
2958 2559 3012 2603 et
3038 2563 3297 2618 quantam
3329 2553 3438 2606 uti‘

1859 2638 2060 2689 litatcm
2095 2651 2156 2688 ex
2180 2637 2379 2704 pietate
2414 2638 2762 2707 percepisset,
2795 2642 2974 2693 statim
3027 2656 3092 2695 ex
3115 2643 3275 2696 rebus
3306 2644 3436 2713 ipsis

1857 2729 2051 2797 aperit.
2080 2729 2273 2784 Statim
2295 2731 2439 2784 enim
2469 2740 2578 2785 tres
2601 2731 2720 2785 illos
2747 2744 2986 2795 sanctos,
3023 2745 3309 2803 postquam
3337 2752 3432 2790 eos

1857 2825 2044 2878 multis
2068 2825 2340 2878 atfecisset
2376 2825 2673 2894 suppliciis,
2699 2828 2919 2880 damnat
2937 2829 3152 2898 capitis.
3178 2829 3430 2900 Magnum

1855 2928 2034 2970 autent
2069 2917 2451 2971 Pantuleonem
2489 2920 2703 2974 interim
2735 2923 2898 2974 mittit
2923 2922 2975 2974 in
3002 2938 3300 2978 carcerem.
3337 2925 3431 2977 At-

1853 3025 1956 3077 que
2016 3019 2310 3078 martyrum
2371 3011 2586 3079 quidem
2625 3012 2704 3065 sie
2743 3011 3156 3066 interfectorum
3201 3031 3430 3084 corpora

1851 3117 1991 3155 cune
2026 3100 2126 3155 fuit
2160 3103 2486 3158 Christianis
2517 3104 2726 3167 tollere,
2759 3114 2812 3159 et
2833 3121 2919 3172 ea,
2945 3116 3003 3160 ut
3032 3121 3131 3176 par
3172 3117 3310 3174 erat,
3343 3124 3429 3164 se-

1853 3196 2040 3264 pelire.

1911 3347 2075 3402 XXV.
2109 3348 2497 3403 Pantoleonem
2526 3359 2707 3404 autem
2728 3367 2852 3404 cum
2882 3352 3182 3421 imperator
3230 3368 3425 3409 vocas-

1837 3453 1969 3498 sete
1988 3459 2204 3499 carcere
2233 3461 2245 3498 :
2275 3445 2528 3507 Putasne,
2574 3445 2771 3514 inquit,
2806 3455 2856 3499 te
2880 3460 3036 3514 posse
3065 3447 3246 3501 vivum
3275 3459 3426 3501 mea:

1837 3553 2032 3592 manus
2080 3539 2344 3610 effugere,
2401 3539 2444 3593 si
2479 3555 2585 3593 non
2609 3539 2875 3592 accedens
2904 3541 3054 3610 prius
3105 3539 3208 3594 diis
3256 3540 3424 3594 sacri-

1836 3630 2123 3683 ficaveris?
2162 3632 2321 3697 idque
2356 3646 2477 3682 cum
2505 3630 2697 3683 doctor
2719 3638 2842 3683 tuus
2883 3631 3219 3693 Hermolaus,
3284 3629 3419 3684 Her-

1834 3722 2163 3792 mippusque
2216 3731 2272 3775 et
2325 3720 2707 3777 Heriuoctates
2742 3721 2817 3783 id.
2877 3725 3020 3792 quod
3074 3723 3277 3777 bonum
3309 3733 3413 3783 est,

1835 3817 2022 3871 mutati
2043 3817 2150 3884 jam
2182 3817 2491 3880 didicerint,
2521 3826 2573 3870 et
2605 3817 2707 3871 diis
2735 3817 3058 3870 sacrificium
3090 3817 3414 3874 obtulerint.

1835 3912 1923 3978 qui
1957 3911 2119 3963 etiam
2157 3925 2185 3962 a
2209 3911 2368 3963 nobis
2401 3909 2727 3963 obedientire
2769 3918 3102 3976 acceperunt
3155 3925 3412 3961 remune-

1835 4005 2124 4067 rationem,
2173 4012 2230 4056 ut
2266 4005 2374 4056 sint
2399 4002 2558 4070 primi
2588 4002 2641 4053 in
2678 4001 2902 4071 palatio?
2929 4001 2985 4054 Si
3008 4017 3136 4069 ergo
3166 4011 3217 4053 tu
3245 4001 3413 4056 sacri-

1833 4097 2106 4157 ﬁcaveris,
2152 4109 2340 4150 eorum
2392 4095 2673 4166 pulchram
2733 4097 2972 4148 imitatus
3027 4094 3410 4152 mutationem.

1833 4195 1964 4244 tunc
2000 4189 2231 4252 videbis,
2268 4187 2587 4252 Pantaleon,
2625 4204 2788 4256 quant
2813 4201 2932 4256 ego,
2959 4187 3049 4256 qui
3087 4202 3204 4239 sum
3233 4186 3411 4254 gravis

1832 4283 1886 4337 in
1933 4283 2232 4352 puniendis
2268 4281 2334 4334 iis
2369 4279 2459 4348 qui
2500 4295 2608 4332 non
2645 4289 2861 4348 parent,
2893 4281 2994 4331 sint
3049 4276 3292 4331 liberalis
3356 4286 3411 4330 et

1831 4375 2122 4429 munificus
2141 4375 2193 4427 in
2221 4372 2612 4428 benefaciendo
2642 4372 2707 4424 iis
2732 4370 2822 4440 qui
2849 4379 3059 4438 parent.
3088 4369 3198 4423 Hoc
3225 4379 3407 4424 autem

1829 4468 2044 4522 dicebat
2075 4467 2306 4537 maligne
2327 4475 2381 4518 et
2417 4464 2685 4518 malitiose
2719 4463 2880 4532 (quod
2914 4463 3129 4524 attinet,
3159 4463 3403 4531 inquam,

1830 4561 1895 4614 ad
1923 4559 2162 4629 sanctos)
2195 4560 2262 4612 ad
2303 4559 2377 4612 illi
2405 4559 2868 4628 persuadendum.
2923 4555 3207 4620 Qumnodo
3234 4555 3404 4617 enim,

138 4631 361 4698 ἁγίους.
398 4631 520 4692 Πῶς
561 4633 690 4701 γὰρ,
737 4633 829 4696 οὓς
879 4635 977 4706 ἤδη
1033 4614 1244 4706 φθάσας
1301 4614 1544 4711 ἀνεῖλενς
1580 4614 1722 4701 ’Λλλι

1846 4670 1966 4725 ιυοε
1992 4655 2103 4724 jam
2149 4663 2274 4710 ante
2306 4652 2693 4706 interfecerat?
2723 4650 2816 4704 sed
2851 4659 2906 4702 ut
2947 4650 3214 4702 inescaret
3255 4662 3400 4707 eum,

137 4723 235 4772 ῖνα
285 4721 362 4790 τῷ
412 4722 582 4791 ὁμοίῳ
632 4723 863 4797 δελεάσῃ
902 4728 993 4780 τὸν
1040 4731 1102 4782 ὲκ
1143 4731 1276 4784 Θεοῦ
1325 4735 1717 4807 φωτιζόμενον,

133 4813 401 4865 ὅθενοῦδὲ
430 4813 611 4867 λαθεῖν
647 4815 884 4885 ἴσχυσεν,
925 4819 1061 4884 ἀλλ’,
1092 4824 1213 4876 Ἴδω
1236 4824 1459 4896 τούτους
1493 4834 1587 4884 καὶ
1624 4834 1718 4886 αὐ-

131 4910 256 4972 τὸς,
293 4909 502 4977 εἴρηκε,
539 4911 789 4977 βασιλεῦ,
833 4915 936 4978 πρὸ
967 4913 1060 4964 τοῦ
1093 4915 1185 4966 σοῦ
1243 4920 1531 4987 προσώπου
1574 4941 1719 4994 παρ-

133 5001 492 5069 ισταμένους.
529 5002 587 5053 ‘0
622 5003 803 5068 μέντοι
831 5002 1171 5074 Μαξιμιανὸς
1194 5006 1271 5060 ἔτι
1299 5008 1391 5061 τοῦ
1416 5010 1716 5066 δολιοῦσθαι

131 5097 241 5148 καὶ
280 5097 446 5164 μηδὲν
478 5097 626 5162 ὑγιὲς
658 5097 835 5164 λέγειν
862 5102 959 5152 οὐκ
992 5102 1362 5171 ἀφιστάμενος
1391 5107 1574 5175 (ἔθετο
1605 5111 1713 5178 γάρ

131 5189 237 5242 καὶ
269 5188 327 5238 τδ
355 5190 513 5253 σέίας
550 5191 640 5244 καὶ
668 5191 766 5259 τὴν
795 5192 982 5246 ἐλπίδα
1005 5195 1216 5262 ψεῦδος,
1251 5199 1391 5250 κατὰ
1425 5203 1515 5254 τὸν
1541 5206 1712 5271 μέγαν

139 5280 387 5334 Ἡσαΐαν
427 5283 613 5350 φάναι,
645 5284 737 5336 καὶ
773 5282 850 5351 τῷ
882 5283 1065 5352 ψεύδει
1101 5289 1281 5358 ἔκρινε
1329 5297 1706 5365 σκεπασθήσε-

127 5372 414 5435 σθαι),οὑ
452 5373 704 5441 πάρεισιν
746 5375 1000 5442 ἐνταῦθα,
1026 5377 1151 5447 ἔφη,
1186 5382 1320 5434 ἀλλά
1347 5385 1484 5436 κατά
1516 5387 1703 5456 χρείαν

125 5463 263 5519 τινὰ
295 5462 566 5519 καλοῦσαν
604 5465 684 5528 είς
714 5467 905 5537 ἑτέραν
950 5471 1105 5524 πόλιν
1131 5473 1259 5544 παρ’
1294 5479 1452 5545 ἡμῶν
1482 5478 1714 5548 ἐξεπέμο

123 5558 378 5625 φθησαν.
423 5555 483 5607 ’0
537 5559 594 5611 δὲ
640 5559 879 5630 μάρτυ;’
917 5564 1024 5618 Καὶ
1075 5564 1244 5632 ἄκων,
1294 5571 1428 5639 ἔφη,
1479 5573 1714 5640 τάληθὲς

118 5651 368 5718 εἴρηκας
394 5647 421 5698 ὁ
447 5647 506 5698 τὸ
535 5648 726 5717 ψεῦδος
761 5653 951 5719 φιλῶν·
987 5657 1046 5709 ὲν
1070 5659 1319 5730 οὐρανοῖς
1343 5661 1450 5733 γάρ
1479 5665 1584 5718 εἰσι
1615 5664 1708 5718 νῦν

117 5737 184 5790 ιν
221 5742 294 5810 τῇ
328 5738 419 5792 τοῦ
455 5739 588 5790 Θεοῦ
628 5744 777 5796 πόλει
805 5744 1100 5814 διάγοντες.

244 5859 286 5886 ¹¹
351 5859 454 5918 lsa.
518 5872 706 5917 ιιι-ιιι.
746 5860 828 5914 t5.

1825 4749 1914 4820 qui
1964 4763 1994 4802 ει
2034 4747 2142 4802 Deo
2199 4745 2630 4799 illuminabatur.
2676 4742 3042 4808 Quamobrem
3089 4755 3189 4794 nec
3235 4746 3403 4794 latere

1823 4841 2031 4911 potuit;
2065 4838 2157 4894 sed
2188 4855 2200 4891 :
2231 4835 2338 4892 Eos
2364 4837 2476 4906 ipse
2503 4851 2721 4906 quoque
2757 4835 2991 4900 videam,
3020 4833 3213 4902 inquit,
3241 4849 3273 4886 ο
3298 4833 3400 4884 im-

1823 4944 2059 5004 perator.
2103 4944 2229 4986 ante
2269 4940 2413 4985 tuam
2468 4939 2706 4984 astantes
2774 4926 2988 4985 faciem.
3046 4926 3403 4980 Maximianus

1821 5037 2003 5081 autem
2035 5025 2276 5077 nondum
2314 5037 2536 5077 cessans
2567 5021 2757 5075 fraude
2808 5035 2972 5090 agere
3007 5020 3212 5091 (posuit
3250 5021 3396 5073 enim

1818 5120 1932 5190 ipse
1952 5133 2166 5188 quoque
2191 5131 2340 5182 spem
2362 5117 2733 5174 mendacium,
2757 5124 2815 5167 ut
2842 5112 3017 5167 dicam
3048 5127 3171 5165 cum
3202 5127 3398 5182 magno

1812 5210 1947 5268 lsaia
1978 5215 2042 5274 “,
2073 5221 2126 5266 et
2151 5211 2340 5265 statuit
2362 5226 2418 5266 se
2454 5208 2733 5262 mendacio
2764 5206 3002 5277 legere):
3042 5203 3156 5259 Non
3195 5204 3393 5259 adsunt

1810 5306 1918 5369 hic,
1969 5305 2122 5369 dixit,
2155 5303 2247 5359 sed
2280 5303 2454 5371 aliqua
2489 5300 2791 5355 necessaria
2809 5299 2874 5354 de
2901 5313 3061 5352 causa
3087 5300 3236 5351 missi
3264 5310 3391 5353 sunt

1814 5417 1842 5454 a
1910 5399 2068 5454 nobis
2130 5399 2182 5452 in
2247 5396 2407 5449 aliam
2445 5395 2739 5448 civitatem.
2774 5391 2974 5463 Martyr
3019 5402 3201 5445 autem
3238 5409 3251 5443 :
3291 5389 3387 5444 Vel

1812 5491 2256 5558 invitus,inquit,
2294 5503 2485 5543 verum
2521 5486 2726 5553 dixisti,
2769 5501 2895 5541 euut
2935 5485 3128 5554 diligas
3159 5483 3389 5538 menda-

1812 5585 1988 5646 cium;
2041 5592 2170 5637 sunt
2254 5580 2400 5637 enim
2449 5594 2594 5634 nunc
2661 5577 2717 5634 in
2777 5579 2948 5644 caelis,
3018 5577 3281 5648 degentes
3331 5575 3384 5628 in

1810 5673 2024 5730 civitate
2057 5669 2171 5726 Dei.
