4170 6322
779 379 887 451 479

2092 392 2378 453 MENSIS
2411 394 2711 455 IULIUS.

3916 397 4017 457 480

782 505 955 560 caret.
988 475 1138 550 Μυιιῑ
1195 496 1341 551 enim
1373 512 1499 551 eum
1563 499 1832 564 vicerunt,
1877 510 1931 555 et
1979 517 2171 559 omnes
2229 505 2349 572 ejus

2474 506 2624 574 ιύτῷ.
2662 505 2849 559 Πολλοὶ
2880 506 2984 574 γὰρ
3020 507 3067 557 οἱ
3097 504 3281 563 τοῦτςιν
3316 506 3407 558 καὶ
3434 507 3754 575 νικήσαντες
3804 510 3896 558 καί
3929 525 4017 572 την

781 590 929 642 vires
957 587 1335 657 perdiderunt.
1378 588 1591 644 Domini
1623 590 1768 644 enim
1793 606 1977 647 amore
2003 593 2351 649 inflammatis

775 692 967 736 eorum
1000 682 1217 744 animis,
1248 690 1303 736 et
1335 681 1462 735 totis
1488 682 1605 752 ejus
1624 681 1716 751 qui
1746 694 1830 738 est
1848 693 2058 753 potens,
2084 687 2349 742 ebaritate

780 772 1140 836 conﬁrmatis,
1163 774 1228 827 ad
1276 774 1477 828 bellum
1530 777 1831 845 gerendum
1887 778 2351 835 adversusinimi-

786 877 906 925 eum
938 873 1158 917 strenue
1184 874 1240 917 et
1300 863 1562 917 audacter
1621 878 2030 935 processerunt,
2095 872 2349 924 omnibus

783 953 1002 1022 quidem
1062 954 1321 1008 membris
1404 956 1647 1021 lacerati,
1732 969 1784 1012 et
1869 960 2049 1015 carnis
2137 976 2355 1032 compa-

781 1045 943 1113 gibus
998 1046 1238 1109 resoluti,
1279 1050 1672 1103 rccreationein
1703 1060 1879 1106 autem
1934 1069 1996 1109 ac
2030 1054 2248 1108 delicias
2294 1073 2353 1109 ea

787 1150 909 1203 qua:
964 1152 1189 1206 magnos
1249 1139 1466 1193 dolores
1509 1138 1765 1207 afferunt,
1832 1153 2102 1199 tormenta
2172 1148 2357 1201 existi-

788 1237 1053 1282 mantes:
1112 1245 1247 1297 quos
1292 1230 1471 1285 adhuc
1545 1236 1902 1289 certaminum
1952 1239 2213 1306 sanguine
2271 1242 2357 1294 di-

786 1317 1056 1372 stillantes
1135 1322 1346 1390 accepit
1427 1322 1680 1377 Christus
1765 1330 2143 1395 agonotheta.
2203 1332 2357 1385 Pura:

788 1426 1023 1479 namque
1060 1415 1105 1466 ei
1160 1415 1321 1469 oblati
1373 1426 1507 1469 sunt
1559 1418 1766 1482 hostiae,
1831 1422 2133 1477 elvictinm
2167 1425 2358 1478 volun-

790 1506 963 1557 tariae.
1014 1503 1243 1572 Propter
1301 1523 1423 1574 qua:
1487 1511 1795 1568 communis
1858 1524 2147 1580 superatus
2180 1514 2360 1568 inimic

788 1608 907 1649 cus.
932 1593 1130 1646 cecidit
1161 1595 1459 1651 admirabili
1494 1599 1729 1666 quodam
1767 1615 1895 1654 casu
1947 1602 2053 1655 illis
2109 1617 2361 1672 speetan-

792 1683 952 1737 tibus.
992 1683 1124 1737 Cum
1152 1701 1218 1739 co
1249 1702 1576 1757 congressus
1610 1706 1838 1759 magnus
1891 1707 2106 1762 quoque
2135 1696 2361 1758 athleta,

790 1784 846 1828 et
916 1791 1120 1830 corona
1195 1780 1484 1833 redimitus
1548 1782 1863 1845 Callinicus,
1935 1786 2094 1855 cujus
2162 1789 2361 1844 luctam

791 1877 845 1921 ct
871 1869 1173 1931 certamina
1218 1873 1272 1925 in
1308 1877 1562 1943 praesenti
1591 1878 1935 1945 prosequitur
1964 1882 2159 1938 oratio.
2198 1898 2367 1950 usque

791 1960 928 2014 adeo
962 1961 1153 2017 derisit
1181 1978 1241 2017 ea
1270 1981 1389 2032 quae
1411 1976 1537 2019 sunt
1560 1972 1679 2035 ejus
1716 1969 1998 2030 terribilia,
2021 1979 2075 2024 ut
2113 1982 2365 2039 tanquam

795 2052 1062 2106 infantem
1128 2056 1300 2124 prima
1339 2057 1519 2109 statim
1549 2059 1692 2111 lucta
1726 2062 2100 2126 pt'ostraverit,
2136 2073 2188 2116 et
2221 2063 2370 2119 lttttni

794 2144 1043 2200 alliserit.
1079 2147 1185 2201 Sed
1210 2148 1330 2215 ejus
1356 2149 1575 2218 quidem
1606 2153 1806 2224 egregii
1874 2153 1973 2207 viri
2027 2158 2208 2211 omnia
2256 2159 2371 2212 sin-

796 2235 1017 2304 gulatim
1067 2238 1252 2294 dicere
1282 2250 1335 2295 et
1365 2240 1572 2296 referre
1634 2259 1737 2297 nec
1775 2245 1882 2298 ulla
1941 2257 2126 2313 posset
2176 2255 2371 2313 oratio,

797 2342 898 2383 nec
945 2344 1064 2398 quae
1087 2331 1243 2384 abeo
1271 2342 1421 2397 gesta
1470 2342 1619 2398 sunt,
1657 2336 1938 2391 auditione
2001 2338 2223 2393 fuerunt
2287 2358 2375 2395 ac-

798 2427 956 2488 cepta
1013 2421 1080 2474 ab
1126 2423 1406 2489 omnibus,
1440 2434 1500 2478 ut
1531 2427 1742 2495 possint
1790 2432 1970 2485 omnia
2032 2433 2265 2501 proferri
2308 2435 2375 2489 ab

800 2512 1081 2569 omnibus.
1137 2512 1392 2579 Qua-dam
1421 2526 1602 2572 autem
1663 2536 1859 2590 pauca,
1916 2532 1967 2577 et
2012 2540 2132 2593 quae
2183 2542 2371 2581 eorum

800 2603 888 2670 qui
916 2605 1229 2670 audierunt,
1280 2609 1503 2665 minime
1562 2613 1777 2682 fugiunt
1799 2618 2112 2670 memoriam
2150 2619 2373 2687 (etenim

804 2693 1170 2751 interfuerunt
1203 2699 1447 2767 quidem,
1483 2717 1607 2755 cum
1666 2705 1976 2762 decertaret
2042 2718 2265 2779 martyr,
2321 2720 2376 2764 et

804 2784 1061 2840 viderunt
1104 2790 1363 2843 nonnulla
1398 2807 1590 2845 eorum
1646 2811 1767 2863 quze
1824 2798 2067 2869 fiebant),
2123 2805 2375 2870 praesenti

804 2878 1053 2932 Oratione
1112 2881 1401 2934 tradentur
1426 2884 1719 2938 memoriae.
1756 2884 1846 2940 Sic
1905 2888 2047 2941 enim
2091 2900 2145 2944 et
2191 2900 2377 2948 nostro

805 2967 1210 3024 satisfaciemus
1229 2972 1521 3041 desiderio,
1564 2985 1617 3029 et
1643 2976 1858 3033 athletae
1897 2979 2187 3036 atl‘eremus
2248 2982 2376 3038 bre-

806 3074 925 3113 vem
960 3059 1173 3117 laudem
1208 3067 1467 3136 martyrii.

2456 605 2636 656 πᾶσαν
2684 603 2850 656 αὑτοῦ
2897 603 3182 665 ὀλέσαντες
3225 602 3473 671 δύναμιν.
3526 604 3617 672 Τῷ
3669 602 3779 671 γὰρ
3810 602 3904 657 τοῦ
3934 608 4019 656 Δε-

2458 696 2659 747 σπότου
2705 695 2911 765 φίλτρῳ
2940 695 3039 756 τάς
3069 694 3246 764 ψυχὰς
3298 694 3674 764 πυρωθέντες,
3716 691 3796 757 οἷς
3826 698 3854 749 ὁ
3884 696 4018 755 θεῖος

2455 781 2595 850 ἔρως
2651 782 2913 851 ἐνέσκηψε
2963 784 3055 836 καὶ
3117 784 3274 845 ὅλους
3335 784 3537 846 αὐτοὺς
3572 788 3638 853 τῇ
3694 785 3886 855 ἀγάπῃ
3931 785 4020 837 τοῦ

2454 872 2683 927 δυνατοῦ
2709 874 3129 942 ἐπιῤῥώσαντες,
3161 875 3437 944 εὐθαρσῶς
3466 878 3558 928 καὶ
3596 876 3861 943 γενναίως
3890 876 4021 945 πρὶς

2457 964 2546 1015 τὸν
2581 966 2720 1016 κατᾶ
2749 964 2841 1016 τοῦ
2867 965 3058 1035 ἐχθροῦ
3092 968 3377 1037 ἐχώρησαν
3404 964 3641 1034 πόλεμον
3663 985 3677 998 ν
3713 969 3892 1020 πάντα
3923 968 4021 1034 μὲν

2456 1059 2522 1107 τὰ
2556 1056 2691 1123 μέλη
2726 1060 3051 1126 κοπτόμενοι
3092 1060 3184 1111 καὶ
3228 1061 3325 1121 τὰς
3371 1063 3468 1129 τῆς
3516 1062 3721 1129 σαρκὸς
3752 1060 4023 1128 ἁρμονίας

2459 1147 2881 1216 παραλυόμενοι,
2919 1150 3103 1201 ἄνεσιν
3150 1149 3201 1201 δὲ
3242 1149 3501 1220 μᾶλλονῆ
3552 1156 3767 1219 τρυφὴν
3807 1156 3902 1210 τὰς
3933 1166 4025 1200 πο-

2459 1241 2759 1304 λυωδύνους
2794 1242 3061 1311 βασάνους
3101 1243 3413 1311 ἡγούμενοι,
3456 1241 3545 1299 οὓς
3585 1242 3665 1294 ἔτι
3700 1242 3796 1293 καὶ
3828 1247 3891 1293 τὰ
3919 1242 4027 1291 τῶν

2461 1333 2686 1398 ἀγώνων
2732 1335 3162 1402 περιστάζοντας
3205 1335 3413 1402 αἵματα
3448 1336 3476 1387 ὁ
3519 1333 3865 1401 ἀγωνοθέτης
3896 1335 4030 1401 Χρι-

2465 1424 2588 1484 στὸς
2620 1425 3017 1491 προσελάϐετο,
3048 1424 3262 1491 θύματα
3310 1423 3517 1491 ἄμωμα
3572 1422 4029 1492 προσενεχθέντες

2463 1516 2613 1585 αὐτῷ
2647 1518 2739 1567 καὶ
2773 1516 2977 1583 σφάγια
3025 1514 3326 1579 ἐθελούσια,
3362 1513 3446 1581 ἐφ’
3473 1510 3550 1577 οἷς
3582 1517 3611 1566 δ
3644 1516 3823 1578 κοινὸς
3859 1517 4029 1583 ἡττη-

2466 1609 2576 1671 θεὶς
2615 1608 2883 1678 δυσμενὴς
2924 1607 3126 1675 πτῶμα
3176 1607 3427 1658 πέπτωκε
3470 1609 3579 1666 τοῖς
3632 1606 3831 1674 ὁρῶσιν
3883 1608 4031 1671 ὲξαί·

2469 1714 2599 1750 σιον.
2654 1699 2839 1768 Τούτῳ
2888 1698 3225 1765 συμπλακεὶς
3260 1696 3351 1747 καὶ
3388 1699 3413 1748 ὁ
3448 1698 3619 1763 μέγας
3654 1696 3895 1761 ἀθλητὴς
3944 1695 4035 1748 καὶ.

2472 1790 2795 1859 στείρανίτης
2827 1790 3173 1852 Καλλίνικος,
3208 1784 3268 1844 οὗ
3298 1790 3421 1849 τοὺς
3454 1789 3647 1850 ἄθλους
3697 1787 3793 1839 καὶ
3830 1788 3903 1838 τὰ
3934 1805 4036 1839 πα·

2474 1882 2749 1950 λαίσματα
2783 1885 2810 1933 ὁ
2840 1883 2932 1933 νῦν
2967 1882 3119 1949 λόγος
3149 1882 3424 1947 διέξεισιν,
3461 1880 3552 1931 ἐπὶ
3584 1878 3841 1931 τοσοῦτον
3875 1876 4036 1929 αὑτοῦ

2477 1974 2583 2026 τῶν
2634 1974 2885 2043 φοϐερῶν
2923 1975 3308 2041 κατεγέλασεν,
3364 1973 3437 2035 ὡς
3488 1966 3574 2024 οἷα
3631 1972 3799 2023 παῖδα
3848 1971 4037 2039 νήπιον

2474 2070 2535 2120 ἐκ
2586 2068 2806 2136 πρώτης
2864 2068 3023 2129 εὐθὺς
3071 2065 3246 2132 πάλης
3305 2064 3631 2118 καταϐαλεῖν
3670 2066 3765 2115 καὶ
3805 2066 3888 2125 είς
3938 2064 4039 2131 γῆν

2475 2158 2943 2227 καταρράξασθαι.
2992 2155 3153 2208 Ἀλλὰ
3186 2154 3364 2207 πάντα
3391 2154 3491 2222 μὲν
3536 2154 3602 2205 τά
3658 2152 3752 2205 τοῦ
3788 2154 4041 2220 γενναίου

2473 2248 2655 2315 λέγειν
2712 2266 2771 2300 τε
2828 2247 2930 2300 ἀνά
2991 2248 3154 2316 μέρος
3194 2246 3287 2298 καὶ
3347 2245 3685 2314 διηγεῖσθαι,
3721 2245 3849 2296 οδτε
3886 2245 4039 2310 λόγος

2475 2343 2620 2395 ὲστῖν
2661 2343 2688 2393 ὀ
2727 2342 2890 2393 πᾶσιν
2927 2339 3168 2407 ἐναργῶς
3199 2338 3407 2391 ἐπιέναι
3461 2339 3780 2407 δυνάμενος,
3833 2337 3954 2388 οὔτ’
3988 2340 4039 2385 ἐν

2476 2431 2685 2485 πολλῶν
2740 2432 2930 2493 ἀκοαῖς
2961 2430 3029 2483 τά
3072 2430 3243 2497 τούτῳ
3275 2429 3511 2500 ἐνηχήθη
3546 2429 3942 2494 πεπραγμένα,
3973 2426 4040 2485 ώς

2476 2526 2541 2578 ἂν
2572 2526 2664 2577 καὶ
2691 2527 2821 2578 πᾶσι
2858 2524 3032 2576 πάντα
3071 2523 3285 2591 γένοιτο
3336 2523 3562 2590 ἔκιρορα.
3604 2520 3791 2584 Ὁλίγα
3824 2518 3885 2569 δέ
3930 2534 4040 2567 τινα

2476 2619 2568 2670 καὶ
2591 2618 2689 2670 ὅσα
2712 2618 2810 2686 τὴν
2842 2618 3062 2685 μνήμην
3085 2614 3192 2667 τῶν
3219 2614 3567 2667 ἀκουσάντων
3593 2612 3652 2663 οὐ
3679 2609 4039 2676 διαπέφευγεν

2479 2710 2634 2774 (ἐπεὶ
2667 2709 2758 2759 καὶ
2790 2705 3043 2774 παρῆσάν
3076 2720 3219 2765 τινες
3254 2700 3636 2771 ἀγωνιζομένῳ
3668 2699 3744 2768 τῷ
3779 2700 4042 2770 μάρτυρι.

2477 2802 2591 2853 ἔνια
2649 2798 2758 2851 τῶν
2793 2798 3090 2865 γινομένων
3147 2794 3445 2863 θεώμενοι)
3500 2792 3585 2845 διά
3627 2789 3722 2844 τοῦ
3778 2791 4042 2859 παρόντος

2477 2893 2635 2958 λόγου
2694 2890 3046 2958 ὑπομνήματι
3116 2889 3393 2955 στήσεται.
3459 2882 3613 2937 Οὕτω
3672 2883 3782 2954 γὰρ
3846 2884 3939 2935 τόν
3988 2902 4043 2935 τε

2476 2985 2747 3053 ἡμέτερον
2808 2980 2972 3032 πύθον
3027 2975 3483 3047 ἀφοσιωσόμεθα,
3540 2976 3634 3029 καὶ
3698 2975 3779 3044 τῷ
3838 2974 4044 3043 ἀθλητῇ

2480 3077 2685 3145 βραχὺν
2714 3074 2802 3126 τὸν
2834 3072 2927 3125 τοῦ
2965 3071 3264 3140 μαρτυρῖου
3295 3069 3602 3137 εἰσοίσομεν
3629 3068 3881 3120 ἔπαινον.

874 3152 941 3206 ll.
990 3152 1087 3209 Hic
1146 3170 1275 3223 ergo
1318 3160 1536 3212 divinus
1599 3170 1649 3213 et
1708 3177 1930 3230 magnus
1982 3164 2292 3230 Callinicus,
2319 3167 2371 3221 in

2551 3163 2621 3219 B'.
2655 3157 2821 3227 Οὗτος
2855 3156 3031 3217 τοίνυν
3060 3167 3086 3217 ὁ
3116 3163 3255 3223 θεῖος
3289 3163 3382 3214 καὶ
3413 3162 3584 3229 μέγας
3617 3159 3951 3232 Καλλίνικος
3988 3162 4043 3211 ἐν

806 3240 950 3295 bona
1031 3252 1085 3297 et
1142 3260 1322 3299 rerum
1386 3247 1628 3302 omniutn
1691 3248 1851 3305 fertili
1900 3252 2101 3308 Cilicia
2153 3257 2370 3327 regione

807 3345 993 3399 natus,
1029 3335 1132 3390 fuit
1157 3339 1419 3406 praeclare
1449 3342 1731 3408 educatus,
1791 3345 1954 3402 Deum
1987 3348 2205 3416 quidem
2250 3366 2369 3404 om-

811 3423 959 3477 nium
991 3424 1326 3482 Salvatorem
1355 3440 1407 3483 et
1429 3430 1736 3488 eﬂectorem
1767 3435 1835 3489 ab
1859 3437 2084 3490 infantia
2109 3438 2375 3492 confitens

806 3523 863 3570 et
894 3516 1192 3584 bonorans,
1242 3520 1531 3577 simulacra
1558 3536 1761 3586 autem,
1791 3526 1939 3578 nullo
1964 3541 2125 3580 sensu
2151 3531 2373 3596 praedita

808 3615 870 3661 et
890 3607 1048 3674 plane
1082 3610 1266 3674 surda,
1301 3612 1602 3666 abhorrens
1631 3622 1685 3667 et
1717 3615 1922 3669 habens
1947 3618 2090 3674 odio.
2121 3617 2221 3687 Qui
2251 3638 2372 3677 cum

810 3700 977 3755 etiam
1008 3702 1170 3756 vellet
1198 3704 1452 3771 pietatem
1490 3706 1687 3776 ubique
1728 3708 2105 3779 disseminare,
2126 3731 2256 3770 usus
2293 3726 2376 3772 est

815 3793 1003 3848 multis
1047 3804 1103 3849 et
1142 3795 1317 3866 longis
1348 3802 1897 3871 peregrinationibus,
1960 3806 2123 3858 vitam
2156 3810 2374 3876 quidem

812 3888 1031 3956 dignam
1075 3891 1340 3963 religione
1382 3908 1672 3958 exercens,
1705 3897 1827 3949 vita:
1853 3903 2033 3956 autem
2068 3899 2375 3955 institutum

813 3993 1089 4033 exornans
1134 3982 1419 4052 religione.
1457 3983 1641 4039 Fidem
1681 3987 1825 4042 enim
1875 3989 1925 4043 in
1963 3990 2236 4047 Christum
2269 4009 2375 4048 non

815 4071 989 4126 solum
1018 4072 1070 4125 in
1108 4073 1230 4128 sinu
1255 4074 1419 4137 ferre.
1462 4078 1556 4133 sed
1587 4080 1749 4135 etiam
1810 4083 2024 4150 publice
2063 4087 2377 4154 praedicare,

814 4163 964 4233 pium
990 4180 1111 4220 esse
1134 4168 1452 4233 existimans,
1478 4172 1726 4241 cognitus
1756 4172 1858 4226 fuit
1901 4189 1930 4226 a
1976 4175 2160 4230 multis
2212 4178 2381 4246 magi-

814 4264 925 4310 ster
979 4260 1275 4313 veritatis:
1317 4276 1455 4330 quos
1504 4264 1726 4331 perinde
1771 4280 1835 4320 ac
1892 4267 2106 4337 quidam
2158 4284 2380 4341 magnes

816 4350 1065 4405 trahebat
1092 4353 1157 4407 ad
1190 4354 1453 4425 scipsum,
1484 4368 1538 4411 et
1585 4360 1867 4414 avertebat
1914 4362 1982 4416 ab
2040 4379 2245 4418 errore.
2300 4366 2380 4421 Ab

814 4443 934 4512 ejus
993 4445 1161 4506 enim,
1212 4455 1470 4517 tanquam
1517 4449 1746 4518 alicujus
1786 4452 2000 4519 sirenis,
2063 4455 2380 4512 dulcissimo

2472 3262 2537 3332 τῇ
2569 3259 2806 3314 Κιλίκων
2837 3258 2927 3312 καὶ
2955 3258 3055 3323 φὺς
3085 3254 3181 3307 καὶ
3203 3252 3449 3323 τραφεὶς.
3483 3249 3663 3318 χώρας
3686 3250 3925 3318 εὖφόρου
3959 3250 4046 3301 καὶ

2473 3352 2542 3407 τά
2589 3353 2765 3403 πάντα
2821 3350 3086 3417 χρηστῆς,
3139 3342 3362 3412 ἀγωγῆς
3413 3341 3599 3411 ἔλαχεν
3660 3341 3892 3404 ἀστείας
3958 3343 4045 3393 καὶ

2476 3441 2806 3513 ὑπερφυοῦς,
2837 3439 2967 3491 Θεὸν
3005 3437 3102 3507 μὲν
3140 3436 3231 3488 τὸν
3264 3436 3477 3488 πάντων
3508 3433 3737 3505 Σωτῆρα
3765 3436 3864 3486 καὶ
3897 3452 4047 3503 ποιη-

2474 3538 2573 3608 τὴν
2608 3537 2670 3587 ἐκ
2712 3531 2935 3602 πρώτης
2986 3532 3098 3600 ἅμα
3142 3529 3327 3601 τριχὸς
3362 3529 3637 3599 ὁμολογῶν
3688 3531 3788 3582 καὶ
3833 3528 4045 3597 τιμῶν,

2476 3627 2668 3681 εἴδωλα
2694 3625 2749 3679 δὲ
2775 3625 2841 3678 τά
2868 3625 3171 3692 ἀναίσθητα
3196 3626 3292 3676 καὶ
3322 3623 3480 3690 κωφά
3512 3621 3938 3689 βξελυττὸμενος
3964 3621 4049 3670 καλ

2478 3722 2672 3793 μισῶν.
2701 3721 2757 3783 ὃς
2789 3722 2879 3773 καὶ
2908 3720 3005 3787 τὴν
3039 3716 3318 3769 εὖσέῦειαν
3350 3713 3701 3779 ὑποσπείρειν
3727 3711 4048 3780 βουλόμενος

2478 3814 2778 3877 πανταχοῦ,
2825 3808 3159 3877 ὁδοιπορίαις
3199 3805 3463 3875 ἐκέχρητο
3510 3805 3732 3872 συχναῖς
3790 3806 3887 3855 καὶ
3948 3821 4047 3872 μα-

2478 3902 2656 3971 κραῖς,
2676 3900 2794 3968 βίον,
2818 3898 2915 3969 μὲν
2947 3895 3167 3962 ἐπάξιον
3198 3896 3535 3963 ἀσκούμενος
3564 3894 3657 3947 τοῦ
3685 3893 4048 3961 σεϐάσματπ,

2475 3992 2573 4064 τὴν
2614 3992 2668 4046 δέ
2697 4010 2758 4060 γε
2791 3991 3070 4045 πολιτείαν
3107 3988 3424 4060 ἐπικοσμῶν
3449 3987 3523 4058 τῷ
3571 3987 3922 4055 σεϐάσματι·
3958 3989 4050 4056 τὴν

2477 4086 2585 4155 γὰρ
2609 4086 2685 4145 εἰς
2716 4084 2950 4156 Χριστὸν
2985 4084 3168 4137 πίστιν
3193 4083 3292 4135 ούκ
3323 4080 3616 4148 ὲγκόλπιον
3647 4079 3814 4144 μόνον
3843 4078 4051 4147 φέρειν,

2477 4177 2615 4232 ἀλλά
2669 4178 2763 4230 καὶ
2806 4175 3041 4247 δημοσία
3104 4172 3394 4240 κηρύττειν
3446 4169 3749 4238 ἡγούμενος
3810 4170 4049 4229 εὐσεϐὲς,

2482 4269 2694 4330 πολλοῖς
2717 4272 2813 4337 τῆς
2844 4266 3100 4334 ἀληθείας
3128 4261 3447 4323 διδάσκαλος
3478 4258 3807 4328 ἐγνωρίζετο
3832 4302 3847 4327 ,
3876 4258 3970 4323 οὓς
3993 4259 4051 4327 δὴ

2480 4361 2574 4412 καὶ
2603 4362 2677 4420 ὡς
2710 4360 2872 4421 εἴτις
2923 4356 3189 4429 μαγνῆτις
3238 4350 3388 4408 εἷλκέ
3417 4370 3475 4406 τε
3523 4354 3664 4425 πρὸς
3712 4354 3913 4407 ἑαυτὸν
3965 4353 4053 4406 καὶ

2480 4452 2577 4521 τῆς
2609 4451 2811 4521 πλάνης
2840 4451 3171 4521 ἀπέστρεφε.
3196 4448 3400 4503 Τούτου
3428 4447 3535 4517 γὰρ
3567 4447 3662 4515 τῆς
3692 4448 3921 4516 ἡδίστης
3952 4445 4052 4498 τῶν

814 4533 1103 4589 verborum
1134 4537 1274 4605 capti
1306 4553 1441 4592 sono
1467 4538 1500 4592 ii
1530 4541 1622 4610 qui
1652 4542 1964 4604 audiebant.
1988 4547 2169 4601 statim
2207 4549 2371 4603 dedu-

2481 4544 2656 4612 λὸγων
2710 4543 2876 4615 ἠχοῦς
2931 4538 3018 4597 οἵα
3079 4541 3340 4609 Σειρῆνος
3396 4538 3665 4608 ἀψευδοῦς
3702 4539 3955 4605 ἁλόντες,
4008 4541 4050 4591 οἱ

815 4626 1080 4681 cebantur
1110 4628 1178 4684 ad
1226 4628 1350 4685 fidei
1407 4633 1761 4702 agnitionem,
1809 4635 2033 4707 pulchra
2100 4640 2149 4694 ei
2204 4639 2380 4697 ell'ecti

814 4718 1015 4785 praeda.

887 4807 974 4864 Ill.
1002 4808 1139 4865 Cum
1180 4826 1310 4868 vero
1346 4813 1543 4872 multos
1598 4817 1746 4875 vicos
1788 4831 1843 4877 et
1886 4822 2132 4879 civitates
2168 4825 2380 4887 obiens,

814 4900 1156 4971 pervenisset
1214 4905 1479 4973 Ancyram
1535 4907 1756 4963 Galatiae
1800 4911 2074 4966 civitatem
2110 4925 2381 4984 magnam,

814 5001 871 5047 et
898 4993 1097 5063 populo
1122 4993 1611 5065 frequentissimam
1640 5004 1773 5068 (erat
1818 5014 1997 5058 autem
2050 5005 2273 5058 verbum
2304 5004 2384 5059 di-

821 5083 1006 5139 vinum
1038 5086 1090 5138 in
1126 5100 1188 5140 ea
1225 5088 1504 5157 explicans
1538 5098 1591 5144 et
1620 5091 1914 5163 dividens),
1953 5104 2006 5149 et
2042 5098 2194 5150 multi
2230 5095 2385 5151 exiis

819 5180 913 5250 qui
951 5190 1081 5235 tunc
1114 5179 1224 5234 illic
1253 5189 1425 5244 erant,
1481 5179 1709 5238 fuissent
1735 5184 1855 5255 ejus
1914 5186 2179 5241 doctrina:
2212 5189 2385 5258 parti—

819 5273 990 5341 cipes,
1040 5286 1269 5330 accensa
1302 5281 1385 5329 est
1424 5277 1492 5332 ab
1531 5275 1802 5345 aliquibus
1825 5279 1876 5333 in
1902 5295 2026 5334 eum
2066 5281 2265 5334 invidia
2330 5290 2386 5335 et

820 5360 1003 5416 odium
1040 5360 1526 5421 inconsideratum.
1563 5365 1665 5433 Qui
1691 5368 1836 5422 enim
1893 5370 2105 5424 divinas
2148 5370 2386 5427 insolen-

824 5466 910 5511 ter
935 5457 1307 5527 despiciebant
1336 5460 1756 5529 admonitiones,
1790 5472 1845 5519 et
1890 5465 2126 5519 aversati
2162 5469 2380 5535 quidem

820 5556 978 5603 erant
1008 5551 1312 5612 veritatem.
1374 5561 1629 5622 tanquam
1687 5564 1828 5610 terra
1884 5565 2065 5612 autem
2119 5559 2383 5627 petrieosa

819 5654 1005 5696 semen
1061 5642 1210 5697 verbi
1234 5657 1342 5697 non
1374 5644 1750 5713 admittebant,
1782 5646 1906 5703 ﬁdei
1962 5665 2266 5718 praeconem
2300 5668 2388 5708 ac-

820 5741 1017 5787 cusant
1050 5733 1192 5805 apud
1225 5749 1369 5799 eum,
1417 5736 1511 5806 qui
1538 5746 1667 5795 tunc
1715 5748 1829 5795 erat
1876 5757 2080 5813 praeses
2127 5745 2384 5810 civitatis,

823 5825 995 5882 virum
1047 5826 1261 5897 quidem
1329 5827 1546 5901 plenum
1608 5830 1904 5903 impietate,
1973 5835 2192 5906 plenum
2261 5838 2387 5895 item

2482 4635 2821 4707 ἀκροώμενοι
2848 4635 2979 4703 πρὸς
3005 4634 3102 4701 τὴν
3130 4632 3227 4701 τῆς
3258 4630 3491 4692 πίστεως
3525 4630 3685 4693 εὐθὺς
3716 4630 4054 4700 ἐζωγροῦντο

2482 4728 2795 4794 ἐπίγνωσιν,
2825 4723 2986 4777 καλὸν
3029 4719 3177 4791 αὐτῷ
3207 4720 3483 4791 γενόμενοι
3512 4719 3757 4792 θήραμα.

2551 4820 2626 4875 l".
2674 4819 2761 4881 Ὠς
2794 4817 2849 4871 δὲ
2894 4815 3092 4880 πολλὰς
3127 4819 3316 4885 κώμας
3361 4816 3454 4870 καὶ
3488 4814 3671 4877 πόλεις
3701 4816 3940 4886 περιϊὼν
3968 4816 4053 4869 καὶ

2480 4913 2582 4982 τὴν
2639 4914 2697 4965 ἐν
2761 4910 3008 4981 Ἀγκύρα
3058 4909 3157 4978 τῆς
3218 4908 3487 4970 Γαλατίας
3537 4908 3845 4977 κατείληφε
3908 4911 4053 4962 πόλιν

2490 5007 2632 5062 οὕτω
2675 5003 2919 5075 μεγάλην
2959 5003 3052 5055 καὶ
3090 4999 3520 5070 πολυάνθρωπον
3567 4994 3653 5069 (ἦν
3689 4999 3746 5052 δέ
3784 5000 3882 5051 τὸν
3927 5000 4055 5052 θεῖον

2484 5100 2639 5166 λόγον
2677 5094 2937 5165 ὑφαπλῶν
2982 5094 3084 5146 κάν
3113 5092 3283 5161 ’Ξαύτῃ
3314 5094 3411 5144 καὶ
3442 5088 3737 5159 διαμένων)
3774 5091 3969 5144 πολλοί
4005 5106 4053 5143 τε

2483 5191 2591 5246 τῶν
2634 5192 2810 5243 ἐκεῖσε
2862 5186 2970 5240 τῶν
3016 5184 3181 5239 αὑτοῦ
3214 5182 3570 5237 διδασκαλιῶν
3618 5181 4053 5252 μετειληφεσαν,

2487 5285 2679 5354 φθόνος
2709 5282 2921 5352 ἀνήφθη
2956 5281 3090 5350 πρός
3118 5296 3285 5332 τινων
3313 5277 3407 5332 καὶ
3441 5274 3595 5345 μίσος
3620 5274 3919 5341 ἀλόγιστον
3946 5275 4059 5327 κατ’

2488 5375 2676 5432 αὑτοῦ.
2700 5376 2761 5428 οι
2794 5376 2902 5443 γὰρ
2932 5369 3311 5441 ἀπειροκάλως
3342 5368 3449 5422 τῶν
3481 5368 3641 5421 θείων
3670 5367 3901 5435 ἱχοντες
3925 5384 4056 5437 πσρ-

2490 5468 2752 5523 αινέσεων
2817 5466 2910 5520 καὶ
2962 5461 3407 5533 ἀπεστραμμένοι
3472 5459 3568 5530 μέν
3622 5459 3723 5528 τὴν
3775 5459 4054 5530 ἀλήθειαν,

2489 5563 2562 5625 ὼς
2590 5561 2658 5630 γῆ
2684 5561 2739 5614 δὲ
2764 5558 3046 5627 πετρώδης
3075 5556 3165 5609 τὸν
3189 5554 3282 5610 τοῦ
3308 5553 3465 5621 λόγου
3496 5553 3698 5622 σπόρτθ
3734 5551 3813 5622 μὴ
3844 5553 4056 5622 δεχύμιο

2492 5674 2570 5711 νοι
2592 5697 2607 5721 ,
2638 5649 3044 5709 ἐνδιαϐαλλουσι
3079 5650 3171 5703 τὸν
3207 5648 3305 5717 τῆς
3341 5648 3575 5710 πίστεως
3606 5647 3832 5716 κήρυκα
3864 5647 3943 5716 τῷ
3973 5662 4056 5711 τη-

2490 5747 2724 5803 νικαῦτα
2762 5746 2861 5816 τῆς
2905 5743 3111 5806 πόλεως
3149 5738 3571 5811 προστατεύοντι
3599 5782 3613 5802 ,
3651 5739 3817 5809 ἀνδρὶ
3874 5738 4057 5808 πλήρει

2494 5841 2589 5912 μὲν
2622 5839 2873 5903 ἀσεϐείας
2908 5838 3053 5902 δντι,
3091 5834 3283 5906 πλήρει
3322 5832 3375 5887 δὲ
3411 5827 3585 5903 θυμοῦ
3622 5832 3719 5884 καὶ
3752 5830 4053 5902 ὠμότητος.
