4170 6322
160 369 270 433 481

1303 345 1710 427 CERTAMEN
1753 370 1814 430 s.
1859 369 2262 428 CALLlNICI.

3294 368 3408 432 482

155 482 438 552 Σακερδὼς
484 483 656 553 τούτῳ
700 483 892 552 ὕνομα,
937 474 979 548 ᾧ
1033 481 1126 534 καὶ
1172 482 1367 534 θᾶττον
1416 482 1443 534 δ
1485 481 1713 553 ἀθλητὴς

1845 485 1921 538 ira
1951 495 2005 538 et
2035 484 2382 539 crudelitate.
2416 486 2474 539 Ei
2504 496 2682 540 autem
2712 493 2830 542 erat
2869 500 3065 540 nomen
3114 486 3409 543 Sacerdos.

155 576 511 646 προσαχθεὶς,
540 578 615 638 εἰς
641 576 762 644 ὄψιν
789 592 846 628 τε
874 571 1022 644 αὑτῷ
1043 572 1330 642 παραστάς
1355 587 1370 603 ·
1395 573 1480 637 Τί,
1509 577 1673 643 φησιν
1705 578 1732 628 ὁ

157 671 364 737 θρασὺς
388 669 569 741 ἄρχων
600 669 693 720 καὶ
723 665 939 731 ἀλαζὼν
972 665 1106 736 πρὸς
1136 666 1226 718 τὸν
1256 667 1433 732 ἆγιον,
1469 667 1606 718 κατά
1641 683 1726 718 το-

157 761 351 813 σούτου
380 763 612 829 κράτους
643 763 797 829 μόνος
818 759 923 810 τῶν
951 758 1125 812 ἄλλων
1152 760 1358 828 τολμᾷς
1387 756 1730 821 αὐθαδαζεσο

159 851 273 915 θαι,
295 852 574 904 καὶταῦτα
601 851 800 919 ἔπηλυς
833 850 908 901 ῶν
941 852 1032 902 καὶ
1062 850 1158 919 οὐχ
1187 850 1489 919 ἡμεδαπὸς,
1517 848 1731 900 πάντων

157 943 581 995 ὑποκυπτὸντων
632 945 722 994 καὶ
768 942 956 1005 θυσίας
1000 944 1113 1004 τοῖς
1155 942 1296 1002 θεοῖς
1346 942 1730 1010 προσαγόντων

155 1037 256 1087 καὶ
292 1037 487 1096 αὐτοὺς
523 1037 772 1102 εὐμενεῖς
807 1035 953 1102 ἔχειν
988 1033 1360 1094 σπευδόντων,
1395 1033 1463 1086 δι’
1494 1027 1568 1086 ὧν
1604 1035 1736 1102 ἡμῖν

153 1127 334 1179 πάντα
359 1126 609 1194 δωρεῖται
630 1126 696 1178 τὰ
715 1127 1009 1192 aedilium;
1037 1123 1195 1176 Ἀλλὰ
1223 1124 1285 1175 σύ
1312 1141 1374 1191 γε
1401 1124 1462 1176 οὐ
1489 1124 1647 1191 μόνον
1674 1124 1734 1175 οὐ

154 1219 441 1287 προσέρχῃ
469 1216 644 1267 Θύσων
669 1217 852 1278 αὐτοῖς
885 1217 980 1268 καὶ
1009 1214 1445 1283 ὲξιλεωσόμενος,
1473 1213 1609 1266 ἀλλὰ
1641 1213 1734 1263 καὶ

149 1311 282 1370 τοὺς
317 1308 600 1376 προσιέναι
637 1308 999 1376 βουλομένους
1035 1308 1267 1376 ἁφιστᾷς
1301 1307 1396 1359 καὶ
1427 1307 1606 1370 λόγοις
1639 1322 1733 1372 φε-

148 1399 352 1467 νακίζη
388 1402 722 1466 ἐπαγωγοῖς,
751 1401 889 1468 μήτε
929 1397 1179 1467 σώματος
1224 1398 1446 1467 μεγέθει
1489 1397 1728 1468 θαρρῶν,

149 1492 294 1560 μήτε
335 1492 595 1562 περιδολῇ
630 1491 964 1560 ἀξιώματος.
1013 1492 1158 1562 Πρὸς
1202 1492 1262 1544 ὃν
1303 1495 1330 1545 ὁ
1377 1493 1586 1560 μάρτυς
1640 1489 1731 1542 τοῦ

147 1583 392 1651 Χριστοῦ
427 1587 615 1654 πράως
647 1585 788 1638 οὕτω
813 1587 907 1637 καὶ
936 1585 1224 1655 προσηνῶς
1259 1585 1621 1654 ἀπεκρίνατο·

1837 578 1914 631 Ad
1944 592 2105 645 quem
2138 592 2259 630 cum
2293 577 2588 644 productus
2618 587 2761 632 esset
2790 579 3018 640 athleta,
3054 587 3108 631 et
3166 580 3409 634 venisset

1839 665 1891 718 in
1926 666 2044 732 ejus
2071 674 2422 733 conspectum
2460 685 2471 720 :
2503 666 2661 730 Quid,
2691 667 2866 735 inquit
2916 668 3094 722 audax
3155 677 3210 722 et
3256 685 3411 726 arro-

1835 773 1966 827 gans
2002 772 2204 826 praeses
2257 768 2467 822 sancto,
2523 760 2783 812 adversus
2846 767 3050 812 tantam
3107 760 3407 828 potentiam

1833 850 2000 901 audes
2027 850 2174 902 solus
2201 864 2267 902 ex
2293 850 2410 902 aliis
2445 862 2494 902 te
2529 850 2825 904 insolenter
2849 866 3062 920 gerene,
3090 853 3250 920 idque
3279 867 3404 905 cum

1837 941 1911 995 sis
1938 942 2164 1003 advena,
2196 952 2249 995 et
2281 958 2385 994 non
2420 952 2652 1008 nostras,
2683 944 2938 997 omnibus
2975 957 3032 998 se
3081 943 3408 998 submitten-

1840 1033 2008 1094 tibus,
2041 1040 2096 1085 et
2125 1033 2228 1085 iliis
2268 1033 2530 1087 sacriﬁcia
2565 1034 2940 1094 offerentibus,
2973 1043 3030 1088 et
3062 1049 3155 1087 eos
3182 1035 3408 1088 studen—

1835 1127 1978 1178 tibus
2009 1124 2212 1179 habere
2247 1125 2538 1178 benevolos
2560 1140 2625 1179 ac
2659 1125 2943 1193 prapitios,
2976 1140 3071 1194 per
3100 1141 3236 1193 quos
3256 1124 3412 1178 nobis

1834 1213 2128 1276 donantur.
2173 1232 2509 1286 quaecunque
2545 1227 2672 1271 sunt
2724 1219 2927 1285 optima
2984 1225 3037 1269 et
3103 1215 3409 1284 pulcherri-

1837 1305 1957 1357 ma?
1987 1305 2090 1359 Sed
2131 1317 2185 1360 tu
2242 1309 2457 1376 quidem
2497 1324 2605 1361 non
2664 1308 2841 1361 solum
2876 1323 2980 1360 non
3036 1307 3252 1360 accedis
3305 1306 3408 1360 diis

1839 1399 2263 1463 sacriﬁcaturus,
2296 1409 2351 1453 et
2386 1417 2480 1453 eos
2515 1404 2828 1468 placaturns
2864 1419 2875 1452 :
2909 1400 3004 1454 sed
3031 1415 3124 1454 eos
3148 1400 3310 1453 etiam
3339 1399 3408 1452 ab

1843 1489 2092 1542 instituto
2120 1489 2426 1549 dimovens.
2452 1490 2542 1558 qui
2582 1491 2768 1542 volunt
2798 1490 3080 1552 accedere,
3120 1483 3296 1543 verbis
3339 1488 3406 1541 ad

1843 1579 2205 1633 inducendum
2241 1582 2668 1633 accommodatis
2697 1581 2926 1648 decipis,
2988 1594 3165 1647 neque
3209 1595 3408 1647 corpo-

147 1679 227 1730 ris
285 1678 458 1733 l‘retus
519 1681 915 1749 magnitudine,
965 1695 1144 1750 neque
1205 1680 1531 1734 auctoritate
1592 1678 1698 1731 ulla
1737 1685 1831 1730 aut
1885 1676 2165 1746 dignitate.
2208 1675 2306 1730 Cui
2362 1683 2562 1745 martyr
2596 1675 2801 1729 Christi
2847 1677 2927 1729 sic
2989 1683 3275 1729 mansuete
3315 1690 3413 1732 re!

145 1773 372 1840 spondit
402 1782 455 1827 et
492 1774 742 1842 placide:

219 1864 294 1918 A'.
343 1865 482 1931 Ἐγὼ
517 1867 612 1934 μὲν
641 1865 926 1933 ἄνθρωπος
956 1861 1097 1917 εἶναι
1124 1865 1370 1935 ὁμολογῶ
1405 1866 1627 1932 εὐτελὴς
1658 1865 1716 1916 τὸ
1753 1869 1796 1924 Β

142 1960 470 2025 φαινόμενον
497 1957 586 2007 καὶ
614 1958 831 2025 μικρόςο
856 1957 1140 2027 περιφέρω
1161 1957 1213 2009 δὲ
1239 1944 1302 2009 ὲν
1321 1959 1395 2027 τῷ
1419 1956 1721 2024 δστρακίνῳ

145 2065 254 2117 μου
285 2049 456 2114 τούτῳ
491 2047 675 2100 σκεύει
698 2049 788 2101 τὸν
824 2049 955 2117 ἐμὸν
990 2051 1288 2120 πολύτιμον
1320 2051 1595 2120 Θησαυρὸν
1627 2050 1722 2102 καὶ

144 2140 496 2208 μαργαρίτην
526 2141 782 2209 Χριστὸν,
833 2141 924 2194 τὸν
973 2143 1176 2213 Κύριον
1210 2160 1309 2212 μου
1357 2144 1449 2194 καὶ
1494 2144 1720 2211 Σωτῆρα

154 2229 398 2295 Ἰησοῦν,
434 2227 494 2283 οὗ
521 2230 705 2293 δοῦλός
739 2234 886 2299 ειμι,
920 2227 1071 2302 ᾧπερ
1107 2234 1272 2305 ρίφην
1302 2234 1415 2287 ἀπὸ
1445 2232 1674 2301 γαστρὸς
1703 2273 1716 2294 ,

140 2322 202 2382 ὃς
229 2321 456 2384 πλοῦτος
484 2325 607 2391 ἐμοὶ
633 2326 728 2376 καὶ
752 2325 1014 2396 καύχημα
1042 2329 1133 2378 καὶ
1162 2329 1311 2395 ἰσχὺς
1334 2329 1401 2378 δι’
1433 2321 1504 2379 ὧν
1531 2327 1720 2397 ἥδιστα

139 2415 268 2482 ἐμοὶ
294 2419 386 2466 καὶ
413 2417 618 2486 τερπνὰ
649 2417 714 2468 τὰ.
744 2419 835 2469 τσῦ
863 2418 979 2485 βίου
1016 2422 1228 2469 ἅπαντα
1262 2419 1504 2483 ἀλγεινά.
1554 2418 1720 2468 Οὐδὲν

136 2504 235 2558 οὖν
265 2508 594 2576 θαυμαστὸν,
628 2503 670 2561 ὧ
702 2508 943 2577 ἡγεμὼν,
975 2509 1022 2560 εί
1051 2510 1294 2560 τοιούτου
1320 2510 1592 2560 Δεσπότου
1621 2508 1717 2572 ῶν,

137 2599 365 2649 σπεύδω
397 2601 487 2650 καὶ
517 2600 855 2666 ἀγωνίζομαι
879 2639 891 2663 ,
922 2599 1070 2661 ὅπως
1097 2616 1154 2650 τε
1184 2600 1342 2661 αὐτὸς
1376 2599 1470 2650 τοῦ
1509 2599 1588 2651 ἰοῦ
1620 2600 1717 2667 τῆς

138 2689 344 2749 κακίας
379 2690 614 2755 ἐμαυτὸν
655 2691 1016 2759 ὰποξὲσαιμι,
1055 2691 1176 2743 καθ’
1208 2691 1331 2742 ὅσον
1373 2685 1543 2742 οἷόντε
1590 2708 1718 2742 συν-ο

135 2783 392 2848 τηρήσας
427 2782 731 2851 ἀ>.ὡὸητον,
761 2786 852 2834 καὶ
885 2785 1031 2846 ὅπως
1055 2785 1151 2854 τῆς
1178 2784 1284 2836 τῶν
1315 2785 1546 2838 εἰδώλων
1584 2788 1717 2838 πλά-

137 2892 240 2941 νης
283 2877 405 2936 τοὺς
443 2877 829 2944 ἠπατημένους
869 2877 1211 2946 ὲκσπάσαιμι
1255 2880 1348 2930 καὶ
1380 2880 1447 2948 τῇ
1489 2878 1718 2949 ἀληθεία

139 2968 506 3037 προσάξαιμι.
567 2968 626 3019 ὐ
662 2969 769 3035 γὰρ
801 2970 1030 3036 ἐξάγων
1061 2973 1414 3036 ἁμαρτωλὸν
1454 2971 1523 3023 ἐκ
1563 2970 1718 3022 πλὰ-

133 3077 256 3122 νης
308 3057 450 3110 (δοῦ
490 3059 675 3112 αὐτοῦ
730 3055 785 3129 (ᾖ
833 3077 966 3126 φησι
1018 3063 1085 3112 τὰ
1140 3061 1477 3112 θεόπνευστα
1536 3060 1714 3128 λόγια)

133 3149 328 3201 σώσει
357 3149 472 3215 μὲν
504 3149 716 3218 ψυχὴν
748 3151 815 3202 ἐκ
857 3150 1116 3203 θανάτου
1149 3151 1247 3203 καὶ
1272 3153 1530 3218 καλύψει
1561 3153 1715 3218 πλῆ-

1895 1856 1979 1912 ιν.
2011 1859 2119 1925 Ego
2156 1859 2373 1928 quidem
2414 1874 2502 1913 me
2532 1859 2706 1912 fateor
2739 1874 2860 1914 esse
2899 1858 3175 1914 hominem
3223 1864 3406 1931 specie

1824 1955 2083 2008 humilem
2113 1963 2164 2008 et
2224 1955 2476 2024 pusillum
2513 1971 2530 2009 :
2565 1955 2891 2010 cireumfero
2951 1966 3135 2009 autem
3176 1957 3230 2009 in
3303 1958 3406 2011 hoc

1824 2061 1947 2100 meo
1983 2062 2109 2100 vase
2150 2046 2299 2100 ﬁctili
2348 2046 2650 2114 pretiosum
2709 2063 2892 2101 meum
2954 2048 3296 2110 thesaurum,
3350 2061 3407 2103 et

1824 2144 2170 2208 margaritam
2206 2138 2482 2192 Christum
2527 2138 2815 2192 Dominum
2851 2155 3030 2192 meum
3060 2145 3115 2193 et
3154 2141 3404 2194 Salvato-

1824 2246 1934 2283 rem
1964 2230 2171 2291 Jesum,
2200 2230 2356 2298 cujus
2382 2245 2504 2282 sum
2557 2245 2751 2285 servus
2783 2247 2796 2282 :
2828 2233 2914 2285 cui
2949 2231 3225 2300 projectus
3280 2248 3402 2286 sum

1823 2323 1890 2377 ab
1919 2336 2096 2386 utero,
2124 2325 2213 2392 qui
2247 2332 2331 2377 est
2362 2323 2496 2376 mihi
2525 2324 2746 2387 divitite,
2803 2324 3054 2395 gloriatio
3105 2335 3159 2380 et
3208 2326 3398 2388 virtus,

1825 2428 1920 2481 per
1980 2428 2101 2480 qua:
2158 2422 2284 2465 sunt
2347 2413 2849 2469 mihidelcctabilla
2891 2424 2943 2468 et
3001 2417 3158 2484 longe
3209 2415 3404 2484 jucun-

1822 2504 2046 2557 dissiina
2086 2520 2423 2573 quascunque
2455 2515 2583 2560 sunt
2620 2506 2672 2558 in
2718 2507 2821 2558 vita
2859 2523 3048 2576 aspera
3067 2520 3120 2561 et
3151 2509 3399 2564 molesta.

1820 2592 1934 2645 Non
1965 2604 2048 2647 est
2086 2610 2216 2662 ergo
2245 2596 2466 2660 mirum,
2500 2611 2532 2649 ο
2580 2613 2800 2664 ργαεεεε,
2866 2598 2909 2650 si
2971 2614 3093 2652 cum
3142 2600 3266 2653 talis
3329 2597 3401 2654 sit

1826 2682 1958 2738 mihi
1999 2687 2277 2748 Dominus,
2303 2688 2576 2740 contendo
2614 2697 2669 2740 et
2696 2688 2936 2749 decerto,
2975 2699 3034 2740 ut
3062 2699 3114 2742 et
3167 2689 3281 2758 ipse
3312 2706 3399 2743 me

1821 2792 1849 2830 a
1890 2776 2001 2831 vitii
2043 2778 2292 2847 rubigine
2321 2779 2609 2846 expoliam,
2644 2795 2729 2833 me
2795 2781 3068 2851 integrum
3119 2792 3174 2835 et
3222 2786 3401 2838 since-

1825 2872 2178 2939 rum,quoad
2212 2872 2328 2940 ejus
2385 2873 2502 2925 ﬁeri
2561 2882 2759 2940 potest,
2812 2889 3166 2941 conservans,
3233 2889 3401 2947 utque

1821 2959 1888 3011 ab
1991 2975 2175 3012 errore
2269 2961 2534 3012 idolorum
2609 2978 2724 3024 eos,
2821 2969 2912 3032 qui
2985 2977 3114 3020 sunt
3199 2969 3401 3039 decep-

1824 3052 1882 3114 ti,
1953 3049 2200 3111 avellam,
2235 3059 2289 3103 et
2323 3051 2589 3104 adducam
2655 3053 2719 3106 ad
2753 3057 3064 3108 veritatem.
3118 3054 3218 3119 Qui
3247 3063 3391 3112 enim

1820 3141 2030 3194 abducit
2053 3150 2377 3211 peccatorem
2409 3144 2474 3196 ab
2495 3161 2668 3198 errore
2699 3150 2793 3198 via:
2822 3162 2930 3199 sua
2954 3157 3036 3214 (ut
3067 3149 3256 3204 dicont
3311 3152 3396 3205 di-

131 3246 245 3308 θος
295 3209 630 3312 ἁμαρτιῶνῗ
660 3209 793 3297 Ἐἴθε
844 3243 936 3298 οὖν
995 3244 1214 3297 ἐπείθου
1270 3263 1357 3316 μοι
1412 3209 1506 3299 καὶ
1555 3209 1713 3308 αὐτός

1821 3236 2019 3288 vinitus
2043 3237 2304 3304 inspirata
2337 3236 2584 3304 Eloquia)
2618 3240 2842 3290 servabit
2873 3241 3107 3292 animam
3153 3257 3184 3293 a
3232 3256 3402 3297 morte

130 3337 237 3404 τὴν
274 3339 370 3404 μὲν
406 3337 686 3405 παροῦσαν
715 3338 931 3407 ἀπάτην
967 3337 1307 3402 καταλιπεῖν,
1330 3338 1408 3406 τῷ
1442 3339 1498 3390 δέ
1521 3355 1581 3404 γε
1617 3337 1717 3406 τῆς

129 3428 400 3490 ἀληθείας
427 3429 565 3494 φωτὶ
593 3430 981 3496 προσδραμεῖν.
1030 3430 1242 3496 Ἔγνως
1269 3432 1374 3499 γὰρ
1397 3431 1463 3481 ἂν
1495 3429 1612 3481 τότε
1639 3429 1713 3491 ὠς

125 3519 376 3588 ἀληθῶς,
402 3520 452 3570 τί
483 3521 578 3586 μὲν
612 3521 637 3570 ὁ
666 3519 776 3570 τῶν
804 3520 940 3572 ὅλων
963 3520 1094 3577 Θεὸς
1127 3521 1219 3572 καὶ
1250 3523 1544 3588 Δεσπότης,
1580 3522 1631 3572 τί
1656 3516 1712 3574 δὲ

125 3611 201 3661 τὰ
247 3612 376 3681 παρ’
421 3611 571 3678 ὑμῶν
604 3611 792 3664 εἴδωλα
833 3612 929 3664 καὶ
961 3610 1154 3678 κωφὰ,
1185 3610 1221 3664 ἃ.
1253 3612 1433 3682 ψυχῆς
1471 3613 1710 3682 ἀτεχνῶς

124 3702 356 3772 δλεορος
397 3707 490 3756 καί
524 3704 789 3757 ἀπώλεια.

202 3963 282 4016 Ε’.
313 3964 528 4015 Τούτων
555 3964 832 4018 ἀκούσασα
861 3964 966 4018 τῶν
987 3965 1159 4034 λόγων
1183 3968 1213 4038 ἡ
1240 3968 1414 4039 φαύλη
1438 3970 1582 4040 ψυχὴ
1611 3972 1704 4024 καὶ

125 4057 449 4126 picem“.
488 4058 856 4128 ἀκατασχέτου
884 4060 1002 4112 λίαν
1035 4061 1358 4131 ὑπεπλήσθη
1391 4063 1701 4132 θυμοῦτκαὶ

118 4151 202 4219 τῷ
253 4149 394 4216 ἁγίῳ
441 4147 696 4219 βλοσυρὸν
726 4151 911 4202 ἐνιδὼν
955 4153 1045 4204 καὶ
1079 4153 1242 4221 δριμύ
1272 4168 1286 4181 '
1319 4151 1541 4219 Ἔοικας
1583 4176 1696 4225 μοι,

119 4244 284 4311 φησι,
310 4246 398 4294 τὸν
418 4243 642 4295 θάνατον
670 4243 767 4312 τῆς
792 4244 1009 4316 ἡδίστης
1038 4245 1180 4316 ζωῆς
1205 4252 1476 4320 προτιμᾷν
1501 4253 1594 4303 καὶ
1613 4251 1699 4303 διὰ

115 4336 285 4388 τοῦτο
331 4336 566 4403 ῥήμασιν
611 4335 1060 4405 ἀπονενοημένοις
1100 4341 1364 4410 κέχρησαι
1409 4347 1546 4394 κατὰ
1589 4345 1696 4398 τῶν

118 4428 292 4490 θεῶν,
324 4426 588 4494 συνείρων
621 4429 886 4478 ἀπνευστὶ
916 4429 984 4480 τὰ
1035 4433 1368 4502 παιδαριώδη
1396 4434 1565 4488 ταῦτα
1601 4439 1693 4492 καὶ

1819 3336 1864 3377 et
1898 3328 2089 3394 aperiet
2127 3327 2519 3379 multitudinem
2557 3337 2882 3394 peccatorum
2913 3331 2949 3382 '.
2982 3333 3156 3400 Atque
3188 3334 3395 3387 utinam

1821 3419 1875 3471 tu
1913 3435 2128 3489 quoque
2156 3435 2185 3473 a
2230 3436 2318 3475 me
2376 3422 2782 3490 persuadereris
2813 3433 3138 3492 praesentem
3174 3427 3396 3495 quidem

1823 3513 2130 3582 relinquere
2166 3515 2565 3581 deceptioncm,
2600 3516 2664 3566 ad
2697 3517 2941 3567 veritatis
2983 3527 3165 3570 autem
3219 3519 3395 3573 lucem

1811 3607 2089 3660 accedere.
2126 3607 2276 3659 Tune
2303 3608 2444 3659 enim
2498 3622 2689 3661 revera
2723 3609 3092 3678 cognovisses,
3132 3613 3260 3680 quid
3323 3617 3396 3667 sit

1820 3698 2202 3751 universorum
2240 3700 2457 3766 quidem
2494 3699 2634 3753 Deus
2671 3713 2726 3754 et
2760 3700 3019 3755 Dominus
3055 3720 3068 3755 :
3118 3706 3246 3772 quid
3299 3721 3395 3759 au-

1813 3795 1942 3850 tem,
1975 3804 2094 3856 quae
2151 3801 2278 3840 sunt
2312 3789 2449 3856 apud
2514 3805 2608 3842 vos
2658 3792 2966 3857 simulacra,
3022 3809 3142 3861 qua:
3203 3799 3416 3849 revera'

1808 3884 1936 3930 sunt
1967 3879 2161 3929 animo!
2194 3877 2421 3930 exitium
2453 3887 2507 3930 et
2530 3878 2804 3933 interitus.

1877 3967 2084 4023 V.Hicc
2114 3985 2234 4021 cum
2285 3969 2422 4022 mala
2454 3968 2696 4022 audisset
2747 3969 2947 4034 anima,
3005 3981 3058 4025 et
3105 3987 3242 4040 quae,
3275 3986 3394 4042 qua

1806 4069 1933 4116 sunt
1968 4062 2214 4118 honesta.
2235 4061 2395 4114 habet
2420 4062 2633 4126 odio,ea
2665 4079 2782 4130 qua:
2807 4064 3077 4117 contineri
3098 4079 3200 4118 non
3235 4075 3396 4133 pote-

1803 4165 1886 4207 rat
1915 4155 1990 4205 ira
2015 4152 2114 4205 fuit
2176 4153 2398 4220 repleta,
2426 4161 2479 4204 et
2505 4155 2748 4205 sanctum
2771 4164 2921 4208 t0rve
2953 4156 3170 4235 intuen's
3199 4172 3213 4209 :
3240 4155 3396 4220 Mihi,

1801 4247 1995 4316 inquit,
2025 4247 2226 4300 videris
2260 4257 2490 4300 mortem
2519 4249 2639 4299 vitm
2667 4250 2921 4316 praeferre
2948 4247 3383 4316 jucundissima.

1799 4353 1853 4395 et
1880 4341 2005 4394 ideo
2031 4346 2290 4396 adversus
2320 4344 2450 4395 deos
2477 4342 2654 4394 verbis
2682 4357 2810 4395 usus
2839 4358 2897 4395 es
2923 4341 3304 4404 insolentibus,
3333 4353 3391 4397 et

1798 4436 2090 4487 amentiam
2116 4444 2258 4485 tuam
2284 4433 2740 4502 signiﬁcantibus.
2765 4435 2878 4487 hac
2898 4434 3184 4504 pueriliaet
3208 4435 3392 4488 inania

120 4520 337 4588 μάταια
361 4534 374 4547 ·
401 4516 514 4569 αλλ’
545 4517 652 4568 ῖσθι
673 4517 745 4580 ὡς
772 4519 920 4572 οὐδὲν
951 4537 1008 4572 σε
1035 4522 1238 4575 τούτων
1264 4525 1445 4596 ὀνήσει
1468 4529 1583 4581 οὐδέ
1613 4533 1691 4594 τίς

1818 4537 2114 4590 rontexens,
2133 4537 2184 4580 et
2207 4541 2343 4579 vano
2368 4527 2555 4595 Spiritu
2589 4525 2869 4594 proferens
2897 4540 2910 4577 :
2947 4527 3041 4578 sed
3069 4525 3212 4579 scias
3237 4525 3386 4580 futu-

119 4627 184 4662 oe
219 4612 330 4662 τῶν
358 4610 503 4676 ἐμῶν
526 4609 789 4674 ὲξελεῖται
814 4616 1013 4683 χειρῶν
1044 4617 1150 4669 οὐδ’
1178 4619 1236 4670 ὃν
1265 4621 1572 4693 ἐπαγγέλλῃ
1602 4626 1707 4677 Σω-

115 4706 269 4774 τῆρα
309 4702 398 4754 σὺν
426 4706 518 4756 καὶ
552 4705 700 4756 Θεόν.
736 4707 917 4758 Πάντα
952 4711 1060 4778 γάρ
1093 4729 1182 4762 σου
1215 4713 1610 4785 διαψηλαφήσω
1638 4721 1704 4772 τὰ

119 4793 293 4858 μέλη,
333 4794 426 4845 καὶ
463 4795 568 4844 πᾶν
600 4795 652 4846 εῖ
679 4811 731 4845 τι
760 4796 952 4863 πικρὸν
975 4799 1157 4862 ἐπάξω
1195 4817 1276 4853 σοι
1310 4805 1659 4876 κολαστήριον
1682 4849 1697 4871 ,

113 4884 194 4943 ὼς
239 4883 306 4934 ἂν
333 4887 468 4954 αὐτῇ
505 4890 669 4958 πείρα
707 4890 868 4958 γνῷς,
901 4891 1021 4942 ὅσον
1050 4893 1109 4944 τὺ
1142 4895 1383 4947 ἀπειθεῖν
1417 4902 1527 4962 τοῖς
1559 4919 1697 4971 κρα-

113 4973 280 5026 τοῦσι
319 4975 511 5039 κακὸν,
543 4982 637 5029 καὶ
676 4981 826 5043 ὅσαις
862 4983 1150 5038 ὑπεύθυνοι
1182 4991 1472 5056 τιμωρίαις
1505 4995 1552 5044 ot
1574 4997 1696 5057 τοὺς

116 5066 280 5134 θεοὺς
321 5070 744 5136 μυκτηρίζοντες
778 5076 871 5124 καὶ
908 5076 1003 5144 τὴν
1031 5079 1206 5130 αὐτῶν
1238 5079 1490 5150 λατρείαν
1522 5089 1692 5140 ἀπαν-

116 5157 421 5241 αινόμενοι.
461 5158 598 5228 Πρὸς
625 5158 683 5210 ὃν
714 5162 740 5210 ὁ
773 5165 984 5231 μάρτυς
1017 5167 1459 5242 θαρσαλεώτερον
1515 5179 1691 5229 ἀτενί-

117 5264 225 5309 σας
251 5263 263 5274 ·
297 5250 387 5317 Μὴ
419 5251 577 5316 μέλλε
599 5291 616 5317 ,
652 5249 769 5306 εἷπε
793 5294 807 5318 ,
843 5259 963 5326 μηδ’
990 5260 1217 5315 ἀναδὺου
1242 5305 1255 5328 ,
1292 5266 1408 5318 ἀλλ’
1441 5268 1691 5337 ἑτοίμαζε

112 5338 333 5406 ταχέως
367 5343 544 5397 πάντα
587 5362 678 5397 σου
713 5346 778 5399 τὰ
823 5349 930 5400 τῶν
965 5349 1398 5424 βασανιστηρίων
1442 5358 1683 5427 ὄργανα·

113 5431 410 5524 ἡκέτωσαν
445 5436 500 5487 ai
541 5440 805 5508 μάστιγες
828 5480 840 5504 ,
875 5443 934 5495 τὸ
964 5442 1147 5512 ξίφος,
1182 5447 1241 5498 τὸ
1273 5451 1404 5522 πῦρ,
1429 5454 1453 5503 δ
1479 5455 1689 5524 τροχὸς,

110 5521 216 5576 καὶ
253 5522 356 5573 ὅσα
404 5541 486 5577 σοι
524 5527 659 5581 ἄλλα
692 5532 826 5601 πρὸς
861 5537 1124 5606 τιμωρίαν
1156 5539 1527 5610 ἐπινενόηται*
1569 5547 1692 5614 ἐμοὶ

110 5614 231 5684 γὰρ
271 5611 330 5664 ἒν
359 5617 519 5684 μόνον
551 5622 778 5695 φοϐερὸν
815 5629 905 5680 καὶ
933 5630 1132 5702 φρίκης
1161 5633 1420 5698 ἇξιον,-τὸ
1448 5611 1688 5709 φοϐηθῆ-

227 5828 242 5857 ¹
272 5825 387 5886 Jac.
431 5844 482 5898 τ’,
544 5830 635 5886 20.

1809 4637 1950 4685 rum,
1980 4632 2038 4674 ut
2061 4619 2196 4672 nihil
2237 4619 2431 4672 horum
2466 4618 2563 4671 tibi
2597 4618 2789 4686 prosit,
2820 4631 2996 4685 neque
3024 4626 3073 4670 te
3099 4616 3295 4684 aliquis
3319 4633 3384 4671 ex

1804 4717 1939 4770 meis
1958 4715 2205 4764 manilius
2219 4710 2431 4779 eripiat,
2446 4725 2514 4761 ne
2533 4713 2576 4761 is
2597 4709 2837 4777 quidem.
2854 4726 3016 4777 quem
3040 4719 3094 4762 tu
3115 4710 3391 4778 proﬁteris

1799 4805 1966 4859 Deum
1987 4815 2040 4857 et
2067 4804 2421 4857 Salvatorem.
2457 4799 2649 4856 Omnia
2675 4819 2820 4859 enim
2849 4811 2937 4855 tua
2973 4803 3213 4855 membra
3246 4818 3382 4855 enn-

1801 4899 2064 4963 trectabo,
2101 4911 2156 4954 et
2189 4900 2550 4970 quodcunque
2581 4907 2664 4951 est
2691 4897 2973 4958 acerbum,
3009 4896 3100 4948 tibi
3151 4895 3389 4949 inferam

1805 4994 2174 5062 supplicium:
2230 5002 2288 5044 ut
2331 4993 2445 5059 ipsa
2503 4990 2645 5042 scias
2696 4989 3059 5057 experientia,
3115 4999 3384 5057 quantum

1804 5088 1874 5139 sit
1899 5085 2098 5138 malum
2131 5100 2239 5136 non
2301 5097 2498 5152 parere
2525 5081 2590 5135 iis
2614 5083 2703 5151 qui
2737 5083 3074 5135 dominatum
3108 5083 3390 5142 obtinent,-

1803 5190 1854 5233 et
1879 5193 2037 5247 quam
2076 5177 2260 5230 multis
2284 5177 2395 5230 sint
2428 5175 2600 5244 pcenis
2637 5173 2858 5230 obnoxii
2897 5175 2929 5226 ii
2965 5173 3058 5241 qui
3093 5175 3225 5227 deos
3255 5175 3391 5228 sub~

1801 5280 2054 5331 sannant,
2101 5277 2155 5321 et
2185 5284 2371 5321 eorum
2413 5267 2620 5319 cultum
2667 5267 2974 5335 repudi-ant.
3019 5266 3192 5330 Quem
3235 5271 3381 5320 mar-

1801 5375 1884 5434 lyr
1934 5364 2191 5417 audacius
2243 5361 2361 5413 lixis
2427 5360 2647 5414 intuens
2703 5363 2875 5415 oculis
2929 5377 2943 5413 :
2991 5359 3132 5425 Noli,
3187 5361 3386 5429 inquit.-

1800 5457 2040 5519 diﬂ‘erre,
2081 5471 2176 5508 nec
2202 5454 2522 5522 protrahere
2555 5473 2568 5507 ;
2611 5454 2703 5508 sed
2739 5455 2850 5506 cito
2875 5468 3000 5522 para
3058 5453 3238 5505 omnia
3268 5463 3387 5505 toro

1798 5561 2103 5602 memorum
2154 5545 2534 5600 instrumenta.
2597 5544 2826 5599 Veniant
2927 5543 3155 5611 ﬂagella,
3208 5543 3373 5600 ensis.

1800 5643 1960 5714 ignis,
1994 5650 2226 5704 rotae,et
2264 5653 2601 5708 ουωςυηῳισ
2653 5641 2753 5695 alia
2809 5640 3109 5705 excoigitata
3157 5637 3380 5692 fuerunt
