4170 6322
772 357 874 420 483

2106 356 2388 417 MENSIS
2429 355 2717 418 IULIUS.
3930 355 4017 417 484

767 469 833 522 ad
863 468 1153 538 supplicia.
1189 468 1281 524 Est
1312 472 1457 525 enim
1506 468 1640 523 milii
1677 483 1841 521 unum
1898 466 2071 519 solum
2107 466 2340 519 terribile

2453 467 2541 517 ναί
2574 484 2625 519 τι
2656 467 2763 535 πρὸ
2796 465 2929 519 Θεοῦ
2960 466 3053 520 καὶ
3087 466 3186 537 τῆς
3223 466 3435 520 ἐκεῖθεν
3474 464 3813 537 χωρισθῆναι
3848 484 4014 535 μακα-

767 571 825 614 et
856 561 1280 625 lormidandum,
1316 578 1385 616 ne
1414 562 1544 632 quid
1585 562 1842 614 timeatur
1859 558 2143 628 plusquam
2179 559 2342 621 licus,

766 653 902 707 etab
923 668 982 705 ea
1011 668 1130 721 quae
1156 653 1262 707 illic
1292 663 1395 715 est,
1431 669 1658 723 separer
1690 649 2048 704 beatitudine.
2090 648 2206 700 Alia
2244 662 2345 699 au-

766 755 873 797 tem
904 745 1107 807 omnia,
1131 760 1250 814 qua:
1281 761 1403 800 meo
1428 744 1641 814 corpori
1675 741 1944 804 intuleris,
1998 741 2337 808 voluptatem

767 835 896 887 mibi
928 835 1108 903 potius
1171 837 1460 904 reputabo,
1527 850 1687 904 quam
1744 834 2073 896 cruciatum,
2124 840 2344 900 propter

766 942 945 982 meum
971 929 1025 980 in
1057 928 1223 982 Deum
1250 943 1513 982 amorem.

837 1042 1084 1098 VLTunc
1114 1059 1313 1113 praises
1337 1058 1459 1097 cum
1494 1042 1842 1111 desperasset
1874 1039 1987 1094 fore
2015 1046 2072 1092 ut
2098 1045 2342 1091 mutare-

765 1142 874 1194 tur,
898 1136 1048 1205 jubet
1081 1140 1130 1189 ei
1158 1142 1328 1189 totum
1350 1151 1551 1205 corpus
1575 1135 1705 1188 caedi
1729 1132 1910 1187 nervis
1928 1128 2339 1186 crudelissimis.

765 1223 865 1289 Qui
903 1240 1024 1278 cum
1058 1226 1384 1289 czederetur,
1451 1225 1721 1279 clamabat
1786 1238 1966 1294 praeco
2023 1242 2035 1276 :
2096 1224 2343 1292 Agnosco

766 1316 921 1381 deos,
955 1318 1235 1382 Callinice,
1302 1331 1355 1371 et
1385 1333 1478 1372 eos
1512 1318 1725 1383 invoca,
1770 1326 1831 1371 ut
1886 1328 1936 1371 te
1965 1316 2033 1369 ab
2071 1316 2174 1368 hoc
2230 1322 2342 1366 tor-

766 1417 950 1461 mento
993 1408 1251 1461 eximant.
1298 1408 1390 1463 Ille
1419 1418 1599 1469 autem
1645 1419 1748 1462 tam
1776 1409 1969 1462 leniter
2018 1408 2199 1477 plagas
2239 1420 2330 1458 ae-

766 1500 1021 1567 cipiebat,
1066 1507 1123 1553 ut
1173 1515 1241 1552 ne
1274 1499 1549 1553 videretur
1601 1501 1814 1569 quidem
1881 1501 2104 1553 omnino
2160 1498 2267 1567 pati
2328 1515 2339 1549 :

769 1601 977 1645 tantum
1012 1593 1184 1654 abest,
1231 1599 1289 1645 ut
1329 1593 1663 1657 concideret,
1730 1600 1824 1645 aut
1879 1590 2211 1651 ﬂecteretur,
2276 1590 2342 1643 ad

768 1681 937 1735 Deum
970 1682 1143 1737 solum
1177 1691 1343 1734 totam
1408 1691 1644 1735 mentem
1688 1682 1951 1749 dirigens,
2011 1691 2063 1732 et
2114 1680 2162 1732 ei
2210 1695 2343 1732 cun-

767 1782 973 1825 stanter
1009 1789 1173 1841 agens
1206 1774 1427 1842 gratias,
1460 1789 1557 1842 pro
1590 1789 1696 1841 quo
1738 1773 1849 1827 haec
1908 1773 2013 1839 pati
2054 1772 2341 1841 delegerat.

769 1860 830 1913 Et
861 1876 968 1929 quo
997 1865 1165 1931 magis
1188 1862 1400 1916 videbat
1441 1878 1641 1931 corpus
1680 1862 1946 1931 Sanguine
1971 1860 2234 1925 dilllucre,
2276 1878 2341 1915 co

768 1956 938 2022 magis
969 1956 1342 2008 subsiumabat
1374 1970 1466 2008 eos
1500 1956 1590 2023 qui
1631 1957 2014 2020 verberabant,
2048 1957 2188 2023 quod
2234 1971 2339 2008 non

766 2043 949 2112 plures
980 2054 1035 2096 et
1071 2045 1504 2098 vehementiores
1538 2047 1583 2098 ei
1638 2047 1819 2115 plagas
1868 2046 2151 2098 inferrent.
2207 2045 2341 2099 Sunt

780 2152 857 2189 ea:
892 2137 1060 2198 enim,
1095 2136 1290 2205 inquit,
1351 2137 1507 2207 longe
1564 2138 1804 2191 minores
1847 2148 1900 2191 et
1940 2139 2341 2202 imbecilliores,

767 2244 932 2297 quam
969 2246 1069 2300 ego
1128 2233 1455 2299 exspectavi,
1485 2240 1539 2283 et
1585 2246 1747 2299 quam
1783 2231 1884 2285 sint
1929 2232 2155 2285 tolerare
2191 2248 2345 2301 para-

766 2330 875 2374 tus.
913 2321 1135 2391 l‘roplor
1157 2337 1276 2391 quae
1317 2321 1506 2389 majori
1533 2321 1717 2375 lurore
1773 2324 2016 2391 percitus
2051 2323 2340 2387 Sacerdos,

760 2414 915 2481 jubet
944 2429 1063 2469 eum
1102 2416 1333 2483 pendere
1368 2432 1396 2468 a
1427 2416 1594 2485 ligno,
1650 2425 1705 2470 et
1733 2414 1923 2468 ferreis
1985 2415 2176 2467 laniari
2241 2431 2342 2466 un-

764 2507 923 2576 gulis.
958 2506 1127 2570 Quem
1198 2523 1322 2561 cum
1380 2509 1543 2562 etiam
1586 2508 2075 2564 circumstetissent
2129 2508 2345 2560 lictores

764 2608 1006 2669 agrestes
1036 2609 1090 2653 et
1116 2602 1383 2662 crudeles,
1417 2602 1641 2654 scrutati
1676 2612 1803 2655 sunt
1830 2610 1992 2654 totam
2029 2615 2343 2669 compagem

765 2693 1030 2758 corporis,
1065 2692 1195 2743 nulli
1230 2695 1479 2760 corporis
1516 2692 1658 2760 parti
1724 2703 2034 2762 parcentes.
2104 2690 2345 2744 Dixisses

763 2798 887 2836 eum
924 2785 1123 2838 habere
1177 2794 1425 2841 naturain
1468 2786 1680 2855 lapidis,
1760 2795 1850 2839 aut
1893 2786 2123 2852 aliquam
2186 2786 2342 2838 aliain

764 2885 976 2935 eorum,
1018 2887 1138 2941 qua:
1182 2873 1468 2926 suntdura
1523 2884 1578 2926 et
1638 2875 2018 2943 repugnantia,
2073 2890 2195 2926 cum
2261 2875 2343 2926 vi-

764 2963 938 3017 disses
973 2979 1096 3017 eum
1123 2965 1265 3017 nulla
1297 2965 1433 3019 allici
1458 2966 1721 3031 molestia,
1750 2981 1851 3019 nec
1884 2966 1991 3019 ullo
2032 2965 2205 3034 frangi
2249 2966 2345 3019 do-

763 3052 898 3107 lore.
928 3052 1017 3107 Sic
1042 3070 1164 3106 eum
1198 3057 1422 3107 mutavit
1450 3058 1568 3123 ejus
1626 3071 1777 3109 amor
1843 3056 1896 3108 in
1956 3054 2253 3119 Christum,
2287 3064 2344 3107 ut

2450 558 2718 628 ριότητος.
2749 558 2828 611 Τὰ
2854 559 2897 611 δ’
2924 558 3058 612 ἄλλα
3094 561 3289 624 πάντα,
3314 560 3412 612 ὅσα
3440 560 3505 612 ἂν
3534 559 3609 627 τῷ
3645 560 3766 629 ἐμῷ
3799 558 4015 623 ἐπάξαις

2449 653 2693 719 σώματι,
2730 652 2892 720 ἡδονή
2926 670 3016 719 μοι
3052 653 3250 720 μᾶλλον
3291 652 3322 722 ἢ
3354 653 3590 719 τιμωρία
3623 650 3713 703 διὰ
3746 650 3839 703 τὸν
3892 653 4014 721 πρὸς

2447 741 2578 794 Θεῖιν
2603 742 2910 807 λελόγισται
2940 741 3139 812 ἔρωτα.

2519 1028 2610 1091 C'.
2635 1024 2765 1077 Τότε
2784 1023 2811 1076 ὁ
2834 1023 3055 1095 ἡγεμὼν
3079 1024 3178 1094 τὴν
3206 1024 3505 1096 μεταϐολὴν
3530 1025 3842 1085 ἀπελπίσας
3866 1020 4015 1095 πρσσι

2446 1118 2636 1170 τάσσει
2672 1118 2882 1187 νεύροις
2917 1117 3218 1186 ὼμοτάτοις
3244 1116 3384 1169 κατὰ
3408 1118 3609 1180 παντὶς
3639 1118 3734 1168 τοῦ
3775 1120 4017 1183 σώματος

2444 1208 2776 1269 τύπτεσθαι,
2809 1202 2966 1275 ᾧκαὶ
3001 1210 3320 1278 τυπτομένῳ
3345 1209 3543 1260 ἐπεϐόα
3572 1211 3598 1260 ὁ
3636 1209 3842 1278 κήρυξο
3885 1210 4017 1260 Ἐπί-

2448 1302 2635 1366 γνωοι,
2667 1302 2975 1365 Καλλίνικε,
3000 1305 3125 1357 τοὺς
3154 1301 3308 1362 θεοὺς
3339 1303 3431 1352 καὶ
3456 1302 3600 1354 αὐτο
3624 1318 3651 1364 ς
3679 1300 4017 1361 ὲτιικάλεσαε,

2446 1393 2593 1454 ὅπως
2625 1410 2681 1444 σε
2708 1392 2907 1461 ταύτης
2941 1394 3036 1461 τῆς
3069 1392 3305 1461 βασάνου
3336 1394 3644 1459 ἐξέλωνται.
3682 1393 3743 1445 Ὀ
3774 1395 3831 1445 δὲ
3860 1393 4019 1451 οὕτως

2447 1485 2694 1553 ἀτρέμας
2724 1486 2933 1552 ἐδέχετο
2963 1492 3061 1546 τὰς
3091 1487 3326 1553 πληγὰς,
3362 1485 3435 1548 ὡς
3470 1486 3605 1554 μηδέ
3632 1484 3865 1554 πάσχειν
3896 1484 4020 1545 ίλως

2447 1582 2644 1644 δοκεῖν,
2676 1582 2870 1634 πολλοῦ
2890 1600 2951 1647 γε
2982 1584 3063 1634 δεῖ
3093 1584 3454 1635 καταπίπτειν
3552 1581 4017 1651 ὲπικάμπτεσῢαι,

2448 1674 2567 1743 Θεῷ
2614 1675 2759 1744 μόνῳ
2790 1676 2884 1745 τὴν
2932 1676 3059 1744 ὃλην
3101 1676 3294 1728 τείνων
3323 1676 3562 1727 διάνοιαν
3594 1674 3871 1743 καιαὺτῷ
3909 1675 4022 1722 ἐπι-

2453 1768 2630 1835 μόνως
2661 1768 3022 1835 εὐχαριστῶν.
3053 1768 3167 1819 ἀνῡ⁶
3192 1763 3251 1820 οὗ
3280 1768 3446 1820 ταῦτα
3478 1766 3671 1818 παΟεῖν
3702 1768 3896 1824 εἵλετο,
3935 1765 4021 1817 καί

2447 1860 2554 1928 ὅσῳ
2596 1861 2795 1928 μᾶλλον
2824 1860 2966 1926 ἐώρα
3004 1863 3111 1924 τοῖς
3146 1861 3339 1928 αἵμασι
3374 1861 3433 1913 τὸ
3470 1860 3627 1926 σῶμα
3659 1860 4019 1929 κατάρρυτον,

2446 1953 2684 2020 τοσούτῳ
2717 1954 2837 2012 τοὺς
2870 1951 3164 2015 τύπτοντας
3188 1953 3572 2020 ἐμυκτήριζεν,
3594 1952 3673 2003 ὅτι
3704 1949 3779 2019 μὴ
3808 1949 4019 2010 πλείους

2447 2043 2595 2110 αὐτῷ
2653 2045 2745 2095 καὶ
2805 2045 3167 2114 σφοδροτέρας
3242 2043 3340 2105 τὰς
3394 2043 3606 2110 πληγὰς
3654 2042 4019 2108 ἐπεφέροιντο.

2460 2134 2742 2196 Ἐλάττους
2778 2135 2883 2204 γὰρ
2905 2137 3258 2203 αὑταὶ,φησ“ι,
3289 2138 3380 2187 καὶ
3419 2136 3665 2203 ἀδρανεῖς
3708 2134 3852 2186 κατὰ
3892 2133 4019 2183 πολ)

2446 2222 2520 2282 ὧν
2555 2228 2933 2297 προσεδόκησα
2960 2234 3050 2280 καὶ
3083 2229 3217 2293 πρὸς
3248 2229 3281 2280 ἃ
3315 2225 3803 2296 παρεσκεύασμαι.
3846 2224 3963 2290 Ἐφ’
3986 2218 4023 2286 ᾧ

2448 2321 2542 2371 καὶ
2567 2320 2727 2369 πλέον
2773 2320 2800 2370 ὁ
2832 2319 3116 2387 Σακερδὼς
3160 2321 3443 2386 ἐκμανεὶς,
3473 2316 3813 2385 ἀναρτάσϐαι
3867 2313 4023 2367 αὑτὸν

2449 2412 2540 2463 ἐπὶ
2577 2411 2735 2476 ξύλου
2767 2410 2975 2462 κελεύει
3017 2412 3104 2462 καὶ
3137 2410 3374 2479 σιδηροῖς
3407 2412 3517 2469 τοῖς
3546 2408 3691 2471 ὄνυξι
3723 2406 4021 2472 ξαίνει-ϐαι,

2446 2505 2503 2557 ὃν
2531 2505 2621 2556 καὶ
2657 2508 2840 2574 δήμιοι
2870 2508 3224 2574 περιστάντες
3259 2505 3436 2572 ἄγριοι
3470 2502 3559 2553 καὶ
3600 2502 3747 2571 ὠμοὶ
3773 2501 3873 2569 τὴν
3901 2502 4024 2567 ὅλην

2450 2599 2712 2667 ἁρμονίαν
2735 2597 2829 2649 τοῦ
2858 2598 3102 2666 σώματος
3128 2597 3507 2667 διηρεὺνησαν,
3538 2595 3764 2664 μηδενὸς
3795 2595 3907 2644 τῶν
3930 2593 4025 2658 τῆς

2450 2690 2650 2758 σαρκὸς
2706 2691 2907 2759 μορίων
2954 2692 3291 2759 φεισάμενοι.
3336 2685 3501 2749 Eius;
3552 2689 3616 2739 ἂν
3661 2688 3830 2738 αὐτὸν
3878 2686 4022 2736 λίθον

2452 2778 2611 2845 φύσιν
2660 2779 2693 2847 ἦ
2744 2797 2861 2831 τινα
2910 2780 3075 2848 ἄλλην
3119 2780 3260 2847 ἔχειν
3307 2780 3413 2832 τῶν
3467 2779 3781 2830 ἀντιτύπων
3826 2794 3889 2828 τε
3939 2779 4025 2827 καὶ

2451 2872 2692 2941 στερῤὠν
2715 2870 2773 2922 τὸ
2804 2873 3107 2939 ἀνάλγητον
3133 2872 3297 2922 αὑτοῦ
3340 2872 3667 2938 τεθεαμένος
3697 2872 3793 2920 καὶ
3826 2873 4025 2937 ἀτέραο

2455 2981 2609 3033 μνον,
2644 2962 2817 3023 οὕτως
2848 2964 3009 3015 αὐτὸν
3038 2964 3065 3015 ό
3097 2964 3231 3031 πρὸς
3272 2964 3503 3031 Χριστὸν
3532 2961 3671 3031 ἔρως
3704 2960 4023 3028 ἢλλοίωσεν,

2448 3055 2522 3117 ὼς
2552 3056 2643 3108 καὶ
2670 3056 2839 3124 αὐτῆς
2867 3055 3216 3107 ἐπιλαθέσθαι
3247 3050 3312 3124 ἦς
3340 3056 3520 3124 εἴληχε
3554 3055 3796 3121 φύσεως.
3832 3052 4027 3107 Τοσοῡ·

763 3147 901 3213 ejus,
933 3162 1093 3213 quant
1122 3147 1375 3212 habebat,
1405 3147 1821 3201 oblivisceretur
1848 3156 2076 3200 naturae.
2107 3145 2339 3201 Tantum

2448 3166 2540 3200 τον
2571 3149 2678 3217 γὰρ
2702 3149 2893 3216 ἀπεῖχε
2922 3148 2985 3216 τῇ
3018 3148 3433 3220 ὑπερῦαλλούσῃ
3457 3149 3628 3217 ταύτῃ
3654 3148 4029 3201 ὑποκατακλί-

762 3241 908 3291 enim
937 3238 1128 3301 abluit,
1161 3247 1218 3291 ut
1262 3253 1475 3293 summo
1516 3249 1787 3291 tormento
1838 3238 2235 3301 succumberet,
2288 3245 2347 3289 ut

764 3343 901 3382 voce
951 3329 1119 3382 libera
1180 3330 1428 3384 irrideret
1486 3342 1539 3383 et
1610 3331 1983 3384 ludiﬁcaretur
2033 3339 2344 3399 tyrannum.

766 3421 882 3485 Qua
913 3420 979 3473 de
1011 3436 1172 3474 causa
1243 3422 1529 3477 videbatur
1605 3423 1692 3477 llic
1738 3426 1954 3491 quidem
2015 3424 2349 3493 inexpugna-

768 3514 921 3579 bilis,
960 3513 1049 3567 illc
1078 3527 1262 3568 autem
1297 3515 1501 3584 pudore
1528 3514 1775 3582 aliectus,
1807 3524 1862 3568 et
1925 3516 2038 3568 sola
2100 3516 2333 3582 quadam

766 3603 915 3659 inani
944 3619 1002 3659 se
1033 3607 1391 3660 exsultatione
1416 3608 1689 3674 jactitans.

839 3803 1116 3858 \'ll.Cum
1175 3812 1356 3858 autem
1421 3802 1645 3859 omnino
1698 3803 2042 3874 desperasset
2093 3802 2342 3867 stolidus,

765 3897 830 3951 ad
882 3898 987 3950 hoc
1036 3898 1285 3950 ultimum
1342 3913 1636 3951 conversus
1682 3908 1767 3951 est
1819 3899 2165 3967 supplicium,
2198 3898 2343 3967 quod

766 3989 951 4053 solus,
1007 3989 1089 4041 vel
1149 4004 1271 4041 cum
1333 3989 1624 4042 admodum
1678 3990 1865 4058 paucis
1912 3991 2237 4059 excogitavit
2293 3998 2346 4042 et

767 4079 974 4133 invenit
1037 4096 1051 4132 :
1095 4079 1241 4149 quod
1284 4080 1503 4147 quidem
1548 4090 1665 4133 erat
1709 4081 1918 4149 signum
1950 4081 2068 4148 ejus
2132 4080 2345 4132 furiosa:

764 4179 819 4225 et.
850 4172 1081 4225 amentis
1113 4172 1326 4225 animae.
1363 4172 1495 4225 Nam
1524 4190 1645 4226 eum
1679 4174 1925 4241 crepidas
1973 4173 2139 4225 clavis
2172 4173 2344 4226 acutis

765 4266 1095 4327 contirisset,
1124 4265 1280 4333 jubet
1324 4265 1530 4332 alligari
1575 4266 1801 4333 pedibus
1836 4268 2106 4333 martyris,
2140 4274 2191 4318 et
2246 4266 2346 4318 im-

765 4366 917 4423 perat
946 4358 1009 4409 iis
1036 4359 1126 4424 qui
1154 4372 1276 4410 eum
1338 4359 1699 4419 abducehant,
1773 4360 2073 4421 lictoribus,
2118 4370 2174 4411 ut
2233 4369 2345 4412 tra~

765 4457 884 4502 ctus
926 4450 1088 4502 iniret
1121 4452 1261 4503 viam
1295 4450 1563 4521 Gangratn
1598 4469 1786 4521 usque.
1824 4453 1894 4507 L't
1938 4462 2118 4505 autem
2170 4453 2341 4519 majo-

763 4553 851 4592 res
890 4550 943 4593 ct
969 4542 1209 4594 acriores
1239 4542 1285 4594 ci
1317 4543 1642 4595 all'errentur
1670 4543 1888 4596 dolores
1959 4558 2022 4595 ex
2093 4542 2338 4608 perlora-

765 4630 911 4683 tione
937 4633 1237 4695 clavorum,
1266 4648 1388 4685 cum
1461 4632 1597 4685 alios
1650 4634 1865 4686 lictores
1904 4633 2222 4685 collocaSset
2283 4631 2335 4683 in

763 4721 917 4787 equis
943 4719 1365 4789 pernicissimis,
1400 4723 1629 4789 cogebat
1664 4732 1790 4775 ante
1822 4737 1915 4775 eos
1947 4736 2167 4775 currere
2224 4722 2339 4773 alli-

766 4811 926 4865 letam
988 4813 1155 4865 clavis
1226 4814 1521 4865 confixum.
1592 4815 1828 4870 Omnino
1890 4816 1972 4869 vel
2028 4816 2092 4868 ad
2164 4815 2336 4867 solum

765 4903 1135 4970 spectaculum
1198 4902 1403 4957 fruetus
1476 4917 1627 4959 esset
1704 4908 1882 4958 onmis
1966 4907 2201 4969 animus,
2272 4921 2339 4958 ne

765 4997 967 5062 apertis
1008 4996 1228 5061 quidem
1276 4998 1446 5050 oculis
1508 4996 1625 5051 haec
1684 4996 1864 5051 ferens
1908 4998 2169 5065 aspicere.
2232 4998 2338 5051 Sed

768 5100 876 5140 non
908 5086 997 5140 illc
1022 5087 1297 5150 immanis,
1336 5097 1390 5142 et
1413 5090 1576 5143 corde
1614 5091 1773 5157 plane
1806 5090 2150 5158 lapideo,aut
2178 5102 2338 5143 natu-

765 5196 822 5232 ra
853 5190 935 5233 est
966 5177 1072 5234 ullo
1130 5181 1289 5233 modo
1314 5189 1643 5243 commotus,
1678 5192 1771 5234 aut
1799 5184 2040 5236 dolorem
2068 5185 2340 5251 reputavit

767 5270 1186 5339 iusupcrabiicm
1233 5288 1245 5323 :
1312 5273 1405 5324 Sed
1441 5284 1693 5341 tanquam
1731 5274 1797 5327 iis
1826 5291 1944 5342 qua:
1992 5280 2336 5344 gerebantur,

766 5368 1055 5428 insultans,
1122 5366 1447 5437 praesidebat
1522 5371 1811 5436 superbus,
1890 5371 2107 5438 impiam
2185 5386 2336 5424 suam

767 5461 1000 5513 animam
1067 5460 1296 5526 implens
1355 5460 1549 5514 talibus
1615 5464 1958 5529 spectaculis.
2021 5463 2123 5529 Qui
2178 5466 2337 5518 etiam

759 5554 923 5619 jussit
966 5552 1277 5619 lictoribus,
1314 5564 1371 5608 ut
1423 5553 1587 5608 simul
1628 5564 1790 5622 atque
1826 5557 2024 5610 dictam
2062 5558 2338 5612 ascendis-

764 5657 886 5699 sent
917 5646 1219 5709 civitatem,
1256 5647 1796 5701 vehementissimam
1838 5646 2112 5704 {emacem
2145 5665 2340 5704 accen-

762 5738 971 5800 derent,
1016 5747 1068 5790 et
1107 5750 1354 5792 salictum
1388 5740 1437 5791 in
1482 5754 1598 5793 eam
1668 5741 1991 5809 injicerent:
2062 5753 2120 5797 ut
2175 5745 2335 5797 etiam

763 5828 852 5898 qui
883 5829 987 5883 illic
1018 5839 1164 5897 sunt,
1202 5832 1397 5899 aiebat,
1450 5833 1693 5888 viderent
1742 5837 1861 5905 ejus
1918 5835 2336 5889 inobedienliam

2452 3240 2631 3293 νεσοαι
2665 3240 2899 3308 βασάνῳ,
2936 3240 3010 3301 ὼς
3037 3242 3129 3292 καὶ
3164 3242 3702 3310 πεπαρρησιασμένῃ
3743 3241 3846 3308 ἥδη
3882 3243 4023 3307 φωνῇ

2447 3331 2807 3393 ἐπι-τωθάζειν
2838 3334 2925 3384 τὸν
2952 3332 3317 3399 τύραννονκαὶ
3343 3330 3795 3399 αὐτῴἐπιγελᾷν’
3848 3332 3933 3400 ἐφ’
3958 3327 4027 3382 ὢν

2447 3419 2601 3485 οὗτος
2635 3426 2731 3491 μὲν
2756 3425 2937 3492 ὼρᾶτο
2957 3423 3419 3490 ἁκαταγώνιστος,
3447 3425 3651 3486 ἐκεῖνος
3674 3423 3721 3473 δ’
3745 3425 4028 3495 ᾐσχυμμέ-

2449 3530 2535 3574 νος
2564 3515 2659 3566 καὶ
2693 3515 2837 3582 μόνῳ
2865 3512 2942 3582 τῷ
2970 3512 3201 3584 διακένῳ
3234 3515 3557 3583 φρυάγματι
3601 3513 4021 3585 βρενθυόμενος.

2520 3807 2586 3863 Ζ’.
2639 3808 2724 3868 Ὡς
2754 3805 2809 3860 δὲ
2836 3808 2944 3869 τοῖς
2974 3803 3113 3865 ὅλοις
3131 3801 3437 3870 ἀπεγνώκει
3470 3804 3497 3856 ὁ
3531 3802 3795 3872 μάταιος,
3832 3803 4025 3873 irriti?)

2446 3903 2680 3971 ἐσχάτην
2717 3898 2920 3967 ταύτην
2954 3896 3225 3965 τιμωρίαν
3256 3896 3557 3964 ἐτράπετο,
3598 3896 3630 3965 ἢ
3665 3897 3840 3963 μόνος
3878 3900 3908 3965 ἦ
3948 3914 4022 3947 κο-

2451 3997 2575 4064 μιδῇ
2601 3997 2695 4046 σὺν
2715 3993 2917 4058 ὀλίγοις
2945 3994 3033 4043 καὶ
3067 3991 3382 4058 διενοήσατο
3405 3988 3499 4040 καὶ
3525 3988 3721 4058 ἐξεῦρε
3768 3990 4025 4057 σύμϐσὶον

2446 4086 2614 4138 οὖσαν
2653 4085 2749 4150 τῆς
2789 4084 3104 4153 ἐμπλήκτου
3159 4083 3324 4135 αὐτοῦ
3354 4082 3447 4133 καὶ
3475 4085 3808 4151 παραφόρου
3834 4085 4019 4153 ψυχῆς,

2450 4181 2735 4249 Κρηπῖδας
2763 4179 2870 4247 γὰρ
2907 4177 3054 4245 ἥλοις
3094 4175 3237 4239 ὀξέσι
3263 4176 3627 4243 διαπερνήσας
3668 4176 4021 4245 amentiam

2447 4274 2777 4340 προστάσσει
2817 4270 2905 4321 τὸν
2948 4271 3195 4338 μάρτυρα
3236 4269 3329 4319 καὶ
3363 4268 3553 4319 τοῦτον
3592 4272 3901 4336 συρόμενον
3939 4272 4025 4337 τὴν

2451 4369 2609 4439 μέχρι
2654 4364 2915 4434 Γαγγρῶν
2954 4362 3193 4431 βαδίζειν
3230 4361 3345 4414 ὁδὸν
3385 4362 3493 4421 τοίς
3533 4363 3843 4424 ἐπάγουσιν
3874 4366 4025 4414 αὐτὸν

2447 4460 2658 4527 δημίοις
2690 4456 3076 4527 παρήγγειλεν.
3099 4454 3206 4515 ’Ὧς
3242 4452 3305 4506 ἂν
3330 4453 3383 4506 δὲ
3414 4454 3640 4523 μείζους
3670 4456 3825 4523 αὐτῷ
3854 4457 4025 4507 ὸδὺνειι

2376 4508 2416 4562 ι)

2447 4555 2537 4603 καὶ
2572 4548 2898 4617 δριμὺτεραι
2928 4550 2989 4597 ἐκ
3017 4548 3123 4597 τῶν
3146 4548 3240 4612 τῆς
3266 4546 3408 4612 ἥλων
3432 4545 3645 4610 γένοιτο
3666 4544 4021 4613 διατρήσεως.

2448 4643 2665 4709 ἐτέρους
2710 4639 2935 4705 δημίους
2982 4637 3169 4697 ἵπποις
3209 4634 3535 4696 ἐπιϐιϐάσας
3579 4635 3895 4699 ὡκυτάτοις
3940 4640 4027 4689 καὶ

2447 4734 2707 4802 ταχινοῖς,
2747 4730 2889 4780 θέειν
2917 4727 3226 4798 ἔμπροσθεν
3258 4727 3436 4779 αὐτῶν
3466 4729 3557 4779 τὸν
3587 4730 3701 4789 τοῖς
3734 4730 3891 4795 ἥλοις
3921 4731 4029 4780 6::-

2449 4823 2800 4889 πεπαρμένον
2826 4819 3064 4889 ἀθλητὴν
3088 4818 3494 4885 κατηνάγκαζε.
3522 4818 3750 4880 Πάντως
3774 4824 3867 4871 καὶ
3900 4821 4026 4887 πρὸς

2451 4918 2619 4985 μόνην
2654 4913 2752 4982 τὴν
2785 4914 2913 4965 θέαν
2947 4911 3183 4977 ἐκλάσθη
3217 4912 3281 4961 ἂν
3322 4901 3482 4960 πάσα
3507 4909 3656 4976 ψυχὴ
3698 4911 3824 4978 μηδ’
3859 4912 4027 4979 avsi”.

2448 5009 2600 5075 γόσιν
2624 5006 2925 5075 ὀφθαλμοῖς
2952 5002 3176 5054 τοιαῦτα
3205 5001 3448 5067 ιρέρουσα
3475 4998 3721 5069 καθορᾷν
3748 5019 3763 5031 ·
3788 5001 3908 5053 ἀλλ’
3936 5003 4027 5068 οὐχ

2446 5102 2474 5151 ό
2503 5098 2839 5175 λιθοκάρδιος
2872 5094 2963 5145 καὶ
2989 5093 3204 5161 ἀπηνὴς
3238 5092 3269 5161 ἡ
3303 5108 3355 5143 τι
3387 5091 3523 5159 πρὸς
3555 5090 3655 5160 τὴν
3690 5091 3864 5157 φύσιν
3896 5092 4026 5142 Επα-

2448 5192 2583 5259 οενῆ
2612 5192 2669 5241 τὸ
2692 5193 2787 5257 τῆς
2813 5187 3001 5253 ὀδύνης
3021 5186 3296 5252 ἐλογίσατο
3318 5182 3751 5250 ἀνυπέρϐλητον,
3778 5182 3902 5234 ἀλλ’
3925 5183 4025 5235 ὡσ-

2447 5286 2564 5337 ανεὶ
2596 5284 2708 5344 τοῖς
2748 5279 3045 5350 δρωμένοις
3078 5274 3453 5342 ἐπεντρυφῶν,
3490 5273 3847 5343 προυκάθητο
3875 5277 4027 5327 6061-

2451 5379 2564 5449 ρὸς,
2606 5378 2707 5446 τὴν
2743 5371 3095 5441 άνοσιουργὸν
3126 5369 3291 5421 αὑτοῦ
3312 5368 3491 5437 ψυχὴν
3522 5367 3786 5420 τοιούτων
3821 5367 4028 5437 θεαμά-

2447 5488 2552 5522 των
2592 5485 2717 5521 κατε
2732 5465 2987 5534 μπιπλών
3019 5480 3032 5493 ·
3060 5463 3116 5521 ὃς
3156 5478 3218 5526 γε
3248 5461 3343 5513 καὶ
3368 5464 3482 5522 τοῖς
3520 5460 3741 5531 δημίοις
3786 5478 4025 5529 παρεκε-

2447 5559 2675 5611 λεύσατο
2720 5560 2836 5626 ἆμα
2879 5554 2954 5623 τῷ
3000 5552 3253 5621 ἐπιὸῆναι
3302 5552 3399 5621 τῆς
3446 5553 3749 5620 εἰρημένης
3796 5553 4023 5609 πόλεως.

2448 5650 2678 5717 κάμινον
2711 5644 3079 5714 σφοδροτάτην
3111 5641 3377 5695 ἐκκαῦσαι
3414 5645 3508 5694 καὶ
3542 5640 3719 5711 ταύτῃ
3748 5643 3843 5691 τὸν
3879 5646 4026 5704 ᾶγιον

2446 5741 2723 5811 ἐμϐαλεῖν,
2755 5737 2829 5798 ὡς
2862 5736 2926 5788 ἂν
2956 5736 3048 5787 καὶ
3077 5736 3126 5787 οἱ
3156 5737 3288 5798 ἐκεῖ,
3319 5734 3476 5802 φησί,
3509 5732 3568 5785 τὸ
3602 5732 3828 5793 ἀπειθὲς
3868 5731 4024 5785 αὑτοῦ

2449 5835 2727 5888 θεάσοιντο
2766 5829 2861 5881 καὶ
2884 5827 3251 5895 ἀπόσκληρον,
3284 5827 3403 5877 ἐπεὶ
3438 5826 3542 5877 κάν
3571 5826 3746 5893 ταύτῃ
3775 5827 3839 5891 τῇ
3880 5824 4025 5876 πόλει
