4170 6322
740 360 847 423 48‘!

2049 356 2338 417 MENSIS
2376 357 2669 420 IULIUS.

3890 354 3995 420 488

746 472 1113 542 suppeditarit
1150 486 1304 527 suam
1327 468 1764 526 misericordiam
1788 468 1812 522 ἲ
1839 466 1941 533 Qui
1977 484 2100 524 cum
2131 470 2317 533 etiam,

2447 472 2688 535 ;ev:xoi;,
2732 469 2819 523 τὸν
2856 469 3021 523 αὐτοῦ
3070 469 3533 540 ἐπεδαψιλεύσατο
3576 470 3766 534 Eheu;
3803 468 3869 521 Οἶ
3906 470 3996 522 καὶ

746 571 806 617 ut
834 563 1092 627 diximus,
1121 562 1338 618 abunde
1396 562 1668 617 bibissent
1720 576 1785 617 ex
1846 560 1937 615 illa
2003 577 2141 631 aqua
2201 577 2320 630 qua:

746 653 1050 715 aliluxerat.
1085 664 1135 708 et
1156 668 1285 707 suos
1308 664 1651 707 recreassent
1677 662 1731 705 et
1758 654 2063 708 erexissent
2088 654 2320 716 animus,

748 755 1111 816 perrexerunt
1181 746 1286 800 iter
1373 745 1573 808 facere,
1630 755 1893 815 sequente
1943 760 2041 799 eos
2108 760 2323 815 quoque

750 847 1004 907 martyre.
1039 835 1194 902 Quod
1228 852 1351 891 cum
1385 838 1510 890 totis
1544 837 1889 907 septuaginta
1946 838 2134 891 stadiis
2194 854 2323 891 cuu—

752 929 1032 989 fecissent.
1062 929 1329 1000 Gangram
1367 940 1758 1000 pervenerunt,
1795 931 1935 984 sicut
1969 929 2052 985 eis
2091 931 2324 999 impera-

753 1033 864 1076 tum
899 1023 1071 1075 fuerat
1168 1006 1171 1009 I

824 1112 890 1167 Χ.
946 1114 1217 1168 (laterum
1246 1115 1467 1169 lictores
1506 1130 1615 1168 non
1642 1115 1894 1170 labentes
1922 1114 2141 1185 quidem
2203 1113 2327 1180 (ba-

752 1203 956 1259 bebant
997 1206 1140 1258 enim
1207 1214 1335 1259 ante
1388 1206 1576 1260 oculos
1642 1209 1895 1276 martyris
1952 1204 2324 1276 beneficium),

751 1297 848 1350 aed
892 1296 1017 1351 victi
1062 1307 1210 1351 metu
1262 1313 1474 1363 eorum,
1520 1299 1611 1367 qui
1639 1298 1955 1351 obtinebant
1991 1298 2329 1352 dominatum

754 1389 1053 1456 (habebunt
1084 1392 1231 1444 enim
1251 1394 1463 1444 animos
1492 1391 1682 1444 molles
1724 1400 1776 1444 et
1802 1390 2062 1446 ﬂexibiles
2090 1400 2147 1445 et
2178 1391 2332 1445 bian-

757 1491 839 1537 tes
866 1482 931 1537 ad
963 1499 1024 1536 ea
1061 1484 1174 1537 sola
1209 1499 1329 1553 quae
1362 1483 1734 1554 videbantur),
1782 1484 2115 1539 festinarunt
2155 1483 2363 1541 facere.

756 1575 833 1638 id,
871 1578 1015 1645 quod
1043 1576 1182 1644 jussi
1217 1576 1457 1640 fuerant,
1499 1591 1594 1631 eos
1631 1578 1863 1630 maxime
1896 1576 2161 1630 incitante
2192 1591 2334 1629 mar.

758 1677 872 1739 tyre
902 1679 958 1722 ut
984 1670 1161 1722 abiret
1186 1669 1415 1723 celerius
1447 1668 1511 1723 ad
1538 1684 1660 1722 eum
1690 1684 1850 1737 quem
1880 1669 2157 1739 cupiebat.
2190 1666 2337 1734 Quo-

756 1761 901 1813 circa
951 1774 1074 1813 cum
1136 1763 1415 1814 lornacem
1476 1760 1910 1823 succendissent,
1966 1768 2024 1813 et
2086 1766 2331 1815 sanetum

2423 559 2668 626 ἀφθόνως
2700 562 2760 613 ἐκ
2791 562 2882 613 τοῦ
2915 561 3392 633 καταρρεύσαντος
3432 560 3645 614 ἐκείνου
3681 560 3879 623 ὓδατος
3909 579 3999 614 πε-

2425 652 2689 713 πωκότες,
2723 653 2796 715 ὡς
2833 655 3065 722 ἔφαμεν,
3099 656 3194 707 καὶ
3225 655 3320 716 τὰς
3353 654 3560 706 ἑαυτῶν
3589 653 3767 722 ψυχὰς
3794 651 3999 711 ἀναζω-

2428 744 2771 812 πυρήσαντες
2792 786 2807 811 ,
2834 747 3040 815 εἴχοντο
3072 745 3171 813 τῆς
3200 745 3343 809 ὀδοῦ,
3386 744 3659 813 ἑπομένου
3696 744 3883 803 αὐτοῖς
3910 744 3999 792 καὶ

2425 835 2519 892 τοῦ
2570 837 2870 906 μάρτυρος,
2917 839 2982 907 ἣν
3023 838 3116 889 καὶ
3156 837 3526 906 ἐϐδομήκοντα
3574 837 3719 895 ὅλοις
3766 832 4000 894 σταδίοις

2428 930 2880 998 συμπεράναντες
2919 931 3019 998 τὴν
3061 930 3316 999 Γάγγραν
3346 929 3443 999 ᾔδη
3489 926 3811 989 κατέλαϐον,
3864 925 3999 976 καθα

2428 1020 2633 1083 τούτοις
2665 1021 3022 1090 προσέτακτο.

2504 1114 2559 1169 l'.
2606 1115 2747 1168 Ἀλλ’
2781 1117 2829 1167 οἱ
2878 1117 3063 1183 δήμιοι
3110 1112 3500 1180 εὐὶαϐοὐμενοι
3537 1107 3708 1181 (εἶχον
3750 1110 3865 1177 γὰρ
3904 1107 4001 1176 ἤδη

2430 1210 2538 1278 πρὸ
2565 1202 2831 1277 ὁιζιμάτων
2847 1209 2945 1278 τὴν
2961 1207 3281 1277 εὺεργεσίαν
3299 1204 3391 1257 τοῦ
3419 1203 3740 1273 μάρτυρος),
3761 1203 3929 1269 φόεου
3950 1198 4005 1251 δι

2430 1300 2579 1367 ὅμως
2619 1299 2713 1351 τοῦ
2749 1302 2901 1371 παρὰ
2946 1299 3055 1351 τῶν
3101 1297 3445 1368 κρατούντων
3483 1295 3779 1365 ἡττώμενοι
3814 1291 4007 1359 (ἄλλως

2432 1409 2488 1444 τε
2518 1394 2609 1444 καὶ
2640 1392 2816 1462 ψυχας
2845 1394 3056 1461 ἔχοντες
3078 1388 3439 1451 ἐκλύτους-καὶ
3471 1386 3720 1456 μαλακὰς
3752 1384 3847 1435 καὶ
3875 1382 4009 1451 πρὸς

2438 1490 2573 1556 μόνα
2611 1486 2907 1557 κεχηνυὶας
2934 1485 3001 1534 τὰ
3029 1480 3303 1553 ὁρώμενα)
3337 1480 3427 1532 τὸν
3461 1475 3756 1530 κελενσοὲν
3783 1475 4009 1541 ποιῆται

2436 1582 2751 1651 ἠπείγοντο,
2783 1579 3019 1643 μάλιστα
3052 1574 3146 1626 καὶ
3173 1572 3264 1624 τοῦ
3298 1573 3574 1639 μάρτυρο,
3607 1566 4011 1637 παρορμῶντος

2437 1674 2633 1734 αὐτοὺς
2683 1670 2758 1733 ὡς
2803 1669 2868 1722 ἂν
2911 1668 3106 1721 Θᾶττον
3147 1666 3283 1733 ἀπίῃ
3334 1663 3469 1731 πρὸς
3511 1660 3601 1713 τὸν
3654 1659 4011 1725 ποθούμενον.

2441 1766 2603 1819 Ὅθεν
2658 1765 2751 1817 καὶ
2812 1762 3045 1831 κάμινον
3095 1755 3479 1824 ὐπαυαψαντες
3517 1752 3609 1805 καὶ
3651 1750 3882 1819 πλησίον
3928 1749 4017 1798 τδν

758 1864 926 1919 prope
956 1852 1298 1917 statuissent,
1347 1854 1452 1919 iam
1517 1851 1786 1906 laetantem
1844 1863 1900 1907 et
1961 1853 2332 1908 exsultantem

2447 1864 2594 1931 ἆγιον
2628 1859 3087 1930 περιστήσαντες,
3122 1856 3383 1925 χαίροντα
3415 1851 3513 1920 ἤδη
3542 1848 3637 1901 καὶ
3672 1843 4019 1913 ἀγαλλιώμεο

762 1943 817 1995 in
844 1959 962 1996 eam
998 1944 1325 2011 iniecerunt.
1361 1943 1465 2009 Qui
1518 1959 1641 1997 cum
1679 1944 1842 1998 etiam
1892 1944 2098 1998 ultimis
2158 1944 2337 1997 verbis

760 2035 930 2088 Deum
974 2036 1276 2099 laudasset,
1304 2046 1355 2089 et
1394 2038 1447 2089 in
1493 2036 1815 2089 certaminis
1862 2036 2336 2090 consummatione

759 2124 962 2193 egisset
992 2123 1216 2194 gratias,
1244 2124 1296 2177 in
1332 2139 1526 2178 manus
1555 2124 1767 2179 Domini
1799 2124 2020 2179 tradidit
2061 2126 2335 2195 spiritum,

700 2238 706 2245 -
757 2222 813 2264 et
840 2211 906 2265 ad
937 2226 1056 2265 eam
1082 2228 1201 2282 qua:
1232 2214 1339 2266 illic
1371 2225 1475 2276 est,
1510 2216 1723 2269 transiit
1752 2216 2167 2279 beatitudinem,
2194 2216 2339 2271 vice—

760 2302 901 2356 simo
934 2318 1080 2356 nono
1115 2305 1322 2357 mensis
1367 2304 1518 2358 Julii.
1579 2305 1687 2359 Sed
1720 2316 1776 2360 tu
1809 2308 2108 2377 quidem,o
2162 2310 2337 2373 beate,

762 2401 1060 2463 martyrum
1096 2392 1265 2447 decus
1288 2404 1344 2448 et
1374 2405 1778 2459 ornamentum,
1820 2397 1901 2451 sic
1940 2412 1971 2451 e
2005 2398 2115 2451 vita
2158 2414 2340 2469 egres-

761 2498 877 2545 sus,
901 2492 957 2536 et
992 2483 1337 2551 praemiorum
1360 2483 1707 2555 stigmatibus
1744 2488 2049 2551 decoratus,
2072 2503 2217 2542 nunc
2238 2503 2339 2556 pu-

764 2589 856 2627 rus
885 2578 1040 2628 sedes
1073 2591 1196 2628 cum
1221 2575 1437 2631 Christo
1464 2590 1666 2645 sponso
1700 2579 1991 2649 purissimo
2018 2618 2032 2643 ,
2063 2580 2117 2633 in
2150 2580 2253 2635 hoc
2290 2590 2341 2634 te

761 2666 1042 2722 obiectans
1066 2677 1119 2722 et
1135 2668 1483 2734 exibilarans,
1505 2684 1559 2722 et
1576 2687 1774 2726 corona
1797 2672 1983 2743 gloriae
2007 2673 2075 2727 ab
2093 2688 2159 2727 eo
2182 2688 2342 2727 coro-

764 2769 953 2811 natus.
988 2760 1261 2814 Memento
1290 2773 1471 2816 autem
1508 2766 1912 2834 nostriquoque
1940 2762 2220 2835 deinceps,
2243 2766 2336 2835 qui

768 2860 821 2903 te
847 2852 1103 2914 colimus,
1121 2861 1176 2906 et
1198 2854 1299 2909 lIOC
1319 2870 1537 2909 sacrum
1560 2859 1711 2910 tuum
1744 2857 1941 2910 festum
1965 2859 2302 2912 celebramus
2328 2877 2340 2913 :

765 2952 825 2999 et
854 2945 919 3000 da
946 2946 1136 3011 nobis,
1168 2957 1225 3003 ut
1264 2951 1608 3018 :equabiliter
1646 2964 1701 3005 et
1729 2951 1851 3004 sine
1886 2953 1992 3005 ulla
2034 2952 2343 3008 ollensionc

765 3037 1131 3105 transigumus
1158 3042 1282 3092 vita:
1318 3042 1670 3109 asperitatem
1714 3060 1727 3095 :
1764 3052 1823 3095 ut
1851 3057 1974 3096 cum
2009 3058 2115 3097 nou
2166 3045 2343 3098 obruti

2439 1972 2551 2015 νον,
2582 1952 2756 2022 ταύτῃ
2778 1949 3084 2013 ἐνέϐαλλον,
3109 1948 3165 2008 ὃς
3194 1948 3285 1999 καὶ
3328 1945 3533 2017 ῥήμασι
3568 1937 3907 1999 talenta-Ioc;
3934 1935 4019 1986 τὸν

2438 2048 2576 2100 Θεὸν
2606 2048 2875 2116 ὑμνήσας,
2908 2042 3005 2096 καὶ
3034 2040 3182 2109 αὑτῷ
3208 2040 3299 2091 ἐπὶ
3344 2040 3407 2105 τῇ
3440 2035 3532 2087 τοῦ
3557 2034 3769 2100 ἀγῶνος
3800 2029 4019 2083 τελεώ-

2442 2156 2524 2192 σει
2547 2136 2952 2207 εὐχαριστήσας
2978 2135 3095 2195 ταῖς
3121 2131 3215 2183 τοῦ
3242 2130 3509 2183 Δεσπότου
3528 2126 3686 2195 χερσὶ
3712 2126 3774 2177 τδ
3805 2124 4021 2191 πνεῦμα

2442 2230 2728 2301 παρέδωκε
2756 2229 2853 2280 καὶ
2882 2227 3019 2297 πρὸς
3048 2225 3145 2292 τὴν
3175 2222 3385 2274 ἐκεῖθεν
3408 2220 3589 2286 ἀπέϐη
3615 2218 4020 2286 μακαριότητα,

2444 2321 2635 2373 εἰκάδα
2667 2320 2865 2387 ἐνάτην
2894 2315 2988 2368 τοῦ
3010 2313 3227 2367 Ἰουλίου
3258 2314 3504 2379 ἄγοντες.
3540 2311 3701 2361 Ἀλλὰ
3732 2312 3799 2361 σὺ
3836 2311 3958 2377 μὲν,
3985 2302 4024 2357 ὦ

2448 2409 2742 2482 μαρτύρων
2789 2406 3115 2476 ἐντρύφημα
3161 2404 3255 2456 καὶ
3298 2401 3685 2469 καλλώπισμα,
3735 2398 3887 2451 οὕτω
3936 2416 4025 2451 και

2449 2506 2599 2577 βιοὺς
2643 2504 2735 2557 καὶ
2774 2501 3047 2571 μεταστὰς
3093 2499 3187 2551 καὶ
3236 2499 3346 2559 τοῖς
3375 2496 3641 2564 στίγμασι
3690 2494 3802 2545 τῶν
3851 2490 4025 2544 ἄθλων

2443 2596 2761 2667 ὼραῐσοεὶς,
2814 2594 2909 2646 νῦν
2959 2590 3199 2662 καθαρὸς
3256 2589 3335 2652 τῷ
3378 2585 3760 2657 καθαρωτάτῳ
3810 2585 4027 2652 νυμφίῳ

2446 2687 2785 2756 παρίστασαι
2832 2682 3076 2752 Χριστῷ,
3125 2681 3443 2748 ὲνηδόμενος
3490 2679 3667 2747 τούτῳ
3713 2680 3812 2727 καὶ
3866 2679 4024 2727 ἐπεν-

2448 2777 2809 2847 ιεραινόμενος
2843 2776 2937 2823 καὶ
2976 2772 3053 2840 τῷ
3083 2773 3178 2837 τῆς
3213 2767 3370 2835 δόξης
3410 2768 3660 2835 στεφάνῳ
3696 2765 3833 2836 παρ’
3866 2764 4025 2822 αὑτοῦ

2449 2867 2850 2935 ταινιούμενος,
2895 2862 3145 2932 μέμνησο
3180 2862 3236 2912 δὲ
3272 2864 3365 2911 καὶ
3401 2859 3556 2929 ἡμῶν
3590 2858 3781 2909 λοιπὸν
3810 2858 3923 2908 τῶν
3956 2874 4029 2908 τι·

2452 2959 2678 3033 μώντων
2724 2976 2782 3012 σε
2817 2962 2911 3009 καὶ
2952 2959 3049 3023 τὴν
3096 2956 3247 3026 ἱεράν
3281 2971 3373 3006 σου
3412 2953 3616 3022 ταύτην
3657 2952 4028 3022 ἑορταζόιτων

2452 3059 2781 3121 πανῄγνριν,
2810 3050 2904 3100 καὶ
2933 3049 3075 3100 δίδου
3108 3050 3240 3117 ἡμῖν
3280 3046 3498 3116 ὁμαλῶς
3535 3049 3627 3097 καὶ
3658 3048 4029 3114 ἀπροσκέπτως

765 3130 1173 3185 enataVerituus
1218 3147 1285 3186 ex
1314 3133 1417 3188 hoc
1449 3137 1583 3188 mari
1619 3139 2004 3198 tentationum,
2037 3138 2091 3188 in
2127 3147 2341 3204 portum

2454 3146 2553 3211 τὴν
2600 3141 2691 3194 τοῦ
2727 3142 2844 3208 βίον
2892 3138 3138 3191 διανῦσαι
3170 3138 3508 3207 τραχύτητα,
3537 3137 3613 3196 ὡς
3656 3136 3721 3188 ἂν
3774 3139 4029 3190 ἄκλυστοι

766 3222 967 3291 quietis
1018 3224 1378 3292 appellamus,
1422 3226 1597 3292 ipsum
1638 3227 1903 3280 habentes
1933 3228 2347 3297 gubernatorem

769 3312 880 3365 tuis
913 3315 1400 3371 intercessionibus
1455 3317 1745 3372 Dominum
1798 3329 2043 3373 nostrum
2075 3330 2127 3374 et
2165 3320 2353 3374 Salva-

773 3414 944 3459 torem
982 3407 1260 3463 Christum
1298 3428 1311 3465 :
1346 3426 1508 3481 quem
1541 3411 1694 3467 decet
1724 3414 1905 3467 omnis
1940 3414 2116 3468 honor
2139 3422 2195 3468 et
2226 3414 2355 3468 ado-

772 3498 912 3551 ratio
943 3497 997 3551 in
1029 3502 1228 3554 saecula
1254 3503 1607 3556 saeculorum.
1641 3504 1837 3557 Amen.

2450 3237 2548 3306 τὴν
2577 3234 2684 3287 ’τῶν
2714 3233 3038 3301 πειρασμῶν
3074 3230 3453 3298 διανηξάμενοι
3491 3227 3776 3279 Θάλασσαν
3802 3230 3915 3287 τοῖς
3941 3228 4028 3295 τῆς

2451 3327 2811 3387 ἀναπαύσεως
2843 3326 3030 3389 λιμέσι
3062 3321 3590 3391 καθορμισθείημεν,
3617 3321 3789 3372 αὑτὸν
3823 3322 4027 3388 ἔχοντες

2454 3420 2796 3488 κυϐερνήτην
2821 3417 2909 3467 διὰ
2935 3415 3042 3467 τῶν
3071 3413 3177 3466 σῶν
3195 3412 3503 3482 πρεσϐειῶν
3524 3414 3615 3463 τὸν
3643 3411 3855 3481 Κύριον
3884 3414 4030 3481 ἡμῶν

2459 3514 2549 3562 καὶ
2602 3508 2833 3576 Σωτῆρα
2884 3505 3141 3576 Χριστὸν,
3201 3497 3246 3571 ᾧ
3291 3502 3492 3572 πρέπει
3542 3506 3697 3555 πᾶσι
3757 3505 3897 3573 τιμὴ
3946 3504 4031 3556 καὶ

2460 3595 2831 3668 προσκύνησις
2877 3596 2957 3657 εἰς
2990 3596 3115 3658 τοὺς
3159 3594 3360 3657 αἰῶνας
3399 3595 3508 3652 τῶν
3547 3596 3793 3649 αἰώνων.
3842 3597 4031 3666 ’Λμῄν.

791 3760 3959 3800 mm

2234 3924 2585 4041 VlTA

1459 4167 1873 4255 SANCTI
1986 4169 2137 4257 ΕΤ
2249 4171 2586 4262 JUSTl

2718 4168 3362 4268 EUDOCIMI.

1482 4356 1649 4417 (Apud
1688 4357 1887 4405 Surium
1915 4359 1973 4406 ad
1996 4359 2129 4408 diem
2163 4358 2225 4407 ΞΘ
2257 4360 2396 4411 Julii.
2424 4364 2644 4413 Griecum
2669 4372 2867 4414 textum
2893 4381 2990 4416 non
3015 4365 3338 4435 invenimus.)

855 4612 897 4671 Ι.
932 4613 1239 4677 Ευάοεῑῐηῑ»
1293 4610 1386 4680 qui
1434 4603 1827 4665 conve'ﬁeme"
1876 4628 1977 4667 SUO
2030 4616 2236 4669 ηοωῖηὶ
2292 4632 2355 4673 ex
2388 4621 2437 4682 D
2469 4624 2627 4678 nibus
2653 4629 3068 4697 tempestatibus
3122 4629 3482 4697 sordibusque
3523 4631 3705 4699 plenae
3740 4642 3895 4701 sunt,
3952 4652 4037 4708 pu-

780 4702 894 4763 Deo
914 4707 1129 4760 laudent
1158 4712 1241 4759 est
1271 4713 1577 4766 assecutus,
1613 4708 1781 4757 vitam
1811 4705 2010 4759 bonum
2063 4718 2148 4760 est
2177 4723 2360 4778 expo-

779 4811 932 4853 nere.
977 4794 1115 4850 Hinc
1156 4796 1301 4849 enim
1357 4794 1517 4847 simul
1579 4794 1829 4863 voluptas
1886 4805 1940 4850 et
1998 4796 2204 4852 utilitas
2250 4816 2357 4854 non

778 4892 922 4945 redit
952 4888 1128 4942 solum
1160 4887 1227 4940 ad
1291 4887 1654 4954 expositores,
1697 4888 1791 4940 sed
1826 4886 2021 4942 multo
2073 4892 2240 4961 magis
2292 4893 2360 4947 ad

779 4985 1059 5037 auditores
1085 4997 1101 5045 ;
1128 4995 1237 5033 non
1269 4980 1446 5034 solum
1475 4979 1621 5047 quod
1642 4994 1702 5034 se
1731 4981 2033 5035 ostenderit
2063 4984 2361 5037 vehemen-

781 5076 890 5125 tem
948 5077 1245 5123 amatorem
1313 5067 1549 5127 virtutis,
1584 5076 1640 5120 et
1689 5068 1832 5135 quod
1899 5079 1983 5123 est
2043 5068 2357 5131 honestum.

782 5164 964 5217 statim
996 5162 1226 5233 elegerit
1248 5160 1318 5213 ab
1352 5160 1579 5213 ineunte
1606 5169 1802 5225 aetate;
1836 5175 1958 5213 cum
1997 5162 2183 5215 multis
2214 5164 2356 5215 enim

780 5254 902 5308 aliis
934 5254 1034 5307 fuit
1067 5254 1154 5307 liic
1183 5252 1304 5306 vitae
1336 5253 1486 5306 zelus
1514 5252 1562 5306 ei
1620 5254 1928 5306 communis
1958 5271 1968 5305 :
2004 5255 2097 5309 sed
2127 5255 2268 5322 quod
2304 5256 2356 5308 in

783 5347 876 5401 illo
908 5346 1243 5417 praecipuum
1276 5355 1337 5400 et
1362 5360 1502 5415 pene
1555 5344 1853 5415 singulare,
1908 5346 1989 5399 vel
2048 5345 2221 5408 omni,
2272 5348 2356 5399 vel

786 5454 979 5508 magna
1008 5454 1073 5491 ex
1105 5446 1259 5509 parte
1285 5437 1564 5500 excelluit,
1591 5439 1711 5508 ejus
1737 5439 1790 5491 in
1823 5439 2027 5492 nmndo
2058 5439 2160 5491 fuit
2192 5452 2358 5506 supra

786 5531 1050 5585 mundum
1084 5531 1192 5585 vita
1254 5539 1357 5585 :et
1408 5531 1551 5601 quod
1611 5546 1734 5586 cuin
1795 5532 2001 5586 viveret
2054 5533 2108 5584 in
2183 5532 2362 5586 medio

790 5624 1147 5689 tumultuum,
1178 5631 1233 5679 et
1264 5623 1454 5681 barum
1477 5640 1661 5680 rerum
1695 5623 2055 5687 instabilium,
2093 5639 2209 5694 qua!
2243 5639 2362 5679 om-

891 5806 950 5863 'l
984 5802 1107 5860 Cor.
1140 5820 1231 5862 vti.

2460 4735 2576 4773 ram
2609 4729 2665 4774 et
2719 4725 3086 4790 tranquillam,
3127 4735 3182 4779 et
3214 4726 3435 4779 minime
3485 4726 3840 4796 inquinatam
3900 4749 4035 4788 suam

2460 4813 2863 4867 conservaverit
2898 4813 3131 4867 animum
3167 4831 3180 4870 :
3207 4824 3260 4868 et
3289 4818 3591 4873 ostenderit
3621 4830 3754 4875 esse
3794 4823 3966 4877 timidi
3993 4836 4038 4877 et

2462 4902 2636 4970 pusilli
2680 4902 2869 4969 animi,
2904 4905 3088 4957 mundi
3148 4904 3324 4975 fugam
3362 4912 3719 4977 persequi,et
3781 4917 4038 4985 adjutrice

2462 4996 2537 5047 uti
2569 4995 2881 5060 solitudine,
2924 4996 3146 5065 perinde
3185 5013 3248 5051 ac
3296 4997 3338 5049 si
3372 5001 3493 5064 quis
3543 5000 3599 5054 in
3652 5010 3837 5064 maris
3905 5016 4036 5064 trau-

2462 5088 2727 5153 quillitate
2759 5090 3041 5159 navigans,
3075 5099 3129 5148 et
3158 5092 3361 5157 absque
3398 5093 3518 5144 ullis
3549 5093 3824 5152 littetibus
3855 5102 4037 5154 ventis-

2465 5195 2571 5249 que
2616 5182 3055 5246 vehementibus,
3136 5184 3259 5237 velit
3308 5185 3485 5237 vocari
3559 5188 3789 5255 peritus
3842 5196 4035 5260 naviga—

2468 5273 2652 5331 tionis.
2687 5282 2740 5325 et
2781 5273 3085 5344 intelligens
3102 5290 3288 5327 eorum
3314 5292 3433 5344 qua:
3456 5277 3523 5331 ad
3558 5294 3721 5334 mare
3756 5287 4038 5351 pertinent.

2467 5365 2733 5428 Quoniam
2766 5381 2894 5434 ergo
2934 5367 3075 5421 illius
3131 5366 3230 5419 vita
3267 5378 3351 5422 est
3409 5373 3695 5440 exemplar
3758 5378 4038 5433 sufﬁciens.

2467 5473 2588 5510 cum
2622 5459 2894 5522 omnibus,
2923 5470 2981 5513 ut
3009 5461 3179 5515 semel
3206 5462 3404 5525 dicam,
3426 5461 3517 5532 qui
3552 5464 3787 5523 virtutis
3818 5471 4038 5525 studium

2470 5551 2570 5606 sibi
2623 5552 2933 5615 vendicant,
2975 5560 3034 5606 ut
3092 5553 3156 5608 iis
3217 5553 3308 5624 qui
3361 5553 3414 5607 in
3472 5558 3684 5610 tuundo
3737 5561 3953 5626 vivunt,
4000 5570 4043 5615 et

2479 5643 2682 5699 mundo
2736 5647 2818 5716 (ut
2873 5661 2996 5700 eum
3037 5645 3223 5702 divino
3274 5647 3439 5703 Paulo
3487 5648 3699 5723 dicam)
3736 5656 3824 5710 uti
3890 5656 4040 5711 soium
