4170 6322
191 377 290 442 489

1443 372 1620 431 Vl'l‘A
1661 369 1718 431 S.
1770 371 2169 432 EUDOCIMI.

3336 360 3441 422 490

197 507 302 548 non
338 488 482 545 abuti
515 488 739 557 eligunt,
776 487 1023 541 dicantur
1055 500 1143 539 res
1185 482 1344 547 illius,
1410 490 1460 534 et
1516 482 1756 538 virorum
1791 494 1831 548 Α
1865 499 1984 554 qua:
2037 481 2252 542 dicunt,
2294 479 2393 549 ipsi
2428 477 2576 548 prius
2606 483 2871 546 pugnant,
2929 484 2982 529 et
3008 490 3065 528 re
3094 475 3207 544 ipsa
3257 484 3442 544 aperte

196 586 457 638 bonorum
493 581 690 635 animis
732 588 1036 650 apponatur
1091 589 1280 631 mensa
1319 573 1524 637 divina,
1558 585 1612 629 et
1656 591 1756 647 0p-

192 675 366 742 sonia,
393 690 513 744 quae
543 689 818 743 nunquam
848 679 1264 727 consumuntur.

264 766 325 820 11.
364 766 598 820 Sanctus
625 779 752 836 ergo
785 764 1113 818 Eudocimus
1137 779 1308 834 genus
1337 763 1557 833 quidem
1607 759 1760 817 duxit

189 873 253 910 ex
299 855 729 926 Cappadocibus,
778 854 988 923 piorum
1041 862 1330 922 parentum
1388 853 1472 922 pia
1522 850 1755 906 soboles.

190 949 431 1013 Quorum
497 948 634 1000 alter
691 946 906 1016 quidem
966 945 1214 1010 Basilius,
1278 944 1516 1000 Eudocia
1576 955 1758 998 autem

190 1041 430 1104 nomine,
463 1055 584 1110 quae
613 1046 892 1110 genuerat,
926 1047 1081 1090 erant
1111 1051 1310 1106 genere
1350 1037 1608 1106 insignes,
1640 1035 1760 1104 opi-

190 1132 290 1186 bus
348 1131 710 1193 abundantes,
779 1127 1126 1196 illustresque
1185 1127 1526 1181 auctoritate.
1586 1125 1762 1180 Patri-

187 1224 400 1277 ciorum
430 1223 574 1278 enim
610 1221 876 1290 dignitate
921 1219 1101 1274 clarus
1130 1227 1248 1273 erat
1304 1218 1558 1273 Basilius.
1623 1217 1760 1273 Cum

189 1327 298 1368 tam
329 1315 616 1385 praeclaros
647 1324 830 1367 autem
867 1311 1088 1382 generis
1125 1309 1303 1364 fontes
1339 1311 1562 1364 haberet
1595 1308 1760 1375 filius,

187 1425 294 1463 non
322 1419 429 1462 tam
458 1407 606 1461 visus
638 1415 721 1460 est
751 1405 948 1459 nobilis
978 1419 1044 1458 ex
1077 1404 1418 1473 parentibus.
1447 1414 1627 1473 neque
1652 1413 1765 1458 tan-

187 1512 296 1554 tam
325 1515 389 1553 ex
418 1497 495 1551 eis
522 1498 735 1568 accepit
757 1496 1002 1567 gloriam,
1029 1503 1293 1565 quantam
1327 1497 1442 1565 ipse
1494 1495 1767 1565 praeclaris

185 1593 300 1646 suis
326 1591 481 1645 factis
512 1604 578 1643 ex
611 1603 670 1643 se
694 1589 1040 1643 nobilitatam
1075 1589 1187 1641 suis
1205 1587 1386 1641 attulit
1424 1586 1758 1657 parentibus.

183 1685 321 1737 Nam
357 1682 495 1736 filios
520 1681 763 1751 quidem,
801 1681 892 1749 qui
917 1696 984 1734 ex
1018 1680 1179 1735 claris
1241 1680 1345 1733 orti
1395 1685 1525 1733 sunt
1560 1692 1765 1748 paren-

186 1774 352 1836 tibus,
386 1773 688 1843 permultos
725 1772 970 1826 invenies
1003 1787 1016 1823 :
1044 1777 1307 1839 parentes
1340 1778 1522 1822 autem
1575 1767 1763 1822 talium

1867 573 2269 636 contradicunt,
2293 587 2416 626 cum
2441 570 2630 641 procul
2660 568 2728 622 ab
2750 568 2816 622 iis
2846 583 2965 637 quae
2981 568 3257 632 dicuntur,
3287 568 3446 622 aber-

1863 678 1944 722 ret
1974 682 2166 722 eorum
2199 667 2434 720 animus.
2462 661 2898 733 Temperantiam
2925 669 3132 723 autem,
3171 675 3290 730 quae
3321 676 3448 716 vere

1862 760 2077 829 publica
2107 769 2210 825 est,
2242 767 2297 813 et
2331 756 2738 828 pulchritudine
2773 754 2904 809 alias
2935 754 3156 809 excellit
3194 755 3447 815 virtutes,

1865 854 1945 908 sic
1976 853 2197 917 amavit,
2228 852 2380 906 etab
2421 866 2482 904 ea
2534 851 2604 902 ita
2663 858 2850 918 aperte
2878 857 2963 902 est
3013 860 3323 917 Superatus,
3393 859 3452 903 ιιι

1863 947 2055 1000 camin
2090 947 2198 998 vita
2240 944 2469 1005 sociam,
2509 952 2562 996 et
2586 957 2706 1010 qu:e
2731 956 2916 995 secum
2946 941 3241 1003 habitaret,
3297 942 3449 995 dele-

1864 1034 2025 1103 gerit,
2056 1043 2110 1089 et
2140 1034 2401 1088 audacter
2421 1047 2543 1086 cum
2571 1029 2674 1085 Job
2703 1031 2913 1084 diceret
2938 1046 3047 1084 non
3073 1032 3175 1087 hoc
3230 1033 3403 1088 solum
3434 1055 3443 1086 :

1865 1127 2082 1183 Oculum
2121 1145 2288 1181 meum
2326 1143 2425 1179 non
2467 1137 2539 1180 est
2587 1143 2674 1178 cor
2693 1134 3022 1179 consecutum
3064 1127 3105 1190 ⁷,
3137 1127 3232 1180 sed
3259 1127 3446 1190 etiam,

1865 1222 2007 1290 quod
2038 1221 2129 1274 illo
2183 1229 2266 1275 est
2313 1221 2510 1288 majus,
2566 1227 2782 1288 pactum
2838 1217 3034 1272 fecisse
3085 1233 3209 1272 cum
3246 1220 3446 1281 oculis,

1867 1311 2016 1365 nullo
2043 1311 2202 1366 modo
2227 1310 2558 1364 intellexisse
2591 1322 2756 1376 super
2781 1308 3096 1376 virginem"
3128 1317 3218 1362 :et
3275 1325 3450 1376 usque

1867 1403 2002 1459 adeo
2031 1403 2282 1458 vitaverit
2323 1419 2444 1457 cum
2477 1401 2699 1456 muliere
2723 1401 2978 1471 colloqui,
3007 1411 3067 1456 ut
3124 1403 3224 1457 soli
3287 1406 3450 1460 matri

1868 1512 1978 1551 non
2014 1505 2159 1550 esset
2202 1495 2540 1565 prohibitum
2595 1494 2661 1547 ad
2715 1508 2840 1547 cum
2893 1495 3174 1557 accedere,
3202 1510 3364 1565 quam
3397 1500 3449 1548 in

1869 1602 2064 1658 magna
2105 1587 2340 1641 habebat
2392 1585 2787 1640 veneratione:
2846 1595 2903 1638 ut
2962 1586 3050 1655 qui
3112 1601 3218 1639 non
3275 1585 3450 1640 solum

1869 1679 2149 1744 maternis,
2182 1681 2276 1734 sed
2316 1678 2533 1733 virtutis
2567 1679 2734 1732 etiam
2761 1678 2979 1732 cederet
3031 1679 3260 1749 legibus.
3308 1678 3456 1734 Prat-

1871 1785 1956 1828 ter
1982 1791 2102 1830 eam
2133 1786 2311 1830 autem
2346 1775 2479 1829 nulli
2503 1775 2701 1828 licebat
2733 1774 2941 1828 mulieri
2968 1791 3091 1831 cum
3124 1792 3189 1831 eo
3225 1778 3450 1832 omnino

185 1841 441 1932 filiorum,
475 1867 568 1937 qui
606 1866 659 1918 in
693 1863 874 1918 medio
905 1862 1112 1916 mundo
1171 1860 1339 1914 vitam
1385 1859 1517 1913 nulli
1580 1874 1763 1929 repre-
1798 1841 1838 1906 Β
1873 1869 2045 1937 loqui,
2072 1877 2162 1923 aut
2186 1870 2250 1924 ad
2269 1885 2393 1925 eum
2425 1868 2595 1922 adire.

183 1958 438 2013 hensioni
478 1957 690 2010 atlinem
726 1959 1132 2024 transegerunt,
1171 1950 1470 2007 admodum
1531 1966 1757 2020 paucos.

182 2050 280 2104 llle
329 2062 458 2118 ergo
487 2045 746 2100 doctrinae
781 2053 836 2099 et
890 2043 1192 2113 disciplinis
1231 2042 1415 2111 jussus
1460 2041 1760 2106 attendere,

183 2155 442 2209 magnum
475 2140 528 2192 in
566 2138 650 2193 his
681 2137 866 2208 posuit
915 2136 1178 2200 studium,
1237 2149 1347 2186 non
1421 2132 1762 2196 verberibus,

182 2251 293 2289 non
323 2233 640 2297 terroribus,
667 2247 774 2286 non
813 2230 995 2298 aliquo
1029 2228 1138 2282 alio
1176 2226 1424 2296 indigens
1448 2240 1511 2279 ex
1544 2225 1610 2279 iis
1645 2241 1765 2294 qua:

183 2336 415 2398 possunt
445 2326 703 2396 puerilem
739 2324 804 2378 ad
847 2339 935 2378 res
993 2323 1254 2376 honestas
1289 2319 1528 2375 excitare
1581 2333 1765 2373 socor-

183 2421 328 2476 diam
367 2437 379 2473 ε
414 2419 507 2474 sed
542 2418 659 2488 ipse
688 2427 806 2472 erat
870 2415 972 2470 sibi
1005 2413 1258 2468 stimulus
1291 2427 1357 2466 ex
1401 2410 1764 2481 propensionc

183 2521 242 2568 et
281 2513 447 2565 animi
480 2511 759 2565 alacritate
785 2508 852 2562 ad
909 2521 970 2560 ea
1005 2520 1127 2575 quae
1185 2504 1326 2558 bona
1381 2512 1532 2556 sunt.
1596 2501 1763 2556 Multo

184 2615 372 2659 autem
407 2603 577 2674 magis
629 2599 950 2670 invigilabat
1015 2597 1239 2652 lectioni
1282 2595 1589 2652 divinorum
1649 2595 1764 2650 elo-

183 2699 461 2768 quiorum,
499 2703 552 2750 et
582 2695 798 2748 assidue
826 2693 878 2746 in
905 2693 984 2747 eis
1011 2691 1349 2755 versabatur,
1379 2689 1518 2745 adeo
1561 2696 1620 2743 ut
1647 2688 1763 2758 ipse

181 2802 404 2860 quoque
442 2795 660 2842 caneret
705 2800 827 2840 cum
867 2783 1055 2838 divino
1118 2781 1321 2836 Davide
1386 2798 1398 2834 :
1472 2780 1763 2833 Exsultabo

181 2898 278 2953 ego
305 2898 458 2951 super
492 2881 697 2949 eloquia
727 2887 839 2942 tua,
875 2886 931 2930 ut
959 2876 1047 2945 qui
1076 2875 1266 2928 invenit
1302 2872 1470 2942 spolia
1498 2871 1666 2925 multa
1719 2873 1760 2926 '.

183 2976 253 3029 Et
296 2993 308 3029 :
344 2973 513 3036 Quam
563 2972 726 3026 dilexi
774 2970 936 3040 legem
978 2981 1147 3030 tuam,
1199 2965 1419 3021 Domine
1465 2981 1483 3019 :
1527 2973 1636 3020 tota
1683 2965 1764 3018 die

181 3064 458 3115 meditatio
489 3079 603 3114 mea
631 3072 704 3115 est
729 3062 768 3114 ³.
801 3062 1089 3129 Propterea
1118 3059 1167 3112 ei
1204 3066 1514 3126 reputatum
1560 3066 1643 3112 est
1673 3040 1765 3111 su-

179 3170 282 3226 pra
315 3153 481 3208 millia
515 3152 633 3206 auri
657 3161 713 3207 et
775 3151 981 3219 argenti
1009 3151 1050 3215 ι,
1110 3149 1260 3220 juxta
1325 3148 1570 3207 divinum
1627 3149 1764 3203 Pro-

179 3251 430 3320 phetam,
459 3247 580 3303 dico
621 3245 899 3301 Davidem.
947 3243 1011 3297 Et
1032 3242 1128 3297 Dei
1161 3241 1375 3312 eloquia
1411 3241 1587 3298 dulcia
1638 3245 1762 3314 gut-

179 3343 296 3398 turi
330 3345 448 3414 ejus
479 3342 725 3406 fuerunt,
762 3349 817 3394 et
840 3337 1127 3409 supra'mel
1158 3337 1238 3392 ori
1271 3337 1392 3407 ejus
1413 3338 1454 3390 ".

256 3457 350 3512 111.
390 3455 619 3509 Vacabat
647 3462 828 3508 autem
862 3451 1059 3507 divinis
1094 3450 1311 3520 templis
1340 3459 1392 3506 et
1429 3449 1648 3504 assidue
1696 3451 1761 3504 ad

177 3565 248 3604 ea
277 3547 551 3601 veniebat.
586 3544 652 3598 Et
701 3559 824 3598 cum
884 3544 1004 3612 ejus
1058 3543 1298 3611 aequales
1363 3551 1420 3596 et
1469 3541 1763 3595 familiares

181 3640 360 3697 dediti
397 3647 579 3695 essent
608 3635 1009 3699 venationibus,
1053 3645 1108 3689 et
1166 3649 1430 3703 equorum
1483 3633 1760 3693 cursibus.

177 3746 240 3790 et
265 3735 386 3790 aliis
418 3733 827 3787 adolescentum
862 3729 1077 3793 studiis,
1109 3727 1197 3781 ille
1229 3743 1290 3780 ea
1342 3741 1483 3796 aegre
1536 3724 1761 3788 ferebat,

175 3829 332 3884 etab
365 3829 444 3883 eis
480 3827 702 3880 minimc
725 3823 1062 3883 movebatur,
1132 3829 1186 3874 et
1234 3818 1367 3872 nulli
1421 3819 1648 3873 cedebat
1699 3833 1763 3870 ex

178 3926 255 3978 iis
327 3935 448 3989 quat
517 3915 854 3986 juvenilibus
915 3913 1274 3967 blandiuntur
1353 3910 1763 3977 cupiditatibus.

175 4010 434 4068 Jucunde
468 4023 594 4063 vero
635 4014 689 4060 et
761 4005 1001 4060 libenter
1047 4001 1367 4056 versabatur
1411 3999 1764 4067 Eudocimus,

173 4113 279 4161 aut
313 4105 367 4158 in
401 4103 562 4159 domo
596 4098 882 4166 orationis,
917 4106 1013 4152 aut
1039 4097 1095 4150 in
1151 4095 1392 4150 lectione
1443 4093 1758 4147 divinorum

175 4197 570 4266 Eloquiorum,
643 4209 738 4262 per
788 4205 907 4262 qua:
958 4187 1210 4244 studebat
1253 4186 1493 4256 seipsum
1541 4185 1768 4240 reddere

177 4289 449 4360 templum
513 4285 624 4341 Deo
693 4283 916 4356 dignum
975 4288 1034 4335 ut
1081 4279 1172 4352 qui
1244 4277 1381 4332 nihil
1449 4277 1770 4333 ostenderet

177 4380 572 4453 injucundum,
654 4376 791 4431 nihil
832 4387 988 4444 turpe
1033 4388 1100 4427 ex
1172 4367 1519 4425 deformitate
1603 4365 1768 4420 animi

176 4472 684 4548 perturbationum,
720 4477 776 4521 et
823 4467 878 4520 in
907 4480 1001 4519 eas
1033 4463 1230 4520 collato
1268 4461 1473 4516 studio.
1515 4461 1632 4516 Non
1684 4476 1771 4517 res

1946 1960 2032 2014 Ν.
2058 1959 2194 2016 Cum
2234 1961 2593 2029 temperantia
2627 1975 2758 2014 vero
2791 1961 3073 2030 conjunxit
3104 1963 3270 2017 etiam
3307 1964 3452 2018 elec-

1875 2067 2183 2134 mosynam,
2219 2068 2342 2108 cum
2369 2051 2742 2122 pulcherrima
2770 2067 2886 2106 eam
2915 2069 3035 2124 qua:
3090 2063 3172 2109 est
3218 2059 3454 2114 maxime

1876 2145 2062 2208 hilaris
2095 2146 2266 2201 :adeo
2297 2155 2355 2199 ut
2388 2145 2533 2199 illius
2567 2144 2788 2214 quidem
2822 2146 3030 2201 lumine
3089 2148 3452 2205 illustraretur

1875 2237 2064 2302 facies,
2118 2238 2282 2308 hujus
2333 2247 2513 2292 autem
2575 2238 2695 2292 oleo
2749 2254 2844 2292 cor
2878 2241 3453 2310 pinguefieret,esset-

1874 2347 1980 2404 que
2020 2339 2075 2387 et
2108 2332 2349 2386 mundus
2383 2341 2435 2387 et
2455 2331 2962 2387 misericoruadeo
2981 2343 3037 2388 ut
3058 2336 3310 2402 altitudo,
3331 2353 3453 2407 qua:

1874 2425 2205 2496 procedilex
2241 2424 2502 2495 puritate,
2568 2423 2633 2478 ad
2697 2425 3005 2493 proximum
3056 2427 3140 2498 (ut
3194 2445 3290 2498 par
3344 2433 3449 2508 est)

1875 2531 1941 2572 ex
1965 2531 2235 2571 consensu
2261 2531 2318 2570 se
2347 2515 2642 2582 inclinans,
2671 2515 2724 2570 in
2762 2523 2879 2570 tuto
2902 2528 3066 2574 esset.
3100 2520 3234 2576 Tam
3262 2525 3448 2594 Splen-

1873 2612 2001 2668 didc
2031 2622 2211 2666 autem
2265 2612 2578 2667 attendebat
2638 2613 3019 2686 eleemosynrc,
3073 2625 3127 2670 et
3174 2632 3293 2674 eam
3379 2622 3451 2676 ita

1873 2704 2323 2775 amplectebatur,
2363 2713 2421 2760 ut
2453 2719 2564 2760 non
2598 2704 2772 2761 solum
2801 2708 3107 2777 superﬂuis,
3134 2709 3228 2764 sed
3287 2713 3450 2767 etiam

1872 2795 2199 2852 necessariis
2219 2811 2276 2851 se
2309 2797 2398 2867 pie
2424 2806 2638 2868 gereret
2671 2814 2684 2851 :
2728 2806 2783 2851 et
2812 2813 2920 2852 non
2945 2815 3106 2869 parce
3135 2802 3449 2868 seminaret,

1873 2890 1970 2946 sed
1990 2889 2044 2944 in
2079 2889 2609 2946 benedictionibus:
2671 2899 2728 2944 et
2788 2907 2898 2946 non
2949 2893 3126 2947 solum
3179 2898 3451 2965 pecuniis.

1871 2982 1966 3037 sed
2003 2983 2166 3037 etiam
2193 2984 2472 3047 carnibus,
2503 2983 2544 3036 si
2572 2997 2636 3036 ex
2664 2983 2726 3037 iis
2750 2986 3085 3056 pauperibus
3114 2987 3232 3043 dari
3271 3002 3453 3060 posset

1874 3075 2155 3141 auxilium,
2184 3074 2409 3130 minimc
2439 3083 2710 3144 parceret,
2747 3074 2909 3145 idque
2942 3078 3231 3135 admodum
3268 3083 3449 3152 hilari,

1874 3178 2234 3239 promptoque
2264 3177 2319 3223 et
2347 3168 2510 3224 alacri
2550 3168 2755 3232 animo,
2802 3179 2984 3227 motus
3040 3173 3337 3233 dilectione
3392 3179 3449 3233 in

1867 3261 2036 3315 Deum
2065 3271 2118 3315 et
2151 3263 2482 3331 proximum.
2518 3263 2752 3318 Fructus
2792 3266 2938 3320 enim
2981 3267 3295 3335 charitatis,
3370 3282 3453 3327 est

1864 3352 1918 3410 in
1950 3353 2175 3408 fratrem
2216 3353 2616 3419 misericordia,
2683 3358 2821 3413 adeo
2874 3369 2931 3414 ut
2977 3360 3094 3430 ipse
3151 3364 3454 3432 promptior

1865 3455 2009 3501 esset
2046 3445 2114 3501 ad
2142 3446 2403 3512 dandum,
2463 3462 2623 3516 quam
2686 3450 2774 3506 ille
2814 3451 2881 3508 ad
2907 3452 3285 3522 accipiendum
3310 3494 3324 3519 ,
3359 3458 3452 3525 qui

1867 3552 2004 3608 opus
2030 3538 2264 3594 habebat
2307 3541 2722 3596 misericordia:
2766 3557 2965 3599 etcum
3037 3545 3302 3614 dedisset,
3339 3548 3453 3618 ipse

1867 3633 2040 3703 magis
2065 3633 2360 3699 laetaretur,
2394 3642 2449 3689 et
2482 3633 2604 3705 plus
2638 3650 2697 3690 se
2728 3636 2899 3704 iuvari
2953 3639 3221 3702 crederet,
3284 3657 3450 3710 quam

1870 3725 1934 3789 is,
1959 3726 2047 3794 qui
2086 3737 2391 3794 acceperat,
2424 3729 2698 3796 quomodo
2730 3745 2817 3784 res
2856 3745 2986 3785 vere
3033 3730 3287 3788 habebat.
3343 3733 3454 3789 Ma-

1863 3814 2014 3884 jores
2059 3816 2204 3870 enim
2265 3826 2395 3872 sunt
2453 3818 2649 3873 divina:
2705 3821 2909 3890 gratim,
2959 3838 3120 3890 quam
3177 3826 3452 3896 humanae,

1870 3924 2004 3977 quas
2026 3909 2140 3979 ipse
2177 3909 2318 3980 larga
2347 3925 2510 3965 manu
2549 3911 2764 3966 emebat
2795 3911 2999 3983 largius
3055 3914 3207 3973 illinc
3271 3930 3457 3976 scatu-

1869 4001 2091 4056 rientes.
2120 4001 2205 4068 Et,
2244 4005 2486 4060 utsemel
2514 4003 2714 4067 dicam,
2739 4006 3111 4077 orphauorum
3150 4020 3269 4065 erat
3301 4023 3457 4081 pater

1871 4093 2230 4158 Eudocimus,
2277 4104 2494 4150 curator
2527 4097 2834 4163 viduarum,
2861 4097 3243 4156 indumentum
3277 4106 3451 4160 nudo-

1872 4202 2014 4252 rum,
2045 4185 2202 4256 panis
2225 4188 2606 4252 esurientium,
2628 4189 2933 4244 animarum
2968 4206 3089 4260 quae
3128 4194 3453 4264 argritudine

1872 4279 2240 4350 gravabantur
2287 4281 2562 4337 solatium.

1946 4368 2006 4428 V.
2038 4368 2086 4421 ls
2127 4384 2250 4422 cum
2288 4379 2343 4423 et
2368 4372 2437 4424 ab
2459 4371 2786 4440 imperatore
2819 4376 3082 4443 honores,
3119 4388 3172 4432 et
3223 4393 3346 4447 qua
3370 4389 3454 4433 est

1874 4458 1940 4513 ad
1983 4467 2218 4532 tempus,
2241 4460 2466 4532 gloriam
2501 4475 2887 4533 assequeretur
2912 4477 3135 4536 preptcr
3173 4469 3451 4536 virtutem,

172 4570 449 4630 adversae,
483 4575 594 4617 non
643 4557 916 4622 secundae,
986 4569 1097 4609 non
1148 4553 1351 4623 aliquid
1397 4567 1463 4606 ex
1533 4553 1598 4607 iis
1653 4551 2014 4623 quaeDnihil
2052 4567 2113 4606 ex
2147 4567 2212 4607 eo
2245 4553 2559 4620 lacdebatur,
2594 4564 2655 4608 ut
2687 4557 2844 4626 cujus
2904 4574 3005 4614 nec
3064 4559 3213 4615 calor
3261 4561 3458 4616 animze

171 4657 431 4714 animum
458 4659 688 4723 possunt
727 4659 821 4704 aut
876 4646 1090 4716 efferre,
1133 4652 1228 4699 aut
1274 4643 1608 4714 deprimere,
1673 4641 1775 4696 fuit

171 4748 319 4802 satis
347 4743 585 4798 validum
615 4740 680 4794 ad
708 4755 832 4794 eum
859 4754 888 4792 a
913 4752 1012 4791 suo
1053 4735 1310 4791 instituto
1338 4733 1764 4789 dimovendum:

171 4839 280 4896 scd
324 4834 564 4892 dexteris
587 4840 642 4888 et
667 4829 904 4888 sinistris
935 4828 1101 4883 armis
1166 4830 1249 4895 (ut
1299 4827 1434 4881 dicit
1488 4824 1689 4880 Paulus
1724 4824 1767 4895 °)

169 4935 410 4989 dextere
441 4929 714 4992 utebatur,
747 4933 803 4979 et
830 4938 893 4977 ca
913 4919 1195 4975 materiam
1230 4919 1463 4975 faciebat
1521 4918 1767 4988 philoso-

169 5025 352 5095 pltitlt.
378 5021 518 5086 Quin
541 5019 704 5073 etiam
735 5032 860 5072 cum
885 5016 1026 5070 viam
1052 5029 1194 5081 sape
1226 5012 1625 5083 ingrederetur,
1657 5019 1764 5064 tam

167 5131 307 5187 qua:
350 5113 557 5168 ferebat
591 5109 658 5166 ad
689 5108 914 5179 regiam,
946 5121 1109 5176 quam
1142 5121 1259 5174 quae
1287 5104 1338 5157 in
1367 5102 1534 5158 ullum
1600 5101 1766 5155 alium

170 5213 390 5275 locum,
429 5214 670 5262 mentem
694 5202 931 5258 simulet
963 5201 1200 5272 linguam
1230 5198 1468 5252 habebat
1500 5196 1769 5250 intentam

171 5302 347 5374 operi
384 5319 396 5353 :
433 5301 575 5353 banc
623 5296 846 5366 quidem
898 5303 1182 5347 canentem
1232 5290 1479 5345 Psalmos
1528 5286 1765 5353 Davidis,

170 5396 337 5450 illam
362 5400 542 5446 autem
573 5389 970 5450 attendentem,
1010 5394 1065 5440 et
1088 5399 1206 5455 qua)
1232 5383 1554 5438 dicebantur
1604 5379 1771 5434 intel-

171 5489 476 5556 ligcnlem,
511 5490 566 5536 et
609 5480 821 5552 jubenti
883 5480 984 5549 ipsi
1046 5476 1232 5532 Davidi
1292 5483 1594 5545 parentem.
1649 5470 1768 5526 Non

173 5580 340 5634 enim
374 5577 428 5630 id
474 5577 546 5641 ei,
579 5571 723 5645 quod
759 5571 969 5636 multis,
1028 5568 1410 5629 usuveniebat,
1471 5565 1563 5636 qui
1622 5563 1768 5635 psal-

175 5673 310 5726 lunt
334 5668 580 5740 quidem,
642 5665 736 5721 sed
764 5679 871 5718 non
924 5662 1235 5730 intelligunt
1271 5679 1283 5714 :
1317 5659 1518 5728 quique
1549 5673 1672 5713 cum
1706 5657 1770 5711 iis

1883 4649 2211 4711 tepesceret,
2287 4657 2466 4712 neque
2489 4645 2557 4699 ad
2608 4661 2829 4702 cursum
2895 4650 3236 4720 spiritualcm
3303 4651 3456 4710 ﬁeret

1878 4733 2114 4802 impetus
2149 4733 2449 4790 hebetior:
2512 4737 2606 4792 sed
2670 4739 2851 4808 potius
2905 4755 3023 4794 eam
3077 4756 3296 4813 quoque
3343 4743 3454 4799 Deo

1878 4823 2156 4881 ascribens
2179 4825 2430 4896 gratiam,
2468 4825 2593 4883 hinc
2621 4830 2870 4886 sumebat
2899 4833 3251 4890 occasionem
3279 4837 3455 4906 majo-

1878 4921 1955 4972 ris
1995 4917 2047 4971 in
2081 4917 2254 4988 ipsum
2283 4919 2644 4982 desiderii,et
2689 4937 2813 4978 eum
2870 4925 3084 4980 colendi
3144 4928 3452 4998 promptius

1879 5020 1932 5064 et
1965 5010 2219 5066 alacrius.
2258 5010 2418 5066 Certe
2455 5028 2578 5067 cum
2609 5024 2754 5069 esset
2774 5017 3002 5082 electus,
3076 5027 3135 5077 ut
3189 5029 3454 5090 praesset

1876 5101 2014 5170 parti
2057 5101 2330 5157 exercitus
2362 5104 2770 5174 Cappadocum,
2808 5118 2862 5164 et
2925 5120 3236 5166 moraretur
3305 5115 3450 5167 circa

1874 5191 1947 5258 id,
1982 5193 2128 5262 quod
2184 5205 2412 5250 vocatur
2466 5193 2853 5264 Charsianum,
2914 5205 3140 5272 gerebat
3199 5219 3449 5274 magnam

1871 5301 2056 5343 curam
2094 5288 2302 5357 populi,
2338 5298 2396 5342 ut
2427 5289 2521 5359 qui
2550 5305 2658 5344 non
2683 5291 2858 5346 solum
2886 5292 2952 5348 de
2985 5294 3067 5349 eis
3126 5305 3276 5351 esset
3347 5314 3436 5366 pa-

1873 5387 2027 5433 terne
2092 5380 2378 5446 sollicitus,
2433 5382 2524 5436 sed
2573 5398 2667 5438 eas
2715 5384 2903 5451 etiam,
2953 5401 3073 5454 quae
3103 5400 3260 5442 erant
3309 5389 3453 5445 inter

1876 5484 1934 5524 se
1960 5470 2214 5534 invicem,
2246 5480 2305 5524 ut
2339 5472 2537 5536 solent,
2570 5476 2979 5532 controversias
3008 5480 3265 5544 solveret.
3325 5484 3448 5539 nul-

1874 5561 1984 5616 lam
2029 5561 2083 5615 in
2136 5572 2342 5633 partem
2404 5567 2777 5636 propendente
2830 5570 3031 5624 trutina
3084 5571 3352 5642 iustitiae:
3397 5586 3453 5631 et

1877 5657 2129 5728 judicans
2166 5661 2471 5730 orphanum
2513 5661 2594 5730 (ut
2633 5663 2809 5718 dicam
2842 5680 2965 5721 cum
2998 5665 3133 5724 Isaia
3165 5668 3229 5740 ³),
3257 5681 3311 5727 ct
3371 5673 3452 5726 vi-

262 5847 282 5878 ¹
317 5840 459 5899 Psal.
492 5853 679 5899 cxvm,
715 5834 834 5887 162.
868 5835 885 5865 ³
917 5833 1048 5890 ibid.
1077 5836 1165 5891 97.
1194 5835 1368 5892 "ibid.
1397 5833 1484 5886 72.
1526 5833 1544 5864 ⁸
1579 5833 1709 5887 ibid.
1749 5832 1863 5887 105.
1905 5834 1922 5864 ⁸
1950 5833 1991 5886 ll
2027 5832 2150 5888 Cor.
2191 5850 2262 5901 vi,
2295 5835 2348 5889 7.
2387 5835 2406 5865 "
2432 5832 2552 5890 Job.
2580 5839 2799 5904 xxxt,7.
2840 5839 2859 5869 ⁸
2883 5839 3014 5895 ibid.
3057 5841 3105 5894 l.
3142 5843 3280 5898 9lsa.
3306 5862 3340 5903 i,
3365 5849 3447 5911 17.

521 5933 789 5992 ΡΑτῐιθι..
839 5933 951 5990 Gn.
998 5931 1178 5994 CXV.

3015 5935 3080 5993 lli
