4170 6322
763 368 863 431 491

2067 367 2351 429 MENSIS
2388 365 2681 426 IULIUS.

3892 355 3992 421 492

768 480 929 532 duam
964 476 1290 547 justilieans,
1325 489 1381 532 et
1420 477 1675 533 omnibus
1726 476 1863 529 idem
1915 489 2177 544 apparens
2233 489 2329 543 per
2358 483 2401 537 Α
2437 472 2602 525 multa
2634 468 2849 539 quidem
2887 467 3095 529 dicens,
3129 467 3294 520 multa
3344 473 3523 521 autem
3579 465 3816 530 faciens,
3876 479 3994 533 qua:

769 568 1026 638 mqualein
1064 570 1115 622 in
1144 584 1334 624 omnes
1394 568 1857 624 benevolentiam.
1904 566 1968 620 Et
2017 566 2144 636 quid
2194 581 2330 633 epus

769 673 873 727 est,
906 670 965 716 ut
992 662 1166 716 dicam
1189 663 1441 732 singula?
1470 663 1597 717 Erat
1629 662 1829 715 virtute
1894 659 2165 729 perfectus
2218 657 2330 713 Eu-

769 756 1017 811 docimus
1041 771 1055 818 ;
1083 767 1199 809 erat
1228 755 1454 825 insignis
1477 755 1742 809 charitate
1774 754 1827 806 in
1860 750 2048 815 Deum,
2090 761 2144 804 et
2198 750 2331 803 insi-

771 848 890 917 gnis
925 848 1186 901 cliaritate
1236 846 1289 901 in
1337 848 1662 916 proximum.
1769 845 2129 910 Quamobrem
2216 843 2333 912 ejus

774 938 995 992 exitium
1025 947 1077 991 et
1109 938 1411 1002 interitum,
1436 940 1701 1007 proximo,
1746 937 1990 1006 inquam,
2026 936 2330 989 clanculum

773 1030 1084 1094 detrahere,
1114 1031 1250 1083 adeo
1285 1031 1409 1085 odio
1443 1030 1698 1094 habebat,
1732 1039 1789 1083 ut
1825 1045 1934 1083 non
1997 1028 2168 1082 solum
2222 1028 2335 1095 ipse

774 1121 911 1176 nihil
939 1120 1042 1175 tale
1074 1120 1298 1187 faceret,
1331 1123 1424 1177 sed
1450 1123 1613 1175 etiam
1672 1121 1715 1174 si
1755 1120 1894 1174 alius
1940 1119 2103 1173 vellet
2133 1118 2332 1179 facere,

775 1214 998 1267 minime
1031 1215 1327 1267 sustineret
1359 1229 1467 1266 non
1494 1212 1736 1265 honestis
1768 1211 1945 1264 verbis
1980 1224 2140 1262 aures
2188 1224 2336 1277 prce-

773 1303 903 1357 bere
939 1315 1029 1358 :ct
1060 1304 1208 1374 quod
1237 1305 1305 1357 ad
1341 1318 1399 1358 se
1436 1305 1651 1366 attinet,
1677 1301 1795 1356 illas
1853 1316 2072 1370 quoque
2117 1315 2337 1355 conser-

778 1406 931 1449 varet
997 1397 1237 1466 peccatis
1297 1396 1633 1465 superiores.

846 1488 934 1542 VI.
962 1489 1115 1542 Illum
1152 1489 1230 1543 sic
1256 1488 1548 1554 viventem,
1582 1488 1840 1557 piumque
1871 1486 1994 1539 vitae
2025 1484 2337 1539 institutum

775 1589 1179 1644 excercentein,
1213 1588 1265 1633 et
1291 1588 1437 1633 recte
1492 1594 1548 1633 se
1592 1588 1865 1649 gerentem
1929 1576 2233 1631 communis
2286 1576 2339 1627 in

776 1675 999 1741 regione
1022 1674 1199 1727 aliena
1230 1673 1354 1726 linis
1376 1680 1628 1741 occupat,
1657 1687 1779 1725 cum
1809 1680 1954 1724 esset
1982 1670 2199 1739 triginta
2234 1679 2343 1721 tres

780 1780 953 1819 annos
974 1773 1157 1829 natus,
1189 1772 1241 1817 et
1274 1762 1505 1816 necdum
1536 1761 1754 1831 quidem
1806 1760 1957 1814 canis
2016 1758 2235 1826 capillos
2266 1757 2345 1809 al-

2434 562 2572 616 solet
2608 561 2784 615 facere
2815 559 3052 628 nequitia
3098 559 3401 612 daemonum
3438 558 3491 611 in
3553 557 3817 611 damnum
3895 558 3991 608 hu-

2435 668 2606 707 mana:
2632 662 2860 715 natura},
2900 666 3019 719 quae
3046 651 3280 719 desuper
3307 650 3450 704 bello
3472 649 3538 702 ab
3591 663 3657 701 eo
3696 649 3989 718 appetitur.

2433 743 2687 798 Diemone
2714 742 2931 812 quidem
2964 753 3109 796 moto
3138 758 3165 794 a
3201 751 3410 805 saneto,
3453 753 3545 795 aut
3573 756 3603 793 a
3647 740 3853 793 Christi
3907 755 3995 807 po-

2435 844 2544 896 tius
2573 842 2787 905 virtute,
2828 850 2887 893 ut
2911 855 3035 893 eum
3068 838 3417 893 manifestum
3452 838 3657 893 faceret
3729 846 3781 889 et
3833 837 3996 888 hono-

2440 943 2622 998 raret,
2668 941 2920 986 movente
2971 942 3151 984 autem
3187 941 3243 985 et
3316 941 3620 1000 torquente.
3681 938 3737 981 et
3769 929 3996 980 maxima

2439 1035 2755 1095 tempestate
2814 1026 3086 1079 hominem
3146 1024 3525 1081 conturbante.
3578 1040 3702 1077 eum
3748 1032 3999 1089 tanquam

2436 1127 2710 1172 mortuum
2759 1116 2930 1170 Eliam
2986 1116 3133 1170 humi
3186 1116 3426 1185 jecisset,
3488 1117 3810 1169 sceleratum
3881 1113 4002 1165 illud

2438 1213 2760 1267 daemonium
2789 1213 2965 1266 statim
2992 1212 3142 1275 abiit,
3177 1228 3234 1264 ur
3262 1215 3401 1278 quod
3437 1211 3611 1265 fuerat
3641 1209 3853 1263 homini
3912 1222 4001 1260 ve-

2438 1306 2537 1359 luti
2577 1305 2819 1373 quaedam
2852 1305 3229 1373 disciplina,ct
3271 1306 3723 1359 medicamentum
3792 1304 3861 1355 ad
3923 1317 4007 1354 ex-

2439 1397 2636 1467 pianda
2674 1405 2895 1464 peceata
2931 1396 2997 1449 iis
3030 1434 3045 1457 ,
3080 1413 3198 1464 quze
3228 1397 3374 1453 Dens
3398 1397 3565 1458 novit,
3619 1396 3863 1464 judieiis.
3920 1394 4008 1447 Al-

2440 1505 2547 1558 que
2575 1489 2714 1542 Elias
2752 1490 2967 1557 quidem
3004 1489 3202 1541 sicfuit
3288 1490 3545 1543 liberatus
3618 1504 3647 1541 a
3713 1489 3964 1542 daemone
3995 1502 4007 1537 :

2445 1583 2584 1635 Deus
2615 1590 2793 1635 autem
2829 1596 2938 1634 non
2969 1596 3212 1649 eousque
3247 1580 3375 1633 feeit
3397 1581 3693 1634 consistere
3734 1581 3817 1633 sui
3873 1578 4009 1633 servi

2442 1676 2663 1745 gloriam
2722 1693 2738 1730 :
2792 1691 2900 1728 imo
2968 1692 3098 1728 vero
3162 1691 3283 1727 cuni
3349 1686 3602 1739 tanquam
3668 1676 3792 1726 tuba
3864 1672 4013 1724 valde

2445 1765 2705 1828 clamans,
2764 1766 2818 1818 in
2870 1766 3069 1821 multos
3112 1773 3258 1819 esset
3307 1766 3610 1833 dispersum
3669 1762 4009 1822 miraculum,

779 1856 1093 1917 befecisset,
1125 1856 1416 1908 multorum
1455 1862 1635 1907 autem
1677 1868 1841 1907 canos
1887 1861 2170 1922 superaret
2221 1864 2346 1919 pru-

2450 1858 2853 1911 multitudincm
2888 1872 3097 1921 eorum,
3132 1859 3223 1925 qui
3265 1858 3580 1911 laborabant
3633 1856 3798 1907 variis
3877 1868 4016 1905 mor-

781 1949 984 2005 dentia.
1029 1949 1165 2003 Male
1188 1959 1368 2002 autem
1400 1946 2031 2009 habebatﬂudocimum,
2065 1959 2172 1997 non
2202 1942 2344 2012 quod

783 2040 1028 2095 absolute
1103 2049 1426 2103 moreretur,
1452 2047 1510 2092 ut
1559 2039 1648 2107 qui
1698 2054 1793 2107 per
1846 2046 2016 2091 totam
2077 2035 2237 2088 vitam
2294 2034 2347 2088 id

794 2142 942 2188 esset
973 2132 1280 2195 meditatus,
1318 2140 1373 2184 et
1409 2145 1567 2199 quam
1598 2145 1720 2183 eum
1751 2130 1947 2199 egisset
1978 2129 2155 2191 vitam,
2207 2140 2350 2195 qna:-

796 2242 920 2280 nam
952 2240 1069 2279 sors
1115 2233 1260 2278 esset
1314 2239 1436 2278 eum
1499 2232 1789 2276 consecuta
1826 2238 1840 2274 :
1872 2230 1922 2274 et
1984 2219 2181 2287 alioqui
2226 2233 2349 2272 cum

752 2378 755 2381 ,
789 2330 935 2375 esset
972 2318 1205 2387 sapiens,
1242 2332 1349 2370 non
1376 2316 1657 2386 ignorabat
1686 2316 1928 2376 omnino,
1984 2311 2158 2382 qualis
2207 2318 2352 2365 esset

785 2413 873 2466 lex
904 2412 1044 2463 inter
1083 2408 1380 2477 composita
1407 2425 1418 2459 :
1445 2421 1642 2475 nempe
1677 2406 1818 2473 quod
1867 2420 1988 2458 cum
2049 2402 2349 2471 accepisset

789 2502 1131 2574 principium,
1164 2514 1394 2554 necesse
1424 2506 1569 2552 esset
1619 2495 1779 2548 finem
1809 2510 2025 2563 quoque
2058 2491 2349 2560 consequi;

790 2594 1140 2665 quamobrem
1177 2606 1280 2642 non
1311 2605 1432 2642 eum
1471 2586 1823 2641 conturbabat
1857 2584 2098 2653 corporis
2131 2597 2352 2652 separa-

793 2689 886 2745 tio.
913 2686 1006 2740 sed
1033 2683 1175 2753 quod
1209 2698 1330 2737 cum
1373 2690 1598 2734 matrem
1633 2692 1743 2733 non
1797 2676 2026 2731 vidisset
2092 2673 2352 2728 charissi-

796 2795 959 2841 mam,
1016 2778 1173 2846 longe
1230 2781 1373 2827 esset
1427 2772 1818 2842 peregrinatus.
1856 2768 2134 2833 Quomodo
2174 2774 2353 2819 autem

794 2879 870 2924 est
904 2865 1301 2920 mortuus?est
1334 2864 1477 2916 enim
1526 2864 1627 2914 hoc
1682 2859 1839 2912 simul
1894 2856 2248 2925 philosophia:
2302 2861 2357 2908 et

796 2957 1045 3013 utilitatis
1089 2955 1373 3024 particeps.
1418 2949 1736 3020 IEgrotabat
1775 2947 1990 3016 quidem
2023 2946 2101 2999 vir
2149 2946 2259 3009 ille,
2304 2954 2356 2998 ct

798 3049 1019 3103 morbus
1046 3061 1167 3100 eum
1195 3046 1304 3111 jam
1338 3059 1402 3097 eo
1431 3043 1749 3105 deduxerat,
1786 3052 1843 3094 ut
1868 3040 2112 3094 ultimum
2175 3046 2359 3107 ageret

796 3141 1072 3210 spiritum.
1100 3138 1214 3205 lpSe
1234 3151 1361 3188 vero
1387 3150 1507 3188 cum
1538 3148 1665 3188 Suos
1684 3129 2356 3191 accersiissetfamiliares,

798 3233 1031 3298 primum
1066 3228 1282 3296 quidem
1318 3226 1604 3294 diligenter
1650 3222 1938 3283 mandavit,
1995 3232 2050 3275 et
2100 3237 2193 3276 eos
2240 3221 2363 3291 jure

792 3320 1028 3391 jnrando
1057 3317 1255 3386 adegit,
1289 3325 1346 3369 ut
1397 3331 1519 3368 eum
1588 3314 1907 3367 mandarent
1961 3315 2231 3380 sepulcro,
2284 3313 2365 3367 sic

797 3418 1069 3476 indutum,
1113 3420 1166 3465 et
1190 3423 1530 3477 nequaquam
1566 3406 1618 3458 in
1640 3406 1819 3475 ipsum
1849 3406 2224 3467 observarent,
2246 3418 2365 3472 qua:

800 3509 975 3563 solent
1000 3507 1057 3559 in
1111 3501 1359 3557 mortuis.
1418 3499 1622 3553 Deinde
1680 3513 1803 3552 cum
1863 3512 2051 3550 omnes
2112 3497 2367 3566 jussisset

799 3605 951 3650 extra
975 3594 1117 3648 fores
1146 3592 1352 3663 egredi,
1386 3592 1499 3660 ipse
1533 3591 1705 3643 solum
1749 3589 1988 3641 inclusus
2021 3590 2110 3640 dat
2145 3606 2203 3641 se
2250 3605 2368 3641 ora-

803 3689 957 3741 tioni.
1006 3686 1193 3737 Oratio
1243 3694 1421 3736 autem
1460 3690 1575 3733 erat
1611 3681 1809 3747 (audita
1848 3681 1990 3733 enim
2026 3678 2127 3732 fuit
2159 3694 2186 3731 a
2235 3694 2368 3747 quo-

802 3780 949 3841 dam,
1007 3776 1096 3846 qui
1161 3789 1325 3844 prope
1390 3772 1532 3827 forcs
1579 3771 1959 3837 auscultabat)
2014 3780 2072 3823 ut
2137 3772 2253 3840 ejus
2302 3769 2365 3824 ad

804 3870 970 3926 Deum
1004 3881 1262 3922 excessus
1290 3874 1437 3918 esset
1480 3864 1768 3926 obscurus,
1820 3872 1873 3915 et
1927 3861 2059 3915 nulli
2096 3862 2365 3930 cognitus,

802 3961 1074 4033 quomodo
1097 3958 1259 4010 etiam
1294 3967 1400 4009 tota
1428 3956 1539 4008 fere
1572 3956 1691 4021 ejus
1720 3955 1824 4005 vita
1854 3954 1989 4004 nulli
2024 3952 2198 4005 evasit
2256 3967 2370 4004 nia-

805 4049 1171 4108 nil'esta.Cum
1204 4062 1330 4100 vero
1366 4044 1466 4097 alia
1523 4058 1734 4112 quoque
1789 4042 2076 4111 adjecisset
2116 4043 2367 4108 orationi,

806 4152 862 4197 et
892 4144 1088 4214 egisset
1110 4138 1332 4211 gratias,
1365 4145 1417 4189 et
1440 4145 1714 4203 postremo
1747 4132 1975 4186 dixisset
2015 4151 2025 4184 :
2057 4132 2117 4185 ιιι
2183 4150 2369 4186 manus

807 4244 923 4285 luas
955 4229 1256 4284 commendo
1315 4227 1556 4293 spiritum
1626 4239 1797 4275 meum
1836 4222 1901 4282 ¹⁰,
1953 4239 2081 4275 vere
2128 4234 2370 4275 sanctam

807 4324 989 4378 emisit
1021 4321 1276 4374 animam.
1297 4317 1524 4382 Quidam
1553 4321 1734 4367 autem
1772 4327 1836 4365 ex
1863 4314 1931 4367 iis
1955 4313 2044 4383 qui
2078 4314 2373 4382 sepulturae

809 4414 929 4483 ejus
951 4412 1342 4472 inserviebant,
1371 4408 1538 4479 magis
1566 4407 1798 4470 rustice,
1827 4422 1987 4476 quam
2019 4407 2128 4476 pie,
2170 4406 2222 4459 in
2272 4407 2374 4461 hoc

2455 1949 2558 2011 bis,
2591 1950 2801 2002 vocavit
2826 1949 2891 2001 ad
2914 1949 3246 2016 sepulcrum,
3296 1949 3630 2017 sepulcrum,
3668 1947 3914 2013 inquam,
3954 1959 4014 1997 ex

2456 2054 2563 2107 quo
2588 2039 2978 2092 admirabiliter
3008 2040 3191 2093 multis
3218 2040 3546 2093 scatur-iebat
3570 2041 3675 2093 vita
3705 2048 3761 2092 et
3786 2038 4015 2091 curatio.

2531 2128 2664 2183 Vlll.
2703 2130 2774 2183 Ex
2808 2130 2894 2184 his
2919 2146 3044 2184 vero
3069 2146 3175 2184 una
3201 2131 3545 2199 inulier,qu-.e
3565 2132 3801 2183 habebat
3828 2129 4016 2188 filium,

2457 2224 2613 2293 cujus
2648 2224 2843 2276 soluta:
2876 2231 3034 2276 erant
3064 2238 3279 2285 manus,
3309 2224 3508 2292 quique
3538 2236 3632 2275 eas
3662 2221 3877 2274 ferebat
3914 2235 4017 2272 non

2459 2332 2619 2369 secus
2649 2325 2809 2383 atque
2834 2315 2969 2382 lapis
2993 2328 3057 2366 ac
3089 2324 3291 2377 statua,
3312 2330 3436 2367 cum
3464 2314 3723 2367 ardenter
3757 2315 4021 2366 accessis-

2460 2417 2543 2461 set
2573 2406 2639 2459 ad
2677 2406 3007 2475 sepulcrum,
3039 2421 3146 2459 non
3198 2406 3353 2476 longa
3415 2421 3551 2475 opus
3619 2405 3811 2458 habuit
3850 2420 4019 2463 mora,

2460 2515 2571 2553 non
2605 2501 2854 2569 negotiis,
2888 2514 2995 2552 non
3027 2500 3218 2553 diebus
3252 2515 3265 2551 :
3302 2498 3394 2551 sed
3431 2513 3552 2550 cuin
3587 2499 3825 2566 primum
3858 2497 4021 2560 venit,

2460 2592 2507 2645 ei
2542 2607 2699 2660 opem
2738 2593 2862 2645 tulit
2890 2592 2953 2644 ad
2982 2591 3322 2645 liberandum
3353 2605 3383 2643 a
3409 2591 3598 2644 morbo
3622 2589 3817 2654 tilium,
3846 2591 4023 2641 oleum

2462 2694 2735 2751 sumptum
2776 2698 2843 2735 ex
2877 2684 3095 2734 lucerna
3130 2683 3271 2735 beati
3306 2683 3538 2749 sepulcri
3578 2700 3589 2735 :
3635 2696 3743 2750 quo
3772 2697 3900 2735 cum
3941 2680 4026 2731 illa

2463 2774 2558 2827 filii
2591 2788 2809 2827 manum
2850 2772 3113 2833 tinxisset,
3152 2774 3283 2825 vidit
3308 2774 3491 2826 statim
3525 2788 3647 2824 eum
3693 2783 3871 2824 totum
3904 2772 4026 2822 illae-

2464 2878 2604 2926 sum,
2655 2873 2711 2918 et
2766 2873 3010 2917 utentem
3061 2864 3313 2917 manibus
3365 2861 3527 2915 simul
3582 2863 3773 2915 liberis
3829 2871 3888 2914 et
3934 2876 4025 2913 suo

2466 2955 2813 3023 fungentibus
2841 2954 3062 3007 iollicio.
3100 2955 3253 3008 Alius
3279 2964 3457 3006 autem
3502 2968 3634 3022 puer
3666 2956 3864 3006 eodem
3906 2952 4024 3021 qui-

2466 3047 2587 3101 dem
2621 3048 2778 3099 modo
2820 3046 3069 3109 affectus,
3131 3047 3183 3099 in
3238 3046 3343 3100 hoc
3395 3062 3520 3099 vero
3572 3048 3688 3101 solo
3745 3046 4025 3109 ditfcrens,

2467 3142 2607 3209 quod
2645 3141 2807 3210 priori
2836 3142 3053 3208 quidem
3082 3156 3299 3205 manus,
3332 3141 3379 3195 ei
3415 3151 3594 3194 autem
3651 3143 3821 3208 pedes
3881 3151 4028 3193 erant

2468 3234 2774 3286 immobiles
2805 3251 2817 3285 :
2847 3235 2890 3285 is
2944 3249 3075 3301 ergo
3137 3233 3299 3284 simili
3362 3234 3465 3284 fide
3513 3234 3752 3291 oblatus,
3801 3232 4028 3283 similem

2466 3338 2681 3391 quoque
2711 3325 3036 3376 consecutus
3063 3322 3164 3374 fuit
3205 3321 3569 3373 curationem.
3626 3320 3764 3373 Nam
3808 3336 3935 3373 cum
3989 3320 4028 3372 is

2466 3426 2679 3480 quoque
2743 3421 2943 3463 unctus
2996 3419 3142 3464 esset
3196 3410 3250 3463 in
3307 3411 3540 3479 pedibus
3585 3412 3710 3464 oleo
3766 3410 4027 3470 lacerare,

2468 3505 2717 3574 protinus
2746 3503 2971 3568 exsiliit,
3002 3511 3057 3557 et
3108 3503 3212 3556 fuit
3261 3518 3423 3558 causa
3480 3518 3689 3575 magna:
3737 3505 4029 3574 gratiarum

2468 3596 2719 3656 actionis,
2806 3612 2926 3662 qua:
3006 3595 3335 3649 offerebatur
3417 3597 3521 3666 ipsi
3610 3608 3828 3659 saneto,
3940 3598 4026 3664 qui

2469 3697 2774 3749 curaverat,
2821 3696 2873 3740 et
2908 3687 3039 3749 Deo,
3098 3688 3189 3754 qui
3239 3688 3545 3755 praebuerat
3577 3688 3809 3757 gratiam
3869 3705 4031 3742 cura-

2472 3776 2698 3828 tionum.

2542 3867 2630 3919 lx.
2671 3867 2874 3919 Rursus
2928 3875 3109 3920 autem
3174 3865 3368 3921 mulier
3427 3877 3615 3921 vexata
3680 3882 3710 3919 a
3772 3867 4031 3929 dminone,

2474 3959 2694 4010 liberata
2728 3968 2811 4011 est
2843 3974 2872 4011 a
2905 3960 3144 4026 maligno
3177 3960 3371 4028 Spiritu
3412 3975 3530 4014 eam
3596 3970 3854 4021 vexante,
3913 3976 4027 4013 cum

2473 4049 2645 4101 solum
2669 4050 2990 4100 accessisset
3044 4049 3110 4101 ad
3149 4051 3492 4115 sepulcrum,
3529 4062 3582 4105 et
3612 4054 3845 4119 pulchre
3913 4054 4034 4105 didi-

2474 4140 2659 4203 cisset,
2694 4139 3147 4207 quemadmodum
3219 4142 3304 4191 lux
3361 4144 3704 4209 persequitur
3769 4147 4033 4205 tenebras.

2474 4245 2527 4287 et
2568 4249 2724 4301 quam
2756 4234 2825 4284 sit
2857 4232 3132 4294 terribilis,
3174 4232 3346 4285 bonus
3378 4240 3430 4285 et
3462 4243 3643 4301 gratus
3675 4248 3873 4287 servus
3904 4241 4034 4289 malo

2475 4339 2633 4378 servo
2661 4334 2714 4376 et
2747 4324 2988 4391 fugitivo,
3018 4332 3235 4391 prOptcr
3264 4340 3379 4377 eam
3424 4340 3541 4393 qui-ie
3575 4326 3623 4379 ci
3657 4340 3780 4378 eum
3816 4324 4035 4379 Domino

2476 4416 2780 4473 intercedit,
2808 4416 3247 4482 conjunctioncm
3279 4427 3333 4468 ct
3362 4417 3812 4472 familiaritatem.
3881 4420 4036 4472 Pone

809 4502 1063 4556 mandato
1092 4500 1438 4567 exsequendo
1469 4496 1671 4556 allecti,
1706 4511 1813 4548 non
1846 4496 2020 4548 solum
2049 4510 2170 4548 cum
2207 4496 2370 4550 \‘CSll-
2411 4521 2450 4575 Ι)
2484 4516 2664 4559 autem
2709 4505 2799 4557 alii
2832 4521 3048 4574 quoque
3076 4506 3310 4568 mulieri,
3341 4523 3457 4575 qua!
3494 4510 3635 4577 gravi
3668 4512 3866 4562 morbo
3898 4511 4038 4564 laba.

811 4595 1011 4651 mentis
1037 4602 1093 4647 et
1123 4592 1342 4652 calceis,
1375 4591 1576 4660 quibus
1617 4598 1734 4644 erat
1766 4588 2009 4652 indutus,
2049 4587 2144 4642 sed
2210 4588 2373 4641 etiam

810 4703 935 4743 cum
971 4684 1247 4756 stragulis,
1291 4684 1344 4738 in
1402 4684 1601 4751 quibus
1651 4682 1890 4751 jacebat,
1922 4681 1972 4733 in
2000 4681 2173 4750 lignea
2215 4695 2375 4748 capsa

814 4781 895 4834 sic
979 4776 1321 4846 impositum,
1384 4774 1533 4827 humi
1590 4773 1834 4827 condunt
1881 4787 2029 4835 eum,
2092 4771 2181 4840 qui
2245 4772 2379 4825 nihil

816 4870 1048 4925 habebat
1079 4868 1301 4937 dignum
1336 4864 1595 4927 tenebris,
1621 4865 1767 4917 nube
1804 4864 2027 4917 omnino
2061 4863 2254 4928 solem,
2288 4872 2379 4917 aut

814 4964 1018 5035 lignum
1050 4958 1253 5025 modio,
1282 4965 1376 5012 aut
1399 4958 1601 5027 potius,
1630 4958 1676 5013 si
1711 4958 1904 5021 mavis,
1940 4957 1991 5010 iu
2025 4958 2158 5012 cella
2210 4974 2378 5027 pena-

814 5056 895 5109 ria
929 5051 1387 5122 pretiosissimum
1412 5050 1751 5112 thesaurum,
1788 5057 1843 5103 ct
1882 5051 1974 5119 qui
2036 5064 2144 5102 non
2199 5057 2380 5117 potest

815 5143 1081 5199 consumi.
1115 5142 1221 5196 Sed
1253 5141 1344 5194 ille
1374 5140 1449 5194 sic
1473 5140 1693 5208 quidem
1720 5139 1823 5193 fuit
1873 5140 2125 5194 conditus
2160 5158 2172 5193 :
2237 5138 2378 5195 Deus

815 5244 996 5287 autem
1016 5247 1125 5287 non
1147 5245 1339 5301 passus
1355 5238 1574 5283 csteum
1592 5229 1777 5289 latere.
1804 5229 1899 5283 sed
1924 5244 2047 5282 eum
2072 5230 2249 5286 reddit
2269 5246 2381 5283 ma-

817 5325 1070 5380 nifestum
1102 5338 1263 5379 causa
1286 5322 1583 5376 multorum
1603 5320 1873 5378 utilitatis.
1909 5321 1997 5376 Sic
2020 5332 2200 5377 autem
2222 5322 2370 5377 facit.

884 5418 999 5473 VII.
1036 5417 1129 5471 Vir
1150 5419 1367 5487 quidam
1401 5432 1429 5469 a
1462 5415 1655 5482 spiritu
1679 5416 1978 5469 vexabatur
2022 5416 2378 5481 daamoniaco,

816 5510 963 5566 Elias
986 5510 1229 5573 nomine,
1262 5524 1383 5564 eum
1410 5516 1531 5577 post
1558 5518 1789 5562 mortem
1821 5507 1996 5561 sancti
2057 5522 2162 5559 non
2225 5509 2375 5562 inulti

817 5599 931 5655 dies
961 5601 1371 5670 prmteriissent.
1402 5598 1646 5667 Repente
1696 5598 1905 5652 accedit
1946 5598 2013 5653 ad
2045 5598 2373 5668 sepulcrum,

926 5777 966 5807 ¹⁰
998 5775 1141 5831 Ps'al.
1179 5792 1304 5841 xxx,
1328 5777 1379 5830 6.
1493 5777 1531 5807 “
1566 5773 1708 5831 Psal.
1741 5789 1899 5839 cxxv,
1932 5774 1985 5827 5.

2478 4600 2649 4661 rabal,
2686 4597 2786 4652 fuit
2826 4599 3088 4651 mirabilis
3118 4600 3326 4656 curatio
3388 4600 3585 4652 snlutio
3640 4603 3881 4667 sepulcri
3930 4605 4037 4671 pul-

2474 4692 2555 4744 vis
2626 4701 2878 4759 sumptus
2939 4707 3060 4743 cum
3120 4690 3263 4755 fide,
3325 4691 3520 4745 deinde
3577 4708 3716 4761 aqua
3783 4709 4036 4761 conSper~

2476 4795 2588 4845 sus,
2625 4791 2717 4834 aut
2771 4790 2829 4835 ut
2861 4780 3053 4835 melius
3118 4782 3314 4841 dicam,
3358 4785 3474 4851 ejus
3523 4784 3799 4855 lacrymis,
3852 4799 3908 4841 et
3948 4787 4038 4838 im-

2476 4872 2687 4939 positus
2747 4871 2886 4940 parti
2941 4871 3213 4938 corporis,
3256 4888 3375 4941 quae
3419 4875 3551 4927 male
3581 4890 3637 4927 se
3673 4876 3929 4929 habebat.
3992 4877 4043 4927 Et

2486 4963 2609 5017 idco
2669 4978 2792 5017 eum
2864 4964 3190 5018 seminasset
3245 4966 3300 5019 in
3359 4965 3611 5035 lacrymis
3659 4965 3926 5021 ferventis
3996 4970 4040 5019 in

2485 5056 2650 5108 Deum
2712 5054 2859 5121 fidei,
2907 5057 3133 5110 messuit
3191 5056 3602 5111 exsultationem
3639 5060 3946 5110 curationis
3987 5061 4041 5108 “.

2482 5147 2599 5201 Non
2633 5149 2818 5215 paucis
2844 5163 3057 5216 quoque
3096 5147 3214 5201 aliis
3262 5149 3398 5202 male
3451 5149 3683 5211 allectis,
3744 5151 3840 5213 qui
3897 5149 4045 5211 longe

2484 5238 2727 5303 aberant,
2766 5240 2867 5292 tidc
2926 5248 3243 5292 autemnon
3279 5250 3430 5295 erant
3484 5241 3662 5311 longe,
3716 5240 3813 5294 hic
3874 5243 4043 5309 pulvis

2486 5327 2551 5381 ad
2587 5343 2679 5381 eos
2708 5328 2924 5393 allatus,
2960 5334 3103 5384 visus
3155 5340 3237 5384 est
3302 5343 3486 5401 aptum
3545 5332 3599 5384 in
3662 5332 3816 5386 omni
3861 5335 4045 5385 inorbo

2490 5417 2961 5480 medicamentum,
2995 5428 3048 5471 et
3074 5418 3215 5487 quod
3248 5420 3431 5471 multis
3457 5434 3671 5486 quoque
3693 5418 3815 5471 aliis
3878 5420 4045 5471 modis

2487 5518 2601 5561 erat
2632 5510 3105 5578 jucundissimum.
3132 5511 3264 5563 Nam
3291 5526 3409 5565 cum
3474 5527 3562 5577 eo,
3626 5512 3771 5580 quod
3830 5512 4047 5566 curabat

2489 5601 2811 5669 certissime,
2892 5603 3123 5657 habebat
3177 5604 3336 5657 etiam
3400 5602 3761 5671 celeritatem,
3824 5615 3877 5660 et
3932 5619 4046 5658 cum
