4170 6322
154 391 259 459 493

1437 398 1612 457 VITA
1653 397 1712 457 S.
1748 396 2146 458 EUDOCIMI.

3302 395 3407 459 4.94

152 512 451 575 celeritate,
489 511 748 567 molestiae
782 514 1127 581 vacuitatem,
1156 524 1209 568 et
1267 530 1390 568 cum
1463 514 1725 569 molestiae
1756 523 1798 576 Α
1830 514 2402 577 rationem,‘ipsorum,
2443 512 2682 580 inquam,
2722 510 3077 581 malignorum
3116 512 3407 581 spirituum

154 607 444 667 vacuitate,
502 608 646 674 quod
672 608 817 661 nulla
843 608 1194 663 eratomnino
1214 607 1469 662 solvenda
1490 624 1723 675 merces,

148 707 202 750 et
241 697 375 749 nihil
417 696 632 766 penitus
663 699 848 753 damni
883 700 1275 769 accipiebatur.
1354 701 1581 755 Deﬁciet
1638 715 1727 755 me

152 791 365 857 tempus
411 799 464 844 et
494 792 687 855 oratio,
729 792 1064 862 defeetaeque
1103 802 1266 847 erunt
1328 810 1522 847 manus
1596 796 1728 848 scri-

146 882 354 948 ptionis
412 884 558 952 operi
619 886 941 943 servientes.
1033 886 1079 941 si
1143 887 1476 941 voluerimus
1548 888 1727 940 omnia

149 973 645 1042 comprehendere,
709 992 828 1043 qua:
892 986 946 1030 et
1023 978 1177 1047 prius
1260 977 1370 1043 ille,
1471 978 1561 1033 ubi
1628 977 1729 1031 fuit

144 1067 414 1132 sepultus,
451 1074 505 1118 et
539 1080 681 1121 nunc
715 1068 822 1122 huc
852 1084 1076 1140 quoque
1110 1068 1426 1133 translatus,
1462 1070 1591 1125 facit
1626 1072 1726 1124 mi-

144 1157 353 1212 raeula.

217 1247 285 1301 Χ,
324 1246 591 1313 Quoniam
624 1264 806 1307 autem
843 1255 1221 1309 translationis
1248 1254 1499 1308 meminit
1526 1255 1723 1318 oratio,

139 1338 210 1389 de
286 1353 346 1392 ea
402 1357 620 1410 quoque
690 1344 1032 1397 tractandum
1103 1352 1206 1410 est,
1266 1346 1725 1414 quemadmodum

138 1430 283 1482 facta
317 1432 387 1485 sit
422 1443 472 1487 et
514 1450 760 1503 quamam
797 1436 1165 1501 fueritcausa,
1212 1439 1357 1506 quod
1398 1439 1541 1492 illius
1608 1456 1729 1494 cor-

139 1538 245 1589 pus
265 1525 537 1594 sepultum
566 1528 619 1581 in
645 1528 839 1583 finibus
864 1529 1171 1594 Charsiani,
1192 1531 1261 1585 sit
1287 1533 1338 1585 iu
1359 1533 1504 1585 hanc
1522 1533 1725 1602 regiam

136 1619 463 1673 translatum
492 1621 787 1678 civitatem.
824 1624 1016 1695 Magna
1058 1634 1113 1678 et
1164 1628 1317 1680 velox
1381 1642 1500 1693 ejus
1565 1628 1727 1679 mira-

137 1712 392 1765 culorum
442 1713 585 1767 fama
645 1716 699 1768 in
774 1732 969 1772 omnes
1024 1726 1208 1786 partes
1262 1718 1614 1786 pervadebat,
1670 1728 1726 1772 et

131 1803 400 1870 implebat
428 1819 585 1859 aures
608 1808 889 1862 omnium:
927 1817 1193 1861 ernatura
1230 1808 1447 1877 quidem
1512 1809 1591 1863 sic
1628 1809 1721 1861 ha-

140 1894 332 1959 bebat,
358 1910 503 1949 nunc
529 1907 710 1951 autem
748 1897 989 1953 velocior
1019 1915 1236 1970 quoque
1268 1900 1412 1955 facta
1446 1911 1531 1956 est
1595 1918 1723 1972 pro-

133 1994 263 2057 pter
294 1988 368 2042 rei
400 1989 723 2044 novitatem.
755 1989 859 2046 Ubi
892 1992 1039 2048 enim
1097 1994 1399 2063 speraverit
1429 1993 1722 2065 quispiam,

133 2082 424 2137 hominem
460 2084 514 2138 in
540 2087 743 2141 mundo
782 2089 1083 2152 viventem,
1117 2099 1171 2143 et
1201 2091 1291 2159 qui
1353 2091 1537 2159 populi
1604 2107 1725 2146 sus-

134 2186 367 2244 ceperat
413 2177 970 2242 administrationem,
1033 2189 1087 2232 et
1136 2179 1228 2249 qui
1296 2181 1523 2250 singulis
1573 2182 1724 2235 horis

133 2268 310 2319 tantis
336 2267 642 2334 agitabatur
671 2267 949 2331 fluctibus,
985 2284 1146 2338 posse
1181 2285 1277 2339 per
1309 2285 1368 2325 se
1411 2272 1720 2340 quiescere,

130 2367 191 2410 et
267 2358 585 2412 interiorem
648 2361 925 2416 hominem
994 2362 1195 2418 habere
1254 2362 1405 2417 nulla
1471 2373 1723 2419 vexatum

126 2450 414 2513 molestia,
452 2450 761 2521 illaesosque
785 2463 837 2507 et
869 2453 1193 2508 manifestos
1226 2454 1278 2507 in
1311 2469 1369 2508 se
1396 2469 1725 2510 conservare

126 2552 298 2613 typos
330 2544 421 2596 Dei
454 2545 750 2607 memoria},
783 2554 837 2598 ct
904 2547 1024 2612 ejus
1083 2555 1227 2599 metu
1290 2561 1383 2599 cor
1448 2550 1724 2602 custodire

124 2637 403 2687 munitum
447 2636 515 2687 ab
573 2636 826 2688 omnibus
899 2636 1208 2691 sordibus?
1268 2636 1401 2690 Nam
1464 2638 1719 2707 pietatem

124 2726 360 2791 quidem
391 2740 668 2791 exercere,
703 2735 759 2781 et
788 2729 1041 2797 amplecti
1073 2729 1439 2791 honestatem,
1475 2730 1725 2785 virtutis-

124 2832 240 2885 que
274 2818 671 2889 aliquantisper
727 2830 782 2876 et
832 2822 925 2875 Dei
984 2822 1297 2877 meminisse
1324 2823 1722 2889 mandatorum,

125 2915 182 2963 in
214 2912 403 2966 multis
434 2912 665 2966 fortasse
720 2913 969 2967 invenies
1031 2931 1095 2968 ex
1159 2915 1225 2969 iis
1282 2917 1467 2980 etiam,
1519 2918 1611 2987 qui
1669 2918 1721 2970 in

124 3004 347 3057 mundo
377 3006 585 3057 vivunt.
625 3004 745 3057 Non
788 3005 931 3058 enim
991 3021 1083 3059 eos
1114 3008 1337 3061 omnino
1368 3010 1568 3062 virtute
1619 3026 1724 3063 nu-

121 3095 414 3156 dabimus,
447 3104 501 3147 et
538 3104 792 3164 tanquam
844 3097 1118 3167 prepriam
1170 3100 1574 3167 possessionem
1643 3102 1723 3155 eis

122 3186 267 3238 solis
314 3186 641 3249 tribuemus,
674 3188 766 3257 qui
807 3197 987 3243 suuta
1041 3192 1244 3245 mundo
1304 3192 1561 3261 Separati.
1616 3192 1724 3248 Sed

119 3279 195 3331 ad
244 3287 454 3331 tantam
482 3279 904 3349 impatibilitatis
940 3292 994 3336 et
1017 3283 1232 3337 virtutis
1296 3300 1416 3339 esse
1472 3294 1722 3341 evectum

118 3370 509 3434 altitudinem,
539 3382 598 3423 ut
638 3382 1008 3443 consequatur
1037 3376 1158 3443 quis
1185 3376 1412 3447 gratiam
1452 3387 1505 3432 et
1537 3379 1723 3449 splen-

114 3461 325 3513 dorem
361 3460 775 3526 miraculorum,
812 3463 864 3516 id
894 3478 1084 3518 eorum
1122 3467 1296 3519 solum
1336 3467 1564 3527 dixeris.
1626 3471 1722 3537 qui

120 3555 346 3606 mundo
404 3564 456 3606 et
508 3554 801 3605 mundanis
852 3556 1106 3611 omnibus
1175 3558 1401 3610 multam
1481 3561 1715 3614 salutem

114 3650 417 3707 dixerunt,
456 3654 515 3697 et
546 3645 871 3701 solitudines
896 3649 1068 3719 magis
1115 3663 1277 3718 quam
1342 3650 1610 3719 civitates,
1664 3662 1720 3707 et

113 3741 370 3803 deserta,
403 3748 454 3791 et
483 3737 641 3807 longe
692 3755 809 3796 esse
840 3753 1106 3796 remotum
1140 3747 1206 3797 ab
1264 3744 1452 3799 amicis
1508 3756 1725 3816 propter

114 3830 417 3883 Christum
449 3841 577 3883 sunt
606 3832 862 3900 amplexi,
890 3848 1193 3902 eorumque
1241 3850 1548 3904 paucorum
1587 3856 1599 3891 :
1645 3838 1721 3889 si-

112 3923 356 3991 quidem
428 3937 723 3991 paucorum
755 3927 1007 3977 novimus
1039 3940 1154 3977 eam
1180 3941 1298 3993 qua:
1325 3936 1409 3980 est
1443 3942 1539 3995 pro
1593 3928 1723 3981 viri-

114 4014 255 4068 bus.
294 4012 715 4080 perfectionem.

202 4102 306 4157 ΧΙ.
329 4102 465 4156 Cum
490 4104 717 4175 sicergo
736 4105 880 4160 fama
900 4108 1014 4177 ejus
1047 4108 1235 4164 mortis
1254 4117 1308 4165 et
1335 4110 1718 4167 miraculorum

112 4204 273 4250 esset
307 4196 575 4265 dispersa,
604 4198 725 4268 ejus
763 4209 1018 4269 parentes
1060 4201 1165 4273 (eis
1210 4205 1356 4259 enim
1399 4206 1579 4259 adhuc
1635 4205 1723 4258 vi-

113 4290 398 4346 ventibus
422 4301 500 4344 est
536 4296 830 4362 mortuus)
864 4304 919 4351 et
949 4296 1183 4351 maxime
1211 4307 1404 4361 mater,
1430 4313 1552 4366 qua:
1605 4312 1722 4352 ma-

114 4387 283 4440 ximo
316 4394 374 4438 et
413 4386 830 4453 germanissimo
862 4404 1071 4451 amore,
1104 4399 1164 4443 ut
1201 4390 1340 4445 filios
1380 4390 1562 4444 solent
1609 4407 1721 4445 ma-

118 4490 272 4542 tres,
304 4491 431 4530 eum
458 4478 919 4547 prosequebatur,
953 4496 1208 4550 maguum
1240 4481 1415 4550 ignem
1449 4482 1721 4537 habebant

1836 604 2258 672 morborumque
2316 612 2369 657 et
2402 601 2776 666 afl‘ectionum,
2809 610 2866 655 nt
2901 601 2991 670 qui
3048 602 3275 671 perinde
3342 619 3405 657 ac

1832 698 1876 751 si
1912 697 2224 750 horribilem
2265 707 2550 759 terrorem,
2610 707 2663 749 et
2708 696 2969 749 accedere
3014 710 3124 749 non
3180 695 3404 765 permit-

1832 798 2056 853 tentem,
2091 790 2167 843 eis
2198 789 2425 842 incutiat
2480 790 2815 857 sepulcrum,
2850 804 2957 840 non
3014 787 3225 857 possint
3274 804 3402 857 per-

1833 899 2081 936 manere:
2125 883 2210 936 vel
2239 883 2418 951 potius
2452 892 2508 936 ut
2557 883 2744 936 hostes
2798 881 3017 951 quidam
3069 893 3121 935 et
3165 881 3402 946 inimici,

1834 973 1923 1040 qui
1982 971 2138 1027 fortis
2196 973 2544 1042 imperatoris
2604 989 2674 1026 ne
2722 973 2936 1042 possint
2984 972 3204 1041 quidem
3258 974 3405 1027 ferre

1829 1074 2206 1132 conspectum,
2241 1066 2334 1119 sed
2393 1080 2485 1119 eos
2520 1080 2657 1133 quos
2689 1075 2975 1134 ceperunt,
3008 1065 3190 1119 statim
3225 1067 3411 1121 dimit-

1833 1165 1965 1218 tant,
2000 1165 2054 1211 et
2089 1157 2139 1209 in
2162 1156 2337 1227 fugam
2368 1171 2424 1210 se
2452 1156 2747 1225 conjiciant
2780 1174 2793 1223 ;
2829 1157 2941 1210 lucc
2965 1171 3090 1209 cum
3126 1157 3214 1211 illa
3246 1158 3412 1212 \‘idiSe

1834 1255 1937 1306 set,
2008 1256 2061 1299 et
2110 1248 2365 1315 sepulcro
2410 1246 2606 1301 fuisset
2647 1247 3003 1311 circumfusa,
3052 1248 3296 1315 jucunde
3352 1259 3408 1303 et

1830 1347 2112 1391 etcanore
2147 1339 2401 1404 deﬂebat,
2452 1339 2647 1408 partim
2710 1338 2929 1408 quidem
2980 1341 3149 1394 filium
3220 1341 3408 1412 lugens

1832 1438 1892 1483 ut
1922 1441 2217 1496 mortuum,
2250 1431 2445 1500 partim
2478 1440 2663 1486 autem
2715 1442 2775 1488 ut
2820 1449 2883 1487 ex
2946 1435 3055 1487 Deo
3112 1434 3403 1503 viventem,

1830 1530 1885 1575 ct
1920 1523 2083 1576 tantis
2121 1522 2400 1592 dignatum
2433 1524 2711 1577 miraculis
2740 1525 3019 1579 admirans
3047 1565 3061 1590 ,
3088 1534 3143 1579 et
3205 1538 3262 1580 ut
3287 1542 3410 1596 qua:

1832 1614 1945 1682 ipsa
1978 1630 2194 1684 quoque
2218 1616 2390 1687 gratia
2412 1624 2466 1670 et
2493 1616 2663 1687 gloria
2699 1616 2992 1684 frueretur,
3024 1626 3077 1672 et
3098 1633 3163 1673 eo
3187 1620 3409 1676 nomine

1832 1704 2175 1774 gloriaretur.

1901 1795 2014 1850 ΧΙΙ.
2048 1797 2173 1863 Fili,
2232 1816 2365 1855 voce
2417 1801 2629 1857 diccbat
2662 1801 2874 1868 altiore,
2930 1802 3024 1865 fili,
3082 1802 3169 1856 lux
3206 1811 3409 1858 attenta

1829 1904 2073 1943 meorum
2099 1892 2404 1956 oculorum,
2435 1894 2528 1959 fili,
2556 1910 2815 1950 arcanum
2851 1896 3123 1964 quoddam
3146 1895 3410 1950 etineﬂ'a-e

1829 1982 1936 2038 bile
1971 1984 2173 2039 bonum
2204 1988 2525 2056 parentibus
2560 2006 2575 2042 :
2607 1988 2883 2044 undenam
2928 1990 3023 2044 tibi
3091 1990 3208 2044 haec
3261 1990 3409 2047 clara

1828 2084 1883 2129 et
1916 2093 2109 2148 magna
2133 2079 2221 2133 lux
2242 2080 2586 2138 curationum
2622 2081 2642 2133 ?
2674 2079 2959 2137 Undenam
2993 2083 3211 2151 copiosa
3257 2083 3413 2137 fluxit

1828 2171 1996 2238 gratia
2033 2173 2271 2241 Spiritus
2299 2175 2322 2226 ?
2358 2177 2438 2227 An
2460 2184 2588 2227 sunt
2620 2175 2732 2228 lucc
2757 2176 2982 2229 omnino
3007 2177 3108 2245 piae
3146 2177 3268 2230 vita:
3320 2194 3408 2229 re-

1830 2264 2163 2329 muneratio,
2239 2274 2293 2318 ct
2330 2266 2672 2320 occultorum
2729 2267 3031 2322 laborum?
3087 2271 3168 2322 An
3228 2271 3412 2340 potius

1840 2368 1950 2406 non
1971 2354 2147 2408 solum
2175 2357 2573 2420 remuneratio,
2630 2359 2724 2411 sed
2768 2358 2927 2411 arrha
2973 2367 3034 2413 et
3086 2360 3408 2428 prooemium

1829 2446 2119 2511 bonorum,
2153 2465 2272 2518 quae
2308 2454 2357 2505 te
2389 2460 2511 2518 post
2547 2451 2661 2505 hzee
2690 2462 2916 2506 manent
2949 2453 2969 2505 ?
3011 2450 3141 2506 Sum
3171 2468 3272 2520 ego
3327 2470 3411 2508 re—

1829 2554 1953 2591 vera
1982 2540 2137 2594 beata
2178 2543 2321 2595 inter
2366 2555 2589 2608 matres,
2649 2561 2769 2612 qua:
2817 2546 2977 2614 digna
3016 2561 3133 2599 sum
3198 2547 3405 2617 habita,

1826 2646 1945 2697 quae
1976 2646 2152 2686 essem
2192 2643 2246 2687 et
2278 2649 2504 2688 vocarer
2565 2645 2735 2688 mater
2778 2636 2899 2689 talis
2970 2637 3082 2690 filii.
3149 2636 3262 2691 Non
3312 2640 3405 2693 tibi

1828 2723 2059 2792 amplius
2087 2734 2317 2780 contexo
2350 2728 2771 2783 lamentationes
2810 2738 3092 2783 maternas
3145 2739 3406 2799 tanquam

1828 2814 1959 2882 ﬁlio,
1994 2818 2087 2873 sed
2123 2830 2376 2888 tanquam
2416 2823 2508 2875 Dei
2544 2824 2726 2876 amico
2749 2821 2980 2892 hymnos
3000 2838 3138 2877 cano
3191 2825 3411 2892 spirita~

1829 2910 1928 2963 les.
1963 2907 2080 2963 Non
2118 2913 2351 2980 amplius
2388 2922 2438 2966 te
2467 2929 2599 2967 voco
2629 2915 2821 2979 filium,
2852 2926 2906 2968 et
2931 2916 3168 2969 fructum
3208 2918 3413 2975 ventris

1830 3003 1957 3065 mei,
1980 3003 2071 3057 sed
2103 3003 2269 3057 filium
2304 3003 2397 3056 Dei
2433 3020 2529 3073 per
2553 3005 2805 3075 gratiam,
2841 3021 2949 3057 non
3001 3021 3065 3058 ex
3115 3008 3400 3075 sanguini-

1827 3096 1950 3160 bus,
1981 3111 2083 3150 nec
2117 3112 2179 3149 ex
2233 3098 2513 3151 voluntate
2571 3098 2779 3160 carnis,
2834 3098 2927 3151 sed
2977 3113 3165 3152 revera
3224 3108 3410 3153 natum

1752 3225 1793 3281 ϐ
1831 3203 1895 3240 ex
1921 3188 2030 3241 Deo
2063 3189 2127 3240 ".
2174 3190 2346 3251 Quem
2405 3203 2530 3242 cum
2574 3189 2688 3256 ipsa
2746 3190 3025 3257 genuerim
3097 3190 3410 3253 carnaliter,

1827 3279 1895 3333 ab
1939 3280 2054 3347 ipso
2107 3294 2301 3332 rursus
2364 3280 2603 3333 vicissim
2637 3294 2867 3349 generor
2901 3281 3240 3351 spiritaliter.
3299 3282 3411 3341 Nec

1826 3371 2090 3426 erubesco
2117 3388 2240 3427 eum
2276 3387 2471 3426 vocare
2520 3382 2749 3442 patrem,
2820 3373 2977 3444 cujus
3036 3391 3199 3429 verus
3256 3388 3411 3447 pater

1827 3472 1910 3518 est
1939 3465 2025 3517 ille
2059 3465 2296 3519 cmlestis
2327 3483 2339 3519 :
2368 3467 2581 3535 cognati
2614 3477 2817 3529 autem,
2846 3467 3018 3537 angeli
3076 3476 3133 3521 et
3189 3480 3406 3525 sancto-

1826 3569 1948 3607 rum
1985 3555 2228 3609 omnium
2257 3554 2431 3619 chori,
2475 3556 2742 3608 bonorum
2777 3570 3005 3624 operum
3067 3560 3410 3614 communio-

1826 3657 1917 3707 ne,
1954 3653 2008 3697 et
2055 3646 2363 3713 aequalitate
2404 3645 2882 3699 remunerationis.
2911 3644 3112 3699 Curam
3156 3663 3281 3715 gere
3310 3666 3409 3719 pa-

1828 3745 2069 3795 rentum,
2112 3735 2313 3804 quibus
2344 3746 2427 3789 est
2454 3738 2673 3805 gravius
2712 3738 2785 3791 tui
2834 3738 3192 3807 desiderium,
3248 3755 3406 3811 quam

1826 3836 2098 3882 senectus.
2136 3826 2321 3897 Atqui,
2352 3843 2385 3882 o
2418 3827 2758 3891 eharissime,
2785 3830 3015 3899 pulchre
3040 3834 3244 3887 carnali
3307 3843 3411 3889 tua

1826 3921 1986 3973 matri
2015 3920 2217 3974 referes
2243 3921 2472 3991 gratiam
2504 3937 2599 3989 pro
2629 3922 2772 3977 datis
2817 3923 3110 3989 alimentis,
3146 3926 3191 3980 si
3246 3927 3410 3997 spiri-

1824 4012 1916 4067 tali
1973 4022 2066 4066 tuo
2131 4012 2278 4067 Patri
2349 4013 2457 4067 tuis
2511 4012 2992 4071 intercessionibus
3040 4031 3160 4072 eam
3216 4019 3413 4075 reddas

1826 4104 2172 4159 familiarem.
2232 4105 2470 4160 Pulchre
2550 4123 2769 4178 quoque
2826 4112 2968 4177 patri
3046 4120 3138 4164 tuo
3206 4113 3412 4168 referes

1824 4200 2070 4268 gratiam,
2093 4198 2234 4268 quod
2269 4208 2319 4254 te
2345 4199 2413 4254 ad
2449 4200 2575 4266 hoc,
2608 4214 2859 4266 utesses,
2898 4202 3234 4272 produxerit,
3265 4208 3308 4258 si
3342 4209 3409 4263 ad

1823 4291 1944 4359 ejus
1998 4291 2298 4346 senectutis
2369 4302 2425 4346 et
2490 4293 2881 4347 imbecillitatis
2960 4296 3201 4364 requiem
3259 4298 3413 4354 sinus

1826 4383 2061 4437 Abraha:
2091 4384 2342 4452 petieris.
2388 4382 2514 4437 Hme
2571 4400 2716 4438 nunc
2750 4386 2819 4439 ad
2878 4396 2930 4440 te
2986 4389 3327 4445 contendunt
3357 4402 3410 4446 et

1826 4475 1995 4544 patris
2025 4475 2276 4539 canities,
2314 4484 2369 4530 et
2400 4477 2655 4531 matrisin
2678 4488 2835 4546 partu
2855 4477 3092 4545 dolores,
3114 4488 3170 4533 et
3221 4481 3408 4539 ubera.

116 4572 182 4625 in
227 4568 558 4635 visceribus,
594 4570 757 4625 simul
785 4572 1003 4641 quidem
1036 4582 1089 4626 et
1120 4574 1368 4627 utfilium
1402 4573 1720 4629 desideran-

1828 4583 1945 4637 quze
1976 4577 2056 4633 tu,
2088 4569 2179 4637 qui
2212 4585 2269 4623 es
2292 4570 2518 4623 omniex
2550 4579 2703 4639 parte
2726 4571 3254 4639 perfectus,suxisti,
3286 4588 3414 4629 cum

117 4674 238 4726 tes,
266 4668 323 4715 et
357 4659 643 4728 cupientes
669 4661 911 4731 conspici
947 4673 1205 4732 parentes
1247 4664 1391 4732 ejus,
1452 4663 1543 4732 qui
1590 4665 1726 4720 adeo

118 4756 321 4808 clarus
360 4759 479 4807 erat
508 4751 811 4808 miraculis.
842 4752 1012 4808 Mater
1032 4771 1161 4824 ergo
1195 4771 1304 4809 non
1360 4755 1544 4810 ferens
1604 4774 1726 4812 cor-

115 4851 217 4905 dis
246 4851 545 4918 impetum,
573 4846 855 4912 arbitrata,
888 4864 1010 4903 esse
1040 4851 1168 4918 quid
1201 4865 1427 4920 parvum
1468 4862 1522 4904 et
1564 4852 1718 4905 nihili

117 4942 478 5007 faciendum,
513 4952 568 4996 et
608 4956 712 4995 non
750 4944 884 4998 satis
917 4945 1126 4998 firmam
1154 4946 1256 5015 pim
1289 4945 1449 4998 matri
1486 4961 1720 5001 excusa-

121 5037 351 5090 tionem
378 5033 477 5088 via:
512 5033 908 5101 longitudinem
947 5046 1002 5089 et
1035 5037 1337 5091 senectutis
1380 5037 1725 5093 imbecillita-

121 5136 271 5189 tem,
328 5127 521 5179 horum
599 5126 844 5179 omnium
921 5128 1125 5183 nullam
1200 5129 1408 5186 ducens
1434 5132 1724 5199 rationem,

123 5215 388 5292 profecta
421 5216 677 5288 Byzantio
710 5217 776 5272 ad
817 5218 893 5281 id,
941 5220 1084 5288 quod
1126 5220 1237 5290 jam
1304 5224 1454 5290 prius
1472 5223 1729 5288 diximus,

121 5306 506 5367 Charsianum
556 5308 865 5363 incredibili
903 5311 1150 5378 pervenit
1181 5310 1481 5366 celeritate.
1530 5312 1733 5371 Deinde

123 5417 262 5460 cum
302 5402 607 5467 aspexisset
652 5417 842 5456 eorum
880 5402 1306 5471 multitudinem,
1351 5404 1443 5474 qui
1507 5405 1724 5463 assidue

123 5489 569 5550 acccdebantad
598 5493 935 5563 sepulcrum,
978 5505 1033 5549 et
1087 5495 1314 5559 donum,
1371 5498 1513 5566 quod
1577 5514 1725 5553 asse-

123 5586 476 5656 quebantur,
514 5584 604 5649 qui
642 5586 831 5639 multis
861 5596 915 5638 et
952 5588 1117 5641 variis
1144 5587 1466 5643 laborabant
1519 5591 1727 5645 morbis

125 5687 187 5732 et
214 5673 628 5737 affectionibus,
658 5685 712 5729 et
733 5693 893 5746 quam
921 5678 1153 5734 celerem
1178 5680 1730 5750 adipiscebanturcu-

246 5859 475 5915 “Joan.
500 5875 541 5922 ι,
568 5859 656 5914 15.

1833 4674 1989 4715 esses
2017 4660 2197 4714 adhuc
2221 4658 2421 4715 infans.
2456 4659 2656 4714 Curam
2685 4675 2813 4729 gere
2838 4670 3150 4729 parentum,
3221 4678 3411 4719 curam

1830 4767 1955 4822 gere
1984 4763 2363 4824 cognatorum.
2391 4752 2720 4815 Laetabitur,
2751 4762 2835 4808 sat
2868 4755 3002 4817 scio,
3027 4756 3193 4821 Deus,
3251 4773 3412 4826 quem

1830 4855 1885 4900 tu
1918 4846 2295 4901 honorandum
2330 4847 2608 4902 censesiu
2672 4848 3011 4919 parentibus,
3063 4864 3200 4917 quos
3258 4852 3416 4921 jubet

1828 4939 1974 4993 illius
2012 4948 2344 5010 praeceptum
2379 4940 2671 5004 honorare,
2706 4948 2897 5011 utpote
2920 4940 3069 5011 quod
3117 4955 3215 5010 per
3263 4941 3415 5011 ipsos

1829 5031 2005 5088 honor
2040 5032 2107 5087 ad
2151 5031 2303 5086 illum
2350 5031 2579 5087 feratur.
2624 5031 2757 5086 Nam
2803 5042 2858 5086 et
2909 5032 3119 5103 primus
3169 5036 3414 5090 omnium

1831 5133 1916 5180 est
1954 5132 2131 5195 pater,
2165 5134 2218 5180 et
2248 5124 2449 5196 opifex,
2483 5134 2541 5180 et
2568 5140 2755 5192 causa,
2796 5135 2855 5180 ut
2878 5125 2945 5180 ad
2998 5128 3125 5194 hoc,
3183 5135 3243 5182 ut
3279 5128 3414 5189 sint,

1833 5217 2226 5286 producantur.

1902 5309 2045 5365 XIII.
2084 5308 2209 5363 Hinc
2233 5308 2389 5374 dixit,
2420 5319 2477 5365 et
2498 5310 2653 5381 jubet
2682 5312 2793 5367 tolli
2823 5312 3085 5382 lapidem,
3119 5322 3173 5367 et
3199 5328 3413 5382 capsam

1842 5404 1984 5458 trahi
2010 5412 2160 5457 extra
2190 5409 2629 5458 munumentum.
2676 5403 2836 5470 Quod
2859 5421 2983 5460 cum
3014 5405 3214 5458 factum
3248 5419 3413 5470 esset,

1838 5499 1930 5553 ubi
1969 5512 2031 5552 ea
2059 5496 2304 5567 iubente,
2336 5506 2558 5564 apertus
2610 5506 2695 5551 est
2720 5499 2950 5561 loculus,
2978 5498 3224 5553 cernitur
3258 5500 3422 5553 mira—

1838 5589 2044 5653 culum,
2080 5598 2134 5643 et
2155 5588 2223 5642 ad
2259 5587 2553 5642 videndum
2587 5588 3012 5657 divinissimum,
3042 5600 3098 5645 et
3124 5590 3189 5645 ad
3224 5591 3413 5647 dicen-

1841 5686 1969 5737 dum
1997 5681 2484 5753 jucundissimum,
2521 5692 2574 5739 et
2605 5684 2672 5740 ad
2702 5702 2788 5749 ea,
2838 5701 2957 5754 qua:
2999 5692 3416 5758 praecesserant,
