4170 6322
805 362 910 424 495

2122 364 2402 426 MENSIS
2441 367 2735 430 JULIUS.
3959 369 4045 432 496

802 477 1172 560 conﬁrmanda
1205 477 1615 535 validissimum.
1641 479 1836 534 Decem
1880 487 1933 533 et
1981 487 2103 534 octo
2139 493 2374 532 menses
2411 489 2452 541 Α
2485 479 2870 534 miraculorum
2902 481 3036 536 tales
3093 482 3337 537 ostendit
3368 483 3550 537 radios
3577 483 3598 536 ?
3645 483 3724 537 Ex
3754 466 3807 536 te
3832 482 4044 550 pulcher

802 574 1178 642 praterierant
1198 581 1318 642 post
1345 581 1598 639 mortem,
1623 574 1783 643 etqui
1813 581 1890 627 tot
1929 581 2056 625 ante
2093 571 2211 626 dies
2257 579 2375 625 erat

802 680 1071 733 mortuus,
1097 666 1301 722 nullum
1326 665 1519 721 habuit
1551 666 1788 736 signum,
1818 680 1927 720 non
1976 665 2223 735 corporis
2273 663 2377 718 ﬂu-

802 760 1040 826 xionem,
1064 775 1168 815 non
1184 758 1521 830 compaginis
1538 757 1890 824 solutionem,
1908 771 2016 812 non
2034 757 2216 812 carnis
2236 771 2368 812 con-

801 853 1190 922 sumptionem,
1212 866 1318 905 non
1355 850 1654 919 nigrorem,
1676 864 1784 903 non
1814 848 2021 914 aliquid
2046 849 2190 919 quod
2224 859 2373 903 esset

799 944 1108 1006 evanidum,
1143 941 1402 1011 autquod
1458 941 1833 1005 emarcuisset,
1901 951 1956 995 et
2014 949 2159 995 esset
2198 941 2369 1009 lique-

799 1037 998 1091 factum
1030 1054 1042 1090 :
1079 1036 1172 1090 sed
1211 1044 1353 1088 totus
1386 1034 1668 1090 videbatur
1719 1049 1936 1099 recens,
1971 1033 2201 1103 perinde
2236 1047 2301 1086 ac
2324 1032 2370 1086 si

798 1144 975 1199 nuper
1016 1144 1136 1183 eum
1182 1127 1492 1194 reliquisset
1521 1128 1724 1180 anima.
1755 1125 2160 1196 Propemodum
2217 1124 2367 1178 vide-

799 1224 994 1278 bantur
1024 1236 1145 1276 esse
1177 1220 1418 1274 membra
1451 1233 1570 1274 cum
1599 1228 1770 1284 motu,
1801 1233 1953 1289 genae
1977 1233 2100 1272 cum
2148 1217 2367 1282 rubore,

795 1316 947 1370 labra
971 1329 1093 1369 cum
1122 1312 1273 1377 ﬂore,
1312 1327 1374 1366 os
1403 1327 1528 1368 cum
1569 1310 1841 1364 anhelitu.
1869 1309 2277 1372 Existimasses,
2315 1311 2369 1362 te

797 1423 925 1463 cum
983 1407 1207 1461 omnino
1261 1403 1445 1458 videre
1500 1418 1611 1457 non
1669 1410 1968 1466 mortuum,
2028 1401 2124 1456 sed
2193 1399 2372 1470 potius

796 1498 1181 1562 dormientem,
1206 1504 1299 1549 aut
1328 1495 1564 1564 seipsum
1595 1493 1959 1563 colligentem,
1986 1502 2040 1548 et
2060 1493 2372 1563 diligentius

797 1591 995 1661 aliquid
1031 1590 1401 1644 meditantem.
1433 1587 1601 1641 Porro
1637 1585 2201 1655 autemipsaetunicze,
2240 1583 2371 1654 ips-.c

795 1695 971 1738 vestes
1000 1683 1247 1755 stragula:
1284 1681 1419 1735 adeo
1471 1689 1628 1734 erant
1675 1681 1901 1748 integrae
1936 1686 1991 1731 et
2049 1676 2247 1741 illaesa,
2312 1688 2368 1730 et

798 1777 943 1830 nullo
974 1777 1302 1830 detrimento
1349 1770 1553 1825 affecta:
1601 1771 1764 1842 (quod
1820 1768 2015 1824 attinet
2062 1767 2130 1822 ad
2185 1769 2368 1836 sepul-

2485 571 2702 641 quidem
2728 573 3051 642 germinavit
3091 576 3320 644 palmes,
3348 576 3442 630 sed
3471 577 3609 643 apud
3657 592 3757 630 nos
3800 578 4042 645 produxit

2484 663 2670 718 botros
2696 663 3106 730 miraculorum,
3140 675 3195 720 et
3219 666 3268 720 ei
3292 667 3514 734 placuit,
3542 678 3598 721 ut
3626 683 3726 722 nos
3751 671 4042 721 frueremur

2485 763 2664 808 musto
2729 753 3025 824 gratiarum
3087 765 3140 809 et
3180 757 3548 810 curationum.
3604 758 3727 810 Non
3765 768 3886 810 erat
3947 758 4043 812 Deo

2483 843 2719 908 dillieile,
2739 846 2783 899 si
2805 845 2944 900 unde
2962 847 3244 915 processit,
3271 864 3390 902 eum
3417 848 3678 902 voluisset
3712 849 3842 903 illuc
3873 865 4043 903 rursus

2483 936 2779 992 divertere.
2811 937 2886 990 Ne
2923 938 3158 992 videaris
3183 955 3311 1008 ergo
3369 955 3668 1010 repugnare
3698 942 3912 1010 judicio
3963 942 4041 993 Dei

2483 1038 2536 1084 et
2568 1029 2857 1093 voluntati,
2891 1045 3071 1100 neque
3102 1031 3262 1085 nobis
3291 1031 3502 1085 divinas
3527 1034 3728 1103 gratias
3787 1035 4041 1088 invideas.

2482 1121 2557 1176 Ne
2590 1136 2691 1177 nos
2724 1120 2872 1177 fonte
2905 1123 3233 1191 privaveris,
3268 1124 3357 1192 qui
3393 1139 3500 1176 non
3542 1125 3702 1178 nobis
3754 1126 3910 1186 solis,
3962 1130 4041 1180 sed

2481 1215 2641 1268 etiam
2671 1213 3033 1266 communiter
3062 1213 3316 1267 omnibus
3348 1214 3513 1267 estad
3536 1213 3828 1267 fruendum
3861 1231 4043 1284 propo-

2481 1305 2639 1358 situs.
2691 1305 2771 1358 Ad
2829 1306 3058 1373 gloriam
3115 1304 3459 1370 libisullicit,
3515 1305 3660 1376 quod
3723 1309 3842 1375 ejus
3885 1321 4044 1361 mater

2479 1401 2819 1467 apparueris,
2864 1400 3102 1468 decujus
3132 1400 3293 1452 etiam
3347 1407 3565 1452 mortuo
3615 1413 3849 1465 corpore
3912 1409 4043 1453 tanta

2478 1501 2561 1544 est
2613 1493 2912 1548 contentio.
2987 1491 3096 1545 Nos
3154 1497 3305 1561 prius
3325 1507 3391 1544 ex
3444 1491 3545 1544 hac
3576 1490 3816 1557 expelles
3861 1493 4043 1559 patria,

2477 1599 2639 1652 quam
2667 1584 2769 1638 hoc
2803 1586 2948 1640 bono
2976 1586 3136 1640 nobis
3170 1602 3199 1641 a
3260 1584 3370 1638 Deo
3411 1585 3536 1638 dato
3584 1595 3830 1639 nostram
3877 1585 4042 1653 percS

2478 1678 2731 1748 patriam.
2776 1677 2866 1730 Illa
2900 1688 3189 1747 postquam
3231 1677 3347 1731 hinc
3382 1676 3662 1741 audiissct,
3702 1679 3886 1730 sciens
3939 1692 4042 1730 esse

2479 1765 2582 1818 sibi
2643 1765 2861 1834 aliquod
2950 1767 3253 1836 sapientius
3325 1765 3653 1834 capiendum
3740 1769 4040 1829 consilium,

797 1866 996 1937 turam)
1018 1877 1178 1935 atque
1206 1866 1247 1918 si
1273 1864 1506 1918 fuissent
1538 1863 1727 1932 positae
1766 1861 1820 1915 in
1847 1876 1990 1925 arca,
2047 1869 2101 1915 et
2128 1859 2363 1930 diligen-
2394 1847 2440 1905 Β
2472 1858 2698 1927 quievit.
2731 1857 2938 1913 Deinde
2975 1869 3157 1914 autem
3191 1859 3588 1928 cumjussisset
3620 1873 3814 1913 omnes
3855 1859 4042 1922 valere,

795 1971 876 2014 ter
904 1958 1205 2014 custoditae.
1250 1954 1343 2009 Est
1376 1955 1608 2008 mortuis
1638 1953 1961 2021 corporibus
1991 1965 2060 2004 ex
2115 1963 2176 2004 se
2233 1949 2367 2018 quid

793 2049 1147 2122 iniucundum
1177 2063 1239 2102 ac
1275 2055 1495 2099 tetrum.
1553 2045 1648 2098 Est
1685 2043 1928 2096 vestibus
1981 2055 2196 2110 quoque
2249 2055 2369 2108 quae

794 2145 953 2214 longo
985 2140 1557 2211 temporcjacuerunt,
1597 2143 1652 2189 et
1692 2134 1812 2188 aliis
1864 2131 2129 2205 ejusmodi
2195 2130 2368 2184 malus

793 2236 1012 2308 quidam
1041 2235 1196 2298 odor,
1227 2242 1282 2286 et
1307 2233 1397 2300 qui
1434 2228 1665 2285 oﬂcndit
1700 2227 2009 2285 odoratum.
2041 2225 2155 2280 lllic
2183 2233 2366 2278 autem

791 2329 927 2384 nihil
952 2326 1244 2399 ejusmodi,
1274 2327 1367 2380 sed
1401 2326 1574 2378 bonus
1605 2322 1763 2385 odor,
1799 2329 1853 2373 et
1875 2319 2074 2389 gratia,
2115 2327 2170 2371 et
2214 2317 2366 2370 delc-

792 2423 978 2487 ctatio,
1009 2429 1263 2490 tanquam
1286 2431 1396 2472 non
1434 2413 1650 2485 aliquod
1681 2412 1992 2482 sepulcrum
2020 2419 2075 2463 et
2127 2409 2362 2469 loculus,

793 2515 887 2570 sed
915 2513 1104 2568 hortus
1143 2519 1287 2565 esset
1309 2518 1552 2579 apertus.
1584 2504 1893 2558 Probantur
1918 2517 1980 2556 ea
2027 2515 2147 2572 quae
2219 2499 2365 2554 dicta

791 2619 939 2668 sunt,
975 2617 1030 2662 et
1060 2604 1204 2675 quod
1235 2615 1433 2671 corpus
1467 2607 1614 2653 esset
1645 2597 1824 2651 adhuc
1857 2595 2129 2665 integrum
2174 2603 2230 2648 et
2273 2608 2364 2647 re-

788 2713 939 2763 cens,
974 2712 1038 2752 ex
1059 2696 1165 2750 hoc
1193 2693 1339 2764 quod
1363 2690 1626 2761 sequitur.

860 2789 1000 2846 XIV.
1033 2786 1263 2854 Quidam
1300 2782 1628 2846 monachus,
1658 2780 1863 2848 .Ioseph
1905 2778 2146 2842 nomine,
2186 2790 2364 2829 sacer—

789 2888 908 2950 dos,
928 2883 1084 2952 etqui
1104 2879 1290 2952 pietati
1309 2877 1587 2939 studebat,
1615 2888 1737 2928 cum
1763 2882 1893 2925 tunc
1913 2872 2150 2936 adesset,
2175 2869 2361 2939 subje-

788 2976 891 3030 ctis
917 2970 1189 3034 manibus,
1219 2978 1273 3022 et
1299 2965 1582 3034 amplexus
1602 2971 1901 3025 mortuum,
1927 2963 2228 3016 conabatur
2254 2958 2364 3013 crio

787 3065 1035 3137 gere.llle
1054 3071 1236 3117 autem
1269 3060 1562 3115 cedebatet
1580 3050 1872 3108 videbatur
1896 3068 2111 3122 parere,
2138 3062 2191 3104 et
2215 3051 2359 3120 seip-

790 3174 910 3214 sum
965 3157 1202 3210 tradere.
1223 3153 1649 3218 Erectusitaque
1670 3145 1972 3200 luitvirille
2007 3144 2357 3208 admirabilis,

787 3246 1031 3302 articulis
1065 3252 1118 3298 et
1137 3240 1490 3311 compagibus
1517 3249 1662 3291 recte
1692 3236 1836 3290 inter
1858 3249 1982 3289 sese
2006 3233 2359 3288 habentibus.

787 3338 939 3405 Quod
971 3351 1095 3390 cum
1129 3334 1350 3388 vidisset
1381 3330 1681 3401 presbyter,
1717 3337 1772 3382 et
1811 3337 1959 3382 metu
1990 3337 2134 3381 esset
2184 3325 2363 3395 reple-

790 3443 896 3493 tus,
931 3427 1135 3496 rogavit
1181 3433 1238 3478 ut
1270 3424 1614 3493 permitteret
1645 3436 1706 3474 ea
1747 3419 1984 3480 auferre,
2017 3416 2215 3483 quibus
2247 3425 2363 3468 erat

787 3518 1032 3572 indutus.
1063 3515 1184 3583 lpsc
1218 3520 1402 3565 autem
1424 3524 1616 3564 rursus
1641 3509 1841 3579 paruit,
1869 3516 1923 3561 ct
1987 3522 2177 3559 manus
2201 3503 2364 3557 remi-

785 3612 856 3665 sit
894 3605 1216 3678 presbytero
1240 3612 1295 3659 et
1353 3601 1544 3672 pedes,
1590 3601 1736 3655 utiis
1762 3609 2010 3653 uteretur
2067 3605 2124 3649 ut
2180 3597 2358 3648 vellet.

785 3700 948 3755 Exuit
994 3713 1124 3767 ergo
1175 3710 1301 3750 eum
1351 3694 1610 3748 sacerdos
1661 3691 1872 3754 tunica,
1927 3699 1982 3744 et
2030 3703 2155 3742 eum
2186 3686 2358 3740 altera

785 3791 980 3850 induit.
1005 3792 1048 3844 Α
1079 3788 1308 3858 pedibus
1357 3799 1486 3840 vero
1522 3791 1739 3838 amovet
1766 3797 1874 3837 non
1914 3782 2086 3836 solum
2120 3783 2358 3844 calceos,

783 3888 876 3941 sed
911 3900 975 3940 ea
1003 3882 1191 3947 etiam,
1220 3895 1340 3950 quae
1384 3879 1536 3933 intus
1564 3885 1722 3934 erant
1774 3891 1838 3931 ex
1898 3877 2073 3931 serico
2104 3876 2355 3944 imposita

783 3981 1034 4052 pedibus.
1061 3977 1186 4034 lltec
1225 3990 1355 4046 ergo
1409 3976 1591 4028 omnia
1645 3983 1754 4026 tam
1788 3971 1946 4025 facile
1982 3969 2129 4034 fecit,
2154 3969 2360 4023 etcitra

786 4071 954 4126 ullum
998 4070 1261 4133 laborem,
1351 4064 1580 4134 perinde
1631 4079 1694 4118 ac
1725 4065 1768 4117 si
1830 4062 1921 4117 ille
1964 4077 2125 4132 opem
2192 4060 2362 4115 ferret

782 4163 1079 4226 sacerdoti,
1143 4169 1196 4215 et
1282 4175 1344 4216 se
1418 4158 1682 4222 traderet,
1783 4166 1841 4211 ut
1922 4171 1987 4210 eo
2073 4153 2360 4208 commode

785 4259 857 4312 uti
886 4265 1090 4326 posset.
1154 4251 1362 4306 Deinde
1427 4265 1554 4305 eum
1621 4263 1818 4303 rursus
1874 4247 2107 4301 reclinat
2161 4247 2218 4297 in
2272 4260 2357 4306 ea,

782 4367 884 4421 qua
918 4350 1069 4419 prius
1125 4355 1262 4412 erat,
1315 4344 1520 4413 figura:
1578 4341 1714 4396 adeo
1744 4351 1800 4396 ut
1857 4340 1911 4394 id
1953 4349 2124 4394 totum
2176 4337 2360 4392 divino

783 4447 986 4499 factum
1066 4440 1138 4496 sit
1215 4437 1473 4499 consilio,
1533 4434 1679 4505 quod
1731 4433 1811 4488 sic
1862 4433 2111 4503 sepultus
2171 4429 2356 4492 fuerit,

2471 1951 2693 2004 domum
2731 1954 3047 2007 revertitur.
3084 1954 3177 2007 llle
3201 1969 3330 2009 vero
3360 1954 3482 2022 pius
3533 1956 3587 2006 in
3623 1955 3816 2023 primis
3866 1965 4043 2007 mona-

2471 2045 2610 2099 chus
2638 2054 2694 2098 et
2709 2045 3069 2110 sacerdos,dc
3087 2061 3194 2114 quo
3218 2045 3366 2115 prius
3396 2047 3649 2110 diximus,
3692 2060 3819 2100 cum
3840 2059 4042 2101 reman-

2471 2139 2652 2204 sisset,
2686 2148 2741 2192 et
2769 2139 2980 2193 dierum
3067 2140 3422 2194 multitudine
3461 2156 3680 2194 omnem
3731 2141 4044 2209 expulsisset

2469 2232 2858 2302 suspicionem,
2885 2243 2939 2287 et
2967 2234 3020 2288 in
3044 2250 3107 2289 eo
3130 2235 3486 2288 custodiendo
3504 2234 3780 2288 eﬂ’ecisset
3801 2234 4041 2290 custodes

2471 2323 2841 2388 socordiores,
2901 2335 3069 2378 noctu
3118 2326 3416 2394 ingressus,
3451 2326 3698 2380 divinum
3754 2324 4042 2378 suﬂ‘uratus

2471 2422 2555 2468 est
2585 2416 2928 2481 thesaurum,
2950 2427 3003 2470 et
3035 2434 3157 2471 cum
3193 2418 3339 2471 furto
3361 2417 3590 2486 aufugit.
3643 2419 3752 2471 Sed
3784 2419 3928 2472 odor
3957 2418 4046 2470 mi-

2472 2507 2782 2563 raculorum
2820 2509 3065 2564 ostendit
3097 2520 3465 2581 unguentum,
3485 2511 3632 2581 quod
3664 2511 3968 2573 celabatur,
3999 2520 4042 2562 et

2470 2602 2788 2658 morborum
2822 2605 3035 2658 curatio
3065 2603 3167 2659 fuit
3201 2605 3331 2658 furii
3367 2604 3697 2660 accusatrix.

2539 2691 2678 2746 XVI.
2710 2693 2906 2747 Mulier
2939 2697 3084 2748 enim
3124 2701 3395 2763 quaedam,
3430 2699 3559 2752 dum
3605 2698 3652 2751 is
3675 2699 3730 2751 in
3766 2700 3854 2752 via
3882 2698 4042 2753 ferre-

2471 2793 2578 2848 tur,
2602 2793 2655 2838 et
2681 2785 2916 2854 quicum
2949 2787 3197 2842 ferebant
3245 2792 3298 2842 in
3327 2790 3586 2858 quodam,
3661 2801 3722 2844 ut
3777 2802 3865 2844 est
3926 2805 4044 2845 con-

2470 2886 2816 2939 sentaneuni,
2866 2879 3067 2933 vellent
3096 2880 3216 2935 loco
3246 2882 3589 2951 requiescere
3615 2899 3628 2936 :
3656 2882 3774 2946 illa,
3806 2883 4042 2951 inquam,

2468 2982 2591 3020 cum
2625 2983 2655 3020 a
2691 2969 2926 3040 maligno
2955 2973 3482 3042 vexareturspiritu,
3518 2976 3572 3028 in
3599 2976 3843 3029 loculum
3868 2977 4040 3035 irruit.

2468 3069 2522 3114 et
2543 3062 2780 3130 graviter
2799 3063 3013 3127 insiliit,
3046 3073 3101 3118 et
3120 3065 3288 3118 veluti
3314 3082 3343 3119 a
3369 3082 3566 3137 magno
3589 3067 3762 3121 ﬂuctu
3797 3070 3899 3123 fuit
3923 3084 4040 3122 exa-

2467 3153 2652 3219 gitata.
2718 3154 2924 3210 Deinde
2974 3171 3097 3210 cum
3185 3167 3434 3212 sanctum
3488 3162 3828 3228 turpissimis
3905 3170 4044 3214 esset

2466 3239 2726 3297 insectata
2764 3247 3084 3308 maledictis,
3127 3262 3236 3300 non
3285 3247 3375 3300 illa
3421 3249 3640 3316 quidem
3666 3253 3921 3314 omnino,
3957 3251 4040 3303 sed

2465 3335 2555 3398 qui
2591 3350 2710 3389 eam
2760 3338 3125 3403 inbabitabat,
3178 3354 3339 3407 quem
3396 3339 3778 3394 adversarium
3825 3343 4042 3407 dixeris,

2467 3431 2622 3488 fortis
2654 3432 2744 3486 ille
2777 3434 2844 3487 ab
2877 3449 2943 3487 eo
2977 3449 3276 3502 percussus
3308 3436 3559 3499 recessit,
3588 3436 3787 3492 abiens
3820 3439 3869 3491 in
3913 3437 4040 3496 loca.

2464 3529 2530 3582 ad
2561 3541 2680 3597 quae
2711 3542 2739 3579 ε
2783 3526 2892 3580 Deo
2923 3526 3104 3581 fuerat
3127 3528 3548 3583 condemnatus.
3579 3530 3673 3584 Illa
3694 3543 3883 3586 autem
3922 3547 4040 3584 sana

2465 3621 2680 3673 domum
2708 3633 2896 3672 rursus
2939 3627 3022 3672 est
3074 3633 3315 3672 reversa.
3379 3620 3495 3672 Non
3555 3621 3782 3690 longum
3837 3633 4040 3689 tempus

2465 3711 2866 3773 intercesserat,
2899 3719 2952 3763 et
3006 3708 3155 3778 virgo
3188 3709 3434 3778 quaedam
3466 3711 3723 3778 praelecta
3779 3721 4044 3763 monaste-

2464 3802 2550 3866 rii,
2574 3800 2717 3869 quod
2771 3801 3067 3852 vocabatur
3099 3800 3460 3859 Mantineum,
3506 3813 3631 3852 cum
3665 3809 3888 3855 secreto
3919 3815 4045 3871 quo-

2464 3895 2588 3948 dam
2615 3905 2665 3947 et
2692 3893 2842 3964 gravi
2874 3890 3064 3948 morbo
3086 3891 3380 3956 laboraret,
3401 3901 3456 3946 et
3483 3907 3593 3947 non
3619 3905 3806 3961 posset
3834 3910 4042 3963 graves,

2462 4000 2596 4054 quos
2631 3984 2904 4039 sentiebat
2933 3999 2999 4038 ex
3032 3999 3118 4049 eo,
3150 3982 3292 4037 ferre
3316 3984 3554 4046 dolores,
3584 4000 3707 4037 eum
3741 3987 4046 4039 rescivisset

2466 4075 2594 4129 illud
2629 4085 2906 4129 mortuum
2967 4077 3135 4129 vitam
3190 4075 3425 4129 aderens
3487 4089 3688 4145 corpus
3727 4075 3941 4142 aﬂ'erri,
3999 4086 4046 4130 et

2465 4181 2660 4236 magna
2693 4165 2799 4221 {ide
2833 4166 3068 4221 etanimi
3089 4166 3286 4222 ardore
3337 4167 3386 4221 ei
3449 4165 3589 4220 facta
3650 4167 3902 4231 obviam,
3940 4181 4046 4221 tan-

2463 4273 2624 4326 quam
2654 4259 2860 4313 viventi
2892 4267 2947 4312 et
2977 4259 3218 4314 audienti
3249 4269 3438 4314 sancto
3464 4259 3529 4312 ad
3561 4258 3809 4314 loculum
3835 4261 3889 4314 ei
3910 4277 4048 4313 mor-

2464 4351 2589 4404 bum
2625 4350 2872 4413 dixisser,
2927 4351 3168 4404 ardentis
3231 4349 3356 4404 ﬁdei
3396 4351 3735 4417 mercedem,
3814 4356 4044 4409 celerem

2464 4441 2672 4496 invenit
2701 4442 3061 4497 curationem.
3097 4441 3379 4512 Ejusmodi
3416 4445 3674 4499 miracula
3743 4445 4050 4506 faciens.et

782 4548 843 4592 ut
879 4545 996 4591 erat
1042 4542 1205 4587 antea
1236 4548 1248 4585 :
1280 4537 1340 4584 ut
1404 4529 1487 4584 vel
1558 4543 1625 4581 ex
1676 4527 1780 4580 hoc
1818 4535 1963 4583 esset
2013 4523 2356 4577 manifestum
2389 4536 2436 4595 ι)
2463 4551 2582 4590 eam
2609 4550 2638 4588 a
2679 4533 2788 4589 Deo
2813 4535 3038 4605 gloriam
3072 4536 3404 4606 adipiscens,
3450 4537 3775 4608 Byzantium
3828 4541 4046 4594 tandem

778 4631 1052 4690 omnibus,
1096 4625 1241 4696 quod
1303 4631 1428 4692 post
1510 4619 1847 4691 sepulturam
1922 4615 2182 4671 manserit
2233 4630 2357 4667 cur-

780 4741 882 4793 pus
964 4719 1242 4791 potentius
1321 4716 1548 4771 interitu
1619 4721 1674 4768 et
1746 4711 2129 4767 dissolutione.
2200 4706 2355 4772 Quod

781 4816 997 4887 quidem
1022 4815 1196 4867 visum
1223 4809 1408 4864 multis
1442 4807 1789 4863 daemonibus
1833 4815 1887 4859 et
1933 4806 2142 4862 morbis
2191 4821 2356 4861 causa

783 4910 905 4972 fuit,
936 4915 995 4960 ut
1037 4906 1334 4974 fugerent;
1380 4909 1437 4954 et
1463 4900 1687 4953 merito.
1733 4899 1790 4950 Si
1836 4899 1981 4951 enim
2033 4899 2192 4951 etiam
2233 4914 2356 4952 cum

782 5012 927 5053 esset
952 4997 1302 5058 absconsum,
1332 5000 1447 5046 erat
1466 4990 1549 5045 eis
1579 4989 1844 5054 terribile,
1875 4997 2162 5058 postquam
2184 5005 2355 5059 appa-

785 5093 891 5145 ruit
917 5087 1187 5158 quomodo
1219 5098 1328 5139 non
1368 5093 1514 5139 esset
1570 5082 1861 5151 ejusmodi,
1915 5093 1973 5134 ut
2020 5097 2128 5134 non
2179 5091 2357 5150 posset

784 5181 1007 5235 omnino
1026 5177 1281 5232 sustineri
1304 5175 1326 5229 ?

856 5271 966 5325 XV.
992 5269 1130 5336 Quid
1172 5268 1437 5340 posthaec
1471 5278 1555 5321 est
1581 5275 1937 5322 consecutum
1971 5267 1994 5319 ἲ
2049 5267 2357 5322 Contende-

785 5366 875 5418 bat
904 5371 1097 5424 mater,
1129 5374 1284 5416 sacro
1316 5357 1530 5414 sublato
1571 5373 1822 5427 corpore,
1851 5361 2070 5414 demum
2130 5363 2354 5415 reverti.

787 5458 909 5511 Haec
931 5453 1098 5516 enim,
1121 5452 1351 5516 dicebat,
1380 5453 1537 5507 stella
1576 5468 1643 5507 ex
1671 5467 1789 5506 meo
1823 5465 2013 5507 ventre
2067 5469 2185 5508 orta
2251 5465 2352 5508 est.

785 5550 887 5615 Qui
924 5557 1101 5602 autem
1127 5544 1178 5596 in
1206 5557 1266 5597 ea
1297 5543 1615 5598 habitabant
1658 5545 1902 5614 regione,
1954 5546 2357 5600 contendebant

789 5657 894 5694 non
923 5637 1246 5699 concedere,
1288 5644 1346 5688 ut
1379 5636 1430 5688 id
1453 5636 1855 5707 aggrederetur,
1889 5637 2026 5690 Nam
2052 5639 2178 5703 etsi,
2205 5637 2354 5691 dice.

789 5734 941 5796 bant,
968 5744 1032 5783 ex
1058 5737 1108 5782 te
1138 5726 1403 5797 processit
1428 5727 1514 5780 illa
1536 5727 1710 5791 stella,
1740 5730 1982 5783 cernitur
2012 5736 2190 5782 tamen
2215 5730 2354 5798 apud

790 5840 885 5882 nos
901 5825 1182 5884 occidisse.
1202 5823 1628 5894 Quomodocrgo
1653 5837 1772 5877 eum
1795 5841 1822 5880 λ
1840 5824 1996 5878 nobis
2011 5824 2248 5889 auferes,
2267 5825 2354 5892 qui

2456 4629 2825 4684 introducitur
2874 4643 3075 4699 corpus
3147 4631 3467 4698 parentibus
3549 4631 4047 4701 jucundissimum,

2459 4720 2889 4790 mortalibusque
2923 4719 3299 4790 utilissimum,
3338 4723 3490 4778 malis
3526 4725 3826 4793 spiritibus
3861 4737 4048 4795 poten-

2461 4813 2587 4875 tius,
2617 4811 3030 4877 aegritudinibus
3058 4821 3113 4867 et
3142 4815 3347 4868 morbis
3375 4814 3628 4880 validius,
3669 4817 4048 4873 medicamen-

2463 4913 2576 4956 tum
2611 4918 2733 4956 vere
2765 4902 3184 4972 inexpugnabile
3217 4921 3231 4958 :
3279 4921 3458 4975 neque
3491 4908 3683 4965 valens
3726 4911 3922 4966 solum
3961 4915 4048 4966 ad-

2461 5009 2650 5046 versus
2687 5010 2851 5048 unum
2886 4993 3158 5056 morbum,
3187 4997 3303 5061 sed,
3347 5009 3404 5052 ut
3434 4998 3603 5053 semel
3650 4997 3870 5067 dicam,
3930 5002 4049 5056 resi-

2461 5096 2609 5139 stens
2636 5086 2907 5137 omnibus.

2532 5181 2702 5234 Mater
2725 5193 2852 5246 ergo
2886 5178 3004 5232 beta
3032 5178 3122 5232 tali
3157 5179 3334 5233 reditu
3375 5179 3490 5245 lilii,
3518 5190 3572 5236 et
3600 5182 3770 5236 simul
3802 5196 3974 5247 caput
4005 5186 4046 5238 in

2459 5273 2677 5326 Christo
2705 5270 2914 5335 tollens,
2958 5271 3413 5341 splendoremque
3469 5281 3526 5325 et
3574 5268 4046 5342 magniﬁcentiam

2461 5364 2512 5416 in
2568 5375 2813 5432 tempore
2891 5363 3212 5428 ostendens,
3283 5363 3494 5432 argenti
3557 5381 3765 5434 magno
3833 5383 4046 5440 sumptu

2459 5471 2674 5525 capsam
2710 5457 2924 5510 induit:
2960 5472 3066 5513 non
3093 5460 3268 5512 solum
3311 5456 3364 5510 id
3399 5456 3629 5524 faciens,
3693 5470 3976 5533 tanquam
4005 5472 4046 5519 in

2460 5550 2684 5618 gratiam
2725 5549 2835 5609 lilii,
2868 5552 2959 5603 scd
2990 5566 3113 5604 cum
3147 5549 3372 5604 studens
3422 5551 3718 5616 honorare,
3797 5565 4046 5631 tanquam

2464 5640 2554 5693 Dei
2593 5640 2824 5694 amicum
2859 5658 2871 5693 :
2931 5651 2985 5693 ιιι
3023 5639 3153 5693 illud
3212 5642 3430 5709 quidem
3467 5644 3616 5696 esset
3677 5657 3935 5712 natum,
3969 5654 4048 5703 hoc

2463 5749 2590 5786 vero
2626 5734 2694 5800 pii
2728 5733 2916 5796 animi,
2944 5743 2996 5786 et
3027 5735 3224 5787 mentis
3253 5733 3422 5786 Deum
3483 5737 3751 5791 amantis.
3803 5741 3947 5796 Cum
3988 5744 4046 5796 sic

2463 5839 2589 5894 ergo
2628 5839 2840 5893 capsum
2879 5835 3101 5895 argento
3133 5836 3386 5897 parentes
3415 5832 3610 5898 Optimi
3641 5832 4044 5893 circumdedis-
4124 5893 4125 5920 η
