4170 6322
129 406 226 468 491
864 413 1324 474 MARTYRIUM
1367 415 1406 474 S
1468 414 1761 477 SOPHI/E
1803 419 1892 477 ΕΤ
1940 420 2311 481 FlLlARUl/l
2357 422 2552 480 EJUS.
3258 421 3359 478 498

126 527 263 583 sent,
297 520 396 574 hoc
420 536 545 576 vere
575 537 788 578 sacrum
831 525 1090 593 templum
1148 524 1429 594 deponunt
1455 526 1509 580 in
1564 527 1686 597 pul-
1716 535 1761 593 Α
1791 543 1979 581 mones
2011 527 2285 598 iugantur,
2318 527 2489 582 morhi
2521 528 2824 591 solvuntur,
2857 537 2908 582 et
2930 527 3070 582 Deus
3099 527 3154 580 in
3185 530 3360 580 ontui-

124 609 253 663 chro
272 613 492 680 templo,
517 614 660 681 quod
690 616 788 684 ipsi
808 615 1046 684 Deiparae
1065 625 1509 681 construxerant,
1534 634 1686 674 com-
1795 619 1916 680 hus,
1950 627 2003 673 et
2032 635 2128 690 per
2158 620 2342 674 omnia
2371 620 3007 691 gloriﬁcatur.Quoniam
3045 633 3170 672 eum
3202 618 3362 673 decet

120 715 313 755 munes
341 703 651 759 hominibus
679 706 855 761 eﬁecti
888 707 1284 770 benefactores,
1322 708 1448 764 dato
1520 711 1686 777 dono,
1795 712 1974 766 omnis
2003 711 2194 781 gloria,
2229 713 2404 767 honor
2434 723 2488 767 et
2517 712 2781 776 adoratio,
2833 726 2980 766 nunc
3033 717 3088 764 et
3146 723 3363 780 semper

119 793 258 860 quod
290 797 598 850 extenditur
628 798 681 850 in
726 800 1114 867 sempiternum
1155 816 1168 852 :
1202 816 1299 869 per
1366 817 1524 871 quem
1578 803 1687 857 (ἰκ-
1795 815 1850 858 et
1889 805 1943 859 in
1979 807 2172 866 smcula
2191 807 2538 860 saeculorum.
2569 805 2761 858 Amen.

805 1076 1512 1232 MENSIS
1631 1075 2693 1237 AUGUSTUS.

755 1423 1395 1520 ΜΑΡΤΥῬΙΟΝ
1468 1428 1697 1516 ΤΩΝ
1772 1421 2114 1514 ΑΓΙΩΝ
2187 1426 2402 1514 ΓΥΝ

1109 1428 1395 1516 ῬΙΟΝ
1468 1428 1697 1516 ΤΩΝ
1772 1421 2114 1514 ΑΓΙΩΝ
2187 1419 2756 1514 ΓΥΝᾹΙΚΩΝ

1445 1586 2070 1723 ΣΟΦΙΑΣ

1277 1784 1400 1839 ΚΑΙ
1430 1780 1566 1838 ΤΩΝ
1597 1780 2001 1837 ΘΥΓΑΤΕΡΩΝ
2031 1780 2264 1835 ΔΥΤΗΣ

431 1920 1138 2062 ΠΙΣΤΕΩΣ,
1239 1911 1927 2032 ΕΑΠΙΔΟΣ
2044 1915 2323 2026 ΚΑΙ
2437 1911 3104 2027 ΑΓΑΠΗΣ.

619 2212 1351 2308 MABTYRIUM
1428 2210 2140 2303 SANCTARUM
2221 2205 2866 2298 MULIERUM

1354 2383 2182 2503 SO‘PHIXE

1458 2572 1538 2622 ET
1572 2569 1723 2622 EJUS
1754 2566 2060 2620 FILIARUM

738 2693 1142 2829 FlDEl,
1281 2691 1560 2796 SPEI
1671 2690 1835 2792 ET
1968 2654 2787 2794 CHARI'I‘ATIS.

485 2909 677 2970 (Latine
701 2907 828 2968 apud
851 2902 1050 2952 Surium
1076 2899 1136 2949 ad
1158 2899 1288 2948 diem
1319 2900 1334 2948 l
1369 2898 1600 2961 Augusti;
1629 2898 1795 2948 Graece
1830 2912 1890 2948 ex
1921 2899 2024 2946 cod.
2058 2909 2148 2944 ms.
2175 2895 2330 2945 GrrPc.
2363 2896 2497 2944 Paris
2542 2907 2592 2942 n.
2623 2894 2876 2964 ιδῖϐχδιεε
2933 2896 3042 2952 xu.)

197 3211 292 3263 A'.
326 3206 482 3261 Μετὰ
524 3205 583 3257 τὸ
611 3204 1001 3274 διαγγελθῆναι
1042 3204 1320 3272 πανταχοῦ
1349 3204 1406 3255 τὸ
1450 3205 1719 3274 σωτήριον
1753 3207 1792 3270 Β

1753 3207 1792 3270 Β
1891 3203 1930 3258 Ι.
1965 3200 2259 3273 Postquam
2295 3199 2760 3256 fuissetsalutaris
2816 3199 3128 3270 praedicatio
3192 3201 3389 3272 ubique

107 3304 190 3370 κῆ
207 3317 430 3368 ρυγμα,
459 3297 811 3367 πλωρηθῆναι
854 3313 914 3348 τε
948 3293 1018 3348 τὰ
1051 3294 1228 3349 πάντα
1266 3292 1360 3346 τοῦ
1385 3294 1588 3362 γνῶναι
1623 3293 1716 3346 τὸν

1819 3297 2164 3358 annuntiata,
2196 3303 2252 3349 et
2283 3293 2467 3349 omnia
2493 3300 2677 3348 essent
2707 3292 2908 3362 repleta
2944 3294 3254 3364 cognitione
3287 3293 3390 3349 Do—

106 3391 372 3462 λύριον,
406 3390 570 3441 οἱονεὶ
609 3387 860 3458 λείψανον
885 3387 1082 3450 κακίας
1122 3387 1397 3457 Ἀδριανὸς
1424 3387 1521 3457 τὴν
1550 3386 1712 3440 αὐτο-

1818 3386 1972 3452 mini,
2007 3385 2172 3440 veluti
2196 3385 2441 3453 quaedam
2472 3386 2693 3439 sceleris
2707 3384 2950 3454 reliquias
2978 3386 3244 3441 Adrianus
3275 3385 3387 3440 Ro»

105 3486 394 3552 κρὰτορα
437 3481 714 3549 Ῥημαίων
758 3481 960 3531 διέπων
986 3480 1179 3548 ἀρχὴν,
1213 3479 1412 3545 πολλὴν
1449 3480 1606 3549 εἴπερ
1633 3497 1716 3542 τις

1821 3493 2102 3533 manorum
2131 3476 2515 3532 administrans
2574 3474 2861 3547 imperium
2886 3518 2901 3542 ,
2938 3477 2992 3531 in
3022 3476 3186 3532 falsos
3240 3477 3391 3543 deos,

101 3573 305 3633 ἄλλος
328 3571 425 3639 τὴν
471 3571 604 3638 προς
630 3569 753 3632 τοὺς
781 3568 1169 3638 ψευδωνύμους
1198 3567 1350 3630 θεοὺς
1374 3569 1720 3624 ἐπεδείκνυτο

1822 3571 1915 3642 qui
1958 3570 2334 3632 nominantur,
2401 3569 2720 3624 ostendebat
2778 3568 3094 3638 plurimam,
3148 3567 3192 3622 si
3252 3568 3395 3623 ullus

102 3662 616 3731 δεισιδαιμονίαν,
670 3663 796 3723 τοὺς
848 3660 944 3730 μὲν
1007 3658 1267 3723 θωπείαις
1325 3659 1717 3732 ὑπερχόμενος,

1823 3659 2467 3732 alius,superstitionem,
2515 3658 2648 3713 alios
2681 3659 2899 3726 quidem
2955 3658 3199 3712 alliciens
3250 3657 3395 3713 blan-

100 3756 264 3817 τοὺς
300 3755 362 3807 δὲ.
387 3754 481 3806 καὶ
505 3753 752 3814 ἀπειλαῖς
786 3751 1205 3820 καταπλήττων.
1239 3750 1374 3805 Κατ’
1407 3754 1582 3806 ἐκεῖνο
1615 3752 1723 3804 τοί-

1825 3751 1992 3814 ditiis,
2026 3752 2160 3805 alios
2209 3758 2391 3805 autem
2422 3751 2584 3805 etiam
2619 3749 2784 3804 minis
2817 3747 3092 3804 territans.
3144 3747 3242 3803 lllo
3295 3763 3394 3802 au-

103 3863 227 3898 νυν
269 3844 494 3912 καιροῦ,
527 3843 660 3910 γυνή
691 3858 774 3903 τις
801 3840 1032 3910 εὐσεϐὴς
1068 3843 1161 3892 καὶ
1196 3841 1460 3909 φιλόθεος,
1487 3840 1726 3911 τοῦνομα

1828 3855 1936 3899 tem
1966 3851 2208 3912 tempore
2237 3840 2431 3896 mulier
2474 3841 2719 3909 quaedam
2755 3841 2840 3910 pia
2876 3849 2931 3895 et
2984 3839 3256 3910 religiosa,
3295 3855 3396 3894 no.

99 3938 347 4005 Σοφία,
370 3935 556 4002 γένους
579 3934 686 3986 τῶν
706 3932 1002 4000 ἐπιφανῶν,
1028 3932 1208 4001 χώρας
1242 3931 1478 3995 Ἰταλῶν,
1500 3932 1726 4002 χηρείαν

1832 3937 1981 3990 mine
2001 3933 2223 4004 Sophia,
2244 3934 2386 3989 clara
2415 3947 2636 4005 genere,
2659 3932 2791 3987 Itala
2841 3931 3081 3998 natione,
3105 3947 3229 3987 cum
3253 3941 3403 3988 esset

103 4028 443 4082 ὑποστᾶσα
500 4026 689 4093 ἀνδρὸς
731 4023 1035 4093 Θυγατράσι
1077 4024 1265 4093 μόναις
1298 4025 1447 4095 τρισὶ
1481 4025 1569 4078 τὸν
1613 4025 1727 4094 βίον

1831 4028 2048 4085 viduata
2083 4028 2300 4094 marito,
2327 4042 2450 4082 cum
2478 4027 2652 4081 tribus
2691 4025 2902 4081 ﬁliabus
2933 4021 3061 4080 solis
3094 4025 3256 4080 vitam
3283 4025 3399 4096 agi-

101 4119 435 4172 ἐσάλευεν.
483 4114 629 4183 Αὕτη
662 4115 726 4183 τῇ
778 4113 1106 4184 περιωνύμῳ
1133 4115 1242 4166 τῶν
1276 4116 1485 4168 πόλεων
1537 4115 1728 4188 Ῥώμῃ

1829 4122 1998 4177 tabat.
2029 4119 2100 4174 Ea
2114 4136 2237 4174 cum
2259 4119 2419 4174 simul
2453 4133 2574 4174 cum
2594 4117 2910 4189 virginibus,
2938 4132 3059 4187 quae
3085 4116 3403 4171 erantvalde

96 4209 550 4279 ὲττιδημήσασα
570 4208 687 4267 ταῖς
709 4204 1000 4276 παρθένοις
1026 4206 1160 4276 ὁμοῦ
1194 4208 1326 4260 πολὺ
1349 4208 1409 4260 τὸ
1426 4208 1613 4279 χάριεν
1636 4209 1729 4262 καὶ

1831 4213 2094 4276 honestae,
2151 4219 2204 4263 et
2237 4209 2512 4279 elegantes
2567 4208 2748 4261 animo
2814 4219 2869 4260 et
2919 4220 3170 4275 corpore,
3217 4206 3403 4260 Roma:

104 4302 456 4368 ἐπαγωγὸν
513 4301 766 4369 ἐχούσαις
823 4302 962 4353 κατά
1000 4317 1056 4352 τε
1091 4300 1249 4369 σῶμα
1281 4300 1374 4353 καὶ
1395 4301 1494 4371 τὴν
1526 4299 1727 4369 ψυχὴν,

1832 4310 2040 4358 versata
2067 4310 2232 4366 esset,
2263 4299 2507 4355 nonfuit
2559 4313 2744 4354 errore
2796 4297 3039 4362 seducta,
3103 4311 3279 4368 neque
3337 4297 3405 4352 ad

99 4393 236 4458 οὐχ
279 4386 513 4454 ὑπήχθη
546 4387 612 4454 τῇ
647 4386 846 4457 πλάνῃ,
887 4386 1001 4438 οὐδὲ
1039 4387 1172 4455 προς
1198 4386 1296 4456 τὴν
1322 4385 1413 4439 τοῦ
1439 4386 1731 4450 δυσσεϐοῦς

1833 4393 1983 4462 impii
2026 4391 2366 4462 imperatoris
2450 4389 2734 4443 reclinavit
2814 4387 3152 4458 religienem,
3248 4387 3404 4444 factis

100 4479 544 4554 βασιλεύοντος
582 4479 878 4547 Θρησκείαν
919 4479 1201 4544 ἀπέκλινε,
1250 4481 1368 4532 λίαν
1406 4480 1505 4550 τὴν
1537 4480 1731 4551 κλῆσιν

1773 4551 1798 4554 _
1833 4485 1965 4554 ipsis
2061 4483 2287 4553 pulchre
2377 4495 2533 4536 suam
2611 4478 2906 4534 ostendens
2983 4479 3403 4549 appellationem

97 4551 232 4628 ἐπὶ
279 4571 400 4626 τῶν
430 4570 607 4639 ἔργων
634 4570 975 4634 δεικνύουσα,
1007 4572 1038 4641 ἡ
1069 4570 1165 4641 τῆς
1193 4570 1397 4624 ἄνωθεν
1438 4573 1605 4635 ὄντως
1645 4590 1731 4625 σο-

1759 4551 1803 4610 c
1835 4594 1956 4648 qua:
1984 4591 2182 4631 nomen
2209 4590 2334 4630 vere
2399 4573 2717 4643 sumpsisset
2749 4587 2778 4626 a
2831 4587 3064 4641 superna
3117 4573 3404 4641 sapientia,

103 4671 277 4739 φξας
317 4663 632 4732 ἐπώνυμος.
677 4662 738 4716 Ἡ
759 4663 865 4733 γὰρ
888 4663 1092 4716 ἄνωθεν
1139 4665 1322 4732 σοφία,
1356 4665 1517 4733 φησὶν
1541 4666 1567 4716 6
1589 4664 1731 4727 Θεῖος

1835 4680 1891 4724 et
1925 4670 2200 4724 diceretur
2222 4667 2447 4736 Sophia.
2471 4665 2601 4730 Quae
2628 4671 2711 4718 est
2739 4663 2884 4718 enim
2913 4663 3147 4733 desuper
3179 4660 3407 4732 Sapien-

119 4753 456 4816 Ἱοὶκωϐος,
488 4754 702 4821 πρῶτον
736 4753 833 4820 μὲν
867 4754 1002 4821 ἁγνή
1037 4757 1203 4819 ἐστιν,
1239 4756 1431 4807 ἔπειτα
1459 4754 1729 4826 εἰρηνικὴ,

1837 4761 1932 4824 tia,
1965 4759 2141 4828 inquit
2168 4757 2383 4813 divinus
2424 4756 2678 4821 Jacobus,
2701 4754 2936 4826 primum
2957 4755 3178 4823 quidem
3206 4754 3403 4824 pudiea

101 4847 450 4915 εὐπειθὴς,
511 4845 682 4914 μεστὴ
713 4844 894 4906 ἐλέους
943 4847 1036 4896 καὶ
1094 4845 1322 4914 καρπῶν
1359 4847 1598 4912 ἀγαθῶν.
1645 4847 1732 4913 Ἐξ

1838 4861 1941 4918 est,
1972 4851 2166 4906 deinde
2219 4850 2466 4921 paciﬁca,
2499 4847 2765 4911 modesta,
2800 4847 3084 4908 obediens,
3117 4846 3276 4915 plena
3309 4847 3411 4900 mi-

105 4938 212 4996 ὧν
261 4940 390 5005 γὰρ
418 4939 444 4987 6
474 4939 573 5006 τῆς
603 4937 801 5008 ἀρετῆς
837 4937 964 5005 παρ’
994 4937 1134 5006 αὐτῇ
1167 4938 1372 5007 καρπὸς
1405 4938 1735 5010 ἐγνωρίζετο

1843 4942 2136 4999 sericordia
2168 4950 2222 4996 et
2256 4939 2520 4995 fructibus
2553 4938 2734 4994 bonis.
2771 4937 2848 4991 Eo
2878 4936 3050 5001 enim,
3075 4936 3238 5007 ,quod
3293 4936 3405 4990 vir-

101 5033 272 5092 ταῖς
345 5027 650 5094 Θυγατράσι
714 5029 810 5089 τὰς
856 5029 1228 5096 προσηγορίᾱς
1300 5029 1606 5097 ἡρμόζετο’
1645 5029 1738 5083 καὶ

1845 5035 1977 5090 tutis
2015 5036 2225 5088 fructus
2258 5041 2402 5104 apud
2442 5045 2561 5085 eam
2634 5028 3056 5100 agnoscebatur,
3132 5028 3413 5098 adaptavit

102 5124 399 5178 ἐκεῖναι·
440 5116 602 5170 πάλιν
659 5117 1033 5185 ἀληθευούσας
1087 5119 1289 5182 ταύτας
1343 5121 1472 5190 παρ’
1519 5123 1738 5185 ἑαυταῖς

1846 5127 2056 5182 ﬁliabus
2117 5127 2229 5181 suis
2287 5123 2729 5195 appellationes:
2784 5131 2837 5176 et
2866 5121 2971 5176 illae
3005 5136 3194 5175 rursus
3255 5121 3308 5174 in
3353 5135 3412 5175 se

103 5215 470 5274 ἐδείκνυον,
508 5208 600 5260 καὶ
627 5208 778 5261 οὐδὲν
805 5210 1012 5281 ἀπᾷδον
1060 5210 1179 5262 οὐδὲ
1209 5210 1486 5282 ἀλλότριον
1514 5207 1660 5282 εἶχον
1688 5215 1736 5266 oi

1846 5219 2206 5275 ostendebant
2235 5232 2356 5273 esse
2384 5231 2564 5283 veras,
2619 5229 2800 5285 neque
2879 5214 3152 5278 habebant
3203 5213 3414 5281 aliquid

105 5305 360 5364 κλάδοι
387 5301 485 5368 τῆς
516 5300 693 5373 ῥίζης.

1849 5311 2007 5376 rami,
2037 5309 2181 5379 quod
2211 5309 2545 5378 discreparet
2571 5316 2665 5362 aut
2693 5315 2838 5362 esset
2864 5305 3100 5359 alienum
3133 5319 3162 5358 a
3209 5304 3410 5358 radice.

210 5394 319 5450 Ε.
373 5392 528 5445 Ἐπεὶ
568 5393 624 5445 δὲ
667 5391 817 5461 παρὰ
854 5395 987 5446 πᾶσι
1028 5393 1337 5466 διεϐεϐόητο
1367 5398 1400 5467 ἦ
1435 5415 1492 5450 τε
1529 5395 1742 5461 σύνεσις

1921 5402 1986 5458 ll.
2016 5402 2151 5460 Cum
2176 5411 2358 5456 autem
2372 5400 2739 5455 celebraretur
2753 5397 2896 5467 apud
2914 5411 3104 5451 omnes
3128 5404 3181 5450 et
3205 5395 3413 5448 illarum

99 5491 404 5548 ἐκείνων
455 5483 550 5535 καὶ
588 5485 618 5554 ἡ
657 5487 823 5554 ἀρετὴ
871 5486 963 5537 καὶ
998 5487 1056 5538 τδ
1093 5490 1228 5556 πρὸς
1275 5489 1509 5559 Χριστὸν
1558 5488 1738 5554 σέϐας,

1850 5493 2135 5564 prudentia
2171 5493 2435 5555 etvirtus,
2472 5501 2526 5546 et
2557 5491 2611 5544 in
2643 5487 2921 5542 Christum
2953 5487 3158 5558 religio,
3191 5500 3299 5540 non
3333 5484 3418 5537 ie-

103 5588 255 5640 οὐκ
324 5579 568 5645 ἐνεγκὼν
605 5578 633 5627 6
679 5576 772 5629 τοῦ
829 5577 1022 5644 φθόνου
1080 5581 1277 5650 πατὴρ,
1335 5581 1422 5634 διὰ
1459 5580 1742 5650 βασκάνων

1852 5603 1978 5642 rens
2002 5595 2153 5656 pater
2175 5587 2412 5652 invidiae,
2432 5601 2526 5654 per
2553 5581 2761 5637 invidos
2782 5580 2967 5636 oculos
2997 5578 3280 5648 cujusdam
3303 5578 3415 5628 An-

101 5671 479 5747 6?61).£J.GJV
520 5669 791 5737 Ἀντιόχου
834 5669 976 5730 τινος
1011 5671 1222 5740 ἀνδρὲς,
1261 5671 1356 5742 τὴν
1394 5676 1490 5742 τῆς
1540 5672 1742 5735 πόλεως

1853 5679 2020 5734 tiochi
2047 5719 2060 5744 ,
2081 5680 2238 5747 cuius
2256 5679 2377 5733 ﬁdei
2398 5676 2685 5732 commissa
2704 5675 2878 5730 luerat
2901 5672 3220 5744 praefectura
3241 5669 3410 5734 urbis,

108 5768 446 5843 πρόνοιαν
495 5760 948 5830 πεπιστευμένον,
1005 5765 1099 5834 τὴν
1137 5764 1416 5818 εὐσέϐειαν
1467 5765 1645 5819 αὐτῶν
1677 5765 1752 5836 τῷ

1841 5769 2112 5842 signiﬁcat
2153 5770 2460 5840 imperatori
2484 5783 2669 5825 earnm
2693 5767 2973 5838 pietatem,
3017 5773 3069 5819 et
3119 5777 3209 5817 eas
3237 5760 3414 5817 defert
