4170 6322
796 366 901 430 499

2026 368 2307 429 MENSlS
2353 367 2776 434 AUGUSTUS.
3963 367 4045 431 500

805 468 989 551 lingua
1007 479 1191 535 dolosa
1228 480 1428 549 impius
1461 488 1511 534 et
1556 480 1735 533 verbis
1761 480 1890 534 odii.
1933 480 2192 536 Protinus
2248 497 2358 552 Cl‘gt

2486 479 2695 548 βασιλεί
2749 481 2917 551 δήλην
2961 484 3125 545 ποιεῖ,
3186 481 3277 533 καὶ
3335 481 3402 534 τὰ
3449 482 3568 533 κατ’
3611 480 3784 542 αὐτάς
3837 478 4041 549 γλώσσῃ

809 571 898 625 ille
916 572 991 624 ira
1009 573 1249 642 percitus
1270 572 1695 636 inconsiderata,
1722 588 1816 627 eos
1845 590 1979 644 quos
2008 575 2186 629 solent
2211 591 2376 629 voca-

800 680 858 719 re
878 664 1239 734 apparitores,
1264 665 1428 717 mittit
1451 664 1518 719 ad
1540 681 1633 720 eas
1664 648 2031 722 adducendas.
2061 667 2166 722 Illa:
2189 677 2375 722 autem

798 772 921 809 cum
952 755 1270 811 didicissent
1298 769 1518 811 causam
1569 772 1759 811 eorum
1809 760 2098 823 adventus,
2141 775 2376 829 cumque

796 847 1119 919 corporibus
1140 849 1757 916 essentinseparabiles.
1793 854 1961 923 magis
2016 855 2178 907 etiam
2237 869 2374 909 con-

793 942 1159 1010 iungerentur
1180 938 1396 1007 Spiritu.
1428 942 1563 996 nihil
1614 944 1967 998 ostendentes
2017 943 2158 1013 ﬁliae,
2228 945 2372 1010 quod

793 1041 902 1088 non
929 1048 1052 1086 cum
1096 1035 1270 1092 matre
1301 1036 1647 1100 conveniret,
1683 1044 1742 1090 ut
1774 1052 1894 1106 qua:
1954 1036 2372 1092 inveniebantur

792 1124 941 1178 inter
981 1141 1036 1180 se
1062 1127 1305 1183 fraterne
1342 1129 1673 1195 consentire,
1707 1138 1760 1183 et
1791 1138 1948 1183 erant
1978 1128 2143 1182 velu1i
2170 1144 2367 1183 corona

790 1219 891 1273 sibi
915 1222 1137 1290 aequalis
1163 1241 1176 1277 :
1199 1239 1317 1293 qum
1344 1240 1441 1294 per
1468 1225 1610 1294 ipsas
1632 1233 1686 1277 et
1715 1233 1939 1277 matrem
1972 1224 2362 1292 complebatur,

789 1311 1045 1369 alacriter
1099 1316 1338 1369 iverunt.
1387 1317 1681 1385 Postquam
1737 1325 1919 1371 autem
1958 1316 2219 1370 sederunt
2270 1331 2367 1385 pro

787 1403 1050 1459 tribunali
1084 1407 1327 1476 prafecti
1361 1407 1534 1473 urbis,
1572 1422 1694 1464 eum
1720 1405 1852 1476 ipsa;
1907 1422 2030 1460 eum
2076 1406 2167 1476 qui
2212 1406 2365 1469 dixit,

787 1504 1038 1551 nonesse
1064 1499 1335 1553 timendos
1361 1514 1456 1554 eos
1509 1499 1602 1568 qui
1676 1499 1932 1553 occidunt
1986 1514 2184 1570 corpus
2235 1499 2275 1565 ‘,
2312 1507 2369 1553 et

788 1589 1059 1656 pollicitus
1095 1602 1177 1645 est
1201 1608 1228 1646 a
1260 1608 1317 1647 se
1345 1592 1573 1647 dandam
1602 1606 1723 1646 esse
1779 1592 2127 1661 sapientiam,
2180 1591 2367 1645 Domi-

787 1694 917 1733 num
946 1681 1311 1748 invocasscnt,
1359 1693 1412 1738 et
1439 1698 1499 1737 se
1561 1684 1741 1739 crucis
1794 1684 1960 1751 ﬁgura
2020 1683 2363 1749 muniissent,

2481 568 2630 639 δολία
2664 572 2757 621 καὶ
2787 569 2968 639 λόγοις
3010 570 3200 639 μίσους
3235 571 3263 622 ὁ
3295 569 3561 638 δυσσεϐὴς
3599 573 3848 638 φανεροί.
3876 570 4041 637 Παρα-

2480 659 2672 730 χρῆμα
2696 660 2876 713 τοίνυν
2901 662 3062 724 αὐτὸς
3080 662 3350 731 ἀλογίστῳ
3386 660 3541 731 Θυμῷ
3580 661 3887 729 ἐπιτρέψας
3912 658 4040 727 οὒςὴ

2479 752 2627 816 τάξις
2652 755 3030 822 προτίκτωρας
3055 748 3163 806 οἶδε
3203 753 3403 816 καλεῖν,
3438 752 3530 806 ἰπὶ
3551 754 3613 805 τὸ
3640 754 3874 825 ἀγαγεῖν
3912 755 4041 805 ὲκεί-

2478 861 2576 906 νας
2624 845 2922 913 ἐκπέμπει.
2962 844 3028 897 Αἱ
3059 844 3113 896 δὲ
3148 845 3248 914 τῆς
3288 844 3595 914 παρουσίας
3625 844 3813 895 αὐτῶν
3854 841 4041 911 μαθοῦ-

2480 953 2572 988 σαι
2608 923 2668 988 τὸ
2690 937 2885 1000 αἴτιον,
2915 937 3216 1003 ἀδιαίρετοι
3250 938 3578 1007 σωματικῶς
3599 932 3760 989 οὖσαι
3786 936 3885 987 καὶ
3917 936 4040 987 κατὰ

2477 1027 2695 1096 πνεῦμα
2752 1026 2951 1095 μᾶλλον
3015 1026 3365 1095 συνήπτοντο,
3401 1026 3552 1077 οὐδέν
3584 1042 3643 1077 τε
3691 1022 4037 1091 ασύμφωνον,

2473 1119 2663 1189 ὥσπερ
2692 1119 2931 1187 εἴρηται,
2965 1116 3102 1187 πρὸς
3126 1116 3224 1186 τὴν
3257 1116 3469 1185 μητέρα
3495 1114 3938 1182 ἐπιδειξάμεναι,
3966 1114 4042 1160 καί

2472 1210 2733 1277 ἀλλήλαις
2783 1208 2991 1275 ἀδελφά
3036 1204 3331 1277 φρονοῦσαι
3372 1206 3719 1274 ηὑρίσκοντο,
3756 1204 3856 1254 καὶ
3888 1201 4040 1253 οἱονεῖ

2474 1304 2739 1370 στέφανος
2771 1297 2911 1369 ἦσαν
2966 1299 3143 1367 ἑαυτῷ
3196 1300 3333 1361 ἴσος,
3371 1298 3437 1350 δι’
3467 1297 3645 1349 αὐτῶν
3682 1313 3741 1347 τε
3800 1293 3896 1346 καὶ
3957 1292 4040 1358 τῆς

2476 1394 2683 1464 μητρὸς
2708 1392 3225 1462 συμπληρούμενος,
3266 1392 3349 1453 Ὠς
3382 1391 3437 1442 δὲ
3471 1390 3564 1441 ἐπὶ
3589 1388 3680 1440 τοῦ
3715 1382 4036 1454 ἡγεμονικοῦ

2472 1484 2817 1551 κατέστησαν
2850 1484 3113 1549 βήματος,
3141 1479 3230 1529 τὸν
3259 1479 3484 1531 εἰπόντα
3512 1478 3584 1546 μὴ
3616 1476 3927 1545 φοὸηθῆναι
3948 1473 4041 1524 ἀπὸ

2469 1577 2577 1629 τῶν
2639 1572 3053 1627 ἀποκτενόντων
3107 1569 3166 1621 τὸ
3208 1569 3386 1637 σῶμα,
3441 1568 3767 1639 δοθήσεσθαι
3801 1584 3861 1617 τε
3919 1564 4040 1631 παρ’

2468 1670 2630 1731 αὐτοῦ
2668 1668 2861 1737 σοφίαν
2905 1665 3383 1735 ἐπαγγειλαμένου
3424 1664 3907 1732 ἐπικαλεσάμεναι
3936 1660 4041 1711 Κύ-

784 1774 936 1825 omni
1000 1775 1193 1827 timore
1245 1774 1519 1843 deposito,
1607 1783 1880 1829 steterunt
1943 1791 2064 1829 cum
2119 1776 2243 1829 forti
2308 1786 2358 1829 et

2470 1779 2602 1832 ριον,
2640 1761 2733 1815 καὶ
2765 1760 2842 1829 τῷ
2885 1759 3165 1827 σταυρικῷ
3198 1756 3352 1825 τύπῳ
3378 1755 3877 1823 περιφραξάμεναι,
3912 1769 4040 1805 παν-

787 1872 1056 1930 ‘gcneroso
1100 1865 1305 1918 animo.
1340 1863 1517 1919 J'udex
1582 1876 1785 1930 autem,
1866 1868 2130 1937 conjectis
2198 1868 2249 1920 in
2274 1885 2365 1922 cas

784 1952 979 2016 oculis,
1013 1970 1136 2008 cum
1177 1954 1386 2008 vultum
1419 1955 1960 2021 vidissetliberalem,
2018 1969 2367 2028 mentemque

785 2059 1033 2115 magnam
1088 2057 1143 2100 et
1201 2048 1541 2116 prmclaram,
1598 2049 1685 2101 cui
1737 2048 1942 2102 ferebat
1995 2052 2365 2105 testimonium

783 2138 1065 2193 oculorum
1105 2139 1394 2193 cthabitus
1426 2137 1707 2203 modestia,
1768 2141 1991 2195 mittens
2036 2140 2184 2212 fungi
2242 2159 2366 2197 mu-

781 2230 1147 2302 nerejudicis,
1169 2246 1464 2286 conversus
1479 2240 1564 2286 est
1587 2232 1652 2286 ad
1688 2232 2123 2290 admirationem.

852 2386 938 2439 ΙΙΙ.
974 2386 1307 2441 Cumautem
1337 2398 1561 2441 matrem
1583 2402 1749 2458 prope
1778 2388 2362 2454 curassetsistendam,

780 2488 835 2536 et
865 2478 984 2532 illas
1013 2480 1499 2534 semovissetz’Non
1537 2496 1699 2550 parva
1730 2490 1878 2543 sunt,
1914 2481 2110 2550 inquit,
2163 2498 2194 2535 ο
2237 2499 2363 2537 mu-

782 2568 899 2638 lier,
928 2588 1044 2641 quae
1070 2574 1329 2627 adversus
1350 2582 1399 2627 te
1421 2574 1763 2629 deferuntur.
1793 2574 1846 2629 Si
1872 2576 2088 2644 quidem
2108 2592 2215 2630 non
2241 2593 2363 2646 par-

780 2680 844 2716 va
880 2679 965 2717 res
992 2673 1095 2727 est,
1126 2680 1336 2719 morum
1369 2681 1397 2718 a
1424 2668 1739 2734 parentibus
1785 2669 2107 2722 traditorum
2154 2678 2209 2724 et
2232 2669 2362 2724 reli-

778 2756 956 2824 gionis
993 2759 1232 2827 negatio.
1272 2758 1382 2812 Cur
1406 2774 1534 2830 ergo
1566 2759 1937 2814 Romanorum
1972 2763 2367 2833 regionemim-

778 2850 989 2919 plevisti
1008 2851 1240 2906 tumultu
1256 2854 1680 2922 etdissensione,
1701 2856 1924 2910 omnino
1938 2872 2046 2910 non
2066 2872 2187 2911 esse
2207 2858 2359 2923 deos,

778 2944 872 2998 sed
897 2959 993 2997 eos
1023 2960 1143 2999 esse
1174 2948 1349 2999 solum
1383 2946 1606 3000 nomina
1638 2964 1757 3016 quae
1778 2949 2087 3016 rebusipsis
2116 2959 2358 3017 careant,

778 3050 1035 3091 asserens
1059 3036 1080 3089 τ
1105 3036 1200 3089 Dic
1222 3051 1352 3106 ergo
1409 3052 1569 3105 quam
1599 3037 1833 3106 primum
1879 3040 2128 3107 patriam,
2165 3056 2356 3111 genus,

2470 1856 2558 1918 τὸς
2584 1855 2891 1909 ἀποστᾶσαι
2917 1853 3089 1914 δέους,
3127 1850 3264 1918 μετά
3290 1847 3540 1915 γενναίου
3572 1845 3664 1897 τοῦ
3696 1846 4040 1912 φρονήματος

2469 1948 2730 2014 ἔστησαν.
2778 1944 2934 1996 Ἐπεὶ
2989 1943 3043 1995 δὲ
3104 1942 3336 2003 ταύταις.
3378 1940 3439 1992 τὸ
3495 1939 3650 2008 ὄμμα
3696 1935 3969 1987 ἐπέϐαλεν
4018 1936 4041 1985 ὀ

2468 2041 2722 2103 δικάζων,
2762 2037 2884 2089 tam
2916 2038 3256 2105 παράστημα
3285 2032 3502 2098 εὐγενὲς
3536 2029 3630 2083 καὶ
3662 2027 3893 2098 μέγεθος
3930 2026 4044 2079 δια·

2469 2131 2640 2199 νοίας,
2677 2129 2785 2181 ἀπό
2824 2144 2885 2178 τε
2913 2126 3019 2178 τῶν
3055 2121 3350 2191 ὀφθαλμῶν
3381 2121 3477 2173 καὶ
3518 2122 3616 2189 τῆς
3646 2120 3738 2170 τοῦ
3765 2117 4040 2186 σχήματος

2472 2220 2920 2293 μαρτυρούμενον
2965 2213 3285 2284 εὐκοσμίας,
3318 2212 3378 2264 τὸ
3418 2212 3656 2275 δικάζειν
3686 2210 3869 2277 ἀφεὶς,
3914 2208 4041 2277 πρὸς

2466 2315 2528 2367 τὸ
2563 2317 2661 2367 θαυ
2674 2313 2866 2382 μάζειν
2894 2312 3185 2378 ἐτράπετο.

2539 2404 2614 2459 I".
2640 2405 2751 2474 Τὴν
2772 2402 2864 2455 οὖν
2895 2400 3109 2470 μητέρα
3139 2397 3362 2467 πλησίον
3393 2409 3913 2464 παραστησαμενος,
3947 2392 4041 2443 κά·

2468 2500 2648 2559 κείνας
2679 2512 2780 2547 που
2821 2492 3097 2563 μεταθεὶς,
3132 2490 3205 2540 Οὐ
3254 2488 3445 2556 μικρὰ,
3473 2484 3653 2554 φησιν,
3681 2476 3727 2534 ὦ
3758 2482 3942 2547 γύναι,
3979 2481 4040 2530 τὰ

2466 2592 2609 2644 κατὰ
2650 2588 2730 2651 σὲ,
2764 2585 2923 2653 εἴπερ
2955 2582 3075 2634 οὐδὲ
3124 2579 3319 2649 μικρὸν
3356 2573 3865 2646 πατροπαραδὸτων
3908 2569 4041 2620 ἐθῶν

2466 2686 2561 2737 καὶ
2591 2679 2954 2746 σεϐασμάτων
2986 2676 3211 2743 ἄρνησις
3246 2688 3258 2700 ⁸
3292 2671 3379 2722 ἵνα
3415 2669 3466 2721 τί
3494 2669 3585 2721 οὖν
3614 2668 3712 2736 τὴν
3753 2662 4041 2733 Ῥωμαίων

2465 2774 2708 2845 ταραχῆς
2744 2769 3045 2837 ἐνέπλησας
3102 2765 3195 2817 καὶ
3242 2763 3613 2831 διχοστασίας,
3667 2758 3805 2828 μηδὲ
3852 2757 3911 2809 τὸ
3940 2773 4043 2808 πα-

2471 2867 2649 2939 ράπαν
2680 2861 2818 2916 εἶναι
2844 2860 3021 2924 θεοὺς,
3047 2855 3160 2910 ἀλλ’
3188 2856 3430 2926 ὀνόματα
3458 2853 3616 2923 μόνον
3648 2852 3851 2911 αὐτοὺς
3874 2849 4041 2901 τελεῖν

2466 2959 2807 3031 πραγμάτων
2836 2958 3040 3026 ἔρημα,
3094 2948 3513 3018 διατεινομένης
3560 2944 3702 3012 Λέγε
3757 2945 3944 2996 τοίνυν
3987 2940 4043 2993 τὸ

2465 3054 2627 3120 τάχος
2674 3049 2929 3119 πατρίδα,
2973 3047 3153 3113 γένος,
3201 3044 3370 3111 ὄνομα
3403 3040 3587 3094 καὶτὸ
3630 3037 3823 3099 σέϐας.
3868 3035 3932 3089 Ἡ
3964 3036 4040 3101 δὲ,

776 3142 978 3181 nomen
1002 3137 1053 3182 et
1104 3128 1441 3199 religionem.
1477 3129 1569 3183 Illa
1593 3140 1773 3187 autem
1806 3149 1817 3185 :
1851 3132 2091 3187 Primum
2112 3134 2358 3201 quidem,

2473 3145 2698 3213 Πρῶτον
2735 3141 2834 3210 μὲν
2887 3138 3031 3206 ἐμοὶ,
3088 3136 3215 3205 ἔφη,
3277 3139 3369 3186 καὶ
3424 3132 3703 3200 ἐξαίρετον
3740 3131 3940 3199 ὄνομα,
3984 3130 4044 3180 τὸ

775 3220 974 3290 inquit,
1038 3220 1173 3274 mihi
1220 3230 1303 3276 est
1352 3224 1685 3292 praecipuum
1744 3240 1965 3286 nomen,
2025 3240 2089 3278 ex
2142 3223 2360 3278 Christo

776 3313 1058 3383 appellari.
1080 3311 1284 3382 Sophia
1314 3324 1517 3376 autem,
1546 3321 1632 3368 est
1656 3314 1787 3369 mihi
1806 3316 2123 3384 impositum
2156 3333 2356 3373 nomen

778 3422 807 3459 ιι
840 3404 1179 3474 parentibus.
1213 3403 1401 3460 Genus
1441 3405 1581 3461 duco
1623 3422 1685 3461 ex
1725 3408 1791 3463 iis
1838 3409 1929 3478 qui
1991 3410 2195 3479 primos
2245 3427 2360 3464 ma-

774 3496 1035 3566 gistratus
1076 3496 1435 3566 gesseruntin
1458 3493 1634 3559 Italia,
1666 3497 1720 3548 in
1750 3508 1855 3563 qua
1878 3499 2041 3550 etiam
2067 3513 2187 3550 sum
2207 3510 2355 3552 nata.

775 3589 924 3643 Inter
949 3589 1131 3643 omnia
1155 3603 1308 3653 vero,
1337 3596 1395 3643 ut
1423 3602 1453 3642 a
1486 3602 1573 3643 me
1602 3587 1808 3643 dictum
1842 3598 1944 3651 est,
1974 3590 2173 3659 glorior
2196 3591 2354 3646 invo-

772 3678 987 3734 catione
1022 3677 1127 3734 mei
1158 3676 1357 3734 Christi
1384 3687 1440 3733 et
1472 3679 1707 3745 Domini,
1731 3680 1818 3734 cui
1846 3680 1919 3734 fui
1955 3682 2134 3737 oblata
2176 3687 2353 3739 conti-

772 3788 883 3827 uuo
909 3773 976 3826 ab
1011 3780 1159 3836 ortu,
1190 3781 1245 3826 et
1274 3772 1362 3825 cui
1387 3772 1556 3826 obtuli
1586 3773 1820 3828 fructum
1845 3777 1950 3830 mei
2000 3779 2137 3832 uteri
2171 3795 2185 3832 :
2226 3796 2353 3848 pro-

773 3875 895 3935 pter
923 3879 1084 3935 quem
1115 3865 1276 3919 etiam
1293 3866 1542 3920 venimus
1562 3867 1616 3920 in
1647 3867 1793 3920 hanc
1824 3868 2195 3923 Romanorum
2222 3871 2358 3923 civi-

772 3965 961 4018 tatem,
992 3968 1050 4010 ut
1073 3970 1195 4010 cum
1223 3966 1425 4009 rectam
1459 3955 1619 4009 ﬁdem
1655 3970 1826 4025 usque
1852 3956 1919 4010 ad
1948 3966 2177 4011 mortem
2215 3974 2350 4013 cou-

772 4048 1193 4113 servaverimus,
1259 4048 1549 4116 pulchrum
1611 4048 1868 4105 viaticum
1902 4050 2215 4115 all‘erentes,
2251 4069 2351 4122 pro

770 4139 991 4195 Christo
1022 4148 1329 4209 susceptam
1360 4140 1812 4206 decertationem,
1846 4152 1903 4196 et
1940 4151 2293 4199 transeuntes
2320 4161 2352 4199 a

772 4239 947 4286 morte
982 4230 1037 4284 in
1072 4230 1257 4293 vitam,
1292 4230 1535 4285 haeredes
1570 4231 1744 4285 simus
1779 4233 2184 4303 bonorumquae
2224 4248 2353 4290 sunt

771 4324 882 4377 illic
912 4324 1197 4391 promissa.

843 4417 932 4471 IV.
967 4416 1172 4471 Horum
1202 4418 1492 4472 verborum
1524 4417 1851 4482 libertatem,
1884 4427 1937 4472 et
1960 4420 2351 4477 cumlibertate

772 4509 1095 4579 sapientiam
1125 4510 1425 4563 admiratus
1448 4518 1531 4563 est
1562 4510 1780 4579 impius.
1807 4511 1875 4567 Ut
1906 4513 1997 4579 qui
2029 4522 2208 4566 autem
2242 4515 2347 4582 iam

774 4602 954 4673 primo
972 4602 1113 4655 facto
1139 4601 1383 4671 periculo
1417 4611 1563 4657 esset
1615 4614 1927 4672 superatus.
1970 4612 2098 4659 tunc
2130 4607 2347 4673 quidem

774 4696 984 4750 distulit
1010 4695 1279 4764 virginum
1304 4696 1780 4763 interrogationem
1816 4713 1829 4759 ;
1872 4698 2008 4765 apud
2063 4700 2348 4766 quamdam

775 4800 955 4843 autem
973 4787 1251 4841 mulierem
1277 4787 1483 4841 ordinis
1501 4788 1784 4850 senatorii,
1805 4791 2348 4853 nominel’alladiam.

776 4882 928 4950 jubet
956 4896 1051 4935 eas
1085 4895 1208 4934 cum
1229 4889 1401 4933 matre
1425 4881 1653 4945 servari,
1686 4881 1960 4949 imperans
1982 4890 2038 4934 ut
2068 4898 2161 4937 eas
2192 4885 2350 4941 tertio

777 4973 862 5027 die
894 4972 1227 5041 produceret
1256 4971 1320 5025 ad
1355 4972 1841 5028 examinationem.
1880 4971 1985 5029 ιιιω
2020 4984 2199 5028 autem
2241 4977 2352 5057 otio

774 5068 917 5137 quod
936 5068 1015 5121 eis
1036 5068 1220 5121 datum
1240 5066 1437 5131 fuerat,
1465 5068 1609 5121 recte
1632 5076 1846 5122 utentes
1874 5070 2109 5122 animum
2126 5069 2350 5124 adhibe-

779 5166 908 5218 bant
933 5161 1112 5227 matri,
1143 5177 1261 5231 quae
1293 5160 1371 5214 eis
1402 5162 1665 5215 suadebat
1695 5178 1755 5216 ea
1785 5163 1983 5230 quibus
2028 5172 2142 5217 erat
2193 5180 2348 5233 opus.

781 5255 1165 5310 Dicabatenim
1200 5255 1436 5325 ciszEgo
1466 5255 1703 5324 quidem,
1727 5271 1759 5310 ο
1789 5256 1998 5311 diiectue
2036 5259 2175 5320 ﬁlia’,
2227 5273 2347 5311 cum

782 5364 875 5404 vos
905 5348 1205 5402 secundum
1241 5363 1460 5402 carnem
1491 5350 1822 5418 genuissem,
1855 5350 2263 5404 onmidoctrina
2296 5359 2348 5403 et

778 5442 948 5497 sacris
976 5441 1196 5496 Litteris
1222 5441 1418 5496 crudii.
1454 5440 1723 5507 Quoniam
1773 5454 1949 5498 autem
2007 5455 2350 5513 tempuswos

780 5542 935 5587 voeat
968 5533 1032 5586 ad
1051 5542 1349 5595 certamen,
1376 5547 1618 5586 meorum
1651 5534 1937 5589 verborum
1973 5536 2182 5591 fructus
2211 5552 2348 5604 qua-

778 5624 843 5677 lis
875 5625 963 5689 sit,
998 5624 1047 5677 in
1083 5626 1232 5681 vobis
1272 5634 1561 5695 appareat:
1594 5636 1647 5679 ct
1677 5626 1767 5681 diu
1794 5643 1819 5683 a
1865 5630 2013 5685 vobis
2034 5630 2346 5683 meditatam

884 5805 896 5829 ‘
930 5801 1118 5869 Matth,
1146 5823 1195 5871 χ,
1226 5805 1316 5858 28.

2465 3235 2750 3289 καλεῖσθαι
2794 3230 2903 3285 ἀπὸ
2930 3228 3165 3299 Χριστοῦ
3193 3245 3205 3258 ·
3244 3226 3416 3293 Σοφία
3444 3224 3499 3277 δὲ
3530 3226 3588 3275 τὸ
3634 3224 3744 3275 ἀπὸ
3780 3223 3891 3273 τῶν
3912 3239 4041 3289 γενο

2463 3323 2704 3394 νητόρων
2735 3320 2966 3387 λέγομαι
2993 3334 3005 3348 ·
3034 3318 3224 3380 γένους
3246 3310 3591 3379 τυγχάνουσα
3616 3308 3727 3359 τῶν
3755 3309 3859 3367 τὰς
3889 3310 4040 3377 πρώ-

2460 3427 2560 3470 τας
2602 3407 2776 3477 ἀρχὰς
2828 3399 3313 3472 περιὸεὕλημένων
3370 3400 3427 3449 ἐν
3489 3396 3717 3467 Ἰταλίᾳ.-
3780 3397 3904 3448 δοεν
3951 3397 4041 3447 καὶ

2462 3500 2753 3570 ὥρμημαι.
2798 3497 2889 3549 Ἑν
2920 3497 3056 3547 πᾶσι
3085 3492 3166 3556 δὲ,
3205 3491 3280 3554 ὣς
3315 3507 3405 3560 μοι
3446 3490 3687 3560 εἴρηται,
3720 3491 3789 3559 τῇ
3814 3488 4039 3557 ἐπικλή-

2464 3609 2546 3645 σει
2573 3590 2667 3644 τοῦ
2696 3588 2830 3659 ἐμοῦ
2854 3588 3127 3641 Δεσπότου
3160 3584 3397 3658 Χριστοῦ
3429 3584 3773 3653 σεμνύνομαι
3819 3582 4040 3651 μᾶλλον,

2459 3684 2504 3757 ᾧ
2552 3686 2646 3737 καὶ
2696 3681 3074 3753 προσηνέχθην
3118 3680 3279 3741 εὐθὺς
3332 3679 3396 3730 ἐκ
3444 3680 3781 3746 γεννήσεως,
3819 3677 3911 3728 καὶ
3955 3675 4041 3745 τὶν

2457 3762 2564 3829 τῶν
2595 3774 2744 3844 ἐμῶν
2796 3772 3003 3825 ὠδίνων
3048 3769 3260 3837 καρπὸν
3311 3769 3688 3836 προσενήνοχα
3712 3782 3728 3796 ο
3761 3767 3827 3818 δι’
3862 3767 3919 3819 ὃν
3955 3766 4043 3817 καὶ

2460 3872 2538 3930 εἱς
2565 3868 2720 3936 τήνδε
2760 3866 2856 3934 τὴν
2917 3863 3206 3930 Ῥωμαίων
3257 3860 3741 3928 παρα-γεγόναμεν,
3781 3860 3858 3917 ὡς
3888 3861 3955 3911 ἂν
3988 3860 4039 3909 τ’)

2462 3960 2588 4028 περὶ
2614 3958 2711 4028 τὴν
2744 3957 2925 4008 πίστιν
2949 3954 3096 4021 ὑγιὲς
3140 3953 3303 4023 μέχρι
3337 3954 3430 4005 καὶ
3462 3952 3628 4004 αὑτοῦ
3663 3950 3902 4004 Θανάτου
3930 3953 4041 4003 δια-

2459 4053 2795 4124 τηρήσασαι,
2843 4050 2937 4103 καὶ
2988 4048 3149 4100 καλὸν
3201 4045 3412 4116 ἐφόδιον
3448 4046 3548 4115 τὴν
3608 4046 3755 4115 ὑπὲρ
3800 4043 4043 4114 Χριστοῦ

2457 4140 2686 4208 ἄθλησιν
2724 4138 3087 4206 ἐπαγόμεναι.
3128 4133 3435 4205 μεταϐᾶσαί
3486 4150 3546 4184 τε
3596 4133 3709 4184 ἀπὸ
3742 4133 3837 4185 τοῦ
3876 4134 4045 4186 θανα-

2459 4248 2550 4282 του
2582 4232 2659 4291 εἰς
2688 4231 2782 4297 τὴν
2809 4229 2951 4295 ζωὴν
2980 4228 3087 4278 τῶι
3118 4229 3173 4278 ὲν
3207 4225 3564 4291 ἐπαγγελίαις
3586 4226 3802 4275 ὲκεῖῦεν
3840 4225 4045 4294 κληρο-

2458 4324 2595 4393 νομή
2607 4338 2787 4390 σωμεν
2814 4319 3057 4385 ἀγαυῶν.

2529 4416 2601 4469 Δ’.
2638 4414 2813 4468 Τῶνδε
2872 4413 2977 4465 τῶν
3014 4412 3276 4482 ῥημάτων
3314 4410 3341 4463 ὁ
3392 4408 3659 4479 δυσσεϐὴς
3697 4410 3799 4480 τὴν
3832 4411 4051 4462 ἐλευθε-

2384 4493 2435 4552 D
2463 4513 2584 4582 ρίαν
2627 4512 2721 4563 καὶ
2772 4511 2831 4561 τὴ
2871 4507 3007 4577 μετὰ
3050 4505 3363 4577 παρρησίας
3411 4504 3706 4557 εὐσύνετον
3766 4505 3857 4557 διὰ
3920 4504 4051 4556 Θαύο

2464 4623 2629 4675 ματος
2666 4601 3064 4671 ποιησάμενος,
3100 4598 3175 4658 ὡς
3208 4597 3308 4666 ἤδη
3336 4595 3423 4647 διὰ
3455 4597 3551 4661 τῆς
3585 4596 3812 4667 πρώτης
3850 4600 4051 4669 τ’,εξρις

2457 4701 2555 4766 τὴν
2594 4694 2762 4766 ἧτταν
2788 4692 3101 4760 δεξάμενος,
3134 4688 3252 4740 τότε
3328 4689 3425 4756 μὲν
3468 4689 3565 4757 τὴν
3594 4688 3735 4758 πρὸς
3775 4692 3879 4754 τὰς
3912 4710 4055 4759 περ·

2460 4794 2646 4850 “vos;
2688 4784 2955 4857 ἐρώτησιν
3006 4783 3325 4851 ὑπερέθετο,
3366 4781 3514 4848 παρά
3562 4797 3668 4830 τινι
3730 4782 3787 4832 δὲ
3819 4788 4051 4846 γυναικὶ

2458 4883 2567 4935 τῶν
2586 4882 2684 4948 τῆς
2708 4878 3009 4945 συγκλήτου
3036 4873 3261 4937 τάξεως,
3286 4871 3523 4937 τοῦνομα
3545 4870 3850 4942 Παλλαδίᾳ,
3880 4889 4053 4942 πρυ.

2459 4978 2638 5029 τάττει
2704 4969 3094 5039 φυλάττεσθαι,
3152 4966 3345 5035 τρίτην
3411 4964 3631 5033 ἡμέραν
3687 4973 4052 5035 παραγαγεῖν

2461 5070 2629 5130 αὐτὲις
2661 5068 2739 5126 είς
2770 5063 3041 5134 ἐρώτησιν
3087 5056 3377 5115 κελεύσας.
3421 5057 3487 5108 Αἱ
3520 5056 3575 5108 δὲ
3610 5056 3713 5125 τὴν
3747 5058 4055 5125 δεδομένην

2462 5157 2731 5231 σχολὴνεῦ
2762 5156 3079 5222 διαθέμεναι
3121 5155 3187 5221 τῇ
3242 5151 3413 5221 μητρὶ
3439 5152 3737 5219 προσεῖχον
3765 5153 3833 5202 τὰ
3857 5152 4055 5203 δέοντι

2458 5248 2818 5319 παραινούσῃ.
2858 5243 3052 5310 Ἴίλεγε
3092 5242 3198 5311 γάρ
3249 5242 3474 5303 αὐταῖς*
3541 5239 3689 5308 Ἐγὼ
3739 5242 3843 5309 μὲν
3880 5244 4052 5313 ὑμᾶς.

2459 5334 2502 5393 ὦ
2545 5342 2710 5392 τέκνα
2765 5334 3097 5404 ποθούμενα,
3153 5332 3213 5385 τὸ
3253 5330 3395 5384 κατὰ
3448 5331 3629 5389 σάρκα
3699 5337 4053 5405 γεννήσασι,

2461 5434 2677 5503 παιδείᾳ
2717 5433 2863 5501 πάσῃ
2892 5427 2985 5481 καὶ
3021 5428 3183 5497 ἱεροῖς
3226 5422 3404 5490 λόγοις
3449 5424 3865 5497 ἐξεθρεψάμην,
3902 5430 4057 5482 Ἐπεὶ

2461 5525 2553 5581 οὖν
2576 5526 2764 5596 καιρὸς
2790 5525 2867 5583 είς
2894 5519 3079 5589 ἀγῶνα
3103 5518 3435 5587 παρακαλεῖ,
3464 5519 3492 5569 ὁ
3538 5519 3647 5573 τῶν
3676 5520 3833 5589 ἐμῶν
3876 5524 4053 5593 λόγων

2462 5623 2670 5699 χαρπὺς
2726 5622 2928 5683 ὁποῖος,
2976 5618 3031 5672 ὲν
3080 5615 3204 5686 ὑμῖν
3256 5611 3480 5679 ὀροήτω
3509 5628 3524 5643 ·
3566 5615 3660 5667 καὶ
3713 5614 3785 5687 μὴ
3833 5618 3947 5691 τὴν
4000 5623 4055 5670 ἐκ
