4170 6322
254 357 358 422 501

1017 356 1476 418 MARTYRIUM
1520 357 1578 414 s.
1622 352 1918 415 SOPHLE
1959 354 2051 412 nr
2091 334 2469 414 FlLlAHUM
2512 354 2714 414 EJUS.

3372 349 3473 410 502

257 469 455 525 πολλοῦ
488 467 973 539 διαμελετηθείσαν
1010 470 1139 537 ὑμῖν
1187 469 1410 538 ἀρετὴν,
1442 469 1475 538 ή
1516 467 1583 520 δι’
1629 467 1810 534 ὀλίγου

1926 467 2196 532 virtutem,
2227 483 2348 538 quae
2381 467 2538 524 vobis
2563 465 2712 521 brevi
2751 475 2835 520 est
2863 464 3169 528 inferenda,
3203 477 3309 516 non
3361 463 3473 515 vin-

249 561 726 632 ἐπενεχθησομένη
751 563 854 632 ὲπή
866 579 982 632 ρεια
1005 561 1271 633 διελέγξῃ,
1306 562 1441 632 μηδὲ
1471 561 1532 614 τὸ
1549 563 1649 632 τῆς
1678 561 1813 614 πλόι-

248 669 350 722 νης
396 654 687 723 ἀνίσχυρον
731 657 830 724 τὴν
872 655 1072 718 παντὸς
1106 655 1458 725 ἰσχυροτέραν
1510 654 1812 724 κατισχὺσῃ

247 742 533 811 ἀλήθειαν.
562 745 842 797 ’Ύποπτόν
866 763 951 812 μοι
974 747 1072 814 τῆς
1101 746 1313 816 ήλικίας
1334 745 1486 815 ὑμῶν
1508 745 1569 797 τὸ
1597 745 1806 808 νεάζον,

248 835 386 888 ἀλλὰ
419 836 493 905 μὴ
526 835 773 888 δειλιάτω
795 836 882 888 τὸν
932 838 1174 890 κίνδυνον
1203 855 1215 867 ·
1262 837 1412 904 ἕξετε
1467 837 1575 906 γὰρ
1619 839 1809 907 βοηθὸν

245 926 350 994 τὴν
379 929 587 996 ἄμαχον
614 926 708 980 τοῦ
740 927 976 998 Χριστοῦ
1004 929 1337 1000 συμμαχίαν.
1367 931 1493 982 Δότε
1528 929 1811 998 τοιγαροῦν

244 1015 330 1084 τῷ
358 1015 476 1086 ὲμῷ
522 1018 688 1085 γήρᾳ,
731 1017 850 1069 δότε
879 1023 989 1080 τοῖς
1023 1019 1306 1089 ὑμετέροις
1352 1021 1561 1086 ἀγῶσιν
1604 1021 1812 1089 ἐνσκιρ-

247 1106 414 1175 τῆσαι
442 1106 850 1176 νεανικώτερον,
884 1111 1159 1162 ἀνένδοτον
1205 1112 1332 1180 ἄχρι
1368 1111 1557 1173 τέλους
1586 1111 1684 1180 τὴν
1731 1113 1811 1172 εἰς

248 1199 486 1268 Χριστὸν
525 1198 879 1268 διατηροῦσαι
912 1202 1221 1270 ὁμολογίαν,
1258 1206 1313 1264 ὃς
1340 1204 1430 1254 καὶ
1458 1203 1598 1271 χειρὶ
1631 1201 1812 1269 στέψει

246 1289 318 1355 τῇ
370 1285 639 1356 ἀθανάτῳ,
698 1290 791 1340 καὶ
836 1292 1185 1360 ἀμαράντους
1239 1294 1367 1360 ὑμῖν
1413 1293 1640 1362 παρέξει
1690 1293 1813 1353 τοὺς

249 1378 571 1451 στεφάνους,
634 1381 750 1447 μεθ’
798 1377 856 1434 οὗ
900 1382 993 1434 καὶ
1045 1385 1122 1445 εἰς
1158 1384 1357 1445 αἰῶνας
1399 1383 1584 1436 ἐτεσοε
1618 1400 1814 1452 συγχο-

251 1469 528 1538 ρεύουσαι,
562 1473 656 1524 καὶ
685 1471 962 1542 ἄφθαρτον
995 1475 1280 1543 τρυφῶσαι
1323 1475 1553 1545 τρυφὴν,
1593 1475 1815 1527 πλοῦτόν

246 1573 309 1608 τε
336 1556 552 1620 ἄσυλον,
590 1562 682 1611 καὶ
710 1560 901 1629 ἡδονὴν
926 1563 1304 1633 καρπούμεναι
1343 1563 1614 1632 μηδέποτε
1646 1581 1814 1615 παυο-

251 1649 448 1719 μένην.
520 1651 803 1720 Φρονίμων
870 1653 962 1706 οὖν
1035 1656 1183 1707 ἐστιν
1254 1655 1816 1719 ἀντικαταλλάξασθαι

249 1743 366 1792 τῶν
399 1742 612 1809 μικρῶν
635 1742 702 1793 τὰ
735 1745 988 1810 μέγιστα,
1023 1747 1130 1797 τῶν
1170 1748 1418 1800 ἀστάτων
1454 1749 1523 1798 τὰ
1561 1748 1813 1814 μένοντα,

247 1831 364 1880 τῶν
413 1833 644 1898 ῥεόντων
684 1834 747 1883 τὰ
802 1835 875 1901 μὴ
933 1834 1235 1904 κενούμενα
1268 1850 1282 1865 '
1331 1839 1450 1889 ἐπεὶ
1503 1839 1599 1891 καὶ
1629 1841 1818 1892 πασῶν

251 1922 598 1988 πραγμάτων
622 1921 686 1974 αὑ
699 1940 759 1990 τη
788 1925 1109 1994 τιμιωτέρα,
1130 1927 1312 1994 ὀλίγου
1333 1929 1564 1996 αἵματος
1580 1932 1819 2000 οὐρανῶν

249 2012 568 2078 ὠνήσασθαι
607 2017 704 2083 τὴν
737 2016 1035 2084 βασιλείαν.
1068 2018 1173 2072 Καὶ
1200 2019 1370 2072 ταῦτα
1409 2023 1504 2090 μὲν
1538 2026 1566 2090 ἡ
1601 2025 1786 2091 Σοφία.

328 2102 400 2154 Ε’.
430 2107 492 2156 Ai
526 2106 580 2156 δὲ
622 2111 792 2176 μητρί
819 2109 1042 2182 τοιαύτῃ
1069 2114 1442 2183 προσήκουσαι
1479 2114 1774 2184 Θυγατέρες
1803 2133 1816 2146 ·

252 2190 330 2240 Σὺ
358 2191 478 2258 μὲν,
516 2187 686 2254 εἷπον,
725 2189 766 2246 ὦ
794 2197 1063 2266 σεϐασμὲα
1094 2200 1285 2270 μῆτερ,
1316 2202 1501 2272 εὐχαῖς
1532 2206 1680 2272 ἡμᾶς
1699 2206 1820 2265 ταῖς

257 2286 556 2350 μητρικαῖς
607 2287 998 2357 παράπεμψον,
1041 2293 1407 2362 φυλακτήριον
1449 2298 1581 2366 ἡμῖν
1624 2296 1822 2363 ἀγαθον

255 2370 436 2433 αὑτάς
459 2375 834 2444 παρασχοῦσα.
880 2377 936 2429 Ὀ
962 2379 1016 2429 δὲ
1049 2382 1322 2447 προειπὼν
1344 2382 1565 2451 Κύριος,
1599 2385 1686 2452 Μὴ
1724 2401 1820 2452 με·

255 2464 564 2531 ριμνήσητε
602 2466 716 2526 πῶς
757 2467 787 2532 ἢ
819 2466 871 2516 τί
906 2468 1332 2538 ἀπολογήσεσθε.
1367 2473 1492 2523 ὅταν
1533 2475 1625 2524 ἐπὶ
1669 2476 1822 2542 βασι-

257 2556 372 2616 λεῖς
407 2556 604 2623 ἀχθῆτε
657 2557 749 2606 καὶ
798 2557 1093 2624 ἡγεμόνας,
1143 2554 1296 2622 οὗτος
1337 2563 1573 2624 πάντως,
1613 2562 1687 2625 ὡς
1722 2563 1820 2631 μὲν

257 2643 488 2711 ἀληθὴς,
519 2644 577 2694 οὑ
603 2643 964 2710 διαψεὺσεται,
996 2646 1068 2710 ὡς
1097 2649 1152 2700 δὲ
1183 2650 1424 2715 δυνατὸς,
1453 2651 1820 2722 ἐκπληρώσει,

258 2737 520 2804 παρέχων
548 2737 682 2806 ἡμῖν
712 2739 922 2806 σοφίαν,
951 2741 1016 2793 δι’
1049 2735 1114 2809 ἧς
1141 2741 1479 2811 δυνησόμεθα
1509 2745 1604 2813 τὴν
1638 2746 1825 2814 μωρὰν

259 2826 436 2888 ὄντως
462 2829 554 2879 καὶ
579 2832 1032 2898 καταργουμένην
1055 2832 1274 2901 νικῆσαι
1307 2835 1517 2901 σοφίαν,
1552 2837 1645 2889 καὶ
1663 2853 1826 2904 φανε-

263 2914 382 2984 ρῶς
417 2914 802 2985 τροπώσασθαι
841 2918 938 2984 τὴν
979 2919 1252 2972 ἀσέϐειαν.
1304 2920 1424 2972 Τῶν
1457 2917 1549 2972 οὖν
1587 2921 1824 2990 ὡρισμέ-

263 3024 376 3059 νων
439 3007 606 3072 τριῶν
660 3007 882 3075 ἡμερῶν
942 3011 1044 3080 ἤδη
1098 3012 1482 3081 παρηκουσῶν,
1545 3013 1679 3083 πρὸς
1727 3013 1826 3083 τὴν

1915 572 2000 616 cat
2027 561 2240 632 injuria:
2273 577 2448 630 neque
2470 561 2672 615 erroris
2711 557 3051 614 imbecillitas
3119 571 3178 610 re
3236 556 3478 624 quali‘nct

1914 650 2190 705 fortiorem
2215 660 2434 720 superet
2467 650 2772 705 veritatem.
2792 647 2920 702 Mihi
2948 655 3031 701 est
3057 653 3304 712 suspecta
3348 656 3478 698 aetas

1915 753 2087 797 vestra
2113 743 2366 812 juvenilis
2393 753 2445 797 et
2468 751 2648 798 tenera
2669 759 2684 806 ;
2706 742 2798 798 sed
2824 756 2932 794 non
2967 739 3282 794 extimescat
3334 741 3478 806 peri-

1912 833 2306 890 culum.Vubis
2359 836 2504 889 enim
2558 849 2715 904 opem
2770 832 2908 888 feret
2951 831 3212 884 invictum
3277 828 3476 882 Christi

1914 927 2192 982 auxilium.
2227 929 2356 982 Date
2395 942 2520 997 ergo
2544 941 2676 981 meae
2697 924 2982 988 senectuti,
3017 922 3159 984 date,
3187 929 3243 973 ut
3289 919 3479 971 vestris

1913 1020 2302 1074 certaminibus
2336 1019 2648 1088 iuveniliter
2679 1017 2969 1081 exsullem,
3000 1015 3206 1068 firmam
3241 1023 3293 1065 et
3318 1010 3482 1065 stabi-

1914 1106 2016 1163 lem
2046 1120 2322 1164 servantes
2344 1125 2509 1178 usque
2531 1111 2595 1163 ad
2628 1108 2787 1162 finem
2815 1106 3013 1161 Christi
3047 1105 3440 1159 confessionem
3466 1120 3476 1151 :

1915 1200 2002 1267 qui
2023 1210 2250 1253 etmanu
2279 1200 2558 1254 coronabit
2578 1195 2888 1260 immortali,
2915 1204 2966 1248 et
2985 1208 3100 1261 quae
3128 1207 3232 1243 non
3259 1197 3483 1256 possunt

1916 1307 2270 1352 marcescere,
2291 1291 2443 1351 vobis
2479 1289 3005 1358 prmbebitcorouas,
3021 1295 3147 1354 post
3165 1299 3299 1353 quas
3323 1284 3374 1336 in
3396 1298 3485 1335 sa:-

1917 1386 2035 1442 cula
2055 1379 2250 1439 choros
2263 1383 2420 1436 simul
2438 1382 2669 1443 ducetis,
2690 1392 2738 1433 et
2758 1379 3008 1433 fruemini
3029 1377 3258 1441 deliciis,
3280 1377 3330 1429 in
3354 1391 3486 1446 quas

1919 1493 2029 1531 non
2087 1476 2230 1530 cadit
2278 1475 2547 1536 interitus,
2575 1482 2629 1526 et
2661 1469 3071 1538 eonsequemini
3107 1469 3342 1530 divitias,
3369 1486 3486 1536 qua:

1917 1586 2026 1623 non
2050 1576 2276 1638 possunt
2303 1565 2542 1640 subripi,
2569 1573 2623 1618 et
2647 1578 2766 1632 quae
2801 1575 3075 1629 nunquam
3096 1558 3315 1620 desinit,
3336 1558 3486 1611 volu-

1920 1669 2068 1728 ptate
2098 1656 2398 1726 patiemini.
2418 1657 2658 1724 Estergo
2683 1651 3033 1724 prudentium
3060 1654 3238 1718 parvis
3273 1665 3488 1728 permu-

1927 1761 2040 1805 tare
2069 1749 2321 1812 maxima,
2347 1747 2692 1801 instabilibus
2725 1742 3118 1814 permanentia,
3197 1741 3488 1795 ﬂuentibus

1920 1857 1982 1896 ea
2033 1856 2152 1910 qua:
2180 1854 2284 1892 non
2309 1840 2713 1893 exinaniuntur.
2741 1835 2834 1887 Est
2867 1835 3012 1888 enim
3057 1834 3296 1887 omnium
3325 1848 3493 1900 nego-

1921 1936 2119 1987 tiorum
2151 1933 2250 1984 hoc
2275 1930 2432 1999 longe
2457 1926 2996 1997 praestantissimum,
3021 1937 3196 1992 pauco
3233 1922 3493 1991 sanguine

1921 2040 2101 2080 emere
2134 2039 2357 2092 regnum
2389 2023 2673 2077 caelorum.
2708 2020 2777 2073 Et
2801 2019 2916 2072 hmc
2949 2017 3166 2087 quidem
3198 2014 3420 2090 Sophia.

1993 2113 2056 2167 V.
2085 2114 2234 2166 Matri
2259 2123 2437 2164 autem
2457 2118 2816 2178 congruentes
2843 2109 2962 2160 filiae
2992 2106 3107 2160 :Tu
3139 2106 3378 2174 quidem,
3413 2105 3495 2155 in-

1922 2205 2134 2274 quiunt,
2163 2219 2195 2256 ο
2219 2201 2524 2256 veneranda
2550 2209 2742 2262 mater,
2772 2214 2872 2253 nos
2934 2197 3196 2253 maternis
3241 2197 3494 2266 precibus

1923 2306 2272 2362 prosequere,
2291 2306 2382 2346 eas
2405 2291 2564 2345 nobis
2586 2289 2832 2360 praebens
2849 2289 3054 2343 bonum
3075 2296 3318 2343 tutamen
3343 2305 3356 2342 :
3389 2287 3493 2344 Do-

1924 2390 2102 2441 minus
2118 2394 2320 2449 autem,
2343 2385 2433 2454 qui
2451 2385 2610 2439 dixit:
2642 2383 2722 2437 Ne
2737 2380 2952 2437 solliciti
2972 2380 3093 2435 sitis
3113 2379 3382 2449 quomodo
3402 2386 3496 2433 aut

1922 2479 2048 2544 quid
2071 2476 2460 2542 respondeatis,
2480 2474 2695 2544 quando
2712 2473 2982 2528 ducemini
3001 2474 3065 2528 ad
3086 2485 3238 2541 reges
3253 2478 3305 2524 et
3355 2484 3495 2538 prae-

1923 2567 2067 2620 sides
2090 2568 2108 2596 ³
2130 2565 2206 2631 ;is
2228 2566 2470 2630 omnino,
2493 2566 2650 2633 utqui
2670 2565 2936 2626 sitverax,
2956 2577 3063 2616 non
3082 2562 3413 2626 mentietur;
3439 2569 3497 2614 ut

1923 2658 2013 2727 qui
2031 2657 2100 2712 sit
2115 2669 2294 2712 autem
2316 2666 2529 2726 potens,
2551 2654 2877 2725 promissum
2924 2652 3192 2721 implebit,
3242 2651 3494 2722 praebens

1924 2747 2080 2800 nobis
2095 2746 2552 2817 sapientiam,per
2575 2760 2738 2814 quam
2762 2742 3063 2812 poterimus
3115 2756 3242 2794 vere
3272 2740 3494 2796 stultam

1927 2839 2250 2907 sapientiam
2264 2848 2318 2891 et
2330 2855 2449 2907 quae
2462 2838 2770 2892 exinanitur
2790 2837 3025 2900 vincere,
3048 2841 3377 2891 et'adversus
3397 2835 3502 2888 ἰωή

1926 2928 2180 2999 pietatem
2202 2938 2385 2997 aperte
2403 2937 2665 2997 tropaeum
2682 2928 2912 2999 erigere.
2926 2927 3060 2981 Cum
3082 2937 3191 2980 tres
3209 2941 3339 2996 ergo
3360 2941 3498 2994 prae-

1928 3023 2102 3077 stituti
2121 3023 2237 3077 dies
2247 3023 2352 3094 jam
2378 3021 2788 3093 praeteriissent,
2808 3022 3085 3076 ducuntur
3103 3028 3304 3073 sanctre
3319 3018 3384 3071 ad
3416 3017 3502 3070 in-

260 3099 538 3167 ὲρώτησιν
572 3100 627 3150 at
683 3099 839 3166 ἅγιαι
880 3101 1094 3170 ἤγοντο.
1138 3099 1270 3155 Εἶτα
1308 3104 1335 3155 ὁ
1377 3103 1609 3168 δικάζων
1651 3105 1825 3170 δεινὸς

1928 3115 2368 3184 terrOgationem.
2404 3113 2788 3184 Deindejudex
2821 3128 2944 3168 cum
2973 3113 3121 3168 ess’et
3156 3111 3404 3175 callidus,
3445 3119 3503 3164 et

259 3188 346 3241 ὢν
375 3194 466 3241 καὶ
500 3192 781 3260 σκοπήσας
815 3193 868 3244 τί
894 3193 1181 3263 χαλάσειεν
1213 3194 1278 3247 ἂν
1313 3195 1568 3250 νεανίδων
1599 3198 1823 3251 ἁπαλῶν

257 3282 547 3352 λογισμὸν,
575 3283 736 3354 πολλῇ
774 3287 974 3348 ταύτας
1022 3287 1298 3358 ὑπήρχετο
1341 3289 1638 3359 κολακεία⁸
1689 3290 1822 3344 καί·

270 3372 475 3443 Ὀρῶν,
505 3374 676 3442 ὑμῶν,
701 3376 825 3444 ἔφη,
856 3376 916 3428 τὸ
948 3377 1160 3441 κάλλος,
1194 3377 1236 3430 ὦ
1268 3379 1475 3443 παῖδες,
1508 3383 1602 3433 καὶ
1639 3382 1736 3452 τὴν
1763 3385 1826 3436 ὲκ

257 3467 366 3535 της
417 3466 632 3535 μορφῆς
680 3467 882 3536 ταύτην
939 3467 1318 3536 ἀπορρέουσαν
1359 3469 1577 3538 ⁴ἡδονὴν,
1623 3472 1723 3525 οὑκ
1768 3475 1827 3538 ἐξ

261 3558 616 3627 ἀνθρωπίνης
649 3558 888 3628 ἠγοῦμαι
923 3559 1204 3630 προελθεῖν
1237 3560 1380 3630 ὑμᾶς
1415 3560 1646 3629 φύσεως,
1693 3566 1828 3622 ἀλλά

261 3664 412 3711 τινος
463 3649 739 3721 θειοτέρας
781 3653 872 3706 ἐπὶ
907 3652 1147 3723 θαύματι
1192 3657 1300 3710 τῶν
1344 3655 1592 3724 ὁρώντων
1622 3660 1829 3716 ἀποτα-

260 3741 466 3812 χθῆναι
488 3758 502 3774 ·
537 3743 625 3798 διὰ
649 3745 822 3799 ταῦτα
862 3752 956 3804 καὶ
997 3754 1270 3823 πατρικὴν
1303 3755 1706 3824 ἐνδεικνύμενος
1732 3758 1831 3826 τὴν

266 3839 532 3905 στοργὴν,
569 3837 704 3901 ἀξιῶ
749 3840 914 3907 ὑμᾶς,
951 3843 1222 3910 φίλταται,
1251 3847 1323 3914 μὴ
1350 3847 1677 3916 βουληθῆναι
1695 3848 1829 3910 ὅλως

262 3929 569 3996 ἀπειθῆσαι
616 3929 859 3995 φιλοῦντι
906 3935 1102 4003 πατρὶ,
1158 3936 1291 3988 ἀλλὰ
1347 3938 1536 4006 πρῶτα
1589 3941 1686 4008 μὲν
1739 3942 1831 3993 ἐπὶ

263 4020 396 4072 νοῦν
437 4020 620 4073 λαϐεῖν
652 4021 779 4075 ἔνθα
827 4023 1040 4093 ἡλικίας
1073 4029 1104 4098 ἠ
1140 4029 1322 4100 μήτηρ
1361 4029 1512 4100 ὑμῶν
1563 4033 1731 4095 ἔστιν,
1764 4028 1831 4103 ἧς

260 4112 366 4164 καὶ
394 4113 748 4182 μαστίζεσθαι
777 4116 856 4168 δεῖ
884 4120 944 4172 τὸ
973 4119 1170 4188 γῆρας,
1199 4121 1358 4190 εἴπερ
1385 4122 1543 4191 ὑμεῖς
1567 4122 1832 4175 ἀπειθοῦ-

267 4219 366 4256 σαι
414 4206 694 4272 φαίνεσθε.
762 4210 993 4263 Ἔπειτα
1032 4211 1088 4264 δὲ
1134 4211 1230 4264 καὶ
1277 4214 1338 4266 τὸ
1381 4214 1497 4266 νέον
1549 4213 1645 4281 τῆς
1678 4213 1831 4282 ὑμῶν

260 4296 490 4364 ἡλικίας
515 4300 594 4360 εις
627 4301 856 4367 καρδίαν
889 4301 1104 4362 θέσθαι.
1141 4302 1235 4356 τοῦ
1270 4305 1497 4366 κάλλους
1541 4319 1598 4354 τε
1642 4304 1702 4355 τὺ
1733 4305 1833 4359 ἄν.

265 4390 366 4453 θος
411 4391 500 4442 καὶ
545 4390 642 4459 τὴν
690 4392 1000 4462 ἀπόρρητον
1038 4395 1363 4466 εὐμορφίαν,
1406 4398 1473 4467 ἣν
1511 4398 1638 4450 ὅσον
1671 4399 1832 4452 ἐθαύ-

266 4497 446 4551 μασα,
468 4479 720 4534 τοσοῦτον
746 4481 940 4551 ἔσομαι
967 4464 1213 4550 κολάζων
1245 4489 1338 4539 καὶ
1476 4487 1825 4560 βουλόμενος,
1864 4464 1910 4521 D

263 4573 387 4638 εἴγε
408 4572 560 4636 ὑμεῖς
584 4574 660 4644 τῷ
691 4575 764 4646 μὴ
788 4576 1070 4630 πείθεσθαι
1101 4577 1367 4634 λυποῦσαί
1396 4597 1460 4649 με
1496 4584 1632 4649 πρὸς
1655 4584 1827 4655 ὀργὴν

263 4663 578 4732 ἐξαγάγητε
606 4681 620 4694 ο
669 4670 762 4720 καὶ
797 4670 941 4729 τότε,
975 4671 1116 4736 φεῦι
1151 4673 1432 4726 ἀπολεῖσθε
1474 4691 1662 4738 κακως
1704 4678 1830 4730 ὅταν

262 4758 383 4810 ἔδει
423 4757 618 4826 μᾶλλον
651 4759 794 4827 ὑμᾶς
841 4762 1076 4830 χαίρειν,
1109 4764 1428 4834 εὐπραγεῖν,
1464 4767 1697 4820 πλούτου
1741 4769 1834 4820 καὶ

259 4849 428 4918 δόξης
463 4851 554 4903 καὶ
584 4851 865 4924 βασιλικῆς
889 4854 1182 4908 ἀπολαύειν
1218 4857 1524 4926 εὐμενείας,
1558 4859 1736 4912 αὑτῶν
1775 4877 1834 4911 τε

260 4941 382 4994 τῶν
420 4943 600 4995 καλῶν
632 4943 725 4995 τοῦ
756 4947 948 5015 καιροῦ
977 4949 1070 5000 καὶ
1092 4949 1189 5017 τῆς
1216 4950 1431 5017 ἡλικίας
1458 4955 1830 5022 κατατρυφᾷν.

279 5032 449 5086 Ἀλλὰ
478 5035 648 5087 ταῦτα
681 5037 776 5104 μὲν
802 5038 828 5088 ὁ
855 5038 1111 5102 δικάζων.

344 5121 437 5187 (ζ’.
471 5118 535 5177 Ᾰί
577 5125 634 5178 δὲ
663 5126 936 5193 παρθένοι,
967 5130 1034 5182 τὰ
1064 5130 1166 5198 τῆς
1202 5130 1400 5200 Σοφῐας
1436 5133 1789 5202 βλαστήματα
1817 5151 1831 5165 ·

275 5217 498 5284 Ἦμεῖς,
523 5218 692 5280 εἶπον,
720 5219 843 5273 οὔτε
875 5219 979 5274 τῶν
1013 5224 1350 5292 ἐπαγγελιῶν
1382 5242 1472 5276 σου
1502 5225 1723 5288 τούτων,
1764 5227 1838 5290 ὡς

267 5312 533 5381 εἴρηκας,
570 5313 857 5380 ἐφιέμεθα,
883 5313 1004 5366 οὔτε
1046 5315 1157 5367 τῶν
1190 5317 1424 5372 ἀπειλῶν
1459 5319 1552 5371 καὶ
1585 5317 1834 5386 βασάνων

264 5401 685 5468 ἐπιτρεφόμεθα
713 5420 728 5435 ⁶
770 5405 1058 5475 ἀφθάρτων
1089 5406 1195 5478 γάρ
1229 5410 1440 5477 ἐρῶμεν
1471 5411 1708 5476 ἀγαθῶν,
1743 5412 1837 5463 καὶ

266 5489 555 5560 ἀφθάρτου
581 5490 864 5560 Νυμφίου,
887 5497 994 5548 τῶν
1018 5498 1373 5567 ἀνθρωπίνων
1403 5501 1620 5554 πάντων
1670 5519 1839 5555 κατα-

267 5578 642 5650 φρονήσασαι.
684 5581 804 5635 Ὀτι
836 5581 891 5636 δὲ
923 5582 1018 5654 τὴν
1048 5585 1257 5656 μητέρα
1288 5587 1534 5642 κολάσειν
1573 5589 1836 5658 ἀπειλεῖς,

383 5759 403 5786 ²
437 5754 626 5810 Matth.
667 5773 718 5820 ιι,
757 5760 844 5812 l9.

1929 3204 2600 3273 considerassetquidnam
2625 3213 2939 3258 tenerarum
2963 3203 3498 3259 adolescentularum

1931 3297 2420 3352 animummaxime
2447 3297 2726 3351 remittere
2759 3305 2816 3350 et
2855 3295 3098 3350 emollire
3163 3304 3362 3365 posset.
3409 3309 3501 3348 eas

1931 3388 2113 3443 multis
2132 3405 2418 3458 aggressus
2435 3400 2518 3444 est
2546 3388 2855 3455 blanditiis;
2885 3398 2941 3444 et
2970 3406 2984 3442 :
3005 3389 3139 3444 Cum
3161 3387 3392 3448 videam,
3415 3386 3500 3438 in-

1930 3480 2112 3546 quit.o
2132 3480 2342 3547 puellae,
2361 3487 2588 3534 vestram
2609 3479 3085 3548 pulchritudinem,
3108 3487 3160 3532 et
3178 3492 3296 3546 qua:
3315 3491 3376 3530 ex
3400 3475 3504 3551 hac

1931 3570 2104 3624 forma
2118 3572 2308 3633 etllutt,
2333 3573 2687 3641 voluptatem,
2717 3586 2826 3625 non
2857 3570 3109 3624 existimo
3142 3583 3240 3623 vos
3275 3583 3343 3622 ex
3401 3567 3507 3620 hu-

1931 3678 2088 3719 mana
2109 3664 2433 3734 processisse
2455 3674 2668 3729 natura,
2689 3664 2782 3719 sed
2801 3679 2831 3718 e
2866 3662 3135 3718 diviniore
3173 3661 3350 3730 aliqua
3379 3673 3501 3714 esse

1933 3757 2124 3817 editas,
2140 3756 2206 3809 ad
2224 3771 2410 3810 eorum
2432 3755 2524 3825 qui
2549 3769 2646 3810 vos
2669 3764 2922 3817 cernunt,
2941 3752 3375 3808 admirationem.
3435 3749 3504 3806 Et

1934 3848 2056 3902 ideo
2081 3847 2132 3899 in
2156 3862 2250 3901 vos
2272 3857 2555 3916 paternam
2577 3848 2869 3903 ostendens
2890 3845 3345 3907 benevolentiam,
3369 3857 3502 3914 rogo

1933 3953 2050 4004 vos,
2069 3939 2420 4006 cbarissimae,
2461 3955 2530 3993 ne
2554 3940 2753 3993 amanti
2778 3940 2913 4008 patri
2942 3940 3120 3994 velitis
3137 3938 3360 3992 omnino
3381 3952 3503 3991 esse

1935 4033 2334 4087 inobedientes:
2367 4034 2458 4086 sed
2487 4033 2717 4100 primum
2748 4034 2963 4101 quidem
3025 4031 3258 4100 cogitate
3297 4044 3401 4098 qua
3432 4029 3503 4083 sit

1933 4130 2092 4177 aetate
2141 4131 2312 4176 mater
2355 4132 2553 4188 vestra,
2590 4124 2746 4192 cujus
2784 4138 3008 4178 necesse
3055 4131 3138 4176 est
3205 4121 3503 4191 flagelletur

1935 4219 2208 4276 senectus,
2231 4213 2276 4267 si
2294 4227 2389 4270 vos
2406 4230 2516 4269 non
2544 4214 2852 4282 parueritis.
2876 4213 3075 4268 Deinde
3093 4213 3275 4268 animo
3290 4221 3504 4268 versate

1939 4316 2171 4360 vestram
2219 4315 2456 4360 teneram
2482 4305 2924 4369 mtatem,ﬂorem
2987 4305 3415 4374 pulchritudinis
3448 4315 3503 4359 et

1938 4398 2196 4466 speciem,
2213 4412 2329 4466 quae
2348 4411 2455 4450 non
2475 4396 2846 4466 potestverbis
2867 4395 3094 4466 exprimi
3117 4415 3129 4448 :
3151 4411 3313 4465 quam
3335 4408 3505 4465 quan-

1939 4499 2048 4543 tum
2084 4489 2342 4552 admiror,
2372 4499 2580 4542 tantum
2605 4490 2820 4558 puniam
2841 4488 3002 4542 etiam
3044 4489 3264 4551 invitus,
3313 4489 3358 4542 si
3410 4504 3504 4541 vos

1937 4596 2044 4635 non
2065 4579 2298 4649 parendo
2316 4582 2618 4635 molestiam
2637 4580 2946 4642 afferentes,
2966 4593 3050 4632 me
3073 4577 3136 4632 ad
3155 4577 3286 4632 iram
3310 4594 3504 4649 provo-

1938 4672 2205 4727 caveritis.
2231 4673 2295 4726 Et
2313 4683 2459 4735 tunc,
2485 4671 2617 4740 prob
2637 4671 2788 4726 dolor
2812 4673 2823 4725 l
2851 4671 2991 4726 male
3006 4670 3264 4742 peribitis,
3289 4673 3504 4741 quando

1941 4779 2038 4818 vos
2062 4763 2289 4816 maxime
2321 4772 2601 4832 oporteret
2623 4763 2882 4832 gaudere,
2914 4761 3099 4816 felices
3114 4778 3254 4827 esse,
3279 4763 3506 4824 divitiis.

1943 4867 1997 4914 et
2029 4855 2214 4925 gloria,
2249 4862 2303 4908 et
2331 4851 2676 4922 imperatoria
2705 4851 2808 4906 frui
2837 4852 3239 4914 benevolentia,
3264 4851 3506 4920 ipsisque

1945 4946 2205 5014 temporis
2246 4946 2506 5000 etaetatis
2535 4960 2630 5001 vos
2664 4946 2882 5015 explere
2939 4944 3168 5000 deliciis.
3226 4942 3333 4999 Sed
3388 4943 3507 4998 haec

1943 5029 2154 5108 quidem
2203 5037 2384 5104 iudex.

2018 5127 2104 5180 Vl.
2148 5129 2407 5183 Dixerunt
2449 5139 2630 5184 autem
2671 5129 2924 5196 virgines,
2965 5129 3180 5197 Sophia
3226 5127 3501 5197 germina:

1946 5217 2053 5285 Nos
2081 5235 2256 5288 neque
2285 5220 2691 5288 promissa.qu:e
2722 5228 2777 5272 tu
2804 5219 2984 5273 dixisti
3015 5220 3285 5288 cupimus,
3326 5233 3506 5288 neque

1941 5312 2138 5375 minas,
2209 5327 2309 5365 nec
2366 5320 2631 5364 tormenta
2687 5325 2961 5364 curamus.
3019 5310 3278 5365 Amamus
3359 5311 3504 5368 enim

1943 5405 2104 5467 bona,
2135 5403 2186 5456 in
2230 5416 2336 5469 quo
2365 5416 2473 5455 non
2515 5401 2657 5456 cadit
2683 5401 2957 5465 interitus,
3007 5412 3061 5455 et
3091 5401 3382 5469 Sponsum.
3413 5399 3504 5466 qui

1945 5509 2050 5547 non
2095 5494 2254 5562 perit,
2317 5491 2554 5546 humana
2617 5491 2798 5547 omnia
2858 5499 3291 5545 contemnentes.
3350 5491 3504 5555 Quod

1944 5593 2122 5641 autem
2169 5581 2392 5638 minaris
2427 5591 2656 5639 matrem
2688 5590 2739 5637 te
2793 5597 2915 5639 esse
2984 5581 3166 5652 ﬂagris
3211 5593 3502 5647 caesurum,
