4170 6322
725 320 827 384 503

1974 327 2257 390 MENSIS
2300 333 2448 394 AUC
2465 333 2728 397 US'l'US.

3881 326 3979 388 504

727 445 985 502 tanquam
1024 435 1125 490 hoc
1180 440 1341 493 modo
1380 457 1480 498 nos
1532 444 1819 499 territurus
1883 454 2102 515 propter
2152 454 2300 498 natu-

2411 448 2483 510 ὡς
2517 448 2593 518 τῷ
2628 450 2813 519 τρόπῳ
2844 450 3015 521 τούτῳ
3046 451 3297 520 ’ροὸησων
3331 451 3472 519 ἡμᾶς
3506 444 3593 501 διά
3623 445 3720 516 τῆν
3747 445 3981 516 φυσικὴν

731 526 895 583 ralem
942 527 1085 583 inter
1128 545 1227 586 nos
1269 532 1497 589 invicem
1552 538 1991 601 consensionem,
2036 537 2216 592 nescis
2255 545 2305 591 te

728 620 890 675 nobis
948 629 1001 675 et
1063 620 1139 676 illi
1189 628 1517 681 annuntiare
1567 628 1833 684 bonorum
1888 629 2300 700 perfectionem.

726 709 873 775 Quid
943 711 1089 766 enim
1166 712 1499 771 Christianis
1561 728 1737 788 potest
1811 736 1934 776 esse
1984 720 2303 790 jucundius,

729 817 892 871 quam
946 803 1055 873 pati
1106 820 1203 874 pro
1252 805 1508 862 Christo?
1557 810 1781 865 Etiamsi
1822 828 1931 869 non
1978 813 2307 867 haberemus

731 893 886 958 tales,
936 909 1058 964 quae
1101 910 1416 965 sperantur,
1455 904 1943 969 remunerationes,
1990 920 2152 974 quam
2198 918 2303 956 non

725 987 914 1057 gloria:
957 990 1328 1056 praestantiam
1384 1004 1619 1063 superat,
1663 997 1772 1065 pati
1816 1012 1911 1064 pro
1957 1011 2022 1049 eo
2067 996 2157 1064 qui
2207 1010 2306 1049 nos

728 1080 1012 1137 formavit?
1040 1083 1266 1148 Quando
1313 1096 1492 1141 autem
1548 1089 1701 1143 nobis
1738 1090 1900 1143 etiam
1941 1099 2184 1159 paratum
2223 1096 2305 1143 cst

726 1189 955 1245 regnum
1010 1176 1291 1235 caalorum.
1344 1186 1398 1232 et
1448 1178 1669 1242 divitiae,
1714 1180 1767 1231 in
1816 1195 1949 1249 quas
2009 1196 2115 1235 non
2162 1180 2303 1233 cadit

724 1265 1001 1332 interitus,
1054 1278 1105 1324 et
1149 1271 1429 1339 perceptio
1479 1271 1745 1329 bonorum
1807 1286 2158 1335 aeternorum,
2211 1288 2304 1328 co-

722 1357 844 1409 nari
878 1370 979 1411 nos
1030 1360 1315 1412 traducere
1350 1375 1379 1412 a
1410 1373 1593 1415 nostra
1627 1363 1899 1417 sententia
1942 1363 2304 1433 promissione

723 1444 1019 1503 bonorum.
1051 1462 1170 1515 quae
1200 1457 1329 1503 sunt
1355 1451 1419 1504 ad
1467 1461 1700 1521 tempus,
1728 1462 1809 1510 est
1838 1462 2024 1523 aperta
2070 1453 2299 1509 insania.

724 1536 806 1591 Ne
838 1535 1044 1592 fallaris
1073 1553 1224 1609 ergo,
1269 1541 1455 1610 judex.
1494 1540 1676 1610 Neque
1703 1544 1844 1596 enim
1876 1552 2163 1599 assentans
2194 1552 2306 1597 tra-

726 1628 845 1694 hes,
874 1644 1049 1700 neque
1094 1631 1327 1699 puniens
1357 1648 1455 1686 nos
1500 1630 1785 1689 convertes
1820 1653 1832 1688 :
1875 1635 1968 1690 sed
2014 1643 2143 1689 tunc
2187 1651 2302 1689 ma-

719 1721 897 1785 jorem
947 1720 1142 1776 afferes
1186 1723 1516 1789 molestiam,
1562 1726 1605 1780 si
1658 1741 1885 1795 parcens
1940 1728 2085 1789 huic,
2141 1742 2300 1797 quam

2409 542 2543 607 πρδς
2573 541 2807 611 ἀλλήλας
2832 543 3200 612 συμπάθειαν,
3232 540 3461 609 λέληθας
3494 541 3626 610 ἡμῖν
3664 557 3725 592 τε
3756 539 3982 607 κάκείνῃ

2408 628 2506 696 τὴν
2568 631 2877 702 τελειότητα
2924 633 3032 686 τῶν
3082 632 3303 700 ἀγαθῶν
3354 631 3871 699 εὐαγγελιζόμενος.
3924 630 3983 681 Τί

2409 723 2516 791 γὰρ
2539 723 2801 793 ἠδύτερον
2830 726 3174 796 Χριστιανοῖς
3202 724 3291 777 τοῦ
3321 725 3460 792 ὑπὲρ
3489 722 3730 794 Χριστοῦ
3760 722 3977 786 παθεῖν;

2410 814 2518 866 Καὶ
2547 817 2595 867 εί
2633 816 2710 885 μὴ
2738 815 2996 879 τοιαύτας
3029 814 3389 885 ὲλπιζομένας
3417 816 3641 884 εἴχομεν
3657 812 3980 875 ἀντιδόσεις,

2407 908 2521 961 ἀλλ’
2554 908 2686 962 αὐτό
2715 926 2777 976 γε
2831 908 2890 962 τὸ
2920 909 3146 977 πάσχειν
3199 908 3337 977 ὑπὲρ
3384 907 3477 961 τοῦ
3525 906 3835 965 πλάσαντος
3870 904 3983 956 τίνα

2405 998 2562 1067 δόξης
2594 999 2901 1070 ὑπερϐολὴν
2933 999 3251 1054 καταλείπει
3276 1014 3290 1063 ;
3317 999 3489 1051 Ὅταν
3522 998 3579 1051 δὲ
3608 997 3702 1050 καὶ
3736 996 3982 1064 οὐρανῶν

2406 1090 2540 1159 ἡμῖν
2567 1090 2922 1162 ἒτοιμάξηται
2965 1092 3233 1162 βασιλεία,
3269 1090 3365 1142 καὶ
3406 1089 3634 1151 πλοῦτος
3673 1086 3978 1157 ἄφθαρτος,

2406 1178 2498 1230 καὶ
2526 1178 2759 1231 αίωνίων
2784 1180 3083 1242 ἀπόλαυσις
3112 1178 3353 1247 ἀγαθῶν,
3378 1176 3438 1229 τὸ
3463 1176 3823 1246 μεταπείσειν
3848 1178 3979 1237 ὅλως

2406 1265 2702 1335 ἐπιχειρεῖν
2743 1264 2965 1334 ἀγαθῶν
3008 1267 3362 1337 προσκαίρων
3394 1265 3777 1333 ἐπαγγελίαις,
3806 1266 3984 1333 μωρία

2406 1358 2602 1427 σχφής.
2637 1357 2726 1428 Μὴ
2756 1359 2935 1411 τοίνυν
2974 1360 3189 1423 ἀπατῶ,
3210 1357 3440 1412 δικαστά
3464 1374 3478 1387 ’
3512 1354 3635 1408 οὔτε
3671 1359 3782 1425 γὰρ
3822 1355 3982 1407 κολα-

2406 1446 2581 1499 κεύων
2627 1446 2899 1512 ὲλκύσεις,
2945 1446 3067 1500 οὔτε
3102 1446 3345 1510 κολάζων
3400 1444 3763 1517 μετατρέψεις
3798 1445 3980 1513 ἡμᾶς’

2405 1536 2541 1590 ἀλλά
2582 1536 2701 1590 τότε
2741 1538 2942 1608 μᾶλλον
2987 1539 3250 1603 ἀνιάσεις,
3295 1540 3411 1605 εἴγε
3465 1536 3786 1606 φειδόμενος
3828 1536 3984 1604 ἡμῶν

2403 1628 2502 1697 τῆς
2542 1629 2684 1698 μέγα
2736 1630 2887 1700 παρά
2934 1630 3017 1683 σοὶ
3068 1629 3271 1699 ταύτης
3315 1627 3683 1699 νομιζομένης
3722 1628 3977 1699 νεότητος

2405 1724 2500 1774 καὶ
2550 1721 2651 1792 τῆς
2694 1720 2862 1792 ὧρας,
2905 1722 2967 1775 ού
3004 1722 3247 1792 χαλεπὰς
3280 1722 3502 1787 ἐπάξεις
3543 1722 3641 1783 τὰς
3690 1720 3979 1782 κολάσεις·

727 1818 782 1863 tu
819 1812 1158 1878 magnifacis,
1192 1813 1461 1881 juventuti
1510 1829 1565 1870 et
1599 1815 2017 1886 pulchritudini,
2063 1833 2170 1871 non
2226 1818 2300 1873 sis

2407 1791 2708 1885 ζημιώσεις
2747 1791 2856 1886 γὰρ
2893 1791 3115 1877 πάντως
3156 1815 3267 1868 τῶν
3316 1814 3577 1885 μειζόνων
3627 1812 3857 1881 ἀγαθῶν
3891 1812 3983 1878 τὴν

720 1918 913 1974 graves
939 1903 1185 1960 illaturus
1219 1907 1513 1962 cruciatus.
1555 1907 1663 1963 Nos
1693 1912 1836 1964 enim
1872 1908 2072 1964 damno
2102 1910 2302 1967 aﬂicies

726 1994 993 2063 majorum
1050 1994 1322 2051 bonorum
1360 1999 1840 2055 remunerationis.
1882 2000 2170 2071 Postquam
2204 2019 2302 2057 au-

724 2083 860 2140 divit
894 2084 1061 2155 judex
1103 2086 1244 2141 hanc
1306 2087 1514 2143 firmam
1548 2099 1604 2145 et
1642 2101 1983 2146 constantem
2021 2092 2298 2148 defensio-

724 2193 848 2232 nem
879 2179 1064 2235 statuit
1108 2195 1201 2237 eas
1232 2195 1484 2252 separare
1515 2198 1544 2237 a
1574 2199 1630 2238 se
1680 2184 1933 2249 invicem,
1976 2196 2030 2240 ct
2062 2187 2300 2258 singula-

724 2272 819 2323 tim
868 2285 960 2326 eas
1007 2271 1277 2327 adducere
1307 2275 1373 2326 ad
1414 2275 1892 2343 examinatiouem,
1929 2286 1985 2331 ut
2030 2277 2110 2332 sic
2162 2294 2298 2347 quo-

719 2378 827 2431 que.
858 2378 951 2418 eas
997 2364 1202 2435 majore
1234 2363 1479 2422 alliceret
1529 2367 1795 2429 molestia,
1834 2376 1891 2421 ut
1928 2368 2005 2422 eis
2057 2379 2301 2424 uteretur

722 2456 1190 2512 imbecillioribus.
1233 2457 1368 2514 Cum
1398 2467 1579 2514 autem
1614 2459 2003 2531 interrogasset
2033 2463 2099 2517 de
2144 2471 2300 2519 auare

719 2560 775 2604 et
803 2549 1115 2606 nominibus
1142 2550 1591 2623 uniuscujusque,
1622 2562 1677 2609 et
1707 2567 1737 2609 a
1770 2562 1945 2611 matre
1976 2556 2295 2626 accepisset,

722 2659 886 2699 unam
919 2644 1140 2715 quidem
1180 2645 1360 2701 vocari
1388 2645 1599 2714 Fidem,
1640 2657 1696 2702 et
1730 2649 1839 2717 jam
1892 2664 2051 2720 agere
2092 2666 2297 2703 annum

720 2736 1035 2804 duodecim;
1071 2737 1293 2793 alteram
1324 2748 1505 2793 autem
1535 2738 1749 2795 duobus
1780 2740 1938 2794 annis
1972 2757 2092 2797 esse
2118 2742 2298 2812 priore

722 2828 1014 2894 minorem,
1061 2844 1182 2896 quae
1214 2838 1441 2884 vocatur
1477 2829 1645 2899 Spes;
1697 2831 1911 2886 tertiam
1969 2844 2151 2889 autem
2199 2851 2297 2889 no-

721 2919 914 2975 minari
992 2921 1209 2992 quidem
1292 2920 1644 2989 Cltaritatem,
1725 2939 1832 2979 uno
1898 2935 2078 2980 autem
2156 2942 2299 2982 anno

719 3028 842 3069 esse
893 3015 1137 3069 secunda
1189 3014 1503 3069 minorem:
1556 3014 1787 3085 primam
1839 3017 2003 3087 jussit
2062 3019 2297 3089 primum

2407 1905 2705 1959 ἀντίδοσιν.
2748 1905 2964 1977 Ταύτην
3016 1906 3091 1970 ὡς
3137 1909 3335 1977 ήκουσε
3370 1908 3469 1972 τὴν
3509 1906 3673 1974 ἀτενῆ
3723 1906 3823 1959 καὶ
3853 1904 3985 1957 ἀπὸ·

2406 2016 2557 2050 τονον
2589 1999 2617 2052 ὁ
2647 1999 2883 2064 δικάζων
2916 2000 3238 2068 ἀπολογίαν,
3274 1999 3415 2069 ἔγνω
3446 2000 3641 2053 διελεῖν
3676 1999 3853 2060 αὐτὰς
3886 1996 3983 2051 ἀπ’

2403 2091 2668 2159 ἀλλήλων,
2717 2093 2812 2145 καὶ
2862 2092 3005 2144 κατά
3053 2093 3187 2153 μίαν
3242 2092 3484 2160 εἰσάγειν
3529 2090 3665 2159 πρὸς
3693 2091 3795 2159 τὴν
3846 2088 3981 2158 ἐρώ-

2401 2182 2592 2251 τησινξ,
2632 2183 2717 2235 ἵνα
2746 2183 2839 2236 καὶ
2888 2183 3089 2252 μᾶλλον
3120 2182 3261 2237 οὕτω
3302 2185 3543 2255 λυπήσῃ,
3581 2182 3675 2235 καὶ
3706 2182 3780 2243 ὡς
3819 2180 3983 2233 ἀσθε-

2405 2274 2686 2343 νεστέραις
2743 2275 3036 2344 χρήσαιτο.
3109 2275 3423 2345 Ἐρωτήσας
3468 2274 3524 2328 δὲ
3570 2275 3664 2327 καὶ
3699 2272 3833 2345 περὶ
3884 2272 3983 2339 τῆς

2402 2366 2620 2435 ἡλικίας
2668 2366 2903 2435 ἑκάστης
2951 2366 3047 2419 καὶ
3105 2365 3235 2436 περὶ
3263 2366 3373 2419 τῶν
3398 2367 3699 2436 ὀνομάτων,
3746 2364 3846 2418 καὶ
3872 2363 3980 2416 ὑπὸ

2400 2460 2502 2527 τῆς
2548 2458 2959 2528 γεννησαμένης
2996 2459 3205 2527 μαθὼν,
3246 2458 3342 2531 τὴν
3398 2457 3498 2529 μὲν
3549 2458 3739 2510 Πίστιν
3778 2474 3837 2509 τε
3880 2474 3981 2510 κα-

2399 2550 2610 2604 λεῖσθαι
2649 2552 2743 2603 καὶ
2776 2551 2879 2621 ἤδη
2909 2550 3211 2603 δωδέκατον
3246 2550 3366 2613 ἔτος
3391 2550 3572 2603 ἀνύειν
3593 2566 3604 2581 ·
3637 2548 3737 2618 τὴν
3770 2547 3828 2600 δὲ
3864 2547 3985 2600 δυσὶ

2404 2642 2620 2715 χρόνοις
2652 2643 3050 2713 λείπεσθαιτῆς
3078 2642 3353 2713 προτέρας
3375 2637 3443 2713 ἧς
3466 2643 3499 2709 ἡ
3530 2640 3723 2708 κλῆσις
3755 2638 3943 2699 Ἐλπίς
3964 2676 3975 2689 .

2400 2739 2500 2808 τὴν
2528 2737 2584 2790 δὲ
2615 2736 2807 2809 τρίτην
2842 2736 3093 2807 Ἀγάπην
3133 2736 3231 2806 μὲν
3258 2732 3644 2803 ὀνομάζεσθαι,
3679 2731 3766 2785 ὲνὶ
3797 2730 3858 2783 δὲ
3886 2734 3983 2799 τῆς

2400 2834 2660 2905 δευτέρας
2711 2834 2955 2904 ὑστερεῖν
2996 2832 3106 2885 ἔτει
3144 2834 3244 2902 τὴν
3287 2829 3510 2902 πρώτην
3543 2828 3983 2900 παραντησάμε-

2403 2945 2491 2989 νος
2512 2943 2525 2958 '
2558 2925 2753 2989 Θῦσον,
2781 2919 2827 2980 ὦ
2861 2927 3062 2989 νεανὶς,
3109 2925 3286 2993 ἔλεγε,
3314 2928 3381 2995 τῇ
3417 2922 3696 2994 Ἀρτέμιδι
3723 2939 3739 2954 ⁶
3766 2923 3829 2976 οῦ
3864 2935 3985 2976 και·

2403 3019 2493 3072 νόν
2542 3033 2623 3069 σοι
2646 3015 2803 3069 τοῦτο
2825 3016 3235 3087 προστάττομεν
3262 3014 3323 3068 τὸ
3345 3014 3649 3084 ἐπίταγμα,
3685 3012 3807 3069 ἀλλ’
3850 3014 3984 3082 ὅπερ

720 3107 972 3179 produci,
1008 3117 1108 3163 et:
1147 3108 1427 3173 Sacrifica,
1464 3108 1618 3173 dixit,
1658 3108 1855 3173 Dianae,
1897 3127 1929 3165 o
1978 3112 2293 3168 adolescen-

2405 3110 2469 3160 ἐκ
2495 3105 2692 3160 πολλοῦ
2726 3106 2830 3179 ήδη
2881 3105 2974 3160 καὶ
3004 3105 3132 3177 παρ’
3162 3104 3320 3176 ἡμῶν
3350 3103 3581 3172 γίνεται.

723 3200 833 3256 tula
879 3217 893 3255 :
931 3215 1039 3255 non
1083 3201 1189 3257 hoc
1241 3200 1337 3256 tibi
1374 3217 1576 3255 novum
1628 3201 1975 3272 imperamus,
2025 3204 2119 3259 sed
2154 3207 2296 3276 quod

722 3310 753 3350 λ
785 3290 941 3347 nobis
981 3305 1197 3362 quoque
1239 3292 1298 3346 iit
1329 3291 1558 3361 jamdiu.

801 3383 911 3439 Vll.
944 3384 1035 3438 Illa
1068 3393 1251 3440 autem
1285 3394 1539 3453 tanquam
1569 3401 1635 3439 eo
1666 3385 1781 3455 ipso
1824 3386 1983 3441 vellet
2010 3387 2297 3443 ostendere

723 3490 824 3531 eos
848 3476 1048 3530 frustra
1082 3476 1229 3547 ipsas
1262 3490 1567 3547 separasse,
1602 3478 1844 3532 volentes
1869 3494 1932 3532 ex
1968 3479 2137 3533 tribus
2168 3494 2299 3533 con-

727 3577 927 3625 textam
990 3567 1363 3625 comminuere
1421 3577 1688 3632 catenam,
1750 3578 1805 3625 ut
1854 3568 1945 3640 qui
1987 3569 2299 3641 ignorarent

724 3676 846 3715 esse.
881 3662 928 3713 ei
985 3677 1048 3714 ex
1105 3662 1213 3716 alto
1269 3663 1549 3717 audaciam
1598 3672 1650 3715 et
1691 3663 2015 3728 doctrinam,
2066 3680 2297 3729 quonam

726 3753 933 3814 stilicet
1006 3755 1164 3809 modo
1222 3763 1472 3824 Oporteat
1536 3754 1867 3824 respondere
1903 3755 1990 3808 :0
2044 3764 2296 3820 vestram,

726 3847 957 3910 dicebat,
999 3864 1120 3916 qua:
1154 3848 1205 3900 in
1240 3847 1566 3917 profundum
1607 3864 1775 3916 usque
1825 3858 2091 3916 penetrat,
2143 3850 2297 3903 caeci—

729 3951 913 3999 tatem,
971 3938 1060 4008 qui
1124 3946 1229 3992 tam
1300 3939 1495 3993 misere
1545 3937 1908 3998 caecuticntes,
1982 3938 2100 3992 aliis
2137 3940 2298 3992 etiam

726 4028 891 4084 vultis
923 4044 1041 4084 esse
1084 4028 1183 4082 vis:
1219 4027 1385 4082 duces
1420 4045 1435 4082 :
1466 4039 1519 4083 et
1550 4044 1738 4099 cogere
1773 4029 1956 4094 vultis,
1999 4039 2056 4083 ut
2107 4044 2299 4098 proce-

724 4125 916 4178 damus
948 4122 1226 4177 vobiscum
1257 4121 1323 4176 ad
1354 4122 1598 4177 eamdem
1630 4122 1769 4175 viain
1814 4121 2101 4177 interitus!
2140 4122 2301 4187 Quis-

728 4231 852 4270 nam
894 4227 1074 4269 autetn
1112 4216 1295 4279 homo,
1333 4216 1375 4267 si
1408 4214 1601 4281 sapiat,
1654 4212 2072 4283 persuadebitur
2101 4230 2130 4267 a
2173 4230 2301 4267 vero

727 4308 946 4377 quidem
994 4305 1103 4361 Deo
1144 4306 1415 4367 recedere,
1451 4305 1606 4371 cujus
1656 4320 1912 4357 manuum
1966 4319 2128 4373 opera
2176 4312 2303 4357 sunt

728 4401 848 4453 ('(nli
884 4410 937 4454 et
981 4408 1143 4465 terra,
1184 4408 1239 4453 et
1266 4398 1443 4451 omnia
1478 4412 1594 4468 qua:
1624 4406 1751 4451 sunt
1783 4398 1834 4449 in
1865 4396 1943 4450 eis
1979 4414 1992 4449 :
2023 4395 2090 4450 ad
2137 4412 2299 4466 opera

2472 3373 2543 3425 Z'.
2593 3370 2655 3423 Ἠ
2689 3368 2746 3423 δὲ
2778 3369 2965 3441 ὥσπερ
2996 3368 3226 3424 αὐτόθεν
3261 3365 3636 3431 ὲπ.δείξασθαι
3668 3364 3976 3435 βουλομένη

2401 3466 2483 3518 ὅτι
2518 3465 2608 3517 ἐπὶ
2639 3464 2857 3535 ματαίῳ
2891 3464 2989 3535 τὴν
3017 3462 3285 3533 διαίρεσιν
3309 3451 3492 3515 θὺτῶν
3520 3459 3862 3529 ἐποιήσαντο
3892 3459 3985 3528 τὴν

2402 3560 2464 3610 ἐκ
2506 3554 2674 3626 τριῶν
2727 3554 2915 3625 σειρὰν
2967 3554 3229 3605 λεπτῦναι
3273 3552 3604 3621 βουλόμενοι,
3657 3552 3987 3619 ἀγνοοῦντες

2401 3652 2481 3704 ὃτι
2516 3648 2724 3704 ἀνωθεν
2768 3647 2830 3702 τὸ
2881 3647 3082 3720 θάρσος
3130 3647 3345 3709 αὑταῖς,
3394 3643 3488 3695 καὶ
3538 3642 3701 3713 ἡτοῦ
3757 3644 3882 3707 πῶς
3911 3644 3988 3695 δεῖ

2403 3744 2792 3810 ἀπολογεῖσθαι
2840 3738 3200 3794 διδασκαλίαο
3238 3738 3302 3788 Ὤ
3350 3736 3448 3805 τῆς
3495 3737 3574 3798 είς
3633 3733 3808 3805 βάθος
3836 3735 3987 3806 ὑμῶν

2402 3833 2783 3905 διικνουμένης
2840 3830 3175 3904 πωρώσεως,
3218 3828 3438 3898 ἔλεγεν·
3483 3829 3532 3882 οἳ
3588 3828 3805 3891 ἀθλίως
3848 3828 3988 3882 οῦτω

2403 3928 2830 3997 τυφλώττοντες,
2893 3925 2990 3978 καὶ
3040 3925 3251 3996 ἑτέροις
3298 3918 3437 3976 εἶναι
3479 3922 3663 3988 ὁδηγοὶ
3699 3921 3984 3989 βούλεσθε,

2406 4022 2496 4071 καὶ
2531 4019 2663 4089 πρὸς
2700 4018 2799 4089 τὴν
2843 4015 3013 4088 αὐτὴν
3062 4016 3193 4085 ὑμῖν
3250 4014 3502 4085 χωρῆσαι
3550 4012 3649 4083 τῆς
3704 4012 3987 4074 ἀπωλείας

2404 4114 2519 4166 ὁδὸν
2577 4109 2940 4180 ἀναγκάζετε.
3004 4109 3100 4171 Τίς
3154 4108 3202 4163 δ’
3249 4109 3314 4163 ἀν
3353 4105 3634 4177 εύιρρονῶν
3690 4104 3984 4177 ἄνθρωπος

2407 4204 2658 4274 πεισθείη
2719 4200 3026 4270 ἀποστῆναι
3082 4201 3181 4270 μὲν
3240 4200 3331 4252 τοῦ
3387 4196 3641 4268 ἀληθινοῦ
3709 4193 3983 4263 Θεοῦ,οῧ

2406 4294 2545 4362 ἔργα
2601 4293 2799 4363 χειρῶν
2859 4289 3086 4361 οὐρανὸς
3141 4288 3237 4342 καὶ.
3295 4289 3364 4358 γῆ
3424 4286 3519 4340 καὶ
3564 4286 3631 4340 τὰ
3680 4287 3741 4338 ὲν
3801 4288 3984 4347 αὐτοῖς

2408 4387 2663 4446 ἅπαντα,
2712 4382 2895 4453 ἔργοις
2941 4382 2997 4435 δὲ
3055 4378 3256 4452 χειρῶν
3313 4378 3674 4450 ἀνθρωπίνων
3707 4376 3790 4443 ὡς
3847 4378 3986 4441 θεοῖς

729 4502 910 4549 autem
944 4506 1202 4545 manuum
1244 4490 1549 4552 hominum,
1593 4499 1845 4559 tanquam
1880 4490 1945 4544 ad
1986 4490 2115 4544 deos
2150 4503 2300 4544 acce-

2413 4476 2755 4549 προσελθεῖν,
2809 4476 2902 4530 καὶ
2955 4473 3135 4537 αὐτοῖς
3171 4475 3199 4526 ὁ
3247 4472 3367 4526 νοῦν
3404 4472 3540 4540 ἔχων
3580 4472 3839 4541 ἀνοήτοις
3868 4470 3985 4524 οὖσι

726 4587 875 4648 dere,
905 4594 963 4639 et
999 4582 1061 4638 iis
1104 4597 1223 4652 quae
1272 4590 1397 4636 sunt
1447 4580 1644 4636 mentis
1699 4582 1961 4650 expertia,
2005 4591 2059 4635 et
2104 4582 2298 4650 surda.

727 4677 888 4747 eiiget
918 4674 1123 4729 cultum
1163 4673 1401 4727 offerre?
1427 4672 1611 4726 Fuerit
1658 4673 1760 4727 hoc
1802 4687 2047 4726 summus
2089 4681 2298 4741 stupor,

728 4778 782 4821 et
819 4778 924 4822 tam
967 4781 1157 4821 corum
1184 4765 1274 4835 qui
1311 4763 1523 4834 jubent,
1563 4780 1721 4832 quam
1754 4765 1842 4832 qui
1877 4773 2085 4833 parent,
2117 4781 2302 4819 amen-

734 4861 826 4914 tia.
862 4859 965 4913 Fac
1011 4874 1141 4929 ergo
1190 4857 1332 4927 quod
1374 4856 1474 4921 vis,
1527 4864 1581 4909 et
1619 4855 1816 4925 quibus
1865 4856 1946 4909 vis
2004 4871 2102 4909 nos
2154 4856 2303 4909 trade

733 4952 907 5007 malis.
953 4952 1139 5005 Melius
1184 4960 1267 5005 est
1308 4950 1452 5004 enim
1497 4950 1643 5018 prius
1687 4949 1795 5018 pati
1825 4947 2026 5011 omnia,
2056 4947 2183 5002 dum
2216 4963 2304 5001 sa-

732 5050 932 5116 pimus,
986 5059 1146 5115 quam
1202 5040 1513 5112 persuaderi
1566 5054 1622 5097 ut
1684 5041 1805 5095 talia
1848 5040 2130 5096 faciamus.
2175 5039 2304 5106 Qure

732 5142 877 5193 dicta
936 5139 1171 5204 fuerant,
1230 5134 1440 5205 replent
1478 5134 1554 5187 ira
1604 5135 1876 5202 judicent;
1914 5143 1967 5186 et
2015 5149 2137 5187 cum
2192 5148 2303 5186 non

736 5242 922 5301 posset
954 5234 1305 5299 persuadere,
1344 5228 1411 5283 ad
1458 5227 1562 5281 vim
1608 5227 1910 5282 faciendam
1956 5241 2014 5280 se
2049 5227 2301 5280 contulit.

731 5324 891 5379 Jubet
924 5336 1053 5392 ergo
1074 5319 1122 5374 ci
1163 5320 1323 5374 adimi
1356 5328 1585 5382 vestem,
1620 5326 1672 5371 et
1702 5318 1951 5372 manibus
1997 5332 2136 5386 pone
2182 5317 2303 5371 vin-

736 5412 861 5475 clis,
902 5428 1021 5465 eam
1056 5408 1221 5481 virgis
1257 5409 1529 5463 verberari
1566 5408 1926 5478 gravissimis.
1958 5407 2092 5460 Cum
2124 5417 2304 5461 autem

735 5503 1071 5575 experientia
1137 5501 1399 5571 majorem
1457 5500 1769 5557 ostenderet
1840 5500 2201 5555 constantiam
2253 5507 2305 5553 et

738 5596 1171 5652 vehementiores
1220 5592 1467 5664 spiritus,
1527 5603 1581 5647 et
1626 5598 1849 5661 martyr,
1908 5607 2014 5645 non
2069 5601 2125 5645 ut
2188 5606 2307 5660 quae

740 5690 904 5759 virgis
958 5687 1274 5751 ceederetur,
1315 5686 1408 5742 sed
1466 5697 1523 5740 ut
1577 5698 1696 5755 qua:
1753 5685 1884 5739 rosis
1936 5696 2297 5755 spargeretur,

743 5783 917 5854 potius
947 5790 1089 5837 esset
1121 5778 1333 5846 affecta,
1372 5795 1435 5833 ne
1466 5778 1725 5835 vibicibus
1758 5776 1968 5846 quidem
1999 5778 2049 5832 in
2082 5792 2303 5846 torpere

2409 4574 2497 4624 καὶ
2516 4572 2717 4639 κωφοῖς
2736 4569 3112 4637 προσαγαγεῖν
3133 4565 3418 4635 λατρείαν;
3445 4563 3591 4632 δεινὴ
3619 4562 3784 4615 τοῦτο
3810 4580 3987 4632 παρα-

2407 4662 2630 4732 πληξία,
2661 4661 2828 4729 δεινὴ,
2864 4659 2959 4711 καὶ
2988 4658 3096 4709 τῶν
3130 4658 3491 4709 κελευόύντων
3527 4654 3622 4706 καὶ
3657 4654 3773 4705 τῶν
3807 4654 3988 4705 πειθο-

2410 4759 2585 4826 μένων
2609 4756 2787 4808 ἄνοια.
2817 4752 3032 4821 Πρᾶττε
3061 4747 3353 4819 τοιγαροῦν
3374 4747 3402 4800 ὃ
3433 4747 3638 4819 βούλει,
3669 4746 3768 4799 καὶ
3802 4742 3888 4810 οἷς
3922 4747 3985 4800 ἂν

2408 4848 2588 4917 βούλει
2637 4844 2932 4913 παραδίδου
2982 4846 3201 4907 κακοῖς”
3242 4842 3453 4913 βέλτιον
3500 4843 3609 4909 γὰρ
3644 4840 3830 4894 πάντα
3888 4860 3986 4895 πα-

2408 4938 2519 4990 θεῖν
2559 4939 2846 5008 πρὸτερον,
2899 4935 3003 4999 ἕως
3051 4934 3110 4987 τὸ
3164 4934 3382 5002 φρονεῖν
3424 4931 3641 5000 ἔχομεν,
3678 4933 3712 5001 ἥ
3757 4934 3987 4985 τοιαῦτα

2406 5030 2604 5101 δρᾶσαι
2641 5031 2953 5099 πεισθῆναι.
2996 5025 3183 5095 Θυμοῦ
3224 5026 3291 5078 τὰ
3326 5024 3564 5096 ρηθέντα
3586 5023 3865 5095 πληροῦσι
3894 5025 3986 5078 τὸν

2408 5121 2668 5192 δικαστὴν
2706 5123 2798 5173 καὶ
2829 5120 2923 5172 τοῦ
2952 5120 3158 5171 πείθειν
3192 5120 3479 5190 ἀπορήσας
3510 5117 3714 5188 ἐχώρει
3759 5117 3902 5187 πρὸς
3928 5121 3987 5171 τὸ

2412 5216 2715 5286 βιάζεσθαι.
2754 5213 2977 5265 Κελεύει
3005 5213 3210 5284 ταύτης
3240 5211 3596 5282 ἀφαιρεῖσθαι
3625 5211 3729 5278 τὴν
3754 5210 3984 5281 ἐσθῆτα,

2411 5311 2503 5363 καὶ
2536 5312 2722 5379 χεῖρας
2761 5306 2935 5359 ὀπίσω
2967 5307 3213 5361 δεθεῖσαν
3266 5304 3485 5377 ῥάϐδοις
3519 5301 3851 5373 βαρυτάτοις
3885 5302 3983 5355 τύ·

2409 5400 2659 5452 πτεσθαι.
2692 5397 2845 5449 Ἐπεὶ
2879 5398 2934 5451 δὲ
2965 5398 3129 5450 πλέον
3160 5398 3192 5465 ἡ
3226 5398 3388 5467 πεῖρα
3405 5394 3467 5448 τὸ
3506 5392 3739 5463 στερρὸν
3771 5392 3981 5445 ἐδείκνυ

2410 5494 2503 5546 τοῦ
2553 5492 2921 5561 φρονήματος,
2954 5490 3047 5543 καὶ
3090 5491 3123 5557 ἡ
3157 5489 3362 5559 μάρτυς
3388 5489 3464 5549 ὡς
3494 5485 3557 5539 οὐ
3588 5484 3979 5555 ραϐδιζομένη,

2414 5566 2547 5641 ἀλλά
2580 5586 2752 5657 ῥόδοις
2795 5585 2993 5655 μᾶλλον
3057 5580 3355 5652 βαλλομένη
3395 5578 3651 5642 διέκειτο,
3692 5593 3773 5647 μη
3807 5576 3833 5627 ὲ
3871 5592 3983 5643 μω·

2414 5680 2611 5733 λώπιον
2670 5677 2747 5747 τῷ
2805 5676 3019 5746 σώματι
3080 5674 3252 5741 αὐτῆς
3314 5669 3785 5741 ἐπιφαινομένων.
3851 5664 3981 5734 πρὸς

2414 5773 2669 5841 ὠμότητα
2712 5770 2914 5839 μᾶλλον
2946 5772 2973 5820 ὁ
3020 5767 3301 5838 δικαστὴς,
3334 5763 3641 5833 ἠρεθίζετο,
3682 5758 3774 5811 καὶ
3802 5757 3978 5831 ἀμφε-
