4170 6322
174 360 269 419 505

939 353 1399 414 MARTYRIUM
1452 353 1514 413 S.
1558 350 1860 410 SOPHle
1905 352 1995 410 ET
2034 352 2410 414 FILIARUM
2457 355 2659 417 EJUS.

3304 359 3406 424 508

179 470 345 541 τέρους
391 470 560 540 αὐτῆς
590 454 895 538 ἐκκοπῆναι
921 466 1046 529 τοὺς
1097 465 1335 537 μαστοὺς
1367 464 1721 534 προστάττει.
1753 463 1779 522 Α

1852 463 1946 532 :jus
1978 468 2390 536 apparentibus,
2427 467 2755 522 incitabatur
2781 468 3134 540 magisjudex
3181 471 3248 527 ad
3281 488 3410 529 cru-

176 563 273 615 Kal.
302 558 367 631 ἦν
403 562 532 614 ἰδεῖν
567 561 626 611 ἐν
659 560 834 629 τούτῳ
880 557 1165 629 τεράστιόν
1198 574 1252 609 τι
1284 557 1517 626 πρᾶγμα
1546 571 1729 608 καινο-

174 655 521 724 τομούμενον.
552 652 701 707 Ἀντὶ
726 654 837 722 γὰρ
883 652 1115 720 αἵματος
1158 650 1377 721 κρουνοὶ
1430 649 1728 720 κατέρρεον

173 748 436 816 γάλακτος
459 764 471 776 ·
523 747 659 815 ὅπερ
706 744 799 798 καὶ
830 746 909 797 ἐτι
958 742 1183 796 πλείονα
1224 742 1302 813 τῷ
1329 741 1605 804 δικάζοντι
1638 739 1730 791 τὸν

173 838 338 906 θυμὸν
360 837 595 905 ἀνῆπτε,
627 837 717 890 καὶ
760 835 891 906 πρὺ;
918 834 1129 905 ἐσχάρᾳ
1158 832 1584 904 πυρακτωθείσῃ
1616 833 1732 883 ἐπι·

172 928 383 997 τεθῆναι
431 929 634 997 ταύτην
692 926 1047 980 διεκελεύετο.
1113 923 1255 979 ’Δλλ’
1302 925 1492 992 ὥσπερ
1527 926 1732 986 ἐκεῖνος

174 1017 401 1090 πονηρὸς
430 1017 505 1071 ὣν
537 1018 785 1080 ἐπινοίας
824 1017 924 1069 ούκ
965 1015 1166 1085 ήπόρει
1195 1013 1331 1083 πρὸς
1360 1014 1419 1065 τὸ
1460 1013 1731 1074 κολάζειν,

174 1110 341 1172 οὕτως
359 1108 634 1176 όἈγαθὸς
667 1108 827 1161 πάλιν
852 1107 941 1161 διὰ
964 1108 1074 1160 τῶν
1104 1106 1460 1175 ἐπαγομένων
1490 1102 1732 1166 δοξάζειν

174 1204 268 1270 τὴν
296 1202 453 1269 άγίαν
505 1201 562 1253 οὑ
592 1200 978 1270 διελίμπανεν·
1012 1203 1148 1268 ὅπερ
1182 1193 1274 1251 οὖν
1324 1194 1605 1249 κάνταῦθα
1652 1192 1737 1262 γί-

1829 557 2121 623 delitatem,
2156 570 2211 614 et
2237 560 2389 627 jubet
2413 561 2462 614 ei
2501 560 2763 615 mamillas
2802 562 3071 617 exscindi.
3110 561 3246 618 Tum
3278 566 3411 622 lice-

1830 650 1921 704 bat
1952 650 2007 704 in
2046 666 2109 706 ea
2163 652 2352 707 videre
2403 668 2517 706 rem
2567 667 2765 707 novam
2800 661 2856 707 et
2903 654 3294 722 prodigiosam.
3346 650 3408 713 Ei

1831 741 1976 795 enim
2026 755 2125 811 pro
2178 744 2444 814 sanguine
2481 743 2723 798 fluebant
2756 745 2853 799 rivi
2883 744 3061 804 lactis.
3094 747 3250 813 Quod
3292 750 3414 819 qui-

1832 832 1954 886 dem
2004 833 2172 902 judici
2217 836 2481 905 majorem
2535 836 2716 891 adhuc
2763 838 2897 891 iram
2953 841 3305 906 accendebat,
3357 852 3416 897 et

1835 938 2000 993 supra
2056 926 2374 981 candentem
2423 926 2606 982 focum
2658 943 2779 983 eam
2818 929 2977 1000 jussit
3025 930 3253 1001 imponi.
3310 932 3417 987 Sed

1836 1019 2110 1086 quomodo
2159 1019 2247 1075 ille
2278 1036 2400 1075 cum
2450 1030 2599 1076 esset
2638 1022 2832 1084 malus,
2881 1021 3037 1077 facile
3076 1026 3420 1096 exeogitabat

1836 1107 2099 1175 supplicia
2131 1125 2143 1159 :
2179 1109 2250 1163 ita
2278 1109 2440 1163 etiam
2480 1112 2655 1163 bonus
2685 1107 2826 1162 Deus
2868 1124 2966 1178 per
2991 1123 3052 1163 ea
3084 1124 3204 1178 qua!
3235 1111 3419 1164 inten-

1840 1199 2114 1261 tabantur,
2150 1210 2393 1254 sanctam
2440 1214 2549 1254 non
2596 1200 2847 1255 cessabat
2898 1199 3226 1271 glorificare.
3267 1200 3425 1266 Quod

174 1298 336 1346 νεῖαι.
369 1290 439 1344 Τὸ
465 1289 575 1360 πῦρ
603 1289 708 1360 γάρ
736 1282 907 1359 αὐτὴν
940 1288 1110 1359 παρα)
1124 1288 1256 1341 αὸὸν
1285 1286 1472 1355 ἀπαθῆ
1503 1286 1738 1354 διετήρει

1852 1292 1928 1345 hic
1965 1306 2182 1360 quoque
2229 1292 2507 1348 usuvenit.
2543 1291 2679 1346 Nam
2721 1307 2844 1346 cum
2895 1292 3036 1363 ignis
3071 1307 3189 1347 eam
3225 1308 3427 1363 apprc-

172 1388 269 1453 τὴν
305 1379 437 1436 ίδξαν
480 1380 748 1435 ἀποϐαλὸν
780 1382 1101 1451 ἐνέργειαν,⁶
1145 1376 1265 1432 εἶτα
1304 1380 1400 1434 καὶ
1432 1375 1589 1441 αὖθις
1643 1377 1743 1447 ἀρ·-

1852 1381 2142 1442 hendisset.
2216 1381 2579 1436 conservabat
2636 1381 2882 1448 illaesam,
2942 1383 3139 1437 amissa
3207 1383 3426 1453 propria

176 1476 358 1527 θεῖσαν
383 1472 609 1539 ἐκεῖθεν,
638 1474 717 1536 είς
736 1472 975 1541 τήγανον
1004 1469 1270 1543 βληθῆναι
1317 1469 1533 1524 κελεύει
1569 1467 1741 1538 πίσσῃ

1852 1473 2178 1543 operatione.
2218 1471 2423 1527 Deinde
2454 1488 2650 1527 rursus
2684 1488 2900 1542 quoque
2932 1473 3083 1528 illinc
3131 1474 3428 1534 sublatam.

173 1563 460 1617 διικαυθὲν
478 1563 569 1616 καὶ
586 1563 867 1632 ἀσφάλτῳ.
887 1560 1004 1630 Ἐφ’
1021 1555 1082 1616 οὗ
1106 1563 1280 1615 στᾶσα
1300 1562 1466 1632 μέσου
1487 1557 1743 1629 ἀτρέπτῳ

1852 1567 1995 1635 iubet
2010 1565 2160 1637 injici
2179 1565 2234 1619 in
2257 1564 2582 1634 sartaginem
2611 1564 2729 1633 pice
2746 1548 3032 1619 accensam
3054 1573 3107 1618 et
3132 1564 3424 1619 bitumine.

176 1656 269 1709 καὶ
297 1654 502 1709 ἀπαθεῖ
529 1654 606 1723 τῷ
634 1655 909 1726 προσώπῳ
938 1656 1039 1723 τὴν
1063 1652 1271 1707 ἀνωθεν
1302 1654 1485 1706 ἐκάλει
1522 1652 1742 1704 ἐπικου-

1852 1657 1904 1711 ln
1951 1659 2111 1728 cujus
2143 1664 2299 1713 stans
2325 1657 2529 1723 medio,
2564 1654 2833 1711 constanti
2865 1664 2919 1710 et
2951 1656 3175 1711 minime
3210 1656 3430 1711 turbato

179 1749 298 1818 ρίαν
320 1764 333 1779 ·
367 1748 462 1802 καὶ
492 1747 654 1811 εὐθὺς
687 1748 745 1801 τὸ
787 1746 896 1813 πῦρ
923 1747 1106 1799 οὐκέτι
1134 1741 1202 1815 ἦν
1238 1744 1366 1813 πῦρ,
1404 1743 1496 1796 καὶ
1524 1741 1583 1793 τὸ
1612 1740 1742 1809 φλέ-
1776 1798 1779 1818 η

1852 1748 1999 1802 vultu
2049 1763 2349 1817 supernum
2402 1750 2674 1804 invocavit
2722 1747 3007 1803 auxilium.
3051 1748 3121 1804 Et
3168 1749 3431 1805 continuo

177 1858 271 1906 γον
322 1840 401 1902 εἰς
451 1839 771 1909 ψυχρότητα
813 1836 1197 1907 μετεεάλλετοο
1244 1834 1321 1898 ὡς
1365 1834 1543 1887 δοκεῖν
1592 1831 1779 1903 παράἲ

1852 1839 1988 1909 ignis
2014 1855 2121 1894 non
2154 1848 2270 1894 erat
2296 1840 2459 1910 ignis,
2498 1849 2553 1895 et
2582 1840 2748 1895 ardor
2773 1849 3013 1895 mutatus
3046 1839 3151 1894 fuit
3180 1839 3234 1894 in
3271 1839 3426 1914 frigi-

176 1931 402 1999 λειμῶνι
427 1930 684 2001 δροσώδει
715 1930 810 1982 καὶ
843 1930 899 1983 ὲν
932 1928 1039 2000 πόᾳ
1068 1930 1176 1983 τινὶ
1214 1928 1430 1999 μαλακῇ
1456 1927 1556 1999 τὴν
1582 1926 1745 1994 ἁγίαν

1852 1930 2069 1986 ditatem
2105 1931 2285 1986 :adeo
2332 1939 2393 1986 ut
2421 1930 2698 1986 videretur
2726 1932 2781 1985 in
2829 1930 3047 1985 roscido
3085 1940 3239 2001 prato
3282 1942 3337 1987 et
3369 1933 3429 1985 in

175 2019 660 2073 διαναπαύσεσθαι.

251 2113 332 2166 Η⁸.
376 2112 562 2173 Οὕτως
587 2109 682 2165 οὖν
714 2110 934 2166 πάντων
964 2110 1072 2165 τῶν
1099 2111 1460 2184 ἐπαγομένων
1489 2109 1749 2177 κολαστη-

183 2204 311 2275 ρίων
341 2204 493 2256 οὐδὲν
526 2206 624 2274 μὲν
663 2205 762 2275 τὴν
796 2206 1053 2276 μάρτυρα
1080 2204 1175 2257 τοῦ
1202 2202 1439 2273 Χριστοῦ
1479 2200 1748 2273 βλαπτόν-

178 2312 309 2361 των,
342 2296 468 2357 τοὺς
509 2296 750 2365 ὁρῶντας
784 2297 839 2349 δὲ
873 2297 1073 2367 μᾶλλον
1105 2298 1183 2358 εἰς
1219 2294 1407 2364 θαῦμα
1432 2294 1749 2361 κινούντων,

182 2385 283 2438 οὐκ
312 2386 451 2456 ἔχων
495 2388 521 2439 ὅ
552 2405 603 2441 τι
654 2388 749 2441 καὶ
779 2387 1024 2458 δράσειεν
1060 2389 1087 2438 ὁ
1132 2385 1225 2439 τοῦ
1256 2386 1495 2455 πονηροῦ
1526 2389 1754 2456 γνήσιος

184 2480 506 2549 ὑπηρέτης,
545 2480 635 2533 τὸν
682 2480 769 2533 διά
818 2480 1002 2546 ξίφους
1057 2478 1286 2530 Θάνατον
1344 2478 1753 2546 ἀποφθέγγεται

185 2572 308 2624 κατ’
348 2571 538 2637 αὐτῆς.
565 2565 637 2622 Οὗ
669 2568 1102 2637 διαγγελθέντος,
1134 2567 1347 2638 φανερὰ
1370 2563 1437 2637 ἦν
1471 2568 1503 2637 ή
1543 2568 1752 2638 μάρτυς

184 2662 401 2730 πλήρης
452 2657 582 2715 οὖσα
617 2660 823 2731 χαρᾶςο
859 2662 926 2731 τῇ
974 2660 1141 2731 μητρί
1180 2676 1237 2712 τε
1282 2659 1527 2731 προσῆγε
1568 2658 1753 2727 δέησιν

186 2752 327 2823 ὑπὲρ
361 2752 629 2823 θυγατρὸς
662 2751 940 2823 εὔχεσθαι,
970 2753 1064 2806 καὶ
1086 2754 1207 2816 ταῖς
1235 2752 1493 2821 ἀδελφαῖς
1523 2750 1755 2823 παρῄνει

182 2846 357 2917 ’μηδὲν
392 2844 492 2916 τῆς
523 2843 658 2915 πρὸς
691 2846 749 2898 τὸ
786 2844 1038 2916 βραδεῖον
1067 2845 1165 2913 τῆς
1208 2845 1319 2900 ἄνω
1350 2845 1593 2915 κλήσεως
1612 2839 1756 2895 ’καθ-

187 2939 402 3005 υφεῖναι
462 2938 730 3004 σπουδῆς’
777 2933 1000 3002 Οἴδατε,
1034 2935 1288 3004 λέγουσα,
1320 2935 1426 2987 τίνι
1460 2934 1756 2998 συνεταξά-

189 3027 353 3098 μεθα,
409 3028 501 3080 καὶ
545 3022 606 3080 οὗ
635 3029 700 3097 τῇ
746 3026 1006 3096 σφραγῖδι
1042 3027 1518 3097 ἑνεσημάνθημεν.
1552 3025 1755 3079 Τούτου

1847 2021 1997 2076 molli
2039 2021 2207 2077 herba
2237 2029 2422 2077 sancta
2451 2022 2816 2091 requiescere.

1920 2112 2059 2167 νιιι.
2119 2113 2208 2168 Sic
2232 2128 2361 2183 ergo
2391 2114 2670 2178 omnibus,
2714 2128 2834 2183 quae
2862 2112 3262 2176 inferebantur,
3296 2126 3433 2181 sup-

1850 2203 2029 2274 pliciis
2075 2212 2366 2273 martyrem
2414 2202 2632 2272 quidem
2678 2202 2882 2257 Christi
2912 2202 3048 2257 nihil
3084 2202 3432 2266 laedentibus,

1852 2312 1944 2353 eos
1977 2305 2180 2363 autem,
2225 2296 2318 2365 qui
2353 2295 2715 2366 aspiciebant,
2762 2295 3114 2351 moventibus
3158 2295 3225 2349 ad
3260 2294 3434 2348 admi-

1855 2391 2141 2455 rationem,
2177 2391 2429 2446 ncsciens
2458 2390 2716 2459 quidnam
2769 2399 2953 2461 ageret
2998 2387 3217 2459 maligni
3269 2386 3434 2441 mini-

1855 2492 1969 2535 ster
2022 2497 2332 2548 germanus,
2390 2481 2444 2535 in
2501 2497 2619 2535 eam
2656 2482 2845 2536 mortis
2902 2480 3081 2551 gladio
3140 2480 3436 2537 inferenda

1854 2571 2170 2641 pronuntiat
2198 2572 2550 2627 sententiam.
2597 2570 2752 2637 Quod
2784 2588 2910 2627 cum
2964 2580 3112 2626 esset
3141 2571 3191 2625 ei
3219 2585 3433 2625 renum-

1856 2666 2067 2731 tiatum,
2114 2675 2361 2735 apertum
2390 2672 2527 2729 erat,
2563 2664 2758 2736 gaudio
2803 2664 3019 2734 plenam
3068 2678 3191 2719 esse
3225 2672 3433 2735 marty-

1858 2774 1992 2813 rem.
2025 2761 2151 2825 Quaa
2182 2769 2409 2815 matrem
2462 2767 2546 2813 est
2583 2767 2803 2828 precata
2826 2799 2841 2823 ,
2870 2765 2930 2811 ut
2954 2765 3137 2811 oraret
3174 2770 3273 2826 pro
3303 2754 3435 2821 tilia,

1858 2862 1911 2906 et
1948 2867 2161 2905 sorores
2193 2860 2278 2905 est
2327 2851 2635 2914 exhortata,
2677 2859 2737 2903 ut
2786 2862 2894 2903 non
2944 2846 3256 2902 dubitarent
3289 2846 3431 2901 mori

1860 2957 1957 3011 pro
1998 2942 2385 3009 consequendo
2425 2942 2614 2995 bravio
2657 2949 2877 2994 aeterna
2925 2937 3227 2991 vocationis
3261 2953 3275 2990 :
3317 2936 3437 2990 Sci-

1862 3030 1950 3096 tis,
2004 3029 2213 3094 dicens,
2267 3029 2352 3084 cui
2394 3044 2596 3084 nomen
2641 3027 2889 3084 dedimus
2936 3035 2992 3081 et
3036 3026 3193 3095 cujus
3246 3039 3439 3080 sumus

186 3124 269 3183 είς
300 3120 525 3189 ἔσχατον
549 3120 812 3189 ἐμμεῖναι
846 3123 911 3192 τῇ
939 3120 1203 3191 ὁμολογίᾳ
1228 3120 1303 3190 μὴ
1332 3120 1754 3190 ἐκκακὴσωμεν·

1862 3123 2085 3192 signatae
2129 3122 2429 3194 signaculo.
2464 3121 2525 3176 ln
2566 3121 2684 3191 ejus
2717 3119 2783 3174 ad
2825 3118 2988 3172 linem
3052 3131 3224 3187 usque
3263 3116 3438 3187 persi-

180 3211 290 3282 “μία
322 3212 505 3282 μήτηρ
536 3213 684 3282 ήμᾶς
711 3211 976 3280 ἐγείνατο,
1005 3212 1037 3281 ή
1071 3211 1209 3282 αὑτὴ
1237 3212 1333 3273 τὰς
1360 3212 1508 3279 τρεῖς
1531 3210 1757 3280 ἀνεθρέ-

179 3305 359 3371 ψατο,
394 3306 498 3358 ὑπὸ
530 3307 661 3374 μιᾶς
692 3306 1010 3376 ἐτράφημεν
1042 3305 1139 3375 τὴν
1200 3302 1520 3375 σωματικὴν
1550 3302 1756 3374 τροφήν

180 3414 241 3449 τε
274 3399 368 3449 καὶ
402 3397 500 3466 τὴν
531 3400 911 3468 πνευματικήν
935 3414 948 3429 ·
974 3396 1032 3448 ἓν
1063 3397 1122 3449 τὸ
1141 3396 1291 3460 τέλος
1319 3398 1411 3449 καὶ
1433 3398 1553 3459 ταῖς
1579 3395 1757 3466 τρισὶν

180 3488 350 3552 ιστω,
397 3488 516 3548 ταῖς
552 3488 805 3554 ἀδελφαῖς
852 3488 1059 3555 ἀδελφά
1093 3487 1319 3556 φανήτω
1386 3487 1481 3538 καὶ
1514 3485 1582 3537 τά
1626 3502 1758 3554 φρο-

180 3584 247 3649 νή
258 3595 427 3650 ματα·
456 3580 654 3632 οἰκεῖον
688 3578 992 3649 ὑπόδειγμα
1014 3580 1132 3642 ταῖς
1159 3577 1279 3649 μετ’
1304 3576 1493 3648 αὐτὴν,
1512 3581 1545 3649 ή
1568 3577 1757 3649 πρώτη

182 3670 455 3737 γενέσθω.
485 3669 709 3735 Τούτοις
740 3674 798 3726 αί
849 3672 1078 3741 ἀδελφαὶ
1123 3673 1235 3734 τοῖς
1285 3670 1467 3739 λόγοις
1517 3673 1758 3743 ἐπιρρω-

183 3759 425 3824 σθεῖσιιι,
474 3762 567 3813 καὶ
596 3762 696 3831 τὴν
733 3763 987 3831 μάρτυρα
1032 3758 1428 3830 προσειποῦσαι
1462 3758 1531 3811 τὰ
1572 3760 1760 3813 τελευ-

177 3851 316 3905 ταῖα
371 3850 466 3901 καὶ
515 3850 923 3916 ἀσπασάμεναι,
985 3849 1175 3917 ἠξίουν
1229 3849 1371 3915 ὑπὲρ
1436 3848 1612 3899 αὐτῶν
1662 3847 1757 3899 τοῦ

177 3943 371 3997 κοινοῦ
424 3941 678 4010 δεηθῆναι
735 3941 1026 4007 Δεσπότου,
1082 3941 1171 3993 τδν
1223 3939 1341 3993 ἴσον
1388 3939 1525 4009 αὐτῇ
1559 3940 1759 4011 δρόμον

173 4035 420 4088 διελθεῖν
467 4034 855 4103 ἀπροσκόπως,
905 4035 992 4088 ἵνα
1030 4033 1122 4088 καὶ
1158 4034 1267 4087 τῶν
1315 4032 1444 4088 ἴσων
1484 4034 1758 4099 ἀξιωθῶσι

178 4127 495 4195 στεφάνων.

252 4217 336 4274 Θ’.
409 4218 471 4273 'H
520 4219 578 4272 δὲ
630 4218 854 4287 γενναία
911 4220 1096 4292 μήτηρ
1152 4220 1305 4274 οὐδὲν
1363 4219 1583 4289 ἀγεννὲς
1637 4219 1757 4274 οὐδὲ

178 4313 533 4384 μικρόψυχόν
559 4330 611 4366 τι
634 4313 730 4366 καὶ
753 4315 1063 4380 γυναικεῖον
1091 4315 1397 4383 πάσχουσα,
1429 4312 1543 4366 ἀλλ’
1568 4310 1758 4383 ὥσπερ

167 4402 483 4474 ειίδουμένη
518 4403 775 4455 ταπεινὸν
808 4406 903 4455 καὶ⁸
937 4402 1155 4468 ἀνάξιον
1184 4404 1454 4473 Θυγατρὸς
1497 4398 1757 4474 τοιαύτης

170 4502 279 4557 καὶ
310 4498 505 4553 παθεῖν
546 4502 638 4551 καὶ
684 4500 878 4565 εἰπεῖν,
920 4497 1054 4562 ὅλως
1086 4493 1154 4571 ἦν
1183 4498 1385 4569 ὑψηλή,
1414 4498 1549 4563 ὅλως
1584 4516 1759 4570 μεγα-

169 4593 427 4664 λόφρων,
458 4590 615 4643 τοῦτο
641 4590 957 4661 λυπουμένη
988 4591 1166 4661 μόνον,
1203 4589 1277 4660 μὴ
1314 4590 1410 4651 τὰς
1452 4588 1618 4652 ἄλλας
1659 4589 1756 4643 ίδοι

176 4684 391 4755 μικρόν
419 4696 471 4734 τι
504 4676 598 4734 τοῦ
638 4678 1081 4749 παραδείγματος
1126 4678 1226 4749 τῆς
1278 4678 1499 4749 πρώτης
1534 4680 1758 4733 ἀπολει-

173 4774 439 4844 φθείσας,
474 4774 569 4827 καὶ
603 4770 928 4843 κινδυνεύσῃ
962 4773 1087 4841 μιᾶς
1116 4771 1347 4841 ὀφθῆναι
1379 4772 1545 4845 μόνης
1573 4772 1668 4825 καὶ
1695 4772 1754 4824 οὺ

168 4868 355 4938 τριῶν
387 4866 646 4920 τοιούτων
703 4862 844 4921 εἶναι
887 4865 1069 4937 μήτηρ
1094 4865 1314 4937 γνησία,
1343 4864 1432 4918 Διδ
1467 4865 1560 4918 καὶ
1587 4865 1757 4932 ἀξίοις

168 4962 286 5030 τὴν
339 4959 508 5013 παῖδα
552 4960 880 5028 προέπεμπε
933 4958 1141 5027 λόγοιςο
1212 4957 1355 5025 Ἐγὼ
1398 4959 1497 5026 μέν
1538 4974 1621 5019 σε,
1660 4958 1756 5010 θύ-

171 5068 386 5121 γατερ,
413 5049 702 5121 ἐγέννησα,
723 5050 979 5118 λέγουσα,
1013 5049 1107 5102 καὶ
1138 5048 1332 5110 πόνους
1360 5047 1564 5103 ὠδίνων
1596 5051 1759 5119 ἐκαρ-

168 5143 401 5213 τέρησε,
430 5145 521 5197 ἐπὶ
556 5146 659 5204 σοὶ,
702 5142 796 5194 καὶ
830 5144 909 5205 είς
937 5140 1093 5195 τοῦτό
1135 5155 1195 5192 σε
1230 5138 1443 5211 ήλικίας
1479 5142 1759 5210 τρέφουσα

168 5231 399 5303 ἤγαγον
422 5252 436 5266 ο
475 5233 614 5304 πλὴν
651 5232 785 5287 ἀλλά
812 5232 1004 5301 ἀπέχω
1044 5231 1110 5285 τὰ
1138 5232 1371 5301 τροφαῖα
1400 5230 1516 5295 νῦν,
1566 5230 1758 5300 ἀπέχω

174 5326 300 5379 τῶν
350 5326 528 5381 πόνων
580 5326 680 5389 τάς
728 5325 1026 5387 ἀντιδόσεις
1075 5325 1254 5394 πολλῷ
1309 5324 1381 5394 τῷ
1433 5325 1661 5393 μείζονι.
1696 5325 1758 5378 El

170 5418 298 5487 γὰρ
331 5416 427 5469 καὶ
452 5414 642 5487 μηδεὶς
667 5414 892 5468 δύναται
917 5414 1170 5482 γονεῦσιν
1195 5413 1503 5467 ἀντιδοῦναι
1531 5414 1758 5484 χάριτας

168 5510 317 5570 ἴσας
362 5503 512 5575 (πῶς
543 5508 651 5575 γὰρ
704 5507 836 5576 παρ’
876 5500 953 5560 ὧν
1000 5506 1133 5560 αὐτὸ
1180 5506 1240 5558 τὸ
1283 5502 1422 5558 εἷναι
1473 5504 1755 5576 εῐληφενς)

171 5601 329 5654 ἀλλὰ
381 5598 446 5651 σύ
504 5617 595 5668 μοι
649 5599 827 5654 πάντα
881 5601 1320 5674 μεγαλοπρεπῶς
1368 5601 1751 5665 ἀποδέδωκας,

170 5690 565 5762 τοιαύτηςέμὲ
599 5693 1113 5764 Θυγατρὸςμητέρα
1137 5692 1382 5758 δείξασα,
1413 5691 1584 5756 οὕτως
1612 5693 1750 5761 ὑπὲρ

174 5781 433 5844 Χριστοῦ
493 5783 889 5855 μεγαλοψύχως
935 5786 1233 5858 deiﬁcum.
1289 5783 1430 5855 Πρδς
1467 5784 1523 5836 ὃν
1575 5785 1752 5849 ἄπιθι,

1859 3224 2005 3268 stere
2037 3213 2399 3277 confessione,
2452 3226 2521 3266 ne
2574 3211 2783 3282 ignavia
2821 3208 3069 3265 adductae
3100 3207 3434 3263 dubitemus.
3484 3251 3488 3255 ,

1864 3305 1979 3360 Una
2016 3315 2188 3357 mater
2232 3320 2329 3357 nos
2367 3305 2572 3373 genuit,
2616 3302 2809 3379 eadem
2843 3309 2955 3353 tres
2995 3298 3148 3362 aluit,
3198 3297 3267 3352 ab
3327 3313 3434 3351 una

1862 3413 2051 3454 sumus
2124 3397 2367 3452 educata:
2439 3404 2547 3449 tam
2619 3392 2886 3464 corporali
2949 3389 3208 3446 alimento
3269 3405 3433 3461 quam

1862 3492 2125 3561 spiritali;
2161 3492 2231 3546 sit
2260 3506 2400 3545 unus
2431 3488 2553 3544 linis
2580 3486 2741 3541 etiam
2772 3485 2969 3545 tribus,
3002 3483 3285 3538 sororibus
3327 3482 3437 3537 sint

1861 3582 2081 3637 sororia:
2126 3591 2181 3635 et
2209 3594 2479 3652 germana:
2528 3580 2857 3632 voluntates.
2891 3574 2974 3630 Sit
3016 3574 3193 3646 prima
3241 3574 3431 3628 dome-

1863 3675 2060 3731 sticum
2106 3672 2405 3743 exemplar,
2438 3671 2503 3727 iis
2547 3689 2666 3743 qua:
2694 3688 2814 3727 cam
2862 3680 3285 3741 consequentur.
3330 3669 3425 3726 His

1862 3768 2043 3823 verbis
2099 3767 2431 3823 Confirmata:
2487 3779 2725 3829 sorores,
2774 3778 2897 3816 cum
2937 3772 3229 3833 martyrem
3283 3761 3421 3814 allo-

1860 3869 2106 3925 quentes,
2145 3865 2454 3911 extremum
2491 3856 2541 3911 ei
2578 3855 2694 3910 vale
2745 3854 3033 3917 dixissent,
3074 3860 3331 3925 rogarunt
3364 3863 3426 3906 ut

1861 3966 1960 4021 pro
2000 3964 2057 4003 sc
2090 3962 2439 4002 communem
2495 3954 2810 4015 precaretur
2860 3944 3176 4007 Dominum,
3225 3953 3285 3997 ut
3313 3944 3433 3997 sine

1861 4042 2163 4099 oﬂ'ensionc
2214 4055 2435 4095 cursum
2478 4038 2528 4093 ei
2567 4054 2750 4108 parem
2793 4049 3137 4107 peragerent,
3187 4045 3245 4088 ut
3278 4051 3437 4105 pares

1861 4148 2077 4205 quoque
2103 4140 2576 4204 οοιιδοίιιιθτριιιυτ
2606 4144 2861 4183 coronas.
3261 4126 3265 4130 ”

1931 4225 2023 4280 IX.
2094 4224 2371 4279 Generosa
2420 4230 2600 4277 autem
2652 4232 2848 4283 mater,
2906 4234 3017 4276 non
3078 4219 3435 4284 illiberaliter,

1860 4334 2039 4393 neque
2092 4318 2292 4389 pusillo
2323 4328 2377 4372 et
2410 4314 2728 4371 effeminato
2765 4313 2955 4368 animo
2991 4326 3048 4366 se
3082 4326 3297 4383 gerens,
3342 4312 3438 4368 sed

1792 4454 1835 4510 Β
1864 4408 2089 4479 perinde
2130 4422 2190 4460 ac
2242 4408 2574 4461 erubescens
2613 4403 2817 4475 aliquid
2847 4402 3047 4467 facere,
3096 4409 3192 4457 aut
3230 4401 3436 4467 dicere,

1863 4501 2007 4572 quod
2045 4509 2189 4555 esset
2245 4500 2515 4570 abjectum
2556 4508 2612 4552 et
2663 4496 2943 4567 indignum
2999 4494 3091 4547 tali
3133 4492 3264 4555 ﬁlia,
3319 4504 3437 4547 erat

1860 4595 2081 4650 omnino
2121 4592 2300 4664 magni
2340 4603 2394 4647 et
2422 4591 2621 4645 excelsi
2646 4588 2836 4650 animi,
2869 4585 3009 4641 hanc
3041 4584 3219 4640 solum
3251 4584 3436 4639 animo

1860 4687 2136 4757 accipiens
2171 4685 2497 4749 molestiam,
2524 4697 2592 4737 ne
2626 4682 2835 4737 videret
2864 4680 2996 4734 alias
3030 4680 3218 4748 prima:
3246 4693 3437 4732 exem-

1861 4781 2008 4852 plum
2066 4794 2173 4832 non
2239 4776 2473 4846 assequi,
2529 4785 2583 4830 et
2615 4774 2827 4829 veniret
2876 4773 2930 4825 in
2984 4770 3311 4841 periculum,
3365 4785 3434 4823 ne

1862 4875 2024 4927 unius
2059 4871 2248 4931 solius,
2288 4879 2342 4924 et
2389 4883 2495 4921 non
2552 4865 2713 4919 trium
2763 4864 3041 4920 videretur
3088 4875 3209 4916 esse
3263 4870 3436 4915 mater

1860 4976 2133 5032 germana.
2175 4958 2438 5023 Quocirca
2493 4955 2654 5010 tiliam
2708 4954 2885 5024 dignis
2920 4950 3103 5007 verbis
3140 4964 3435 5021 proseque-

1862 5056 2063 5108 batur:
2099 5051 2207 5120 Ego
2259 5047 2503 5117 quidem,
2545 5063 2578 5101 o
2614 5044 2742 5109 lilia,
2796 5052 2849 5098 te
2900 5043 3084 5113 genui,
3123 5041 3332 5106 dicens,
3380 5050 3435 5095 et

1861 5153 2091 5213 prepter
2125 5150 2175 5194 te
2224 5140 2317 5193 tuli
2355 5148 2542 5207 partus
2575 5134 2810 5201 dolores,
2847 5142 2902 5189 et
2946 5141 2999 5188 te
3058 5131 3307 5186 nutriens
3338 5130 3437 5185 de-

1860 5232 1986 5288 duxi
2024 5232 2091 5285 ad
2142 5233 2279 5284 hanc
2336 5242 2508 5295 usque
2565 5236 2778 5281 aetatem
2831 5224 2975 5279 :sed
3028 5238 3176 5278 nunc
3222 5221 3434 5291 accipio

1862 5326 2164 5379 mercedem
2212 5321 2615 5385 alimentorum,
2663 5318 2871 5387 accipio
2901 5316 3147 5372 laborum
3180 5329 3433 5369 remune-

1859 5422 2116 5477 rationes.
2168 5426 2367 5481 easque
2419 5410 2822 5481 multiplicatas.
2893 5405 3028 5462 Nam
3083 5404 3187 5459 etsi
3250 5404 3435 5461 nullus

1860 5509 2030 5580 possit
2067 5518 2250 5574 parem
2287 5502 2510 5572 gratiam
2554 5498 2758 5553 referre
2787 5496 3104 5567 parentibus
3140 5492 3434 5565 (quomodo

1860 5603 2002 5656 enim
2030 5610 2151 5651 cum
2183 5594 2252 5649 ab
2280 5594 2345 5649 iis
2374 5594 2570 5663 ipsum,
2593 5590 2736 5661 quod
2766 5605 2971 5654 sumus,
3005 5585 3429 5657 acceperimus?)

1862 5702 1919 5748 tu
1971 5700 2149 5743 tamen
2186 5686 2315 5739 mibi
2354 5684 2533 5740 omnia
2585 5682 2925 5737 abundanter
2970 5675 3273 5740 reddidisti,
3305 5690 3431 5732 cum

1866 5799 1951 5839 me
2013 5780 2130 5835 talis
2202 5780 2318 5835 lilia
2367 5787 2591 5833 matrem
2663 5790 2779 5831 esse
2823 5773 3147 5834 ostenderis.
3206 5781 3262 5827 er
3323 5778 3428 5825 ram
