4170 6322
688 330 788 397 511

1964 332 2244 393 MENSIS
2283 329 2705 391 AUGUSTUS.

3843 324 3947 393 512

689 440 784 496 sed
812 439 1204 511 propemodum
1256 439 1431 510 ipsum
1469 440 1633 495 etiam
1661 440 1876 511 iussum
1903 442 2266 512 praeveniens,

2387 440 2559 507 μόνον,
2611 436 2745 490 ἀλλά
2787 435 2987 507 μικροῦ
3022 434 3121 489 xui
3168 434 3301 491 αὐτὸ
3331 436 3393 490 τὸ
3426 439 3761 508 πρόσταγμα
3802 438 3945 507 φθά-

690 532 743 585 ἱη
788 530 1025 586 mediam
1078 529 1350 584 flammam
1405 530 1638 596 insiluit,
1686 541 1943 603 tanquam
2008 533 2065 587 in
2103 548 2272 603 aquas

688 622 891 678 calidas
944 630 1001 677 et
1028 620 1241 677 lavacra
1280 622 1627 678 suavissima.
1658 624 1914 679 Protinus
1962 639 2089 695 ergo
2122 624 2274 678 llam-

694 724 782 764 ma
838 709 1055 779 quidem
1108 709 1536 777 diffundebatur,
1564 722 1620 766 et
1675 714 2119 783 apprebendebat
2179 728 2273 767 eos

687 802 777 870 qui
796 802 1231 858 circumstabant.
1261 802 1463 875 Tetigit
1487 816 1669 859 autem
1694 806 1833 875 ignis
1864 808 2035 876 ipsum
2057 821 2271 875 quoque

682 889 1069 959 judicem,tum
1098 900 1158 946 ut
1182 890 1536 946 ulcisceretur
1555 894 1911 963 impietatem,
1943 903 2053 947 tum
2077 904 2135 947 ut
2157 896 2272 965 ipse

691 981 917 1036 minime
950 981 1241 1048 dubitaret,
1292 982 1385 1037 sed
1414 992 1659 1038 uteretur
1692 987 1872 1056 seipso
1905 993 2040 1041 teste
2076 985 2272 1041 divinae

690 1074 970 1141 potentiae.
1021 1074 1112 1128 Sic
1157 1088 1286 1146 ergo
1340 1089 1429 1130 res
1468 1075 1683 1144 quidem
1742 1077 2036 1147 impiorum
2069 1076 2270 1133 allicie-

689 1166 904 1219 bantur'
942 1165 1239 1233 dedecore;
1306 1166 1709 1238 glorificabatur
1766 1180 1950 1224 autem
1997 1168 2140 1225 Deus
2174 1185 2273 1240 per

690 1274 844 1313 suam
898 1270 1217 1332 martyrem.
1286 1263 1465 1319 Judici
1514 1275 1696 1320 autem
1752 1265 1891 1319 male
1934 1280 1993 1321 se
2037 1266 2273 1322 habebat

691 1367 755 1405 ea
790 1367 913 1422 pars
952 1355 1216 1424 corporis,
1266 1370 1431 1423 quam
1471 1353 1686 1408 flamma
1720 1356 1991 1426 tetigerat,
2021 1365 2075 1411 et
2103 1358 2270 1411 mittit

689 1445 973 1514 quosdam,
1003 1447 1094 1516 qui
1121 1454 1368 1501 sanctam
1396 1446 1750 1501 adducerent.
1770 1447 1871 1513 Qui
1903 1457 2085 1504 autem
2115 1448 2268 1505 missi

693 1534 932 1602 fuerant,
956 1537 1143 1592 vident
1172 1539 1435 1608 quosdam
1481 1538 1728 1593 candidis
1759 1538 1975 1594 indutos
2008 1540 2267 1607 vestibus,

688 1626 923 1697 eleganti
972 1636 1026 1683 et
1058 1629 1287 1683 honesta
1320 1630 1520 1699 specie,
1554 1632 1643 1699 qui
1694 1630 1779 1685 vel
1812 1631 1924 1686 sola
1951 1631 2127 1686 forma
2176 1645 2271 1701 po-

693 1720 867 1771 terant
900 1718 1171 1773 adducere
1204 1719 1256 1773 in
1299 1720 1713 1774 admirationem
1743 1738 1757 1785 ;
1802 1722 1892 1791 qui
1931 1721 2094 1776 etiam
2125 1737 2269 1792 saepe

2376 546 2562 593 νουσα,
2617 529 2705 581 ἐπὶ
2752 527 2923 598 μέσης
2973 527 3139 597 ἦλατο
3188 526 3287 598 τῆς
3340 528 3563 597 φλογὸς,
3615 528 3808 600 ὥσπερ
3855 530 3949 583 ἐπὶ

2377 621 2595 690 θερμῶν
2637 620 2846 673 ὑδάτων
2891 619 2983 671 xui
3030 618 3271 689 λουτρῶν
3329 618 3541 689 ἥδιστα.
3607 621 3940 690 Παραυτίκα

2376 713 2568 783 γοῦνή
2604 713 2702 782 μὲν
2745 711 2875 780 φλὸξ
2922 711 3189 782 διεχεῖτο,
3247 712 3344 765 καὶ
3392 710 3504 764 τῶν
3556 716 3944 779 περιεστώτων

2377 804 2790 873 ἐπελαμϐάνετο
2812 818 2826 833 ⁶
2858 804 3062 872 ἥπτετο
3084 804 3138 856 δὲ
3166 805 3259 856 xui
3288 803 3455 857 αὑτοῦ
3491 802 3583 856 τοῦ
3608 806 3942 869 δικάζοντος,

2377 895 2495 964 ἅμα
2546 895 2642 964 μὲν
2697 891 2795 966 τὴν
2836 894 3091 946 ἀσέϐειαν
3145 894 3507 963 ἀμυνόμενον,
3546 896 3641 948 xui
3696 897 3947 965 πρὸςητδ

2379 989 2545 1059 μηδὲν
2578 990 2739 1043 αὑτὸν
2772 987 3081 1058 ἀμφίϐολον
3110 987 3276 1056 ἔχειν,
3324 987 3439 1040 ἀλλ’
3483 988 3659 1056 ἐαυτῷ
3705 989 3945 1058 μάρτυρι

2374 1080 2611 1150 χρῆσθαι
2641 1080 2742 1148 τῆς
2769 1078 2864 1132 τοῦ
2896 1078 3030 1132 Θεοῦ
3054 1078 3359 1147 δυνάμεως.
3393 1077 3580 1142 Οῦτως
3610 1069 3707 1132 οῦν
3750 1078 3820 1131 τά
3848 1081 3944 1147 μὲν

2374 1172 2482 1224 τῶν
2526 1171 2741 1224 ἀσεϐῶν
2791 1169 3183 1242 κατῃσχύνετο,
3225 1169 3359 1232 Θεὸς
3400 1169 3456 1222 δέ
3499 1168 3588 1221 διὰ
3633 1170 3731 1238 τῆς
3781 1170 3947 1222 αὑτοῦ

2379 1261 2654 1332 μάρτυρος
2684 1260 2967 1325 ἐδοξάζετο
2988 1275 3001 1289 ⁸
3038 1258 3154 1331 εἶχε
3187 1260 3242 1312 δὲ
3274 1260 3368 1313 xui
3398 1259 3476 1330 τῷ
3511 1261 3742 1332 δικαστῇ
3778 1263 3945 1329 πονή-

2379 1371 2483 1425 ρως
2512 1355 2570 1407 τὸ
2598 1353 3029 1424 παραπολαῦσαν
3076 1353 3173 1421 τῆς
3207 1352 3404 1421 φλογὸς
3439 1355 3605 1425 μέρος
3634 1352 3729 1406 τοῦ
3762 1354 3948 1422 «νώμα⁹

2374 1464 2485 1511 τος,
2538 1448 2633 1499 xui
2684 1446 2894 1515 πέμπει
2942 1445 3090 1505 τινὲς
3145 1444 3371 1508 ἄξοντας
3411 1447 3511 1515 τὴν
3555 1447 3737 1515 ἁγίαν.
3782 1448 3845 1499 0i.
3892 1447 3947 1499 δέ

2376 1538 2723 1609 πεμφθέντες
2754 1534 3226 1606 λευκημονοῦντας
3261 1536 3449 1607 ἐώρων
3477 1539 3630 1602 ms;
3660 1538 3947 1609 εὐπροσώ-

2378 1649 2512 1693 πους
2548 1632 2630 1684 ὅτι
2668 1630 2905 1701 μάλιστα
2945 1628 3040 1681 xui
3073 1630 3368 1698 χαρίεντας
3400 1628 3665 1699 ἔκπληξιν
3709 1632 3821 1684 ἀπὸ
3852 1630 3951 1698 τῆς

2381 1724 2593 1793 μορφῆς
2644 1721 2892 1789 ἐμποιεῖν
2936 1722 3301 1791 δυναμένους’
3348 1720 3399 1773 οἳ
3467 1722 3563 1775 xui
3598 1722 3864 1786 πολλάκις
3895 1726 3952 1775 ἐν

690 1809 789 1863 visi
823 1810 1040 1864 fuerant
1070 1826 1195 1865 cum
1234 1811 1392 1865 beata
1434 1813 1638 1866 versari
1678 1813 1730 1867 in
1761 1812 2004 1880 fornace,
2038 1823 2093 1869 et
2117 1815 2276 1869 simul

2387 1814 2443 1880 τῇ
2467 1812 2682 1879 καμίνῳ
2706 1809 2959 1871 συνόντες
2985 1812 3049 1879 τῇ
3087 1809 3338 1879 μακαρίᾳ
3362 1810 3455 1861 xui
3477 1813 3953 1880 συναναφέροντες

690 1915 814 1954 cum
864 1916 926 1954 ea
957 1910 1155 1971 preces
1206 1902 1457 1957 fundere.
1509 1903 1645 1959 Cum
1698 1914 1879 1957 autem
1917 1905 1998 1959 eis
2028 1915 2269 1960 sanctam

691 1996 1020 2052 conantibus
1068 2012 1264 2067 capere
1310 1998 1500 2054 solutae
1530 2010 1717 2052 essent
1747 1999 2005 2064 dexterae,
2038 2016 2143 2054 non
2179 2016 2273 2053 va-

693 2085 873 2140 lentes
928 2085 1130 2155 aliquid
1171 2085 1410 2157 amplius
1468 2084 1649 2141 facere
1696 2104 1709 2139 :
1754 2087 2043 2157 Egredere,
2073 2089 2273 2144 clama-

693 2174 849 2241 bant,
892 2177 1086 2230 ancilla
1128 2175 1223 2231 Dei
1272 2186 1483 2231 :vocat
1532 2188 1583 2233 te
1621 2179 1807 2249 iudex.
1864 2180 1996 2244 Quae
2049 2180 2150 2235 etsi
2208 2196 2271 2235 ex

694 2266 818 2335 igne
860 2282 1077 2337 egressa
1124 2278 1271 2323 esset
1300 2270 1487 2333 illaesa,
1524 2284 1647 2323 cum
1679 2269 1725 2323 ei
1758 2272 1987 2323 omnino
2021 2286 2129 2324 non
2174 2287 2274 2324 no-

694 2359 901 2415 cuisset
941 2360 1100 2431 ignis,
1133 2370 1188 2416 et
1219 2361 1418 2432 impius
1463 2375 1661 2432 corpus
1701 2361 1922 2416 haberet
1962 2362 2141 2417 adhttc
2169 2380 2258 2418 se-

698 2452 1096 2518 miustulatum,
1136 2461 1193 2507 et
1234 2468 1296 2507 ex
1336 2454 1453 2523 ipso
1497 2461 1683 2523 posset
1725 2452 2027 2525 intelligere
2063 2475 2075 2509 :
2124 2470 2274 2510 cras-

695 2558 818 2597 sam
880 2555 1061 2599 tamen
1119 2545 1319 2599 nubem
1372 2543 1558 2601 ferens
1607 2546 1657 2598 in
1713 2548 1907 2610 oculis,
1952 2556 2068 2600 erat
2120 2549 2274 2616 plane

695 2635 982 2704 insipiens.
1040 2635 1334 2705 PrOpterca
1383 2636 1435 2689 in
1482 2650 1602 2689 eam
1661 2652 1851 2692 rursus
1910 2640 2013 2692 alia
2066 2640 2276 2693 induxit

698 2726 982 2797 supplicia,
1023 2727 1253 2798 etjubet
1298 2728 1418 2797 ejus
1460 2728 1701 2782 membra
1751 2730 1988 2799 transﬁgi
2026 2729 2272 2783 terebris.

697 2818 834 2873 Cum
888 2831 1068 2873 autem
1139 2828 1344 2892 martyr
1396 2820 1603 2873 habens
1641 2822 1864 2873 omnino
1915 2831 2148 2875 mentem
2209 2822 2274 2877 ad

702 2909 869 2965 Deum
899 2911 1187 2973 sublatam,
1218 2927 1407 2975 parum
1442 2920 1533 2965 aut
1562 2912 1699 2964 nihil
1731 2923 1946 2966 curaret
1980 2922 2269 2982 tormenta,

698 3017 820 3056 eam
853 3011 1026 3057 morte
1064 3003 1412 3057 condemnat.
1463 3000 1616 3069 Quod
1654 3004 1871 3073 quidem
1915 3021 2037 3060 cum
2069 3008 2281 3077 audiis:

696 3100 783 3147 ‘set
816 3092 1238 3160 adulescentula,
1270 3096 1422 3166 cujus
1452 3110 1562 3148 non
1600 3105 1754 3149 erant
1780 3097 1963 3164 pusilli
1996 3105 2049 3150 et
2079 3098 2275 3151 mulie-

699 3185 827 3239 bres
871 3185 1117 3254 spiritus,
1190 3196 1246 3239 et
1288 3195 1591 3253 reputasset
1647 3186 1746 3242 hoc
1797 3200 1916 3244 esse
1979 3188 2142 3241 veluti
2202 3166 2349 3259 si-c

704 3276 997 3344 gnaculutn
1028 3285 1083 3328 et
1111 3274 1419 3329 firmitatem
1452 3290 1561 3329 suae
1596 3275 1650 3329 in
1696 3277 1861 3331 Deum
1895 3278 2278 3345 confessionis,

701 3383 923 3438 niaguas
972 3365 1079 3423 Deo
1112 3371 1221 3440 egit
1250 3370 1449 3440 gratias
1488 3388 1500 3422 :
1533 3370 1646 3440 Ago
1677 3371 1773 3425 tibi
1820 3373 2039 3441 gratias,
2073 3374 2280 3439 dicens,

701 3460 884 3514 divina
915 3461 1177 3524 Trinitas,
1209 3477 1314 3515 una
1344 3462 1625 3524 divinitas,
1656 3477 1761 3513 una
1806 3462 1998 3533 gloria,
2040 3480 2146 3518 una
2185 3482 2281 3533 po-

702 3554 897 3613 tentia,
935 3552 1079 3621 quod
1124 3560 1179 3607 te
1222 3561 1275 3607 et
1306 3554 1412 3608 tuis
1454 3551 1783 3622 martyribus
1830 3554 1965 3608 meis
2008 3557 2285 3612 sororibus

701 3645 919 3714 dignam
952 3662 1059 3708 me,
1091 3660 1211 3714 qua:
1250 3659 1369 3698 sum
1413 3644 1656 3705 minima,
1701 3645 2007 3701 reddidisti.
2034 3647 2285 3708 Concede

705 3748 907 3797 autem,
952 3746 1009 3790 ut
1054 3746 1229 3791 mater
1253 3750 1370 3790 mea
1415 3746 1537 3807 post
1572 3752 1753 3789 meum
1783 3738 2068 3793 decessum
2098 3742 2283 3795 tandiu

707 3829 778 3879 sit
832 3825 885 3878 in
931 3826 1032 3880 hac
1076 3828 1271 3883 misera
1311 3828 1424 3881 vita
1482 3836 1781 3894 superstes,
1830 3837 1892 3881 ut
1942 3829 2046 3883 tuis
2079 3830 2287 3887 ancillis

706 3919 847 3988 justa
887 3919 1067 3972 faciat.

780 4089 918 4145 XIV.
963 4090 1099 4148 Cum
1130 4092 1210 4149 sic
1244 4104 1464 4165 precata
1507 4106 1654 4152 esset
1693 4097 1848 4152 beata
1889 4098 2138 4157 Charitas
2186 4100 2283 4156 ad-

712 4185 976 4237 mirandae
1014 4184 1136 4238 filia:
1167 4194 1342 4239 mater
1379 4187 1711 4241 admirabilis
1746 4204 1845 4256 pro
1887 4204 1950 4242 ea
1990 4200 2071 4244 est
2100 4208 2290 4259 preca-

714 4285 790 4338 ta,
830 4290 938 4327 non
981 4284 1041 4328 ut
1073 4289 1192 4328 eam
1254 4274 1461 4330 videret
1520 4276 1720 4345 vivam,
1748 4287 1805 4332 et
1845 4277 2006 4350 longo
2045 4289 2291 4350 tempore

711 4374 938 4435 viveret.
991 4386 1219 4429 mortem
1269 4374 1553 4446 eliugiens,
1595 4388 1651 4430 et
1685 4390 1804 4431 cam
1839 4378 2010 4431 solam
2064 4378 2292 4434 haberet

2380 1901 2517 1972 αύτῇ
2560 1902 2659 1964 τὰς
2690 1902 2856 1971 εύχάς
2891 1900 3217 1970 ἐθεάθησαν.
3273 1901 3431 1954 Ἐπεὶ
3468 1896 3563 1954 οὖν
3605 1902 3953 1971 ἐπιχειροῦσι

2380 1993 2594 2054 τούτοις
2633 1991 2732 2065 τὴν
2776 1992 2938 2061 ἁγίαν
2987 1992 3175 2044 λαϐεῖν
3228 1994 3494 2063 παρεῖντο
3549 1994 3605 2045 αί
3649 1992 3848 2059 δεξιαὶ,
3892 1994 3954 2045 ού

2380 2083 2671 2151 δυνάμενοί
2718 2102 2770 2137 τι
2821 2084 3021 2150 δρᾶσαι
3054 2082 3217 2134 πλέον
3244 2099 3257 2114 ·
3318 2082 3517 2147 Ἐξιθι,
3555 2084 3752 2149 ἐϐόων,
3792 2085 3823 2153 ἡ
3857 2082 3956 2136 τοῦ

2378 2174 2519 2228 Θεοῦ
2557 2174 2744 2243 δούλη,
2785 2177 2812 2227 ό
2844 2172 3080 2237 δικάζων
3114 2172 3292 2226 καλεῖ.
3341 2174 3428 2236 Ὠς
3456 2173 3551 2228 οῦν
3588 2174 3817 2237 ἀθικτος
3846 2175 3956 2227 ἀπὸ

2383 2264 2479 2319 τοῦ
2522 2265 2695 2336 πυρὸς
2743 2263 2966 2335 ἐξῆλθεν
3005 2260 3157 2318 οὐδὲν
3196 2264 3369 2333 αὐτὴν
3416 2266 3479 2317 τὸ
3522 2267 3792 2335 παράπαν
3829 2266 3957 2336 βλά-

2382 2359 2609 2427 ψαντος,
2640 2360 2667 2411 ὁ
2699 2357 2965 2427 δυσσεϐὴς
2998 2358 3177 2410 καίτοι
3215 2357 3553 2427 ἡμίφλεκτον
3587 2359 3669 2411 ἔτι
3703 2359 3763 2411 τὸ
3796 2360 3957 2422 σῶμα

2382 2452 2544 2522 ἔχων,
2599 2450 2693 2504 xui
2745 2447 2838 2516 ἀφ’
2890 2447 3085 2501 ἐαυτοῦ
3136 2449 3378 2501 συνεῖναι
3428 2448 3751 2519 δυνάμενος,
3809 2451 3958 2519 ὅμως

2384 2543 2528 2613 παχὺ
2562 2543 2741 2612 φέρων
2774 2541 2833 2593 τὸ
2859 2541 2946 2594 ἐπὶ
2975 2541 3082 2592 τῶν
3108 2540 3421 2607 ὀφθαλμῶν
3440 2544 3538 2611 τῆς
3558 2542 3739 2610 ψυχῆς
3776 2543 3957 2609 νέφος.

2384 2636 2647 2696 ἀσύνετος
2692 2629 2780 2702 ἦν.
2839 2633 2948 2684 Kui
2996 2631 3083 2683 διά
3124 2630 3285 2682 τοῦτο
3331 2631 3425 2683 xui
3471 2630 3629 2693 αὖθις
3684 2634 3959 2703 τιμωρίας

2386 2727 2595 2796 ἐπῆγεν
2629 2725 2846 2795 ἒτερας,
2885 2726 2978 2776 καὶ
3005 2723 3303 2787 τρυπάνοις
3330 2723 3501 2794 αὐτὴν
3525 2722 3739 2776 κελεύει
3766 2724 3961 2778 διαπε-

2385 2818 2647 2888 ρονᾶσθαι
2683 2817 2750 2872 τά
2781 2816 2938 2887 μέλη.
2988 2814 3145 2869 Ἐπεὶ
3179 2803 3233 2869 δέ
3266 2815 3364 2887 τὴν
3397 2815 3645 2869 διάνοιαν
3695 2816 3789 2870 διὰ
3822 2834 3960 2870 παν-

2382 2913 2471 2973 τὸς
2499 2910 2633 2982 πρὸς
2660 2910 2794 2963 Θεὸν
2825 2910 3022 2980 ἔχουσα
3054 2909 3160 2961 τῶν
3186 2910 3549 2979 ἐπαγομένων
3577 2909 3739 2979 ὀλίγα
3764 2913 3962 2981 ἐφρόν-

2384 3003 2532 3063 τιζεν
2564 3001 2596 3069 ἢ
2625 3000 2801 3063 οὐδὲν,
2854 3002 2947 3053 τὸν
2987 2999 3073 3053 διὰ
3125 2998 3312 3069 ξίφους
3358 3001 3587 3055 θάνατον
3640 3005 3741 3055 xui
3789 3004 3959 3072 αὐτῆς

2388 3091 2730 3160 κατακρίνει,
2772 3094 2909 3163 ὅπερ
2930 3094 2961 3165 ἡ
2984 3094 3150 3163 μηδὲν
3173 3094 3393 3161 ἀγεννές
3421 3096 3554 3164 μηδὲ
3574 3095 3717 3162 θῆλυ
3736 3098 3962 3166 φρονοῦ-

2386 3204 2454 3240 σα
2494 3187 2673 3247 νεᾶνις
2700 3185 3002 3250 ἀκούσασα,
3034 3188 3129 3238 xui
3158 3185 3347 3255 ῶσπερ
3378 3186 3647 3255 σφραγῖδα
3680 3187 3842 3239 τοῦτο
3869 3190 3961 3241 xui

2384 3279 2686 3348 ἀσφάλειαν
2732 3278 2831 3346 τῆς
2888 3276 3025 3345 πρὸς
3078 3276 3211 3328 Θεὸν
3254 3273 3545 3344 ὁμολογίας
3594 3276 3958 3349 λογισαμένη,

2387 3370 2589 3431 πολλὰς
2618 3369 2886 3439 ὡμολόγει
2911 3368 2986 3437 τῷ
3014 3366 3131 3437 Θεῷ
3162 3369 3429 3439 χάριτας·
3480 3365 3809 3439 Εὐχαριστῶ
3854 3388 3957 3437 σοι,

2385 3464 2642 3527 λέγουσα,
2682 3463 2799 3516 θεία
2846 3462 3045 3531 Τριάς,
3107 3461 3204 3533 μία
3257 3458 3469 3531 Θεότης,
3528 3460 3626 3531 μία
3670 3461 3826 3525 δόξα,
3860 3463 3958 3531 μία

2394 3557 2647 3628 δύναμις,
2679 3557 2758 3610 δτι
2795 3555 2891 3609 καί
2924 3573 2989 3627 με
3021 3554 3115 3607 τοῦ
3142 3554 3431 3625 νυμφῶνος
3458 3554 3553 3607 τοῦ
3588 3554 3681 3607 σοῦ
3716 3555 3814 3607 καὶ
3855 3556 3960 3607 τῶν

2389 3647 2497 3702 σῶν
2580 3648 2879 3720 μαρτύρων
2948 3647 3059 3700 τῶν
3117 3646 3267 3717 ἐμῶν
3328 3648 3579 3715 ἀδελφῶν
3643 3649 3808 3713 ἀξίαν
3865 3649 3961 3719 τὴν

2388 3740 2680 3807 ἐλαχίστην
2728 3737 2956 3799 ἔδειξας.
3005 3738 3102 3796 Δὸς
3151 3735 3209 3787 δὲ
3266 3736 3360 3788 xui
3388 3737 3487 3805 τὴν
3537 3738 3678 3805 ἐμὴν
3743 3741 3960 3810 μητέρα

2392 3830 2529 3899 μετά
2553 3831 2651 3901 τὴν
2670 3829 2807 3900 ἐμὴν
2837 3828 3095 3899 τελευτὴν
3120 3826 3196 3898 τῷ
3220 3827 3549 3898 ταλαιπώρῳ
3572 3830 3750 3899 τούτῳ
3770 3832 3965 3902 ἐπιζή-

2392 3941 2481 3977 σαι
2527 3923 2649 3995 βίῳ,
2684 3925 2808 3977 ὅσον
2842 3923 2911 3975 τὰ
2958 3921 3325 3992 νενομισμένα
3355 3922 3475 3984 ταῖς
3520 3923 3641 3985 σαῖς
3685 3921 3958 3992 θεραπαιο

2389 4016 2529 4069 νίσιν
2560 4002 3012 4085 ἀφοσιώσασθαι.

2465 4111 2567 4163 lA'.
2607 4108 2765 4161 Οὖτω
2805 4107 2905 4176 τῆς
2950 4108 3229 4176 μακαρίας
3264 4106 3552 4174 δεηθείσης
3608 4108 3882 4178 ’Λγάπης,
3931 4109 3962 4177 ᾖ

2391 4198 2489 4267 τῆς
2545 4198 2854 4267 θαυμασίας
2916 4197 3188 4264 θυγατρὸς
3247 4195 3529 4264 θαυμασία
3594 4198 3783 4266 μήτηρ
3844 4202 3964 4251 τινα

2392 4288 2536 4359 ὑπὲρ
2568 4286 2740 4357 αὐτῆς
2794 4286 2980 4355 δέησιν
3015 4285 3273 4348 ἐποιεῖτο,
3308 4284 3406 4353 οὐχ
3454 4283 3541 4336 ἵνα
3576 4284 3762 4347 ζῶσαν
3799 4288 3965 4355 αὐτὴν

2392 4382 2519 4454 ὁρᾷ,
2580 4380 2691 4434 οὐδ’
2746 4379 2833 4434 ίνα
2888 4379 3098 4451 μακρὸν
3143 4378 3336 4448 χρόνον
3390 4377 3528 4448 βιῴη
3588 4378 3680 4430 τὸν
3737 4377 3965 4432 θάνατον

714 4468 1140 4521 consolationem
1188 4477 1245 4521 et
1291 4483 1442 4537 spem
1509 4470 1830 4535 senectutis,
1877 4485 2001 4523 cum
2043 4471 2112 4524 ab
2172 4472 2282 4525 aliis

2398 4472 2735 4542 ἐκφυγοῦσα,
2770 4474 2865 4526 xui
2912 4471 3266 4541 παραμυθίαν
3304 4471 3474 4539 αὐτὴν
3508 4472 3678 4540 μόνην
3710 4472 3829 4540 ἔχοι
3876 4474 3966 4523 καὶ

717 4568 861 4613 esset
905 4559 1119 4614 deserta
1181 4559 1428 4626 filiabus;
1476 4560 1611 4613 nihil
1673 4560 1869 4613 borum
1919 4570 2001 4614 est
2050 4570 2290 4628 precata,

718 4660 811 4704 aut
840 4652 1037 4714 voluit;
1085 4650 1199 4705 haec
1228 4652 1375 4705 enim
1420 4650 1696 4719 judicabat
1741 4666 1864 4705 esse
1918 4662 2149 4706 matrum
2192 4652 2295 4706 illi-

717 4743 916 4797 beralis
960 4753 1015 4797 et
1050 4743 1230 4813 pusilli
1282 4742 1471 4805 animi,
1515 4750 1571 4797 et
1618 4759 1739 4813 qua:
1789 4743 2074 4797 intuentur
2114 4744 2291 4798 solum

714 4834 783 4887 ad
832 4833 885 4886 id
924 4834 1065 4902 quod
1118 4832 1293 4896 adest,
1330 4841 1383 4885 et
1425 4831 1571 4900 quod
1612 4830 1868 4883 videtur:
1916 4830 2009 4884 sed
2059 4838 2115 4883 ut
2165 4846 2296 4885 con-

635 4979 644 4989 ,
719 4925 1002 4979 venientcr
1037 4925 1157 4994 ejus
1205 4923 1488 4994 proposito
1536 4923 1814 4991 acciperet
1867 4924 2295 4977 consummatio-

718 5036 865 5085 nem,
890 5026 946 5074 et
966 5018 1107 5073 bona
1132 5018 1270 5073 facta
1301 5019 1476 5074 bonus
1504 5026 1823 5086 sequeretur
1852 5017 2051 5071 exitus.
2085 5016 2295 5083 Quam-

717 5129 908 5182 obrem
960 5126 1027 5181 ad
1075 5134 1309 5181 mortem
1374 5125 1423 5179 ei
1474 5124 1681 5179 addens
1732 5124 1998 5187 animum,
2045 5130 2100 5178 et
2128 5125 2194 5177 ad
2237 5124 2298 5177 fi-

722 5236 850 5275 nem
907 5234 1101 5273 cursus
1154 5218 1483 5273 confirmans
1526 5234 1540 5271 :
1588 5214 1756 5286 Euge,
1804 5215 2041 5280 dicebat,
2079 5230 2110 5270 ο
2157 5215 2295 5279 filia;

724 5328 759 5367 ο
789 5312 894 5365 mei
948 5310 1087 5366 uteri
1149 5325 1337 5365 revera
1392 5310 1522 5364 felix
1564 5310 1779 5379 planta!
1811 5323 1843 5363 ο
1886 5322 2008 5376 quae
2059 5308 2299 5363 honora-

724 5407 851 5463 νιειί
930 5404 1211 5476 parentes!
1256 5419 1289 5458 ο
1333 5419 1453 5473 qua:
1498 5404 1664 5457 Deum
1721 5403 1774 5457 iu
1824 5402 1930 5457 tuis
1988 5401 2297 5471 glorificasti

727 5500 1006 5555 membris.
1052 5496 1184 5564 Quis
1238 5512 1345 5551 non
1390 5505 1537 5550 tuam
1590 5495 1831 5549 laudabit
1885 5494 2300 5549 fortitudinem?

726 5594 859 5653 Quis
892 5606 999 5645 non
1021 5589 1187 5643 animi
1220 5588 1386 5642 robur
1410 5586 1871 5642 etconstantiam?
1890 5586 2035 5641 Vade
2064 5587 2127 5640 ad
2153 5602 2299 5641 com-

732 5698 949 5737 munem
987 5682 1299 5744 Dominum,
1334 5678 1398 5732 ad
1439 5678 1755 5743 thalamum,
1785 5678 1837 5731 in
1873 5693 2031 5747 quem
2068 5694 2173 5732 non
2214 5694 2301 5731 ca-

731 5774 816 5827 dit
869 5772 1143 5837 interitus,
1186 5771 1249 5825 ad
1291 5772 1526 5840 quietem
1569 5782 1752 5823 revera
1792 5770 2022 5830 beatam,
2060 5770 2297 5823 laborum

2398 4565 2711 4635 γηροκὸμον
2764 4563 2952 4615 ἐλπίδα
3000 4561 3109 4612 τῶν
3158 4561 3331 4614 ἄλλων
3388 4560 3711 4629 Θυγατὲρων
3760 4562 3966 4631 ἔρημος

2396 4659 2566 4712 οὖσαο
2609 4657 2762 4709 οὐδὲν
2806 4654 3045 4707 τοιοῦτον
3086 4654 3119 4723 ἡ
3168 4652 3372 4721 ηὔξατο
3423 4651 3749 4721 ἢὴθέλησε.
3783 4652 3968 4705 Ταῦτα

2396 4750 2505 4819 γὰρ
2551 4749 2792 4816 ἀγεννῶν
2834 4746 3013 4814 ἔκρινε
3057 4746 3311 4815 μητέρων
3360 4746 3453 4795 καὶ
3508 4746 3643 4811 πρὸς
3688 4744 3751 4794 τδ
3797 4744 3969 4813 παρὶν

2403 4842 2564 4913 μόνον
2606 4840 2943 4912 βλεπουσῶν,
2978 4838 3092 4891 ἀλλ’
3130 4836 3271 4887 ὥστε
3305 4836 3453 4888 κατά
3487 4836 3587 4905 τὴν
3624 4834 3802 4902 αὐτῆς
3837 4837 3969 4905 πρὸ·

2398 4938 2549 4990 θεσιν
2586 4936 2679 4986 καὶ
2711 4934 2811 5003 τὴν
2846 4931 3124 4984 τελείωσιν
3163 4927 3423 4991 δέξασθαι
3473 4926 3569 4979 xui
3601 4926 3797 4987 καλαῖς
3830 4929 3970 4997 api-

2401 5028 2515 5092 ξεσι
2547 5025 2709 5078 καλὸν
2760 5022 3128 5090 ἀκολουθῆσαι
3178 5020 3275 5072 xui
3325 5019 3496 5080 τέλος.
3542 5017 3632 5069 Διὸ
3679 5016 3779 5068 xui
3838 5016 3974 5086 πρὸς

2398 5122 2492 5173 τὸν
2520 5119 2750 5171 θάνατον
2781 5114 3158 5181 ἐπαλείφουσα
3206 5111 3435 5179 ταύτην,
3474 5110 3566 5161 xui
3610 5107 3749 5178 πρὸς
3784 5109 3850 5160 τὸ
3884 5106 3972 5159 τοῦ

2399 5212 2603 5282 δρόμου
2665 5208 2815 5269 τέλος
2888 5204 3313 5276 ἐπιῤῥωννῦσα·
3372 5201 3535 5269 Εὖγε,
3604 5193 3650 5253 ὦ
3707 5199 3971 5266 θύγατερ,

2400 5305 2574 5371 ἔλεγε,
2609 5296 2652 5355 ὧ
2688 5299 2922 5370 γαστρὸς
2972 5298 3110 5368 ἐμῆς
3163 5296 3437 5367 μακάριον
3484 5294 3653 5355 δντως
3704 5292 3903 5359 φυτὸν,
3934 5283 3976 5342 ὦ

2402 5397 2579 5464 γονεῖς
2605 5395 2906 5465 τιμήσασα,
2958 5385 3002 5445 ῶ
3056 5391 3191 5444 Θεὸν
3258 5392 3315 5442 ἐν
3365 5390 3479 5450 τοῖς
3524 5387 3638 5447 σοῖς
3695 5383 3975 5450 δοξάσασα

2411 5486 2597 5555 μέλεσι
2624 5500 2638 5514 '
2673 5483 2757 5545 τίς
2786 5498 2843 5534 σε
2878 5482 2975 5550 τῆς
3007 5478 3230 5548 ἀνδρίας
3262 5477 3363 5531 οὐκ
3402 5474 3682 5528 ἐπαινέσει
3709 5490 3724 5539 ;
3758 5474 3848 5537 τίς
3882 5473 3977 5540 τῆς

2404 5578 2723 5647 καρτερίας,
2776 5574 2862 5637 τίς
2910 5573 3009 5639 τῆς
3059 5570 3405 5633 ἐνστάσεωςς
3468 5567 3661 5621 ’Δπιθι
3722 5566 3865 5633 πρὸς
3894 5565 3979 5615 τὸν

2405 5670 2581 5724 κοινὸν
2612 5667 2912 5734 Δεσπότην,
2951 5661 3089 5731 πρὸς
3114 5661 3205 5713 τὸν
3249 5658 3514 5728 νυμφῶνα
3545 5656 3638 5708 τὴν
3669 5655 3976 5731 ἄφθαρτον,

2406 5759 2541 5829 πρὸς
2568 5758 2663 5827 τὴν
2702 5756 2975 5827 μακαρίαν
3007 5752 3171 5815 ὅντως
3202 5752 3525 5810 ἀνάπαυσιν,
3562 5747 3975 5815 ὀπολειψαμίιης
