4170 6322
241 374 348 439 513

1511 373 1682 436 VITA
1728 371 1787 434 S.
1834 372 2234 435 STEPHANI.

3382 372 3484 437 514

234 482 346 537 τῶν
373 483 550 539 ἄθλων
584 486 681 549 τὰς
714 485 969 557 ἀμοιϐάς.
1002 486 1098 549 ’Ὣς
1126 502 1218 539 σου
1251 485 1339 537 τὸν
1374 483 1638 552 στέφανον
1667 501 1805 552 φαν-

1918 496 2201 556 acceptura
2236 483 2725 541 remunerationes.
2762 483 2834 541 Ut
2875 484 3085 540 visione
3134 482 3487 554 apprehende

236 576 479 646 τάξομαι
515 576 674 650 δεξιᾷ
724 582 1028 650 Δεσποτικῇ
1065 576 1514 650 προτεινόμενονι
1564 578 1652 640 Ὠς
1684 578 1810 642 τοὺς

236 669 500 737 ἀγγέλους
551 670 664 738 ὁρῶ
712 671 1022 741 χαίροντας,
1091 670 1185 722 καὶ
1232 668 1331 738 τὴν
1382 666 1480 739 σὴν
1532 668 1811 722 τελείωσιν

238 758 645 827 ἀναμένονταςι
703 760 767 811 Ὢ
817 759 958 823 οἵαις
1012 757 1123 821 ἑγὼ
1162 757 1310 828 τρίσι
1358 757 1663 827 θυγατράσι
1712 753 1811 827 τὴν

236 846 450 919 Τριάδα
502 851 818 921 τετίμηκαῑ
861 847 963 906 Οἷα
1013 852 1182 923 δῶρα,
1231 844 1320 904 οἷα
1366 850 1584 919 θύματα
1642 866 1811 918 προσ-

241 941 450 1013 ήνεγκα
478 942 688 1013 ταύτῃι
726 943 992 1005 Τοιαύτας
1025 944 1213 1012 εὐχὰς,
1246 940 1521 1004 τοιούτους
1558 941 1746 1008 λόγους
1779 942 1811 1010 ἡ

239 1034 385 1105 καλὴ
423 1038 607 1106 μήτηρ
639 1036 849 1105 ἐφόδιον
878 1039 947 1106 τῇ
988 1035 1224 1104 θυγατρὶ
1259 1033 1641 1103 παρασχοῦσα,
1676 1033 1811 1102 πρὸς

237 1128 341 1196 τὴν
378 1126 718 1197 ποθουμένην
748 1128 865 1180 ὁδὸν
896 1127 1224 1198 παρέπεμψε
1244 1143 1260 1160 θ
1293 1127 1385 1179 τὸν
1427 1126 1628 1193 αὐχένα
1664 1125 1806 1194 οὖνὴ

242 1222 495 1292 μακαρία
545 1219 879 1290 προτείνασα
930 1220 1021 1272 τὸν
1075 1220 1215 1289 ὑπὲρ
1278 1217 1516 1288 Χριστοῦ
1576 1218 1806 1270 θάνατον

237 1311 450 1382 ὑπέστη
480 1310 798 1381 προθύμως,
823 1305 889 1379 ἦς
917 1311 980 1363 τὸ
1011 1312 1171 1381 σῶμα
1199 1312 1232 1380 ἡ
1260 1311 1442 1381 μήτηρ
1484 1308 1811 1378 περιπαθῶς

238 1401 360 1470 ἅμα
398 1401 492 1453 καὶ
531 1398 775 1461 εὐλαϐῶς
815 1399 1229 1468 κατησπάζετο,
1281 1398 1342 1451 τό
1377 1415 1432 1450 τε
1468 1400 1563 1467 τῆς
1601 1397 1814 1467 φύσεως

238 1492 340 1543 καὶ
383 1492 444 1543 τὸ
492 1491 591 1560 τῆς
643 1488 869 1559 γνώμης
920 1490 1173 1551 ποιοῦσα,
1220 1488 1563 1542 εὐωδιάσασά
1611 1506 1670 1541 τε
1722 1488 1815 1541 καὶ

238 1582 661 1653 περιστείλασα,
701 1583 850 1645 ὅπως
874 1582 982 1635 ἔδει
1017 1585 1113 1651 τὴν
1147 1581 1239 1633 καὶ
1271 1581 1483 1650 μητέρα
1527 1580 1624 1632 καὶ
1664 1580 1816 1647 φιλο-

241 1678 522 1745 μάρτυρα,
560 1673 997 1745 μεγαλοπρεπῶς
1027 1690 1085 1726 τε
1121 1672 1217 1725 καὶ
1243 1671 1563 1741 φιλοτίμως,
1599 1672 1691 1723 καὶ
1714 1672 1813 1722 ὅσα

236 1767 408 1835 νόμος
452 1767 543 1818 ἐπὶ
589 1766 855 1827 τοιούτοις
900 1764 1152 1831 γίνεσθαι
1196 1763 1474 1832 λειψάνοις
1521 1763 1811 1823 τελέσασσ,

1912 594 2189 644 coronam,
2226 594 2348 649 qua:
2377 579 2598 634 dextera
2632 577 2841 634 Domini
2879 578 3191 649 porrigitur.
3226 576 3295 631 Ut
3328 577 3486 633 video

1912 671 2132 742 angelos
2161 671 2425 737 laetantes,
2452 682 2505 727 et
2532 678 2912 739 exspectantes
2944 678 3091 723 tuam
3128 684 3481 725 consumma-

1913 765 2136 818 tionem.
2202 763 2246 818 Ο
2299 764 2494 834 quibus
2554 778 2653 834 ego
2717 763 2886 818 tribus
2944 761 3158 827 ﬁliabus
3226 762 3486 817 honorari

1912 854 2232 910 Trinitatem
2266 855 2483 924 :qualia
2520 855 2682 920 dona,
2720 855 2909 924 quales
2950 854 2999 908 ei
3039 853 3209 906 obtuli
3241 851 3485 906 suiﬁtus‘!

1913 946 2070 1002 Tales
2107 963 2317 1016 preces,
2368 948 2490 1001 talia
2537 948 2701 1001 verba
2734 962 2857 1001 cum
2890 947 3105 1016 egregia
3155 954 3325 998 mater
3364 944 3487 997 illize

1913 1039 2231 1108 praebuisset
2267 1040 2537 1102 viaticum,
2571 1047 2859 1108 prosecuta
2894 1049 2975 1092 est
3002 1037 3067 1090 ad
3098 1036 3235 1091 viam
3271 1034 3490 1089 deside-

1917 1137 2111 1184 ratam.
2158 1128 2366 1183 Collum
2428 1129 2608 1196 itaque
2660 1128 2946 1198 porrigens
3011 1128 3185 1188 beata,
3239 1138 3490 1196 prompto

1914 1227 1968 1272 et
1996 1219 2159 1273 alacri
2210 1220 2390 1273 animo
2429 1218 2592 1273 subiit
2631 1228 2859 1273 mortem
2895 1232 2991 1287 pro
3035 1215 3276 1272 Christo.
3321 1217 3489 1285 Cujus

1913 1326 2109 1378 corpus
2144 1322 2314 1366 mater
2358 1312 2515 1365 simul
2564 1326 2687 1365 eum
2735 1326 2924 1381 magna
2956 1310 3238 1364 aﬂeetione
3277 1317 3331 1362 et
3370 1310 3489 1379 pie-

1916 1411 2021 1455 tate
2054 1411 2136 1455 est
2166 1403 2408 1469 amplexa
2444 1419 2457 1455 :
2492 1402 2803 1471 faciensque
2847 1401 2988 1470 quod
3021 1401 3235 1455 volebat
3269 1400 3405 1455 ratio
3434 1408 3490 1453 et

1917 1504 2127 1555 natura,
2163 1509 2283 1547 cum
2319 1494 2494 1563 ipsum
2526 1492 2803 1556 sulliisset,
2829 1501 2883 1547 et
2910 1503 2967 1545 ut
2993 1492 3218 1546 decebat
3260 1502 3488 1545 matrem

1918 1596 1973 1643 et
2045 1597 2333 1658 martyrum
2403 1596 2697 1647 amantem,
2762 1583 3040 1653 splendide
3090 1594 3143 1638 et
3210 1582 3493 1652 magniﬁce

1916 1680 2331 1746 composuisset,
2382 1684 2435 1730 et
2478 1692 2539 1728 ea
2596 1674 2835 1735 fecisset,
2883 1688 3000 1743 quae
3046 1673 3113 1727 de
3158 1688 3309 1727 more
3358 1674 3493 1732 fiunt

1918 1769 1970 1821 in
2016 1769 2178 1822 rebus
2219 1766 2544 1837 hujusmodi,
2577 1766 2631 1821 id
2681 1780 2895 1836 quoque
2931 1766 2983 1819 in
3035 1767 3235 1834 templo
3265 1765 3493 1835 deponit

236 1860 353 1919 τοῖς
382 1856 493 1909 τῶν
524 1856 770 1925 ἀδελφῶν
799 1857 895 1911 καὶ
924 1856 1087 1909 τοῦτο
1130 1854 1432 1916 συνάπτει,
1468 1854 1560 1904 καὶ
1589 1852 1667 1921 τῷ
1699 1852 1810 1920 ναῷ

1918 1858 2072 1912 simul
2102 1873 2224 1911 cum
2264 1859 2561 1923 sororibus,
2597 1858 2741 1926 quod
2778 1858 2864 1913 illa
2914 1857 3061 1925 prius
3095 1857 3352 1927 praeclare
3403 1873 3498 1909 ex-

239 1949 577 2019 κατατίθησι
618 1948 815 2014 ταῦτα,
850 1948 908 2001 ὃν
944 1949 1101 2016 ἔτυχε
1153 1948 1423 2016 πρότερον
1456 1945 1813 2012 ἀναστήσασα

240 2038 572 2106 φιλοκάλως,
604 2039 743 2106 μέγα
766 2056 818 2090 τι
844 2038 1034 2107 χρῆμα
1056 2035 1150 2088 καὶ
1172 2035 1448 2106 θησαυρὸν
1470 2034 1814 2103 ἁδαπάνητον

238 2133 275 2199 ἡ
344 2129 698 2199 φιλόχριστος
770 2129 942 2191 ὅντως
1002 2128 1369 2199 δωρησαμένη
1441 2130 1811 2199 Χριστιανοῖς,

240 2221 391 2273 ἴασιν
423 2219 625 2289 ψυχῆς,
666 2221 809 2272 ἴασιν
850 2218 1124 2290 σώματος,
1158 2219 1508 2289 ἀπρόσκοπον
1543 2218 1661 2288 βίου
1697 2220 1811 2270 διας

240 2314 459 2383 γωγὴν,
499 2314 635 2383 πρὸς
668 2312 800 2366 Θεὸν
836 2313 1132 2377 οῑκείωσιν,
1178 2312 1429 2383 μεγάλων
1462 2311 1683 2379 ἀγαθῶν
1711 2329 1813 2363 πα-

242 2406 411 2475 ροχὴν
443 2405 730 2476 δωρεῖσθαι
761 2405 1079 2474 δυνάμενον.
1120 2400 1248 2457 Εἶτα
1281 2404 1421 2473 μετὰ
1454 2405 1555 2471 τὴν
1590 2402 1806 2471 ἐκείνης

235 2498 553 2559 τελείωσιν,
608 2498 781 2566 τριῶν
828 2497 964 2548 ὅλων
1020 2494 1247 2563 ἡμερῶν
1294 2494 1723 2562 διαγενομένων,
1780 2497 1811 2562 ἡ

240 2588 542 2647 καλλίπαις
594 2585 733 2654 αὓτη
795 2585 978 2653 μήτηρ
1031 2583 1326 2649 ἐξελθοῦσα
1377 2583 1479 2651 τὴν
1520 2582 1663 2651 ὑπὲρ
1708 2581 1816 2633 τῶν

243 2677 410 2747 ἱερῶν
444 2678 651 2729 παίδων
672 2676 971 2728 τελέσουσα
1002 2675 1249 2744 μνήμην,
1282 2673 1575 2743 προσφῦσα
1606 2676 1670 2743 τῇ
1706 2672 1816 2725 τῶν

238 2770 519 2839 λειψάνων
576 2768 757 2840 σορῷ“
816 2769 985 2836 Τίμια
1048 2766 1200 2838 παρὰ
1248 2767 1365 2838 Θεῷ
1415 2766 1654 2835 θύματα,
1687 2766 1813 2837 ἔφη,

232 2865 639 2933 τετελειωμένα
672 2863 1107 2933 καλλιερήματα,
1135 2862 1359 2927 δέξασθε
1390 2862 1487 2931 τὴν
1527 2863 1683 2931 ὑμῶν
1709 2880 1815 2931 μη-

237 2959 381 3025 τέρα
450 2958 720 3023 σύσκηνον
795 2957 909 3017 τοῖς
988 2955 1285 3024 ὑμετέροις
1351 2949 1432 3015 οἷς
1511 2956 1816 3006 κατοικεῖτε

240 3046 619 3117 σκηνώμασιν.
654 3045 837 3097 Ταῦτα
888 3045 1017 3113 ἔφη,
1052 3044 1148 3096 καὶ
1183 3044 1513 3113 συναπήχθη
1551 3045 1665 3105 τοῖς
1714 3045 1813 3113 ῥή-

245 3160 418 3212 μασιν
462 3142 494 3210 ἡ
538 3140 782 3209 γενναία,
825 3140 917 3191 καὶ
966 3137 1134 3191 ὕπνον
1184 3136 1401 3190 ὕπνωσε
1450 3139 1540 3190 τὸν
1572 3132 1814 3200 δικαίοις

242 3233 582 3303 ἁρμόζοντα,
619 3233 652 3303 ὴ
692 3235 875 3302 μήτηρ
912 3228 1282 3302 προστεθεῖσα
1321 3233 1439 3292 ταῖς
1487 3228 1815 3298 θυγατράσι,

241 3327 341 3379 καὶ
370 3328 522 3396 κοινῇ
549 3325 710 3377 πάλιν
737 3326 813 3394 τῷ
844 3326 953 3377 τῶν
973 3322 1147 3391 ἁγίων
1185 3320 1348 3391 χορῷ.
1373 3321 1439 3373 Δί
1468 3320 1599 3387 γοῦν
1634 3322 1819 3375 συνελ-

242 3418 439 3471 θοῦσαι
482 3415 826 3483 φιλευσεὸεῗς
873 3417 940 3469 τὰ
986 3414 1357 3485 νενομισμένα
1405 3413 1501 3466 καὶ
1550 3412 1637 3465 ἐπ’
1678 3413 1813 3480 αὐτῇ

239 3509 562 3573 τελέσασαι,
627 3512 692 3576 τῇ
740 3510 891 3576 κοινῇ
964 3508 1073 3559 τῶν
1123 3505 1441 3573 θυγατέρων
1491 3504 1633 3571 σορῷ
1684 3518 1817 3553 κατ-

240 3602 451 3652 έθεντο.
506 3598 652 3649 Ἔδει
693 3598 801 3664 γὰρ
834 3597 1022 3667 ὥσπερ
1049 3598 1157 3650 τῶν
1189 3597 1398 3665 ψυχῶν,
1448 3592 1588 3646 οὕτω
1623 3593 1688 3663 δὴ
1719 3593 1815 3645 καὶ

240 3692 357 3743 τῶν
402 3690 672 3758 σωμάτων
708 3689 838 3759 μίαν
867 3688 1047 3740 αὐτῶν
1080 3683 1221 3740 εἶναι
1255 3686 1356 3758 τὴν
1401 3686 1706 3751 κατοικίαν,
1737 3687 1817 3749 είς

239 3782 406 3846 δόξαν
436 3782 672 3851 Πατρὺς,
718 3782 839 3835 Υίοῦ
867 3782 959 3834 καὶ
992 3780 1150 3849 ἁγίου
1183 3779 1522 3849 Πνεύματος,
1551 3780 1649 3849 τῆς
1685 3779 1816 3847 μιᾶς

239 3874 523 3942 θεότητος,
628 3874 826 3946 πρέπει
859 3876 1007 3927 πᾶσα
1047 3874 1198 3939 δόξα,
1233 3873 1390 3943 τιμὴ,
1437 3872 1531 3924 καὶ
1579 3867 1817 3937 προσκύ-

239 3984 422 4039 νησις,
448 3967 545 4019 νῦν
575 3970 665 4019 καὶ
694 3968 774 4028 είς
803 3969 929 4027 τοὺς
960 3966 1165 4027 αἰῶνας
1194 3964 1304 4017 τῶν
1332 3964 1569 4018 αἰώνων.
1616 3961 1813 4031 Ἀμην.

1917 1951 2197 2013 citaverat,
2242 1965 2353 2006 rem
2394 1964 2638 2019 magnam
2685 1956 2737 2002 ct
2766 1948 3098 2013 thesaurum,
3132 1949 3490 2016 quiconsumi

1918 2056 2029 2095 non
2092 2048 2291 2109 potest,
2347 2054 2472 2093 vere
2530 2054 2720 2093 amans
2779 2038 2979 2092 Christi
3038 2037 3239 2092 femina
3304 2039 3493 2110 largita

1917 2133 2245 2188 Christianis
2302 2132 2566 2187 medelam
2637 2131 2852 2195 animm,
2908 2131 3169 2186 medelam
3229 2132 3491 2201 corporis,

1917 2225 2237 2280 inoﬂ‘ensam
2310 2225 2429 2277 vitae
2479 2224 2924 2287 transactionem,
2976 2221 3087 2275 Deo
3149 2223 3492 2289 conjunctio-

1921 2333 2069 2381 nem,
2103 2324 2156 2370 et
2197 2314 2288 2384 qui
2331 2322 2506 2384 potest
2554 2329 2744 2385 magna
2782 2313 2924 2367 bona
2963 2312 3227 2381 pra-bere.
3285 2312 3492 2365 Deinde

1918 2425 2040 2464 eum
2073 2418 2182 2463 tres
2213 2407 2406 2477 integri
2433 2405 2549 2461 dies
2580 2406 3022 2461 intercessissent
3047 2417 3165 2474 post
3195 2404 3340 2459 illius
3365 2421 3497 2459 con-

1919 2502 2360 2567 summationem,
2422 2514 2635 2570 egressa
2696 2500 2811 2553 haec
2862 2499 3194 2569 cgregiarum
3264 2498 3492 2551 ﬁliarum

1917 2605 2090 2647 mater
2145 2608 2244 2660 pro
2298 2592 2659 2646 sacrosanctis
2713 2590 2921 2644 liliabus
2995 2599 3279 2657 peractura
3342 2604 3494 2644 com.

1916 2681 2387 2746 memorationem,
2416 2680 2681 2735 accedens
2713 2680 2777 2733 ad
2828 2678 3063 2731 loculum
3098 2677 3447 2747 reliquiarum
3478 2698 3489 2732 :

1919 2777 2194 2839 Pretiosae,
2246 2774 2400 2837 dixit,
2458 2772 2602 2843 apud
2668 2770 2838 2826 Deum
2879 2770 3087 2836 hostim,
3121 2780 3498 2824 consummata

1919 2878 1973 2923 et
2025 2868 2250 2939 pulchre
2290 2868 2438 2921 litata
2498 2865 2779 2929 sacriﬁcia,
2829 2863 3058 2933 accipite
3103 2872 3337 2917 vestram
3378 2878 3497 2916 ma-

1921 2970 2054 3013 trem
2118 2959 2561 3015 contubernalem
2617 2959 2668 3011 in
2738 2956 2955 3017 vestris,
3022 2970 3144 3023 qua:
3222 2956 3494 3020 habitatis,

1920 3050 2300 3104 tabernaculis.
2345 3050 2471 3103 llaac
2522 3049 2677 3109 dixit,
2726 3058 2776 3100 et
2809 3047 2969 3099 simul
3016 3063 3138 3100 cum
3178 3046 3262 3101 his
3312 3048 3496 3102 verbis

1920 3143 2179 3197 abscessit
2209 3142 2401 3195 mulier
2434 3138 2671 3211 egregia,
2713 3148 2767 3192 et
2797 3152 3013 3202 somno,
3046 3140 3135 3207 qui
3162 3138 3325 3205 justis
3360 3154 3497 3192 con-

1922 3235 2086 3305 gruit,
2120 3234 2412 3287 obdormiit
2453 3242 2627 3286 mater
2674 3230 2854 3285 addita
2890 3229 3122 3293 ﬁliabus,
3162 3238 3215 3282 et
3246 3244 3496 3282 commu-

1924 3328 1977 3379 ni
2036 3341 2222 3378 rursus
2292 3325 2860 3377 choro-sanctorum.
2931 3320 3065 3375 Cum
3149 3330 3327 3376 autem
3394 3321 3495 3391 pias

1922 3415 2306 3470 convenissent
2355 3412 2596 3477 feminae,
2626 3412 2676 3466 ei
2702 3426 2920 3480 quoque
2948 3412 3109 3479 iustis
3138 3411 3293 3464 factis
3326 3412 3497 3480 depo-

1922 3519 2149 3567 suerunt
2202 3509 2254 3561 in
2295 3508 2571 3563 communi
2630 3506 2807 3562 loculo
2866 3506 3120 3562 liliarum.
3196 3505 3496 3576 Oportebat

1921 3603 2088 3667 enim,
2139 3600 2408 3671 quomodo
2462 3599 2791 3664 animarum,
2842 3597 2914 3653 ita
2971 3598 3135 3653 etiam
3202 3612 3489 3667 corporum

1923 3709 2041 3748 esse
2081 3708 2242 3746 unam
2311 3692 2695 3744 habitationem
2739 3706 2754 3741 :
2800 3690 2865 3741 ad
2932 3690 3154 3756 gloriam
3226 3689 3401 3742 Patris
3442 3698 3496 3742 et

1922 3784 2065 3846 Filii,
2116 3792 2171 3838 et
2220 3781 2458 3853 Spiritus
2504 3781 2700 3847 sancti,
2749 3782 2911 3835 unius
2951 3776 3273 3840 divinitatis,
3329 3778 3489 3848 quam

1923 3871 2078 3926 decet
2116 3859 2517 3941 omnis/gloria,
2574 3869 2747 3925 honor
2791 3878 2845 3924 et
2902 3869 3167 3934 ador-ario,
3239 3885 3382 3925 nunc
3442 3878 3497 3925 et

1924 3962 1980 4016 in
2017 3960 2210 4015 saecula
2251 3961 2597 4014 seculorum.
2651 3958 2846 4013 Amen.

1701 4326 2044 4445 VlTA

960 4580 1311 4737 SAN
1337 4579 1643 4733 CTI
1832 4572 2793 4729 STEPHANI

1464 4843 1691 4906 PAPIE
1738 4842 1837 4904 ET
1886 4841 2305 4903 MARTYRIS.

1048 5009 1249 5075 (Latine
1270 5008 1398 5070 apud
1428 5006 1625 5059 Surium
1646 5004 1707 5053 ad
1729 5004 1859 5053 diem
1885 5003 1916 5051 2
1934 5002 2164 5066 Augusti.
2179 5002 2347 5057 Graece
2369 5015 2467 5051 non
2491 5001 2693 5061 exstat.)

316 5341 439 5407 Quo
470 5346 715 5409 tempore
765 5340 1082 5397 Valerianus
1140 5346 1192 5393 et
1229 5333 1817 5405 Gallienusimpietatis
1847 5340 1893 5400 1)
1923 5332 2223 5397 detulisset,
2242 5345 2432 5387 omnes
2449 5329 2568 5398 ejus
2582 5325 3237 5395 facultatesipsehaberet
3253 5334 3489 5394 etquos-

242 5440 392 5484 secta
403 5440 549 5485 tores
564 5418 935 5498 imperabant,
955 5430 1383 5487 Christianorum
1415 5424 1817 5496 quamplurimi,

245 5525 636 5582 acerbissimos
688 5533 947 5596 tyrannos
989 5526 1342 5587 declinantes,
1365 5521 1669 5575 latitabant.
1704 5517 1822 5572 Non

243 5610 673 5675 deeranttamen
702 5618 793 5690 qui
831 5617 951 5672 ﬁdei
982 5628 1257 5672 certamen
1287 5615 1601 5679 subeuntes,
1626 5621 1824 5682 marty-

246 5708 319 5761 rii
353 5708 590 5778 palmam
630 5717 1072 5779 assequerentur.
1111 5707 1239 5761 Erat
1310 5706 1453 5759 enim
1477 5702 1559 5755 lex
1578 5702 1825 5771 proposi-

249 5805 307 5851 ta
358 5809 417 5855 ut
455 5797 763 5871 quicunque
788 5798 1155 5854 Christianum
1208 5797 1484 5853 hominem
1520 5794 1820 5848 latitantem

1925 5439 2142 5493 cunque
2166 5423 2400 5477 honores
2419 5420 2475 5474 in
2491 5419 2732 5475 exercitu
2748 5418 3007 5488 petiisset,
3028 5416 3272 5471 obtinere
3285 5423 3489 5484 posset.

1924 5515 2021 5567 Illo
2064 5514 2224 5584 igitur
2254 5521 2497 5582 tempore
2550 5511 2612 5564 Β.
2676 5511 2933 5564 Romanae
2996 5510 3144 5564 urbis
3205 5508 3494 5579 episcopus

1926 5606 2257 5674 Stephanus,
2291 5618 2414 5657 cum
2462 5611 2634 5658 totum
2688 5603 2894 5656 clerum
2952 5610 3357 5673 congregasset.
3416 5600 3495 5655 sic

1926 5714 2050 5754 eum
2070 5696 2275 5753 affatus
2302 5704 2423 5753 est:
2458 5697 2726 5761 Audistis,
2762 5696 2959 5750 fratres
2992 5706 3048 5748 et
3091 5694 3493 5755 commilitones

1928 5792 2055 5859 mei,
2094 5793 2532 5851 crudelissimum
2593 5793 2831 5847 edictum
2891 5789 3115 5856 diaboli,
3161 5800 3216 5844 ut
3263 5788 3305 5841 si
3370 5787 3492 5855 quia
