4170 6322
734 366 841 429 515

1968 371 2254 431 MENSIS
2307 374 2738 434 AUGUS'I'US.

3869 376 3970 433 516

723 484 1087 539 Christianum
1120 484 1577 555 deprehenderit,
1615 501 1804 541 omnes
1858 486 1973 555 ejus
2014 489 2295 544 facultates
2321 497 2371 555 Α
2398 494 2634 548 'I‘ituium
2658 500 2903 545 vocatum
2936 491 3102 545 fuisse
3128 491 3382 553 diximus,
3418 493 3597 561 itaque
3657 493 3971 547 Nemesium

724 577 836 644 ipse
860 577 1150 646 possideat.
1177 578 1365 631 Moneo
1386 579 1547 647 igitur
1575 594 1687 642 vos,
1724 580 1936 641 fratres,
1962 592 2019 634 ut
2050 592 2293 637 terrenas

721 668 936 721 divitias
958 671 1338 731 eonfemnatis,
1362 686 1469 736 quo
1499 671 1731 725 caelestis
1752 674 1898 741 regni
1928 672 2290 727 [nereditatem

722 762 1002 829 percipere
1054 764 1307 830 possitis:
1368 762 1541 815 Nolite
1598 763 1955 831 liujusmundi
2023 766 2293 833 principes

720 854 1075 919 extimescere
1108 870 1119 904 :
1147 856 1239 907 sed
1274 854 1439 907 Deum
1500 856 1618 908 coeli
1680 867 1733 908 et
1795 865 1949 909 terrae
1984 858 2293 920 Dominum,

719 946 945 1013 ejusque
970 945 1300 1013 unigenitum
1333 946 1521 998 Filium
1542 946 1722 999 Jesum
1750 948 2020 1001 Christum
2051 950 2292 1010 adorato,

723 1037 873 1089 ilium
888 1038 1064 1096 eolite,
1085 1040 1147 1090 ad
1177 1039 1325 1091 illum
1346 1038 1642 1108 confugite,
1663 1041 1752 1108 qui
1776 1052 1949 1107 potest
1979 1055 2077 1093 nos
2107 1055 2295 1094 omnes

726 1129 1290 1195 criperedemanibus
1355 1130 1692 1184 inimicorum
1757 1142 2065 1184 nostrorum
2129 1144 2183 1185 et
2229 1135 2294 1187 de

724 1221 916 1275 diaboli
956 1222 1159 1273 malitia
1199 1222 1449 1276 liberatos
1501 1239 1597 1276 sua
1646 1225 1814 1293 gratia
1852 1225 2219 1278 corroborare.

795 1306 857 1357 11.
886 1304 1036 1359 Tunc
1063 1310 1339 1375 presbyter
1377 1310 1617 1377 quidam,
1672 1312 1888 1364 nemine
1918 1312 2133 1367 Bonus:
2164 1314 2291 1375 Nos,

723 1394 938 1464 inquit,
1004 1406 1247 1451 terrenas
1336 1410 1551 1452 nostras
1626 1400 1905 1455 facultates
1990 1404 2296 1473 relinquere

724 1489 776 1539 in
812 1488 994 1540 animo
1026 1490 1311 1552 habemus,
1335 1492 1578 1558 quininio
1617 1495 1931 1562 sanguinem
1957 1494 2131 1563 ipsum
2174 1510 2295 1563 pro-

728 1585 846 1646 pter
882 1581 1163 1632 Dominum
1224 1593 1469 1635 nostrum
1523 1581 1704 1635 Jesum
1750 1585 2051 1648 Christum,
2098 1596 2149 1638 et
2175 1588 2291 1652 ejus

724 1671 959 1725 nominis
1012 1672 1403 1726 confessmuem
1450 1674 1730 1727 effundere
1788 1678 1954 1742 parati
2001 1693 2209 1739 sumus,
2243 1688 2297 1731 ut

723 1762 875 1817 illum
894 1764 1104 1830 assequi
1135 1764 1275 1833 digni
1298 1764 1612 1818 eiliciamur.
1640 1766 1729 1818 His
1751 1768 1927 1827 dictis,
1949 1784 2135 1825 omnes
2184 1772 2297 1824 cle-

2398 586 2449 637 iu
2485 601 2675 651 aquam
2706 584 2940 646 demisit,
2976 593 3029 637 et
3060 584 3349 652 baptizavit
3382 587 3434 637 in
3499 586 3717 639 nomine
3775 587 3971 651 Patris,

2400 675 2695 738 ctl’ilii,et
2727 675 2956 742 Spiritus
2990 675 3183 728 sancti.
3243 676 3379 729 Cum
3457 692 3582 730 vero
3642 694 3705 731 ex
3766 679 3975 746 piscina

2396 767 2633 830 exiissel,
2660 769 2821 833 erepit
2874 766 3039 834 ipsius
3074 768 3177 819 lilia
3219 770 3453 821 clamare
3488 787 3499 821 :
3558 770 3635 824 En
3689 771 3970 825 hominem

2396 859 2573 919 video,
2609 860 2699 925 qui
2733 860 2905 927 tetigit
2964 861 3149 911 oculos
3204 874 3371 920 meos,
3424 862 3474 911 in
3526 861 3683 928 cujus
3737 862 3969 914 circuitu

2399 966 2603 1019 magna:
2641 952 2775 1003 lucis
2807 952 3064 1019 Splendor
3093 963 3332 1019 apparet.
3387 951 3539 1005 Tunc
3572 952 3886 1020 Stephanus
3922 964 3973 1006 et

2396 1036 2566 1107 ipsam
2602 1040 2837 1093 Nemesii
2870 1040 3027 1091 filiam
3066 1040 3376 1108 baptizavit,
3401 1056 3515 1108 qinc
3553 1040 3754 1095 Lueilla
3790 1054 3973 1097 vocata

2395 1143 2498 1183 est.
2548 1128 2623 1181 lix
2662 1132 2762 1183 hoc
2826 1141 3068 1197 tempore
3138 1130 3290 1181 multi
3341 1138 3624 1197 eruperunt
3684 1130 3750 1181 ad
3811 1132 3972 1198 pedes

2397 1219 2541 1272 beati
2579 1218 2847 1285 pontificis
2901 1218 3162 1287 Stephani
3215 1233 3271 1272 se
3315 1229 3682 1287 prosterni-re,
3742 1228 3794 1271 et
3850 1236 3971 1271 cum

2398 1306 2648 1374 lacrymis
2700 1306 3025 1374 baptismum
3061 1307 3127 1359 ab
3155 1321 3219 1360 eo
3248 1319 3451 1375 petere.
3485 1307 3576 1360 lllo
3606 1309 3787 1376 itaque
3863 1309 3972 1369 die.

2395 1413 2502 1464 quo
2534 1398 2735 1451 Lucilla
2758 1397 3028 1466 baptizata
3058 1406 3157 1460 est,
3180 1413 3354 1451 mares
3375 1410 3427 1451 ct
3451 1398 3666 1451 femime
3690 1400 3973 1467 sexaginta

2395 1490 2503 1545 duo
2556 1489 2811 1558 baptizati
2868 1500 3016 1542 sunt.
3071 1488 3161 1543 Sic
3221 1490 3402 1557 igitur,
3450 1490 3633 1543 divina
3667 1491 3844 1559 gratia
3913 1500 3973 1542 et

2400 1597 2505 1649 Ope
2538 1582 2846 1649 adjuvante,
2886 1581 3037 1633 multi
3077 1579 3175 1631 viri
3209 1579 3373 1633 Deum
3416 1592 3723 1634 metuentes
3755 1598 3822 1635 ex
3846 1596 3977 1649 gen-

2407 1674 2568 1737 tibus,
2600 1674 2813 1726 beatum
2850 1675 3155 1742 pontificem
3198 1675 3535 1741 Stephanum
3592 1676 3870 1738 adierunt,
3919 1682 3975 1725 ut

2399 1768 2465 1821 ab
2496 1768 2587 1821 illo
2610 1767 2815 1820 Christi
2855 1768 3183 1835 baptismum
3211 1768 3541 1835 acciperent.
3583 1765 3703 1818 Mox
3736 1766 3821 1818 ille
3853 1782 3978 1818 san-

727 1855 822 1906 riei
864 1854 927 1906 ad
972 1854 1264 1907 beatissimi
1297 1856 1567 1921 pontificis
1613 1859 1776 1924 pedes
1808 1862 2082 1926 prostrati,
2134 1862 2297 1932 signi-
2332 1844 2371 1896 Β
2402 1858 2676 1911 ctissimus
2730 1858 2995 1925 pontifex,
3035 1854 3275 1925 Spiritus
3310 1857 3479 1909 sancti
3512 1856 3683 1925 gratia
3720 1856 3977 1916 refertus,

725 1945 974 2009 ficarunt,
1022 1948 1162 2013 quod
1194 1949 1420 2017 quisque
1459 1952 1686 2017 gentiles
1748 1951 1890 2004 domi
1959 1967 2069 2005 sum.
2129 1954 2299 2007 habe~

727 2050 827 2101 rei,
852 2039 939 2105 qui
968 2040 1226 2105 baptizari
1262 2051 1530 2105 Optarent.
1562 2042 1743 2109 Itaque
1763 2058 1791 2095 a
1813 2044 2063 2110 pontifice
2090 2061 2301 2111 quaere-

726 2130 857 2183 bant
890 2145 1013 2182 num
1056 2130 1197 2204 alio,
1251 2147 1317 2183 an
1370 2132 1434 2185 ad
1491 2148 1613 2185 eum
1677 2135 1795 2186 illos
1845 2136 2056 2189 ducturi
2097 2146 2297 2198 essent,

724 2237 831 2291 quo
892 2221 1150 2287 baptizari
1219 2234 1457 2285 possent.
1511 2222 1681 2278 Iussit
1744 2227 1903 2294 igitur
1949 2229 2297 2284 beatissimus

725 2316 1035 2383 cpiscOpus,
1063 2324 1119 2367 ut
1148 2325 1366 2382 postero
1396 2317 1481 2368 die
1509 2317 1575 2368 ad
1611 2324 1875 2385 cryptam,
1926 2321 2295 2387 quaeappella—

725 2418 811 2460 tur
841 2404 1161 2473 Nepotiana,
1190 2422 1380 2460 omnes
1410 2407 1787 2461 convenirent.
1855 2407 1990 2462 Cum
2040 2410 2201 2478 igitur
2233 2409 2299 2463 ad

725 2514 842 2553 eam
900 2508 1138 2567 cryptam
1187 2502 1590 2561 convenissent,
1645 2500 1851 2554 inventi
1893 2509 2020 2553 sunt
2050 2501 2159 2555 illic
2189 2510 2295 2556 tam

726 2608 927 2652 mares,
986 2608 1146 2661 quam
1191 2591 1426 2655 feminte,
1449 2601 1669 2646 centum
1712 2602 1766 2647 et
1794 2602 1948 2655 octo;
2008 2608 2144 2661 quos
2202 2595 2290 2649 illo

729 2684 846 2751 ipso
877 2684 965 2738 die
992 2682 1239 2737 Pontifex
1294 2684 1347 2736 in
1397 2685 1616 2737 nomine
1675 2685 1881 2737 Domini
1928 2686 2099 2738 nostri
2158 2685 2287 2737 Iesu

724 2773 926 2827 Christi
961 2774 1301 2827 sanctissimo
1320 2773 1645 2841 baptismate
1674 2784 1726 2827 et
1745 2775 1861 2827 aliis
1877 2774 2077 2827 divinis
2098 2786 2296 2844 myste-

731 2866 827 2918 riis
856 2866 1216 2929 consecravit,
1262 2874 1317 2918 et
1356 2876 1413 2917 ut
1471 2865 1573 2918 illis
1606 2865 1871 2932 placatum
1912 2881 1973 2918 ac
2006 2866 2295 2934 propitium

727 2955 891 3007 Deum
928 2956 1193 3015 redderet,
1238 2956 1559 3009 sacrificium
1612 2956 1826 3021 obtulit,
1864 2958 2048 3026 sicque
2104 2974 2296 3012 omnes

728 3056 1191 3101 sacramentorum
1223 3048 1511 3116 participes
1539 3049 1663 3101 facti
1691 3059 1841 3103 sunt.

806 3139 890 3191 lll.
924 3139 1001 3192 Eo
1020 3149 1197 3192 autem
1222 3141 1329 3203 die,
1355 3140 1443 3209 qui
1465 3140 1721 3208 deinceps
1741 3150 1959 3195 secutus
1978 3152 2081 3205 est,
2107 3146 2294 3196 bealus

729 3232 1047 3299 Stephanus
1082 3231 1354 3284 ordinavit
1421 3241 1529 3285 tres
1585 3232 1951 3301 presbyteros,
2008 3243 2061 3288 et
2091 3244 2294 3303 septem

725 3325 1003 3385 diaconos,
1041 3338 1103 3375 ac
1134 3322 1403 3376 sexdecim
1425 3322 1652 3377 clericos
1699 3334 1751 3377 et
1784 3325 1976 3379 sedens
2017 3342 2204 3379 omnes
2239 3328 2302 3379 il-

725 3418 805 3470 los
850 3415 1080 3469 docebat
1131 3414 1196 3466 de
1241 3430 1402 3483 regno
1437 3414 1564 3473 Dei.
1598 3431 1661 3469 ac
1688 3417 1754 3469 de
1829 3418 2160 3484 sempiterna
2208 3419 2298 3472 illa

728 3512 855 3569 vita,
890 3524 1007 3576 quae
1025 3508 1199 3560 futura
1220 3516 1320 3559 est.
1352 3506 1472 3559 Mox
1503 3519 1783 3575 cmperunt
1820 3508 2000 3577 populi
2051 3525 2113 3561 cx
2146 3509 2298 3566 Grac-

724 3604 805 3657 cis
854 3611 908 3653 et
936 3599 1155 3668 reliquis
1175 3599 1422 3668 gentibus
1452 3600 1513 3651 ad
1554 3599 1905 3661 eumvcnire,
1956 3603 2044 3669 qui
2088 3601 2297 3657 divinos

725 3708 1003 3748 sermOnes
1065 3693 1366 3766 audientes,
1394 3708 1421 3744 a
1457 3690 1737 3765 Stephano
1765 3693 2014 3761 pontifice
2045 3693 2288 3762 baptiza—

727 3787 942 3839 bantur.
982 3786 1190 3836 Interea
1216 3784 1588 3850 venitquidam
1628 3785 1878 3836 tribunus
1912 3784 2164 3847 militum,
2194 3785 2300 3838 Ne-

734 3879 933 3932 mesius
956 3878 1193 3937 nomine,
1238 3875 1319 3929 cui
1359 3886 1474 3929 crat
1506 3874 1607 3927 filia
1650 3876 1805 3929 unica
1863 3891 1982 3944 qua:
2040 3878 2105 3929 ab
2148 3877 2300 3930 incu-

729 3971 941 4025 nabulis
1005 3978 1223 4037 apertos
1256 3967 1472 4035 quidem
1507 3967 1696 4019 oculos
1721 3967 2004 4028 habuerat,
2041 3968 2132 4021 sed
2162 3969 2294 4021 nihil

727 4064 947 4116 omnino
977 4061 1291 4129 aspiciebat.
1326 4059 1417 4111 Ille
1447 4074 1504 4110 se
1536 4058 1600 4111 ad
1636 4060 1773 4111 beati
1802 4060 2073 4126 pontificis
2130 4059 2296 4129 pedes

727 4156 1035 4223 prostravit,
1093 4166 1155 4204 ac
1214 4150 1383 4202 dixit:
1438 4149 1653 4211 Orate,
1696 4149 1961 4217 pontifex.
2002 4160 2058 4202 ut
2116 4166 2200 4201 me
2246 4158 2297 4201 et

728 4246 887 4301 tiliam
913 4258 1086 4296 meam
1144 4240 1407 4307 baptizes,
1475 4256 1581 4308 quo
1642 4249 1692 4293 et
1767 4242 1882 4308 ipsa
1937 4240 2294 4304 illuminetur,

729 4339 1013 4393 etanimas
1079 4343 1293 4387 nostras
1369 4332 1435 4385 ab
1494 4332 1712 4385 mternis
1770 4333 2011 4385 tenebris
2078 4334 2296 4401 eripias,

725 4428 975 4498 quoniam
1015 4426 1080 4479 ad
1140 4426 1277 4480 hanc
1316 4439 1484 4491 usque
1519 4424 1659 4476 diem
1690 4436 1907 4489 semper
1970 4423 2021 4472 in
2046 4423 2298 4475 aerumnis

2400 1949 3017 2016 cmpitClitistianorum
3053 1948 3453 2002 multitudinem
3484 1950 3535 2001 in
3573 1965 3743 2002 unum
3799 1948 3975 2001 locum

2400 2054 2727 2105 convocare,
2754 2040 3051 2107 divinaque
3087 2040 3256 2093 ofﬁcia
3285 2038 3587 2093 celebrabat
3609 2041 3661 2091 in
3677 2049 3978 2107 martyrum

2398 2132 2659 2197 latibulis,
2688 2149 2807 2201 qua:
2849 2144 3047 2202 cryptae
3093 2134 3437 2201 appellantur
3492 2149 3504 2184 :
3565 2147 3672 2198 quo
3734 2142 3979 2201 tempore

2397 2223 2710 2277 Nemesium
2747 2236 2954 2292 patrem
2988 2223 3208 2277 Lucillte
3237 2224 3509 2277 ordinavit
3540 2223 3859 2277 diaconum.

2471 2312 2536 2365 γ.
2572 2314 2867 2380 Impietatis
2898 2328 3024 2365 vero
3063 2324 3361 2366 sectatores
3418 2316 3636 2382 quidam
3682 2330 3807 2367 cum
3867 2316 3982 2369 haec

2400 2406 2753 2467 audivissent,
2816 2405 3037 2473 insuper
3064 2413 3119 2459 et
3167 2405 3482 2458 Nemesium
3518 2405 3803 2458 tribunum
3856 2423 3977 2460 cum

2400 2507 2511 2551 tota
2539 2497 2737 2550 familia
2774 2496 2973 2551 Christi
3006 2496 3167 2551 fidem
3233 2498 3450 2561 sectari,
3502 2498 3889 2566 baptismoque
3929 2510 3982 2554 et

2403 2585 2525 2638 fidei
2558 2586 2761 2640 lumine
2780 2586 3047 2654 adjurum,
3072 2587 3368 2640 cwcifatettt
3394 2587 3979 2657 pristinamabjecisse,

2402 2694 2515 2732 rem
2548 2679 2859 2732 detulerunt
2890 2680 2954 2732 ad
2980 2681 3323 2734 Glabrionem
3358 2691 3410 2732 et
3444 2681 3736 2733 Maximum
3772 2699 3975 2735 consu-

2397 2772 2495 2834 les,
2524 2771 2768 2824 homines
2784 2772 2987 2845 scilicet
3020 2772 3316 2840 impietatis
3332 2772 3483 2825 valde
3514 2774 3980 2830 studiosos.Tunc

2400 2865 2477 2917 illi
2511 2865 2576 2918 de
2611 2879 2671 2918 ea
2709 2880 2765 2918 re
2784 2865 3172 2929 consultantes,
3196 2876 3588 2933 praeceperunt,
3627 2878 3685 2921 ut
3724 2884 3976 2936 quorun-

2404 2973 2509 3025 que
2546 2958 2598 3009 in
2660 2959 2777 3010 loco
2833 2957 3116 3009 Nemcsins
3167 2958 3429 3011 diaconus
3486 2959 3718 3013 inveniri
3773 2972 3980 3027 posset,

2402 3051 2628 3100 omnino
2662 3048 2993 3116 gravissimis
3019 3048 3297 3116 suppliciis
3333 3049 3683 3118 allIigeretur.
3714 3050 3854 3110 Cum
3883 3068 3951 3105 au
3971 3088 3983 3094 -

2401 3148 2504 3192 tem
2534 3138 2816 3192 Nemesius
2854 3140 2966 3207 ipse
3001 3140 3230 3209 quodam
3277 3139 3366 3194 die
3419 3157 3515 3210 per
3559 3143 3699 3196 viam
3746 3144 3978 3211 Appiam

2404 3232 2507 3285 iter
2534 3230 3172 3301 faceret,etessetprope
3204 3232 3385 3287 Martis
3419 3234 3700 3302 templum,
3739 3244 3795 3288 et
3819 3235 3977 3290 Vale-

2403 3324 2620 3376 rianum
2663 3338 2724 3377 ac
2758 3323 3042 3376 Maximum
3071 3324 3266 3391 impios
3302 3324 3549 3378 homines
3588 3326 3819 3391 videret,
3892 3328 3983 3396 qui

2403 3424 2461 3467 ut
2487 3424 2644 3468 antea
2675 3425 3067 3469 consueverant
3095 3414 3388 3469 fmdissima
3415 3416 3758 3472 daemonibus
3814 3422 3984 3473 sacri-

2401 3507 2518 3561 ﬁcia
2562 3506 2880 3569 offerebant,
2916 3508 2985 3561 ita
3018 3507 3185 3561 Deum
3281 3510 3457 3579 ipsmn
3508 3510 3659 3563 flexis
3749 3513 3981 3579 genibus

2399 3599 2573 3651 oravit
2609 3619 2620 3651 :
2656 3599 2883 3651 Domine
2925 3600 3062 3653 Deus
3086 3611 3297 3654 creator
3330 3600 3449 3654 cmli
3476 3611 3531 3653 et
3563 3611 3743 3663 terrm,
3779 3604 3981 3671 dissipa

2401 3690 2622 3742 consilia
2640 3700 2692 3742 et
2711 3691 3011 3754 machinas,
3040 3692 3231 3758 quibus
3261 3692 3507 3743 diabolus
3529 3692 3801 3745 humanas
3824 3708 3983 3746 men-

2403 3792 2481 3834 tes
2513 3783 2767 3850 pervertit
2801 3783 3036 3851 ;dissipa
3064 3798 3180 3842 eas.
3201 3798 3515 3852 qumso,per
3534 3799 3732 3837 nomen
3771 3784 3981 3839 Domini

2402 3876 2568 3929 nostri
2618 3875 2744 3929 Jesu
2822 3875 3027 3929 Christi
3100 3874 3220 3928 Filii
3282 3875 3381 3939 tui,
3449 3890 3608 3944 quem
3668 3878 3869 3930 misisti
3932 3879 3983 3931 in

2403 3968 2549 4021 hunc
2580 3969 2863 4038 mundum.
2906 3970 3136 4020 Contere
3178 3968 3457 4031 Satanam,
3489 3978 3547 4019 ut
3592 3970 3782 4022 miseri
3832 3971 3979 4022 etin-

2401 4056 2586 4109 felices
2610 4058 2696 4109 isti
2715 4058 2780 4109 ab
2796 4058 2913 4124 ejus
2942 4058 3145 4123 laqueis
3160 4057 3354 4123 quibus
3377 4055 3566 4107 irreliti
3591 4065 3717 4109 sunt
3742 4058 3984 4126 eripian-

2403 4158 2510 4210 tur,
2544 4164 2605 4201 ac
2641 4130 2921 4200 humanis.
2958 4148 3203 4201 manibus
3268 4147 3524 4201 fabricata
3557 4148 3859 4201 simulacra
3899 4152 3985 4203 dc-

2402 4241 2792 4308 rclinquentes,
2836 4248 3129 4309 agnoscant
3162 4249 3211 4292 te
3242 4239 3483 4292 omnium
3520 4256 3704 4292 rerum
3757 4253 3975 4295 creato-

2411 4343 2543 4391 rem,
2572 4330 2739 4381 l)eum
2771 4337 2826 4382 et
2863 4328 3078 4381 Patrem
3125 4329 3578 4396 omnipotentem,
3650 4334 3706 4381 ct
3762 4334 3984 4384 unicum

2407 4418 2602 4472 Filium
2637 4429 2788 4472 tuum
2829 4421 3116 4474 Dominum
3158 4419 3341 4475 Jesum
3380 4421 3680 4474 Christum.
3707 4421 3806 4475 Illa
3871 4426 3983 4491 ipsa

724 4530 779 4574 et
811 4518 1086 4574 doloribus
1120 4514 1519 4585 proptcrbujus
1548 4512 1668 4566 filize
1700 4528 1830 4566 mete
1854 4511 2148 4565 catcitatem
2181 4528 2299 4564 ver-
2334 4527 2374 4581 ι)
2408 4511 2537 4563 hora
2571 4511 2776 4579 impius
2802 4511 3065 4566 Maximus
3110 4529 3138 4565 a
3186 4514 3430 4567 darrnone
3478 4524 3794 4581 correptus,
3851 4531 3981 4569 voce

724 4618 873 4663 satus
903 4605 999 4659 fui.
1025 4605 1181 4658 Tunc
1205 4604 1396 4657 beatus
1426 4604 1715 4671 episcopus
1746 4620 1756 4654 :
1793 4601 1845 4656 Si
1875 4602 2071 4668 credis,
2096 4602 2294 4670 inquit,

723 4715 787 4755 ex
829 4707 939 4752 toto
974 4697 1157 4757 corde,
1194 4697 1375 4748 omnia
1426 4695 1522 4749 tibi
1574 4696 1817 4749 credenti
1868 4710 2124 4749 concessa
2176 4694 2296 4749 fue-

722 4792 851 4844 rint.
872 4788 947 4842 Ad
978 4788 1090 4841 hrec
1116 4785 1396 4839 Nemcsius
1419 4786 1700 4838 tribunus:
1733 4787 1842 4855 Ego
1872 4786 1935 4837 ad
1962 4786 2099 4838 hanc
2127 4801 2296 4854 usque

720 4883 864 4936 diem
891 4888 1002 4933 toto
1030 4879 1210 4931 animo
1237 4876 1461 4939 credidi,
1518 4885 1573 4929 et
1598 4892 1741 4929 nunc
1805 4876 1970 4930 credo
2005 4876 2289 4929 Dominum

721 4973 903 5028 Jesum
938 4972 1214 5025 Christum
1246 4969 1412 5021 Deum
1435 4984 1555 5023 esse
1588 4969 1679 5038 qui
1718 4971 1933 5038 aperuit
1955 4969 2142 5024 oculos
2172 4972 2295 5021 carri

725 5068 830 5121 nati
863 5083 875 5119 :
912 5079 1091 5133 neque
1123 5063 1265 5116 enim
1291 5062 1540 5113 humanis
1567 5062 1809 5113 consiliis
1870 5062 2158 5128 impulsus,
2205 5058 2297 5112 sed

723 5160 842 5225 ejus
878 5158 1050 5225 ipsius
1080 5156 1381 5218 vocatione,
1417 5154 1483 5207 ad
1518 5153 1859 5206 sanctitatem
1900 5162 2041 5206 tuam
2077 5153 2222 5206 veni.

794 5245 885 5301 IV.
920 5246 1013 5298 llis
1045 5246 1265 5306 auditis,
1290 5244 1469 5296 statim
1504 5243 1694 5298 beatus
1737 5242 1983 5312 pontifex
2025 5244 2299 5297 hominem

724 5342 879 5397 illum
923 5334 1145 5391 adduxit
1223 5335 1287 5390 ad
1334 5335 1510 5389 locum
1583 5336 1894 5403 quemdam,
1951 5338 2041 5401 qui
2076 5342 2295 5387 voratur

725 5432 939 5486 Titulus
966 5427 1197 5499 pastoris
1230 5442 1503 5495 ;cumque
1534 5436 1589 5479 ct
1620 5428 1818 5495 ipsum,
1877 5436 1929 5479 et
1960 5426 2078 5493 ejus
2133 5426 2296 5478 filiam

723 5523 1055 5579 eateehismo
1083 5517 1449 5585 instruxisset,
1481 5520 1933 5587 quemadmodum
1973 5516 2297 5572 Christianae

726 5616 848 5671 fidei
878 5625 1115 5666 canones
1140 5618 1193 5663 ct
1218 5611 1350 5662 ordo
1370 5611 1624 5676 postulat,
1646 5610 1807 5677 jussit
1826 5624 1918 5663 eos
1935 5612 2183 5677 jejunare
2205 5624 2298 5666 us-

726 5723 827 5774 que
845 5706 910 5759 ad
931 5718 1230 5772 vesperam.
1256 5702 1387 5755 Cum
1427 5707 1607 5753 autem
1649 5704 1888 5755 venisset
1916 5702 2044 5755 hora
2080 5718 2298 5769 veSper-

726 5802 857 5871 tina,
891 5798 1166 5858 benedixit
1230 5813 1377 5865 aqua:
1449 5798 1499 5849 in
1532 5802 1627 5852 'eo
1664 5797 1801 5855 loco.
1827 5814 1984 5867 quem
2060 5796 2296 5866 pastoris

2412 4616 2603 4670 magna
2628 4602 2795 4670 coepit
2823 4601 3394 4655 clamarezNemesius
3428 4614 3573 4653 nunc
3606 4600 3789 4655 factus
3832 4603 3988 4657 Chri-

2401 4694 2607 4746 stianus
2630 4708 2712 4744 me
2738 4692 2994 4744 incendit.
3031 4693 3165 4745 Ecce
3184 4693 3325 4747 illius
3346 4695 3519 4748 oratio
3542 4710 3629 4748 me
3651 4697 3882 4748 cruciat.
3914 4697 3983 4750 EI

2410 4784 2498 4837 illa
2518 4785 2676 4852 igitur
2694 4782 2822 4835 hora
2850 4786 3050 4851 egressi
3081 4800 3110 4838 c
3132 4786 3647 4854 templo,jusscrunt
3675 4784 3985 4840 Nemesium

2409 4876 2658 4930 detineri.
2694 4876 2828 4928 Cum
2868 4892 2995 4930 vero
3037 4878 3125 4945 qui
3157 4893 3279 4929 eum
3327 4885 3633 4943 tenuerant,
3664 4880 3988 4934 verberibus

2409 4969 2707 5039 pulsarent,
2732 4978 2953 5035 repente
2981 4969 3240 5021 Maximus
3270 4969 3465 5023 consul
3493 4969 3690 5024 efﬂavit
3720 4971 3983 5023 animam.

2482 5060 3069 5128 V'l.ItaqueNcmesius
3091 5061 3271 5114 statim
3290 5064 3485 5117 ductus
3518 5071 3603 5115 cst
3633 5062 3703 5114 ad
3742 5061 3986 5115 Yalerir

2400 5170 2529 5207 num
2565 5154 2617 5206 in
2654 5153 2935 5221 palatium,
2965 5154 3107 5220 quod
3137 5155 3347 5208 Claudii
3386 5154 3613 5207 nomine
3643 5155 3982 5223 appellatur.

2401 5244 2572 5310 Quem
2608 5246 2686 5297 sic
2711 5241 2901 5298 affatus
2935 5245 3389 5300 estValerianus:
3423 5242 3489 5297 Et
3544 5246 3769 5298 ubinam
3804 5258 3910 5310 est,
3956 5263 3984 5297 ο

2401 5336 2643 5399 Nemcsi,
2680 5337 2967 5404 prudentia
3002 5340 3088 5389 illa
3124 5347 3233 5401 tua,
3258 5352 3418 5405 quam
3448 5350 3665 5408 semper
3696 5336 3748 5387 in
3788 5346 3840 5389 te
3894 5353 3986 5390 co-

2401 5430 2705 5497 gnovimus,
2742 5440 2851 5481 tum
2887 5429 2939 5481 in
2996 5429 3236 5481 consiliis
3267 5429 3542 5493 ineundis,
3583 5439 3697 5480 tum
3726 5428 3783 5481 in
3823 5432 3983 5483 rebus

2403 5520 2652 5590 gerendis
2694 5519 3102 5574 firmissimam?
3153 5519 3231 5572 An
3281 5522 3597 5589 ignoramus
3652 5534 3782 5581 nos,
3846 5517 3974 5585 quid

2403 5611 2919 5681 optimuni,quidve
2952 5610 3249 5678 pessimum
3316 5612 3405 5665 sit.
3456 5610 3661 5680 quippe
3730 5610 3825 5678 qui
3878 5620 3981 5659 non

2404 5705 2549 5757 aliud
2580 5714 2629 5757 te
2656 5704 3017 5756 adhortantur
3059 5712 3117 5756 ut
3152 5702 3338 5766 facias,
3370 5702 3477 5755 nisi
3509 5704 3657 5771 quod
3690 5700 3979 5753 utilitatem

2406 5797 2503 5848 tibi
2535 5797 2727 5850 afferre
2761 5796 2949 5863 possit,
2980 5806 3036 5847 ut
3066 5795 3275 5848 scilicet
3303 5811 3422 5863 qua:
3450 5811 3573 5849 vera
3606 5801 3735 5846 sunt
3772 5789 3975 5859 (impleo
