4170 6322
207 371 306 435 511

1449 373 1621 434 νιΤΑ
1666 373 1728 434 S.
1770 373 2171 434 STEPHANI.

3336 388 3445 453 518

205 494 380 547 ctcns,
414 483 544 535 deos
582 480 729 550 ipsos
761 494 867 534 non
896 481 1135 547 deseras,
1174 497 1308 551 quos
1348 485 1495 538 omni
1530 494 1770 555 tempore
1800 493 1846 551 Α
1875 484 2084 538 miseris
2114 484 2290 538 modis
2324 493 2375 540 te
2403 500 2738 545 consumam.
2764 490 2887 547 Haec
2905 494 3059 562 dixit,
3096 504 3153 551 et
3183 495 3443 570 Sempro-

204 593 234 631 a
266 575 499 646 pueritia
532 574 748 628 coluisti
780 582 835 629 et
878 585 1163 630 veneratus
1189 576 1289 630 es?
1349 578 1428 631 Ad
1496 578 1609 633 hzec
1667 578 1771 633 Ne-

206 665 409 719 mesius
430 664 695 717 diaconus
715 681 728 716 :
748 662 881 734 Ego,
904 664 1095 733 inquit,
1127 665 1544 721 scelestissimus
1573 667 1775 722 verita-

203 766 311 814 tem
332 761 499 828 ipsam
533 758 949 826 dereliqueram.
988 768 1042 812 et
1073 758 1390 826 sanguinem
1421 759 1770 813 innocentem

200 849 526 914 effuderant,
562 858 615 903 et
644 849 710 902 ad
751 851 850 902 hoc
874 864 1042 916 usque
1070 860 1282 917 tempus
1337 850 1577 919 peccatis
1634 866 1771 905 one-

199 950 353 995 ratus
384 941 592 996 fueram
632 957 647 1005 ;
693 941 785 997 sed
820 940 1022 993 Christi
1085 939 1299 994 Domini
1334 952 1386 994 et
1437 941 1531 995 Dei
1562 941 1772 995 miseri-

198 1034 387 1087 cordia
452 1035 611 1087 modo
668 1033 905 1100 adjutus,
968 1032 1184 1085 tandem
1221 1033 1531 1088 Creatorem
1591 1048 1767 1086 meum

198 1125 450 1193 cognovi,
496 1125 648 1193 cujus
708 1124 974 1191 baptismo
1003 1122 1334 1177 illuminatus
1379 1140 1518 1185 sum,
1575 1125 1665 1191 qui
1717 1132 1773 1178 et

199 1219 390 1270 cordis
423 1218 526 1269 mei
560 1215 742 1269 oculos
771 1217 1006 1283 aperuit,
1038 1225 1090 1269 et
1124 1218 1401 1285 corporeis
1467 1218 1585 1273 ﬁlia:
1636 1232 1772 1272 mea)

199 1306 421 1374 pupillis
454 1308 634 1357 lumen
682 1306 940 1359 restituit.
980 1305 1133 1360 Hunc
1155 1307 1340 1372 adoro,
1380 1308 1523 1361 hunc
1582 1311 1769 1373 timeo,

201 1401 328 1453 huic
363 1398 566 1451 cultum
598 1409 651 1450 et
683 1414 874 1467 preces
902 1401 1125 1467 supplex
1172 1399 1361 1463 offero,
1422 1404 1573 1472 cujus
1621 1403 1773 1458 auxi-

198 1490 329 1541 lium
360 1504 573 1557 semper
599 1490 921 1557 implorabo,
964 1501 1018 1544 et
1068 1492 1358 1546 simulacra
1391 1495 1597 1558 omnia,
1651 1511 1770 1563 qua:

197 1583 476 1636 damones
509 1597 629 1635 esse
655 1584 904 1651 cognovi,
938 1592 993 1637 et
1025 1586 1165 1652 ipsa,
1206 1595 1261 1639 et
1313 1602 1502 1640 eorum
1536 1588 1769 1642 cultores

195 1686 420 1722 avet-sor
457 1681 800 1725 etexseeror.
826 1674 974 1727 'l'unc
1008 1676 1084 1728 ait
1106 1676 1417 1729 Valerianus
1440 1696 1451 1730 :
1473 1677 1608 1732 Nota
1638 1679 1767 1731 mihi

196 1772 328 1815 sunt
362 1763 618 1815 veneﬁcia
662 1774 771 1827 tua,
813 1767 1010 1832 quibus
1052 1767 1315 1821 humanas
1357 1770 1527 1823 cades
1558 1781 1769 1837 patrare

195 1867 363 1905 ausus
384 1868 462 1914 es,
487 1855 685 1923 quippe
705 1855 861 1921 quiet
883 1856 1172 1909 Maximum
1196 1859 1472 1912 consulem
1498 1862 1603 1914 tuis
1627 1877 1761 1931 prte-

196 1944 373 2013 stigiis
396 1944 462 1998 de
481 1946 656 1998 medio
679 1946 941 1998 sustulisti
983 1966 996 2000 :
1032 1950 1162 2015 quin
1189 1951 1351 2003 etiam
1380 1951 1555 2006 adhuc
1583 1961 1769 2008 contra

195 2046 442 2089 nostram
488 2046 541 2090 et
586 2037 892 2104 reipublicae
924 2038 1151 2092 salutem
1200 2051 1402 2096 temere
1439 2044 1770 2099 christiano-

194 2141 319 2179 rum
348 2141 509 2178 causa
544 2124 664 2178 talia
692 2126 951 2181 veneﬁcia
976 2143 1234 2184 exercere
1259 2146 1365 2184 non
1396 2132 1637 2190 desistis.

269 2216 381 2271 VII.
440 2215 537 2268 His
573 2216 756 2280 dictis,
794 2218 1114 2273 Valerianus
1168 2221 1244 2274 ira
1303 2223 1563 2290 percitus.
1606 2226 1771 2294 jussit

194 2307 349 2359 illum
384 2306 436 2358 in
467 2307 680 2375 privato
710 2321 929 2361 carcere
959 2308 1214 2375 detineri,
1255 2328 1441 2382 quem,
1479 2332 1602 2369 eum
1632 2332 1769 2386 opus

193 2399 411 2461 fuisset,
451 2398 751 2452 sistendum
794 2402 1070 2469 praecepit.
1115 2402 1287 2458 Jussit
1316 2406 1478 2459 etiam
1512 2407 1767 2478 Sempro-

192 2492 350 2544 nium
392 2489 629 2543 Nemesii
664 2488 946 2556 famulum,
983 2492 1201 2548 domino
1230 2510 1329 2549 suo
1366 2498 1764 2564 ﬁdelissimum,

192 2582 310 2636 illic
334 2596 529 2650 ρηοδιο
554 2597 691 2645 esse,
724 2596 754 2634 a
778 2599 886 2650 quo
918 2585 1163 2652 ejusdem
1190 2586 1428 2643 Nemesii
1460 2598 1567 2644 tum
1602 2592 1763 2656 facta,

191 2682 312 2727 tum
350 2675 491 2728 bona
518 2675 696 2728 omnia
729 2676 1137 2744 inquirerentur
1164 2698 1174 2731 :
1206 2681 1362 2749 cujus
1404 2686 1569 2737 etiam
1605 2686 1766 2738 liliam

192 2763 458 2819 Lucillam
487 2767 749 2822 custodiri
780 2769 1034 2837 prtecepit
1060 2769 1201 2837 apud
1224 2772 1547 2825 sceleratam
1574 2790 1766 2842 quam-

194 2857 327 2911 dam
369 2859 677 2923 mulierem,
715 2863 939 2915 nomine
978 2861 1286 2916 Maximam.
1320 2863 1545 2919 Postero
1586 2877 1765 2922 autem

193 2947 285 3001 die
339 2950 505 3017 jussit
574 2950 951 3018 iniquissimus
1014 2953 1331 3007 Valerianus
1387 2956 1767 3026 Sempronium

194 3040 340 3092 tradi
381 3040 594 3092 cuidam
631 3041 867 3105 tribuno,
901 3044 995 3111 qui
1038 3046 1331 3107 vocabatur
1372 3046 1671 3118 Olympius,
1709 3062 1768 3107 ut

1875 578 2023 630 nium
2074 576 2485 631 custodiendum
2539 581 2755 636 tradidit
2789 582 3029 640 Tertullo
3067 587 3306 654 cuidam,
3340 588 3443 644 do-

1875 683 1993 721 mus
2055 682 2167 721 suae
2220 668 2589 737 gubernatori.
2654 674 2937 743 Exuperiae
2986 687 3163 730 autem
3224 680 3441 751 conjugi

1874 757 2281 828 Olytnpiusipse
2299 764 2558 826 narravit,
2580 767 3033 832 quemadmodum
3059 769 3434 838 Sempronius,

1872 849 1997 903 Jesu
2028 848 2228 905 Christi
2284 852 2379 906 Dei
2416 857 2497 907 sui
2532 857 2751 910 nomine
2799 859 3075 923 invocato,
3107 860 3291 917 Martis
3319 863 3439 918 ido-

1873 939 1981 993 lum
2014 943 2428 997 comminuerat.

1945 1031 2078 1088 Vlll.
2117 1032 2269 1088 Tunc
2304 1034 2570 1104 Exuperia
2606 1053 2772 1091 uxor:
2809 1041 2865 1093 Si
2911 1051 3077 1105 tanta,
3114 1042 3311 1113 inquit,
3359 1056 3443 1100 est

1873 1121 2073 1176 Christi
2103 1126 2358 1193 potentia,
2387 1138 2641 1195 quantam
2673 1130 2826 1193 dicis,
2857 1134 3023 1185 satius
3054 1136 3209 1189 nobis
3240 1146 3325 1189 est
3350 1137 3447 1189 de-

1874 1213 2003 1269 hinc
2052 1216 2173 1270 illos
2216 1218 2362 1287 ipsos
2409 1220 2539 1273 deos
2590 1222 2917 1291 relinquere,
2952 1227 3043 1293 qui
3101 1242 3277 1295 neque
3338 1229 3442 1283 sibi

1872 1318 2047 1371 neque
2079 1306 2237 1360 nobis
2277 1322 2432 1375 opem
2462 1309 2603 1365 ferre
2638 1324 2886 1378 possunt.
2931 1314 3250 1378 Quaeramus
3279 1316 3442 1387 igitur

1873 1392 2045 1447 Deum
2095 1396 2267 1462 illum,
2293 1400 2384 1467 qui
2414 1400 2648 1455 Nemesii
2699 1404 2897 1458 tribuni
2928 1407 3045 1459 ﬁlia:
3082 1407 3261 1461 lumen
3284 1410 3445 1463 resti-

1873 1484 1998 1536 tuit.
2035 1484 2187 1539 Tunc
2220 1486 2500 1559 Olympius
2537 1493 2781 1547 Tertullo
2831 1498 3109 1564 pra-cepit,
3149 1507 3208 1551 ut
3254 1500 3443 1554 mitius

1872 1590 1930 1630 se
1959 1590 2169 1646 gereret
2189 1590 2311 1633 cuni
2341 1582 2684 1651 Sempronio,
2712 1587 2978 1655 siquidem
3008 1588 3241 1644 Nemesii
3272 1607 3445 1661 pecu-

1873 1670 1977 1723 niis
2037 1672 2375 1740 inquirendis
2434 1677 2547 1745 ipse
2621 1696 2840 1748 operam
2898 1684 3029 1736 dare
3085 1686 3277 1737 vellet..
3331 1684 3444 1740 Hoc

1872 1758 2184 1813 mandatum
2212 1773 2502 1818 exsecutus
2536 1778 2619 1821 est
2660 1768 2954 1826 Tertullus.
2994 1773 3276 1843 Olympius
3310 1791 3442 1830 vero

1872 1860 1993 1899 cum
2024 1851 2254 1921 conjuge
2280 1850 2571 1922 Exuperia,
2604 1866 2658 1911 et
2689 1860 2848 1914 unico
2872 1862 2982 1915 ﬁlio
3010 1861 3314 1927 Theodulo,
3352 1866 3442 1919 illa

1870 1935 1987 2005 ipsa
2010 1945 2173 1992 nocte
2209 1955 2506 2007 venerunt,
2559 1957 2614 2001 et
2644 1948 2709 2002 ad
2752 1952 2917 2018 pedes
2965 1953 3273 2021 Sempronii
3310 1971 3442 2024 pro.

1872 2030 2049 2092 strati,
2085 2028 2377 2085 dixerunt:
2402 2033 2513 2088 Nos
2545 2037 2705 2105 paulo
2735 2050 2862 2093 ante
2895 2040 3095 2095 Christi
3130 2044 3435 2110 potentiam

1871 2118 2249 2189 cognovimus,
2279 2140 2469 2178 verum
2504 2128 2712 2183 scilicet
2766 2130 2932 2184 Deum
2980 2131 3133 2185 illum
3168 2147 3309 2200 esse,
3340 2135 3437 2205 qui

1869 2211 2104 2269 Nemesii
2130 2215 2331 2269 tribuni
2364 2216 2481 2269 ﬁliae
2505 2219 2786 2272 oculorum
2823 2222 3007 2276 lumen
3040 2224 3208 2278 dedit.
3238 2224 3442 2290 Quam-

1869 2306 2054 2360 obrem
2116 2318 2167 2363 te
2196 2324 2501 2379 precamur,
2553 2321 2610 2364 ut
2654 2328 2815 2367 cures
2867 2316 3024 2369 nobis
3050 2318 3163 2371 dari
3198 2319 3435 2373 salutare

1868 2398 2134 2466 baptisma
2168 2400 2222 2453 in
2258 2402 2477 2455 nomine
2516 2400 2643 2456 Jesu
2681 2404 2910 2465 Christi,
2948 2424 3113 2475 quem
3144 2420 3201 2463 tu
3236 2412 3435 2479 prmdi-

1868 2502 1977 2541 cas.
2009 2487 2307 2559 Respondit
2340 2493 2731 2561 Sempronius:
2769 2494 2830 2549 Si
2870 2499 3247 2565 paenitentiam
3282 2502 3439 2572 agitis

1869 2595 1933 2635 ex
1972 2590 2083 2634 toto
2117 2583 2279 2636 corde
2310 2595 2512 2649 vestro,
2559 2586 2830 2656 benignus
2867 2599 2950 2642 est
3007 2592 3150 2646 Deus
3180 2610 3354 2660 meus,
3384 2604 3439 2650 et

1868 2674 2097 2742 accipiet
2120 2690 2213 2728 vos
2256 2678 2629 2744 paenitentiam
2659 2693 2901 2745 agentes.
2929 2683 3085 2738 Tunc
3111 2683 3429 2755 Olympias:

1866 2766 2113 2835 Jamjam,
2148 2769 2344 2836 inquit,
2396 2770 2612 2836 faciam,
2663 2784 2719 2826 ut
2758 2776 2946 2829 credas
2982 2794 3064 2830 me
3117 2789 3229 2833 toto
3272 2781 3438 2835 corde

1866 2856 2068 2912 Christi
2100 2860 2191 2912 Dei
2218 2860 2377 2914 ﬁdem
2420 2865 2594 2931 sequi.
2627 2863 2752 2919 llaec
2781 2866 2939 2932 dixit,
2970 2880 3026 2922 et
3054 2873 3238 2926 statim
3269 2874 3430 2927 cubi-

1867 2951 2047 3004 culum
2095 2956 2368 3022 patefecit,
2415 2958 2468 3011 in
2521 2974 2628 3027 quo
2682 2962 2917 3017 habebat
2970 2967 3138 3020 multa
3193 2978 3247 3021 et
3290 2970 3439 3023 varia

1867 3040 2030 3097 idola.
2068 3044 2273 3108 Quibus
2301 3049 2536 3102 ostensis
2571 3069 2583 3103 :
2615 3050 2717 3116 En,
2744 3053 2938 3122 inquit,
2973 3056 3283 3126 Semproni,
3318 3061 3434 3115 haec

192 3138 561 3198 torqueretur,
602 3140 656 3184 et
692 3132 757 3185 de
791 3134 1013 3187 domino
1059 3136 1229 3205 ipsius
1278 3154 1373 3207 per
1417 3157 1539 3195 eum
1585 3144 1765 3213 inqui-
1792 3161 1836 3223 ρ
1869 3139 2048 3190 omnia
2091 3141 2376 3194 simulacra
2415 3142 2466 3194 in
2506 3154 2777 3211 potestate
2818 3157 2907 3201 tua
2966 3159 3095 3203 sunt
3141 3168 3155 3204 :
3199 3152 3282 3205 fac
3317 3154 3421 3208 illis

191 3232 430 3276 reretur.
468 3223 618 3276 Illum
658 3226 817 3295 igitur
849 3226 1128 3297 Olympius
1169 3232 1252 3285 his
1285 3234 1462 3287 verbis
1487 3252 1771 3305 aggressus

191 3323 285 3369 est
336 3315 664 3370 :Novistine
698 3335 801 3386 qua
844 3320 911 3373 de
964 3336 1125 3375 causa
1181 3323 1270 3377 hic
1313 3338 1440 3381 ante
1484 3342 1584 3380 nos
1629 3346 1765 3383 con-

190 3404 424 3459 stitutus
453 3420 511 3459 es
540 3406 561 3458 ?
607 3405 733 3461 Hmc
761 3408 846 3461 ille
876 3411 969 3462 ait.
995 3412 1073 3463 Ad
1100 3428 1219 3479 qua:
1251 3413 1602 3485 Sempronius
1636 3421 1773 3474 nihil

189 3498 499 3563 respondit.
535 3495 642 3550 Sed
684 3498 1042 3555 nihilominus
1093 3502 1375 3573 Olympius
1416 3525 1428 3561 :
1478 3508 1761 3577 Ausculta,

189 3587 393 3656 inquit,
444 3587 755 3658 Semproni,
796 3603 852 3645 et
881 3594 967 3647 fac
997 3597 1143 3664 quod
1180 3598 1375 3666 jubent
1412 3601 1772 3671 imperatores

189 3682 372 3733 nostri
402 3696 417 3733 :
444 3682 529 3735 sin
575 3682 778 3746 minus,
822 3686 1010 3738 multis
1041 3695 1096 3738 et
1128 3690 1290 3741 variis
1325 3695 1612 3746 tormentis
1644 3710 1770 3747 cru-

189 3773 451 3827 ciaberis.
485 3772 750 3829 Ostendas
786 3775 950 3846 igitur
997 3778 1151 3832 nobis
1180 3778 1418 3835 Nemesii
1450 3784 1654 3839 domini
1687 3786 1765 3840 tui

188 3864 504 3929 facultates,
552 3868 750 3922 deinde
777 3884 905 3922 vero
933 3871 1181 3939 propitiis
1206 3874 1428 3927 deorum
1457 3887 1763 3931 nostrorum

188 3958 514 4012 numinibus
537 3962 836 4014 sacrilices.
858 3962 938 4015 Ad
964 3964 1076 4017 hme
1104 3963 1494 4034 Sempronius:
1521 3971 1572 4023 Si
1600 3971 1766 4025 facul-

188 4058 338 4103 tates
367 4047 571 4101 domini
600 4050 705 4102 mei
742 4049 978 4104 Nemesii
1014 4056 1267 4119 requiris,
1308 4058 1442 4111 scito
1471 4060 1587 4112 illas
1614 4077 1641 4113 a
1680 4076 1764 4115 me

187 4140 416 4194 Christo
445 4139 612 4194 fuiSse
644 4140 887 4207 oblatas;
921 4157 1027 4197 non
1064 4145 1208 4198 enim
1247 4157 1452 4211 nostra,
1485 4150 1579 4203 sed
1621 4151 1762 4227 illius

192 4240 353 4285 erant
384 4232 540 4285 bona.
569 4232 721 4297 Quod
748 4250 874 4287 vero
902 4236 1039 4288 dicis
1083 4247 1135 4289 et
1167 4253 1252 4290 me
1279 4241 1532 4304 hortaris,
1577 4253 1633 4296 ut
1663 4246 1763 4298 diis

192 4324 303 4378 tuis
343 4322 665 4387 sacriﬁcem,
712 4325 857 4379 nullo
898 4327 1061 4382 modo
1097 4327 1295 4384 faciam
1325 4350 1338 4386 :
1366 4331 1582 4387 Christo
1616 4336 1759 4388 enim

187 4415 445 4471 sacrifico
497 4416 589 4472 Dei
630 4419 865 4473 viventis
914 4421 1049 4476 Filio
1109 4425 1433 4480 sacriﬁcium
1485 4426 1658 4482 laudis
1708 4437 1762 4481 et

1875 3229 2128 3297 quidquid
2177 3230 2326 3285 libet.
2374 3232 2477 3286 Cui
2522 3234 2879 3305 Sempronius
2915 3257 2929 3293 :
2963 3240 3092 3309 Age,
3144 3244 3437 3301 simulacra

1876 3320 1975 3372 ista
2002 3322 2181 3374 omnia
2232 3325 2483 3377 manibus
2532 3328 2765 3395 pmpriis
2816 3340 3062 3395 contere,
3098 3347 3344 3401 auroque
3383 3347 3438 3390 et

1874 3421 2117 3480 argento,
2164 3429 2228 3466 ex
2276 3417 2471 3482 quibus
2519 3419 2769 3474 confecta
2800 3432 2947 3487 sunt,
2987 3424 3111 3492 igne
3157 3428 3430 3491 conﬂatis,

1872 3518 2141 3570 pauperes
2172 3520 2460 3576 congrega,
2511 3519 2565 3562 et
2619 3512 2725 3565 illis
2776 3511 2891 3567 hinc
2944 3516 3231 3572 distribue.
3286 3520 3440 3576 Fecit

1873 3598 2074 3657 omnia,
2115 3612 2233 3665 quae
2277 3598 2637 3668 Sempronius
2684 3602 2920 3668 dixerat,
2957 3606 3263 3677 Olympius.
3299 3612 3442 3668 nihil

1871 3701 2092 3753 prorsus
2138 3690 2414 3743 dubitans.
2475 3692 2721 3761 [tepente
2768 3711 2898 3750 vero
2930 3699 3113 3752 audita
3149 3711 3236 3756 est
3275 3718 3375 3756 vox
3407 3722 3437 3758 e

1872 3777 2030 3840 ωειυ,
2060 3778 2290 3833 dicens:
2331 3781 2387 3833 In
2441 3790 2512 3847 te,
2555 3788 2864 3853 Semproni,
2902 3793 3169 3858 requievit
3215 3796 3438 3862 spiritus

1872 3882 2041 3923 meus.
2084 3872 2393 3927 Audierunt
2439 3890 2630 3929 vocem
2684 3879 2830 3934 illaut
2895 3880 3181 3953 Olympius
3223 3897 3273 3939 cl
3316 3891 3439 3956 ejus

1871 3979 2026 4024 uxor,
2054 3972 2107 4016 et
2148 3967 2199 4015 in
2230 3965 2332 4018 ﬁde
2362 3967 2475 4033 ipsa
2505 3968 2627 4021 facti
2669 3983 2798 4025 snnt
2831 3974 3120 4042 ﬁrmiores,
3166 3979 3234 4032 ob
3277 3980 3437 4048 idque

1869 4054 1933 4108 ad
1960 4056 2197 4114 salutare
2226 4057 2491 4125 baptisma
2524 4062 2912 4129 promptiores.
2949 4069 3133 4135 Itaque
3179 4072 3438 4138 Sempro-

1866 4148 2015 4200 nium
2034 4148 2412 4217 precabantur,
2438 4160 2688 4218 petentes
2712 4163 2769 4207 ut
2798 4156 3031 4225 sigillum
3057 4160 3257 4214 Christi
3290 4165 3438 4217 acci-

1869 4250 2081 4308 perent,
2100 4252 2153 4293 et
2172 4258 2267 4310 per
2286 4257 2479 4310 aquam
2500 4258 2561 4296 ac
2578 4243 2837 4313 Spiritum
2857 4250 3037 4303 denuo
3056 4268 3433 4311 nascerentur.

1938 4332 2030 4385 IX.
2087 4335 2278 4385 Omnia
2331 4335 2444 4385 haec
2496 4336 2853 4404 Sempronius
2903 4344 3160 4398 Nemcsio
3214 4348 3437 4401 dmnino

1869 4444 1967 4484 suo
1994 4431 2201 4485 retulit.
2233 4430 2361 4497 Qua:
2395 4448 2517 4486 cum
2552 4433 2840 4488 Nemesius
2868 4436 3194 4502 accepisset,
3234 4438 3433 4491 celeri-

187 4509 570 4571 confessionis,
592 4510 748 4563 cuiet
766 4513 1022 4566 dominus
1047 4530 1200 4569 meus
1223 4517 1759 4590 Nemesiusseipsum
1793 4496 1839 4551 D
1870 4532 1952 4577 ter
1988 4524 2123 4577 adiit
2164 4527 2229 4577 ad
2281 4526 2652 4578 beatissimum
2704 4527 3017 4594 pontiﬁcem
3066 4526 3431 4596 Stephanum,

186 4598 410 4654 obtulit.
444 4600 576 4654 Cum
620 4601 734 4656 haec
763 4602 990 4659 dixisset
1022 4605 1404 4676 Sempronius,
1441 4609 1623 4664 furore
1672 4627 1761 4664 ae-

187 4704 391 4745 census
427 4701 511 4747 est
545 4691 844 4764 Olympius,
880 4704 932 4749 et
959 4699 1284 4754 satellitibus
1308 4702 1480 4755 dixit:
1510 4701 1760 4757 Proster-

186 4782 307 4836 nite
357 4783 631 4837 hominem
682 4786 866 4852 istum,
897 4796 951 4841 et
999 4791 1163 4859 virgis
1213 4794 1500 4861 percutite.
1556 4796 1761 4849 Alferte

186 4884 320 4929 ante
357 4876 508 4929 illum
541 4877 701 4931 deum
739 4877 963 4935 Martem
1009 4897 1073 4937 ac
1126 4885 1412 4952 tripodem,
1448 4895 1506 4939 ut
1544 4887 1626 4940 vel
1658 4887 1761 4940 diis

178 4966 331 5036 ipsis
383 4967 541 5021 thura
580 4967 795 5033 oﬂ‘erat,
831 4971 911 5024 vel
960 4972 1078 5027 sine
1127 4973 1531 5031 intermissione
1581 4980 1759 5048 aliqua

187 5058 361 5127 virgis
410 5058 764 5128 percutiatur.
799 5062 1033 5117 Allatum
1064 5066 1222 5135 igitur
1261 5082 1484 5122 aureum
1509 5072 1758 5145 [aereum]

186 5150 379 5204 Martis
406 5151 609 5206 idolum
640 5167 746 5206 una
777 5168 899 5209 cum
931 5157 1163 5225 tripode,
1196 5158 1249 5211 in
1277 5171 1573 5230 conspectu
1605 5162 1761 5216 Sem-

185 5244 364 5314 pronii
391 5244 624 5299 locatum
651 5245 771 5300 fuit.
798 5246 948 5312 Quod
973 5264 1097 5303 cum
1123 5251 1477 5319 Sempronius
1503 5255 1718 5310 vidisset
1741 5274 1755 5311 :

185 5336 467 5400 Conterat,
511 5336 707 5404 inquit,
746 5346 796 5391 te
828 5337 1092 5394 Dominus
1128 5340 1288 5397 Jesus
1318 5343 1565 5400 Christus
1590 5346 1758 5400 Filius

185 5425 284 5480 Dei
314 5426 438 5480 vivi.
476 5425 591 5481 lloc
628 5428 766 5482 dixit
797 5427 1175 5499 Sempronius,
1206 5448 1268 5487 ac
1298 5445 1521 5504 repente
1553 5437 1755 5492 idolum

184 5518 319 5571 illud
369 5519 446 5572 sic
490 5519 841 5589 liquefactum
878 5532 981 5587 est,
1013 5525 1167 5593 quasi
1209 5541 1331 5580 cera
1360 5528 1485 5597 igne
1515 5530 1753 5585 admoto.

183 5609 341 5676 Quod
388 5625 513 5665 cum
568 5611 795 5666 vidisset
847 5612 1149 5685 Oiyrnpius,
1209 5626 1432 5688 stupore
1473 5622 1754 5689 perculsus

180 5704 458 5758 obmutuit
484 5719 498 5756 :
523 5717 647 5756 mox
670 5719 799 5759 vero
826 5705 969 5761 domi
989 5723 1099 5761 sua:
1119 5709 1266 5763 illum
1290 5712 1552 5765 custodiri
1570 5714 1753 5782 jussit,

181 5794 371 5852 dicens
403 5812 418 5853 :
454 5793 567 5851 liae
594 5805 755 5853 nocte
789 5801 973 5854 omnia
1003 5808 1273 5859 tormenta
1302 5804 1398 5861 tibi
1426 5804 1670 5871 atteram,
1697 5815 1749 5860 et

1863 4616 2020 4683 eique
2051 4632 2163 4669 rem
2199 4632 2415 4670 omnem
2447 4619 2717 4685 exposuit.
2761 4618 2851 4671 Ille
2894 4634 3026 4673 vero
3054 4619 3275 4673 Christo
3315 4622 3424 4675 Deo

1864 4719 2054 4763 nostro
2106 4708 2329 4777 gloriam
2382 4710 2554 4774 dedit,
2602 4719 2656 4764 et
2699 4712 2945 4778 proxima
2991 4720 3151 4765 nocte
3197 4712 3434 4783 Olympii

1867 4802 2086 4855 domum
2118 4800 2271 4854 adiit.
2303 4800 2420 4864 Quo
2446 4802 2580 4865 viso,
2612 4803 2794 4855 statim
2825 4800 3105 4871 Olympius
3127 4808 3428 4871 prostravit

1861 4908 1920 4947 se
1954 4894 2017 4947 ad
2058 4893 2327 4961 pontiﬁcis
2358 4895 2526 4963 pedes
2567 4911 2672 4947 una
2697 4912 2819 4948 cum
2855 4912 3022 4950 uxore
3047 4898 3340 4967 Exuperia,
3372 4909 3430 4952 et

1863 4986 1972 5040 tilio
2026 4984 2326 5041 Theodulo.
2391 4988 2779 5043 Erexitautem
2842 4988 2964 5043 illos
3041 4991 3429 5046 sanctissimus

1862 5078 2125 5147 pontifex,
2168 5089 2329 5149 atque
2375 5080 2750 5151 interrogavit,
2786 5096 2854 5134 an
2894 5083 3181 5137 crederent
3226 5084 3278 5137 in
3316 5084 3425 5138 Do-

1862 5170 2071 5224 minum
2101 5181 2345 5224 nostrum
2376 5170 2561 5225 Jesum
2595 5174 2892 5227 Christum.
2925 5175 3024 5228 Cui
3052 5190 3242 5230 omnes
3294 5190 3429 5229 con-

1862 5261 2011 5316 cordi
2046 5263 2225 5315 animo
2257 5263 2661 5331 responderunt
2697 5280 2710 5317 :
2748 5264 3058 5330 Credimus,
3106 5266 3270 5319 Pater
3306 5282 3431 5321 san-

1859 5355 2118 5430 ctissime,
2141 5356 2195 5409 in
2216 5356 2449 5417 Patrem,
2474 5365 2530 5410 et
2550 5357 2766 5421 Filium,
2787 5368 2843 5413 et
2868 5356 3129 5428 Spiritum
3153 5370 3426 5418 sanctum.

1861 5443 2013 5500 Tunc
2071 5447 2316 5515 pontifex
2358 5460 2454 5502 eos
2493 5449 2790 5515 baptizavit
2840 5451 2891 5503 in
2930 5452 3150 5505 nomine
3201 5463 3426 5515 sancite,

1859 5537 2344 5593 consubstantialis
2400 5547 2456 5592 et
2511 5539 2810 5595 individua:
2872 5553 3037 5609 atque
3101 5543 3427 5597 vivilicantis

1859 5626 2163 5683 Trinitatis.
2223 5629 2601 5685 Ostenderunt
2657 5643 2839 5687 autem
2895 5634 2975 5688 illi
3012 5644 3067 5689 et
3100 5634 3262 5699 idola,
3306 5650 3425 5703 quae.

1860 5720 2096 5787 prepriis
2124 5721 2375 5776 manibus
2400 5724 2857 5779 comminuerant.
2884 5726 2999 5790 Qua
3027 5727 3093 5780 de
3116 5741 3173 5779 re
3196 5727 3425 5779 sanctis-

1860 5810 2028 5863 simus
2063 5810 2304 5879 pontifex
2354 5812 2553 5882 gratias
2586 5815 2689 5884 egit
2734 5815 2867 5882 Deo,
2903 5827 2957 5871 et
3000 5832 3095 5885 pro
3124 5817 3227 5871 illis
3258 5817 3427 5871 sacri-
