4170 6322
757 338 862 407 519

2001 335 2283 396 MENSIS
2323 336 2361 392 Α
2376 334 2471 394 UO
2489 332 2749 394 USTUS.

3906 332 4003 394 520

755 454 933 509 Iicium
987 453 1188 509 obtulit
1245 454 1483 523 benigno
1544 460 1597 505 et
1627 450 1820 505 salutis
1866 459 2065 505 nostra:
2114 450 2325 503 auctori
2359 459 2402 511 Α
2435 464 2549 502 rum
2598 445 2857 514 reliquias
2908 444 3201 513 diligenter
3246 443 3480 511 inquiras
3546 445 3681 502 Cum
3724 441 3827 498 hoc
3863 461 4009 496 Inan-

754 544 989 599 Domino
1059 542 1190 599 Jesu
1236 544 1486 609 Christo;
1531 557 1737 611 eosque
1789 550 1989 595 sane-tte
2034 539 2327 595 oblationis

748 635 1049 706 participes
1072 635 1223 691 fecit.
1247 638 1436 706 Itaque
1454 642 1563 689 tota
1586 635 1674 688 illa
1697 634 1891 689 domus
1915 632 2109 705 gaudio
2130 647 2328 703 magno

754 734 810 780 ct
861 725 1136 781 hilaritate
1172 726 1374 795 repleta
1406 735 1512 779 est.

830 817 901 871 Χ.
944 816 1165 872 Tertius
1236 819 1353 872 dies
1397 819 1758 888 praeterierat,
1816 832 1938 870 cum
2010 816 2331 871 Valerianus

760 919 815 963 et
886 908 1171 962 Gallienus
1241 909 1598 979 imperatores
1649 910 1806 963 valde
1861 908 2010 975 impii
2064 908 2179 960 haec
2225 921 2329 959 au-

759 1001 1001 1063 dierunt,
1036 1000 1127 1068 qui
1172 998 1355 1053 furore
1397 1001 1634 1065 accensi,
1683 1000 1968 1069 jusserunt
2018 995 2329 1049 Nemesium

758 1098 813 1144 et
844 1091 964 1157 citis
1015 1090 1175 1143 ﬁliam
1230 1089 1522 1153 Lucillam,
1566 1091 1771 1143 indicta
1828 1104 2012 1144 causa.
2066 1086 2328 1154 torqueri.

763 1181 869 1235 Sed
898 1197 1020 1234 cum
1056 1182 1221 1235 nullis
1251 1183 1534 1235 tormentis
1562 1183 1628 1234 de
1661 1182 1934 1235 sententia
1968 1180 2171 1233 mot'eri
2207 1194 2331 1247 pos-

758 1281 903 1335 sent,
934 1272 1054 1327 illos
1079 1274 1397 1328 obtruncari
1441 1274 1743 1341 jusserunt.
1787 1273 1849 1325 Et
1880 1274 2001 1341 quia
2039 1272 2334 1341 cupiebant

755 1360 977 1415 Lucillae
1028 1363 1170 1432 patri
1215 1365 1569 1432 persuadere,
1601 1372 1659 1417 ut
1695 1364 2018 1419 sententiam
2072 1371 2330 1425 mutaret,

756 1462 1132 1521 prarceperunt
1164 1454 1424 1508 Lucillum
1462 1454 1611 1523 prius
1651 1454 1989 1507 obtruncari.
2032 1453 2168 1507 Cum
2202 1468 2333 1506 vero

754 1557 809 1601 et
844 1546 1087 1602 Nemesii
1117 1550 1458 1617 propositum
1492 1547 1685 1601 stabile
1734 1557 1899 1615 atque
1930 1545 2208 1599 immobile
2239 1561 2333 1599 co—

754 1642 1093 1708 gnovissent,
1131 1641 1282 1693 illum
1314 1641 1479 1694 etiam
1513 1641 1689 1693 securi
1728 1639 1939 1708 percuti
1966 1639 2249 1707 jusserunt
2279 1636 2332 1690 in

754 1732 877 1785 loco
903 1731 1018 1793 illo,
1041 1732 1133 1800 qui
1152 1740 1236 1786 est
1253 1732 1394 1785 inter
1418 1732 1554 1785 duas
1580 1732 1713 1791 vias,
1740 1732 1967 1799 Appiam
1992 1740 2044 1784 et
2062 1729 2332 1795 Latinam,

2430 540 2613 594 datum
2641 539 2942 605 accepisset
2970 535 3331 597 Tertullinus,
3367 546 3486 604 post
3516 539 3653 592 duos
3691 538 3812 591 dies
3843 552 4000 605 quam

2430 630 2709 701 presbyter
2743 629 3027 682 ordinatus
3068 638 3171 690 est,
3206 643 3235 681 a
3275 627 3454 680 Marco
3500 629 3717 684 tribuno
3764 644 4005 696 compre-

2440 724 2661 783 hensus,
2682 722 2747 775 ad
2769 720 3111 773 Valerianum
3132 719 3367 773 ducitur.
3384 719 3482 772 Cui
3512 720 3859 773 Valerianus:
3881 722 4003 789 Age,

2435 812 2634 880 inquit,
2663 810 2865 863 domini
2896 810 2967 864 tui
2991 812 3248 877 pecunias
3283 810 3390 862 huc
3415 810 3587 873 affer;
3618 826 3801 863 secus.
3848 812 4008 865 inter-

2433 904 2651 958 ﬁcieris.
2688 904 2764 955 Ad
2796 904 2911 955 hmc
2932 900 3266 955 Tertullinus
3300 902 3587 970 respondit
3617 920 3630 956 :
3661 904 3718 955 Si
3754 918 3821 969 pe
3860 907 4006 958 uuias

2434 995 2641 1048 domini
2683 995 2789 1046 mei
2820 1002 2875 1047 et
2935 1005 2988 1046 tu
3044 996 3244 1047 habere
3300 998 3475 1062 curiis,
3533 1005 3795 1048 aeternam
3850 997 4005 1046 vitam

2434 1086 2649 1155 assequi
2683 1087 2921 1155 poteris;
2954 1100 3077 1137 nam
3110 1086 3198 1139 illc
3230 1102 3327 1153 pro
3351 1085 3573 1139 Christo
3606 1088 3872 1146 moriens,
3908 1084 4011 1137 Deo

2438 1178 2539 1247 ipsi
2575 1178 2865 1231 facultates
2896 1193 3023 1231 suas
3071 1178 3284 1240 obtulit,
3326 1177 3379 1229 in
3412 1177 3597 1231 futuro
3633 1177 3725 1230 illo
3758 1193 3882 1231 aevo
3926 1194 4013 1231 cas

2438 1280 2779 1339 recepturus.
2814 1270 2867 1324 Si
2902 1287 3031 1341 ergo
3058 1280 3111 1325 et
3152 1280 3206 1324 tu
3236 1286 3358 1325 vere
3391 1271 3444 1324 in
3483 1270 3650 1323 Deum
3691 1271 4011 1327 credideris.

2440 1374 2700 1433 mutaque
2724 1380 2786 1417 ac
2815 1379 3011 1417 sensus
3038 1366 3282 1432 expertia
3307 1365 3445 1417 idola
3474 1374 3798 1419 exsecratus
3824 1364 4009 1427 fueris,

2438 1455 2749 1508 misericors
2788 1463 2842 1507 et
2882 1455 3121 1507 clemens
3162 1454 3302 1509 Deus
3333 1464 3385 1508 te
3422 1456 3804 1523 paenitentiam
3858 1470 4015 1524 agen-

2440 1555 2548 1599 tem
2590 1546 2974 1615 amplectetur.
3028 1545 3182 1601 Tunc
3239 1546 3375 1597 dixit
3425 1544 3750 1600 Valerianus
3808 1565 3822 1598 :
3881 1549 4015 1616 Ergo

2439 1637 2646 1690 domini
2687 1637 2761 1690 tui
2818 1636 3067 1705 pecunia:
3102 1646 3361 1689 a:ternam
3394 1637 3554 1689 vitam
3590 1638 3663 1690 illi
3728 1637 4015 1691 aﬂerunt?

2440 1730 2696 1790 Maxime,
2736 1731 2910 1799 inquit
2966 1730 3329 1794 Tertullinus,
3372 1738 3425 1782 et
3478 1745 3583 1781 non
3628 1732 3814 1785 solum
3864 1742 4019 1785 arter—

754 1837 864 1876 non
912 1822 1073 1891 longe
1123 1820 1189 1875 ab
1226 1821 1360 1875 urbe
1404 1821 1595 1876 Roma.
1657 1821 1880 1875 Postera
1939 1822 2027 1876 die
2085 1821 2332 1875 nefarius
2369 1810 2409 1863 Β
2441 1838 2567 1876 nam
2604 1825 2796 1887 vitam,
2827 1821 2921 1875 sed
2959 1832 3286 1891 perpetuum
3341 1823 3505 1874 etiam
3565 1837 3799 1889 regnum
3842 1825 4020 1875 conci-

756 1914 1077 1969 Valerianus
1102 1914 1266 1985 jussit
1295 1913 1700 1987 Sempronium.
1737 1914 1953 1985 publice
1980 1914 2334 1975 audiendum,

752 2005 894 2059 sisti.
929 2005 1029 2059 Cui
1082 2006 1221 2059 dixit
1257 2023 1273 2058 :
1310 2006 1494 2072 Quare
1543 2022 1653 2061 non
1690 2007 1932 2061 consulis
1965 2008 2060 2059 tibi
2120 2007 2242 2075 ipsi,
2283 2015 2337 2059 et

753 2097 862 2151 diis
894 2108 945 2151 te
971 2096 1223 2167 subjicis,
1262 2113 1359 2167 per
1406 2114 1541 2168 quos
1588 2102 1847 2154 universa
1890 2108 2086 2153 natura
2124 2100 2334 2169 regitur

755 2197 808 2241 et
832 2188 1169 2257 gubernatur
1192 2190 1214 2242 ?
1236 2190 1491 2244 Christus
1515 2206 1599 2245 me
1622 2192 1759 2261 regit
1776 2200 1827 2244 et
1846 2192 2131 2261 gubernat,
2160 2191 2337 2260 inquit

757 2279 1143 2347 Sempronius,
1174 2282 1343 2350 quiet
1371 2283 1514 2335 hanc
1539 2282 1867 2335 sententiam
1893 2282 2027 2335 mihi
2051 2282 2339 2335 confirma-

772 2370 871 2425 vit.
908 2368 1063 2425 Tunc
1094 2370 1263 2440 jussit
1289 2372 1610 2427 Valerianus
1638 2372 2019 2443 Sempronium
2063 2372 2118 2425 in
2154 2374 2334 2442 ignem

754 2462 981 2531 conjici.
1014 2462 1213 2518 Milites
1268 2464 1431 2535 igitur
1481 2479 1604 2519 cum
1645 2465 1823 2535 ignem
1877 2463 2105 2520 multum
2143 2479 2339 2518 accen-

755 2554 984 2618 dissent,
1018 2564 1267 2610 sanctum
1303 2556 1455 2609 illum
1499 2557 1676 2610 virum
1705 2556 2112 2625 Sempronium,
2141 2556 2337 2610 vinctis

757 2654 880 2712 post
905 2654 1054 2715 terga
1088 2646 1370 2709 manibus,
1406 2647 1461 2699 in
1510 2647 1745 2701 mediani
1782 2646 2049 2700 flammam
2084 2646 2338 2715 conjcce-

760 2744 907 2789 runt.
936 2736 1122 2806 Itaque
1148 2738 1499 2793 beatissimus
1522 2747 1728 2809 martyr
1750 2736 2108 2808 Sempronius
2134 2737 2188 2791 in
2221 2752 2335 2791 me-

770 2828 856 2880 dia
894 2825 1115 2881 flamma
1183 2829 1420 2899 positus,
1453 2829 1702 2898 spiritum
1767 2826 1899 2881 Jesu
1932 2828 2148 2882 Christo
2184 2842 2338 2881 como

760 2920 1057 2975 mendavit.
1090 2922 1351 2976 Pretiosm
1407 2932 1589 2974 autem
1622 2921 1796 2989 ipsius
1828 2919 2074 2989 reliquiae
2123 2920 2337 2974 intacta:

761 3021 1197 3079 permanserunt.
1256 3012 1415 3067 Venit
1466 3020 1650 3067 autem
1697 3012 1890 3067 beatus
1919 3011 2166 3083 pontifex
2205 3012 2331 3067 Ste-

2442 1914 2599 1968 liant.

2509 2002 2649 2057 XIII.
2694 2003 2789 2057 His
2824 2003 3042 2067 auditis,
3090 2005 3410 2058 Valerianus
3442 2006 3506 2058 ad
3560 2019 3655 2057 eos
3705 2020 4017 2057 sermonem

2446 2098 2705 2167 dirigens,
2751 2097 2841 2166 qui
2874 2096 3104 2151 aderant
3136 2116 3148 2150 :
3177 2098 3400 2162 Delirat,
3442 2098 3638 2167 inquit,
3673 2096 4019 2151 Tertullinus

2441 2192 2561 2246 iste.
2595 2190 2981 2244 Prosternatur
3018 2190 3182 2260 igitur
3216 2190 3269 2243 in
3302 2199 3523 2252 terram,
3549 2201 3604 2244 et
3635 2191 3828 2245 multis
3856 2193 4020 2260 virgis

2441 2283 2799 2351 percutiatur.
2838 2283 3024 2350 Itaque
3053 2298 3175 2335 cum
3216 2282 3277 2335 Β.
3306 2283 3643 2339 Tertullinus
3693 2284 3819 2337 sine
3858 2285 4021 2337 mise-

2441 2375 2674 2429 ricordia
2707 2375 3109 2439 verberaretur,
3134 2390 3265 2428 voce
3288 2390 3477 2444 magna
3504 2376 3720 2431 dicebat
3752 2394 3764 2432 :
3802 2375 4019 2431 Gratias

2439 2483 2539 2538 ago
2575 2466 2694 2529 tibi,
2741 2466 2968 2519 Domine
2998 2465 3124 2520 Jesu
3159 2464 3397 2525 Christe,
3432 2466 3572 2537 quod
3609 2481 3720 2519 non
3748 2466 4019 2534 disjnmi-

2441 2560 2510 2613 sti
2548 2576 2634 2612 me
2659 2575 2687 2613 a
2720 2560 2944 2613 domino
2972 2574 3095 2613 meo
3147 2568 3202 2612 et
3230 2574 3388 2613 servo
3423 2567 3515 2612 tuo
3542 2557 3816 2629 Olympio,
3846 2562 3938 2627 qui
3970 2572 4021 2612 et

2438 2667 2525 2706 me
2556 2653 2850 2706 antecessit
2885 2653 3146 2721 martyrio
3191 2650 3431 2704 functus.
3467 2652 3601 2705 Cum
3653 2651 3842 2719 itaque
3882 2654 4021 2704 inter

2440 2744 2669 2797 verbera
2706 2754 2757 2796 et
2786 2744 2971 2810 plagas
3003 2743 3106 2795 hoc
3127 2742 3355 2799 diceret,
3386 2742 3548 2809 jussit
3573 2741 3876 2808 imperator
3902 2744 4018 2808 ejus

2438 2834 2700 2888 lateribus
2761 2832 2943 2903 ignem
2994 2831 3206 2900 subjici.
3258 2831 3354 2884 Cui
3427 2830 3621 2884 nefarii
3669 2844 3835 2901 atque
3870 2833 4017 2901 impii

2442 2924 2694 2980 homines
2716 2925 2821 2979 hoc
2840 2939 2983 2993 saepe
3004 2923 3212 2978 inculca
3224 2923 3384 2975 bant:
3413 2922 3715 2977 Tertulline
3735 2927 4017 2994 sacrilege,

2440 3019 2606 3075 redde
2640 3019 2900 3088 pecunias
2944 3017 3149 3071 domini
3195 3017 3291 3071 tui.
3344 3016 3538 3070 Beatus
3585 3033 3717 3070 vero
3752 3016 4017 3072 Tertulli-

761 3104 979 3171 phanus
1028 3120 1149 3157 cum
1201 3105 1415 3160 clericis
1448 3115 1503 3159 et
1550 3106 1679 3160 viris
1712 3105 2000 3176 religiosis,
2052 3108 2335 3174 sanctique
2363 3142 2406 3197 ο
2444 3127 2546 3166 nus
2575 3112 2845 3167 constanti
2884 3112 3067 3165 animo
3099 3122 3263 3180 atque
3288 3110 3441 3164 hilari
3478 3111 3628 3164 vultu
3658 3111 3883 3167 dicebat
3918 3112 4017 3165 Va-

759 3193 1068 3263 Sempronii
1109 3194 1364 3264 reliquias
1394 3196 1631 3266 collegit,
1682 3205 1740 3249 et
1776 3194 1894 3248 illas
1942 3209 2067 3248 cum
2102 3192 2334 3264 Olympii

756 3288 1134 3348 etsociorum.
1192 3289 1283 3355 qui
1343 3290 1494 3355 prius
1548 3295 1772 3358 propter
1829 3286 2105 3343 Christum
2168 3289 2336 3343 inter-

759 3378 881 3434 fecti
910 3378 1146 3442 fuerant,
1177 3380 1543 3436 sanctissimis
1592 3381 1839 3450 reliquiis
1870 3382 2178 3437 collocavit.

840 3470 929 3524 XI.
990 3471 1120 3526 Post
1180 3473 1385 3525 multos
1444 3473 1563 3525 dies
1617 3471 1943 3524 Valerianus
1976 3482 2027 3525 et
2061 3472 2337 3527 Gallienus

756 3571 1047 3633 coeperunt
1088 3565 1304 3619 beatum
1355 3562 1671 3633 episcopum
1730 3562 2069 3632 Stephanum
2118 3574 2171 3618 ct
2218 3568 2337 3635 ejus

758 3654 963 3707 clerum
1004 3654 1282 3723 inquirere
1335 3672 1350 3708 :
1403 3656 1533 3724 quin
1605 3655 1767 3709 etiam
1831 3655 2011 3711 edicto
2063 3659 2337 3728 preposito

752 3744 1060 3814 jusserunt,
1087 3753 1148 3800 ut
1174 3746 1490 3817 ubicunque
1515 3748 1721 3802 inventi
1747 3747 2001 3811 fuissent,
2024 3760 2141 3817 post
2171 3753 2337 3805 inulta

757 3844 814 3888 et
846 3834 990 3888 varia
1024 3844 1323 3898 tormenta,
1378 3845 1557 3889 morte
1588 3836 1941 3890 acerbissima
1981 3850 2335 3894 necarentur.

758 3925 946 3994 Itaque
1006 3926 1217 3980 detenti
1277 3937 1405 3981 sunt
1469 3928 1656 3984 clerici
1718 3930 2028 3997 duodecim,
2091 3947 2332 4002 quorum

756 4018 976 4071 nomina
1018 4018 1132 4073 haec
1166 4028 1293 4074 sunt
1332 4039 1345 4075 :
1400 4018 1659 4087 Fausuts,
1695 4020 1939 4088 Maurus,
1992 4024 2332 4086 Primitivus,

752 4102 1071 4165 Columnius
1115 4110 1561 4183 [Calumniosua],
1607 4113 1870 4181 Joannes,
1908 4116 2332 4186 Exuperantius,

755 4199 1007 4267 tiyrillus,
1030 4199 1360 4262 Honoratus,
1400 4199 1740 4257 Theodosius
1765 4202 2156 4277 [Theodorus],
2180 4206 2334 4260 Basi-

754 4295 879 4358 lius,
900 4295 1175 4363 Castulus,
1214 4297 1476 4354 Donatus.
1504 4298 1603 4366 Qui
1638 4315 1761 4354 cum
1789 4301 1973 4357 multis
2003 4302 2334 4357 cruciatibus

756 4393 1158 4454 torquerentur,
1185 4401 1361 4456 neque
1380 4388 1572 4442 adduci
1596 4399 1820 4457 possent
1840 4399 1902 4444 ut
1920 4390 2169 4447 facerent
2190 4394 2333 4463 quod

2442 3204 2661 3258 leriauu
2693 3222 2705 3258 :
2736 3206 2868 3274 Age,
2910 3203 3098 3267 miser,
3160 3203 3242 3255 fac
3274 3202 3561 3255 celerrime
3591 3203 3860 3270 quidquid
3916 3206 4016 3265 vis,

2446 3307 2503 3351 ut
2528 3313 2626 3366 per
2663 3297 2981 3352 incendium
3019 3306 3069 3347 et
3111 3294 3361 3347 flammas
3404 3295 3539 3347 istas
3561 3309 3648 3347 me
3683 3296 4015 3349 sacriﬁcium

2445 3391 2556 3442 Iieo
2579 3396 2788 3458 gratum
2821 3385 3016 3439 offerre
3046 3388 3267 3454 possim.
3305 3385 3459 3438 Tunc
3489 3386 3655 3451 jussit
3695 3388 4021 3442 Valerianus

2446 3480 2808 3550 Tertullinum
2846 3494 2954 3530 non
2988 3479 3220 3547 amplius
3258 3479 3559 3538 verberari.
3602 3480 3698 3534 sed
3736 3483 3881 3534 tradi
3930 3483 4018 3534 Sa-

2445 3574 2607 3645 pritio
2657 3573 2806 3627 urbis
2848 3574 3087 3643 praesidi,
3140 3573 3226 3627 cui
3259 3574 3393 3628 dixit
3446 3593 3459 3627 :
3508 3574 3640 3646 Age,
3684 3580 3911 3645 require
3963 3579 4022 3628 ab

2447 3667 2550 3721 isto
2596 3668 2858 3736 pecunias
2910 3666 3144 3738 Olympii
3185 3667 3390 3721 domini
3443 3667 3566 3732 sui;
3638 3668 3847 3723 deinde
3902 3686 4025 3740 coge

2446 3760 2596 3811 illum
2632 3761 2737 3812 diis
2773 3759 2981 3814 libare:
3015 3760 3159 3827 quod
3187 3760 3289 3811 nisi
3325 3759 3537 3824 fecerit,
3570 3762 3739 3815 varlis
3775 3773 4017 3817 tormen-

2446 3849 2515 3901 tis
2551 3848 2849 3903 crucietur.

2522 3939 2658 3994 XIV.
2692 3941 2829 3995 Cum
2884 3942 2987 3995 hoc
3024 3942 3337 3996 mandatum
3378 3942 3680 4012 accepisset
3729 3946 4023 4014 Sapritius,

2444 4034 2626 4086 statim
2655 4032 2890 4088 tribunal
2937 4033 3041 4088 sibi
3093 4032 3270 4103 parari
3310 4034 3470 4104 jussit
3514 4035 3564 4087 iu
3618 4050 3685 4089 eo
3732 4034 3883 4099 loco,
3942 4055 4022 4113 qui

2444 4125 2745 4182 Mamertini
2779 4128 2973 4182 domus
3027 4128 3351 4197 appellatur,
3407 4128 3777 4199 praecepitque
3835 4131 4025 4184 adduci

2442 4218 2507 4270 ad
2538 4234 2594 4271 se
2625 4229 2938 4287 martyrem,
2964 4235 3210 4287 prmeone
3241 4220 3317 4273 sic
3345 4221 3620 4274 indicente
3654 4240 3669 4275 :
3710 4224 4027 4280 Adducatur

2445 4309 2549 4362 huc
2587 4308 2881 4379 sacrilegus
2912 4306 3248 4361 Tertullinus
3305 4326 3319 4362 :
3360 4309 3639 4364 Adductus
3689 4313 3885 4389 Itaque
3935 4319 4029 4368 fuit

2444 4398 2804 4462 Tertullinus,
2836 4413 2998 4469 quem
3032 4413 3229 4469 praeses
3257 4397 3632 4467 interrogavit,
3666 4414 3781 4467 quo
3810 4418 4027 4455 nomine

751 4476 889 4545 jussi
980 4487 1173 4544 erant,
1255 4488 1536 4549 postremo
1604 4481 1960 4551 imperatores
2055 4486 2330 4553 jusserunt
2366 4498 2417 4556 D
2450 4501 2754 4545 vocaretur.
2801 4491 2900 4545 Cui
2940 4488 3620 4551 Tertullinus:Peccator,
3668 4490 3873 4559 inquit,
3914 4509 4027 4544 sum

756 4567 880 4623 illos
932 4568 1245 4625 obtruncari
1304 4572 1358 4626 in
1409 4573 1493 4626 via
1548 4588 1670 4642 quae
1713 4573 2022 4643 appellatur
2074 4577 2346 4645 Aquazdu-

755 4665 899 4713 ctus.
920 4657 1162 4723 Quorum
1185 4662 1492 4716 veneranda
1511 4676 1737 4731 corpora
1758 4664 1968 4718 curavit
1989 4663 2343 4731 Tertullinus,

756 4752 847 4819 qui
866 4750 1044 4806 fuerat
1064 4750 1293 4823 Olympii
1326 4767 1537 4816 servus,
1565 4754 1815 4822 quamvis
1834 4754 2014 4810 adhuc
2035 4766 2182 4812 esset
2211 4773 2345 4826 gen-

758 4844 884 4911 tilis,
917 4852 974 4898 et
994 4856 1183 4897 eorum
1221 4840 1478 4910 reliquias
1500 4840 1740 4910 reposuit
1775 4855 1947 4910 prope
1975 4856 2201 4911 corpora
2218 4859 2344 4898 san-

756 4947 969 4992 ctorum
998 4933 1184 4991 Juvini
1220 4942 1275 4988 et
1304 4932 1521 5000 Basilei,
1553 4934 1608 4987 in
1642 4934 1730 4991 via
1756 4932 1972 4991 Latina.
2002 4934 2117 4991 Cal.
2151 4936 2288 5008 Aug.

834 5051 957 5105 XII.
1016 5050 1145 5105 Htec
1221 5065 1345 5104 cum
1408 5049 1713 5103 audivisset
1765 5050 1959 5105 beatus
2034 5049 2345 5121 Stephanus

756 5140 1036 5212 pontifex,
1063 5140 1227 5210 jussit
1254 5138 1321 5193 ad
1370 5152 1429 5193 se
1460 5136 1724 5193 accersiri
1756 5136 2147 5206 Tertullinum,
2174 5156 2334 5209 quem

757 5234 948 5288 multis
984 5231 1395 5287 hortationibus
1424 5230 1491 5284 ad
1524 5229 1892 5285 Christianam
1923 5231 2081 5285 fidem
2108 5247 2339 5287 conver-

757 5340 876 5379 sum
896 5322 1163 5377 docuitde
1194 5336 1365 5392 regno
1394 5320 1515 5387 Dei,
1538 5328 1592 5375 et
1620 5320 2117 5391 sempiternteyitz
2143 5333 2344 5392 myste-

759 5417 854 5470 riis
894 5414 1145 5479 initiavit,
1192 5412 1647 5482 sanctissimoque
1712 5412 2038 5481 baptismate
2068 5415 2341 5484 purgavit,

759 5518 922 5578 atque
948 5508 1102 5562 illum
1156 5506 1336 5561 adhuc
1384 5505 1507 5559 alba
1552 5514 1701 5561 veste
1746 5506 2024 5571 indutum,
2059 5507 2341 5562 ordinavit

761 5602 1157 5671 presbyterum.
1215 5597 1388 5663 Quem
1439 5611 1563 5652 cum
1621 5597 1899 5652 docuisset
1953 5597 2021 5651 de
2071 5597 2247 5650 salute
2277 5612 2340 5651 ac

758 5693 962 5747 cielesti
990 5708 1159 5763 regno
1188 5700 1409 5747 sanctus
1438 5690 1683 5761 pontifex
1726 5708 1741 5746 :
1776 5690 1925 5754 Esto,
1958 5691 2131 5759 inquit
2162 5733 2177 5756 ,
2221 5691 2339 5756 tibi,

760 5785 952 5849 frater,
1010 5787 1112 5840 hoc
1142 5800 1280 5839 onus
1315 5784 1651 5854 impositum,
1692 5792 1750 5836 ttt
1785 5782 2079 5837 multorum
2131 5791 2336 5851 marty‘

2451 4597 2570 4654 ego,
2606 4597 2797 4637 servus
2826 4596 3107 4635 servorum
3137 4580 3265 4636 Jesu
3298 4581 3521 4636 Christi.
3556 4580 3713 4636 Tunc
3757 4582 4029 4653 Sapritius

2453 4688 2659 4743 praeses
2699 4672 2777 4727 sic
2807 4687 2929 4726 eum
2961 4672 3158 4726 affatus
3192 4680 3279 4725 est
3311 4688 3324 4723 :
3366 4671 3666 4726 Considera
3703 4689 3832 4741 qua:
3886 4691 4029 4727 nunc

2452 4766 2545 4820 tibi
2584 4766 2995 4835 pracipiuntur,
3028 4772 3085 4819 et
3115 4764 3233 4819 sine
3265 4778 3415 4818 mora
3449 4763 3637 4831 facias,
3683 4768 3837 4834 quod
3887 4768 4026 4829 dico,

2450 4865 2508 4909 ut
2538 4854 2708 4909 vivas.
2765 4855 2861 4908 Eia
2912 4852 3074 4922 igitur
3121 4852 3224 4908 diis
3272 4850 3539 4916 sacrifica,
3576 4859 3628 4905 et
3665 4851 3864 4915 redde.
3915 4869 4028 4922 quae

2445 4949 2724 5021 jubemus,
2778 4949 2919 5001 bona
2972 4943 3206 5017 Olympii
3257 4943 3465 4997 domini
3520 4944 3631 5008 tui;
3688 4945 3776 4997 sin
3825 4946 4024 5005 minus,

2459 5051 2864 5095 tormentorum
2888 5036 3173 5109 suppliciis
3195 5044 3550 5106 consumptus
3577 5034 3769 5090 fueris.
3808 5038 3891 5089 Ad
3919 5039 4026 5091 haec

2450 5132 2730 5202 respondit
2757 5129 3096 5184 Tertullinus
3126 5145 3139 5181 :
3173 5128 3229 5183 Si
3265 5140 3457 5181 nosses
3492 5135 3711 5181 aeternae
3746 5128 3878 5183 vita:
3912 5128 4026 5183 feli—

2447 5228 2694 5291 citatem,
2730 5241 2839 5279 non
2889 5239 3041 5280 esses
3070 5224 3138 5277 de
3190 5220 3446 5292 praesenti
3496 5220 3698 5275 saeculo
3730 5221 3935 5275 anxius
3967 5236 4024 5273 ac

2446 5322 2730 5382 sollicitus,
2787 5332 2848 5371 ea
2889 5331 3087 5370 curans
3114 5330 3233 5385 quae
3276 5330 3305 5367 a
3338 5312 3697 5375 dtemonibus,
3732 5327 3879 5380 quos
3930 5328 4020 5365 vos

2447 5416 2649 5477 colitis,
2682 5420 3071 5481 suggeruntur,
3108 5416 3162 5462 et
3208 5407 3304 5462 tibi
3339 5414 3393 5461 et
3427 5405 3502 5459 tui
3544 5404 3825 5459 similibus
3859 5416 4021 5458 teter-

2447 5522 2545 5561 nos
2597 5504 2869 5559 cruciatus
2901 5500 3149 5554 afferent.
3183 5497 3278 5553 llis
3305 5497 3526 5563 auditis,
3560 5494 3835 5565 Sapritius
3886 5511 4019 5566 pra:-

2446 5613 2533 5651 ses
2554 5594 2715 5665 jussit
2747 5592 3036 5645 Tertullini
3068 5590 3262 5645 faciem
3295 5589 3565 5658 lapidibus
3616 5588 3829 5643 collidi.
3881 5588 4017 5642 San-

2447 5701 2566 5743 ctus
2620 5702 2747 5740 vero
2818 5684 3178 5747 Tertullinus,
3212 5682 3323 5736 Deo
3378 5682 3580 5753 gratias
3628 5696 3821 5752 agens,
3888 5680 4017 5734 dixit

2448 5781 2657 5852 praesidi
2692 5797 2703 5831 :
2742 5778 2819 5831 Tu
2856 5792 3031 5830 meum
3066 5792 3126 5830 os
3172 5775 3443 5846 confringi
3480 5774 3713 5843 iussisti.
3746 5781 3803 5828 et
3838 5770 4014 5827 Domi-
