4170 6322
230 347 328 408 521

1468 346 1645 406 νιΤΑ
1692 346 1752 403 S.
1798 344 2196 406 STEPHANI.

3338 346 3440 410 522

229 474 330 512 nus
387 473 538 513 meus
570 457 728 512 .lesus
760 455 1029 518 Christus,
1079 471 1236 525 quem
1277 471 1374 525 ego
1414 457 1552 518 colo,
1608 469 1658 509 te
1724 471 1785 508 ac
1816 464 1856 516 Λ
1889 457 2234 512 beatissimus
2300 459 2539 527 pontifex
2585 477 2610 511 a
2669 460 2987 514 satellitibus
3041 467 3191 512 extra
3240 461 3438 511 moenia

223 550 494 604 diabolum
520 549 838 603 idololatria:
868 555 1142 602 auctorem
1170 556 1434 602 conteret.
1456 547 1609 602 Tunc
1643 562 1780 616 prae-

226 657 314 695 scs
357 641 492 694 dixit
555 640 639 694 his
686 641 777 709 qui
834 651 1126 709 praesentes
1164 647 1319 692 erant
1363 659 1375 692 :
1412 638 1645 692 Curnam
1685 639 1784 691 iste

226 741 470 784 moratur
518 728 747 799 Olympii
794 731 1052 798 pecunias
1099 729 1370 783 reddere?
1430 729 1496 782 Et
1548 729 1611 782 ad
1662 744 1782 782 eum

225 838 559 877 Conversus:
590 823 720 891 Age,
755 822 948 891 inquit,
977 820 1107 874 affer
1134 820 1394 881 pecunias
1429 835 1562 888 quas
1598 820 1782 885 debes,

227 923 282 967 et
336 913 442 966 diis
497 914 760 977 sacrifica,
819 928 889 965 ne
958 912 1135 979 capite
1188 911 1569 971 obtruncatus,
1623 911 1785 964 vitam

230 1005 473 1058 amittas.
531 1003 829 1072 ReSpondit
873 1002 1204 1057 Tertullinus
1249 1021 1261 1056 :
1310 1001 1418 1070 Ego
1456 1002 1506 1053 in
1558 1002 1786 1054 Domino

229 1112 356 1150 meo
409 1095 537 1149 .lesu
594 1095 831 1159 Christo,
873 1095 962 1148 cui
1001 1095 1233 1158 credidi,
1292 1095 1647 1147 confirmatus
1712 1093 1783 1147 ita

224 1204 372 1252 sum,
405 1200 459 1243 et
491 1189 562 1241 ita
589 1189 738 1240 illum
770 1186 971 1241 habere
997 1187 1174 1255 cupio,
1210 1194 1266 1239 ut
1297 1190 1614 1252 prmsentem
1648 1184 1784 1236 hanc

225 1279 394 1332 vitam
435 1295 529 1348 pro
564 1279 733 1332 nihilo
766 1278 984 1346 ducam,
1027 1277 1182 1347 cujus
1211 1277 1389 1330 nullos
1433 1287 1609 1331 certos
1652 1278 1786 1330 fines

225 1370 557 1424 constitutos
589 1369 769 1423 video.

298 1459 414 1512 XV.
477 1459 601 1513 Haec
650 1461 876 1514 audiens
923 1459 1212 1529 Sapritius,
1275 1460 1457 1514 furore
1503 1473 1786 1521 accensus,

218 1553 388 1621 jussit
417 1549 777 1604 Tertullinum
825 1550 877 1603 in
923 1551 1067 1618 ligno
1092 1551 1330 1614 extendi,
1377 1560 1430 1603 et
1480 1551 1658 1603 nervis
1694 1551 1784 1602 diu

225 1642 526 1696 verberari.
551 1642 685 1695 Cum
716 1643 877 1710 igitur
905 1642 1083 1694 nervis
1111 1642 1409 1694 caederetur
1434 1639 1787 1704 Tertullinus,

225 1735 498 1788 clamabat
530 1752 540 1785 :
576 1735 801 1785 Domine
829 1733 955 1786 Jesu
976 1732 1210 1795 Christe,
1241 1746 1307 1783 ne
1331 1732 1550 1785 deseras
1578 1745 1789 1786 servum

1887 559 1943 602 et
1971 558 2180 617 portam
2213 548 2437 617 Appiam
2467 547 2531 601 ad
2560 548 2820 617 templum
2852 547 3057 600 Martis.
3090 545 3207 612 Quo
3235 546 3288 598 in
3321 547 3440 600 loro

1888 639 2178 708 episcopus
2220 637 2360 708 ipse,
2419 638 2671 692 omnibus
2716 639 3111 706 Spectantibus,
3152 637 3338 693 oculos
3386 637 3440 689 in

1888 731 2081 784 ecelum
2119 731 2315 795 erexit,
2346 745 2406 785 ac
2445 731 2578 784 dixit
2627 747 2640 783 :
2697 730 2921 784 Domine
2960 729 3118 793 Dens,
3148 730 3305 784 Pater
3337 729 3443 782 Do-

1891 821 2020 873 mini
2061 822 2230 875 nostri
2257 821 2385 876 Jesu
2415 823 2637 886 Christi,
2675 825 2765 891 qui
2800 823 3042 876 evertisti
3088 822 3279 874 turrim
3309 835 3443 874 con-

1894 912 2122 966 fusionis
2156 913 2299 982 apud
2357 912 2708 983 Babylonem,
2758 914 2998 976 destrue,
3051 927 3255 981 qnmso,
3300 923 3446 964 nunc

1891 1013 1944 1056 et
1975 1003 2152 1058 locum
2189 1005 2355 1067 hunc,
2398 1004 2454 1058 in
2486 1020 2592 1073 quo
2622 1004 2820 1059 diaboli
2852 1005 3168 1073 superstitio
3211 1019 3308 1072 per
3331 1003 3448 1056 ido-

1891 1095 2065 1148 lorum
2112 1094 2314 1149 cultum
2357 1107 2660 1151 excreetur.
2707 1096 2842 1150 Cum
2883 1097 2994 1149 hzec
3030 1094 3258 1149 dixisset
3309 1109 3444 1163 pon-

1894 1185 2046 1249 tifex,
2098 1199 2324 1255 repente
2366 1186 2507 1240 facto
2554 1186 2797 1241 tonitrua
2839 1196 2894 1240 et
2931 1187 3143 1258 fulgure
3184 1191 3442 1250 maximo,

1895 1277 2158 1346 templum
2209 1277 2393 1332 Martis
2445 1294 2635 1348 magna
2695 1293 2756 1331 ex
2794 1287 2946 1347 parte
2997 1277 3224 1331 corruit.
3290 1277 3444 1342 Quod

1894 1369 2140 1422 videntes
2160 1370 2382 1432 milites,
2415 1370 2786 1438 perterrefacti
2828 1370 3178 1439 aufugerunt,
3211 1385 3274 1424 ac
3321 1371 3450 1424 reli-

1895 1469 2134 1530 querunt
2190 1460 2562 1514 beatissimum
2604 1461 2938 1530 Stephanum
3003 1477 3124 1516 cum
3193 1464 3450 1517 omnibus

1895 1549 2240 1609 Christianis,
2285 1551 2372 1618 qui
2428 1565 2551 1603 eum
2608 1553 2777 1604 secuti
2835 1552 3071 1608 fuerant.
3117 1553 3303 1623 Itaque
3362 1553 3448 1607 illa

1899 1639 2015 1706 ipsa
2046 1638 2177 1692 liora
2212 1638 2273 1690 Β.
2314 1637 2629 1708 Stephanus
2675 1639 2807 1692 abiit
2842 1655 2963 1693 cum
3005 1639 3256 1695 omnibus
3299 1641 3454 1697 Chri-

1899 1730 2109 1792 stianis,
2175 1746 2311 1799 quos
2376 1747 2557 1785 secum
2622 1730 2874 1795 habebat,
2934 1732 3000 1785 ad
3084 1734 3452 1786 cremeterium

228 1837 405 1882 tuum,
434 1824 528 1892 qui
572 1825 727 1877 fidem
780 1833 832 1877 et
876 1837 1025 1890 spem
1079 1839 1231 1877 suam
1263 1822 1314 1875 in
1368 1832 1418 1877 te
1450 1824 1730 1880 collocavit
1775 1842 1787 1878 :
1823 1798 1867 1852 Β
1904 1820 1960 1873 Β.
1991 1798 2320 1892 I.ucill:e[al.
2347 1821 2608 1891 Lucinae],
2635 1823 2723 1876 ubi
2758 1822 2942 1876 multis
2970 1823 3448 1878 adhortationibus

226 1916 326 1971 sed
362 1917 427 1969 da
467 1916 627 1980 vires,
665 1925 722 1968 nt
748 1915 796 1967 in
854 1924 1037 1969 sancta
1067 1925 1121 1969 et
1154 1927 1298 1970 recta
1325 1916 1666 1970 confessione
1700 1923 1787 1968 tua

226 2019 602 2073 perseverem,
641 2005 900 2074 quoniam
944 2014 1001 2058 tu
1060 2021 1118 2059 es
1174 2020 1299 2074 spes
1354 2021 1494 2067 mea,
1534 2005 1631 2058 Fili
1695 2006 1789 2058 Dei

226 2094 357 2149 vivi.
415 2093 532 2146 Mox
588 2095 750 2163 jussit
820 2095 1089 2164 Sapritius
1149 2094 1512 2151 Tertullinum
1567 2097 1618 2150 in
1673 2106 1789 2151 rota

227 2186 503 2253 suspendi.
543 2187 680 2240 Dum
711 2187 868 2254 igitur
897 2188 946 2239 in
983 2196 1096 2240 rota
1139 2188 1402 2256 penderet
1445 2189 1635 2243 beatus
1680 2190 1792 2253 ille,

229 2275 466 2342 Spiritus
510 2279 684 2332 sancti
737 2279 1002 2334 auxilium
1055 2278 1366 2334 invocabat.
1422 2279 1556 2335 Cum
1613 2291 1794 2334 autem

230 2367 406 2436 ipsius
434 2368 669 2423 animum
701 2386 763 2425 ac
810 2372 1148 2440 propositum
1180 2372 1252 2425 ita
1281 2372 1492 2425 firmum
1526 2381 1578 2426 et
1609 2373 1800 2426 stabile

231 2460 460 2516 vidisset
506 2460 796 2531 Sapritius,
848 2472 906 2515 ut
950 2464 1153 2515 mmcri
1199 2479 1306 2515 non
1364 2473 1565 2531 posset,
1617 2463 1800 2516 retulit

233 2549 525 2605 Valeriano
549 2558 803 2621 tyranno,
831 2552 1192 2606 Tertullinum
1215 2553 1381 2608 nullis
1415 2555 1599 2618 minis,
1633 2554 1799 2607 nullis

233 2641 729 2704 adhortationibus,
789 2642 958 2696 nullis
1010 2642 1247 2712 denique
1308 2644 1646 2699 cruciatibus
1712 2654 1804 2698 aut

233 2734 504 2787 machinis
535 2733 730 2787 adduci
767 2749 944 2804 posse,
973 2744 1031 2788 ut
1057 2735 1139 2790 vel
1163 2734 1268 2789 diis
1300 2735 1558 2803 immolet,
1588 2736 1670 2790 vel
1709 2737 1802 2793 do-

235 2825 370 2878 mini
410 2825 490 2877 sni
547 2824 826 2879 facultates
859 2841 920 2879 ac
948 2827 1203 2895 pecunias
1226 2826 1278 2879 in
1300 2827 1540 2880 medium
1587 2827 1800 2882 afferat.

234 2917 391 2972 Tunc
427 2917 734 2972 Valerianus
764 2922 1087 2974 sententiam
1139 2920 1341 2985 ferens,
1377 2921 1535 2989 jussit
1563 2920 1809 2975 Tertulli-

236 3024 368 3061 num
384 3008 766 3062 obtruncari.E
786 3019 898 3064 rota
919 3011 1080 3080 igitur
1093 3012 1596 3081 depusitus,duetus
1612 3024 1694 3066 est
1713 3029 1808 3083 per

236 3096 380 3149 viam
403 3097 643 3151 Latinam
660 3098 724 3152 ad
745 3098 1041 3152 secundum
1063 3101 1210 3152 urbis
1229 3100 1598 3171 lapidem,quo
1617 3103 1668 3155 in
1692 3105 1807 3157 loco

237 3187 343 3242 fuit
372 3189 547 3258 capite
570 3191 941 3244 obtruncatus.
969 3189 1097 3257 Ejus
1120 3199 1299 3244 autem
1324 3192 1585 3261 reliquias
1609 3193 1665 3244 Β.
1685 3195 1808 3248 Ste-

237 3280 453 3348 phanus
488 3281 723 3350 collegit,
772 3289 824 3336 et
851 3282 1098 3350 sepelivit
1123 3282 1176 3335 in
1215 3291 1419 3353 crypta,
1442 3298 1558 3352 quae
1584 3299 1808 3338 arenosa

237 3369 468 3434 dicitur,
491 3373 662 3441 pridie
685 3372 948 3426 Kalendas
966 3375 1191 3445 August.
1216 3374 1370 3446 [Cod.
1390 3377 1508 3430 Kal.
1535 3377 1806 3449 Augusti].

313 3461 454 3515 XVI.
486 3463 709 3516 Postero
744 3472 922 3517 autem
959 3466 1045 3520 die
1076 3466 1399 3520 Valerianus
1434 3468 1577 3522 misit
1610 3472 1807 3523 cohor-

241 3562 375 3614 tem,
399 3567 518 3620 quas
537 3553 754 3606 beatum
775 3555 1085 3622 pontificem
1113 3555 1450 3624 Stephanum
1478 3574 1600 3614 cum
1622 3564 1806 3616 multis

239 3641 479 3705 clericis,
514 3643 848 3714 presbyteris
884 3660 947 3698 ac
997 3645 1248 3701 diaconis
1289 3649 1802 3718 comprehenderet.

237 3734 379 3791 Cum
412 3737 576 3808 igitur
599 3737 836 3807 pontifex
860 3747 916 3793 et
944 3739 1063 3808 ejus
1093 3740 1276 3795 clerici
1307 3758 1431 3796 cum
1460 3759 1525 3797 eo
1554 3760 1806 3814 compre-

242 3825 404 3879 hensi
431 3836 636 3890 essent,
677 3828 897 3896 plurimi
946 3825 1244 3884 Christiani
1294 3831 1539 3902 lugentes
1587 3835 1807 3904 alonge

241 3917 369 3968 illos
402 3918 786 3983 sequebantur.
815 3919 1005 3972 Postea
1039 3936 1172 3972 vero
1203 3937 1364 3990 quam
1401 3923 1460 3974 Β.
1499 3923 1808 3993 Stephanus

232 4011 395 4080 jussu
434 4007 702 4062 Valeriani
737 4017 862 4062 ante
891 4011 1061 4078 ipsius
1094 4014 1332 4067 tribunal
1386 4017 1538 4070 stetit
1580 4036 1592 4071 :
1627 4019 1805 4084 Tune,

241 4100 425 4170 inquit
462 4101 877 4155 scelestissimus
918 4103 1237 4172 imperator,
1266 4122 1325 4160 es
1349 4107 1437 4162 ille
1473 4107 1804 4178 Stephanus,

243 4193 340 4263 qui
369 4191 765 4262 rempublicam
796 4204 1036 4247 nostram
1070 4196 1389 4264 perturbare
1419 4214 1482 4252 ac
1511 4201 1807 4257 dissolvere

246 4298 547 4354 aggressus
599 4298 680 4348 es,
718 4284 921 4354 quique
970 4286 1214 4340 consiliis
1247 4297 1297 4341 et
1362 4292 1654 4363 prazstigiis
1703 4293 1809 4348 tuis

244 4375 450 4429 suades
467 4374 688 4442 populo,
717 4384 774 4426 ut
800 4391 828 4427 a
854 4377 1077 4431 deorum
1109 4379 1254 4432 cultu
1277 4380 1582 4436 desciscat?
1610 4387 1808 4440 Adhaac

1893 1911 2230 1967 Christianos
2287 1915 2690 1977 consolabatur,
2755 1915 2902 1982 ipsos
2953 1914 3183 1966 hortans
3231 1923 3285 1967 et
3328 1929 3457 1968 cor-

1896 1997 2179 2063 roborans,
2215 2016 2284 2054 ne
2323 2012 2670 2072 tyrannorum
2702 2003 2875 2056 minas
2907 2011 2962 2058 et
2980 2013 3244 2056 tormenta
3273 2003 3458 2056 formi-

1898 2089 2108 2152 darent,
2129 2105 2250 2144 cum
2280 2092 2539 2145 Dominus
2559 2095 2674 2160 ipse
2706 2092 2848 2146 dicat
2883 2110 2897 2146 :
2923 2091 3099 2145 Nolite
3136 2094 3318 2146 timere
3369 2111 3458 2146 eos

1903 2183 2231 2248 quivpossunt
2259 2185 2492 2237 occidere
2529 2201 2734 2252 corpus,
2784 2184 3021 2237 animam
3049 2200 3168 2238 vero
3201 2201 3301 2237 non
3334 2202 3455 2253 pos-

1898 2283 2014 2324 sunt
2049 2275 2279 2327 occidere
2317 2293 2335 2328 .'
2362 2277 2536 2328 timete
2564 2276 2735 2337 illum,
2779 2277 2866 2344 qui
2909 2287 3073 2342 potest
3123 2286 3170 2328 et
3222 2278 3457 2330 animum

1901 2373 1948 2418 et
1978 2380 2163 2432 corpus
2191 2366 2403 2432 perdere
2442 2367 2494 2418 in
2525 2367 2810 2434 gehennam
2855 2367 2892 2418 '.
2928 2366 3023 2420 His
3060 2367 3457 2421 adhortationi-

1904 2457 2004 2510 bus
2064 2457 2240 2509 bonus
2289 2457 2376 2511 ille
2428 2462 2610 2526 pastor
2653 2457 2899 2527 proprias
2932 2471 3062 2510 oves
3105 2458 3457 2520 confirmans,

1905 2548 2098 2600 obtulit
2128 2547 2343 2600 Christo
2369 2548 2477 2602 Deo
2503 2549 2865 2617 omnipotenti
2895 2548 3246 2602 oblationem.

1977 2639 2135 2694 XVII.
2169 2641 2238 2693 At
2275 2641 2469 2708 impius
2494 2641 2832 2701 Valerianus,
2866 2656 2986 2694 cum
3018 2650 3072 2694 et
3100 2641 3282 2694 Martis
3329 2651 3462 2695 tem-

1912 2733 2059 2802 plum
2101 2744 2351 2784 eversum
2393 2731 2580 2794 fuisse,
2628 2740 2684 2785 et
2733 2730 3166 2786 Christianorum
3218 2734 3463 2787 multitu-

1909 2825 2088 2876 dinem
2137 2839 2258 2875 cum
2321 2823 2576 2892 pontifice
2638 2822 2912 2891 Stephano
2965 2837 3086 2876 esse
3134 2823 3454 2884 audivisset.

1912 2915 2055 2966 misit
2093 2912 2288 2968 milites
2317 2912 2472 2980 longe
2516 2912 2698 2979 plures
2731 2912 2816 2966 his
2867 2927 3003 2980 quos
3031 2923 3187 2966 antea
3220 2913 3462 2968 miserat.

1912 3006 2014 3071 Qui
2050 3022 2172 3061 eum
2211 3006 2508 3067 venissent,
2546 3005 2873 3058 invenerunt
2899 3006 3114 3058 beatum
3155 3000 3462 3075 poniiticeni

1916 3097 2251 3166 Stephanum
2303 3095 2412 3148 Deo
2463 3094 2789 3148 sacrificium
2841 3095 3180 3151 offerentem.
3247 3098 3463 3154 Illorum

1912 3197 2092 3241 autem
2119 3187 2354 3241 adventu
2380 3197 2598 3241 sanctus
2633 3187 2922 3258 episcopus
2953 3188 3089 3242 nihil
3121 3191 3467 3257 perturbatus

1910 3289 2014 3342 est,
2064 3280 2156 3331 sed
2197 3279 2489 3346 tranquillo
2524 3287 2579 3331 et
2633 3279 2819 3346 quieto
2872 3281 3054 3332 animo
3102 3278 3318 3334 Christo
3359 3283 3466 3336 Deo

1912 3370 2235 3423 sacrificium
2267 3369 2484 3433 obtulit,
2531 3379 2692 3438 atque
2732 3369 2934 3424 ibidem
2965 3371 3144 3440 capite
3177 3374 3468 3428 obtrunca-

1912 3472 2001 3516 tus
2037 3472 2139 3527 est,
2183 3471 2378 3530 quarto
2421 3462 2605 3515 Nonas
2661 3461 2910 3532 Augusti.
2968 3463 3260 3518 Christiani
3314 3483 3465 3528 vero,

1909 3552 2178 3622 quierant
2203 3552 2328 3615 illic,
2349 3566 2470 3603 cum
2492 3565 2549 3604 se
2579 3552 2668 3604 tali
2697 3563 2914 3619 pastore
2941 3555 3160 3608 orbatos
3183 3556 3463 3619 vidissent,

1911 3645 2107 3696 multas
2140 3644 2400 3712 lacrymas
2435 3641 2766 3696 effuderunt.
2815 3642 2946 3710 Ejus
2977 3654 3161 3698 autem
3204 3659 3468 3700 veneran-

1918 3734 2044 3788 dum
2088 3748 2287 3801 corpus
2357 3735 2411 3786 in
2467 3733 2554 3786 illa
2607 3734 2794 3788 eadem
2837 3744 3021 3804 crypta
3072 3735 3466 3804 deposuerunt,

1915 3826 2004 3881 ubi
2036 3834 2090 3880 et
2124 3826 2241 3896 ejus
2283 3827 2502 3894 sanguis
2536 3825 2742 3878 effusus
2789 3827 2984 3888 fuerat,
3025 3827 3080 3878 in
3133 3829 3216 3880 via
3271 3831 3466 3898 Appia,

1913 3921 1964 3973 in
1995 3936 2097 3986 qua
2134 3929 2333 3990 martyr
2371 3919 2458 3973 ille
2483 3919 2650 3972 multa
2682 3931 2803 3971 cum
2837 3931 2967 3986 pace
2999 3921 3262 3988 requievit
3295 3921 3394 3992 (l).

1988 4011 2174 4066 XVIII.
2238 4011 2438 4067 Eodem
2495 4014 2580 4067 die
2650 4008 2850 4066 milites
2901 4011 3166 4066 idolorum
3228 4017 3467 4073 cultores

1909 4106 2194 4158 diaconum
2255 4104 2328 4172 (2)
2370 4106 2654 4171 quemdam
2740 4104 3084 4173 invenerunt,
3136 4107 3466 4165 Tharsitium

1911 4197 2154 4259 nomine,
2205 4196 2298 4266 qui
2348 4197 2693 4266 purissimum
2745 4201 2944 4253 Christi
2993 4216 3190 4269 corpus
3241 4202 3466 4257 ferebat.

1911 4291 2457 4361 Comprehendcrunt
2511 4291 2676 4360 igitur
2725 4289 2876 4345 illum
2926 4292 3128 4344 milites
3179 4309 3191 4343 :
3242 4307 3472 4361 cumque

1913 4387 2182 4440 curiosius
2219 4385 2286 4438 ab
2308 4401 2374 4438 eo
2403 4386 2760 4452 inquirerent,
2786 4387 3254 4455 quidnam‘secum
3277 4387 3467 4449 ferret,

243 4472 471 4520 sanctus
499 4462 783 4532 episcopus
810 4461 1123 4533 Stephanus
1176 4472 1457 4536 respondit
1488 4491 1501 4527 :
1529 4473 1636 4542 Ego
1669 4489 1810 4527 rem-
1845 4483 1884 4536 ι)
1915 4487 1970 4529 et
1999 4477 2114 4544 ipse
2145 4476 2423 4544 indignum
2455 4477 2722 4544 jndicaret
2752 4487 2878 4530 ante
2910 4493 3104 4544 porcos
3150 4479 3470 4548 margaritas

245 4558 522 4630 publicam
580 4572 690 4611 non
731 4558 1011 4628 perturbo,
1068 4557 1162 4613 sed
1217 4560 1486 4616 admoneo
1520 4574 1574 4618 et
1625 4566 1810 4620 hortor

244 4663 443 4704 omnes
471 4648 738 4710 homines,
771 4658 831 4703 ut
858 4649 1134 4704 derelictis
1163 4650 1527 4720 daemonibus,
1559 4657 1650 4725 qui
1678 4659 1812 4713 ado-

246 4748 444 4794 rantur
492 4737 545 4791 in
577 4733 696 4791 istis
731 4739 925 4791 vestris
983 4741 1160 4807 idolis,
1198 4744 1262 4797 ad
1303 4760 1489 4798 verum
1557 4746 1719 4802 Deum
1751 4766 1808 4804 se

243 4838 597 4886 convertant.
638 4828 798 4899 Ergo,
832 4829 1007 4895 inquit
1039 4832 1381 4897 Valerianus,
1414 4845 1470 4888 tu
1501 4840 1685 4891 statim
1721 4839 1806 4892 in-

245 4919 607 4975 terficiendus
633 4937 713 4986 es,
761 4930 820 4975 ut
854 4921 943 4974 alii
982 4925 1232 4994 exemplo
1268 4933 1362 4980 tuo
1409 4931 1802 4997 perterrefacti,

245 5011 576 5081 resipiscam
610 5021 665 5064 et
698 5016 899 5066 vivant.
937 5012 1029 5068 His
1062 5016 1244 5084 dictis,
1276 5020 1438 5089 jussit
1467 5021 1518 5074 in
1545 5023 1801 5092 templum

246 5105 437 5158 Martis
488 5103 823 5174 Stephanum
890 5109 1201 5175 pontificem
1273 5112 1420 5175 duci,
1478 5123 1638 5182 atque
1695 5113 1807 5168 illic

246 5199 584 5255 sententiam
613 5199 679 5252 de
728 5198 816 5252 illo
873 5202 1236 5268 pronuntiari.
1276 5205 1480 5260 Ductus
1524 5217 1604 5260 est
1645 5207 1806 5275 igitur

359 5382 375 5410 '
413 5376 596 5430 Matth.
631 5395 680 5437 x.
708 5379 798 5434 28.

323 5539 404 5608 (I)
434 5539 556 5593 Lat.
576 5535 709 5608 cod.
737 5553 764 5608 να
801 5533 1123 5603 Sepelierunt
1149 5551 1332 5602 corpus
1378 5537 1492 5603 ejus
1533 5551 1648 5608 cum
1686 5535 1801 5608 ipsa

241 5603 651 5680 sedeaanguirte
697 5606 810 5672 ejus
845 5607 1350 5680 iaspeiisauineadem
1377 5617 1581 5674 crypta,
1618 5606 1672 5657 in
1695 5603 1804 5656 foco

242 5675 344 5755 qui
357 5679 559 5755 dicitur
585 5675 945 5755 Caeritem-iuni
978 5676 1180 5755 Calist'i.
1216 5694 1233 5725 ι

319 5751 398 5823 ('2)
434 5742 556 5801 Lat.
594 5746 714 5798 eod.
749 5746 1067 5798 arnfuthum.
1105 5744 1234 5797 Nam
1266 5760 1372 5801 non
1403 5745 1664 5804 acolutliis
1690 5743 1807 5798 lan-

570 5839 838 5900 PATROL.
875 5839 986 5896 (in.
1029 5842 1193 5902 CXV.

1916 4565 2201 4636 projicere,
2234 4564 2377 4618 nulla
2417 4565 2621 4618 ratione
2655 4565 2848 4618 adduci
2883 4565 3077 4634 potuit,
3107 4575 3167 4618 ut
3191 4568 3473 4622 sanctissi-

1919 4672 2063 4722 mum
2101 4671 2162 4710 ac
2205 4656 2554 4724 purissimum
2593 4666 2986 4711 sacramentum
3023 4657 3249 4726 impuris
3293 4658 3470 4711 homi-

1916 4749 2075 4802 nibus
2106 4750 2390 4801 revelaret.
2431 4748 2605 4817 Virgis
2644 4748 2806 4818 igitur
2846 4759 2900 4801 et
2935 4748 3203 4816 lapidibus
3232 4764 3471 4820 cousque

1915 4840 2247 4894 Tharsitium
2292 4839 2678 4898 contuderunt,
2717 4839 2892 4908 quoad
2945 4840 3198 4907 spiritum
3251 4840 3467 4896 efflavit.

1913 4932 2049 4986 Cum
2087 4947 2215 4985 vero
2243 4931 2362 5000 ejus
2391 4947 2588 5001 corpus
2621 4933 2871 4985 exanime
2906 4946 3000 4998 per
3030 4939 3229 4984 terram
3257 4933 3468 4986 voluta-

1916 5027 2089 5085 retur,
2121 5023 2322 5077 curiosi
2354 5032 2409 5077 et
2443 5024 2692 5092 sacrilegi
2725 5023 2924 5078 milites
2956 5037 3130 5092 neque
3178 5025 3280 5078 sub
3325 5024 3468 5079 ulnis

1917 5116 2055 5169 intra
2083 5114 2342 5180 manicas,
2373 5129 2547 5185 neque
2576 5116 2677 5168 sub
2708 5115 2946 5170 vestibus
2977 5114 3176 5183 aliquid
3224 5115 3470 5168 invenire

1920 5215 2234 5276 potuerunt.
2266 5205 2472 5260 Relicto
2500 5205 2661 5276 igitur
2709 5206 2807 5271 sic,
2866 5215 2925 5258 ut
2973 5215 3110 5269 erat,
3160 5207 3470 5260 venerando

1916 5545 2051 5596 tum,
2089 5537 2181 5589 sed
2212 5549 2265 5590 et
2301 5538 2451 5594 laicis
2496 5540 2628 5614 olim_
2649 5544 3026 5614 persecutione
3085 5555 3307 5614 urgente
3337 5560 3470 5602 eon-

1912 5619 2123 5728 CCS‘SIII?
2153 5617 2268 5662 erat
2305 5619 2581 5678 acceptam
2617 5611 2668 5665 in
2698 5613 2932 5669 Ecclesia
2959 5611 3348 5672 Eucharistiam
3372 5618 3474 5671 do-

1914 5691 2058 5728 mum
2113 5692 2250 5728 erre.
2983 5698 2989 5700 -

1914 5691 2058 5728 mum
2093 5691 2250 5732 ICI‘I‘C.
2983 5698 2989 5700 ’

3127 5850 3191 5913 17
