4170 6322
198 368 298 432 529

1275 362 1563 423 ORATIO
1604 360 1703 423 DE
1740 361 2025 423 SANCTA
2068 360 2343 421 MARIA.

3326 357 3433 421 530

193 458 499 548 εμπροσθέν
538 476 630 529 τοῦ
671 475 915 545 βήματος
969 473 1357 527 mamma.
1409 475 1521 527 Καὶ
1566 474 1762 544 ιμελέ-

1866 474 2046 528 ciens:
2108 471 2316 526 Saltem
2370 483 2554 535 nunc,
2620 468 2812 539 inquit,
2881 466 3123 523 sacriﬁca
3187 466 3292 521 diis
3330 480 3433 519 no-

188 571 292 636 ψας
332 568 412 631 εἰς
445 566 506 619 τὸ
545 568 840 637 πρόσωπον
872 567 966 619 τοῦ
1010 565 1282 636 μακαρίου
1319 562 1535 618 Εθπλου
1572 560 1757 617 εἶπενο

190 657 305 712 Κᾶν
342 656 439 709 νῦν
479 656 641 711 θῦσον
679 659 791 721 τοῖς
825 656 968 719 Θεοῖς
1000 656 1179 724 ἡμῶν,
1224 655 1330 725 πρὸ
1371 656 1464 709 τοῦ
1495 654 1571 725 τῷ
1616 655 1761 724 ξίφει

192 767 246 801 σε
270 748 637 819 ἆναλωθῆναι.
676 751 735 802 Ὀ
760 748 815 801 δὲ
838 749 991 815 ἅγιος
1015 744 1224 810 Εὗπλος
1246 743 1400 801 εἶπεν
1420 765 1433 778 ·
1468 747 1758 817 Παράνομε

190 844 283 894 καὶ
313 841 478 910 τυφλὲ
506 846 569 910 τῇ
609 840 823 912 καρδίᾳ,
854 842 1059 911 ὲργάτα
1088 840 1181 893 τοῦ
1212 840 1479 901 διαϐόλου,
1509 841 1603 893 καὶ
1635 839 1760 892 σύν-

189 934 346 1002 θρονε
392 934 582 995 αὐτοῦ,
632 936 715 997 τίς
761 936 942 1004 παρεᾷ
982 934 1042 987 τὸ
1089 933 1203 1002 φῶς
1250 935 1344 1003 τῆς
1387 933 1618 1003 ἡμέρας,
1666 935 1761 985 καὶ

195 1028 481 1097 πορεύεται
512 1029 567 1078 ἐν
598 1031 661 1097 τῇ
692 1028 911 1098 maria;
946 1026 1129 1079 Ταῦτα
1165 1021 1257 1080 οὖν
1288 1026 1525 1087 ἀκούσας
1554 1024 1759 1079 Καλϐι-

190 1120 373 1180 σιανὸς
425 1120 453 1171 ὁ
504 1117 789 1188 τύραννος,
842 1120 1144 1190 ἐταράχθη,
1195 1120 1290 1173 καὶ
1346 1119 1599 1172 ἐκέλευσε
1649 1119 1762 1178 τοῖς

188 1211 492 1278 ὑπηρέταις
548 1210 709 1263 αὐτοῦ
769 1211 988 1279 δεθῆναι
1038 1211 1128 1263 τὸν
1191 1210 1459 1281 μακάριον
1510 1206 1759 1273 Εὖπλον,

186 1303 284 1354 καὶ
345 1302 591 1371 σιδηραῖς
635 1300 875 1369 ὀγκίνοις
929 1301 1027 1365 τὰς
1060 1302 1229 1364 ἀκοὰς
1286 1299 1587 1363 πιέζεσθαι.
1652 1299 1762 1351 Καὶ

185 1395 415 1462 ἄγουσιν
450 1394 614 1447 αὑτὸν
656 1395 747 1446 ἐπὶ
771 1394 832 1446 τὸ
892 1393 1075 1463 βῆμαο
1133 1392 1229 1446 καὶ
1279 1392 1520 1461 συνήχθη
1568 1392 1677 1454 πᾶς
1733 1391 1761 1441 ὁ

184 1487 314 1547 λαὸς
351 1484 457 1537 τῶν
488 1500 547 1536 τε
590 1484 800 1536 πιστῶν
839 1484 945 1537 καὶ·
974 1484 1242 1546 ἀπίστων,
1282 1483 1356 1543 ὡς
1392 1484 1481 1535 ἐπὶ
1521 1482 1762 1550 μεγίστῳ

185 1577 445 1645 θεάματι.
500 1577 560 1631 '0
600 1577 655 1629 δὲ
694 1577 1058 1640 ἀσεϐέστατος
1100 1577 1469 1638 Καὶόισιανδς
1509 1576 1761 1629 ἐκέλευσε

181 1666 410 1736 τεθῆναι
442 1669 533 1721 τὸν
563 1668 755 1735 θρόνον
786 1667 948 1721 αὐτοϋ
986 1668 1216 1733 πλησίον
1246 1670 1343 1735 τῆς
1388 1664 1631 1732 φυλακῆς
1661 1664 1760 1733 ἐμ·

181 1759 426 1829 προσθεν
458 1759 552 1811 τοῦ
585 1759 809 1826 λουτροῦ
837 1758 930 1809 τοῦ
961 1758 1113 1819 ὄντος
1154 1756 1380 1824 πλησίον
1420 1758 1587 1824 αὐτῆς
1620 1758 1760 1808 κατὰ

182 1851 559 1920 μεσημϐρίαν.
588 1852 696 1904 Καὶ
720 1849 1074 1913 καθεσθέντος
1105 1849 1268 1903 αὐτοῦ
1291 1848 1382 1902 ἐπὶ
1413 1846 1505 1901 τοῦ
1533 1847 1762 1910 ἀσεϐοῦς
1798 1830 1833 1883 Β

180 1941 353 1995 αὐτοῦ
381 1942 593 2010 θρόνου,
622 1940 907 1994 ἐκέλευσεν
934 1939 1439 2009 ἁποκεφαλισθῆναι
1464 1941 1553 1994 τὸν
1581 1941 1760 2009 μακά-

181 2052 304 2107 ριον
344 2031 574 2089 Εὔπλον.
615 2035 673 2086 'O
720 2034 775 2086 δὲ
830 2026 1100 2103 μακάριος
1149 2028 1359 2096 Εὗπλος
1418 2034 1760 2104 παρεκάλεσε

177 2126 278 2179 τὸν
322 2126 686 2179 ἀσεϐέστατον
724 2125 1110 2191 Καλϐισιανδν,
1138 2118 1324 2177 λα’ϐεϊν
1355 2125 1515 2179 αὐτὸν
1553 2127 1761 2194 δεορίαν

174 2218 277 2271 τοῦ
311 2217 736 2283 προσεύξασθαι,
775 2217 883 2270 Καὶ
912 2217 1126 2281 ἀνοίξας
1155 2215 1215 2269 τὸ
1248 2216 1401 2284 ἅγιον
1432 2216 1763 2284 Εὐαγγέλιον

176 2309 278 2361 τοῦ
330 2307 490 2372 Θεοῦ,
536 2308 738 2381 ἤρξατο
782 2308 1138 2376 ἀναγγέλλειν
1176 2309 1273 2370 τὰς
1315 2307 1758 2378 θαυματουργίας

175 2398 278 2452 τοῦ
328 2400 536 2469 Κυρίου
605 2401 759 2471 ἡμῶν
809 2399 984 2469 Ἰησοῦ
1013 2399 1269 2470 Χριστοῦ.
1311 2400 1419 2452 Καὶ
1465 2400 1652 2452 πολλοὶ
1695 2400 1758 2452 ὲκ

173 2490 280 2544 τοῦ
322 2492 480 2563 ὄχλου
520 2493 899 2561 ἐφωτίσθησαν
936 2491 1005 2543 δι’
1046 2489 1232 2543 αὑτοῦ.
1272 2489 1381 2542 Καὶ
1422 2490 1559 2558 μετᾶ
1588 2488 1759 2542 ταῦτα

175 2582 651 2649 προσευξάμενος,
683 2584 884 2653 ἤκουσε
916 2584 1100 2651 φωνῆς
1124 2579 1181 2646 ἐξ
1206 2578 1436 2650 οὐρανοῦ
1464 2579 1727 2648 λεγούσης
1746 2594 1758 2607 ο

1862 566 1987 620 stris
2006 608 2021 632 ,
2050 575 2339 635 antequam
2364 560 2540 635 gladio
2572 560 2875 632 perimaris.
2894 559 3192 630 Respondit
3214 568 3433 613 sanctus

1863 659 2069 726 Euplns
2091 677 2100 709 ε
2126 657 2395 727 Improbe,
2421 672 2560 712 caece
2583 657 2746 711 corde
2769 655 3037 719 ,minister
3063 653 3264 708 diaboli
3283 652 3432 723 ejus-

1862 765 1968 817 que
1997 750 2141 803 socie
2171 750 2221 803 in
2249 749 2383 804 solio
2405 792 2418 812 ,
2477 749 2598 819 quis
2626 747 2731 803 dici
2759 746 2938 801 lumen
2971 744 3257 813 relinquit,
3289 750 3349 797 ut
3377 744 3429 797 in

1866 840 2106 895 tenebris
2130 841 2407 895 ambulet?
2438 839 2533 894 His
2562 840 2765 894 auditis
2793 838 3427 905 Calvisianuslyrannus.

1864 942 2167 986 commotus
2200 941 2281 987 est
2325 972 2339 997 ,
2368 946 2432 986 ac
2478 930 2673 985 indixit
2724 930 2988 984 ministris
3020 929 3133 982 suis
3164 968 3177 989 ,
3204 928 3423 982 beatum

1867 1024 2097 1093 Euplum
2123 1024 2313 1095 ligari,
2369 1034 2531 1094 atque
2588 1023 2777 1077 ferreis
2824 1021 3041 1077 uncinis
3095 1037 3258 1075 aures
3313 1020 3430 1091 ejus

1869 1116 2155 1169 contundi.
2194 1116 2406 1175 Ducunt
2428 1131 2553 1183 ergo
2584 1115 2732 1170 illum
2770 1115 2835 1167 ad
2867 1114 3105 1169 tribunal
3133 1130 3145 1166 :
3179 1112 3432 1167 convenit

1865 1222 1993 1261 vero
2025 1207 2313 1262 universus
2340 1209 2574 1277 populus
2602 1215 2709 1261 tam
2768 1201 3004 1259 ﬁdelium
3037 1220 3199 1273 quam
3239 1202 3431 1256 inlide-

1866 1297 1993 1350 lium
2019 1338 2032 1359 ,
2066 1296 2217 1367 quasi
2255 1282 2643 1350 adimaximum
2688 1295 3080 1365 spectaculum.
3114 1291 3184 1346 At
3217 1292 3433 1360 impiis-

1863 1389 2033 1443 simus
2067 1390 2404 1445 Calvisianus
2453 1388 2624 1445 voluit
2652 1389 2848 1443 solium
2900 1402 3059 1441 suum
3122 1385 3245 1455 poni
3277 1385 3428 1452 juxta

1864 1497 2180 1548 carcerem,
2222 1498 2405 1539 coram
2476 1480 2690 1536 lavacro
2746 1480 2888 1550 quod
2947 1479 3152 1534 carceri
3220 1477 3430 1546 adjacet

1864 1594 2050 1634 versus
2086 1577 2392 1631 meridiem.
2439 1575 2683 1644 Cumque
2722 1575 2953 1629 sedisset
3001 1586 3165 1641 super
3203 1571 3427 1640 impium

1864 1671 2055 1726 solium
2087 1684 2243 1723 suum
2274 1711 2287 1735 ,
2317 1669 2479 1737 jussit
2531 1669 2749 1725 beatum
2791 1665 3019 1735 Euplum
3064 1664 3238 1734 capite
3276 1671 3429 1716 trun—

1867 1762 1998 1815 cari.
2039 1760 2137 1815 l-lic
2185 1775 2318 1815 vero
2354 1760 2575 1830 impium
2606 1760 2837 1815 maxime
2886 1756 3168 1828 praesidem
3202 1753 3427 1824 rogavit.

1867 1865 1925 1905 ut
1954 1852 2212 1921 temporis
2248 1853 2589 1907 intervallum
2628 1852 2727 1922 ipsi
2757 1850 2823 1905 ad
2855 1848 3181 1919 precandum
3229 1858 3430 1899 conce-

1866 1941 2106 1996 deretur.
2134 1944 2337 2009 Quare,
2371 1953 2559 2013 aperto
2582 1951 2769 1996 sancto
2805 1941 2895 1995 Dei
2938 1937 3229 2008 Evangelio
3250 1976 3263 1997 .
3292 1949 3429 2004 prae

1865 2033 2044 2085 dicare
2076 2034 2243 2103 coepit
2277 2034 2492 2088 Domini
2532 2034 2700 2088 nostri
2726 2033 2853 2088 Jesu
2900 2032 3100 2088 Christi
3150 2027 3429 2086 miracula.

1864 2126 1997 2179 adeo
2033 2135 2089 2179 ut
2122 2141 2151 2179 e
2183 2126 2339 2194 plebe
2384 2126 2535 2180 multi
2574 2141 2668 2195 per
2704 2139 2827 2180 eum
2868 2121 3147 2178 illmninati
3197 2118 3414 2173 iuerint.

1864 2215 2056 2271 Postea
2094 2233 2215 2273 cum
2235 2226 2459 2282 orasset,
2474 2216 2679 2271 audivit
2704 2230 2892 2271 vocem
2911 2231 2940 2269 e
2957 2214 3095 2269 caelo
3119 2212 3427 2267 dicentem:

1870 2311 2018 2366 Bono
2046 2316 2121 2367 sis
2161 2315 2370 2379 animo,
2414 2316 2620 2385 Euple;
2666 2314 2855 2369 beatus
2906 2328 2964 2367 cs
3012 2322 3102 2375 tu;
3152 2308 3309 2369 veni.
3349 2323 3433 2361 re-

1868 2402 2088 2472 quiesce
2117 2418 2238 2456 cum
2274 2404 2341 2457 iis
2386 2404 2478 2472 qui
2505 2405 2571 2458 ab
2632 2403 2786 2456 initio
2823 2402 3109 2469 hucusque
3157 2395 3285 2451 mihi
3316 2394 3431 2463 pla-

1870 2501 2121 2547 cuerunt.
2159 2493 2397 2547 Tandem
2437 2502 2659 2563 accepta
2711 2492 3015 2555 sententia,
3063 2504 3159 2558 per
3196 2486 3428 2557 gladium

1870 2584 2127 2654 martyrio
2157 2594 2567 2639 consummatus
2590 2594 2695 2638 est.

175 2673 415 2744 Θάρσει,
456 2672 633 2730 Exin-Re
657 2691 672 2708 '
709 2677 802 2731 καὶ
838 2678 1109 2749 μακάριος
1144 2673 1195 2731 εἴ
1246 2677 1345 2731 σύ·
1385 2676 1564 2747 δεῦρο,
1601 2677 1953 2732 ὶπαναπαύου
1989 2682 2125 2749 μετὰ
2168 2682 2277 2734 τῶν
2326 2684 2421 2734 ἀπ’
2448 2681 2639 2743 αἰῶνος
2671 2677 3149 2748 εὐαρεστητάντων
3188 2690 3295 2744 μοι.
3324 2672 3433 2724 Καὶ

171 2772 369 2826 λαϐὼν
398 2774 495 2844 τὴν
528 2774 826 2843 ἀπόφασιν,
861 2774 1149 2845 ἐτελειώθη
1179 2774 1267 2827 διὰ
1304 2774 1399 2826 τοῦ
1436 2774 1641 2842 ξέφους.

251 2862 333 2920 Z'.
374 2866 532 2928 Τινὲς
569 2865 625 2918 δὲ
662 2866 772 2918 τῶν
813 2865 1170 2936 φι).οχρίστων
1214 2864 1465 2934 μοναχῶν
1505 2864 1758 2933 λαϐόντες

1937 2860 2046 2915 \‘il.
2078 2860 2305 2927 Quidam
2336 2877 2465 2917 vero
2485 2877 2514 2917 e
2548 2860 2749 2917 Christi
2771 2862 3102 2917 amatoribus
3129 2859 3430 2922 monachis.

1865 2953 2126 3023 pretiosas
2174 2956 2291 3025 ejus
2341 2954 2593 3027 reliquias
2663 2957 2943 3022 collectas,
2981 2954 3429 3025 deposueruntln

1865 3042 1983 3097 loco
2016 3045 2208 3115 insigni
2234 3063 2249 3101 :
2281 3047 2369 3100 ubi
2399 3050 2710 3103 morborum
2740 3051 3052 3104 curationes
3072 3057 3429 3118 peraguntur.

1867 3134 2034 3191 Porro
2061 3136 2180 3204 ejus
2208 3139 2521 3209 martyrium
2550 3141 2603 3193 in
2631 3141 2883 3209 praeclara
2914 3140 3254 3195 confessione
3275 3153 3429 3193 com-

1869 3227 2070 3295 pletum
2098 3228 2197 3286 fuit
2247 3230 2572 3288 duodecimo
2596 3233 2685 3287 die
2719 3235 2919 3288 mensis
2951 3232 3171 3303 Augusti
3201 3250 3214 3299 ;
3248 3229 3299 3286 in
3340 3247 3436 3286 no-

1870 3320 2017 3374 mine
2043 3321 2253 3376 Domini
2279 3327 2445 3379 nostri
2469 3325 2596 3379 Jesu
2621 3324 2846 3390 Christi,
2873 3326 2959 3379 cui
2977 3326 3143 3395 gloria
3174 3340 3236 3378 ac
3254 3325 3427 3393 impe-

1874 3409 2014 3469 rium
2034 3457 2048 3481 ,
2078 3430 2199 3469 cum
2226 3414 2386 3470 Patre
2410 3426 2463 3470 et
2491 3426 2680 3472 sancto
2704 3415 2931 3487 Spiritu,
2962 3432 3107 3472 nunc
3139 3426 3191 3473 et
3220 3416 3434 3485 semper

1874 3516 1935 3567 et
1963 3507 2017 3560 in
2049 3506 2246 3561 macula
2280 3505 2621 3559 saeculorum.
2680 3504 2870 3559 Amen.

169 2958 240 3010 se.
283 2958 469 3025 τίμιον
496 2957 662 3012 αὑτοῦ
701 2957 988 3027 λείψανον,
1044 2957 1337 3009 κατέθεντο
1371 2955 1504 3009 αὐτὸ
1542 2956 1600 3007 ὲν
1634 2957 1755 3007 ἐπι·

172 3052 352 3117 σήμῳ
378 3051 546 3120 τόπῳ,
589 3052 646 3102 ἐν
680 3045 723 3117 ᾧ
756 3052 964 3120 ἰάματα
993 3049 1390 3103 ἐπιτελοῦνται.
1439 3046 1759 3118 Ἐτελειώθη

166 3139 233 3190 δὲ
293 3137 462 3189 αὐτοῦ
506 3141 537 3207 ἡ
589 3140 870 3209 μαρτυρία
909 3141 967 3191 ἐν
1014 3139 1152 3206 καλῇ
1202 3138 1462 3207 ὁμολογίᾳ
1507 3138 1638 3207 μηνὶ
1660 3138 1764 3189 Αὑ-

167 3230 406 3300 γούστῳ
444 3229 736 3302 δωδεκάτῃ,
768 3231 825 3283 ὲν
861 3230 939 3297 τῷ
975 3230 1201 3298 ὀνόματι
1245 3230 1337 3281 τοῦ
1373 3229 1572 3298 Κυρίου
1606 3212 1765 3297 ἡμῶν

182 3323 376 3393 Ἰησοῦ
426 3324 683 3395 Χριστοῦ.
735 3318 838 3393 ᾧὴ
882 3324 1005 3390 δόξα
1045 3325 1141 3378 καὶ
1182 3323 1243 3377 τὸ
1291 3325 1513 3394 κράτος,
1548 3322 1646 3375 σὺν
1687 3320 1766 3391 τῷ

166 3417 367 3485 Πατρὶ
408 3418 500 3468 καὶ
539 3416 616 3482 τῷ
654 3415 793 3483 ἁγίῳ
826 3417 1129 3485 Πνεύματι,
1156 3416 1251 3470 νῦν
1297 3416 1392 3469 καὶ
1439 3413 1525 3467 ἀεὶ
1564 3413 1658 3467 καὶ
1687 3414 1767 3476 εἰς

162 3507 314 3570 τοὺς
344 3506 550 3569 αἰῶνας
576 3508 686 3560 τῶν
709 3508 941 3561 αἰώνων.
975 3507 1030 3559 Ἀ
1044 3509 1171 3577 μήν.

3254 3679 3419 3693 -κ-ι-

168 3678 3236 3711 mm

1590 3859 2047 3952 ORATIO

332 4056 484 4126 Quae
524 4055 738 4111 tractat
768 4067 801 4111 a
836 4051 1198 4114 venerando
1230 4058 1471 4135 ortuiet
1510 4053 1889 4135 educatione
1932 4055 2345 4135 sanctissimis
2384 4053 2667 4117 Dominaa
2701 4055 2943 4117 Nostra)
2975 4055 3284 4135 Deiparao,

1356 4134 1428 4193 Et
1457 4142 1598 4193 ortu
1634 4132 1857 4193 Christi
1896 4133 2008 4194 Dei
2044 4136 2266 4209 nostri,

832 4215 906 4275 Et
940 4212 1794 4292 quaecunque‘contigerunt
1823 4210 1899 4271 ad
1932 4213 2246 4292 viviﬁcum
2276 4212 2798 4292 ejusdecessum.

662 4294 733 4353 Et
765 4289 1065 4371 praeterea
1100 4289 1423 4371 quomodo
1459 4289 1523 4348 in
1558 4297 1843 4367 apertum
1882 4291 2121 4371 prolata
2158 4291 2237 4371 sit
2274 4289 2548 4370 pretiosa
2582 4297 2717 4371 ejus
2765 4293 2976 4355 vestis.

691 4368 1331 4451 Et'quemadm'odum
1366 4368 1459 4429 hze
1492 4384 1733 4446 magna;
1777 4368 1934 4448 Opes
1966 4368 2143 4432 fuere
2174 4368 2539 4432 Chiisrianis
2572 4368 2935 4433 reconditae.

454 4492 721 4554 Auctore
752 4496 1045 4571 Symeone
1084 4492 1523 4570 Metaphraste,
1559 4494 1668 4569 qui
1698 4495 2219 4571 gravissimorum
2251 4498 2515 4557 Patrum
2540 4496 2751 4557 utitur
2786 4499 3179 4559 testimoniis.

153 4657 365 4723 (Apud
390 4658 593 4710 Surium
627 4661 686 4709 ad
714 4660 1185 4726 diem1:_t_Augtisti.
1231 4660 1608 4726 -—-Fragmenta
1659 4659 1825 4726 Gra‘ca
1868 4661 2106 4726 nonnulla
2126 4660 2446 4726 _subje_cimus
2490 4678 2602 4726 quas
2623 4669 2825 4726 exstant
2864 4666 2913 4715 in
2957 4666 3141 4718 Catena
3180 4666 3238 4713 ad
3293 4664 3434 4718 Luca

904 4721 1227 4783 livangetium
1250 4737 1393 4783 quam
1413 4720 1574 4773 edidit
1597 4722 1727 4770 card.
1767 4724 1898 4784 Aug.
1936 4720 2029 4771 Mai
2052 4720 2101 4771 in
2125 4720 2245 4776 Var.
2271 4724 2459 4775 Somn.
2488 4720 2607 4776 tom.
2633 4724 2741 4787 lx.)

232 5052 287 5107 l.
338 5045 641 5118 Oportebat
693 5064 883 5104 revera
929 5048 1200 5121 Virginem
1226 5091 1240 5114 ,
1297 5051 1436 5106 sicut
1478 5051 1596 5123 ipsa
1656 5051 1752 5107 Dei
1782 5056 1833 5117 ι)
1859 5072 1984 5125 que,
2020 5056 2136 5112 Filii
2165 5059 2367 5115 cedens
2389 5058 2619 5131 legibus,
2677 5066 2888 5130 gratum
2939 5059 3141 5115 habere
3173 5061 3247 5124 id,
3290 5064 3434 5132 quod

141 5144 228 5198 ad
263 5140 537 5195 homines
570 5142 780 5195 venturi
816 5144 1034 5197 inventa
1063 5152 1145 5197 est
1170 5142 1390 5212 dignum
1412 5152 1469 5197 et
1498 5145 1608 5199 Deo
1639 5160 1771 5200 con-
1874 5147 1932 5202 fit
1972 5165 2069 5219 pro
2105 5150 2331 5205 viribus.
2368 5150 2667 5206 Dicendum
2702 5160 2787 5205 est
2835 5166 2997 5222 ergo,
3033 5160 3089 5206 et
3142 5152 3435 5223 diligenter

140 5233 430 5291 veniens
464 5231 859 5297 habitaculum,
920 5235 992 5288 ita
1040 5250 1188 5289 nunc
1236 5235 1381 5290 illam
1432 5235 1500 5289 ad
1537 5238 1770 5293 encomii
1869 5241 2225 5307 narrandum,
2253 5252 2308 5297 et
2341 5242 2487 5297 unde
2512 5254 2627 5298 orta
2660 5243 2905 5313 sit,quos
2935 5254 3191 5313 parentes
3228 5246 3433 5301 habue-

139 5331 577 5399 argumentuin
625 5324 783 5379 nobis
838 5326 1202 5396 propositum,
1264 5328 1479 5399 dignam
1528 5326 1766 5399 linguam
1869 5332 1976 5393 rit,
2026 5331 2203 5401 deque
2250 5332 2575 5387 educatione
2626 5332 2780 5403 ejus,
2833 5340 2889 5386 et
2938 5331 3046 5387 ﬁne
3099 5336 3263 5389 vitae:
3302 5330 3433 5404 quin

135 5434 304 5475 esse
357 5427 732 5479 consecutam,
764 5432 886 5484 quae
915 5433 1003 5473 res
1032 5419 1152 5487 ejus
1182 5418 1457 5490 eleganter
1497 5432 1762 5488 narraret,
1865 5422 2027 5480 etiam
2061 5438 2401 5493 quaecunque
2441 5425 2513 5477 illi
2545 5425 2886 5494 contigerunt
2928 5440 2995 5479 ex
3038 5404 3219 5480 divina
3251 5426 3436 5482 Provi-

135 5523 209 5568 ει
246 5503 697 5565 convenientem
745 5510 793 5564 ei
831 5511 1042 5565 Iaudem
1087 5511 1323 5567 aﬂerret.
1360 5512 1465 5567 Sed
1497 5514 1758 5584 quoniam
1871 5514 2053 5568 dentia
2111 5525 2166 5569 et
2202 5516 2416 5570 arcanis
2464 5515 2790 5570 rationibus.
2848 5516 3002 5580 Quod
3038 5516 3080 5569 si
3129 5517 3304 5573 oratio
3335 5517 3435 5592 alia

130 5618 281 5676 quo
321 5600 443 5654 hoc
480 5605 563 5653 cst
594 5600 787 5669 majus,
824 5616 888 5656 eo
920 5602 1195 5659 difﬁcilius
1238 5606 1490 5673 explicari
1548 5614 1759 5675 potest,
1872 5622 2088 5678 quoque
2128 5609 2560 5679 comprehendit,
2609 5617 2663 5663 et
2697 5608 3003 5663 necessario
3055 5611 3436 5679 persequitur,

136 5710 271 5769 pro
327 5690 546 5747 viribus
577 5690 956 5750 saltem‘alacri
999 5696 1180 5752 animo
1210 5698 1383 5752 danda
1429 5707 1513 5754 est
1558 5713 1718 5767 opera
1748 5740 1762 5765 ,
1872 5715 1980 5753 non
2048 5709 2132 5754 est
2168 5716 2198 5755 a
2260 5700 2467 5754 ratione
2518 5700 2751 5755 alienum
2778 5741 2791 5763 ,
2851 5702 2993 5771 quod
3056 5700 3255 5755 factum
3304 5712 3437 5768 est;

137 5796 214 5843 ut
262 5795 538 5840 texamus
570 5783 687 5851 eius
718 5783 1101 5843 laudationem.
1137 5788 1247 5844 Scit
1301 5789 1445 5845 enim
1481 5790 1594 5861 ipsa
1627 5805 1763 5859 quo-
1875 5794 2051 5850 omnia
2085 5795 2227 5850 enim
2257 5794 2319 5848 ad
2349 5808 2465 5849 eam
2502 5795 2833 5855 referuntur.
2868 5796 3095 5865 ejusque
3120 5808 3246 5851 sunt
3271 5793 3453 5872 gloria.
