4170 6322
726 370 824 435 531

1978 374 2263 435 MENSIS
2299 373 2722 435 AUGUSTUS.

3857 370 3958 435 532

723 490 779 533 et
809 479 1078 533 enromia.
1132 481 1378 546 Quorum
1407 481 1646 537 narratio
1670 499 1779 537 non
1814 482 1918 537 erit
1960 482 2119 537 nobis
2165 483 2289 537 abs—
2319 488 2365 543 Α
2392 484 2514 538 Ave.
2566 484 2738 550 gratia
2790 480 2969 545 plena,
3028 480 3225 550 inquit,
3279 480 3528 534 Dominus
3584 489 3777 535 tecum.
3812 481 3961 536 Con-

725 586 831 639 que
877 569 979 623 tlde
1010 569 1188 640 dignis
1215 570 1464 638 testibus,
1515 588 1618 627 nec
1647 580 1895 626 sumetur
1931 586 1994 625 ex
2044 574 2289 640 personis

725 660 1103 731 quibuslibet:
1136 661 1230 716 sed
1288 677 1450 732 quam
1494 663 1615 729 viri,
1648 664 1846 732 quibus
1893 665 2013 733 jure
2066 662 2290 718 creden-

724 751 855 806 dum
879 758 1029 805 estet
1053 751 1143 822 qui
1168 752 1329 807 simul
1356 768 1478 808 cum
1508 753 1753 808 doctrina
1782 754 2051 823 egregiam
2081 764 2292 823 quoque

733 844 893 898 vitam
922 846 1243 908 attulerunt,
1270 845 1560 915 diligenter
1591 854 2016 915 composuerunt
2040 862 2053 909 ;
2087 843 2289 914 Grego-

731 935 866 999 rius,
896 936 1139 1005 inquam,
1185 937 1482 1006 Nyssenus,
1521 937 1851 992 Athanasius
1880 936 2293 1000 Alexandrinus,

728 1022 1020 1095 Dionysius
1045 1026 1393 1097 Areopagita,
1426 1038 1480 1081 et
1532 1028 1687 1081 multi
1715 1028 1829 1091 alii,
1880 1026 1973 1096 qui
2023 1040 2122 1079 nec
2172 1032 2297 1078 sunt

728 1118 989 1187 vulgaris,
1026 1126 1084 1172 ut
1110 1119 1367 1181 diximus.
1401 1120 1745 1185 eruditionis,
1784 1128 1838 1173 et
1868 1128 1997 1174 sunt
2047 1118 2152 1170 vita
2199 1117 2295 1169 ad-

729 1209 1006 1263 mirabiles
1032 1223 1046 1261 :
1078 1217 1153 1274 et,
1188 1211 1328 1279 quod
1360 1212 1531 1278 majus
1560 1219 1661 1272 est,
1693 1224 1856 1279 quam
1884 1209 2058 1278 ipsum
2083 1222 2297 1277 quoque

730 1299 974 1354 divinum
1010 1304 1176 1357 refert
1208 1302 1581 1373 Evangelium.

803 1392 870 1446 ll.
922 1390 1042 1447 Jam
1074 1394 1218 1448 enim
1255 1394 1471 1449 divinus
1501 1393 1796 1465 Gregorius
1821 1394 1874 1448 in
1905 1393 2147 1448 oratione
2186 1406 2302 1461 qua!

731 1484 800 1538 de
832 1494 953 1538 ortu
982 1485 1188 1539 Christi
1227 1486 1297 1541 ab
1343 1486 1460 1555 ipso
1509 1496 1591 1541 est
1640 1485 2046 1556 composita(a).
2080 1488 2196 1539 haec
2237 1484 2304 1538 de

734 1590 797 1628 ea
831 1583 1065 1629 tractat:
1099 1574 1323 1643 Audivi,
1364 1575 1578 1642 dicens,
1630 1591 1888 1631 arcanam
1922 1574 2209 1646 quamdam
2252 1583 2307 1626 et

732 1667 999 1721 occultam
1030 1667 1335 1731 historiam,
1361 1666 1429 1722 de
1455 1681 1517 1722 ea
1547 1665 1662 1722 haec
1686 1676 1996 1720 narrantem
2023 1677 2039 1715 :
2072 1663 2201 1716 Erat
2227 1661 2308 1715 in-

734 1756 899 1827 signis
932 1758 987 1811 in
1019 1767 1271 1813 accurata
1293 1759 1443 1822 vitae,
1464 1762 1585 1827 quae
1617 1760 1700 1811 est
1732 1772 1800 1811 ex
1830 1756 1975 1825 lege,
2008 1754 2309 1808 institutio-

2398 574 2556 626 traria
2586 571 2658 624 illi
2688 572 2875 641 primae
2911 572 3050 634 voci,
3090 586 3211 641 quae
3256 573 3392 626 facta
3440 580 3522 625 est
3550 573 3792 636 mulieri,
3816 589 3960 627 nunc

2398 664 2557 718 verba
2590 663 2726 716 ﬁunt
2752 662 2980 733 Virgini.
3015 663 3107 716 llla
3130 663 3402 719 doloribus
3439 664 3492 715 in
3517 672 3677 732 partu
3708 663 3965 716 condem-

2396 767 2521 810 nata
2565 755 2661 810 fuit
2691 765 2909 824 prepter
2938 764 3215 825 peccatum
3246 774 3257 809 ε
3286 760 3337 809 in
3368 756 3468 811 hac
3487 765 3673 809 autem
3718 772 3815 825 per
3836 756 3965 809 laeti-

2402 852 2527 905 tiam
2558 850 2847 919 expellitur
2869 850 3102 904 tristitia.
3131 850 3188 903 In
3226 850 3310 903 illa
3340 859 3547 919 partum
3572 857 3969 918 przecesserunt

2399 940 2613 994 dolores
2654 958 2666 993 :
2718 940 2801 993 hic
2840 952 2969 992 vero
3001 940 3183 994 laetitia
3219 950 3302 994 est
3332 941 3594 993 obstetrix
3642 948 3862 1007 partus.
3895 938 3971 990 Ne

2400 1033 2607 1097 timeas,
2634 1030 2830 1099 inquit.
2863 1029 3127 1094 Quoniam
3164 1032 3308 1085 enim
3336 1031 3483 1084 omni
3517 1031 3730 1084 mulieri
3768 1038 3971 1083 metum

2400 1123 2556 1176 affert
2582 1131 2768 1192 partus
2794 1120 3147 1190 exspectatio,
3176 1130 3377 1174 metum
3404 1121 3619 1189 expellit
3645 1120 3824 1175 dulcis
3856 1136 3976 1187 par-

2406 1224 2494 1267 tus
2530 1212 2816 1282 promissio
2857 1233 2869 1266 :
2907 1210 2971 1264 In
3001 1222 3147 1264 utero
3193 1212 3468 1280 concipies,
3500 1221 3548 1263 et
3581 1212 3756 1277 paries
3784 1210 3977 1277 ﬁlium.

2404 1314 2452 1359 et
2483 1303 2691 1357 vocabis
2723 1318 2906 1357 nomen
2936 1304 3048 1372 ejus
3074 1301 3249 1354 Jesmn
3277 1302 3316 1356 ³.

2482 1396 2571 1450 ιν.
2602 1393 2742 1459 Quid
2774 1404 2953 1448 autem
2986 1394 3149 1446 Maria
3176 1393 3199 1445 ?
3231 1394 3371 1448 Audi
3404 1409 3596 1464 puram
3636 1408 3829 1447 vocem
3864 1391 3977 1444 Vir-

2407 1486 2567 1558 ginis.
2601 1483 2837 1552 Angelus
2885 1492 3097 1551 partum
3145 1484 3449 1545 annuntiat,
3505 1492 3557 1537 et
3607 1483 3696 1537 illa
3743 1480 3985 1537 adhieret

2408 1577 2725 1649 virginitati,
2766 1591 2874 1632 non
2920 1574 3220 1644 corrumpi,
3253 1575 3502 1642 judicans
3548 1591 3669 1629 esse
3722 1586 3985 1644 prmstau-

2410 1673 2538 1736 tius,
2570 1684 2730 1740 quam
2782 1667 3177 1737 apparitionem
3224 1665 3421 1736 angeli.
3469 1665 3533 1719 Et
3577 1681 3757 1735 neque
3808 1676 3988 1735 potest

2411 1762 2602 1832 angelo
2651 1775 2762 1815 non
2814 1760 3060 1823 credere,
3120 1773 3297 1827 neque
3352 1758 3585 1812 discedit
3632 1757 3702 1811 ab
3752 1758 3821 1811 iis
3871 1774 3991 1825 qua:

735 1862 826 1911 ne,
887 1858 943 1902 et
996 1849 1139 1903 inter
1172 1850 1410 1920 optimos
1434 1849 1683 1920 apprime
1732 1856 1919 1911 notus,
1950 1855 2103 1916 pater
2134 1844 2304 1915 Virgi-

2420 1864 2695 1911 statuerat.
2747 1853 2862 1918 Est,
2916 1853 3111 1922 inquit.
3166 1852 3301 1906 mihi
3363 1850 3643 1921 prohibita
3697 1866 3826 1904 cum
3874 1851 3992 1904 viro

737 1942 843 1995 nis.
903 1940 1279 1996 Consenuerat
1333 1950 1517 1998 autem
1570 1942 1686 1996 sine
1737 1940 1942 2002 liberis,
2007 1938 2149 2007 quod
2196 1952 2303 1991 non

736 2043 854 2087 erat
894 2034 1013 2103 ejus
1051 2036 1249 2104 conjux
1300 2046 1422 2104 ap'a
1478 2034 1544 2087 ad
1581 2034 1947 2103 procreandos
1981 2032 2141 2085 ﬁlios.
2176 2029 2304 2084 Erat

740 2140 870 2179 vero
901 2140 968 2179 ex
1003 2126 1119 2196 lege
1148 2127 1366 2196 quidam
1422 2127 1600 2180 honor
1649 2125 1936 2188 matribus,
1987 2140 2146 2194 quem
2200 2139 2305 2177 non

740 2219 1200 2287 adipiscebantur,
1249 2236 1369 2289 qua
1395 2220 1663 2274 carebant
1702 2219 1845 2277 ﬁliis.
1896 2218 2143 2271 Imitatur
2182 2230 2311 2284 ergo

740 2326 803 2364 ea
830 2325 1048 2379 quoque
1080 2310 1193 2375 illa,
1228 2326 1348 2379 qua:
1378 2319 1632 2365 narratur
1659 2309 1726 2364 de
1757 2316 1931 2364 matre
1963 2307 2229 2362 Samuelis
2250 2310 2264 2338 ί
2293 2348 2306 2362 .

744 2403 955 2456 Etcum
988 2402 1175 2457 fuisset
1218 2403 1355 2458 intra
1385 2405 1585 2473 templa
1624 2413 1958 2466 sanctorum,
2001 2401 2057 2455 ﬁt
2086 2401 2312 2471 supplex

747 2495 875 2557 Deo,
919 2508 1114 2560 rogans
1154 2510 1223 2548 ne
1270 2496 1544 2549 excideret
1570 2496 1639 2549 ab
1664 2510 1750 2558 ea,
1781 2510 1900 2563 quae
1939 2504 2023 2548 est
2055 2510 2117 2548 ex
2162 2495 2309 2563 lege,

746 2584 1148 2652 benedictione,
1182 2600 1305 2639 cum
1344 2586 1395 2639 in
1448 2585 1618 2656 legem
1665 2586 1799 2640 nihil
1841 2595 2126 2655 peccaret:
2161 2585 2315 2639 ﬁeret

749 2686 931 2729 autem
961 2688 1150 2741 mater,
1187 2687 1239 2732 et
1273 2678 1384 2734 Deo
1413 2688 1761 2734 consecraret
1802 2679 1855 2733 id
1885 2679 2027 2748 quod
2061 2686 2311 2747 pareret.

750 2765 887 2821 Cum
924 2778 1059 2822 nutu
1096 2781 1277 2824 autem
1310 2772 1494 2825 divino
1548 2771 1868 2825 conﬁrmata
1912 2780 2059 2827 esset
2088 2770 2153 2824 ad
2196 2784 2318 2839 gra-

753 2857 906 2923 tiam,
944 2874 1106 2927 quam
1149 2862 1403 2929 petierat,
1454 2872 1738 2929 postquam
1781 2859 1993 2930 peperit
2045 2859 2273 2927 puellam
2299 2900 2314 2923 ,

751 2964 874 3003 eam
903 2949 1120 3019 quidem
1149 2950 1453 3005 nominavit
1479 2949 1702 3005 Mariam
1730 2970 1743 3005 :
1775 2959 1834 3004 ut
1865 2950 1949 3006 vel
2002 2950 2179 3020 ipsum
2218 2964 2317 3002 no-

750 3052 877 3092 men
918 3038 1270 3109 siguificaret,
1299 3057 1328 3094 a
1356 3040 1465 3096 Deo
1508 3041 1686 3095 datam
1736 3056 1855 3097 esse
1899 3043 2145 3111 gratiam.
2181 3039 2317 3094 Cum

750 3147 884 3185 vero
908 3133 1016 3200 jam
1063 3134 1324 3185 crevisset
1377 3133 1577 3201 puella,
1630 3142 1691 3185 ut
1736 3147 1845 3184 non
1897 3132 2127 3200 amplius
2185 3144 2321 3199 opus

756 3224 986 3279 haberet
1040 3238 1233 3294 sugere
1289 3222 1607 3285 mamillam,
1655 3236 1775 3277 eam
1833 3222 1945 3276 Deo
1995 3221 2233 3285 tradidit,
2266 3232 2322 3277 et

754 3318 1088 3386 promissum
1174 3315 1444 3385 implevit,
1500 3321 1555 3368 et
1632 3313 1700 3368 ad
1756 3313 2017 3383 templum
2064 3313 2320 3367 adduxit.

756 3408 1081 3463 Sacerdotes
1107 3417 1288 3461 autem
1318 3406 1533 3461 interim
1558 3404 1799 3473 quidem,
1828 3404 1895 3457 ad
1923 3404 2325 3456 similitudinem

759 3500 1051 3563 Samuelis,
1083 3500 1224 3553 inter
1251 3509 1475 3553 sanctos
1506 3497 1811 3550 educabant
1843 3495 2098 3562 puellam.

830 3592 921 3648 111.
974 3591 1110 3648 Cum
1161 3607 1291 3647 vero
1361 3589 1644 3654 crevisset,
1695 3587 1979 3643 consilium
2046 3600 2323 3658 ceperunt,

766 3684 1024 3754 quidnam
1058 3700 1214 3739 sacro
1267 3682 1344 3738 illi
1371 3682 1585 3754 corpori
1618 3680 1900 3741 facientes,
1932 3679 1986 3731 in
2020 3679 2188 3731 Deum
2219 3694 2324 3731 non

765 3753 1075 3846 peccat-ent.
1130 3775 1261 3829 Eam
1316 3774 1465 3826 enim
1506 3753 1609 3839 legi
1649 3781 1858 3822 natura:
1910 3767 2235 3838 subjungere
2276 3779 2331 3832 et

765 3886 887 3924 eam
941 3870 1071 3923 dare
1134 3868 1188 3920 in
1248 3866 1562 3921 servitutem
1611 3862 1661 3916 ei
1719 3862 1809 3931 qui
1863 3860 2005 3915 illam
2058 3863 2327 3930 duceret,

762 3961 1054 4016 videbatur
1106 3959 1578 4013 absurdissimum.
1634 3954 2011 4008 Existimatum
2056 3964 2137 4009 est
2175 3956 2329 4023 plane

763 4057 1127 4127 sacrilegium,
1161 4056 1204 4109 si
1236 4055 1401 4107 divini
1433 4049 1649 4104 donarii
1680 4049 1842 4101 homo
1865 4047 2016 4099 ﬁeret
2044 4046 2325 4099 dominus:

764 4147 1204 4217 quandoquidem
1243 4159 1273 4197 a
1304 4142 1422 4212 lege
1474 4150 1560 4195 est
1607 4139 1981 4204 constitutum,
2016 4144 2075 4191 ut
2106 4137 2331 4192 maritus

764 4254 910 4299 esset
941 4242 1193 4295 dominus
1226 4236 1473 4306 conjugis
1502 4236 1544 4287 '.
1578 4232 1652 4288 Ut
1681 4242 1856 4286 autem
1890 4232 1941 4285 in
1974 4232 2183 4301 templis
2206 4247 2328 4286 ver-

766 4346 1021 4393 sarentur
1050 4333 1305 4385 mulieres
1335 4344 1461 4383 cum
1495 4325 1886 4391 sacerdotibus,
1932 4334 1986 4380 et
2018 4326 2159 4381 inter
2208 4341 2327 4381 sau-

768 4443 887 4487 ctos
921 4429 1255 4491 viderentur,
1283 4437 1465 4493 neque
1496 4420 1612 4491 lege
1642 4417 2074 4490 permittebatur,
2112 4431 2214 4471 nec
2244 4429 2332 4469 res

2410 1947 2772 2003 consuetudo.
2828 1945 3114 2012 Quomodo
3167 1945 3270 1999 erit
3328 1944 3461 1998 mihi
3530 1944 3660 2005 hoc,
3725 1943 3989 2012 quoniam

2410 2043 2586 2096 virum
2620 2056 2730 2094 non
2761 2038 3072 2109 cognosco?
3102 2036 3228 2090 llzrc
3257 2053 3360 2091 vox
3403 2036 3605 2101 Mariae,
3639 2044 3727 2090 est
3758 2036 3992 2089 demon-

2413 2134 2603 2188 stratio
2635 2147 2824 2187 eorum
2863 2145 2985 2200 quae
3009 2143 3209 2183 arcane
3244 2137 3297 2182 et
3330 2128 3543 2182 occulte
3571 2137 3897 2181 narrantur.
3937 2124 3991 2178 Si

2414 2225 2559 2278 enim
2633 2238 2751 2276 eam
2810 2222 3008 2290 Joseph
3082 2229 3370 2287 acceperat
3432 2222 3487 2273 in
3547 2220 3992 2279 matrimonium,

2414 2314 2871 2385 quemadmodum
2913 2312 2962 2366 ei
2988 2310 3163 2366 visum
3190 2321 3275 2366 est
3302 2312 3561 2374 alienum,
3596 2311 3744 2379 quod
3779 2320 3993 2377 partum

2415 2415 2539 2460 ante
2570 2403 2921 2475 signiﬁcaret,
2952 2402 2995 2457 si
3024 2402 3139 2472 ipsa
3165 2402 3388 2457 omnino
3418 2401 3771 2470 exspectabat
3801 2401 3920 2453 fieri
3946 2398 3995 2450 ei

2415 2508 2587 2553 mater
2616 2498 2731 2567 lege
2761 2504 2970 2550 naturae
2995 2496 3017 2548 ?
3046 2494 3276 2560 Quando
3320 2494 3540 2565 quidem
3592 2507 3846 2555 carnem,
3879 2506 3996 2559 qua:

2418 2592 2528 2645 Deo
2583 2590 2760 2644 fuerat
2812 2598 3153 2653 consecrata,
3203 2586 3366 2641 veluti
3420 2584 3690 2655 quoddam
3743 2595 3995 2637 sanctum

2416 2682 2723 2743 donarium,
2790 2679 3050 2731 intactum
3120 2676 3427 2730 conservari
3491 2676 3818 2742 oportebat;
3876 2688 3998 2741 pro-

2419 2780 2601 2842 pterea
2627 2789 2639 2822 :
2661 2770 2773 2825 Etsi
2802 2770 2877 2824 sis
2903 2769 3147 2840 angelus,
3173 2768 3370 2837 inquit.
3391 2766 3489 2820 etsi
3516 2766 3581 2817 de
3610 2764 3753 2817 coelo
3781 2764 3992 2821 venias.

2419 2863 2626 2919 etiamsi
2676 2862 2747 2917 sit
2788 2876 2951 2931 super
3015 2850 3291 2915 hominem
3337 2858 3391 2912 id
3410 2857 3559 2925 quod
3594 2866 3849 2926 apparet,
3891 2871 3998 2907 non

2419 2964 2598 3025 potest
2627 2965 2802 3009 tamen
2836 2953 2971 3017 ﬁeri,
3006 2962 3065 3006 ut
3102 2952 3281 3007 virum
3316 2964 3665 3020 cognoscam.
3699 2946 3996 3012 Quomodo

2420 3061 2549 3117 ergo
2591 3062 2687 3100 ero
2728 3056 2901 3100 mater
2928 3046 3129 3115 absque
3160 3042 3322 3098 viro?
3349 3042 3482 3097 Nam
3525 3040 3732 3109 Joseph
3775 3039 3999 3108 quidem

2348 3163 2389 3220 ο
2424 3138 2548 3193 novi
2592 3153 2871 3208 sponsum,
2918 3138 3092 3191 virum
3126 3146 3304 3189 autem
3354 3150 3459 3186 non
3508 3147 3807 3199 cognosco.
3859 3128 3999 3192 Quid

2424 3244 2554 3301 ergo
2608 3228 3015 3298 paranymphus
3088 3223 3328 3285 Gabriel,
3392 3221 3606 3289 qualem
3691 3217 3999 3270 thalamum

2428 3327 2579 3387 parat
2607 3331 2743 3385 puro
2788 3324 2841 3368 et
2869 3313 3152 3382 impolluto
3187 3308 3575 3363 matrimonio?
3623 3304 3893 3374 Spiritus,
3924 3305 4001 3355 in-

2428 3410 2566 3477 quit,
2613 3416 2827 3460 sanctus
2858 3404 3184 3473 superueniet
3232 3403 3294 3457 in
3322 3411 3390 3463 te,
3442 3409 3490 3453 et
3518 3400 3689 3452 virtus
3741 3396 4002 3451 Altissimi

2429 3499 2762 3553 obumbrabit
2825 3497 2915 3551 tibi
2941 3497 2984 3550 ⁸.
3039 3495 3083 3552 Ο
3116 3497 3325 3551 beatam
3386 3492 3531 3547 illam
3577 3505 3827 3551 carnem,
3882 3504 4002 3557 qua:

2428 3602 2646 3662 propter
2692 3590 2961 3660 insignem
3014 3588 3328 3657 puritatem,
3378 3584 3573 3637 animas
3627 3582 3772 3635 bona
3820 3582 3893 3634 ad
3946 3595 4003 3632 se

2428 3682 2667 3733 attraxit.
2718 3680 2775 3731 In
2823 3680 2944 3731 aliis
2995 3678 3139 3728 enim
3191 3674 3444 3727 omnibus
3493 3672 3579 3724 vix
3630 3671 3814 3723 anima
3873 3686 4000 3737 pura

2430 3774 2601 3828 sancti
2634 3772 2866 3842 Spiritus
2918 3769 3210 3824 adventum
3246 3763 3555 3834 acceperit:
3594 3762 3684 3815 hic
3728 3772 3917 3815 autem
3952 3762 4003 3814 fit

2428 3882 2554 3922 caro
2618 3862 2856 3932 Spiritus
2914 3857 3337 3929 receptaculum.
3393 3854 3534 3921 Quin
3593 3852 3763 3907 etiam
3823 3852 4001 3905 virtus

2433 3958 2642 4012 Domini
2668 3955 3015 4009 obumbrahit
3047 3953 3160 4007 tibi.
3196 3950 3334 4017 Quid
3362 3950 3475 4004 haec
3502 3962 3797 4018 perarcana
3829 3943 4005 4016 signi-

2433 4049 2557 4102 ficat
2592 4045 2767 4099 oratio
2790 4044 2813 4095 ?
2839 4042 3077 4097 Christus
3130 4041 3228 4094 Dei
3269 4042 3457 4102 uirtus,
3480 4047 3529 4093 et
3577 4037 3677 4090 Dei
3711 4038 4000 4107 sapientia,

2431 4138 2608 4208 inquit
2637 4135 2926 4206 Apostolus
2954 4134 2994 4187 ⁸.
3026 4132 3291 4188 Altissimi
3321 4144 3450 4199 ergo
3512 4127 3606 4180 Dei
3647 4126 3849 4190 virtus,
3884 4144 4001 4196 qua:

2430 4243 2509 4287 est
2538 4229 2788 4285 Christus
2822 4243 2916 4297 per
2946 4227 3235 4280 adventum
3264 4217 3709 4286 sancti,Spiritus
3739 4218 4003 4271 formatur

2433 4323 2486 4377 in
2538 4320 2870 4389 virginitate.
2928 4312 3209 4378 Quomodo
3257 4310 3404 4364 enim
3462 4309 3654 4362 umbra
3711 4322 3999 4375 corporum

2434 4411 2806 4466 conformatur
2867 4408 3048 4477 ﬁgura:
3101 4419 3285 4459 eorum
3345 4415 3465 4472 quae
3524 4400 3872 4470 pneceduut,
3933 4398 4005 4456 ita

770 4532 886 4578 erat
920 4522 1164 4575 honesta.
1198 4517 1289 4571 Eis
1316 4491 1447 4570 vero
1475 4514 1542 4568 de
1574 4511 1657 4566 his
1686 4511 2130 4572 consultantibus,
2162 4523 2191 4561 a
2220 4507 2330 4560 Deo
2361 4492 2404 4547 ι)
2437 4503 2597 4557 etiam
2644 4501 2922 4555 character
2951 4508 3004 4554 et
3033 4499 3206 4567 signa,
3236 4495 3433 4565 quibus
3472 4492 3590 4548 Filii
3648 4491 3746 4545 Dei
3802 4506 4000 4560 cogno-

772 4618 933 4670 datur
963 4613 1278 4674 consilium,
1310 4618 1370 4662 ut
1399 4621 1518 4662 eam
1554 4605 1770 4672 quidem
1806 4604 1936 4658 dent
1968 4602 2082 4656 viro
2112 4598 2331 4654 nomine

773 4701 1212 4773 desponsatiouis
1240 4716 1253 4754 ε
1288 4702 1333 4754 is
1361 4708 1544 4753 autem
1577 4695 1696 4748 talis
1724 4703 1889 4757 esset,
1931 4695 2019 4761 qui
2051 4693 2117 4747 ad
2168 4690 2333 4757 virgi-

772 4794 962 4849 nitatis
1004 4800 1162 4861 aptus
1206 4797 1352 4845 esset
1380 4784 1705 4842 custodiam.
1738 4783 1994 4837 Iuventus
2028 4789 2113 4835 est
2156 4778 2334 4847 itaque

772 4885 997 4955 Joseph,
1027 4882 1241 4951 qualem
1264 4878 1541 4948 quierebat
1566 4877 1721 4938 ratio,
1754 4892 1818 4929 ex
1847 4874 2032 4927 eadem
2060 4870 2198 4923 tribu
2231 4884 2333 4938 qua

774 4987 889 5032 erat
908 4978 1092 5047 virgo:
1121 4983 1175 5028 et
1199 4988 1265 5027 ex
1294 4968 1524 5026 consilio
1549 4966 1886 5022 sacerdotum
1912 4965 2011 5019 sibi
2036 4961 2335 5030 despondet

781 5068 1079 5138 Virginem.
1108 5063 1434 5134 Coujunctio
1462 5068 1643 5114 autem
1699 5064 2040 5129 processerat
2074 5068 2240 5121 usque
2266 5050 2332 5103 ad

780 5158 1277 5229 chponsationem.
1319 5154 1475 5208 Tunc
1500 5152 1694 5220 virgini
1742 5147 2041 5204 aGabriclc
2094 5145 2334 5214 aperitur

780 5255 1119 5325 mysterium.
1146 5253 1313 5306 Erant
1340 5257 1521 5304 autem
1554 5246 1716 5302 verba
1742 5241 1974 5312 mysterii
2010 5235 2331 5293 benedictio.

889 5437 903 5466 ι
941 5431 957 5484 1
992 5431 1121 5499 Reg.
1152 5430 1233 5495 1,1
1274 5441 1424 5495 seqq.
1537 5429 1555 5456 ³
1586 5425 1723 5480 Gen.
1752 5439 1829 5485 ill,
1866 5421 1949 5475 16.

856 5592 929 5659 (l)
977 5588 1084 5641 Τοῦ
1128 5587 1576 5654 Μετίῳμαστοῦ.
1626 5585 1709 5645 Ὠς
1743 5584 1850 5650 γὰρ
1879 5582 2073 5649 ἤκουσε
2103 5579 2325 5635 τούτων,

785 5681 944 5743 εὐθὺς
990 5679 1093 5732 ὑπὸ
1135 5678 1225 5730 τοῦ
1269 5675 1601 5739 ἐνοικοῦντος
1649 5675 1785 5742 αὐτῇ
1836 5670 2145 5739 Πνεύματος
2192 5668 2338 5720 διαυ-

2063 5421 2081 5448 ³
2121 5419 2248 5475 Luc.
2281 5431 2315 5477 ι,
2349 5415 2459 5469 28-
2484 5415 2571 5466 51.

2437 4596 2605 4649 scitur
2654 4593 2925 4653 divinitas,
2963 4589 3301 4659 apparebunt
3333 4587 3388 4640 in
3442 4585 3583 4652 ejus,
3635 4584 3729 4651 qui
3781 4583 4001 4649 paritur,

2438 4690 2653 4749 virtute,
2682 4693 2741 4737 ut
2773 4682 2864 4752 qui
2894 4684 3066 4750 imago
3094 4689 3149 4734 et
3174 4675 3507 4746 signaculum
3548 4682 3604 4726 et
3631 4671 4002 4727 adumbratio.

2439 4791 2493 4836 et
2553 4775 2806 4846 splendor
2868 4773 3026 4843 primi
3091 4767 3433 4837 exemplaris,
3497 4779 3594 4836 per
3655 4763 4005 4817 admirabiles

2442 4872 2758 4929 ostendatur
2808 4867 3173 4933 operationes.
3235 4861 3301 4916 Et
3344 4860 3461 4915 hinc
3506 4858 3730 4928 quidem
3796 4856 4006 4911 divinus

2442 4962 2751 5034 Gregorius.
2785 4958 2902 5011 Alia
2955 4964 3135 5009 autem
3186 4963 3241 5006 et
3266 4964 3475 5005 sacrum
3529 4946 3915 5017 Evangelium,
3956 4952 4010 4995 et

2444 5056 2533 5111 alii
2565 5055 2661 5107 viri
2686 5053 2780 5122 pii,
2813 5064 2876 5103 ac
2906 5046 2997 5101 Dei
3024 5055 3288 5107 amantes,
3322 5058 3463 5111 quos
3491 5040 3927 5096 nominavimus.
3957 5046 4008 5088 et

2444 5160 2670 5216 quorum
2701 5142 3016 5196 nominatim
3057 5154 3161 5192 non
3206 5133 3577 5197 meminimus,
3625 5146 3759 5184 vere
3795 5131 4009 5186 docent.

2520 5235 2581 5288 V.
2622 5235 2697 5301 tl)
2726 5232 2849 5286 Haec
2889 5246 3017 5297 ergo
3050 5237 3328 5298 postquam
3362 5224 3524 5294 Virgo
3552 5222 3792 5287 audivit,
3837 5220 4009 5275 statim

3091 5409 3160 5459 'l
3218 5404 3343 5458 Cor.
3378 5418 3415 5468 ι,
3468 5402 3560 5455 24.

2686 5414 2701 5441 ’⁵
2733 5410 2861 5469 ibid,
2893 5406 2978 5462 δῖ’).

2428 5576 2699 5643 “suam
2728 5571 2816 5621 τὸν
2847 5565 2988 5628 νοῦν,
3018 5562 3266 5631 ἀσμένως
3296 5577 3354 5614 τε
3383 5561 3600 5630 διετέθη
3630 5559 3713 5632 τῷ
3742 5559 4011 5628 ianva).-

2449 5681 2615 5736 ματι*
2655 5664 2747 5714 καὶ
2802 5657 2957 5713 Ἰδοὺ
2998 5656 3032 5721 ἠ
3076 5653 3263 5721 δούλη
3294 5653 3537 5721 Κυρίου,
3584 5655 3726 5723 φησὶ
3766 5656 3894 5722 πρὸς
3933 5660 4016 5701 ταῖν

853 5819 922 5881 (η)
960 5820 1085 5880 Opp.
1115 5818 1339 5879 Gregorii
1370 5816 1595 5877 Nysseni,
1632 5809 1919 5877 Patroloq-iz
1946 5821 2059 5859 tom.
2093 5808 2249 5865 XLVI,
2287 5807 2378 5854 col.
2411 5805 2525 5854 H38
2552 5804 2610 5863 D,
2642 5803 2773 5851 inter
2796 5797 2939 5848 dubia
2989 5797 3124 5846 Enn.
