4170 6322
144 322 249 387 533

1209 335 1491 397 ORATIO
1530 339 1627 398 DE
1668 338 1950 400 SANCTA
1995 341 2263 402 MARIA.

3264 352 3370 415 534

141 441 324 485 mente
386 432 653 490 illustrat:
709 452 739 491 a
793 438 1019 509 Spiritu,
1094 444 1183 513 qui
1239 447 1289 499 ei
1349 444 1706 507 inhabitabant,
1741 446 1958 507 Atioue
2012 448 2333 503 admirabili.
2371 450 2605 520 Virginis
2635 453 2776 507 enim
2810 456 3099 512 adventum
3130 461 3369 517 admira-

138 521 374 578 libenter
415 530 625 597 accepit
674 533 1042 594 promissum:
1096 545 1151 588 et
1196 534 1327 591 Ecce
1373 538 1568 591 ancilla
1605 536 1707 592 Do-

132 600 292 674 ‘mini,
319 613 393 668 ait
414 617 623 687 angelo,
653 617 778 673 Fiat
805 623 926 676 mihi
955 626 1238 679 secundum
1265 628 1475 680 verbum
1503 638 1646 681 tuum
1664 630 1704 693 ';

135 703 300 756 simul
335 713 390 758 et
437 707 505 760 ad
537 710 711 779 angeli
754 726 939 767 vocem
971 728 1033 768 ea
1079 725 1259 779 utens,
1310 734 1416 786 qua
1461 736 1555 787 par
1602 730 1705 783 est,

133 796 412 861 cautione,
447 807 501 852 et
554 810 838 870 postquam
898 804 1004 858 ﬁde
1050 806 1206 876 digna
1250 807 1358 863 visa
1414 820 1595 865 essent
1643 826 1705 865 ea

130 902 257 954 quae
284 888 426 943 dicta
467 891 703 957 fuerant,
741 897 914 953 noluit
954 899 1182 967 amplius
1223 916 1343 954 esse
1388 902 1703 959 incredula:

132 979 229 1031 sed
264 978 353 1031 illo
384 980 601 1047 quidem
649 987 820 1039 evasit
855 989 1040 1053 prima:
1088 989 1278 1044 matris
1308 991 1704 1061 deceptionem,

134 1070 241 1122 hoc
274 1071 470 1138 [autem
522 1074 708 1130 vitavit
762 1077 1033 1134 Zachariae
1084 1081 1536 1149 incredulitatem,
1585 1102 1706 1155 qua:

132 1161 294 1221 ultra.
328 1178 488 1231 quam
519 1166 758 1230 deceret,
792 1172 1075 1237 processit.

210 1247 300 1303 Vl.
351 1252 426 1319 (2)
479 1255 652 1322 Atque
701 1260 924 1327 angelus
976 1261 1190 1329 quidem
1246 1265 1314 1318 ab
1343 1280 1405 1318 ea
1459 1268 1701 1322 recessit.

127 1338 431 1397 Consecma
462 1356 548 1398 est
593 1359 770 1403 autem
810 1350 964 1418 paulo
996 1361 1117 1419 post
1142 1364 1196 1407 et
1225 1353 1403 1409 Maria:
1432 1371 1553 1410 cum
1595 1367 1706 1411 stu-

128 1428 222 1482 dio
253 1432 316 1488 ad
346 1443 602 1487 montana
645 1436 933 1500 adventus,
982 1448 1033 1493 et
1080 1440 1198 1507 ejus
1236 1440 1290 1492 in
1341 1441 1560 1496 domum
1608 1442 1706 1496 Za-

128 1520 336 1575 chariae
384 1522 686 1594 ingressus.
734 1527 924 1598 Magno
983 1530 1126 1583 enim
1193 1532 1373 1585 studio
1427 1535 1707 1589 contendit

127 1613 393 1682 gratulari
426 1616 765 1680 Elisabetbae,
818 1628 876 1671 ut
929 1634 1048 1688 qua:
1094 1620 1160 1673 ab
1205 1622 1396 1691 angelo
1429 1624 1705 1680 didicisset

129 1717 324 1756 novam
368 1705 485 1770 ejus
533 1708 967 1776 conceptionem.
1003 1711 1225 1765 Accedit
1255 1728 1403 1783 ergo,
1441 1724 1495 1769 et
1546 1716 1703 1771 beni-

1812 549 1914 597 tur.
1956 541 2155 608 quippe
2187 542 2275 609 qui
2307 543 2423 611 ejus
2452 554 2738 611 superaret
2776 548 3164 615 conditionem,
3230 552 3371 609 Unde

1810 629 1902 682 hoc
1930 631 2077 694 mihi,
2108 631 2295 687 dicens
2326 652 2337 686 :
2372 634 2511 689 sient
2543 636 2703 691 etiam
2755 638 2893 693 illius
2924 641 3065 696 illius
3093 643 3159 697 de
3191 642 3369 699 Domi-

1809 718 1864 771 ni
1895 719 2133 775 adventu
2169 722 2222 776 in
2269 732 2510 793 tempore
2558 726 2834 795 baptismi.
2887 729 3002 785 Jam
3055 748 3183 789 vero
3231 736 3374 791 hanc

1808 822 2025 877 quoque
2058 822 2283 864 matrem
2312 822 2368 866 et
2414 814 2685 870 dominam
2738 834 2891 873 suam
2940 822 3219 877 nominat:
3274 825 3370 880 sed

1810 903 1972 953 etiam
2020 900 2359 959 benedictam
2406 906 2539 962 dicit
2565 908 2618 961 in
2655 910 2991 979 mulieribus,
3024 924 3078 968 et
3104 931 3249 979 eum,
3278 918 3369 986 qui

1808 986 1861 1040 in
1894 998 2049 1044 utero
2087 992 2413 1061 gestabatur,
2444 995 2680 1052 fructum
2703 1001 2908 1055 ventris
2952 1013 3110 1058 vocat
3139 1006 3373 1061 admira-

1807 1078 2009 1143 biliter,
2068 1082 2245 1151 utqui
2303 1097 2427 1138 cum
2486 1085 2589 1140 viri
2648 1089 2854 1145 semine
2905 1092 3039 1146 nihil
3092 1092 3372 1149 habuisset

1805 1182 2115 1224 commune.

1868 1258 1977 1313 VII.
2001 1263 2314 1331 (lujusmodi
2332 1282 2462 1322 vero
2481 1277 2564 1323 est
2587 1269 2673 1323 illa
2694 1285 2910 1341 quoque
2930 1290 3117 1330 rursus
3132 1276 3372 1332 admira-

1806 1348 1929 1404 bilis
1953 1349 2128 1405 hlarire
2160 1356 2459 1423 praedictio,
2482 1358 2595 1414 fore
2613 1368 2672 1414 ut
2700 1361 3064 1418 celebraretur
3095 1366 3162 1419 ab
3193 1368 3372 1421 omni-

1807 1438 1907 1493 bus
1928 1444 2384 1510 generationibus.
2410 1446 2529 1502 Non
2551 1450 2696 1504 enim
2718 1450 2796 1523 (5)
2812 1453 3093 1509 sebeatam
3111 1457 3371 1525 prmdicat

1806 1546 1941 1585 vana
1977 1543 2119 1589 mota
2147 1539 2475 1607 arrogantia,
2517 1556 2697 1611 neque
2728 1544 2912 1614 lingua
2940 1549 3221 1603 communi
3254 1548 3371 1605 hac

1807 1622 2069 1693 loquitur:
2105 1626 2201 1682 sed
2219 1629 2402 1685 divino
2439 1629 2647 1702 Spiritu
2686 1636 2952 1703 serviens,
2986 1648 3042 1693 et
3071 1640 3123 1694 id
3140 1641 3285 1710 quod
3310 1642 3371 1697 tit

1808 1714 1861 1767 in
1895 1726 2187 1785 aeternum,
2208 1720 2477 1779 divinans.
2509 1723 2816 1795 Magniﬁcat
2845 1739 3026 1785 autem
3059 1732 3227 1786 Deum
3256 1731 3369 1788 Ma-

131 1808 242 1861 gne
284 1794 499 1848 salutat.
539 1796 623 1850 Fit
671 1808 851 1853 autem
900 1801 1147 1857 salutatio
1195 1804 1364 1859 dulcis
1417 1809 1703 1862 exsultatio
1738 1787 1776 1842 Β
1807 1808 1904 1865 ria.
1933 1823 1992 1861 se
2010 1818 2060 1862 et
2086 1812 2313 1868 credere
2366 1817 2666 1873 ostendens
2696 1829 2919 1889 propter
2950 1838 3136 1878 vocem
3191 1825 3369 1879 Elisa-

128 1882 375 1950 infantis,
411 1888 499 1956 qui
525 1900 640 1944 erat
676 1892 726 1944 in
762 1903 914 1947 utero
947 1894 1287 1952 Elisabethae.
1322 1897 1438 1952 Jan)
1464 1900 1607 1953 enim
1634 1915 1697 1955 ex
1740 1974 1743 1979 ί

129 1986 322 2030 ventre
363 1980 571 2035 sciebat
600 1998 787 2037 servus
826 1985 1131 2053 Dominum,
1157 1989 1245 2056 qui
1278 1999 1393 2043 erat
1427 1990 1478 2043 in
1511 2002 1699 2046 utero:

127 2071 189 2116 et
217 2079 343 2118 cum
376 2070 634 2123 sensisset
684 2072 801 2138 ejus
826 2073 880 2125 in
926 2075 1186 2129 mundum
1237 2077 1548 2143 adventum,
1603 2080 1701 2134 mi-

126 2155 361 2210 randum
410 2159 465 2212 in
523 2161 743 2216 modum
788 2162 1085 2220 laetabatur.
1143 2166 1257 2221 Hoc
1303 2170 1448 2223 enim
1509 2181 1695 2239 aperte

123 2245 471 2311 signiﬁcabat
525 2252 614 2306 illa
664 2257 975 2310 exsultatio.
1028 2256 1146 2312 Non
1200 2268 1252 2314 te
1297 2273 1477 2315 autem
1530 2262 1694 2317 lateat

124 2335 459 2397 Elisabethze
518 2346 821 2399 reverentia
854 2356 911 2399 et
960 2348 1267 2415 submissio,
1320 2366 1442 2405 cum
1494 2355 1691 2422 praedi-

202 2526 223 2555 ‘
249 2522 387 2580 Luc.
428 2542 470 2593 ι,
503 2526 595 2583 58.
712 2529 754 2562 ⁸⁸
792 2532 921 2589 ibid.
956 2534 1046 2590 45.
1157 2536 1177 2567 ⁷
1208 2536 1341 2593 ibid.
1374 2539 1461 2595 56.

123 2702 395 2772 ἄγγελον·
430 2707 677 2763 Γένοιτό
698 2729 800 2780 μοι
827 2713 977 2767 κατὰ
1003 2715 1067 2768 τὸ
1079 2716 1245 2786 ῥῆμά
1271 2734 1386 2775 σου
1411 2738 1424 2753 ο
1454 2722 1571 2793 ἅμα
1598 2725 1698 2795 τήν

122 2813 188 2849 τε
214 2797 497 2867 ἀκρίόειαν
516 2802 593 2863 είς
615 2803 735 2854 ὅσον
752 2804 858 2856 ἔδει
883 2807 1014 2875 πρὸς
1033 2809 1129 2878 τὴν
1151 2811 1244 2862 τοῦ
1265 2813 1495 2880 ἀγγέλου
1513 2818 1695 2882 φωνὴν

124 2889 432 2955 φυλάξασα,
457 2892 549 2944 καὶ
572 2892 645 2962 μὴ
674 2895 832 2949 πλέον
853 2898 991 2966 μετὰ
1007 2900 1103 2969 τὴν
1124 2901 1459 2966 ἀξιοπιστίαν
1490 2906 1595 2959 τῶν
1613 2910 1693 2960 εῖ-

123 2981 382 3049 ρηυένων
400 2983 625 3055 ἑλομένη
649 2987 947 3043 διαπιστεῖν
967 3008 982 3023 ’
1010 2992 1144 3045 ἀλλὰ
1173 2996 1251 3065 τῷ
1275 2997 1394 3063 μὲν,
1424 3000 1522 3068 τῆς
1558 3017 1693 3072 προ-

124 3073 364 3139 μήτορος
398 3074 494 3145 τὴν
516 3076 727 3147 ἀπάτην
744 3080 1078 3149 διαφυγοῦσα
1098 3101 1112 3113 ”
1141 3086 1218 3154 τῷ
1237 3088 1292 3139 δὲ
1320 3088 1378 3141 τὸ
1407 3088 1690 3157 δυσπειθὲς

1810 1894 2017 1949 betliaz:
2056 1899 2218 1952 Beata
2265 1902 2434 1967 enim,
2465 1904 2665 1973 inquit,
2703 1924 2820 1977 que
2854 1912 3077 1964 credidit
3134 1913 3266 1983 fore,
3310 1924 3368 1966 ut

1810 2005 1869 2041 ea
1897 1991 2256 2059 perﬁciantur,
2290 2011 2405 2063 quas
2420 1999 2466 2051 ei
2493 1999 2631 2053 dicta
2656 2011 2778 2054 sunt
2802 2018 2834 2055 a
2861 2002 3080 2057 Domino
3110 2004 3184 2069 ";
3210 2014 3271 2059 et
3310 2020 3369 2060 se

1807 2079 1855 2132 ei
1878 2090 1982 2133 tam
1999 2098 2203 2151 magna:
2232 2086 2306 2137 rei
2334 2085 2616 2143 inservire.
2644 2090 2748 2145 Sed
2774 2092 2887 2145 haec
2911 2094 3127 2162 quidem
3164 2095 3241 2149 sic
3273 2095 3369 2149 ba-

1798 2170 1951 2229 bent.
1979 2170 2033 2224 In
2064 2172 2223 2227 domo
2249 2185 2427 2230 autem
2457 2176 2779 2236 Elisabethaa
2805 2182 2878 2253 (4)
2905 2184 3047 2239 circa
3083 2195 3192 2239 tres
3214 2201 3369 2240 men-

1800 2278 1887 2319 ses
1912 2265 2175 2323 habitavit
2200 2267 2384 2323 Maria.
2405 2272 2607 2328 Deinde
2628 2275 2727 2341 sic,
2763 2278 2957 2345 inquit,
2990 2294 3191 2333 reversa
3215 2288 3288 2334 est
3312 2282 3369 2333 in

1797 2358 2005 2412 domum
2024 2375 2194 2413 suam.
2224 2360 2314 2417 Sic
2337 2363 2480 2420 enim
2507 2379 2593 2420 me
2608 2365 2764 2422 docet
2785 2367 3137 2439 Evangelium
3165 2376 3206 2426 ’.
3227 2371 3369 2438 Quid

1801 2725 2057 2795 ἐσόμενα.
2107 2729 2413 2798 Μεγαλύνει
2455 2732 2511 2785 δέ
2556 2732 2646 2786 τὶν
2686 2732 2819 2787 Θεὸν
2860 2737 2896 2806 ὴ
2939 2735 3140 2807 Μαρία,
3183 2741 3269 2793 δτι
3306 2758 3366 2795 τε

1799 2818 2044 2870 πιστεύει
2089 2820 2345 2876 δεικνῦσα
2390 2824 2477 2877 διὰ
2518 2824 2616 2896 τὴν
2652 2826 2753 2895 τῆς
2814 2827 3097 2883 Ἐλισάσετ
3144 2834 3361 2904 φωνήν·

1797 2910 2063 2977 Μακαριά
2097 2911 2224 2982 γὰρ,
2257 2914 2409 2982 φησὶ,
2443 2916 2482 2982 ἠ
2512 2918 2895 2973 πιστεύσασα
2935 2922 3061 2987 τοῖς
3105 2926 3367 2992 λελαλη-

1797 2999 1998 3070 μένοις
2025 3004 2181 3075 αὺτῇ
2212 3006 2371 3075 παρὰ
2404 3007 2649 3075 Κυρίουο
2679 3010 2773 3063 καὶ
2786 3008 2869 3073 ’ὡς
2897 3015 3117 3083 μεγάλῳ
3141 3014 3367 3088 τοιούτῳ

1798 3094 2061 3166 ὑπηρετεῖ
2080 3102 2366 3170 πράγματι
2387 3118 2402 3135 ο
2430 3101 2565 3157 ἀλλὰ
2593 3102 2701 3159 Καὶ
2724 3104 3059 3175 simulacra
3089 3109 3156 3163 τὸ
3186 3111 3367 3165 πνεῦ-

117 3165 423 3221 ἑκκλίνασα
476 3172 744 3241 Ζαχαρίου
788 3174 883 3228 καὶ
925 3178 1066 3246 πέρα
1105 3179 1197 3234 τοῦ
1233 3180 1409 3245 καλῶς
1457 3183 1688 3254 ἔχοντος.
1720 3168 1761 3224 C
1791 3185 1877 3255 μά
1897 3165 2015 3256 μου
2048 3165 2145 3245 ἐπί
2179 3165 2260 3267 τῶ
2297 3193 2440 3259 Θεῷ.

199 3258 277 3327 (2)
315 3262 387 3312 Ού
424 3262 613 3331 φθάνει
647 3266 777 3333 γοῦν
811 3267 1174 3342 ἀσπασαμένη
1210 3273 1309 3344 τὴν
1346 3273 1629 3343 ζΕλισάΰετ
1659 3280 1691 3347 ἡ
1770 3316 1771 3319 η

120 3352 509 3423 πολυύμνητος
548 3357 834 3411 Δέσποινα·
867 3365 957 3412 καὶ
1000 3365 1027 3413 ὁ
1059 3365 1372 3433 ἀσπασμὸς,
1418 3369 1695 3439 σκίρτημα

119 3442 220 3493 τοῦ
260 3445 317 3495 ἐν
349 3449 546 3516 γαστρὶ
578 3449 747 3516 αὐτῆς
785 3450 1016 3519 βρέφους
1050 3454 1148 3513 ἡδὺ
1176 3456 1407 3523 γίνεται.
1451 3462 1558 3513 Καὶ
1588 3464 1693 3531 γὰρ

117 3536 233 3585 ἀπὸ
256 3539 487 3604 γαστρὸς
509 3537 808 3607 ἐμάνθανεν
832 3543 931 3613 ἤδη
956 3546 1043 3598 τὸν
1069 3546 1125 3599 ἐν
1148 3550 1349 3615 γαστρὶ
1371 3553 1646 3623 Δεσπότην
1667 3558 1693 3608 ό

111 3623 333 3689 δοῦλος,
364 3628 456 3680 καὶ
490 3628 585 3701 τὴν
616 3633 695 3694 είς
724 3634 813 3685 τὸν
839 3634 1043 3704 κόσμον
1074 3639 1237 3693 αὐτοῦ
1257 3642 1488 3711 πάροδον
1518 3647 1689 3718 ᾐσθη-

118 3716 309 3785 μένος,
342 3720 632 3789 ὑπερφυῶς
661 3725 836 3794 ἥδετο.
870 3728 1036 3781 Τοῦτο
1066 3731 1171 3803 γὰρ
1204 3734 1264 3785 τὸ
1294 3735 1352 3786 ἐν
1378 3716 1694 3805 ἀγαλλιάσει

114 3808 402 3875 σκίρτημα
432 3813 680 3880 φανερῶς
720 3814 930 3881 ἐδήλου.
975 3819 1065 3886 Μὴ
1105 3820 1255 3872 λάθοι
1286 3822 1343 3876 δέ
1369 3840 1426 3875 σε
1459 3826 1591 3896 μηδὲ
1636 3828 1695 3881 τὸ

113 3894 243 3946 λίαν
281 3896 498 3965 μέτριόν
526 3915 583 3950 τε
632 3901 726 3953 καὶ
770 3902 1185 3972 ὑποχωρητικὺν
1231 3894 1529 3965 Ἐλισόιὸετ
1556 3916 1693 3985 μετὰ

110 3987 219 4039 καὶ
248 3985 566 4059 θαυμαστῆς
590 3993 687 4062 τῆς
710 3998 1063 4066 προρρήσεως
1082 4011 1097 4026 °
1123 3999 1300 4069 ᾐδεῖτο
1326 4003 1433 4072 γὰρ
1467 4005 1566 4073 τὴν
1595 4010 1692 4077 τῆς

108 4078 404 4148 Παρθένου
435 4082 776 4147 ἐπιστασίαν,
806 4085 879 4147 ὡς
920 4086 1059 4153 ὑπὲρ
1094 4087 1251 4151 ἀξίαν
1286 4089 1450 4144 οὖσαν
1484 4094 1688 4166 αὐτῆςο

110 4173 218 4224 καὶ
241 4172 327 4225 διὰ
355 4173 527 4225 ταῦτα
553 4173 906 4244 διαποροῦσα,
933 4180 1122 4231 Πόθεν
1144 4197 1246 4248 μοι
1278 4183 1474 4247 τοῦτο,
1507 4187 1687 4255 λέγεις

109 4264 369 4335 καθάπερ
410 4267 502 4320 καὶ
541 4267 569 4319 ό
616 4270 744 4331 παῖς
789 4269 1006 4340 ἐκείνης
1045 4274 1181 4344 πρὸς
1217 4274 1315 4346 τὴν
1357 4279 1690 4350 Δεσποτικὴν

104 4356 297 4408 ἐποίει
336 4358 709 4425 προσέλευσιν,
745 4361 855 4413 Καὶ
892 4363 972 4414 σὺ
1006 4362 1154 4431 ἔρχῃ
1178 4368 1333 4433 πρός
1359 4388 1454 4438 με,
1492 4370 1684 4441 λέγων,

104 4449 265 4502 κατὰ
290 4449 382 4502 τὸν
410 4450 603 4520 καιρὸν
632 4448 729 4505 τοῦ
762 4453 1160 4526 βαπτίσματος.
1196 4460 1334 4531 Ὅρα
1365 4462 1421 4515 δὲ
1450 4466 1565 4526 πῶς
1595 4471 1688 4520 καὶ

104 4541 505 4613 προαγορεύει,
554 4545 647 4597 καὶ
696 4547 905 4617 μητέρα
951 4551 1155 4620 ταύτην
1203 4554 1305 4625 ἥδη
1357 4556 1449 4608 καὶ
1492 4560 1686 4628 κυρίαν

102 4635 318 4701 ἑαυτῆς
348 4632 601 4703 ὀνομάζει
625 4652 639 4667 ⁸
677 4638 813 4689 ἀλλὰ
850 4643 942 4694 καὶ
972 4642 1348 4716 εὐλογημένην
1382 4650 1439 4699 ἐν
1472 4652 1685 4717 γυναιξὶ

100 4727 269 4791 λέγει
287 4742 299 4755 ·
325 4729 418 4779 καὶ
444 4726 535 4780 τὸν
557 4731 823 4798 κυοφορού
833 4750 991 4801 μενον
1009 4735 1065 4787 ἐν
1084 4736 1223 4806 αὐτῇ
1252 4742 1460 4808 καρπὸν
1481 4743 1686 4807 κοιλίας

105 4815 441 4882 παραδόξως
493 4819 772 4875 ἀποκαλεῖ.
834 4824 898 4876 Τί
952 4825 1108 4880 τοῦτο
1168 4830 1541 4901 σημαίνουσα;
1603 4837 1684 4890 ὅτι

103 4904 438 4975 σπέρματος
484 4910 673 4980 ἀνδρὸς
724 4911 973 4984 οὐδαμῶς
1018 4917 1311 4975 ἐκοινώνει.
1624 4911 1629 4915 ’

184 5019 267 5088 (5)
303 5018 412 5073 Τοῦ
437 5023 888 5093 Μεταφραστοῦ.
926 5028 999 5081 Οὐ
1035 5032 1332 5101 μακαρίζει
1361 5034 1416 5088 δὲ
1449 5036 1644 5107 ἑαυτὴν
1665 5079 1680 5103 ,

96 5111 273 5181 τύφῳ
296 5112 437 5183 κενῷ
460 5116 765 5184 κινηθεῖσα,
798 5120 919 5173 οὐδὲ
948 5122 1169 5197 γλώσσῃ
1200 5130 1350 5196 κοινῇ
1384 5128 1681 5198 φθέγγεται

95 5200 311 5267 ταῦτα,
328 5204 462 5259 ἀλλὰ
486 5205 611 5276 θείῳ
625 5208 1320 5282 Πνεύματιλειτουργοῦσα,
1337 5218 1467 5270 αὐτὸ
1494 5221 1549 5273 τὸ
1572 5223 1682 5274 εἰσ-

97 5293 199 5345 αεὶ
256 5296 574 5367 τελούμενον
622 5301 999 5371 προθεσπίζει,
1032 5308 1125 5358 καὶ
1155 5309 1216 5361 ού
1248 5312 1314 5363 τὰ
1345 5311 1451 5365 ίδια
1493 5312 1675 5381 μόνον,

94 5382 249 5437 ἀλλὰ
286 5386 379 5436 καὶ
408 5390 475 5441 τὰ
509 5393 680 5446 κοινά.
713 5391 822 5444 Ποῦ
870 5395 975 5462 γὰρ
1004 5397 1063 5448 τὺ
1090 5399 1512 5463 ἀλαζονεύεσθαι
1546 5407 1676 5475 παρ’

94 5477 277 5543 αὐτῇ,
328 5477 445 5544 ἥτις
477 5483 569 5533 καὶ
598 5483 787 5557 δούλην
813 5486 1011 5556 ἑαυτὴν
1042 5490 1216 5556 καλεῖ,
1248 5496 1341 5546 καὶ
1367 5495 1466 5565 τὴν
1491 5498 1677 5551 ταπεί-

96 5585 276 5621 νωσιν
307 5566 579 5636 ὁμολογεῖ,
615 5577 705 5627 καὶ
736 5577 930 5648 ἀπορεῖ
961 5578 1057 5651 τὴν
1092 5582 1175 5633 ἐπ’
1208 5585 1343 5653 αὐτῇ
1377 5586 1525 5639 θείαν
1557 5589 1675 5643 ἐπί-

92 5661 336 5730 δὶεψιν;
359 5660 634 5731 ΙΙνεύματι
652 5668 830 5723 τοίνυν
852 5671 979 5740 θείῳ
999 5675 1309 5746 κινουμένη,
1331 5679 1389 5730 οὐ
1410 5680 1539 5732 κενά
1556 5697 1674 5733 τινα

98 5753 203 5806 καὶ
252 5754 602 5826 ὑπέρκομποι,
642 5756 755 5811 ἀλλ’
797 5762 932 5816 αὐτὰ
957 5763 1145 5820 ,ταῦτα
1186 5770 1577 5840 προσαγορεύει
1610 5772 1673 5825 τὰ

1867 3278 1941 3349 (4)
1993 3283 2101 3334 Τοῦ
2136 3285 2592 3350 Μεταφραστοῦ.
2635 3281 2763 3356 Εῐχε
2806 3289 2905 3357 μὲν
2949 3292 2981 3361 ἠ
3015 3290 3115 3359 τῆς
3157 3292 3367 3348 Ἐλισᾶ-

1798 3373 1892 3427 6ετ
1913 3375 2060 3428 οἰκία
2098 3377 2196 3447 τὴν
2247 3377 2525 3447 Παρθένον
2566 3379 2777 3434 ἐνοικον
2806 3382 2938 3452 περὶ
2970 3383 3146 3453 μῆνας
3178 3387 3326 3454 τρεῖς
3347 3403 3360 3417 ·

1798 3465 2045 3519 ἐϐούλετο
2068 3467 2124 3519 δὲ
2159 3468 2293 3538 αὐτῇ
2331 3471 2362 3539 ἡ
2399 3471 2711 3542 παραμονὴ,
2763 3475 2924 3543 τυχὸν
2985 3473 3085 3544 μὲν
3120 3476 3215 3529 καὶ
3264 3476 3359 3528 τοῦ

1798 3558 2100 3627 παραδόξου
2129 3559 2460 3628 κατανοῆσαι
2500 3561 2599 3628 τὴν
2650 3564 2874 3618 ἔκϐασιν
2895 3582 2907 3595 ·
2942 3567 3199 3637 ἠπορεῖτο
3228 3566 3357 3637 γὰρ.

1795 3648 1869 3713 ὡς
1899 3649 2065 3714 εἰκὸς,
2094 3650 2205 3713 τοῖς
2231 3648 2351 3703 καθ’
2387 3652 2581 3722 ἑαυτήν
2602 3665 2615 3680 ⁶
2664 3654 2757 3705 καὶ
2805 3653 3063 3723 ἔκπληξις
3092 3652 3204 3726 εἶχε
3229 3659 3360 3710 ταύ-

1794 3760 1891 3811 την
1918 3742 2035 3810 οὐχὶ
2065 3744 2261 3811 μετρία
2286 3760 2298 3771 ⁸
2328 3742 2489 3812 τυχὸν
2534 3743 2589 3797 δὲ
2633 3747 2723 3798 καὶ
2757 3746 3084 3817 συνησθῆναι
3111 3750 3175 3818 τῇ
3217 3748 3360 3802 Ἐλι-

1797 3833 1961 3887 σάὸετ
1990 3833 2058 3886 τὰ
2086 3833 2307 3886 τοιαῦτα
2345 3835 2605 3902 μεγαλεῖα
2643 3837 2736 3889 καὶ
2770 3839 3098 3906 εὐαγγέλια·
3143 3841 3263 3894 ὅτου
3304 3840 3357 3895 δέ

1795 3928 1952 3997 χάριν
1983 3928 2075 3980 ἐπὶ
2104 3929 2253 3997 τρεῖς
2283 3927 2459 3999 μῆνας
2491 3930 2584 3981 καὶ
2637 3929 2711 4000 μὴ
2745 3929 2907 3983 πλέον
2940 3932 2973 4002 ή
3002 3933 3290 3999 .συνοικία,
3325 3936 3356 4003 ἦ

1796 4022 2010 4083 πάντως
2039 4018 2112 4082 ὡς
2143 4020 2347 4073 τίκτειν
2395 4019 2692 4091 μελλούσης
2719 4023 2839 4075 τότε
2884 4024 2983 4093 τῆς
3040 4023 3354 4091 Ἐλισάὸετ;

1792 4112 1855 4166 Ei
1888 4111 1995 4182 γὰρ
2028 4113 2154 4181 περὶ
2180 4112 2272 4165 τὸν
2297 4112 2453 4166 ἕκτον
2477 4114 2620 4183 μῆνα
2642 4112 2733 4166 τοῦ
2763 4114 2965 4184 ταύτην
2988 4116 3051 4185 δὴ
3076 4116 3357 4171 συλλαϐεῖν

1790 4211 1822 4277 ή
1846 4206 1941 4260 τοῦ
1965 4205 2197 4274 ἀγγέλου
2233 4206 2424 4275 γέγονε
2462 4206 2596 4278 πρὸς
2629 4208 2728 4277 τὴν
2762 4208 3039 4279 Παρθένον
3062 4210 3352 4280 ἀποστολὴ,

1790 4301 1926 4370 αὐτὴ
1954 4302 2013 4353 δὲ
2042 4301 2309 4370 γενομένη
2340 4300 2477 4369 πρὸς
2516 4300 2797 4355 Ἐλισάὸετ
2832 4303 3010 4371 μῆνας
3040 4305 3188 4369 τρεῖς
3220 4306 3353 4375 παρ’

1792 4392 1925 4460 αὐτῇ
1954 4391 2202 4463 διαμένῃ,
2225 4390 2446 4459 εῠδηλον
2466 4392 2546 4444 ὅτι
2561 4390 2654 4443 τοῦ
2676 4393 2865 4461 χρόνου
2892 4394 2987 4463 τῆς
3014 4394 3350 4464 συλλήψεως,

1722 4510 1762 4564 D
1789 4484 1847 4536 ὃν
1877 4487 1903 4537 ὁ
1928 4482 2112 4541 ἔνατος
2137 4482 2465 4553 περιγράφει
2503 4481 2629 4551 μὴν,
2657 4483 2827 4552 πέρας
2872 4483 3109 4553 ἔχοντος,
3152 4488 3233 4549 είς
3262 4486 3354 4539 τὸν

1790 4579 1958 4647 αὐτῆς
1984 4574 2129 4631 οἷκον
2152 4576 2426 4630 ἐπάνεισιν
2449 4577 2484 4647 ἡ
2514 4576 2816 4646 Παρθένος·
2840 4579 2931 4630 καὶ
2960 4578 3146 4631 τούτου
3171 4578 3356 4660 τυχὸν..

1790 4671 1877 4724 διὰ
1904 4669 1965 4722 τὸ
1995 4669 2186 4737 μέλλον
2213 4669 2459 4739 ἀπαντᾷν
2500 4668 2703 4736 πλῆθος
2736 4672 2814 4732 εἰς
2843 4670 2931 4723 τὸν
2960 4671 3232 4740 Ζαχαρίου
3270 4666 3352 4725 οἷ-

1789 4778 1903 4827 κον,
1926 4762 2083 4813 τόκου
2120 4760 2220 4830 μὲν
2243 4758 2394 4829 ὤραν
2419 4759 2516 4829 τῆς
2559 4760 2846 4813 Ἐλισάόετ
2870 4761 3099 4830 ἐχούσης
3120 4777 3133 4792 ’
3164 4762 3262 4831 τῆς
3294 4762 3351 4815 δὲ

1792 4853 2126 4922 παρθενικῆς
2152 4852 2321 4904 ταῦτα
2341 4850 2521 4914 αἰδοῦς
2554 4850 2654 4904 οὐκ
2678 4852 3010 4923 ἀνεχομένης
3029 4871 3043 4886 ι
3070 4853 3257 4923 ἔθιμον
3285 4854 3348 4926 δὴ

1786 4944 1845 4996 ὃν
1871 4943 2172 5010 ὑποχωρεῖν
2206 4941 2301 5001 τὰς
2335 4940 2657 5009 παρθένους,
2694 4944 2912 4997 ἐπειδὰν
2949 4944 3115 5013 μέλλῃ
3144 4944 3350 4997 τίκτειν

1785 5039 1843 5085 ἐν
1879 5031 2072 5101 γαστρὶ
2094 5033 2325 5100 ἔχουσα·
2359 5030 2440 5085 δεῖ
2483 5033 2589 5102 γὰρ
2638 5032 2731 5086 καὶ
2761 5031 2918 5087 τοῦτο
2953 5036 3176 5089 σκοπεῖν
3204 5051 3216 5064 ·
3248 5036 3347 5106 ἤδη

1786 5126 1994 5195 καὶτῆς
2025 5125 2304 5178 Ἐλισάδετ
2325 5125 2487 5178 τόκου
2511 5125 2658 5195 ῶραν
2682 5126 2931 5194 ὲγούσης,
2961 5128 2994 5190 ή
3016 5127 3204 5193 Μαρία
3230 5127 3349 5180 καί·

1781 5237 1863 5273 τοι
1892 5217 2129 5287 ἀτεχνῶς
2159 5213 2291 5269 οὖσα
2316 5217 2531 5284 ἔγκυος,
2555 5218 2669 5271 ἀλλ’
2696 5213 2811 5283 οὖν,
2844 5217 2920 5281 ὼς
2956 5218 3221 5290 παρθένος
3256 5221 3344 5283 ἐξ·

1784 5313 2009 5364 ίσταται.
2054 5308 2205 5361 Ἐπεὶ
2229 5308 2284 5361 δὲ
2331 5310 2423 5363 καὶ
2451 5312 2536 5371 είς
2554 5310 2644 5363 τὸν
2678 5307 2823 5363 οἷκον
2860 5310 2952 5363 τὸν
3003 5313 3203 5381 ἑαυτῆς
3248 5313 3346 5365 ἐπ-

1780 5403 2028 5473 ανῆλθεν,
2051 5402 2282 5471 ἀλλαχοῦ
2302 5402 2420 5472 μὲν,
2445 5404 2679 5470 οὐδαμοῦ
2696 5419 2709 5434 ·
2738 5406 2853 5457 ἐκεῖ
2871 5406 2928 5457 δὲ
2950 5404 3009 5457 τὺ
3034 5406 3169 5474 μετὰ
3186 5405 3345 5459 τοῦτο

1778 5495 2036 5559 διάγουσα
2066 5490 2155 5564 ἦν,
2182 5492 2286 5557 ἕως
2328 5493 2566 5561 ἐγγίζειν
2616 5494 2712 5563 ἤδη
2764 5495 2995 5564 τὸνμτῆς
3042 5497 3336 5564 κυοφορίας

1780 5584 1968 5654 καιρὸν
2012 5587 2273 5654 ἔγνωκεν.
2316 5585 2473 5638 Ἀλλὰ
2503 5586 2579 5655 τῷ
2620 5584 2874 5656 Ἰωσὴφή
2919 5587 3014 5654 τῆς
3057 5587 3337 5676 Παρθένου

1777 5676 1989 5747 γαστὴρ
2023 5679 2100 5739 είς
2132 5676 2292 5742 ὄγκον
2322 5677 2547 5746 ἀρθεῖσα
2576 5677 2593 5747 (
2620 5678 2801 5746 ἠγνόει
2845 5677 2951 5749 γὰρ
2980 5681 3061 5761 ὅτι
3090 5678 3339 5746 Πνεύμα-

1776 5785 1863 5833 τος
1914 5763 1978 5840 ἦν
2024 5768 2204 5837 ἁγίου)
2255 5768 2547 5839 λογισμοὺς
2608 5769 2797 5834 ἐνῆκεν
2862 5771 2960 5823 οὐκ
3015 5771 3309 5841 εὐπρεπεῖς
