4170 6322
195 382 303 444 537

1283 378 1568 440 ORATIO
1610 381 1702 439 DE
1741 382 2026 442 SANC’FA
2071 383 2336 442 MAlllA.

3322 381 3426 443 538

193 496 492 565 prophetia,
529 511 650 566 quae
683 511 790 550 non
817 496 1152 550 deiecturum
1180 495 1480 564 principem
1522 513 1586 550 ex
1619 496 1754 551 Juda
1784 500 1830 556 Α
1856 495 2132 566 Josepho)
2162 499 2373 552 accedit
2400 499 2465 551 ad
2501 514 2623 553 enm
2659 499 2745 553 hic
2777 499 3040 560 Herodes,
3073 508 3127 552 et
3157 498 3432 552 exercitus

190 604 367 658 neque
405 590 594 643 ducem
633 605 700 644 ex
750 589 1042 644 femoribus
1096 587 1262 651 illius,
1295 588 1470 641 donec
1525 590 1758 654 venerit,

190 682 282 732 cui
306 690 386 734 est
417 683 736 749 repositum:
759 682 932 749 ipsum
953 691 1132 733 autem
1162 694 1281 732 esse
1296 681 1756 747 exspectationem

193 773 435 841 gentium
480 774 518 802 “
553 773 868 840 (deChristo
896 770 1259 824 videliCethoc
1283 770 1453 836 dicit),
1484 771 1753 838 explicare

189 860 556 926 aggredimur.
581 858 731 911 Tunc
755 860 896 910 enim
918 859 1004 911 ille
1025 858 1261 921 advenit,
1278 860 1490 925 quando
1507 859 1762 926 deinceps

192 950 511 1003 defecerant
560 949 765 1004 Judaiei
825 950 1115 1017 principes,
1178 959 1231 1001 et
1293 948 1551 1002 Romanis
1608 959 1764 1002 erant

188 1043 422 1108 sceptris
456 1040 704 1107 subjecti.
742 1040 910 1093 Simul
935 1042 1078 1092 enim
1134 1050 1188 1093 et
1221 1040 1467 1093 Christus
1503 1041 1760 1103 nascitur,

188 1141 247 1183 et
273 1133 329 1184 lit
359 1133 441 1184 illa
471 1132 639 1199 prima
667 1131 956 1196 descriptio
981 1148 991 1183 :
1021 1147 1142 1183 cum
1169 1130 1395 1182 Romani
1429 1131 1634 1182 scilicet
1663 1131 1763 1182 do-

192 1224 458 1276 minatum
481 1223 872 1275 ohtinerentin
924 1234 1136 1289 gentem
1189 1221 1518 1284 Judasorum,
1572 1230 1626 1274 et
1668 1236 1763 1274 eos

189 1331 293 1369 suo
314 1316 720 1382 subjuuxissent
747 1314 987 1381 imperio.
1013 1313 1294 1379 Antipater
1318 1314 1460 1364 enirn
1491 1322 1639 1381 pater
1658 1312 1761 1367 lle-

195 1409 367 1466 rotlis,
400 1407 489 1474 qui
541 1417 725 1472 postea
771 1405 1024 1472 princeps
1053 1404 1152 1457 fuit
1189 1404 1240 1457 in
1270 1402 1476 1467 Judaca,
1543 1420 1761 1458 uxorem

189 1499 348 1550 duxit
375 1512 439 1549 ex
481 1497 699 1564 Arabia,
729 1496 946 1564 Cyprim
965 1496 1184 1548 nomine
1213 1511 1225 1546 :
1251 1511 1370 1563 quae
1399 1510 1522 1548 cum
1557 1505 1761 1564 patrem

193 1589 373 1645 cﬂecit
423 1599 654 1656 quatuor
687 1589 937 1652 liliormu,
963 1603 1194 1656 quorum
1221 1598 1334 1640 erat
1368 1587 1454 1640 hic
1487 1604 1626 1640 unus
1659 1589 1764 1642 lle-

191 1682 378 1734 rudes.
403 1680 583 1734 Satius
620 1691 701 1733 est
737 1690 938 1744 autem,
982 1689 1041 1732 ut
1083 1695 1242 1748 quam
1264 1679 1604 1746 apertissime
1642 1694 1766 1747 pos-

189 1788 405 1837 sumus,
443 1789 552 1826 rent
583 1774 942 1827 det-laremus.
963 1773 1096 1825 Cum
1116 1771 1261 1824 enim
1289 1769 1566 1838 Hyrcanus
1596 1770 1764 1824 frater

1862 601 1914 644 et
1945 591 2218 658 impensas
2246 591 2292 643 ei
2326 589 2741 658 suppeditanda,
2773 605 2880 642 non
2915 588 3176 642 mediocri
3205 588 3432 654 fungens

1862 680 2002 745 apud
2052 695 2175 731 eum
2230 695 2473 732 munere.
2527 679 2660 732 Cum
2713 688 2892 732 autem
2956 689 3009 732 et
3047 679 3330 746 CleOpatra
3376 687 3434 730 et

1863 769 2126 839 Egyptus
2161 779 2344 822 essent
2379 770 2430 821 in
2469 770 2720 822 manibus
2747 771 2994 836 Augusti,
3026 771 3118 838 qui
3153 771 3258 838 jam
3300 769 3433 821 duo-

1865 863 2037 915 decim
2074 877 2245 915 annos
2278 863 2658 930 imperaverat,
2697 863 2814 930 ipse
2855 861 3078 914 Romam
3131 872 3429 922 revertens,

1864 970 2092 1015 memor,
2130 964 2188 1008 ut
2218 963 2300 1008 est
2333 964 2780 1011 consentaneum.
2831 953 3012 1015 oliicii,
3053 969 3162 1030 quo
3205 953 3256 1005 in
3307 966 3430 1005 eum

1865 1061 1997 1098 usus
2030 1046 2204 1097 fuerat
2245 1046 2506 1105 Herodes,
2541 1044 3021 1099 senatusconsulto
3055 1043 3252 1097 .Iudaare
3305 1056 3431 1096 enm

1872 1152 2053 1205 regem
2091 1137 2269 1204 elegit.
2303 1135 2350 1187 ei
2401 1151 2616 1203 quoque
2663 1137 2913 1202 imposito
2957 1136 3280 1186 diademate.
3329 1133 3430 1196 Qui

1866 1241 1988 1279 cum
2012 1229 2243 1280 venisset
2263 1226 2708 1294 Hierosolymam,
2730 1225 2979 1293 quoniam
3000 1222 3432 1276 sciebatludams

1867 1334 1974 1371 non
2006 1334 2124 1371 esse
2156 1319 2292 1371 bene
2324 1319 2374 1369 in
2407 1332 2530 1369 eum
2560 1316 2805 1379 allectos,
2839 1317 2930 1369 Sed
2963 1318 3103 1384 quod
3135 1323 3278 1367 esset
3307 1313 3434 1365 alie-

1867 1415 2083 1478 nigena,
2135 1421 2189 1462 et
2229 1410 2424 1478 alioqui
2470 1426 2627 1476 asper
2699 1419 2754 1461 et
2819 1407 3070 1468 diﬂicilis.
3127 1408 3244 1475 ejus
3287 1420 3429 1475 agre

1865 1503 2008 1556 ferre
2066 1502 2372 1569 imperium,
2435 1517 2619 1554 eorum
2690 1498 2906 1568 quidem
2971 1499 3261 1550 nonnullos
3340 1511 3432 1550 oc-

1867 1593 2019 1654 cidit,
2047 1594 2293 1661 plurimis
2323 1603 2501 1646 autem
2533 1593 2819 1657 nialcfecit,
2845 1592 3226 1659 civitatemque
3253 1601 3308 1644 et
3341 1588 3433 1642 Dei

1872 1685 2130 1753 templum
2164 1685 2354 1737 stolide
2388 1695 2441 1736 et
2472 1685 2716 1754 improbe
2768 1685 2976 1754 redegit
3008 1687 3058 1736 in
3093 1685 3431 1737 servitutem.

1870 1773 1960 1828 Ille
1991 1790 2118 1844 ergo
2153 1776 2288 1827 male
2325 1783 2484 1827 utens
2527 1783 2812 1842 potestate,
2851 1774 3104 1842 quiddam
3153 1773 3435 1841 insigniter

188 1866 514 1930 Aristobuli,
549 1876 668 1934 post
701 1868 1087 1932 interemptum
1128 1863 1500 1916 Aristobulum
1556 1862 1769 1931 pontiﬁ-
1801 1845 1842 1900 Β
1870 1866 2188 1919 sceleratum
2231 1865 2437 1934 adjicit,
2475 1874 2528 1918 et
2577 1866 2721 1935 quod
2767 1876 2882 1918 erat
2909 1867 2990 1918 sui
3027 1865 3143 1917 vitii
3191 1875 3432 1932 apertum

189 1974 334 2019 cem,
389 1961 477 2027 qui
523 1961 682 2012 etiam
718 1957 964 2010 diadema
1000 1957 1204 2024 regiqu
1259 1955 1361 2007 sibi
1409 1955 1762 2023 imposuerat.

193 2052 410 2103 vinctus
463 2065 491 2102 a
530 2050 786 2116 Pompeio
849 2053 986 2102 duce
1043 2047 1407 2101 ltomanorum
1455 2061 1578 2100 cum
1639 2047 1765 2100 tiliis

189 2144 424 2196 Bumam
486 2143 714 2212 turpiter
757 2149 902 2196 esset
976 2141 1322 2195 tranSmissus
1354 2140 1480 2207 (quo
1523 2149 1767 2207 tempore

190 2234 550 2287 constitutum
586 2249 798 2304 quoque
815 2244 898 2288 cst
929 2245 984 2288 ut
1012 2233 1180 2288 Judaei
1222 2232 1418 2287 tributa
1443 2231 1764 2300 penderent)

193 2344 428 2396 cumque
462 2341 644 2396 postea
677 2329 950 2399 Hyrcanus
985 2327 1101 2394 ipse
1134 2337 1352 2380 creatus
1400 2324 1642 2394 pontifex
1700 2323 1767 2378 ab

194 2424 389 2474 eodem
422 2420 687 2488 Pompeio,
728 2436 755 2472 a
779 2420 988 2471 Parthis
1013 2419 1201 2471 fuisset
1231 2429 1506 2484 postremo
1553 2425 1764 2483 captus,

193 2523 251 2567 et
277 2515 555 2580 Antipater
588 2512 708 2565 dolo
733 2511 925 2564 fuisset
957 2511 1334 2578 interemptus,
1360 2508 1452 2576 qui
1477 2516 1593 2561 erat
1618 2516 1767 2574 pater

203 2605 454 2666 Herodis,
483 2604 573 2672 qui
598 2604 698 2658 fuit
745 2616 930 2674 postea
968 2621 1062 2658 rex
1091 2603 1563 2661 Judatae.etnemo-
1599 2609 1764 2660 esset,

195 2696 293 2764 qui
328 2712 413 2751 res
439 2698 746 2753 Judzcorum
782 2701 1072 2764 obtineret,
1104 2700 1194 2752 hic
1229 2697 1471 2752 Herodes
1498 2693 1767 2759 Antipatri

205 2789 370 2854 (ilius,
401 2807 524 2845 cum
557 2792 795 2844 dedisset
815 2791 1072 2860 plurimas
1105 2790 1360 2844 Romanis
1405 2787 1683 2857 pecunias.
1717 2796 1770 2842 et

199 2882 382 2936 locdus
411 2899 531 2935 cum
581 2884 659 2936 eis
691 2883 951 2943 iuisisset,
1000 2882 1209 2936 obtinet
1255 2879 1560 2948 imperium.
1614 2877 1770 2942 Quaa-

203 2990 332 3027 iaam
368 2984 547 3027 autem
579 2975 743 3041 hujus
774 2973 852 3026 rei
890 2974 1011 3026 data
1058 2973 1129 3025 sit
1167 2973 1215 3025 ei
1249 2971 1481 3034 occasio,
1526 2967 1767 3022 dicemus

200 3084 366 3133 quam
398 3068 507 3120 ﬁeri
539 3075 713 3135 potest
744 3067 1077 3120 brevissime.

275 3158 342 3212 Χ.
376 3157 508 3212 Cum
549 3160 815 3230 Augustus
847 3160 1024 3213 Caesar
1055 3159 1111 3212 in
1161 3157 1448 3228 Egyptum
1484 3171 1606 3209 cum
1654 3171 1767 3209 ma-

202 3251 368 3304 ximis
416 3252 585 3320 copiis
622 3254 742 3318 iret,
794 3253 860 3307 ad
909 3253 1126 3315 bellum,
1179 3252 1419 3320 inquam.
1470 3249 1768 3318 Cleopatra:

201 3342 410 3407 (erant
442 3345 582 3398 enim
624 3347 677 3399 in
710 3347 828 3412 ejus
863 3355 1126 3414 potestate
1155 3360 1240 3398 res
1304 3343 1515 3412 Egypti.
1554 3351 1607 3394 ut
1649 3355 1766 3408 qua:

204 3448 382 3498 genus
422 3435 661 3488 traheret
689 3450 753 3486 ex
803 3435 1128 3496 Ptolemaeis,
1167 3435 1306 3486 sicut
1345 3431 1507 3482 etiam
1556 3428 1766 3481 videtur

311 3615 349 3646 “
381 3614 512 3669 Gen.
549 3631 607 3679 ιι,
642 3615 729 3670 lt).
845 3616 886 3646 η
917 3617 1044 3669 Luc.
1080 3631 1140 3682 ll,
1174 3615 1223 3669 Ι.

199 3796 346 3851 εἶναι
378 3799 471 3852 καὶ
489 3798 660 3859 ἄλλως
686 3795 1038 3869 δύσχρηστον,
1069 3797 1460 3868 βαρυνομένους
1482 3795 1644 3849 αὑτοῦ
1673 3797 1768 3865 τὴν

200 3891 401 3960 ἀρχὴν,
430 3891 603 3952 ὲνίους
632 3892 731 3956 μὲν
763 3892 941 3942 αὐτῶν
985 3893 1077 3941 καὶ
1107 3893 1415 3952 ἀπέκτεινε,
1463 3888 1584 3948 τοὺς
1615 3887 1770 3938 πλεί-

204 3999 369 4042 στους
405 3981 462 4034 δὲ
485 3982 669 4044 κακῶς
704 3983 927 4052 ἔδρασεν
955 3999 967 4013 ·
1004 3980 1434 4052 ἠνδραποδίσατὸ
1457 3997 1516 4032 τε
1543 3979 1639 4048 τὴν
1675 3980 1770 4031 πό-

202 4077 312 4138 λιν,
339 4079 433 4128 καὶ
463 4075 521 4126 τὸ
567 4077 658 4127 τοῦ
702 4076 834 4131 Θεοῦ
864 4076 1005 4146 ἱερὸν
1033 4077 1276 4145 ἀνοήτως
1323 4077 1416 4127 καὶ
1464 4073 1769 4144 μοχθηρῶς.

202 4168 409 4230 Κακῶς
451 4165 544 4220 οὖν
587 4168 791 4229 ἐκεῖνος
829 4172 893 4236 τῇ
934 4167 1147 4235 ἐξουσία
1196 4167 1495 4234 χρώμενος,
1531 4163 1645 4216 εἶτα
1677 4165 1769 4216 καὶ

206 4260 539 4329 παράσημόν
579 4277 632 4312 τι
676 4258 1018 4329 προστίθησι,
1068 4258 1164 4310 καὶ
1201 4257 1400 4327 δεῖγμα
1450 4257 1618 4322 σαφὲς
1671 4257 1770 4324 τῆς

207 4351 478 4416 σφετέρας
523 4353 736 4412 κακίας.
776 4353 961 4412 Πάσας
1011 4351 1118 4419 γὰρ
1166 4351 1262 4412 τάς
1295 4350 1403 4402 τῶν
1451 4349 1508 4400 ἐν
1545 4347 1771 4418 Ἰουδαία

206 4438 395 4508 φυλῶν
427 4440 518 4493 καὶ
551 4440 722 4505 γενῶν
751 4440 1038 4508 δημοσίους
1077 4439 1422 4506 ἀναγραφὰς,
1452 4438 1506 4490 αἳ
1538 4437 1644 4490 ἀπὸ
1676 4436 1768 4488 τοῦ

1869 1955 2151 2008 indicium.
2188 1953 2452 2007 Tribuum
2482 1958 2623 2008 enim
2655 1965 2709 2009 et
2738 1956 3090 2019 familiarum,
3121 1971 3242 2023 qum
3273 1965 3430 2008 erant

1866 2047 1921 2100 in
1974 2046 2174 2109 Judaza,
2233 2047 2474 2114 publicas
2526 2048 2821 2115 scripturas
2873 2065 2900 2099 a
2935 2056 3176 2114 tempore
3230 2043 3432 2105 Esdrm,

1869 2155 1980 2193 rem
2015 2140 2219 2194 iaciens
2252 2139 2458 2193 invidia
2493 2140 2706 2209 plenam
2736 2149 2790 2193 et
2819 2138 3051 2204 insania,
3099 2136 3210 2208 igni
3248 2137 3434 2190 tradit.

1868 2232 2077 2299 Scopus
2130 2243 2309 2284 autern
2375 2241 2507 2300 erat,
2561 2230 3033 2300 improbissimus:
3100 2242 3310 2292 nempe,
3367 2242 3435 2280 ne

1872 2333 2061 2377 notum
2102 2333 2244 2376 esset
2285 2299 2512 2385 Judaeis,
2541 2337 2604 2373 ex
2655 2337 2886 2389 quanam
2945 2320 2981 2372 ii
3012 2328 3136 2372 sunt
3174 2320 3335 2381 tribu,
3383 2328 3438 2370 et

1868 2414 2086 2482 quinam
2119 2428 2180 2465 ex
2207 2414 2285 2466 eis
2318 2420 2441 2464 sunt
2472 2409 2757 2480 indigenae.
2784 2419 2838 2463 et
2863 2410 3078 2478 quinam
3109 2423 3171 2460 ex
3210 2409 3273 2459 iis
3299 2421 3436 2474 quos

1868 2505 1982 2570 ipse
2036 2505 2258 2556 solebat.
2297 2503 2568 2571 appellare
2626 2501 2888 2570 γειώρας,
2935 2501 2988 2553 id
3025 2508 3125 2560 est.
3178 2499 3433 2551 advenas.

1867 2593 2070 2647 Pr:cter
2128 2593 2229 2645 alia
2269 2604 2474 2656 autem,
2531 2609 2653 2646 cum
2696 2593 3086 2657 sacerdotalem
3141 2601 3345 2645 vestem
3383 2591 3433 2642 iu

1868 2686 2100 2756 quodam
2135 2701 2261 2740 vase
2307 2686 2659 2754 reposuisset,
2700 2686 2830 2738 viris
2883 2684 3136 2752 indignis,
3193 2682 3436 2751 pecuniis

1872 2778 2049 2848 (proh
2087 2777 2315 2838 dolor!)
2371 2787 2610 2846 emptum
2679 2775 2967 2831 mandabat
3035 2772 3432 2844 pontiﬁcatum.

1872 2872 1936 2925 Et
1969 2873 2077 2923 hcce
2105 2871 2322 2936 quidem
2355 2869 2478 2922 iste.

1941 2961 2029 3015 XI.
2064 2961 2198 3014 Cum
2227 2969 2407 3012 autem
2447 2958 2628 3012 Cmsar
2657 2959 2930 3027 Angustus
2961 2957 3433 3025 quadragesimum

1870 3053 2168 3110 secundum
2207 3052 2288 3106 sui
2324 3051 2535 3120 imperii
2586 3061 2770 3120 ageret
2817 3063 3044 3109 annum.
3095 3049 3203 3102 exit
3253 3049 3320 3100 ab
3371 3062 3436 3100 eo

1871 3149 2131 3204 edictum.
2164 3155 2221 3198 ut
2251 3144 2343 3197 fiat
2397 3142 2688 3210 descriptio
2719 3141 2956 3195 universi
2997 3142 3142 3195 orbis
3188 3151 3344 3194 terra:
3373 3139 3434 3191 ".

1879 3238 2024 3292 Abiit
2053 3238 2233 3303 itaque
2265 3235 2637 3299 unusquisque
2670 3234 2720 3284 in
2751 3248 2901 3284 suam
2939 3233 3232 3292 civitatem,
3271 3238 3328 3282 ut
3363 3230 3436 3281 ibi

1876 3329 2296 3383 describeretnr.
2351 3323 2644 3391 Oportebat
2693 3323 2837 3374 enim
2870 3322 2922 3375 in
2979 3323 3244 3376 descensu
3295 3322 3433 3391 ejus,

1874 3424 1964 3494 qui
1997 3431 2183 3492 regnat
2217 3419 2269 3473 in
2304 3417 2454 3472 etelis
2487 3457 2501 3481 ,
2554 3428 2710 3470 terra:
2744 3432 2958 3486 quoque
2985 3417 3257 3486 principes
3303 3429 3435 3468 con-

1877 3793 1999 3862 ρίας
2060 3794 2178 3862 ἦτοι
2206 3791 2303 3860 τῆς
2340 3790 2620 3851 Ἰουδαίας.
2662 3790 2855 3859 Ἀπῄει
2884 3786 3171 3858 τοιγαροῦν
3207 3787 3437 3848 ἕκαστος

1869 3884 1951 3947 εἰς
1996 3884 2095 3954 τὴν
2137 3883 2275 3936 ἰδίαν
2332 3881 2762 3951 ἀπογράψασθαι
2812 3881 2985 3934 πόλιν.
3027 3880 3172 3931 Ἔδει
3230 3880 3338 3948 γὰρ
3369 3881 3436 3945 τῇ

1871 3976 2006 4046 πρὸς
2029 3975 2133 4041 γῆν
2164 3974 2373 4044 καθόδῳ
2409 3973 2500 4026 τοῦ
2531 3975 2586 4026 ἐν
2633 3974 2880 4043 οὐρανοῖς
2928 3969 3305 4041 βασιλεύοντος
3344 3968 3440 4021 καὶ

1870 4066 1998 4126 τοὺς
2021 4068 2117 4135 τῆς
2138 4065 2238 4134 γῆς
2270 4064 2537 4132 ἄρχοντας
2577 4061 2919 4130 λειτουργίας
2947 4059 3296 4124 εἰσενεγκεῖν.
3328 4053 3439 4108 Καὶ

1875 4156 1996 4207 ἐπεὶ
2026 4156 2084 4207 τὸ
2137 4155 2315 4222 δόγμα
2365 4151 2563 4221 δηλαδή
2628 4153 2725 4220 τῆς
2780 4150 3106 4217 ἀπογραφῆς
3154 4147 3291 4217 πρὸς
3341 4146 3440 4214 τὴν

1879 4247 2149 4315 σφετέραν
2179 4247 2406 4297 ἕκαστον
2436 4243 2660 4296 ουνώθει
2695 4243 2955 4312 πατρίδα¹
2995 4240 3170 4309 τούτῳ
3207 4242 3300 4292 καὶ⁵
3329 4239 3441 4290 Ἰω-

1879 4339 1985 4405 σὴφ
2021 4337 2358 4406 πειθόμενος,
2385 4339 2449 4389 ἐκ
2474 4336 2573 4405 τῆς
2598 4335 2908 4397 Γαλιλαίας,
2941 4335 3005 4386 ὲκ
3050 4331 3254 4394 πόλεώς
3299 4346 3439 4399 φημι

1879 4429 2150 4496 Ναζαρὲτ,
2178 4432 2256 4489 είς
2287 4432 2384 4494 τὴν
2409 4428 2670 4481 Ἰουδαίαν
2697 4431 3006 4496 ἀᾳικνεῖται
3039 4433 3172 4497 πρδς
3199 4426 3442 4497 Βηθλεὲμ

209 4531 420 4600 Ἐσδρχ
444 4533 738 4602 ἐτύγχανον
774 4530 948 4595 οὖσαι,
1002 4532 1196 4598 φθόνου
1240 4532 1332 4583 καὶ
1380 4529 1575 4599 μανίας
1614 4528 1772 4598 ἔργον
1807 4548 1852 4604 D
1882 4519 2114 4588 πόλιν,ῆ
2154 4519 2303 4581 πόλις
2333 4521 2447 4571 ἐστὶ
2475 4519 2655 4573 Δαὸξδ.
2693 4522 2857 4588 Καὶὴ
2892 4520 3059 4580 αἰτία,
3087 4520 3146 4569 τὸ
3179 4514 3318 4570 εἶναι
3340 4518 3440 4569 αὑ-

204 4623 406 4687 ποιῶν,
439 4625 573 4692 πυρὶ
610 4625 809 4678 δίδωσι.
849 4624 956 4678 Καὶ
999 4626 1026 4676 ὁ
1069 4625 1296 4689 σκοπὸς,
1325 4622 1401 4685 ὡς
1435 4622 1629 4691 κομιδῆ
1680 4638 1776 4673 πο-

209 4723 408 4789 νηρός*
442 4719 526 4771 ἶνα
590 4721 788 4788 μηκέτι
835 4725 947 4786 τοῖς
975 4721 1255 4782 Ἰουδαίοις
1303 4723 1581 4790 γνώριμον
1712 4721 1775 4772 ὲκ

214 4811 377 4872 ποίας
405 4804 550 4863 οὗτοι
582 4811 908 4877 τυγχάνουσι
954 4813 1213 4880 πατριᾶς,
1249 4811 1341 4862 καὶ
1380 4810 1524 4868 τινες
1555 4809 1652 4879 μὲν
1677 4809 1774 4859 αὑ-

212 4904 329 4958 τῶν
358 4905 404 4956 oi
432 4902 703 4972 ἡμεδαποὶ
732 4907 824 4956 καὶ
855 4902 1192 4972 αὐτόχθονες,
1228 4902 1368 4966 τίνες
1400 4902 1454 4955 δὲ
1491 4902 1587 4962 οὓς
1619 4902 1776 4969 γειώο

216 5012 322 5064 ρας
354 4995 555 5048 εἴθιστο
588 4992 792 5046 καλεῖν.
824 4995 964 5062 Πρὸς
998 4996 1110 5056 τοῖς
1135 4994 1338 5058 ἀλλοις,
1371 4994 1462 5046 καὶ
1496 4995 1594 5061 τὴν
1624 4995 1775 5064 {spat-

211 5084 374 5154 τικὴν
404 5086 594 5159 στολὴν
618 5088 673 5136 ἐν
698 5086 879 5136 σκεύει
900 5085 960 5153 δή
983 5102 1086 5138 τινι
1114 5085 1472 5152 ἀποθέμενος,
1497 5085 1587 5137 καὶ
1609 5101 1780 5153 σφρα-

213 5177 371 5242 γῖδας
423 5177 713 5239 ἐπιϐαλὼν,
774 5179 1003 5243 ἀσήμοις
1051 5178 1273 5247 ἀνδράσι
1325 5175 1427 5244 φεῦ
1484 5178 1781 5246 χρημάτων

215 5270 379 5320 ὢνιον
416 5268 513 5334 τὴν
553 5271 960 5339 ἀρχιερωσύνην
993 5269 1180 5320 ἐτίθει.
1217 5270 1326 5322 Καὶ
1355 5269 1524 5323 ταῦτα
1561 5272 1659 5340 μὲν
1689 5270 1780 5322 οὔ·

215 5380 348 5426 τως.
391 5359 525 5428 Ἤδη
577 5362 631 5415 δὲ
665 5362 936 5430 Καίσαρος
988 5363 1318 5430 Αὐγούστου,
1365 5364 1614 5432 δεύτερον
1666 5365 1783 5426 ἔτος

217 5458 319 5509 καὶ
349 5459 782 5521 τεσσαρακοστὸν
829 5455 1224 5523 βασιλεύοντος,
1268 5454 1433 5520 ἔξεισι
1466 5455 1594 5524 παρ’
1616 5457 1781 5510 αὐτοῦ

214 5548 418 5617 δόγμα,
441 5548 763 5616 ἀπογρανὴν
788 5549 931 5618 πάσῃ
950 5551 1012 5616 τῇ
1035 5547 1325 5621 οἰκουμένῃ
1348 5550 1780 5617 ἐγκελευόμενον,

225 5640 391 5706 ἢγονν
422 5657 524 5710 φορ
557 5636 770 5706 λογίαν·
797 5642 889 5691 καὶ
919 5641 1118 5709 ταύτην
1150 5641 1405 5710 Κυρηνίῳ
1434 5643 1560 5707 τινὶ,
1595 5641 1663 5702 ὡς
1700 5643 1785 5694 eis.

220 5732 502 5801 νουστάτῳ
533 5733 627 5786 καὶ
663 5729 856 5800 πρώτῳ
880 5732 975 5800 τῆς
1011 5733 1308 5801 συγκλήτου
1338 5733 1552 5803 βουλῆς,
1589 5737 1614 5786 ὁ
1650 5736 1785 5787 Καῖ-

225 5835 336 5895 σαρ
379 5821 727 5897 ἐνεχείρισεν,
762 5824 817 5876 δν
865 5826 953 5877 καὶ
989 5827 1320 5893 κατέστησεν
1360 5825 1658 5898 ἡγούμενον
1691 5826 1784 5878 Συ-

1880 4613 1966 4662 τὶν
1993 4610 2050 4674 ἐξ
2080 4612 2227 4662 οἴκου
2277 4611 2410 4680 φησὶ
2455 4610 2550 4664 καὶ
2581 4611 2842 4682 πατριᾶς,
2891 4611 2918 4662 ὃ
2951 4611 3064 4662 ἐστι
3115 4610 3438 4676 συγγενείας

1878 4695 2062 4749 Δαϐίδ.
2104 4698 2435 4762 ’Λσικνείται
2465 4696 2520 4747 δὲ
2546 4697 2681 4763 πρὸς
2711 4697 3056 4765 ἀπογραφὴν,
3088 4696 3183 4747 σὺν
3213 4696 3276 4764 τῇ
3311 4693 3442 4746 θαυο

1886 4788 2204 4859 μασιωτάτῃ
2237 4787 2512 4854 γυναικῶν
2547 4787 2755 4856 Μαρία,
2786 4787 2916 4855 οὔσῃ
2963 4786 3164 4854 ἐγκύῳ.
3197 4785 3304 4837 Καὶ
3335 4789 3442 4854 γαρ

1882 4884 1916 4950 ὴ
1953 4882 2050 4950 μὲν
2098 4882 2376 4944 Γαλιλαία,
2415 4882 2566 4950 χώρα
2595 4881 2674 4942 τίς
2729 4881 2842 4932 ἐστι
2890 4877 3288 4946 Παλαιστίνης·
3335 4877 3445 4946 ἡδὶ

1883 4973 2138 5042 Ναζαρὲτ
2192 4974 2343 5033 πόλις
2395 4973 2490 5040 τῆς
2531 4972 2840 5031 Γαλιλαίας.
2895 4972 3061 5022 Πάλιν
3113 4972 3144 5040 ἡ
3193 4970 3444 5034 Ἰουδαία,

1884 5067 2034 5137 χώρα
2061 5082 2146 5126 τις
2168 5065 2311 5117 οὕτω
2344 5065 2858 5134 προσαγορευομένη
2880 5079 2892 5092 ·
2930 5061 3177 5131 Βηθλεὲμ.
3205 5061 3260 5113 δὲ
3296 5059 3444 5122 πόλις

1883 5161 1980 5226 τῆς
2011 5157 2290 5210 Ἰουδαίας.
2347 5158 2449 5208 Τὸν
2507 5159 2608 5225 μέν
2652 5173 2734 5208 τοι
2783 5155 3016 5224 Χριστὸν
3067 5156 3112 5204 οι
3167 5153 3444 5221 προφῆται

1886 5251 2086 5313 πάντες
2117 5248 2336 5301 οὐκάπὸ
2359 5250 2454 5317 τῆς
2488 5246 2761 5316 Ναζαρὲτ,
2788 5244 2903 5296 ἀλλ’
2933 5245 3038 5296 ἀπὸ
3066 5244 3162 5309 τῆς
3195 5241 3442 5311 Βηθλεὲμ

1887 5343 2118 5409 ἔφασκον
2139 5340 2313 5408 ἥξειν,
2363 5341 2528 5392 κάκεῖ
2556 5337 2945 5407 τεχθήσεσθαί..
2979 5337 3131 5388 Ἐπεὶ
3156 5331 3249 5386 οὖν
3277 5349 3443 5400 φανε-

1890 5435 1981 5503 ρὸν
2003 5435 2202 5485 ἀπασιν
2234 5427 2323 5501 ἦν,
2353 5432 2459 5483 ἀπὸ
2491 5431 2586 5500 τῆς
2634 5428 2880 5495 Βηθλεὲμ
2913 5429 3002 5479 τὸν
3049 5427 3251 5494 Κύριον
3284 5425 3444 5492 ερχε-

1890 5522 2033 5588 σθαι,
2059 5528 2368 5592 γέγραπται
2393 5526 2522 5592 γὰρ,
2543 5524 2616 5584 ώς
2646 5525 2877 5590 ἔφημεν,
2913 5522 3019 5572 Καὶ
3046 5518 3148 5582 σὺ,
3177 5514 3444 5584 Βηθλεέμ

1891 5614 2050 5681 οἶκος
2074 5616 2176 5669 τοῦ
2205 5617 2485 5683 Ἐφραθίι,
2522 5614 2838 5681 ὀλιγοστὸς
2863 5608 3050 5664 εῖ·τοῦ
3079 5606 3226 5663 εἶναι
3265 5609 3333 5659 ἐν
3361 5625 3447 5674 χιε

1890 5709 2096 5762 λιὰσιι·
2141 5706 2357 5770 Ἰούδα,
2382 5707 2448 5758 ἐκ
2489 5703 2603 5758 σοῦ
2626 5721 2723 5770 μοι
2756 5703 3135 5766 ἐξελεύσεται
3171 5698 3274 5752 τοῦ
3296 5693 3444 5750 εἶναι

1891 5805 1973 5871 εἰς
2005 5800 2260 5870 ἄρχοντα
2282 5801 2346 5853 ἐν
2371 5800 2446 5866 τῷ
2485 5796 2750 5865 Ἰσραήλ.
