4170 6322
754 332 857 395 639

1988 346 2266 404 MENSIS
2308 346 2731 412 AUGUSTUS.

3873 352 3973 417 510

755 443 890 500 lerre
937 460 1184 501 munera.
1246 446 1515 512 Quoniam
1571 462 1749 508 autem
1805 454 2065 520 edictum,
2104 456 2311 511 scilicet
2340 459 2387 514 Δ
2414 475 2606 516 arcana
2637 463 2843 517 ratione
2882 470 3123 533 ceperat.
3168 464 3302 517 Cum
3326 461 3467 518 enim
3494 462 3648 518 multi
3694 480 3761 520 ex
3802 467 3984 523 multis

746 537 1139 606 descriptionis,
1174 554 1620 611 unumquemque
1662 545 1715 599 in
1756 561 1907 600 suam
1956 549 2315 617 compellebat

752 628 1003 696 patriam,
1032 629 1231 700 Joseph
1272 646 1491 702 quoque
1533 634 1581 688 ei
1614 651 1832 704 parens,
1867 653 1929 691 ex
1976 636 2213 700 Galilaaa.
2248 655 2314 693 ex

748 718 981 784 civitate,
1030 720 1271 791 inquam,
1326 722 1611 789 Nazareth,
1660 730 1809 783 venit
1851 730 1902 783 in
1952 730 2213 792 Judaeam,
2258 732 2309 783 in

751 807 1019 864 Bethleem
1069 812 1368 881 civitatem,
1409 830 1528 883 qua:
1554 827 1639 871 est
1682 818 1870 873 civitas
1916 816 2099 873 David.
2139 819 2310 874 Causa

748 915 874 953 vero
917 911 1056 965 erat,
1091 917 1158 956 eo
1189 904 1329 971 quod
1376 916 1519 961 esset
1551 909 1803 979 (inquit)
1833 912 1899 963 de
1948 911 2107 964 domo
2135 921 2186 964 et
2233 910 2311 963 fa-

751 990 899 1042 milia
934 990 1121 1052 David.
1169 994 1273 1049 hoc
1305 1006 1409 1058 est,
1440 1001 1783 1065 cognatione.
1826 1000 1985 1055 Venit
2024 1011 2201 1055 autem
2244 1002 2311 1055 ad

747 1080 1165 1148 descriptionem
1234 1102 1355 1141 cum
1414 1091 1515 1145 hac
1574 1107 1641 1146 ex
1694 1093 2014 1147 mulieribus
2079 1096 2309 1149 maxime

744 1172 1052 1230 admirabili
1096 1177 1281 1240 Maria,
1314 1196 1433 1248 qua:
1469 1193 1589 1236 erat
1622 1184 1862 1252 gravida.
1905 1184 2121 1238 Etenim
2160 1185 2305 1240 Gali-

744 1265 842 1318 laea
868 1266 1085 1332 quidem
1127 1281 1209 1322 est
1236 1272 1481 1337 qumdam
1514 1275 1659 1342 regio
1688 1273 1980 1330 Palestina:
2004 1295 2018 1342 ;
2045 1275 2307 1331 Nazaretlt

745 1364 919 1409 autem
960 1367 1045 1412 est
1100 1362 1297 1415 civitas
1341 1360 1592 1417 Galilaeam
1642 1365 1849 1421 Rursus
1894 1378 2072 1422 autem
2127 1368 2307 1423 Iudaea

744 1457 825 1500 est
852 1449 1120 1515 quaedam,
1153 1467 1270 1520 quae
1300 1454 1379 1508 sic
1402 1456 1617 1519 dicitur,
1659 1460 1841 1527 regio;
1874 1458 2150 1513 Bethleem
2180 1476 2308 1516 vero

744 1537 933 1592 civitas
985 1539 1204 1598 Judaete.
1258 1545 1433 1614 Atque
1493 1547 1776 1603 Christum
1839 1552 2054 1619 quidem
2116 1567 2306 1606 omnes

744 1629 1040 1696 prophetae,
1078 1648 1186 1686 non
1226 1650 1289 1688 ex
1317 1635 1581 1691 Nazareth
1613 1649 1894 1692 venturum
1919 1639 2187 1705 dicebant,
2213 1641 2305 1695 sed

742 1734 806 1771 ex
838 1718 1135 1785 Bethleem,
1177 1741 1229 1779 et
1263 1726 1379 1779 fore
1420 1738 1477 1781 ut
1503 1728 1611 1782 illic
1650 1741 1945 1799 pareretur.
1980 1732 2118 1786 Ecce
2160 1732 2301 1785 enim

745 1810 839 1863 tibi
872 1816 1131 1882 evestigio
1179 1821 1454 1886 proposita
1500 1830 1585 1875 est
1615 1824 1930 1892 prophetia:
1961 1824 2029 1878 Et
2061 1835 2115 1878 tu
2149 1825 2303 1879 Bel/t-

742 1901 875 1953 leem
908 1911 1047 1957 terra
1080 1906 1242 1968 Juda,
1280 1926 1610 1981 nequaquam
1640 1931 1691 1968 es
1725 1918 1941 1969 minima
1973 1919 2024 1969 in
2056 1918 2303 1985 principi-

742 1994 833 2047 bus
866 1994 1005 2048 Juda
1031 1999 1087 2049 ".
1126 1999 1192 2053 Et
1224 2016 1342 2069 quae
1376 2017 1676 2073 sequuntur
1701 2008 1977 2075 deinceps,
2011 2009 2100 2061 tibi
2127 2010 2304 2066 decla-

743 2095 825 2137 ret
856 2084 1205 2157 Evangelium
1234 2091 1300 2143 “2
1329 2092 1599 2155 Quoniam
1632 2112 1761 2163 ergo
1792 2098 2137 2151 manifestum
2187 2107 2305 2152 erat

741 2178 994 2232 omnibus
1035 2179 1310 2236 Christum
1344 2194 1631 2240 venturum
1664 2203 1727 2242 ex
1778 2188 2074 2254 Bethleem,
2103 2192 2304 2245 idcirco

737 2266 1032 2337 Jnseplium
1052 2285 1107 2325 et
1128 2271 1368 2336 Mariam.
1385 2278 1472 2347 qui
1493 2279 1597 2334 etsi
1618 2281 1762 2334 cives
1779 2292 1962 2335 essent
1985 2282 2306 2337 Bethleemi-

743 2368 828 2423 ue,
872 2373 932 2412 ea
987 2369 1124 2415 terra
1153 2363 1562 2434 dimissa(quod
1595 2368 1778 2423 multis
1820 2384 1960 2436 smpe
1992 2370 2205 2431 accidit,
2247 2377 2306 2424 ut

740 2448 977 2504 dimissis
1022 2452 1089 2507 iis
1145 2470 1265 2522 quae
1318 2456 1465 2524 ipsos
1522 2459 1777 2524 tulerunt,
1801 2460 1991 2515 malint
2035 2460 2089 2514 in
2132 2462 2305 2517 aliena

740 2536 986 2590 habitare
1026 2540 1290 2608 civitate),
1336 2544 1437 2614 ipsi
1464 2562 1679 2617 quoque
1712 2550 2021 2604 habitabant
2049 2551 2104 2604 in
2133 2551 2305 2605 Naza-

740 2630 882 2693 reth,
940 2634 1316 2700 compellebat,
1369 2647 1428 2691 ut
1468 2640 1669 2693 dictum
1717 2652 1819 2703 est,
1848 2657 1940 2695 eos
1966 2643 2046 2696 vel
2083 2645 2304 2709 invitos,

740 2718 793 2771 in
820 2718 1092 2776 Bethleem
1146 2725 1405 2794 edictum,
1453 2729 1559 2787 Deo
1614 2731 1998 2788 admirabiliter
2027 2742 2080 2789 et
2114 2716 2307 2805 praeter

737 2811 1049 2878 opinionem
1082 2816 1196 2868 haec
1225 2818 1574 2885 dispensante
1606 2830 1659 2875 et
1692 2835 1963 2880 versante.

809 2902 921 2955 ΧΙΙ.
947 2904 1079 2959 Cum
1111 2906 1219 2962 illic
1243 2924 1369 2979 ergo
1386 2910 1612 2968 fuissent
1641 2927 1855 2985 propter
1890 2920 2305 2990 descriptionem

736 2993 948 3062 Impleti
976 3009 1115 3058 sunt,
1145 3000 1318 3069 inquit
1341 3004 1533 3065 ",dies
1563 3018 1619 3058 ut
1642 3007 1792 3074 Virgo
1816 3022 2058 3076 pareret;
2091 3023 2138 3066 et
2168 3016 2306 3081 parit

2417 549 2550 606 locis
2569 553 2637 607 ad
2670 554 3088 623 descriptionem
3131 554 3463 609 conﬂuerent
3499 554 3676 625 (utest
3700 569 3986 612 consenta-

2414 645 2602 713 neum)
2630 654 2686 699 et
2712 646 2828 700 loca
2878 647 3083 701 scilicet
3114 656 3571 716 praeoccuparem,
3597 660 3651 700 et
3692 664 3760 701 ex
3799 664 3867 703 eo
3895 665 3985 703 eos

2414 737 2507 805 qui
2539 740 2796 805 postremi
2836 737 3144 801 veniebant,
3174 739 3226 791 in
3272 754 3493 806 magnas
3526 738 3856 795 abducerent
3889 757 3982 794 an-

2413 830 2636 898 gustias,
2681 829 2830 883 illum
2855 835 2933 885 sic
2962 847 3081 883 cum
3117 829 3237 882 aliis
3274 830 3390 883 loco
3428 839 3698 899 egentem,
3746 847 3981 901 prasepe

2414 922 3130 990 suscipit:illum,inquam,
3156 921 3246 988 qui
3291 931 3663 988 paupertatem
3707 922 3868 991 elegit
3918 928 3981 977 ab

2412 1014 2587 1078 initio,
2610 1024 2662 1067 et
2691 1030 2809 1068 eam
2876 1013 3164 1067 honoravit
3239 1013 3291 1062 in
3342 1013 3537 1079 seipso.
3597 1012 3702 1066 Sed
3740 1024 3981 1081 pastores

2410 1121 2643 1175 quoque,
2677 1106 2870 1175 inquit,
2908 1113 3063 1158 erant
3120 1106 3175 1157 in
3232 1105 3333 1157 hac
3359 1104 3603 1173 regione,
3643 1115 3871 1174 agentes
3929 1108 3976 1160 in

2410 1207 2568 1250 nocte
2620 1198 2911 1251 custodias.
2953 1196 3029 1249 Ad
3060 1210 3193 1264 quos
3236 1193 3328 1248 Dei
3378 1210 3593 1263 quoque
3638 1198 3857 1250 advenit
3890 1214 3980 1251 an—

2409 1288 2641 1358 gelus.et
2664 1303 2756 1341 eos
2780 1287 2986 1340 Domini
3010 1286 3178 1355 gloria
3199 1284 3557 1339 circumlulsit
3586 1323 3599 1337 .
3635 1285 3771 1338 Cum
3805 1298 3980 1338 autem

2406 1380 2646 1433 exterriti
2663 1379 2890 1433 fuissent
2908 1378 3213 1447 spectacula
3233 1395 3246 1430 :
3269 1376 3569 1429 Timuerunt
3586 1376 3757 1440 enim,
3787 1377 3979 1445 inquit,

2409 1472 2591 1523 timore
2628 1486 2835 1539 magno,
2855 1468 3075 1539 angelus
3092 1469 3359 1529 timorem,
3407 1478 3466 1521 ut
3483 1469 3571 1536 qui
3595 1484 3705 1522 non
3728 1469 3981 1522 decenter

2407 1575 2499 1614 eos
2536 1561 2844 1622 invasisset,
2870 1560 3085 1628 expellit
3114 1558 3327 1614 :Nolite
3366 1558 3565 1621 timere,
3617 1560 3840 1624 dicens;
3878 1578 3985 1613 acre

2408 1654 2543 1704 enim
2572 1654 2825 1705 annuntio
2854 1654 2993 1706 vobis
3014 1653 3265 1722 gaudium
3305 1666 3552 1717 magnum
3577 1650 3714 1720 quod
3737 1654 3837 1703 erit
3868 1655 3981 1703 uni-

2406 1759 2547 1795 verso
2561 1745 2767 1811 populo,
2787 1758 2894 1796 non
2910 1742 3109 1797 Juda:is
3122 1742 3272 1807 solis,
3292 1742 3384 1796 sed
3401 1742 3673 1796 omnibus.
3688 1741 3879 1810 Adjice
3896 1744 3983 1797 ad-

2407 1833 2512 1886 huc
2564 1834 2884 1901 apertiorem
2934 1834 3113 1904 gaudii
3175 1830 3975 1904 signiﬁcationeszuaniam,

2408 1926 2598 1991 inquit,
2622 1935 2775 1976 natus
2805 1935 2877 1977 est
2919 1925 3058 1978 vobis
3095 1927 3243 1978 hodie
3269 1924 3513 1978 Salvator
3536 1926 3624 1991 qui
3645 1935 3721 1977 est
3751 1923 3983 1981 Christus

2404 2015 2675 2078 Dominus,
2702 2018 2754 2069 in
2786 2017 2996 2069 civitate
3024 2017 3219 2070 David.
3245 2016 3315 2071 Ut
3353 2026 3532 2069 autem
3563 2031 3591 2067 a
3614 2014 3725 2071 Deo
3744 2017 3983 2085 profecta

2404 2118 2458 2162 ct
2477 2124 2600 2163 vera
2615 2124 2710 2163 vox
2727 2110 3081 2178 judicaretur,
3096 2108 3213 2176 ejus
3229 2107 3406 2162 statim
3433 2108 3677 2175 sequitur
3698 2107 3983 2159 conﬁrma-

2404 2200 2500 2252 tio.
2550 2198 2791 2267 Repente
2821 2200 2966 2251 enim
3013 2214 3137 2252 cum
3182 2198 3371 2266 angelo
3433 2197 3551 2252 laus
3584 2210 3808 2265 quoque
3829 2197 3982 2249 audi-

2407 2297 2496 2341 tur
2553 2304 2584 2342 a
2654 2289 2995 2344 multitudine
3064 2288 3288 2358 angelici
3363 2289 3654 2349 exercitus,
3728 2288 3979 2343 dicentis:

2406 2379 2583 2435 Gloria
2607 2381 2660 2434 in
2681 2382 2890 2435 excelsis
2911 2381 3039 2446 Deo,
3070 2389 3117 2435 et
3154 2381 3209 2434 in
3234 2388 3373 2434 terra
3392 2395 3499 2450 pax
3522 2379 3822 2432 hominibus
3842 2380 3983 2433 bona:

2406 2472 2685 2526 voluntatis
2704 2474 2769 2527 ¹⁶.

2473 2563 2616 2616 Xlll.
2639 2563 2896 2626 Quaenam
2923 2578 3053 2617 vero
3070 2561 3146 2630 (7)
3168 2570 3323 2617 erant
3343 2579 3405 2618 ea
3426 2581 3544 2633 qua:
3564 2578 3619 2623 tu
3649 2573 3977 2628 admirabilis

2407 2654 2792 2716 conservabas,
2828 2652 3011 2714 Maria,
3042 2662 3098 2706 et
3135 2653 3189 2706 in
3232 2662 3323 2707 tuo
3369 2657 3530 2710 corde
3560 2662 3977 2716 conlerebas"?

2405 2742 2544 2797 Num
2570 2742 2791 2796 omnino
2809 2752 2861 2795 et
2886 2740 2937 2795 id
2962 2740 3105 2809 quod
3136 2741 3228 2794 tibi
3258 2741 3467 2797 dixerat
3490 2747 3736 2815 angelus,
3767 2760 3820 2803 et
3839 2767 3975 2819 quae-

2406 2850 2620 2903 cunque
2670 2849 2860 2888 rursus
2889 2833 3147 2888 dixerunt
3197 2835 3607 2902 pastoresﬂlaac
3635 2840 3753 2908 ipsa
3791 2842 3847 2895 in
3888 2852 3977 2897 tuo

2406 2928 2567 2982 corde
2586 2940 2932 2994 componens,
2954 2933 3148 2977 etcum
3176 2923 3268 2976 illo
3294 2924 3409 2992 ipso
3429 2927 3735 2993 conferens,
3756 2932 3976 2986 videbas

2408 3018 2590 3073 omnia
2636 3016 2700 3067 ad
2731 3028 2897 3067 unum
2931 3012 3221 3067 convenire
3258 3014 3399 3080 quod
3429 3013 3573 3070 Deus
3600 3034 3793 3073 revera
3835 3023 3904 3075 sit
3931 3023 3976 3075 is

740 3082 999 3186 (6).ﬁlium
1029 3105 1182 3142 suum
1211 3093 1609 3162 primogenitum
1635 3106 1683 3149 et
1715 3099 1892 3167 fasciis
1921 3102 2126 3155 involvit
2163 3121 2301 3168 eum,
2331 3135 2373 3195 α
2408 3111 2499 3180 qui
2532 3119 2615 3164 est
2644 3124 2709 3163 cx
2732 3118 2783 3162 te
2809 3114 3064 3170 natus,et
3087 3114 3140 3159 te
3168 3104 3293 3160 fecit
3322 3107 3829 3179 miraculum,quod
3845 3116 3979 3168 οωιο

737 3175 828 3244 qui
887 3178 1046 3233 nullis
1111 3193 1285 3249 potest
1332 3186 1576 3241 terminis
1623 3189 2032 3247 circumscribi:
2098 3204 2152 3249 et
2181 3213 2300 3263 pro-

737 3277 913 3335 plerea
955 3273 1091 3339 quod
1119 3290 1217 3325 non
1254 3286 1380 3329 esset
1409 3279 1481 3330 eis
1508 3279 1645 3332 locus
1673 3282 1726 3333 in
1760 3284 2060 3346 diversorio,
2089 3302 2121 3339 0
2157 3296 2299 3342 tuam

739 3359 1087 3427 ineﬂabilem,
1122 3366 1355 3433 Christe,
1406 3380 1627 3439 propter
1684 3388 1769 3427 me
1812 3389 2200 3445 paupertatem,
2245 3385 2300 3435 in

738 3454 1191 3517 pra'sepireclinnl
1225 3475 1361 3517 eum.
1385 3462 1475 3529 qui
1503 3476 1663 3514 onme
1702 3465 2018 3519 alimentum
2044 3471 2302 3536 suppedic

743 3549 856 3607 tat;
878 3558 999 3596 eum
1019 3546 1107 3613 qui
1136 3561 1471 3619 nequaquam
1502 3552 1615 3620 capi
1637 3561 1835 3623 potest,
1863 3569 1923 3609 ea
1956 3571 2075 3626 quze
2115 3558 2294 3628 ipsum

849 3706 894 3737 ¹³
919 3705 1079 3761 Micb.
1111 3725 1165 3776 v,
1193 3710 1247 3763 2.

806 3895 883 3965 (6)
930 3896 1044 3950 Τοῦ
1073 3900 1525 3967 Μεταφραστοῦ.
1566 3901 1752 3954 Τίκτει
1791 3902 1898 3957 τὸν
1939 3905 2074 3959 υίὸν
2112 3909 2301 3977 αὐτῆς

737 3986 843 4040 τὸν
875 3989 1272 4056 πρωτότοκον,
1313 3990 1345 4059 ὴ
1378 3990 1638 4057 ἀμίαντος
1675 3990 1835 4061 κόρη,
1870 3992 1963 4045 καὶ
1993 4000 2300 4065 σπαργανοῐ

736 4079 829 4131 τὸν
861 4080 1134 4149 ἀόριστον,
1167 4081 1264 4133 καὶ
1303 4084 1461 4149 παρὰ
1487 4082 1553 4135 τὸ
1580 4082 1668 4153 μὴ
1695 4080 1847 4139 εἶναι
1876 4088 2064 4139 τόπον
2099 4088 2302 4154 αὐτοῖς

735 4168 806 4223 ἐν
842 4168 920 4233 τῷ
952 4172 1341 4238 καταλύματι,
1370 4171 1414 4225 ὣ
1451 4173 1550 4242 τῆς
1580 4174 1787 4241 ἁφάτου
1827 4194 1943 4242 σου,
1976 4179 2199 4246 Χριστὲ,
2233 4180 2300 4233 δι’

736 4261 837 4331 ἐμὲ
868 4264 1174 4332 πτωχείαςί
1216 4265 1286 4317 ἐν
1321 4264 1395 4333 τῇ
1429 4265 1624 4335 φάτνῃ
1656 4267 1745 4319 τὸν
1779 4268 1878 4337 τῆς
1908 4271 2113 4340 τροφῆς
2154 4272 2299 4325 ἁπά-

737 4366 836 4420 σης
869 4352 1099 4420 χορηγὸν
1126 4353 1459 4419 ἀνακλίνει,
1487 4358 1577 4409 τὸν
1607 4356 1858 4428 μηδαμοῦ
1882 4360 2228 4431 χωρούμενον
2264 4365 2297 4434 ἡ

736 4440 1037 4511 ἀχωρήτως
1068 4446 1386 4515 χωρήσασα.
1422 4447 1639 4501 Πολλῶν
1673 4450 1781 4520 γὰρ
1810 4452 2132 4523 πολλαχόθεν
2163 4454 2300 4523 πρὸς

736 4534 833 4604 τὴν
863 4536 1076 4605 γραφὴν
1105 4537 1292 4608 ὥσπερ
1336 4541 1481 4601 εἰκὸς
1531 4542 1896 4610 συρρεόντων,
1954 4549 2045 4596 καὶ
2098 4546 2300 4612 πολλὴν

737 4627 984 4680 ἐντεῦθεν
1020 4630 1130 4689 τοῖς
1172 4628 1398 4697 ἔσχατον
1433 4634 1840 4703 ἐπιγενομένοις
1875 4636 2301 4706 περιποιούντων

735 4717 835 4784 τὴν
871 4718 1150 4783 στένωσιν,
1183 4716 1226 4769 ὣ
1257 4717 1354 4785 τῆς
1397 4718 1466 4771 δι’
1492 4720 1591 4789 ἐμὲ
1626 4723 1984 4793 στενοχωρίας
2032 4727 2125 4778 καὶ⁵
2160 4725 2299 4789 ξενι-

735 4808 885 4870 τείας
927 4808 1019 4861 τοῦ
1054 4809 1142 4861 διὰ
1179 4811 1395 4862 πάντων
1430 4810 1733 4879 χωροῦντος
1770 4812 1864 4861 καὶ
1908 4815 2087 4863 πᾶσαν
2120 4816 2299 4868 κτίσιν

736 4901 1191 4968 ὲμπεριέχοντοςί
1240 4900 1446 4951 ἐκεῖνον
1497 4901 1636 4967 μετὰ
1678 4902 1785 4954 τῶν
1830 4900 2005 4957 ἄλλων
2034 4901 2176 4957 οὕτω
2207 4906 2299 4959 καὶ

737 4991 901 5044 τόπου
933 4989 1381 5060 διαπορούμενον,
1420 4992 1535 5063 οὐχ’
1567 4994 1811 5064 εὑρίσκει
1847 4996 1954 5065 γὰρ
1982 4998 2147 5050 τόπον
2180 4998 2301 5051 οὐδὲ

738 5084 1028 5150 κατάλυμα
1050 5128 1065 5150 ,
1100 5086 1134 5152 ἡ
1167 5085 1339 5155 φάτνη
1369 5084 1577 5154 δέχεται
1614 5086 1709 5156 τὴν
1740 5087 2005 5157 πτωχείαν
2047 5090 2300 5159 ἑλόμενον

741 5174 799 5240 ἐξ
830 5174 1024 5244 ἀρχῆς,
1067 5176 1158 5225 καὶ
1195 5176 1399 5244 ταύτην
1439 5180 1495 5230 ἐν
1525 5177 1700 5246 ἑαυτῷ
1724 5180 2047 5247 τιμήσαντα.
2090 5180 2299 5233 Ἐντεῦ-

740 5266 829 5317 θεν
865 5268 892 5319 6
923 5264 1332 5337 ἀπερίγραπτος
1368 5270 1425 5317 ἐν
1453 5268 1721 5337 σπηλαίῳ,
1750 5269 1970 5337 ὁΛὸγος
2000 5273 2057 5323 ἐν
2083 5272 2256 5340 φάτνῃ
2283 5308 2298 5334 ,

735 5362 763 5412 6
806 5359 899 5411 τοῦ
939 5360 1146 5426 κόσμου
1182 5357 1534 5426 δημιουργὸς,
1570 5358 1869 5426 αὐτουργὸς
1899 5362 1989 5412 καὶ
2006 5361 2296 5426 round-nou,

740 5451 832 5502 καὶ
883 5450 1073 5517 ὁδηγὸς
1120 5448 1280 5500 τοῦτό
1328 5465 1427 5499 που
1466 5451 1670 5516 γίνεται
1709 5450 1869 5513 αὐτὸς
1907 5452 2004 5519 μὲν
2038 5454 2297 5521 μαιεύων,

739 5542 899 5604 αὐτὸς
928 5540 983 5592 δὲ
1013 5541 1384 5609 μαιευόμενος.
1425 5541 1515 5592 καὶ
1541 5544 1606 5612 τῇ
1642 5541 1811 5611 μητρὶ
1833 5542 1920 5595 τὸν
1941 5542 2178 5611 Θάλαμον
2209 5561 2302 5612 χα-

743 5634 1038 5702 ριζόμενος.
1080 5632 1356 5686 Ἐντείθεν
1380 5633 1407 5685 6
1430 5634 1642 5686 πάντων
1668 5635 1943 5703 συνοχεὺς,
1974 5635 2029 5687 ὲν
2056 5637 2301 5705 σπαργά-

745 5740 853 5785 νοις
876 5741 887 5752 σ
922 5728 947 5777 6
981 5725 1195 5777 πάντων
1230 5727 1478 5795 τροιρεὺς,
1522 5727 1576 5778 ἓν
1610 5728 1721 5789 τοῖς
1756 5724 2301 5797 γαλακτοτροιρουμὲ-

1360 3710 1406 3743 ¹⁸
1433 3711 1619 3767 Matth.
1657 3730 1716 3781 ιι,
1752 3716 1804 3769 6.
1888 3716 1930 3749 ⁸³
1952 3716 2084 3775 Luc.
2106 3734 2165 3785 ιι,
2186 3720 2239 3787 6,
2266 3720 2320 3778 7.

2402 3210 2458 3260 et
2476 3210 2615 3255 terra
2646 3215 2752 3253 non
2782 3199 3015 3265 capitur.
3044 3196 3143 3261 Qui
3166 3197 3324 3249 etiam
3348 3199 3572 3266 suscipit
3601 3202 3981 3256 circumcisio-

2401 3309 2526 3348 nem
2552 3291 2877 3348 conﬁrmans
2904 3304 3055 3342 suam
3098 3303 3220 3341 cum
3256 3286 3455 3343 Judaeis
3484 3294 3893 3361 cognationem,
3912 3310 3979 3348 ne

2399 3386 2506 3440 illis
2520 3385 2853 3441 occasionem
2873 3384 3135 3453 praeberet
3150 3399 3271 3438 eum
3288 3383 3535 3454 negandi.
3556 3384 3980 3441 Circumciditur

2402 3487 2580 3531 autem
2620 3487 2808 3531 octavo
2832 3478 2917 3531 die
2937 3492 3030 3529 seu
3078 3477 3163 3531 die
3195 3479 3497 3542 Dominico,
3526 3493 3636 3544 quo
3670 3478 3775 3531 fuit
3815 3479 3977 3531 etiam

2399 3567 2742 3628 resurrectio;
2781 3575 2835 3619 et
2858 3565 3015 3621 Jcsus
3040 3569 3371 3621 nominatur.
3412 3567 3694 3636 Signilicat
3726 3584 3855 3623 vero
3882 3569 3981 3622 hoc

2434 3725 2478 3757 ¹⁶
2508 3724 2639 3780 ibid.
2673 3726 2825 3782 8-15.
2907 3728 2947 3760 "
2983 3727 3119 3782 ibid.
3148 3728 3232 3783 l9.

2405 3930 2551 3975 νοις·
2598 3917 2625 3969 6
2680 3917 2897 3971 πάντων
2950 3920 3327 3989 ἀπογραφεὺς,
3381 3924 3439 3975 ἐν
3486 3925 3600 3987 τοῖς
3658 3925 3980 3996 ἀπογραφο-

2408 4007 2609 4076 μένοις.

2475 4120 2741 4188 Ποιμένες
2775 4120 2854 4188 δὲ,
2888 4121 3073 4192 φησιν,
3103 4116 3245 4193 ἦσαν
3274 4124 3332 4176 ὲν
3364 4124 3430 4194 τῇ
3462 4121 3617 4195 χώρᾳ
3644 4124 3843 4199 ταύτῃ,
3877 4144 3979 4194 φυ-

2405 4210 2576 4276 λακὰς
2609 4214 2737 4281 περὶ
2767 4214 2939 4267 νύκτα
2971 4214 3307 4282 ποιούμενοι,
3338 4209 3418 4276 οἷς
3452 4216 3543 4267 καὶ
3573 4216 3810 4283 ἄγγελος
3840 4217 3977 4270 Θεοῦ

2404 4306 2630 4374 ἐπέστη.
2650 4308 2744 4358 καὶ
2768 4305 2891 4369 δόξα
2920 4304 3126 4373 Κυρίου
3151 4303 3348 4368 αὐτοὺς
3375 4307 3777 4377 περιέλαμψεν.
3820 4310 3975 4363 Ἐπεὶ

2328 4397 2375 4456 D
2400 4397 2456 4450 δὲ
2477 4395 2771 4462 κατάφοὸοι
2801 4396 3057 4465 γεγόνασι
3083 4398 3160 4466 τῷ
3188 4397 3442 4467 θεάματι,
3463 4400 3490 4452 6
3509 4400 3763 4467 ἄγγελος,
3790 4400 3866 4463 ὡς
3902 4402 3977 4472 μὴ

2403 4489 2522 4541 καθ’
2554 4488 2703 4559 ὥραν
2741 4490 3042 4544 ἐπελθόντα
3072 4492 3164 4545 τὸν
3209 4493 3371 4559 φόϐον
3403 4493 3505 4555 ἔξω
3537 4495 3701 4558 ποιεῖ,
3732 4494 3831 4562 Μὴ
3874 4513 3979 4564 φο-

2401 4582 2617 4645 ϐεῖσθε,
2636 4582 2831 4651 λέγων,
2847 4582 2978 4637 ἰδοὺ
2996 4584 3105 4650 γὰρ
3126 4583 3570 4653 εὐαγγελίζομαι
3590 4583 3737 4654 ὑμῖν
3755 4589 3974 4656 χαράν,

2400 4670 2531 4737 ἥτις
2573 4672 2767 4735 ἔσται,
2797 4669 2895 4722 οὐκ
2938 4668 3210 4732 Ἰουδαίοις
3240 4670 3454 4739 μόνοις,
3489 4671 3605 4726 ἀλλ’
3634 4674 3831 4727 ἇπασι.
3868 4676 3976 4727 Καὶ

2400 4763 2719 4832 προστίθησι
2737 4762 3074 4830 τρανώτερον
3094 4762 3192 4831 τὴν
3215 4762 3311 4834 τῆς
3326 4766 3543 4835 χάριτος
3565 4763 3826 4833 δήλωσινο
3854 4768 3976 4820 ὀτι

2401 4854 2585 4922 φησιν,
2610 4853 2822 4924 ἐτέχθη
2849 4852 2989 4922 ὑμῖν
3010 4854 3230 4925 Σωτήρ.

2469 4991 2545 5062 (7)
2588 4990 2696 5044 Τοῦ
2718 4990 3175 5061 Μεταφραστοῦ.
3210 4990 3344 5042 Ποῖα
3371 4990 3478 5062 γὰρ
3510 4985 3576 5061 ἧν
3603 4991 3793 5073 ἕτερα,
3832 4992 3978 5064 ἅπερ

2400 5084 2432 5150 ἡ
2464 5082 2749 5152 Θαυμαστὴ
2783 5084 3103 5151 συνετήρεις
3131 5082 3333 5153 Μαρία,
3359 5084 3451 5136 καὶ
3470 5083 3550 5144 είς
3576 5082 3815 5150 καρδίαν
3848 5102 3979 5138 συν-

2400 5168 2643 5233 έϐαλλες,
2676 5171 2707 5238 ἢ
2751 5171 2967 5233 πάντως
3010 5170 3110 5223 ὅσα
3139 5187 3198 5223 τε
3233 5173 3444 5240 εἰρήκει
3485 5169 3621 5239 πρὸς
3658 5172 3720 5224 σὲ
3750 5175 3779 5224 6
3806 5174 3979 5241 ἄγγε-

2399 5260 2508 5324 λος,
2542 5262 2634 5313 καὶ
2665 5261 2762 5313 ὅσα
2790 5261 2852 5332 δὴ
2884 5262 3046 5315 πάλιν
3077 5264 3126 5314 ot
3166 5260 3421 5330 ποιμένες
3453 5256 3642 5327 εἷπον;
3675 5262 3871 5317 Ταῦτα
3901 5269 3982 5327 si;

2400 5353 2623 5421 καρδίαν
2661 5352 2795 5423 αὑτὴ
2832 5352 3157 5416 συντιθεῖσα,
3188 5354 3278 5405 καὶ
3312 5352 3470 5406 τοῦτο
3504 5354 3703 5424 ἐκείνῳ
3742 5357 3981 5425 συγκρίο

2400 5464 2585 5508 νουσα,
2629 5448 2761 5517 πρὸς
2804 5447 2862 5501 ἓν
2907 5449 3086 5516 ἐώρας
3126 5447 3417 5517 συνᾴδοντα
3455 5446 3658 5512 πάντα,
3706 5452 3805 5502 καὶ
3848 5451 3980 5517 μίαν

2401 5542 2670 5612 εὖρισκες,
2702 5535 2746 5592 ὦ
2780 5543 2949 5611 μῆτερ
2970 5542 3181 5608 σοφίας,
3204 5542 3303 5611 τὴν
3332 5540 3656 5610 συμφωνίαν
3676 5557 3689 5571 ⁸
3727 5544 3814 5593 ὅτι
3848 5539 3980 5601 Θεὸς

2402 5633 2536 5699 πρὸς
2585 5634 2842 5702 ἀλήθειαν
2873 5633 2900 5683 6
2939 5634 3002 5685 ὲκ
3048 5632 3141 5686 σοῦ
3183 5629 3483 5701 γεννηθεὶς,
3539 5633 3637 5686 καὶ
3682 5631 3746 5682 σε
3792 5630 3981 5700 Θαῦμα

2400 5726 2576 5789 δείξας
2608 5725 2754 5795 παρὰ
2786 5722 2954 5775 ταῦτα
2993 5725 3189 5787 πάντα,
3222 5720 3315 5776 καὶ
3342 5724 3491 5794 παρὰ
3519 5722 3745 5776 πάντων
3776 5722 3981 5777 τούτων
