4170 6322
166 395 267 463 541

1240 381 1525 444 ORATIO
1560 380 1659 440 DE
1703 378 1986 439 SANCTA
2024 375 2298 437 MARIA.

3298 374 3407 439 542

167 509 398 565 salutem
422 500 624 574 populi.
656 496 810 566 Quod
835 495 996 551 etiam
1026 490 1233 562 Virgini
1261 487 1745 560 praedicitangeius
1776 496 1817 546 Α
1850 486 2050 539 tionem
2088 502 2100 536 :
2145 481 2211 534 Et
2245 496 2379 543 ecce,
2436 478 2644 539 dicens.
2674 484 2827 533 homo
2881 490 2999 532 erat
3033 479 3084 532 in
3112 476 3411 535 Jerusalem

168 610 297 654 ante
328 589 848 665 conceptionem,Et
873 585 1096 649 vocabis,
1130 583 1401 651 inquiens,
1430 595 1612 631 nomen
1632 579 1743 646 ejus

166 681 349 734 Iesum
371 679 434 741 “,
463 658 967 741 idemqueJosepho
992 672 1199 734 postea,
1232 670 1393 728 atque
1421 658 1696 727 subjungit
1729 673 1741 707 :

167 772 287 838 Ip.e
315 770 450 823 enim
490 766 691 819 salvum
731 762 885 833 faciet
942 756 1189 826 populum
1236 769 1391 807 suum
1440 768 1473 804 α
1521 750 1745 818 peccatis

162 880 346 917 eorum
369 862 434 913 ".
458 857 663 912 Deinde
678 856 840 908 etiam
866 866 1055 905 rursus
1071 853 1572 916 exepectattempus
1592 842 1743 911 puri-

165 954 458 1008 ticationis.
498 949 778 1016 Postquam
807 944 949 997 enim
983 940 1185 1008 impleti
1216 946 1356 999 sunt,
1394 936 1585 1003 inquit,
1637 934 1743 986 dies

159 1045 494 1115 purgationis
547 1042 662 1109 ejus
722 1044 1006 1091 secundum
1048 1035 1207 1102 legem
1274 1029 1470 1097 Moysi(
1503 1025 1741 1093 comple-

162 1141 405 1188 mentum
423 1144 601 1187 autem
617 1132 827 1184 dierum
851 1137 968 1180 erat
986 1122 1475 1193 quadragesimus),
1510 1117 1739 1170 tulerunt

162 1229 430 1281 infantem
488 1225 672 1277 Jesum
741 1222 795 1275 in
846 1218 1167 1277 Jerusalem,
1213 1223 1266 1266 ut
1330 1215 1566 1265 sisterent
1625 1223 1740 1260 eum

160 1320 409 1374 Domino.
440 1318 573 1369 sicut
619 1315 871 1378 scriptum
923 1309 1082 1362 estin
1141 1307 1245 1375 lege
1294 1303 1503 1356 Domini
1554 1300 1740 1363 :Quta

158 1425 313 1461 omne
388 1405 742 1459 masculinum
816 1400 1127 1467 adaperiens
1200 1395 1445 1459 vult-ant,
1504 1403 1740 1446 sanctum

157 1500 384 1552 Domino
410 1495 677 1549 vocabitur
720 1507 737 1545 :
766 1501 813 1544 et
862 1500 917 1543 ut
953 1494 1137 1543 darent
1187 1487 1429 1548 hostiam,
1460 1484 1741 1536 secundum

155 1592 298 1657 quod
345 1590 540 1641 dictum
571 1598 643 1640 est
671 1588 725 1639 in
758 1586 870 1654 lege
933 1582 1163 1643 Domini,
1198 1595 1298 1647 par
1322 1587 1611 1641 turturum,
1648 1584 1739 1628 aut

154 1681 289 1734 duos
339 1680 509 1749 pullos
536 1680 894 1732 columbarum
920 1676 988 1727 ".

228 1772 368 1826 XIV.
397 1772 502 1828 Sed
538 1774 710 1825 satius
737 1770 966 1822 fortasse
990 1764 1066 1833 (8)
1096 1762 1257 1817 fuerit
1288 1762 1342 1816 id
1366 1763 1597 1826 solvere,
1630 1774 1737 1829 quo

151 1865 375 1921 videtur
438 1875 735 1932 repugnare
777 1860 920 1911 inter
957 1856 1331 1927 evangelistas.
1368 1854 1654 1907 Matthzeus
1684 1853 1731 1882 ἰ

152 1972 395 2024 namque
435 1955 565 2008 dicit
598 1952 811 2015 Iesum,
835 1960 1124 2020 postquam
1171 1958 1332 2002 natus
1365 1955 1529 2006 esset,
1558 1944 1741 2013 profe-

153 2059 307 2105 ctum
329 2052 379 2102 in
394 2047 676 2116 Egyptum
695 2063 707 2110 ;
729 2043 818 2099 hic
837 2054 1039 2105 autem,
1058 2041 1273 2096 divinus
1297 2039 1521 2102 scilicet,
1546 2038 1735 2100 Lucas,

154 2143 337 2207 ipsum
365 2146 486 2205 post
515 2136 869 2205 quadraginta
891 2134 1008 2189 dies
1032 2131 1250 2186 venisse
1279 2128 1733 2197 Hierosolymam.

1845 578 1926 629 cui
1968 590 2149 627 nomen
2182 571 2423 635 Simeon,
2452 580 2498 622 et
2533 570 2682 623 homo
2711 580 2823 623 erat
2875 571 3074 639 justus,
3108 580 3155 623 et
3184 570 3413 637 Spiritus

1849 668 2058 719 Domini
2099 673 2209 717 erat
2267 664 2322 715 in
2358 664 2494 729 ipso.
2540 661 2679 727 Quin
2718 661 2880 714 etiam
2919 662 3076 717 venit.
3121 660 3318 727 inquit,
3358 663 3412 713 in

1843 756 2046 825 Spiritu
2078 758 2131 808 in
2171 759 2444 820 templum.
2497 762 2550 806 et
2589 752 2637 805 ei
2684 752 2837 805 ulnas
2886 751 3118 821 praebuit
3169 753 3235 803 ad
3286 766 3410 803 eum

1843 845 2243 911 suscipiendum
2277 846 2343 903 ",
2406 842 2691 907 Quodnam
2752 851 2835 896 est
2901 851 3081 895 autem
3172 841 3412 894 salutare

1843 937 1988 1005 quod
2032 950 2198 989 senex
2236 934 2350 986 suis
2386 932 2519 985 vidit
2548 932 2718 985 oculis
2750 932 2772 982 ?
2803 931 2945 1000 ipse.
2996 930 3088 1000 qui
3133 930 3409 984 desidera-

1846 1031 2021 1087 batur.
2056 1027 2235 1081 Jesus.
2278 1024 2387 1078 Hoc
2432 1025 2575 1077 enim
2623 1038 2817 1078 nomen
2872 1039 3087 1091 quoque
3118 1024 3405 1092 signiﬁcat.

1845 1121 2096 1172 Paratum
2124 1130 2252 1169 vero
2281 1114 2459 1167 fuerat
2483 1113 2600 1181 ejus
2632 1111 2943 1182 mysterium
2975 1110 3201 1163 omnino
3230 1112 3293 1163 ad
3320 1125 3414 1163 sa-

1844 1212 2033 1273 lutem,
2058 1224 2165 1262 non
2190 1207 2320 1260 solis
2348 1205 2568 1269 Judzeis,
2593 1206 2687 1258 sed
2715 1204 2917 1257 mundo
2939 1204 3101 1255 etiam
3133 1202 3410 1256 universo.

1845 1304 1957 1358 Hoc
2009 1302 2150 1355 enim
2210 1300 2309 1354 sibi
2365 1296 2476 1351 vult
2530 1296 2657 1349 illud
2700 1312 2713 1349 :
2760 1295 3005 1347 Omnium
3052 1294 3412 1363 populatum;

1844 1397 1991 1450 sicut
2020 1395 2184 1448 etiam
2217 1391 2345 1445 illud
2376 1408 2387 1443 :
2426 1389 2626 1443 Lumen
2656 1387 2725 1439 ad
2766 1387 3131 1441 reuelationem
3159 1385 3411 1453 gentium,

1842 1499 1890 1543 et
1936 1488 2163 1557 gloriam
2214 1484 2389 1551 populi
2424 1482 2503 1533 tui
2531 1479 2723 1533 Israel.
2776 1477 2909 1532 Vide
2946 1493 3075 1533 vero
3099 1477 3203 1545 (9),
3250 1492 3411 1545 quam

1840 1586 2092 1633 accurate
2118 1576 2352 1643 loquitur
2376 1571 2705 1641 evangelista
2732 1587 2745 1621 :
2786 1569 2952 1621 Erant
2982 1577 3186 1629 autem,
3213 1566 3409 1633 inquit,

1840 1670 1870 1723 J
1880 1671 2030 1737 oseph
2047 1677 2093 1722 et
2121 1677 2289 1720 muter
2304 1668 2417 1735 eius
2437 1665 2755 1718 admirantes
2780 1670 2989 1729 propter
3011 1675 3070 1711 ea
3087 1674 3200 1727 qua:
3219 1659 3279 1709 de
3303 1658 3412 1725 ipso

1841 1756 2149 1809 dicebantur
2175 1754 2239 1809 ”.
2282 1753 2506 1807 Matrem
2537 1751 2752 1821 quidem
2788 1750 2995 1810 dicens,
3038 1756 3097 1800 ut
3136 1762 3255 1815 qua:
3285 1761 3414 1800 vere

1842 1859 2009 1909 esset,
2067 1854 2123 1899 et
2153 1847 2219 1898 ab
2253 1846 2366 1913 ipsa
2402 1857 2602 1897 vocans
2647 1840 2969 1893 habitudine
2999 1855 3013 1902 ;
3050 1838 3200 1890 illum
3232 1846 3413 1888 autem

1842 1940 1989 1992 nudo
2046 1938 2289 2001 nomine,
2358 1946 2416 1990 ut
2467 1935 2559 2005 qui
2620 1934 2895 1988 videretur
2960 1931 3178 2005 quidem
3238 1938 3414 1997 pater,

1843 2044 1950 2083 non
1986 2039 2129 2082 esset
2162 2038 2345 2082 autem
2376 2042 2582 2080 revera.
2620 2027 2695 2079 Ea
2737 2038 2955 2093 quoque
2990 2001 3200 2074 ratione
3231 2019 3416 2071 ambo-

1843 2122 1945 2175 bus
1990 2121 2207 2190 quidem
2252 2118 2527 2172 benedixit
2567 2117 2789 2170 Simeon
2821 2132 2835 2179 ;
2870 2115 3056 2168 relicto
3094 2121 3274 2165 autem
3324 2110 3417 2163 Jo-

153 2204 260 2285 Sed
296 2204 431 2283 nihil
485 2204 887 2295 dicunt,iquod
949 2226 1092 2278 inter
1140 2238 1197 2277 se
1235 2222 1504 2289 discrepet
1557 2233 1733 2286 neque
1771 2249 1811 2301 Β
1845 2214 2013 2285 seph,
2070 2213 2364 2281 alloquitur
2418 2210 2638 2264 Mariam
2695 2209 2888 2270 solam,
2942 2216 3004 2261 ut
3047 2222 3169 2274 qure
3224 2204 3417 2257 fuisset

152 2323 303 2393 quod
337 2324 410 2376 rei
473 2325 654 2376 obstet
716 2318 1121 2388 consequentiae
1143 2354 1157 2370 .
1179 2314 1315 2369 Cum
1374 2312 1549 2373 enim,
1584 2318 1735 2379 post-

150 2434 319 2487 quam
377 2427 536 2471 natus
598 2425 775 2476 esset,
839 2414 1110 2468 secundus
1143 2425 1318 2463 anuus
1376 2407 1732 2476 prmterisset,

152 2512 414 2566 Christus
468 2508 757 2561 abducitur
816 2504 871 2557 in
926 2504 1251 2573 Aigyptum.
1292 2500 1465 2553 Lucas
1502 2513 1632 2565 ergo
1673 2511 1736 2549 ea

152 2617 277 2669 qua:
318 2598 533 2652 interim
584 2598 722 2650 facta
754 2606 898 2657 sunt.
942 2604 997 2650 et
1050 2608 1169 2663 quae
1197 2591 1547 2662 praetermisit
1599 2590 1735 2643 Mat-

152 2694 363 2756 theus,
396 2686 870 2744 circumcisioan
905 2685 1111 2739 scilicet
1159 2689 1357 2736 tractat
1400 2688 1454 2735 et
1489 2676 1741 2749 puriﬁca-

1842 2309 2088 2362 ministra
2145 2305 2311 2358 divini
2364 2301 2578 2358 consilii
2628 2318 2642 2352 :
2695 2299 2828 2353 Ecce
2874 2301 3043 2359 enim.
3095 2296 3293 2364 inquit,
3334 2294 3416 2345 In'c

1840 2402 2035 2467 positus
2080 2398 2240 2449 estin
2275 2396 2485 2448 ruinam
2529 2405 2576 2447 et
2631 2392 3063 2445 resurrectionem
3109 2389 3415 2449 multorum,

1843 2502 1891 2544 et
1916 2492 1973 2542 in
1998 2491 2225 2561 signum,
2257 2488 2339 2540 cui
2374 2486 2766 2539 contradicetur
2798 2482 2866 2539 “.
2914 2466 3199 2547 Quomodo
3230 2488 3414 2531 autent

1844 2582 1980 2652 (t0)
2028 2596 2057 2633 a
2107 2587 2183 2643 te,
2227 2580 2471 2633 studiose
2522 2577 2760 2639 auditor,
2813 2577 3079 2643 accipitur
3128 2572 3256 2625 illud
3295 2589 3308 2624 :
3348 2569 3415 2623 Et

1845 2682 1991 2724 tuam
2034 2670 2195 2736 ipsius
2231 2668 2466 2729 animam
2503 2665 2840 2736 pertransibit
2886 2664 3094 2735 gladius
3119 2663 3208 2714 "?
3244 2661 3418 2726 Quid-

226 2878 273 2909 “
308 2877 437 2929 Luc.
469 2890 510 2937 ι,
537 2873 625 2927 51.
705 2872 747 2903 ¹⁹
778 2869 969 2923 Matth.
1008 2884 1045 2934 I,
1074 2867 1164 2921 21,
1238 2867 1285 2898 ¹⁰
1313 2865 1446 2920 Luc.
1473 2880 1533 2929 lt,
1559 2864 1734 2917 21-14

1842 2866 1856 2894 ⁸
1891 2862 2080 2916 Matth.
2107 2877 2168 2925 ιι,
2198 2862 2285 2926 15,
2316 2862 2405 2916 Η.
2460 2862 2504 2892 ²²
2539 2861 2671 2915 Luc.
2705 2874 2768 2923 tr,
2800 2858 2870 2913 25
2901 2858 2990 2913 27.
3073 2856 3122 2888 ⁸³
3161 2854 3294 2911 ibid.
3324 2856 3413 2910 33.

150 2950 200 2981 “
233 2947 370 3001 ibid.
414 2944 506 3000 Si.
583 2945 627 2974 ³⁵
660 2941 863 2997 Matth.
904 2955 964 3006 il,
996 2939 1018 2991 i
1057 2954 1212 3009 seqq.

154 3150 610 3219 συντεθειμένων,
654 3145 867 3216 οὐρανῷ
920 3145 1015 3195 καὶ
1062 3145 1131 3212 γῇ
1179 3140 1549 3211 χωρούμενον,
1596 3137 1734 3193 ἀλλὰ
1764 3139 1809 3200 C

154 3245 297 3317 μηδὲ
336 3240 503 3307 ἀξίως
534 3236 1020 3309 ύμνολογούμενον.

223 3335 305 3405 (8)
338 3332 449 3388 Τοῦ
472 3326 923 3399 ειῖεταεςραστοῦ.
944 3322 1231 3389 Ἐνταῦθα,
1263 3322 1365 3377 οὐκ
1385 3322 1570 3393 ἄχαρι,
1601 3321 1736 3375 ἀλλὰ

151 3434 248 3487 καὶ
271 3432 571 3498 ἀναγκαῖον
594 3427 654 3481 τὸ
676 3425 866 3481 δοκοῦν
883 3422 1363 3485 ἐναντιολογεῖσῦαι
1378 3423 1488 3482 τοῖς
1506 3419 1736 3487 εὐαγγε-

150 3523 388 3583 λισταῖς,
416 3520 686 3571 ἐπιλῦσαι.
714 3518 837 3579 Πῶς
860 3518 969 3585 γάρ
994 3531 1126 3583 φησι
1148 3510 1424 3574 Ματθαῖος
1446 3510 1563 3581 μὲν,
1582 3509 1736 3563 Μετὰ

150 3616 251 3684 τὴν
285 3612 536 3679 γέννησιν
564 3609 641 3669 είς
670 3607 942 3671 Αἴγυπτον
965 3604 1169 3667 ἀπάγει
1195 3602 1288 3652 τὸν
1329 3601 1554 3668 Ἰησοῦν·
1582 3591 1738 3663 οὗτος

147 3709 228 3769 δὲ,
256 3709 285 3758 ὁ
323 3704 463 3765 θεῖος
494 3700 734 3770 δηλονότι
765 3696 997 3759 Λουκᾶς,
1035 3692 1189 3747 Μετὰ
1216 3692 1625 3760 τεσσαράκοντα
1656 3691 1735 3741 δι-

149 3801 369 3852 έλευσιν
403 3793 649 3865 ἡμερῶν,
691 3793 772 3854 είς
807 3787 1189 3860 Ἰεροσόλυμα;
1227 3784 1375 3838 οὐδὲν
1408 3783 1610 3853 ἀπᾷδον
1648 3782 1735 3835 λέ-

149 3905 343 3958 γοντες
372 3886 643 3952 ἀλλήλοις,
669 3880 795 3935 οὔτε
818 3881 925 3950 μὴν
952 3883 1018 3950 τῇ
1038 3876 1333 3946 ἀκολουθίᾳ
1360 3875 1454 3927 τοῦ
1477 3874 1736 3944 πράγμα-

146 3997 237 4040 τος
270 3973 731 4045 προσιστάμενον.
756 3969 1017 4037 Δεύτερον
1052 3969 1161 4033 γὰρ
1191 3966 1310 4026 ἔτος
1338 3964 1438 4033 ἤδη
1475 3965 1612 4031 μετὰ
1635 3965 1737 4030 τὴν

149 4073 413 4140 γέννησιν
442 4060 707 4131 παρελθδν
730 4061 808 4121 είς
830 4057 1104 4125 Αἴγυπτον
1131 4057 1158 4108 ὁ
1188 4054 1421 4127 Χριστὸς
1441 4055 1732 4122 ἀπάγεται,

150 4159 371 4221 Λουκᾶς
402 4156 457 4209 δέ
488 4154 557 4207 τὰ
591 4152 741 4214 ἐντὸς
770 4149 961 4203 τούτου
999 4148 1291 4216 γενόμενα,
1335 4148 1428 4199 καὶ
1456 4145 1491 4199 ἆ
1521 4145 1735 4215 παρῆκε

151 4252 459 4314 Ματθαῖος,
488 4249 556 4300 τὰ
584 4247 682 4308 τῆς
709 4240 1012 4314 περιτομῆς
1039 4239 1305 4309 λαμϐάνει
1327 4239 1421 4289 καὶ⁵
1449 4237 1541 4289 τοῦ
1570 4235 1736 4289 καθα-

156 4346 382 4421 ρισμοῦ.
414 4343 569 4395 Ἐπεὶ
603 4341 697 4390 καὶ
725 4336 881 4388 τοῦτο
896 4336 1008 4397 τοῖς
1039 4330 1454 4401 εὑαγγελισταῖς
1488 4327 1735 4396 σύνηθες,

154 4445 243 4495 ἵνα
280 4435 472 4509 μηδεὶς
558 4426 835 4497 περιττὸς.
864 4425 939 4485 ὡς
971 4424 1138 4493 μηδὲν
1164 4423 1302 4491 ἔχων
1330 4422 1504 4475 εἰπεῖν
1536 4421 1699 4471 πλέον
1718 4432 1730 4445 ·

151 4534 249 4588 καὶ
277 4530 422 4585 οὕτω
438 4527 507 4581 τὰ
531 4524 663 4577 πᾶσι
693 4518 1020 4590 παρειμένα,
1050 4515 1184 4569 πᾶσι
1209 4515 1303 4567 καὶ
1325 4514 1734 4581 πεπλήρωνται.

153 4628 278 4689 Πῶς
308 4624 369 4677 δὲ
416 4618 639 4672 κάκεῖνο
693 4609 974 4666 ἐπιλυτέον
1020 4609 1152 4678 ἡμῖν
1215 4601 1726 4676 ἀμφιλογούμενονς

151 4719 309 4783 κατὰ
343 4714 441 4783 μὲν
500 4710 606 4777 γὰρ
657 4707 749 4758 τὸν
804 4704 945 4756 θεῖον
996 4700 1273 4754 Ματθαὶον
1333 4693 1728 4768 χρηματισθεὶς

151 4812 178 4861 ὀ
214 4803 437 4872 Ἰωσὴφ,
467 4800 545 4873 είς
567 4795 822 4864 Ναζαρὲτ
848 4793 1064 4862 ἔρχεται
1087 4806 1102 4821 ⁸
1134 4788 1268 4858 ὁμοῦ
1292 4805 1354 4840 τε
1378 4790 1468 4841 τὸν
1486 4785 1728 4839 κίνδυνον

154 4899 379 4969 φεύγων
401 4934 415 4956 ,
450 4894 543 4946 καὶ
576 4892 642 4959 τῇ
685 4885 903 4956 πατρίδι
934 4883 1331 4954 ἐμφιλοχωρεῖν
1374 4879 1725 4950 βουλόμενος’

152 4994 180 5045 ὁ
207 4990 267 5044 δὲ
298 4986 515 5044 Λουκᾶς
565 4980 626 5032 οὗ
666 4996 798 5048 φησι
826 4974 967 5031 κατὰ
987 4976 1231 5045 χρησμὸν
1254 4971 1401 5040 αὐτῷ
1429 4969 1525 5040 τὴν
1545 4969 1727 5037 ἄφιξιν

153 5084 339 5138 ἐκεῖσε
377 5076 660 5146 γενέσθαι,
692 5070 809 5121 ἀλλ’
840 5071 921 5121 δτι
960 5068 1050 5121 τὸν
1083 5065 1366 5133 καθαρμὸν
1405 5061 1726 5130 πληρώσαν-

151 5193 244 5239 τες
272 5173 473 5236 πάντα,
504 5165 638 5235 πρὸς
666 5162 916 5231 Ναζαρὲτ
947 5156 1103 5223 αὖθις
1126 5156 1439 5211 ἐπανελθεῖν
1466 5154 1726 5220 ἔγνωσαν,

157 5271 221 5339 ἢν
258 5265 359 5318 καὶ
402 5259 630 5330 πατρίδα
674 5254 1064 5321 ἐπεγράφοντο.
1109 5253 1184 5314 ὡς
1226 5251 1343 5304 ἐκεῖ
1379 5248 1475 5316 τὴν
1509 5244 1727 5316 οἴκησιν

161 5337 488 5425 πηξάμενοι.
532 5348 726 5403 Ἰστέον
750 5341 843 5398 οὖν
865 5346 945 5399 ὅτι
971 5344 1061 5396 τὸν
1081 5344 1187 5414 πρὸ
1217 5342 1318 5409 τῆς
1347 5343 1425 5403 είς
1458 5337 1726 5402 Αἴγυπτον

160 5447 388 5501 καθόδου
415 5441 603 5512 χρόνον
632 5436 859 5506 ἱστορῶν
884 5439 911 5488 ό
943 5437 1177 5499 Λουκᾶς,
1213 5432 1335 5484 οὐδὲ
1357 5431 1463 5500 γὰρ
1495 5429 1600 5497 πρδ
1633 5426 1725 5480 τοῦ

161 5535 453 5608 καθαρμοῦ
511 5533 822 5598 κατήγαγεν
857 5530 923 5581 ἂν
976 5529 1173 5588 αὐτοὺς
1220 5528 1416 5588 ἐκεῖσε,
1470 5524 1553 5577 ἴνα
1593 5520 1727 5589 μηδέ

159 5630 312 5695 παρά
381 5627 471 5678 τὸν
534 5623 731 5691 νόμονο
796 5621 920 5689 μηδ’
970 5621 1049 5671 ὅτι
1101 5613 1193 5671 οὖν
1245 5617 1489 5685 γένηται,
1558 5612 1726 5665 ταῦτά

161 5736 328 5790 τξησιν
353 5734 365 5744 ⁸
395 5716 586 5785 ἔμενον
608 5713 713 5783 γὰρ
741 5711 1079 5781 καθαρθῆναι
1099 5712 1332 5771 παντως,
1366 5705 1483 5761 εἶτα
1512 5707 1587 5767 είς
1618 5703 1727 5757 Να-

160 5812 329 5880 (apis:
358 5808 552 5874 ἐλθεῖν,
588 5808 678 5860 καὶ
713 5805 831 5859 τότε
864 5805 925 5876 δὴ
960 5802 1260 5872 καταϐῆναι
1307 5801 1381 5862 εἰς
1416 5798 1685 5866 Αἴγυπτον
1710 5812 1721 5823 ·

1841 3130 1942 3190 εἶθ’
1990 3135 2162 3197 οὕτως
2212 3134 2420 3189 ἐκεῖθεν
2472 3133 2804 3196 ἀνελθόντες,
2850 3133 2930 3196 είς
2973 3128 3224 3200 Ναζαρὲτ
3260 3128 3406 3183 αὖθις

1837 3229 2011 3280 ἐλθεῖν
2052 3226 2452 3294 ἐγκελεύονται.
2500 3225 2612 3293 Πρὸ
2657 3223 2846 3276 τούτου
2883 3224 2939 3276 δὲ
2980 3222 3231 3288 οὐδαμῶς
3275 3216 3414 3289 ἦσαν

1837 3317 2300 3390 χρηματισθέντες
2326 3318 2501 3369 ἐκεῖσε
2531 3318 2741 3387 φοιτᾷν,
2772 3316 2887 3370 ἀλλ’
2911 3314 3411 3386 ἐμφιλοχωροῦντες

1842 3411 1916 3474 ὡς
1949 3412 2162 3481 ἔφημεν
2192 3413 2258 3479 τῇ
2293 3409 2548 3478 πατρίδι,
2582 3408 2920 3477 αὐθαιρέτως
2950 3407 3092 3459 τοῦτ’
3121 3407 3410 3471 ἔπραττον.

1852 3505 2002 3556 Ἐπεὶ
2029 3504 2135 3571 γὰρ
2158 3502 2287 3571 παρ’
2310 3502 2461 3555 οὐδὲν
2492 3500 2677 3570 ἕτερον
2704 3501 2736 3570 ἡ
2774 3498 2851 3562 είς
2874 3498 3121 3567 Βηθλεέμ
3148 3495 3414 3559 ἀνάϐασις

1838 3595 2080 3665 γέγονεν,
2111 3594 2143 3663 ἢ
2174 3594 2261 3646 διὰ
2293 3597 2390 3660 τὴν
2426 3594 2777 3661 ἀπογραφὴν,
2815 3592 2907 3643 καὶ
2944 3590 3063 3643 οὐδὲ
3100 3591 3289 3659 στῆναι
3320 3588 3412 3639 οὑ-

1838 3690 2010 3758 δαμοῦ
2043 3687 2207 3759 εἶχον,
2242 3686 2624 3758 πληρώσαντες
2656 3688 2756 3759 ἤδη
2788 3687 2857 3740 δι’
2894 3689 3028 3754 ὅπερ
3062 3686 3309 3753 ἀνῆλθον,
3333 3684 3412 3745 εἰς

1838 3782 1936 3851 τὴν
1977 3782 2225 3850 Ναζαρὲτ
2271 3781 2561 3851 κατῄεσαν.
2602 3780 2675 3831 Ού
2722 3780 2898 3832 τοίνυν
2943 3777 3218 3842 ἀντιλογία
3263 3774 3413 3843 παρὰ

1840 3877 1950 3929 τοῖς
1979 3871 2418 3941 εὐαγγελισταῖς,
2450 3872 2587 3924 ἀλλά
2625 3871 2880 3939 διάφορος
2906 3871 3217 3937 ἀπαγγελία
3238 3886 3250 3898 ·
3285 3869 3414 3923 ἀλλο

1841 3967 1899 4019 δέ
1936 3967 2050 4018 ἐστι
2077 3965 2348 4034 διαφόρως
2382 3964 2577 4022 εἰπεῖν,
2607 3965 2697 4013 καὶ
2734 3961 2861 4014 ἄλλο
2892 3960 3146 4021 ἐναντίως

1914 4058 1989 4125 (9)
2020 4057 2129 4109 Tot}
2153 4054 2609 4124 Μεταφραστοῦ.
2642 4053 2785 4122 Ὅρα
2806 4052 2863 4103 δέ
2898 4069 2985 4120 μοι
3016 4052 3104 4102 καὶ
3131 4048 3222 4100 τοῦ
3247 4047 3402 4114 εὐαγ-

1842 4148 2089 4220 γελιστοῦ
2108 4149 2206 4215 τὴν
2229 4147 2515 4215 ἀκρίϐειαν
2535 4161 2551 4178 ο
2583 4146 2681 4212 τὴν
2711 4143 2808 4211 μὲν
2836 4143 2944 4210 γὰρ
2996 4142 3206 4210 μητέρα
3226 4136 3405 4202 εἶπεν,

1843 4245 1939 4299 an
1983 4243 2044 4307 δὴ
2094 4242 2183 4293 καὶ
2225 4238 2439 4308 ἀληθῶς
2480 4233 2666 4299 οὖσαν,
2709 4235 2802 4288 ἀπ’
2837 4233 3004 4303 αὐτῆς
3047 4232 3274 4294 καλέσας
3309 4230 3405 4297 τῆς

1845 4337 2081 4403 σχέσεως
2104 4351 2115 4364 ·
2150 4334 2243 4385 τὸν
2272 4331 2329 4383 δὲ
2355 4330 2461 4383 ἀπὸ
2485 4328 2638 4399 ψιλοῦ
2663 4326 2757 4380 τοῦ
2790 4327 3069 4394 ὀνόματος.
3094 4325 3168 4388 ὡς
3198 4322 3407 4392 πατέρα

1843 4425 2098 4477 δοκοῦντα
2131 4424 2250 4489 μὲν,
2282 4421 2354 4489 μὴ
2385 4421 2510 4471 ὄντα
2538 4418 2594 4469 δέ
2623 4418 2756 4483 πρὸς
2785 4418 3061 4485 ἀλήθειαν.

1914 4515 2025 4585 (10)
2066 4516 2175 4569 Τοῦ
2222 4510 2681 4581 Μεταφράστοῦ.
2729 4509 2849 4570 Πῶς
2890 4525 2972 4561 σοι
3019 4508 3097 4577 τῷ
3145 4504 3409 4573 φιλολόγῳ

1839 4610 2079 4679 ἀκροατῇ
2125 4606 2299 4661 ταῦτα
2350 4605 2717 4675 ληφθήσεταις
2768 4603 2860 4652 καὶ
2900 4601 2954 4652 τί
2988 4615 3117 4651 ποτε
3159 4598 3268 4666 ἄρα
3307 4598 3408 4667 τὴν

1839 4701 2112 4769 ῥομφαίαν
2162 4697 2367 4764 ταύτην
2412 4691 2791 4762 ὑποληπτέον;
2839 4690 2870 4758 ἢ
2910 4692 3010 4760 τὴν
3049 4687 3404 4757 ἀμφιϐολίαν,

1766 4800 1790 4809 ⁸
1835 4790 1924 4845 τὸν
1954 4788 2366 4856 σκανδαλισμδν,
2388 4788 2448 4838 τὸ
2477 4788 2855 4857 πειρατήριον,
2880 4785 3021 4851 ἅπερ
3048 4785 3105 4836 ὲν
3131 4782 3207 4851 τῷ
3230 4781 3407 4851 καιρῷ

1834 4880 1928 4936 τοῦ
1948 4880 2204 4950 σταυροῦ,
2235 4880 2333 4951 τὴν
2360 4882 2456 4949 τῆς
2485 4880 2644 4945 ἀγίας
2678 4876 2951 4945 Παρθένου
2981 4873 3161 4942 διῆλθε
3186 4873 3404 4944 ψυχήν;

1837 4975 1945 5027 Καὶ
1998 4973 2087 5026 σοῦ
2145 4971 2237 5026 οὖν
2283 4972 2471 5038 αὐτῆς,
2506 4973 2553 5022 εί
2589 4968 2685 5022 καὶ
2726 4966 2905 5028 καλῶς
2946 4965 3015 5020 τὰ
3056 4964 3149 5018 τοῦ
3197 4964 3404 5034 Κυρίου

1836 5066 2040 5120 ἄνωθεν
2063 5062 2365 5134 ἐδιδάχθης,
2389 5061 2585 5133 ἀψεταί
2612 5077 2696 5124 τις
2726 5061 2905 5124 σάλος,
2935 5058 3029 5110 καὶ
3052 5053 3403 5123 διακρίνουσα

1836 5158 1959 5211 καθ’
1988 5155 2185 5225 ἑαυτὴν
2214 5156 2312 5227 ἔσῃ
2335 5168 2354 5190 ο
2389 5154 2532 5216 sine;
2555 5154 2612 5206 δὲ
2642 5152 2735 5204 καὶ
2755 5152 2854 5221 τὴν
2883 5150 3059 5219 λύπην
3093 5146 3401 5209 αἰνίξασθαι

1834 5250 1921 5303 διὰ
1948 5250 2045 5319 τῆς
2078 5248 2370 5319 ῥομφαίας·
2406 5247 2441 5315 ἧ
2472 5262 2536 5316 γε
2570 5244 2710 5299 κατὰ
2736 5245 2827 5319 τὸν
2857 5242 3048 5313 καιρὸν
3074 5239 3166 5295 τοῦ
3197 5239 3399 5301 πάθους

1841 5340 2103 5409 συνέσχεν
2149 5340 2340 5408 αὐτὴν,
2373 5336 2672 5405 ἀγνοοῦσαν
2710 5334 2784 5397 ὡς
2818 5334 2913 5387 καὶ
2957 5330 3119 5385 αὑτοῦ
3164 5329 3399 5383 θανάτου

1833 5432 1985 5484 ἔσται
2020 5433 2379 5502 περικρατής.
2423 5430 2575 5481 Ἐπεὶ
2606 5427 2699 5480 καὶ
2732 5425 2886 5477 τοῦτο
2914 5421 3108 5492 δηλοῦν
3149 5420 3398 5491 βούλεται

1832 5527 1912 5587 τὸ,
1937 5526 2128 5586 Ὅπως
2151 5523 2227 5576 ἂν
2250 5519 2760 5588 ἀποκαλυφθῶσιν
2784 5517 2850 5570 ἐκ
2872 5513 3119 5569 πολλῶν
3143 5512 3398 5580 καρδιῶν

1833 5615 2236 5684 διαλογισμοί·
2270 5614 2351 5665 ὄτι
2376 5612 2512 5681 μετά
2536 5611 2601 5662 τὰ
2628 5609 2896 5662 σκάνδαλα
2915 5606 3114 5677 δηλαδὴ
3141 5603 3333 5666 ταῦτα,
3359 5602 3394 5656 ἃ

1834 5710 1931 5777 τὴν
1986 5706 2210 5775 καρδίαν
2265 5706 2371 5756 τῶν
2424 5702 2678 5771 μαθητῶν
2726 5701 2952 5755 διέσεισε
3004 5698 3096 5751 καὶ
3151 5696 3390 5767 Μαρίας,

1838 5801 2009 5872 βραχὺ
2048 5802 2102 5856 τὸ
2136 5801 2191 5850 ἐν
2234 5797 2403 5869 μέσῳ,
2456 5795 2544 5849 καὶ
2583 5797 2766 5864 ταχεῖα
2803 5792 2884 5856 τίς
2922 5789 3204 5859 ἐπέλαμψε
3248 5789 3394 5857 παρὰ
