4170 6322
774 358 885 423 543

2042 337 2322 428 MENSIS
2360 364 2791 431 AUGUSTUS.

3931 364 4024 432 διε

774 486 899 523 nam
959 487 1085 541 ergo
1127 473 1440 530 existimare
1470 486 1687 546 Oportet
1735 479 1882 534 hunc
1926 493 2046 534 esse
2080 474 2419 549 gladium?A
2463 483 2646 534 statim
2722 492 2913 536 testem
2990 481 3335 536 adduxerunt
3400 483 3741 552 prophetam,
3815 482 3909 551 qui
3975 486 4020 536 τι

772 558 908 614 Num
941 562 1360 629 dubitationem,
1401 570 1795 631 ostensionem,
1825 572 2195 634 tentationem,
2231 586 2352 641 quae

775 652 829 706 in
892 663 1139 723 tempore
1190 659 1368 713 crucis
1422 670 1608 725 tuam,
1663 679 1697 717 ο
1748 663 1931 732 Virgo,
1988 675 2352 733 pervaserunt

775 744 1059 800 animam?
1117 744 1194 800 Te
1264 763 1392 819 ergo
1472 751 1640 819 ipsam
1695 768 1911 821 quoque
1945 755 2153 808 etiamsi
2188 757 2349 810 desu-

775 850 869 896 per
899 834 1109 889 Domini
1143 839 1371 906 pulchre
1416 857 1504 895 res
1542 843 1803 904 didicisti,
1836 845 2068 914 attinget
2112 847 2352 916 aliquid?

773 924 1207 982 (lonvenientius
1280 940 1364 984 est
1428 946 1663 998 autem,
1730 937 1875 1004 quod
1952 938 2199 992 dolorem
2266 941 2348 1009 ip-

773 1030 891 1067 sum
964 1016 1121 1085 gladii
1194 1021 1414 1076 nomine
1483 1024 1906 1095 signiﬁcaverit,
1974 1030 2067 1097 qui
2132 1031 2348 1099 quidem

775 1114 1017 1172 tempore
1084 1108 1360 1165 Passionis
1418 1129 1535 1168 eam
1610 1115 1836 1171 invasit.
1893 1117 2024 1172 Nam
2092 1121 2141 1174 id
2208 1123 2349 1190 quod

773 1196 973 1249 dicitur
1041 1217 1053 1251 :
1117 1200 1178 1254 Ut
1231 1204 1521 1256 ret-elentur
1580 1223 1644 1259 ea:
1702 1209 1877 1262 multis
1920 1214 2160 1266 cordibus
2213 1216 2355 1283 cogi-

773 1288 1022 1344 tationes.
1066 1290 1132 1342 ad
1174 1291 1472 1361 discipulos
1523 1299 1712 1367 magis,
1756 1315 1913 1367 quam
1963 1303 2029 1355 ad
2076 1319 2192 1355 eam
2232 1321 2351 1372 pcr-

774 1379 947 1432 tinere
996 1380 1251 1436 videtur:
1297 1401 1493 1454 nempe
1554 1390 1699 1456 quod
1744 1403 1867 1459 post
1925 1396 2253 1448 tentationes
2299 1405 2350 1449 et

771 1470 1165 1531 dubitationes.
1223 1490 1343 1543 quae
1402 1494 1496 1530 cor
1539 1493 1727 1533 eorum
1774 1497 2190 1549 concusserunt,
2243 1503 2348 1541 non

774 1562 1003 1614 multum
1076 1567 1335 1633 temporis
1388 1569 1727 1636 intercessit,
1778 1584 1833 1627 et
1887 1577 2039 1630 velox
2103 1579 2347 1647 quaedam

776 1651 955 1704 illuxit
1012 1668 1041 1706 a
1108 1652 1217 1709 Deo
1287 1659 1523 1723 curatio,
1587 1676 1778 1716 eorum
1852 1667 2065 1722 animos
2135 1670 2351 1738 replens

774 1744 1186 1811 tranquillitate,
1223 1756 1277 1800 et
1302 1750 1368 1801 ad
1395 1750 1554 1803 ﬁdem
1584 1768 1737 1807 suam
1770 1755 2100 1814 conﬁrmans
2139 1762 2349 1831 magni-

772 1831 964 1884 tudine
1014 1837 1452 1891 resurrectionis.

844 1922 957 1977 XV.
1000 1923 1107 1979 Sed
1178 1927 1230 1981 id
1280 1931 1423 1998 quod
1477 1935 1681 2004 erupit,
1735 1951 2094 2009 persequatur
2152 1950 2344 2014 oratio,

770 2025 826 2067 et
855 2029 1047 2069 rursus
1076 2018 1305 2084 accipiat
1338 2037 1400 2074 ea
1433 2039 1552 2091 qum
1596 2032 1961 2093 prmtermisit.
1996 2033 2125 2088 Cum
2175 2043 2342 2103 enim,

770 2104 967 2174 inquit,
1004 2116 1161 2161 natus
1193 2122 1321 2163 esset
1348 2110 1501 2167 Iesus
1523 2116 1576 2168 in
1596 2115 1856 2174 Bethleem
1887 2121 2058 2188 Judce,
2093 2128 2145 2179 iu
2173 2131 2348 2184 diebus

773 2197 991 2254 Herodis
1056 2204 1190 2270 regis
1220 2207 1315 2259 η’.
1370 2206 1582 2263 Vides?
1627 2210 1694 2264 Et
1722 2221 1933 2284 tempus
1982 2219 2138 2275 nobis
2184 2238 2349 2277 evan-

768 2292 986 2359 gelista,
1021 2303 1073 2347 et
1108 2296 1306 2362 locum,
1353 2308 1410 2353 et
1452 2304 1832 2359 auctoritatem
1881 2309 2129 2365 similiter
2182 2316 2347 2384 signi.

770 2384 895 2436 ticat
947 2388 1375 2444 :auetoritatem
1439 2395 1678 2462 quidem,
1739 2406 1798 2451 ut
1858 2414 1982 2454 eum
2046 2403 2114 2458 ab
2181 2406 2348 2461 altero

773 2468 989 2525 Herode
1076 2474 1354 2533 discernat
1418 2496 1483 2534 ac
1542 2485 1861 2556 distinguat,
1931 2491 2021 2559 qui
2084 2493 2347 2552 Joannem

769 2560 1123 2618 interfecerat
1146 2567 1219 2631 ’σς
1249 2568 1339 2621 ille
1362 2572 1508 2625 enim
1553 2584 1671 2627 erat
1707 2581 1997 2644 tetrarcha,
2032 2582 2119 2637 hic
2167 2598 2345 2642 autem

776 2668 921 2721 rex;
976 2656 1156 2713 locum
1222 2675 1351 2713 vero
1400 2671 1455 2716 et
1506 2673 1743 2735 tempus,
1804 2686 1905 2725 nos
1970 2678 2347 2733 transmittens

768 2746 833 2800 ad
885 2751 1220 2818 prophetias.
1258 2752 1500 2818 Quarum
1545 2758 1772 2811 alteram
1823 2764 2043 2825 quidem
2100 2771 2347 2836 praedixit

774 2836 1069 2893 Michaaas:
1140 2840 1205 2893 Et
1241 2851 1297 2895 tu
1362 2843 1648 2914 Bethleem,
1705 2850 1915 2915 dicens,
1975 2867 2117 2909 terra
2178 2859 2342 2926 Juda,

770 2945 1104 3000 nequaquam
1172 2950 1226 2987 es
1289 2937 1508 2992 minima
1579 2940 1634 2993 in
1692 2945 2012 3012 principibus
2087 2947 2231 3003 Inda
2280 2954 2343 3007 ⁸⁷.

768 3020 1007 3075 Alteram
1045 3039 1172 3078 vero
1204 3025 1374 3081 .Iacob
1406 3032 1709 3098 patriarcha
1746 3050 1759 3086 :
1797 3035 1915 3088 Non
1944 3039 2145 3105 deﬁciet
2178 3045 2345 3106 enim,

2459 571 2734 627 Bethleem
2804 570 3139 642 magnifacit,
3195 581 3248 627 et
3271 587 3337 627 ex
3359 587 3422 627 ea
3472 571 3666 626 ducem
3728 570 4017 628 exiturum.

2454 674 2509 719 et
2552 665 2809 733 populum
2864 665 3223 719 Israeliticum
3272 665 3340 719 ab
3388 680 3455 718 eo
3514 678 3638 718 esse
3692 662 4016 733 pascendum

2454 752 2719 821 prmdicit.
2755 752 2845 806 Sic
2891 753 2927 806 ii
2956 754 3045 822 qui
3087 760 3245 806 erant
3292 766 3478 807 revera
3520 750 3752 815 inimici,
3800 765 4017 804 necesse

2454 848 2725 901 habebant
2776 848 2859 901 vel
2900 848 3049 903 inviti
3095 848 3308 917 aperire
3352 847 3720 918 prOpbetiam,
3771 845 3874 897 etsi
3916 860 4018 897 non

2452 953 2686 991 omnem.
2718 939 2871 1003 Quod
2899 940 3041 992 enim
3067 940 3324 1006 deinceps
3368 937 3631 1006 sequitur,
3660 935 4017 996 reticuerunt.

2449 1031 2593 1101 quod
2632 1040 2755 1085 est:
2794 1030 3046 1101 Egressus
3075 1033 3185 1100 ejus
3221 1033 3282 1084 ob
3311 1032 3483 1094 initio,
3526 1048 3557 1083 α
3584 1031 3767 1082 diebus
3817 1030 4021 1081 (eterni-

2454 1126 2600 1180 tatis.
2648 1123 2758 1178 Cur
2800 1124 2879 1179 sic
2935 1124 3243 1178 fecerunt?
3299 1123 3453 1189 Quod
3505 1124 3617 1192 regi
3669 1124 4021 1190 loquerentur

2451 1218 2519 1270 ad
2587 1218 2835 1284 gratiam.
2896 1216 2988 1270 Ille
3042 1224 3223 1269 autem
3283 1214 3413 1283 quid
3463 1213 3644 1267 facit?
3700 1213 4019 1269 Clanculum

2452 1318 2608 1362 vocat
2648 1308 2849 1377 Magos,
2882 1308 3169 1378 diligenter
3212 1316 3586 1375 perscrutatur
3632 1307 3837 1359 stultus
3895 1314 4023 1358 tem-

2452 1413 2555 1466 pus
2604 1398 2795 1459 stellas,
2843 1412 2963 1464 quas
3028 1395 3277 1464 apparuit
3345 1396 3445 1457 eis,
3521 1395 3632 1464 jam
3706 1393 4024 1464 aggrediens

2453 1488 2521 1541 dc
2586 1488 2768 1540 medio
2823 1488 3011 1540 tollere
3065 1487 3113 1540 id
3179 1501 3287 1554 quo
3358 1499 3547 1541 natum
3616 1486 3817 1540 fuerat.
3877 1484 4023 1550 Quod

2453 1578 2670 1647 quidem
2727 1593 2835 1631 non
2882 1578 3055 1630 solum
3098 1586 3216 1630 erat
3257 1576 3531 1639 amentiae,
3578 1577 3674 1630 sed
3719 1576 3889 1629 etiam
3944 1575 4023 1628 in—

2454 1672 2637 1724 sanim.
2687 1670 2856 1737 Cujus
2910 1668 3054 1722 modi
3080 1667 3225 1721 enim
3268 1675 3420 1719 erant
3448 1681 3511 1719 ea
3566 1683 3687 1734 quae
3716 1667 3860 1721 clam
3917 1665 4025 1719 Ma—

2455 1763 2535 1831 gis
2585 1763 2789 1814 vocatis
2820 1761 3104 1829 loquitur?
3140 1758 3249 1823 Ite,
3278 1767 3325 1812 et
3349 1758 3621 1827 diligenter
3672 1759 3931 1827 inquirite
3971 1758 4027 1811 de

2451 1866 2610 1918 puero
2654 1868 2674 1906 :
2736 1862 3009 1922 postquam
3078 1862 3254 1904 autem
3326 1850 3645 1913 inveneritis,
3732 1853 4027 1903 renuntiate

2453 1945 2600 2005 mihi,
2626 1952 2683 1995 ut
2723 1960 2815 2013 ego
2862 1960 3065 2013 quoque
3095 1944 3320 2005 veniens,
3351 1958 3469 1996 eum
3518 1942 3754 1995 adorem.
3792 1942 4026 1995 Evidcns

2449 2048 2505 2093 et
2564 2049 2750 2107 aperta
2804 2036 3036 2091 insania.
3099 2035 3156 2089 Si
3218 2035 3364 2090 enim
3422 2049 3551 2091 vera
3610 2033 3837 2103 quidem
3906 2040 4026 2086 sunt

2448 2130 2637 2191 verba,
2690 2137 2745 2183 et
2806 2142 2915 2180 non
2976 2126 3257 2187 insidiosa,
3306 2139 3405 2180 cur
3458 2139 3585 2179 eum
3638 2122 3723 2178 eis
3796 2124 4025 2176 latenter

2449 2221 2798 2291 congredcris
2850 2220 2872 2273 ?
2925 2218 3020 2273 Sin
3077 2227 3259 2270 autem
3317 2216 3399 2270 vis
3460 2215 3661 2284 aliquid
3746 2214 4021 2269 sinistrum

2449 2311 2625 2365 celare
2666 2320 2716 2364 et
2765 2310 3034 2373 dolosum,
3082 2307 3356 2377 quomodo
3404 2322 3471 2359 ne
3519 2307 3622 2361 hoc
3661 2308 3887 2375 quidem
3933 2320 4022 2375 po-

2451 2402 2599 2456 tuisti
2641 2396 2971 2471 p‘erspiccre,
3023 2400 3167 2468 quod
3216 2400 3293 2453 sic
3323 2414 3352 2451 a
3391 2397 3556 2463 Magis
3599 2397 4023 2464 deprehenderis

2450 2493 2682 2563 maligne
2727 2501 2776 2546 et
2822 2491 3083 2545 scelerate
3122 2505 3330 2561 gerere,
3371 2488 3513 2557 quod
3560 2502 3775 2556 qumras
3814 2485 4024 2540 latere?

2453 2585 2595 2639 Hinc
2639 2601 2764 2640 cum
2809 2585 2963 2639 stella
3013 2584 3092 2637 eis
3144 2598 3333 2637 rursus
3388 2580 3749 2651 apparuisset,
3795 2581 3875 2632 eis
3925 2580 4020 2630 dux

2449 2678 2697 2739 efﬁcitur,
2773 2677 2915 2730 sicut
2976 2677 3043 2729 ab
3109 2676 3287 2727 initio.
3340 2674 3620 2727 Abseonsa
3685 2673 3836 2726 enim
3890 2682 4021 2727 erat.

2450 2776 2733 2838 postquam
2792 2775 3118 2835 apparuerat
3180 2764 3245 2817 ad
3318 2761 3618 2821 Orientem,
3679 2770 3743 2812 ut
3774 2776 3900 2814 cum
3953 2761 4019 2811 illi

2454 2858 2648 2913 ducem
2720 2857 3110 2927 perdidissent,
3165 2854 3475 2909 necessario
3524 2852 3742 2906 Iudaeos
3795 2852 4024 2904 interro—

2451 2964 2662 3025 garent,
2716 2965 2772 3008 et
2818 2955 2897 3007 sic
2950 2968 3038 3007 res
3088 2951 3343 3006 evaderet
3405 2947 3689 3002 manifesta
3752 2944 4020 2999 omnibus.

2450 3042 2743 3112 Postquam
2789 3058 2921 3096 vero
2961 3044 3042 3095 vel
3082 3044 3227 3110 ipsos
3275 3040 3528 3095 inimicos
3580 3037 3829 3093 habuere
3866 3038 4025 3107 magi-

772 3112 971 3178 inquit,
1040 3117 1279 3183 princeps
1332 3135 1395 3170 ea:
1452 3120 1613 3182 Juda,
1672 3133 1719 3175 et
1775 3126 1883 3177 dua:
1941 3129 2004 3181 de
2066 3132 2347 3200 femoribus
2380 3165 2420 3217 ρ
2453 3144 2617 3199 stros,
2662 3134 2740 3187 eis
2774 3150 2962 3188 rursus
2999 3141 3241 3203 apparet.

769 3203 883 3267 ejus
910 3203 975 3255 ".
1009 3203 1296 3268 Quomodo
1344 3218 1525 3263 autem
1577 3212 1742 3284 Magis
1791 3217 1939 3272 venit
1983 3219 2036 3275 in
2083 3234 2341 3290 mentem,

773 3302 830 3346 ut
882 3304 1093 3350 tantum
1145 3299 1247 3353 iter
1292 3302 1639 3365 conﬁcerent,
1690 3317 1746 3361 et
1793 3312 2043 3368 venirent
2091 3317 2157 3369 ad
2215 3319 2346 3372 ado-

771 3386 1002 3445 randum
1064 3388 1349 3453 infantem,
1411 3395 1503 3461 qui
1562 3406 1681 3451 erat
1744 3400 1922 3453 adhuc
1983 3403 2035 3455 in
2092 3404 2277 3461 fasciis
2328 3425 2343 3473 ;

772 3476 933 3547 idque
997 3494 1121 3533 cum
1174 3494 1320 3536 esset
1371 3486 1492 3552 ejus
1552 3496 1725 3540 mater
1784 3505 1989 3560 pauper
2038 3504 2092 3549 et
2150 3498 2348 3555 nullius

772 3570 1030 3633 nominis,
1103 3581 1160 3625 et
1216 3588 1336 3641 quae
1403 3575 1540 3630 nihil
1602 3578 1834 3637 habebat
1906 3597 2101 3655 praeter
2169 3593 2343 3647 solum

772 3661 1391 3735 tuguriuthumquid
1457 3670 1682 3737 planum
1751 3686 1858 3739 est,
1926 3676 2092 3733 Deum
2158 3696 2346 3737 eorum

769 3757 983 3809 animos
1008 3759 1075 3810 ad
1112 3757 1214 3811 hoc
1248 3759 1527 3812 movisse?
1554 3760 1688 3816 Vide
1723 3767 1866 3820 enim
1905 3782 2096 3829 eorum
2129 3789 2345 3846 quoque

770 3847 971 3902 claram
1008 3848 1179 3902 fuisse
1222 3850 1500 3916 virtutem,
1534 3870 1643 3909 non
1687 3858 1863 3914 solum
1904 3876 1966 3917 eo
1999 3866 2141 3934 quod
2185 3885 2349 3924 vene-

769 3936 905 4001 rint,
933 3938 1029 3993 sed
1067 3940 1232 3995 etiam
1274 3944 1415 4012 quod
1459 3946 1715 4001 audacter
1756 3959 1813 4004 et
1835 3951 2003 4007 libere
2035 3956 2345 4025 loquantur.

771 4029 850 4085 Ne
900 4032 1047 4085 enim
1104 4034 1552 4088 existimarentur
1597 4036 1768 4093 fuisse
1810 4044 2100 4114 suppositi,
2142 4056 2198 4102 et
2250 4050 2349 4106 viae

771 4121 965 4175 ducem
1022 4122 1363 4178 ostendunt:
1407 4123 1637 4181 Vidimus
1676 4130 1841 4196 enim,
1903 4134 2167 4202 dicentes,
2234 4140 2347 4211 ejus

769 4212 1017 4278 stellam;
1046 4226 1103 4268 et
1133 4217 1234 4270 viae
1274 4220 1739 4287 magnitudinem:
1768 4224 1823 4276 in
1850 4224 2079 4293 Oriente,
2113 4232 2341 4287 scilicet.

771 4304 976 4361 Deinde
999 4308 1162 4359 etiam
1212 4311 1419 4364 addunt
1460 4315 1724 4381 insignem
1775 4315 2049 4383 ﬁduciam,
2088 4336 2211 4376 cum
2264 4325 2348 4379 di-

770 4402 904 4449 cunt
952 4410 966 4446 :
1018 4394 1083 4448 Et
1132 4397 1366 4452 uenimus
1432 4408 1502 4455 ad
1570 4418 1688 4456 eum
1745 4406 2100 4465 adorandum.
2153 4411 2346 4483 Neque

2526 3225 2686 3281 XVII.
2705 3226 2835 3280 Vide
2867 3237 3071 3292 autem,
3091 3242 3119 3279 a
3148 3241 3310 3296 quam
3338 3225 3524 3280 multis
3551 3224 3749 3293 ﬁtejus
3782 3224 3858 3277 rei
3880 3225 4024 3277 ﬁdes.

2452 3318 2583 3372 Nam
2626 3335 2772 3371 nunc
2803 3319 3018 3387 quidem
3047 3319 3217 3378 stella,
3249 3333 3392 3370 nunc
3431 3318 3663 3385 p0pulus
3693 3315 4027 3383 Judteorum,

2453 3410 2648 3465 deinde
2679 3409 2840 3463 etiam
2892 3409 3119 3471 insidiae,
3171 3416 3225 3461 et
3273 3415 3555 3475 praeterea,
3602 3407 3894 3474 prophetia
3938 3407 4028 3460 do-

2453 3510 2578 3556 cent
2634 3501 2682 3555 id
2720 3500 2861 3570 quod
2885 3500 3246 3568 quaerebatur.
3298 3496 3503 3551 Deinde
3548 3512 3672 3552 cum
3704 3512 3803 3551 eos
3847 3512 4028 3551 rursus

2453 3594 2607 3650 stella
2650 3591 2946 3658 accepisset
2971 3606 3033 3643 ex
3089 3588 3493 3660 Hierosolymis,
3544 3598 3840 3659 postquam
3909 3604 4026 3642 cum

2454 3701 2579 3755 rege
2631 3684 2889 3740 collocuti
2951 3694 3155 3746 essent.
3207 3682 3426 3738 deducit
3461 3683 3514 3736 in
3564 3681 3876 3744 Bethleem.
3924 3699 4026 3736 non

2452 3779 2770 3847 simpliciter
2831 3778 3056 3842 vadens,
3110 3778 3205 3831 sed
3258 3793 3354 3831 eos
3408 3778 3653 3839 trahens,
3715 3785 3769 3829 et
3830 3776 4031 3830 ducens

2455 3872 2677 3924 meridie
2711 3892 2724 3923 :
2760 3880 2818 3923 ut
2865 3871 2947 3922 vel
2973 3885 3039 3922 ex
3071 3884 3137 3922 eo
3167 3878 3354 3921 notum
3394 3879 3539 3921 esset
3591 3869 3877 3930 omnibus,
3914 3885 4026 3923 eam

2398 4019 2405 4023 _
2453 3978 2561 4017 non
2603 3977 2723 4017 esse
2781 3961 2991 4017 stellam
3048 3974 3211 4013 unam
3250 3974 3281 4013 e
3318 3959 3526 4022 multis,
3562 3974 3746 4028 neque
3799 3961 4026 4013 omnino

2455 4057 2647 4109 similis
2697 4070 2821 4109 cum
2873 4056 2991 4111 aliis
3040 4055 3268 4111 ordinis.
3324 4051 3450 4107 Ideo
3480 4052 3627 4106 enim
3690 4053 3903 4110 vadens
3971 4070 4029 4107 ex

2452 4144 2783 4213 Jerusalem,
2835 4163 2946 4202 non
2997 4148 3148 4217 prius
3199 4144 3475 4206 consistit,
3518 4144 3697 4198 donec
3750 4146 3818 4199 ad
3857 4147 4026 4215 ipsum

2455 4238 2668 4294 venerit
2727 4253 2990 4307 prtesepe.
3052 4236 3346 4302 Postquam
3406 4242 3587 4286 autem
3658 4238 3814 4289 stetit
3874 4253 4027 4305 supra

2456 4341 2709 4396 puerum,
2748 4324 2929 4375 statim
2963 4323 3229 4376 constitit.
3263 4322 3332 4375 Et
3366 4330 3656 4391 propterea
3693 4325 3846 4393 quod
3884 4342 4025 4379 nunc

2457 4418 2675 4488 quidem
2728 4415 3174 4482 absconderetur,
3207 4430 3354 4470 nunc
3400 4426 3583 4471 autem
3632 4428 3950 4487 appareret,
3982 4433 4026 4473 et

772 4486 867 4540 ira:
907 4489 1114 4555 pepuli,
1175 4506 1351 4559 neque
1393 4494 1539 4562 regis
1588 4497 1888 4565 tyrannidis
1925 4501 2090 4557 ullam
2136 4504 2347 4561 ducunt
2377 4514 2422 4570 D
2451 4486 2649 4565 deinde
2686 4523 2808 4564 cum
2853 4509 3213 4578 apparuisset,
3256 4523 3441 4561 rursus
3473 4518 3661 4574 staret,
3710 4486 4031 4565 ostendebat

774 4577 1062 4633 rationem.
1091 4580 1221 4644 Qua:
1247 4597 1371 4635 cum
1414 4584 1676 4641 audiisset
1720 4586 1982 4655 Herodes,
2016 4596 2350 4652 conturbatus

774 4680 872 4733 est,
916 4670 1113 4741 inquit.
1153 4673 1226 4728 De
1264 4675 1497 4745 imperio
1531 4679 1675 4732 enim
1720 4694 1844 4734 eum
1890 4692 2068 4739 metus
2106 4698 2348 4757 ceperat.

777 4762 842 4817 Et
889 4762 1011 4818 ideo
1076 4767 1143 4821 ad
1201 4782 1261 4821 se
1318 4782 1537 4837 quoque
1600 4782 1892 4843 congregat
1950 4778 2237 4844 pontiﬁces
2292 4791 2351 4838 et

776 4856 985 4910 scribas
1035 4858 1243 4927 papuli,
1277 4870 1333 4912 et
1378 4875 1474 4915 eos
1515 4860 1805 4931 diligenter
1850 4865 2180 4940 interrogat,
2229 4874 2351 4928 ubi-

776 4962 901 5001 nam
945 4948 1207 5004 Christus
1241 4963 1585 5007 nasceretur.

847 5038 985 5095 XVI.
1023 5034 1322 5096 Considera
1362 5053 1542 5099 autem
1587 5045 1960 5105 admirabilem
2008 5066 2190 5107 rerum
2236 5055 2347 5110 dis-

777 5132 1176 5200 pensationem,
1202 5144 1257 5188 et
1291 5136 1751 5204 quemadmodum
1784 5140 1986 5195 veritas
2024 5146 2185 5199 etiam
2220 5162 2347 5201 suo-

776 5237 897 5276 rum
954 5223 1299 5278 inimicorum
1350 5230 1520 5280 utltur
1547 5228 1769 5282 auxilio.
1803 5229 1939 5286 Cum
1984 5236 2129 5289 enim
2181 5239 2349 5293 inter-

776 5324 1094 5385 rogarentur
1132 5316 1324 5381 Judaei,
1360 5319 1580 5389 ubinam
1618 5321 1870 5377 Christus
1898 5338 2232 5391 nasceretur,
2286 5332 2346 5395 ii,

778 5403 848 5457 In
880 5402 1143 5459 Bethleem
1172 5405 1344 5473 Iuda,
1374 5416 1432 5463 ut
1459 5425 1546 5465 res
1576 5424 1637 5467 se
1673 5411 1930 5480 habebat,
1958 5414 2209 5471 dixerunt
2234 5436 2250 5472 :
2294 5429 2350 5474 et

880 5572 949 5603 ³⁸⁸
972 5569 1161 5626 Matth.
1190 5589 1248 5637 lt,
1290 5573 1340 5627 I.
1429 5576 1474 5609 "
1501 5576 1690 5631 Matth.
1724 5569 1835 5646 iw,
1863 5592 2010 5649 se‘l‘l-

2091 5581 2138 5612 "
2165 5582 2329 5640 Mich.
2350 5604 2401 5653 ν,
2440 5586 2493 5640 2.

2453 4612 2515 4653 se
2564 4613 2686 4653 esse
2737 4598 2960 4668 majoris
3019 4597 3259 4661 virtutis,
3309 4610 3470 4664 quam
3527 4612 3649 4666 quae
3718 4598 3776 4652 in
3825 4602 4029 4654 stellam

2451 4692 2691 4751 caderet.
2731 4700 2786 4745 et
2823 4691 2903 4744 eis
2956 4688 3192 4743 faciebat
3238 4690 3610 4745 accessionem
3676 4690 3830 4748 ﬁdei.
3879 4693 4030 4749 Certe

2451 4783 2609 4852 longe
2635 4784 2867 4834 maxima
2931 4779 3239 4838 adiciuntur
3276 4781 3484 4848 laetitia,
3517 4782 3663 4850 quod
3689 4794 3749 4836 et
3790 4785 4031 4840 invenis-

2454 4886 2574 4930 sent
2624 4874 2677 4929 id
2708 4875 2851 4944 quod
2880 4876 3243 4945 quaerebatur,
3277 4882 3333 4927 et
3376 4873 3479 4927 iter
3508 4888 3617 4927 non
3656 4874 3867 4931 frustra
3906 4893 4029 4931 eon-

2452 4966 2732 5030 fecissent,
2760 4975 2814 5019 et
2863 4964 3009 5033 quod
3058 4962 3205 5019 ictus
3258 4971 3405 5018 esset
3460 4964 3704 5028 divinus,
3766 4976 3825 5019 et
3892 4967 4028 5036 quod

2451 5060 2681 5114 fuissent
2732 5058 2904 5112 nuntii
2944 5057 3207 5112 veritatis.
3252 5055 3634 5125 Quaarquidem
3681 5057 3874 5111 omnia
3915 5068 4031 5113 sunt

2451 5153 2592 5205 illius
2650 5149 2981 5204 admirabilis
3027 5148 3220 5218 puellae
3266 5149 3516 5203 encomia
3559 5156 3794 5218 prepter
3843 5150 4028 5211 Deum,

2450 5241 2542 5311 qui
2592 5254 2660 5295 ex
2726 5240 2837 5309 ipsa
2904 5246 3063 5292 natus
3106 5247 3190 5293 est
3237 5247 3344 5292 :et
3388 5253 3582 5292 eorum
3647 5240 4031 5309 magnitudine

2454 5334 2620 5395 illam,
2667 5341 2726 5385 ut
2767 5330 3113 5400 praecipuam,
3145 5332 3390 5385 eximunt
3420 5346 3449 5385 a
3486 5331 3849 5389 mulieribus.
3890 5333 4032 5388 Ροςι-

2456 5438 2615 5494 quam
2673 5430 2852 5474 autem
2928 5419 3149 5474 fuerunt
3235 5420 3377 5473 intra
3445 5419 3709 5484 domum,
3774 5424 4028 5487 viderunt.

2569 5588 2612 5619 "
2638 5586 2775 5641 Gen.
2808 5599 2952 5649 χιιι,
2981 5583 3067 5639 10.

782 5730 916 5783 ⁸ιοῦ
943 5730 1233 5800 θεραπεία.
1280 5735 1374 5800 τὰς
1427 5735 1601 5805 ψυχὰς
1626 5741 1805 5800 αὐτῶν
1834 5746 2072 5816 γαλήνης
2101 5745 2401 5818 πληροῦσα,
2444 5746 2536 5803 καὶ
2577 5748 2709 5817 πρὸς
2742 5748 2838 5817 τὴν
2875 5743 3038 5800 αὑτοῦ
3080 5740 3372 5814 βεϐαιώσει
3412 5739 3595 5794 πῖστιν
3633 5739 3712 5812 τῷ
3754 5739 4028 5813 puniti!

787 5826 881 5894 τῆς
911 5825 1274 5890 ἀναστάσεως.
