4170 6322
142 375 248 437 545

1232 385 1516 446 ORATIO
1561 388 1652 448 DE
1696 386 1975 447 SANCTA
2025 386 2294 448 MARIA.

3267 391 3371 453 546

141 492 333 557 inquit,
381 491 637 558 infantem
679 507 793 544 cum
851 492 1025 544 Maria
1082 505 1248 546 matre
1296 496 1406 564 ejus
1459 497 1499 525 "
1559 494 1699 560 Quid
1733 516 1771 568 Α
1804 495 2149 560 tentationes,
2182 504 2235 549 et
2261 495 2335 549 sis
2362 507 2576 564 paratus
2631 499 2892 552 adversus
2929 497 3168 555 insidias.
3207 501 3373 564 lube-

138 591 320 636 autem
365 599 622 653 magnum
676 584 946 647 viderunt,
996 584 1140 653 quod
1204 599 1328 638 eum
1382 587 1692 652 adorarunt,

137 687 259 724 cum
314 675 495 727 omnia
545 686 728 728 essent
763 675 1046 742 ejusmodi,
1088 683 1146 728 ut
1187 675 1324 729 nihil
1371 687 1553 745 posset
1580 693 1697 731 esse

136 761 351 817 vilius?
403 764 817 832 Speluncamue,
870 780 1129 835 prresepe,
1180 766 1426 820 fascias:
1471 785 1537 821 an
1585 785 1696 822 ma-

137 867 298 920 trem,
362 872 482 924 quae
537 868 681 912 tanta
746 868 861 912 crat
927 859 1318 927 simplicitate?
1360 858 1498 925 Quid
1569 877 1695 930 ergo

133 958 228 997 eos
299 956 443 999 tanta
505 947 685 1001 affecit
777 948 1152 1011 admiratione,
1231 958 1288 1002 ut
1354 966 1456 1003 nou
1521 950 1694 1004 solum

133 1031 444 1098 adorarent,
487 1035 577 1087 sed
627 1034 788 1087 etiam
822 1035 961 1089 dona
991 1035 1272 1100 offerrent,
1304 1052 1474 1106 eaque
1502 1038 1693 1105 hujus-

136 1124 304 1187 modi,
336 1139 452 1193 quae
493 1125 666 1192 ipsum
715 1139 839 1178 esse
890 1126 1054 1179 Deum
1091 1136 1146 1180 et
1192 1127 1386 1198 Regem
1420 1129 1694 1198 signiﬁca-

134 1217 324 1269 rent?
382 1215 494 1268 lloc
567 1217 712 1269 enim
771 1217 873 1271 sibi
943 1219 1151 1278 volunt,
1227 1234 1418 1288 nempe
1492 1221 1692 1291 Regem

133 1313 352 1379 quidem
386 1326 601 1376 aurum,
635 1313 760 1366 thus
809 1328 937 1366 vero
990 1312 1177 1376 Deum,
1237 1314 1453 1383 myrrha
1514 1328 1690 1372 autem

133 1401 582 1470 praesignificabat
633 1411 884 1469 mortem,
917 1419 1076 1472 quam
1135 1421 1229 1473 pro
1262 1420 1348 1460 me
1392 1418 1510 1462 crat
1540 1411 1692 1464 subi-

131 1502 308 1546 turus.
367 1491 636 1557 Quidnam
692 1509 820 1564 ergo
864 1509 958 1548 eos
1025 1496 1259 1550 movit?
1318 1499 1469 1563 illud,
1550 1505 1690 1570 quod

125 1583 288 1636 etiam
342 1585 542 1649 effecit,
582 1596 638 1640 ut
670 1588 828 1640 domo
853 1589 1237 1662 escitarentur,
1270 1601 1324 1646 et
1355 1604 1560 1647 tantum
1596 1596 1693 1649 iter

125 1673 460 1729 conficerent
492 1694 503 1729 :
540 1679 696 1731 stella
741 1675 986 1745 omnino,
1013 1693 1068 1735 et
1113 1698 1230 1750 quae
1282 1697 1467 1736 eorum
1498 1686 1691 1739 animis

129 1764 303 1817 inerat
343 1782 371 1818 a
403 1766 509 1821 Deo
541 1769 880 1826 illuminatio.

196 1856 380 1910 XVIII.
431 1859 536 1911 Sed
589 1862 715 1927 quid
749 1874 1174 1919 consentaneum
1218 1877 1333 1921 erat
1362 1869 1544 1921 animo
1568 1884 1689 1922 ver-
1727 1857 1764 1908 Β

126 1957 242 1995 sare
274 1953 520 2006 matrem.
563 1947 676 2006 hac
706 1957 1054 2008 cernentem?
1082 1955 1373 2025 Cujusnam
1434 1958 1520 2010 lilii
1550 1967 1694 2012 esset

123 2038 316 2094 mater,
348 2033 412 2087 ad
447 2050 606 2102 quem
644 2039 743 2093 viri
764 2050 870 2094 tam
922 2044 1157 2112 insignes
1205 2046 1282 2099 sic
1333 2057 1692 2112 accesserant,

124 2121 276 2174 stella
314 2123 450 2178 duce
477 2137 690 2183 utentes
722 2148 736 2186 :
778 2134 868 2200 qui
915 2150 1035 2186 eum
1085 2136 1382 2188 adorabunt
1431 2137 1485 2189 in
1517 2137 1693 2192 fasciis

123 2221 176 2265 et
203 2213 344 2266 dona
369 2217 684 2284 offerebant,
713 2231 960 2292 tanquam
981 2225 1028 2278 ei
1057 2241 1113 2280 se
1144 2227 1432 2282 conciliare
1472 2229 1692 2282 studen-

124 2312 223 2367 tes,
262 2314 316 2358 et
345 2306 444 2359 sibi
477 2311 676 2378 aliquid
709 2329 981 2385 magnum,
1018 2317 1160 2385 quod
1181 2318 1307 2374 hinc
1334 2330 1450 2374 erat
1477 2330 1692 2374 secutu-

124 2410 260 2458 rum,
287 2405 682 2465 procurantes?
722 2405 810 2460 Vel
842 2419 1099 2477 quantum
1134 2427 1252 2465 eam
1304 2416 1537 2480 gaudere
1595 2431 1692 2484 par

122 2498 240 2541 erat
273 2505 336 2543 ac
367 2503 625 2560 quantum
665 2497 942 2557 illustrari,
976 2513 1296 2567 quantaeque
1317 2506 1426 2571 Spei
1457 2505 1689 2559 fructum

115 2579 223 2645 jam
255 2583 532 2650 percipere
562 2601 666 2637 non
706 2602 771 2640 ex
809 2588 891 2642 his
924 2593 1120 2652 solum.
1158 2593 1251 2647 sed
1279 2609 1339 2646 ex
1374 2595 1478 2648 illis
1499 2597 1685 2660 etiam,

120 2682 234 2733 qute
264 2686 669 2742 praecesserant,
693 2679 1028 2737 admirabilia
1055 2684 1383 2754 colligente?
1416 2685 1535 2740 llarc
1555 2703 1688 2756 puer

121 2759 204 2811 ille
258 2765 350 2816 dat
391 2766 438 2818 ei
476 2769 695 2835 praemia
730 2788 744 2822 :
783 2773 858 2826 sic
889 2775 1112 2842 opponit
1147 2776 1441 2830 humilibus
1474 2793 1536 2831 ea
1569 2795 1688 2847 qum

119 2859 245 2904 sunt
276 2853 504 2908 illustria
539 2873 644 2921 ;ne
683 2860 848 2912 solam
878 2863 1066 2916 videns
1096 2867 1428 2932 speluncam,
1463 2878 1692 2936 ettuguo

120 2938 280 3003 rium,
311 2952 364 2994 et
398 2958 658 3014 praesepe,
686 2957 738 3001 et
767 2951 899 3005 viles
946 2954 1159 3020 fascias,
1189 2972 1373 3025 parva,
1409 2966 1466 3011 ut
1495 2973 1685 3013 conse-

119 3041 288 3092 quens
319 3030 620 3100 videbatur,
655 3037 991 3106 opinaretur,
1040 3053 1093 3097 et
1123 3045 1514 3100 distraheretur
1540 3049 1686 3119 cogi-

122 3118 446 3176 rarionibus:
478 3127 568 3180 sed
597 3137 653 3181 ut
676 3139 730 3184 et
754 3131 864 3185 inec
889 3148 1078 3202 magna
1106 3138 1476 3204 considerans,
1498 3118 1684 3194 rursus

120 3210 170 3262 in
234 3214 402 3266 altum
448 3219 812 3285 extolleretur,
889 3231 944 3276 et
999 3234 1217 3292 propter
1268 3227 1413 3281 hunc
1481 3244 1680 3283 novum

119 3312 329 3369 partum
359 3320 418 3359 se
455 3321 636 3375 posset
666 3311 873 3366 beatam
927 3315 1145 3372 ducere.
1202 3317 1354 3383 Quod
1411 3321 1554 3375 enim
1614 3323 1682 3377 ab

119 3395 266 3447 initio
296 3401 581 3455 consuevit
613 3403 870 3461 Dominus
901 3407 1099 3473 facere,
1137 3421 1196 3464 ut
1238 3427 1356 3480 qua:
1389 3424 1515 3468 sunt
1559 3416 1680 3470 vilia

118 3491 170 3538 et
197 3484 441 3555 humilia,
475 3494 694 3547 extollat
743 3506 936 3564 praeter
962 3500 1294 3566 opinionem,
1349 3506 1488 3558 sicut
1517 3523 1682 3561 econ-

118 3585 283 3638 tra,ut
307 3596 371 3634 ea
388 3598 505 3650 qua:
527 3589 927 3656 suntsuperba,
979 3590 1244 3660 deprimat
1281 3595 1423 3650 :hoc
1459 3598 1677 3666 quidem

115 3675 256 3720 certe
286 3669 490 3726 videret
517 3675 677 3730 etiam
745 3677 923 3735 facere
956 3682 1008 3735 in
1055 3683 1254 3753 seipso.

182 3756 322 3813 XIX.
364 3761 471 3818 Sed
501 3782 593 3820 cur
641 3769 805 3840 Magis
872 3784 954 3827 est
999 3777 1338 3845 imperatum,
1399 3795 1466 3834 ne
1495 3797 1679 3838 rursus

118 3849 352 3906 redirent
375 3857 441 3910 ad
491 3859 807 3916 Herodem?
836 3862 900 3917 Et
931 3881 1186 3932 quorsum
1245 3871 1332 3922 illa
1373 3871 1578 3940 abjecta
1623 3884 1678 3928 et

118 3941 294 3996 minus
348 3946 541 4000 decora
573 3949 627 4001 in
678 3951 940 4022 Egyptum
981 3960 1103 4027 fuga
1154 3957 1384 4022 Christi,
1452 3963 1676 4032 perinde

115 4045 174 4084 ac
198 4033 376 4090 sinon
410 4051 591 4108 posset
633 4044 788 4099 aliter
855 4063 974 4102 esse
1032 4050 1266 4106 salvus?
1299 4053 1556 4109 Futurum
1601 4069 1674 4110 est

114 4126 266 4194 enim,
301 4131 495 4201 inquit,
564 4146 620 4189 ut
677 4139 904 4195 Herodes
943 4155 1142 4212 quierat
1201 4165 1416 4218 puerum
1440 4154 1509 4204 ad
1560 4169 1675 4220 per-

113 4221 331 4276 dendum
361 4241 480 4279 eum
502 4227 576 4281 ³ο.
609 4229 744 4284 Num
779 4244 833 4289 ut
864 4251 961 4304 per
992 4237 1107 4292 haec
1141 4255 1302 4306 parva
1325 4249 1380 4294 et
1414 4241 1671 4309 humana,

114 4318 164 4362 et
200 4325 519 4369 cerneretur
541 4321 656 4386 ipse
693 4336 912 4378 carnem
944 4327 1260 4397 sumpsisse,
1297 4339 1351 4383 et
1385 4330 1673 4401 dispensa-

113 4398 270 4452 tionis
305 4403 451 4456 illius
479 4409 789 4465 crederetur
829 4419 1139 4488 magnitudo
1171 4419 1192 4472 ?
1242 4398 1512 4477 Maxime:
1548 4442 1672 4493 pro-

1800 598 1885 642 tur
1931 600 2110 641 autem
2145 603 2422 641 assumere
2482 605 2705 659 puerum
2741 601 2794 644 et
2859 602 3084 646 matrem
3124 595 3242 663 ejus
3319 605 3375 651 et

1794 681 1979 748 fugere
2017 680 2070 734 in
2112 679 2428 750 Egyptum,
2486 697 2591 734 non
2627 683 2766 736 sicut
2822 685 2992 752 prius.
3052 685 3186 739 Nam
3246 696 3373 741 tunc

1795 771 2009 839 quidem
2036 767 2420 830 dicit,Uxorem
2453 781 2624 838 tuam;
2658 789 2806 828 nunc
2839 791 2968 829 vero
3009 776 3150 830 lianc
3214 789 3370 832 vocat

1797 873 2035 929 matrem,
2054 880 2175 918 cum
2191 872 2337 916 esset
2359 878 2606 933 egressus
2628 877 2831 934 partus,
2856 877 2910 921 et
2932 878 3072 922 mota
3097 872 3370 938 suspicio.

1797 955 1953 1025 Fuga:
1979 969 2156 1012 autem
2177 971 2364 1017 causa,
2387 972 2465 1012 est
2491 969 2666 1012 metus
2701 959 3035 1014 insidiarum.
3090 959 3223 1015 Vide
3243 978 3372 1032 ergo

1798 1063 1983 1102 rursus
2007 1065 2126 1103 cum
2149 1053 2350 1122 magnis
2374 1062 2427 1106 et
2447 1054 2804 1122 suspiciendis
2828 1056 3083 1123 conjungi
3113 1055 3366 1119 humilia,

1795 1147 1848 1193 et
1878 1155 1997 1194 cum
2024 1142 2277 1209 jucundis
2305 1159 2507 1212 eaquae
2563 1155 2690 1199 sunt
2744 1146 2994 1202 molesta.
3039 1144 3164 1200 Post
3219 1147 3368 1201 illam

1793 1244 1890 1295 per
1949 1232 2156 1285 stellam
2187 1233 2584 1298 deductionem,
2627 1244 2750 1302 post
2797 1235 3012 1288 illorum
3087 1245 3344 1302 tanquam

1795 1319 1943 1390 Regi,
1988 1323 2068 1376 vel
2092 1325 2268 1392 potius
2293 1335 2544 1393 tanquam
2601 1327 2710 1380 Deo
2759 1327 3052 1380 exhibit-am
3093 1328 3368 1383 adoratio-

1794 1424 1936 1474 nem,
1976 1422 2030 1465 et
2061 1415 2327 1466 donorum
2390 1415 2752 1481 oblationem,
2791 1417 2842 1470 in
2898 1431 2964 1469 eo
3031 1417 3130 1469 fuit
3190 1425 3368 1470 metus

1794 1503 2001 1562 mortis,
2034 1513 2086 1557 et
2109 1503 2228 1569 fuga
2248 1506 2476 1560 occulta.
2499 1507 2563 1560 Et
2593 1508 2659 1560 de
2684 1523 2790 1576 quo
2812 1510 2959 1576 prius
2982 1510 3363 1563 renuntiatum

1794 1593 1965 1647 fuerat
2003 1593 2114 1649 fore
2142 1605 2197 1648 ut
2227 1597 2430 1650 salvum
2485 1597 2685 1651 faceret
2719 1600 2998 1667 populum.
3028 1616 3092 1653 ne
3123 1616 3182 1654 se
3245 1602 3368 1668 qui-

1791 1685 1912 1739 dem
1936 1686 2148 1740 videtur
2209 1702 2365 1757 posse
2422 1689 2629 1741 salvum
2689 1689 2886 1744 facere.
2956 1690 3086 1754 Quae
3140 1690 3363 1759 quidem

1793 1778 2064 1843 quomodo
2092 1793 2279 1832 rursus
2335 1779 2576 1832 animum
2638 1780 2872 1850 Virginis
2929 1781 3268 1836 affecerunt?
3301 1783 3368 1836 Et

1797 1869 1923 1936 quid
1958 1880 2385 1924 consentaneum
2415 1882 2498 1926 est
2533 1887 2651 1924 eam
2702 1873 2907 1926 interea
2936 1875 3244 1943 cogitasse?
3275 1875 3366 1928 Sic

1796 1960 1957 2014 etiam
1991 1962 2041 2014 in
2066 1963 2318 2017 omnibus
2392 1964 2596 2017 sanctis
2641 1974 3038 2033 consequenter
3097 1965 3363 2028 invenies,

1795 2067 1917 2107 cum
1939 2054 2003 2108 iis
2029 2071 2147 2125 qua:
2177 2065 2384 2110 suntex
2405 2057 2568 2110 animi
2588 2059 2877 2121 sententia,
2907 2057 3121 2112 misceri
3145 2075 3366 2130 quoque

1798 2145 2043 2198 molesta.
2117 2145 2316 2200 Verum
2375 2147 2653 2204 enimvero
2703 2149 2781 2204 sic
2832 2150 3049 2218 quidem
3115 2149 3364 2205 Christus

1793 2235 1939 2287 venit
1970 2237 2022 2287 in
2055 2234 2367 2306 zEgyplum.

1861 2325 1976 2380 XX.
2008 2327 2241 2382 Herodes
2293 2341 2470 2384 autem
2535 2346 2656 2385 cum
2686 2346 2713 2385 a
2739 2347 2904 2402 scopo
2942 2333 3272 2396 aberrasset.
3304 2337 3356 2390 in

1793 2419 2048 2485 infantes,
2077 2423 2168 2491 qui
2202 2422 2399 2476 nullam
2466 2423 2705 2479 fecerant
2774 2426 3052 2494 injuriam,
3108 2439 3217 2482 tota
3281 2430 3360 2482 ira

1792 2513 2026 2580 erumpit
2053 2553 2067 2576 ,
2093 2529 2158 2567 eo
2193 2516 2351 2569 modo
2381 2532 2473 2570 eos
2516 2518 2803 2576 ulciscens.
2831 2519 2918 2586 qui
2974 2520 3122 2573 illum
3173 2522 3361 2577 illuse-

1790 2604 2057 2657 rantzvel
2088 2607 2263 2671 potius
2321 2619 2540 2674 propter
2586 2623 2740 2662 suam
2791 2610 2843 2663 in
2881 2611 3152 2666 Christum
3211 2614 3360 2667 insa-

1789 2694 1956 2755 niam,
1978 2711 2135 2764 quam
2161 2697 2408 2766 concepit
2447 2698 2516 2751 ob
2557 2709 2757 2752 metum
2786 2705 2955 2770 regni,
2995 2707 3358 2760 communiter

1789 2787 2072 2841 adversum
2105 2805 2320 2844 omnem
2350 2790 2505 2845 irruit
2526 2802 2794 2855 naturam,
2821 2793 3357 2852 etinterficitomnes
3385 2817 3387 2820 ‘

1788 2878 2017 2931 infantes
2073 2881 2161 2946 qui
2189 2892 2340 2934 erant
2369 2882 2424 2935 in
2483 2881 2780 2948 Bethleem,
2810 2883 2861 2937 in
2914 2885 3016 2938 hac
3067 2887 3319 2942 universa

1787 2969 1931 3021 caede
1965 2969 2244 3024 infantium
2281 2974 2600 3027 existimans
2625 2989 2682 3026 se
2716 2984 2770 3027 et
2803 2990 2968 3028 unum
3002 2977 3148 3029 illum
3177 2981 3357 3033 omni-

1789 3075 1858 3114 no
1884 3071 2278 3126 assecuturum,
2316 3072 2371 3118 et
2397 3072 2454 3118 ut
2507 3066 2600 3119 ille
2647 3067 2854 3121 solutus
2894 3077 3038 3122 esset
3099 3084 3129 3122 a
3185 3080 3353 3133 metu.

1789 3169 1978 3209 omnes
2046 3157 2225 3226 lugere
2249 3173 2548 3228 procurans
2611 3160 3158 3218 immisericorditer:
3211 3169 3355 3233 quod

1787 3246 1867 3296 vel
1909 3247 1960 3296 in
1987 3248 2146 3299 rebus
2177 3249 2485 3300 inanimatis
2511 3249 2861 3304 abstinuisset
2911 3251 3090 3305 facere
3116 3254 3272 3318 alius,
3300 3265 3356 3308 et

1785 3344 1996 3388 teneras
2027 3337 2234 3404 plantas
2264 3338 2552 3407 aspiciens,
2614 3341 2983 3396 misericordia
3038 3343 3354 3411 ductus,eas

1783 3425 2041 3479 noluisset
2072 3427 2405 3480 exscindere.
2435 3427 2540 3480 Sed
2577 3430 2752 3483 videte
2784 3446 2900 3494 vos,
2927 3433 3018 3499 qui
3063 3434 3349 3501 imperium

1782 3519 1993 3581 amatis,
2014 3530 2067 3572 ct
2089 3519 2268 3573 estisa
2297 3535 2430 3574 vana
2472 3521 2707 3589 superati
2763 3522 2948 3592 gloria,
2987 3523 3043 3577 in
3094 3535 3349 3593 quantam

1779 3624 1841 3661 ea
1884 3610 2145 3663 insaniam
2201 3612 2379 3680 adigat
2411 3612 2701 3676 amatores,
2734 3627 2789 3667 et
2837 3629 3070 3677 quonam
3097 3633 3190 3671 eos
3221 3618 3350 3671 ferri

1780 3699 2089 3770 persuadet,
2117 3712 2171 3754 et
2202 3717 2445 3770 quamam
2478 3719 2570 3759 eos
2602 3706 2739 3772 cogit
2773 3707 2968 3763 facere.
2992 3707 3140 3762 lianc
3164 3725 3344 3765 autem

1779 3791 2065 3844 infantium
2088 3792 2286 3845 caedent
2305 3789 2563 3846 Jeremias
2588 3808 2801 3862 quoque
2828 3798 3013 3851 multis
3035 3811 3161 3853 ante
3189 3803 3348 3856 annis

1778 3882 2122 3954 praenuntiat,
2166 3892 2223 3936 et
2279 3884 2518 3952 prtedicit
2569 3887 2902 3954 tragoediam,
2954 3898 3009 3943 et
3057 3890 3349 3946 introducit

1778 3953 2066 4029 Rachelem
2100 3975 2316 4029 flentem
2356 3992 2483 4031 suos
2516 3977 2671 4038 filios,
2696 3987 2750 4031 et
2789 3981 3209 4035 consolationem
3245 3985 3348 4038 mi-

1775 4067 1919 4119 nime
1952 4066 2320 4120 admittentem
2350 4066 2391 4098 "
2422 4105 2436 4120 .
2461 4065 2720 4132 Quocirca
2751 4083 2858 4123 non
2878 4071 3160 4137 ignorante
3191 4076 3308 4128 scili
3329 4106 3343 4114 -

1775 4166 1860 4211 cet
1895 4157 2003 4212 Deo
2035 4158 2149 4212 haec
2183 4158 2403 4225 fiebant,
2457 4160 2550 4213 sed
2615 4169 2669 4213 et
2738 4163 2968 4226 sciente,
3026 4173 3079 4217 et
3131 4165 3346 4220 volente

1773 4249 1988 4317 quidem
2018 4265 2222 4313 arcere,
2294 4253 2695 4318 permittentcm
2748 4262 2929 4304 autem
2983 4256 3194 4308 arcanis
3223 4259 3344 4324 qui-

1774 4341 1996 4396 busdam
2026 4341 2344 4395 rationibus.
2384 4342 2489 4396 Sed
2513 4341 2750 4398 Herodes
2772 4344 2989 4413 quidem
3035 4347 3343 4415 percipiens

1774 4449 1983 4500 eorum,
2014 4451 2133 4504 qua:
2159 4434 2307 4500 fecit,
2372 4434 2578 4490 fructus
2631 4439 3036 4504 convenientes,
3085 4440 3345 4494 divinitus

114 4499 290 4598 pterea
322 4509 424 4596 nec
450 4498 624 4566 primo
642 4505 904 4556 statuitin
921 4507 1172 4562 omnibus
1193 4511 1367 4566 facere
1387 4514 1666 4568 miracula.
1703 4521 1745 4575 Ι)
1774 4498 2234 4598 immissa-plaga,
2270 4535 2384 4579 toto
2440 4542 2664 4594 corpore
2730 4530 3025 4589 sauciatur.
3094 4540 3148 4583 Ct
3201 4545 3324 4585 vere

113 4578 236 4646 Quae
263 4586 407 4638 enim
434 4590 501 4643 ab
532 4590 684 4644 initio
713 4591 854 4646 facta
881 4606 1258 4668 sunt,propter
1283 4601 1504 4656 Matrem
1549 4619 1669 4657 om-

115 4677 237 4729 nino
273 4678 413 4732 facta
443 4690 588 4747 sunt,
612 4695 828 4755 propter
845 4686 1070 4761 Joseph,
1128 4703 1345 4761 propter
1402 4705 1666 4764 pastores,

115 4780 328 4840 propter
365 4771 564 4846 Magos.
595 4777 709 4842 Qua
747 4781 812 4834 de
837 4798 1000 4838 causa
1032 4784 1198 4856 Magis
1227 4802 1447 4858 quoque
1479 4793 1666 4848 datum

113 4875 189 4920 est
221 4883 539 4937 responsum
576 4889 644 4930 ne
674 4888 1072 4933 reverterentur
1098 4884 1164 4936 ad
1193 4883 1481 4950 Herodem,
1519 4901 1577 4942 ut
1615 4900 1668 4944 et

113 4958 358 5017 doctores
385 4964 496 5018 cito
519 4968 865 5025 mitterentur
889 4972 940 5026 in
969 4972 1256 5030 Persarum
1290 4980 1584 5048 regionem,
1610 4989 1666 5034 et

114 5054 317 5116 tyranni
342 5054 496 5111 furor
519 5059 999 5133 interrumperetur
1015 5068 1287 5138 sciretque
1305 5087 1362 5124 se
1380 5088 1438 5125 ea
1454 5067 1666 5143 aggredi

111 5157 223 5209 quae
239 5146 374 5202 effici
399 5165 507 5204 non
525 5165 760 5222 possent.
786 5157 937 5222 Quod
958 5160 998 5215 si
1018 5176 1125 5214 non
1143 5163 1311 5217 evasit
1329 5164 1536 5224 melior,
1560 5181 1667 5219 non

115 5231 163 5283 in
183 5247 326 5296 eum,
352 5240 447 5307 qui
469 5230 579 5294 haec
601 5245 850 5312 providit,
879 5258 931 5302 et
952 5251 1041 5319 qui
1061 5251 1172 5305 haec
1196 5253 1665 5320 eofecitconsilio,

112 5324 198 5377 sed
215 5327 270 5377 in
300 5343 566 5386 summam
595 5335 1011 5394 illiusinsaniam
1030 5343 1182 5411 culpa
1205 5354 1288 5398 est
1306 5346 1662 5412 conferenda;

116 5429 369 5483 prazterea
421 5434 479 5478 ut
524 5433 578 5478 tu
605 5442 836 5497 quoque,
861 5432 952 5501 qui
985 5447 1051 5486 ex
1089 5435 1308 5488 Christo
1344 5438 1524 5491 vivere
1551 5437 1662 5491 ele-

111 5512 246 5581 gisti,
286 5527 396 5566 non
431 5532 622 5583 parvas
673 5519 738 5573 ad
798 5523 1191 5595 philosophiam
1233 5541 1298 5580 ex
1329 5544 1393 5582 eo
1422 5530 1664 5584 invenias

114 5606 419 5662 occasiones
454 5627 466 5663 :
524 5627 716 5690 nempe
750 5623 804 5668 ut
829 5626 881 5670 et
899 5620 1076 5672 statim
1106 5621 1173 5675 ab
1203 5622 1354 5677 initio
1385 5636 1664 5690 exspectes

214 5785 256 5816 "
291 5785 483 5842 Matth.
516 5803 574 5853 ll,
617 5791 669 5844 ll
775 5796 817 5826 ³ο
844 5795 1028 5850 Matth.
1076 5815 1132 5862 is,
1174 5801 1252 5853 l3.

1335 5802 1375 5832 ³¹
1403 5799 1602 5854 Jert‘m.
1650 5819 1704 5867 ιι,
1735 5801 1819 5854 15.

1774 4622 1942 4674 malus
1991 4621 2131 4674 male
2194 4619 2350 4686 perit,
2393 4618 2692 4688 ejusregno
2741 4619 2794 4672 in
2861 4629 3093 4689 quatuor
3159 4632 3340 4691 partes

1771 4709 1944 4764 diviso
1981 4729 1995 4764 ε
2035 4707 2299 4762 Archelao
2351 4707 2567 4777 quidem
2625 4709 2907 4776 imperium
2943 4712 3225 4766 obtinente
3285 4713 3339 4766 in

1770 4802 1972 4865 Judaza,
2005 4798 2215 4854 Herode
2249 4809 2450 4862 autem,
2483 4811 2536 4852 et
2585 4799 2855 4868 Philippo,
2891 4813 2944 4854 et
2970 4802 3216 4871 Lysania,
3251 4806 3340 4860 ilio

1771 4892 1989 4961 quidem
2016 4891 2265 4952 Galilmae,
2302 4890 2406 4942 hoc
2450 4903 2576 4942 vero
2604 4888 2809 4943 Ituraeaa
2838 4899 2892 4944 et
2920 4889 3335 4954 Tracbonitidis.

1772 4993 2047 5053 postremo
2081 4992 2283 5042 autem,
2316 4982 2700 5034 tetrarchatum
2744 4982 2936 5034 sortito
2959 4983 3335 5038 Abilinat"-”.

1843 5073 1982 5127 XXI.
2031 5072 2314 5138 Postquam
2343 5081 2523 5125 autem
2558 5075 2788 5126 excessit
2833 5067 3068 5126 Herodes
3121 5090 3182 5127 ex
3242 5075 3339 5129 ltu-

1774 5169 1969 5230 manis,
1997 5163 2218 5235 angelus
2248 5178 2436 5219 rursus
2464 5164 2517 5216 in
2569 5164 2775 5218 somnis
2832 5164 3068 5232 Josepho
3112 5179 3335 5235 apparet

1773 5257 1826 5310 in
1857 5256 2104 5325 Egypto,
2136 5263 2190 5307 et
2216 5255 2371 5323 jubet
2399 5254 2659 5308 infantem
2682 5254 2947 5322 accipere,
2997 5265 3049 5307 et
3071 5255 3334 5324 proficisci

1771 5349 1825 5402 in
1855 5357 2048 5400 terram
2113 5345 2290 5400 lsrael.
2341 5345 2513 5410 Quam
2569 5345 2770 5408 multae,
2806 5359 2840 5398 ο
2894 5345 3090 5399 Christi
3145 5346 3332 5409 Mater,

1773 5440 1988 5492 fuerunt
2048 5437 2142 5491 tibi
2185 5452 2408 5490 casuum
2466 5437 2894 5504 ianualitates?
2939 5451 3098 5505 quam
3155 5438 3336 5490 multa:

1773 5544 1949 5584 rerum
1981 5529 2349 5583 mutationes?
2381 5530 2516 5583 Ecce
2547 5531 2691 5584 enim
2716 5544 2900 5581 rursus
2943 5528 3159 5597 quidem
3187 5530 3335 5583 fuisti

1771 5623 1941 5679 soluta
1968 5622 2037 5675 ab
2059 5624 2267 5686 exsilio,
2305 5630 2358 5676 et
2403 5623 2469 5678 ad
2533 5622 2801 5692 propriam
2834 5622 3118 5676 reverteris
3161 5623 3336 5692 regio-

1900 5801 2014 5832 ειν
2050 5800 2182 5857 Luc.
2217 5817 2297 5866 ιιι,
2331 5801 2391 5865 l;
2451 5799 2637 5856 Matth.
2681 5817 2739 5864 ιι,
2771 5802 2860 5867 ‘20,
2893 5799 2982 5859 ει.
