4170 6322
764 406 865 472 547

2027 385 2307 447 MENSIS
2348 382 2774 446 AUGUSTUS.

3907 375 4007 438 548

753 532 901 577 nem,
932 522 985 568 et
1019 526 1168 575 eum,
1193 509 1285 579 qui
1311 505 1406 562 tibi
1440 503 1578 560 male
1602 502 1783 556 facere
1809 511 2095 569 aggressus
2127 496 2329 561 fuerat,
2360 502 2402 559 Α
2463 494 2749 566 Egyptum,
2781 504 3011 546 narrans
3041 487 3444 561 Lucas(neque
3499 489 3643 543 enim
3683 498 3813 544 ante
3859 492 4008 559 puri-

759 613 872 679 ipsa
908 606 1090 676 potius
1126 617 1247 656 eum
1278 598 1461 654 vidisti
1488 597 1629 650 male
1666 593 1914 664 periisse.
1948 589 2082 646 Cum
2111 589 2332 644 domum

754 711 932 754 autem
969 697 1226 756 venisses,
1262 704 1452 746 rursus
1483 688 1696 743 invenis
1730 685 1992 740 malorum
2025 683 2335 737 successio-

757 805 900 854 nem,
933 795 988 841 et
1016 785 1167 839 vides
1194 783 1360 836 filium
1406 779 1636 850 tyranni,
1692 776 1784 846 qui
1827 775 1929 829 fuit
1954 775 2029 828 tui
2072 773 2191 826 Filii
2215 773 2337 842 (pro

755 880 969 946 dolor!)
995 876 1300 937 insidiator,
1342 889 1440 943 pro
1462 887 1528 926 eo
1559 867 1896 940 regnantem.
1936 867 2038 920 Sed
2067 864 2340 935 rogaverit

755 974 1021 1041 quispiam
1058 986 1119 1023 ex
1152 967 1430 1029 studiosis,
1460 961 1736 1032 quomodo
1787 958 2092 1014 Archelaus
2139 957 2337 1011 Judaeae

755 1064 1079 1134 imperabat,
1132 1059 1324 1114 Pontio
1374 1056 1548 1109 Pilato
1590 1064 1717 1107 tunc
1767 1049 2138 1122 praesidente?
2195 1047 2338 1100 Num

755 1158 897 1226 quod
924 1171 1098 1224 nuper
1126 1151 1449 1208 decessisset
1489 1147 1808 1202 Herodes.et
1830 1144 2068 1198 nondum
2097 1143 2149 1196 in
2176 1141 2341 1194 multa

756 1263 978 1318 regnum
1015 1253 1156 1299 esset
1184 1243 1438 1303 divisum,
1481 1239 1626 1291 illius
1662 1235 1800 1288 filius
1845 1234 2056 1286 interea
2112 1228 2343 1283 habebat

757 1338 1091 1409 imperium?
1125 1337 1243 1389 Non
1267 1343 1350 1388 est
1392 1342 1573 1386 autem
1619 1327 1962 1398 evangelistae
2014 1335 2341 1392 supervaca-

758 1447 860 1485 nea
906 1429 1076 1500 patris
1101 1441 1316 1496 quoque
1365 1421 1624 1492 adiectio.
1673 1417 1781 1471 Pro
1821 1415 2024 1469 Herode
2051 1415 2218 1479 enim,
2258 1411 2341 1462 in-

758 1524 896 1593 quit,
918 1528 1066 1590 patre
1087 1520 1198 1587 ejus
1227 1519 1292 1582 ³³,
1319 1526 1378 1569 ut
1407 1515 1612 1569 scilicet
1635 1527 1757 1565 eum
1789 1525 1816 1562 a
1851 1508 2014 1562 fratre
2043 1506 2344 1574 distingue-

761 1625 861 1678 ret,
897 1613 1068 1681 utqui
1102 1613 1216 1679 ipse
1245 1621 1463 1678 quoque
1496 1603 1735 1658 Herodes
1766 1609 2051 1655 vocaretur
2070 1597 2342 1651 similiter.

831 1721 998 1776 XXII.
1057 1719 1222 1773 Venit
1278 1732 1405 1787 ergo
1449 1714 1647 1783 Ioseph
1707 1711 1996 1773 Nazarerh,
2042 1718 2098 1762 ut
2156 1706 2246 1775 qui
2291 1708 2345 1759 in

761 1815 967 1871 somnis
1000 1826 1318 1882 re5ponsum
1354 1808 1653 1875 accepisset
1674 1805 1768 1873 (ita
1808 1803 1953 1856 enim
2010 1800 2227 1856 divinus
2274 1797 2347 1851 ait

763 1905 1086 1973 Matth-acus)
1120 1902 1364 1958 simulet
1412 1898 1716 1973 periculum
1775 1893 2008 1964 fugiens,
2058 1901 2113 1945 et
2156 1891 2342 1944 volens

767 2000 1009 2054 habitare
1044 1997 1096 2049 in
1129 1994 1323 2064 putria.
1354 1990 1426 2045 Ut
1488 1997 1666 2042 autem
1724 1993 1906 2056 posset
1950 1983 2119 2051 magis
2171 1979 2340 2035 confi-

767 2093 916 2155 dere,
947 2102 1266 2155 responsum
1294 2082 1488 2152 accipit
1518 2081 1584 2134 ab
1606 2076 1798 2146 angelo
1857 2075 2017 2143 Atqui
2053 2087 2158 2126 non
2203 2071 2339 2124 dicit

767 2184 944 2237 Lucas
980 2181 1130 2233 illum
1169 2178 1383 2231 venisse
1407 2191 1469 2228 ex
1505 2186 1768 2242 responso
1802 2187 1814 2222 :
1845 2169 1937 2222 sed
1975 2182 2096 2221 cum
2127 2179 2342 2218 onmem
2375 2184 2394 2199 -ο

770 2275 1088 2343 implessent
1121 2267 1574 2339 purificationem,
1627 2263 1881 2319 statuisse
1919 2274 2107 2312 rursus
2146 2257 2341 2311 reverti

767 2363 1058 2418 Nazareth.
1087 2359 1370 2426 Quomodo
1411 2373 1540 2426 ergo
1570 2363 1648 2409 est
1683 2369 1712 2407 a
1742 2353 1898 2406 nobis
1921 2350 2178 2404 solvenda
2209 2364 2343 2402 cnn-

771 2454 1068 2510 troversia?
1096 2453 1248 2517 Quod
1274 2461 1507 2518 tempus,
1529 2446 1671 2515 quod
1692 2445 1930 2497 fuitantc
1948 2443 2269 2494 descensum
2297 2438 2349 2488 in

858 2573 895 2600 ⁵⁸
934 2572 1123 2622 Matth.
1163 2581 1219 2626 tt,
1259 2568 1323 2617 22
1389 2564 1429 2591 ³⁸
1467 2563 1622 2620 ibid.,
1663 2561 1726 2609 23
1793 2556 1830 2583 ³⁸
1865 2558 1992 2605 Luc.
2034 2567 2090 2611 tt,
2131 2552 2211 2602 40.

846 2689 956 2759 (ll)
1035 2687 1142 2738 Τοῦ
1193 2679 1630 2751 Μεταφραστοῦ
1682 2678 1780 2732 καὶ
1839 2676 1943 2730 τοῦ
1981 2673 2352 2743 Γεωμέτρου.

779 2785 989 2850 Ἷ)μω;,
1018 2779 1106 2832 ὅτε
1141 2775 1348 2828 δώδεκα
1377 2774 1512 2825 ἐτῶν
1534 2771 1772 2838 γεγονὼς
1795 2766 1886 2839 ἦν,
1913 2769 2088 2822 ἄνεισι
2119 2766 2215 2834 μὲν
2244 2765 2359 2832 ἅμα

777 2875 888 2934 τοῖς
938 2869 1211 2938 γονεῦσιν,
1276 2865 1356 2926 εἰς
1423 2858 1802 2932 Ἰερουσαλὴμ,
1860 2857 1958 2926 τὴν
2014 2853 2208 2924 ἑορτὴν
2263 2849 2360 2903 τοῦ

781 2963 971 3030 Πάσχα
1022 2957 1370 3026 τελεσόμενος
1467 2951 1541 3015 ὡς
1587 2951 1644 3003 δὲ
1692 2950 1874 3018 εκείνη
1909 2948 2082 3019 πέρας
2122 2942 2265 3015 εἶχεν
2306 2944 2365 2997 ὲν

783 3055 1022 3126 ἡμέραις
1066 3049 1208 3104 ἑπτὰ
1263 3045 1584 3118 τελουμένη,
1640 3044 1795 3098 αὐτοὶ
1853 3043 1950 3112 μὲν
1997 3041 2357 3109 ὑπέστρεφον,

793 3146 1002 3213 Ἰησους
1048 3141 1104 3194 δὲ
1159 3138 1443 3205 ὑπομένει,
1491 3135 1716 3194 τούτους
1760 3133 1962 3186 λαθών.
2011 3133 2118 3184 Καὶ
2157 3132 2207 3182 οἱ
2263 3129 2362 3197 μὲν

2439 587 2742 641 ficationem
2773 597 2867 638 eos
2889 582 3016 638 illuc
3058 580 3319 646 duxisset,
3355 589 3414 634 ut
3448 578 3582 634 nihil
3607 581 3832 635 omnino
3861 579 4009 634 ﬁeret

2439 686 2626 729 contra
2659 673 2867 742 legem)
2902 672 3017 725 haec
3045 669 3198 724 dicit.
3235 666 3362 722 Erat
3388 666 3533 722 enim
3565 667 3792 721 omnino
3821 666 4005 735 purifi-

2440 766 2666 832 candus,
2698 764 2890 818 deimle
2919 769 3181 817 venturus
3204 759 3493 824 Nazareth,
3529 768 3585 813 et
3615 766 3748 812 tunc
3773 759 4002 812 descen-

2441 873 2604 913 surus
2653 857 2706 910 in
2761 855 3050 926 Egyptum.
3094 853 3302 907 Deinde
3359 866 3484 906 cum
3534 850 3616 906 sic
3662 864 3728 903 ex
3787 849 4014 921 Egypto

2441 950 2751 1012 rediissent,
2777 947 2998 1016 jubetur
3021 960 3209 999 rursus
3235 944 3288 998 in
3311 942 3813 997 Nazareth-venire.
3845 943 4012 993 Antea

2443 1043 2608 1106 enim,
2642 1039 2790 1092 nullo
2818 1045 3042 1106 accepto
3070 1049 3353 1104 responso,
3383 1043 3443 1087 ut
3466 1034 3594 1087 illuc
3623 1032 3904 1094 venirent,
3929 1031 4014 1084 sed

2443 1151 2564 1189 cum
2596 1133 2826 1188 libenter
2854 1130 3178 1192 habitarent,
3220 1139 3277 1181 ut
3309 1128 3564 1186 diximus.
3609 1126 3662 1178 in
3697 1123 3872 1194 patria
3905 1139 4016 1188 sua,

2444 1234 2636 1296 sponte
2701 1224 2804 1277 hoc
2850 1221 3144 1275 faciebant.
3208 1217 3344 1273 Cum
3408 1217 3551 1271 enim
3609 1230 3876 1269 ascensus
3917 1229 4020 1266 non

2445 1319 2635 1373 fuisset
2673 1325 2890 1386 propter
2918 1314 3076 1368 aliam
3112 1324 3351 1373 causam,
3402 1325 3561 1377 quam
3619 1317 3843 1377 propter
3901 1307 4024 1360 des-

2445 1411 3127 1480 eriptionem,etnusquam
3179 1414 3323 1459 stare
3366 1411 3609 1474 possent,
3659 1415 3725 1454 eo
3781 1398 4024 1469 impleto,

2446 1512 2670 1576 propter
2716 1501 2861 1570 quod
2907 1508 3190 1561 venerant,
3220 1497 3621 1552 descenderunt
3646 1497 3700 1549 in
3730 1491 4022 1548 Nazareth.

2448 1596 2688 1667 Angelus
2735 1602 2904 1658 certe,
2979 1591 3070 1661 qui
3131 1600 3318 1660 postea
3359 1605 3454 1644 eos
3514 1590 3778 1644 reddebat
3837 1588 4024 1657 quieti,

2448 1689 2592 1743 domi
2629 1686 2883 1740 restituit.
2920 1679 3034 1738 Nec
3087 1683 3191 1737 hoc
3229 1682 3298 1736 ab
3323 1697 3406 1745 re,
3451 1681 3544 1734 sed
3579 1696 3703 1732 cum
3743 1681 4026 1749 prophetia

2450 1784 2552 1837 hoc
2579 1781 2756 1851 ipsum
2784 1779 2967 1832 multis
2991 1786 3116 1831 ante
3142 1775 3302 1829 annis
3332 1771 3715 1843 significasset.
3769 1772 3834 1825 Ut
3864 1771 4028 1832 enim,

2450 1877 2644 1944 inquit,
2688 1873 3012 1940 impleretur,
3058 1869 3196 1936 quod
3225 1868 3419 1920 dictum
3453 1866 3624 1935 fuerat
3665 1880 3698 1914 a
3744 1864 4029 1931 prophetis,

2454 1971 2765 2025 Nazareuus
2828 1962 3099 2015 vocabitur
3118 1962 3160 1993 ³⁵
3182 1999 3196 2014 .
3238 1960 3372 2013 Puer
3420 1967 3616 2019 autent,
3649 1965 3707 2008 ut
3733 1956 3814 2008 ait
3841 1953 4034 2015 Lucas,

2451 2059 2712 2114 crescebat
2749 2067 2794 2109 et
2824 2054 3190 2116 invalescebat,
3253 2052 3440 2118 spiritu
3475 2049 3702 2117 repletus
3735 2049 4030 2116 sapientia,

2455 2164 2501 2208 et
2540 2152 2712 2223 gratia
2743 2149 2840 2202 Dei
2876 2157 2991 2202 erat
3025 2146 3076 2199 in
3108 2147 3216 2213 ipso
3242 2144 3285 2175 ³⁶
3306 2183 3321 2199 .
3354 2144 3479 2198 Ιιπιο
3531 2141 3858 2211 accipienda
3891 2149 4032 2202 sunt,

2455 2259 2512 2303 ut
2545 2247 2684 2301 dicta
2711 2247 2838 2307 sint,
2873 2241 3016 2312 quod
3046 2242 3238 2294 attinet
3259 2239 3324 2292 ad
3353 2238 3770 2292 humanitatem.

2525 2338 2724 2392 XXIII.
2761 2338 3094 2390 (iamautem
3122 2335 3230 2402 (ll)
3251 2343 3395 2385 esset
3426 2341 3585 2385 natus
3607 2345 3785 2385 annos
3839 2327 4033 2384 duode-

2458 2433 2581 2494 cim,
2623 2428 2868 2482 ascendit
2919 2426 3135 2496 quidem
3172 2424 3328 2479 simul
3362 2439 3484 2479 cum
3533 2422 3863 2491 parentibus
3888 2419 4036 2473 εἰει-ιι·

2459 2670 2710 2739 ζήτησιν,
2737 2665 2830 2718 καὶ
2853 2663 3031 2717 πάντα
3047 2663 3181 2732 όμοῦ
3205 2663 3277 2724 ὡς
3303 2662 3505 2732 μήτηρ,
3529 2661 3623 2714 καὶ
3647 2662 4043 2730 παρρησιαστι-

2463 2760 2728 2827 κώτερον,
2757 2756 2854 2809 καὶ
2885 2753 3390 2821 ἀνθρωπινώτερον,
3423 2753 3515 2803 καὶ
3547 2749 4044 2820 περιπαθέστερον,

2463 2849 2801 2914 διαλέγεται·
2836 2846 2896 2899 Τί
2930 2843 3128 2907 τοῦτο,
3152 2841 3384 2904 τέκνον,
3411 2842 3704 2904 ἐποίησας
3741 2841 3929 2906 their;
3959 2842 4047 2896 καὶ

2465 2942 2546 2995 δτι
2580 2939 2729 2994 Ἰδοὺ
2763 2937 2875 3007 ἐγὼ
2909 2937 3007 2990 καί
3039 2938 3072 2990 o'
3112 2933 3306 3002 πατήρ
3339 2949 3454 2986 σου
3500 2931 3894 3001 ὀδυνώμενοι,
3918 2933 4047 3000 ἐξηο

2467 3032 2686 3100 τοῦμέν
2703 3048 2796 3085 σε.
2836 3030 3007 3090 Αὐτὸς
3026 3028 3082 3079 δὲ
3113 3028 3226 3078 λύει
3255 3028 3430 3079 πάντα
3471 3026 3559 3079 διὰ
3582 3024 3768 3092 τοῦτο,
3798 3029 3897 3079 καὶ
3923 3027 4048 3095 περὶ

2469 3125 2673 3192 πατρδς
2715 3123 2929 3191 ἐκείνης
2973 3123 3066 3172 τοῦ
3103 3118 3383 3182 δοκοῦντος
3418 3119 3700 3187 εἰπούσης,
3743 3122 3771 3171 ὁ
3815 3120 4049 3188 Χριστὸς

783 3188 1034 3302 ὲζίγτοῦν,
1072 3232 1100 3283 6
1131 3229 1187 3282 δὲ
1217 3188 1384 3298 τριῶν
1418 3188 1642 3294 ’δμερῶν
1672 3188 1864 3290 ἄδηλος
1902 3217 1989 3290 ἦν.
2029 3215 2160 3271 Εἶτα
2194 3188 2362 3285 φαίνε-
2390 3188 2436 3250 C
2469 3188 2658 3284 ῶσπερ
2687 3215 2749 3268 τὸ
2779 3188 2945 3284 ῥηθέν
2972 3211 3376 3282 διορθούμενος,
3406 3212 3533 3283 περὶ
3560 3213 3659 3263 τοῦ
3691 3211 3871 3275 ὅντως
3906 3213 4048 3280 λέγει

785 3329 880 3396 ρὺς
910 3325 1092 3385 αὐτοῖς
1115 3323 1321 3390 γίνεται
1352 3319 1409 3372 ὲν
1431 3317 1508 3388 τῷ
1537 3314 1668 3388 ἱερῷ
1699 3315 1795 3384 μὲν
1819 3313 2200 3382 καθεζόμενος,
2228 3309 2362 3379 ὁμοῦ

782 3434 844 3471 τε
870 3415 1084 3471 ἀκούων
1110 3414 1218 3464 τῶν
1249 3411 1606 3470 διδασκάλων,
1640 3409 1734 3460 καὶ
1763 3406 1897 3476 πρὸς
1923 3407 2162 3465 ἐκείνους
2189 3404 2367 3456 διαλε-

786 3503 1040 3573 γόμενος,
1072 3499 1392 3570 ἐκπλήττων
1425 3515 1484 3550 τε
1514 3499 1640 3560 τοὺς
1677 3496 1952 3565 ἀκροατὰς
1984 3495 2042 3546 ἐν
2074 3496 2194 3555 ταῖς
2231 3493 2369 3545 ἀπο-

787 3595 1035 3666 κρίσεσιυ
1066 3594 1207 3645 κατά
1236 3589 1394 3644 τοῦτο
1425 3591 1534 3658 γὰρ
1569 3590 1663 3640 καὶ
1693 3589 1752 3639 τὸ
1787 3583 2175 3654 κραταιοῦσθαι
2207 3582 2370 3635 αὐτὸν

795 3684 1092 3753 πνεύματι,
1113 3681 1220 3734 ’καὶ
1249 3679 1767 3749 σοφίᾳ-προκόπτειν
1795 3678 1888 3730 καὶ
1915 3677 2117 3748 χάριτι,
2144 3674 2217 3738 ὡς
2245 3676 2372 3728 πολ-

790 3774 904 3839 λοῖς
932 3773 1172 3827 τοιοῦτον
1196 3771 1646 3840 ἀναφαινόμενον.
1674 3768 1941 3822 Λανθάνει
1967 3768 2022 3819 δὲ
2051 3767 2173 3827 τοὺς
2194 3765 2370 3830 γονεῖς

793 3867 944 3922 ῶστε-
965 3865 1039 3937 μὴ
1065 3865 1196 3934 παρ’
1224 3864 1402 3918 αὐτῶν
1425 3862 1733 3929 κωλυθῆναι
1767 3858 1865 3928 τὴν
1895 3857 2032 3928 πρὸς
2063 3859 2188 3920 τοὺς
2212 3871 2372 3926 νομο-

798 3957 986 4027 μειοεῖς
1030 3955 1273 4014 ἐκείνους
1305 3948 1540 4013 διάλεξιν
1569 3965 1583 3984 ο
1612 3948 1848 4003 εἰδότων
1881 3947 2068 4016 ῶσπερ
2121 3945 2283 3998 αὑτοῦ
2311 3944 2373 3997 τὸ

796 4047 1188 4118 ἀγράμματον,
1221 4042 1422 4114 migro?)
1447 4045 1522 4112 μὴ
1557 4042 1911 4112 προσπταίειν
1936 4042 2047 4100 τοῖς
2076 4039 2254 4104 λόγοις
2285 4037 2374 4088 εὐ-

795 4139 1150 4207 λαϐουμένων
1173 4153 1190 4170 ·
1221 4139 1254 4206 ἢ
1288 4136 1464 4188 ταῦτα
1493 4133 1633 4201 τάχα
1661 4132 1753 4184 καὶ
1780 4129 2105 4198 διαφεύγων,
2145 4127 2221 4199 μὴ
2247 4124 2374 4195 δόξῃ

795 4232 924 4292 τοὺς
941 4231 1118 4297 γονεῖς
1145 4224 1452 4296 ἀτιμάζειν,
1475 4223 1550 4297 τῷ
1567 4222 1813 4278 ἀπειθεῖν
1837 4221 2280 4291 ἐγκελευομένοις
2308 4218 2378 4271 τὰ

797 4319 1104 4390 ἀνθρώποκ
1133 4316 1422 4371 ἀκόλουθα.
1451 4317 1550 4370 Διά
1573 4315 1746 4367 ταῦτα
1771 4313 2033 4382 ὑπομένει
2062 4311 2257 4380 λάθρα,
2283 4309 2380 4362 κοιλ⁸

799 4413 923 4465 οὐδὲ
947 4413 1059 4473 τοῖς
1083 4409 1328 4475 γονεῦσιν
1353 4407 1535 4468 αὐτοῖς
1562 4403 1921 4472 γινώσκεται·
1949 4403 2037 4454 ἵνα
2062 4401 2376 4470 μηδέτερον,

801 4503 836 4573 ἢ
869 4501 1102 4570 φανερὸς
1144 4498 1432 4568 γενόμενος
1464 4495 1702 4566 κωλυθῇ,
1741 4494 1774 4564 ἢ
1811 4494 1904 4549 καὶ
1937 4492 2134 4564 ἀπειθῇ
2171 4491 2380 4547 κωλυό-

807 4606 986 4659 μενος.
1018 4589 1161 4658 Ὅρα
1193 4588 1254 4640 δὲ
1283 4587 1431 4649 ὅπως
1474 4586 1566 4639 καὶ
1602 4585 1639 4639 ἃ.
1678 4585 1946 4655 προσήκει
1975 4578 2172 4653 παιδίῳ
2210 4584 2376 4636 ποιεῖ.

807 4681 882 4732 Οὐ
910 4681 1017 4748 γὰρ
1043 4677 1331 4747 προπετῶς
1355 4677 1592 4729 διδάσκει
1619 4677 1744 4739 τοὺς
1776 4673 2104 4746 νομομαθεῖς
2131 4672 2382 4726 διδασκάιι

807 4774 936 4834 λους
986 4773 1080 4824 καὶ
1111 4771 1296 4839 ἱερεῖς,
1333 4767 1508 4821 καίτοι
1557 4768 1717 4834 μόνος
1750 4768 1910 4831 αὐτὸς
1941 4765 2262 4836 αὐτόχρημα
2293 4781 2384 4817 σο·-

811 4866 909 4932 φία
943 4864 1038 4915 καὶ
1071 4862 1226 4930 λόγος
1260 4859 1336 4912 ῶν
1368 4860 1460 4912 καὶ
1500 4858 1734 4931 χορηγὸς
1763 4858 1862 4926 τῆς
1904 4859 2090 4925 σοφίας
2111 4875 2123 4888 ·
2154 4858 2288 4911 ἀλλά
2317 4856 2382 4909 δι’

811 4956 946 5008 αὐτὸ
994 4955 1091 5025 μὲν
1138 4950 1234 5006 οὖν
1275 4951 1450 5017 τοῦτο,
1506 4951 1682 5022 μέτρα
1720 4951 1812 5002 καὶ
1856 4949 2070 5019 ἡλικίας
2108 4952 2201 5002 καὶ
2230 4949 2386 5014 ἀξίας
2422 4965 2430 4974 ⁸

813 5049 974 5110 αύτός
1013 5062 1072 5098 τε
1127 5044 1306 5106 καλιῖις
1335 5043 1488 5106 εἰδὼς
1532 5044 1625 5095 καὶ
1665 5046 1774 5105 τοῖς
1804 5040 1982 5104 ἄλλοις
2024 5041 2240 5109 ὁρίζων,
2275 5041 2386 5101 τοῖς

818 5139 1022 5210 ἰερεῦσι
1073 5124 1165 5190 καὶ
1205 5134 1542 5196 διδασκάλοις
1582 5134 1675 5187 τοῦ
1727 5133 1994 5188 διδάσκειν
2046 5134 2387 5202 παραχωρεῖ.

815 5231 984 5294 Αὐτὸς
1016 5230 1070 5281 δὲ
1103 5227 1292 5282 ἀκούει
1319 5244 1378 5279 τε
1407 5228 1501 5279 καὶ
1532 5225 1786 5296 ἐπερωτᾷ
1819 5226 1958 5293 μετὰ
1987 5225 2186 5293 πολλῆς
2213 5223 2391 5293 ἀμφό-

816 5342 974 5394 τερον
1014 5323 1114 5392 τῆς
1165 5321 1468 5382 συνέσεωςο
1504 5318 1738 5386 λογικῶς
1783 5332 1843 5369 τε
1890 5316 1997 5386 γάρ
2043 5316 2253 5385 ἐρωτᾷ·
2297 5313 2390 5368 καί

819 5420 1085 5488 ἀκροᾶται
1119 5415 1374 5478 συνετῶς,
1416 5412 1512 5468 καὶ
1538 5413 1888 5483 ἀποκρίνεται
1932 5409 2314 5479 συνετώτερον,
2363 5407 2390 5458 6

820 5515 915 5566 καὶ
948 5512 1007 5565 τὸ
1045 5508 1231 5574 θαῦμα
1276 5508 1457 5578 πολλῷ
1493 5508 1679 5577 μεῖζον
1713 5505 1886 5559 ἐποίει
1924 5508 2022 5575 τῆς
2054 5504 2387 5573 ἀκροάσεως.

900 5603 1008 5658 Τοῦ
1038 5601 1244 5657 αὑτοῦ.
1290 5601 1356 5654 Ἥ
1389 5601 1489 5671 μὲν
1518 5599 1797 5668 θαυμασία
1832 5597 2034 5667 μήτηρ,
2071 5593 2393 5663 σπλάγχνων

831 5695 1110 5765 μητρικῶν
1154 5693 1441 5764 ἡττωμένη
1464 5730 1480 5758 ,
1518 5691 1616 5745 καὶ
1661 5690 1848 5744 τέκνον
1881 5688 2042 5742 αὑτὸν
2077 5684 2393 5756 περιπαθῶς

829 5789 1002 5848 καλεῖ,
1040 5786 1129 5841 καὶ
1163 5787 1236 5851 ὡς
1271 5784 1597 5854 ἐγκαλοῦσα,
1633 5784 1903 5854 προτείνει
1931 5781 2026 5852 τὴν
2059 5781 2176 5850 μετ’
2203 5779 2393 5847 ὀδύνης

2469 3309 2676 3378 [ἰατρὸς
2697 3346 2712 3370 ,
2745 3310 2822 3368 εἰς
2858 3306 3064 3357 ἔννοιαν
3095 3305 3263 3368 αὐτὴν
3296 3301 3579 3370 ἐμϐάλλων
3610 3303 3711 3369 τῆς
3751 3302 4014 3370 ἀληθείας
4033 3318 4047 3330 ·

2467 3405 2562 3456 καὶ
2604 3401 2679 3470 μὴ
2729 3400 2900 3467 χαμαὶ
2951 3397 3172 3464 βαίνειν,
3214 3391 3332 3446 ἀλλ’
3376 3395 3455 3454 εἰς
3495 3393 3624 3458 ὕψος
3662 3391 3919 3456 αἴρεσθαι
3955 3412 4052 3445 πα-

2473 3490 2826 3559 ρασκευάζων
2858 3501 2875 3519 ο
2906 3489 3024 3539 Οὐκ
3065 3485 3281 3554 ᾔδειτε,
3314 3482 3506 3547 λέγων,
3546 3482 3638 3534 ὅτι
3674 3483 3746 3534 ἐν
3777 3483 3902 3548 τεῖς
3953 3485 4050 3536 τοῦ

2471 3581 2698 3647 Πατρός
2738 3596 2857 3648 μου
2895 3576 2988 3630 δεῖ
3012 3573 3166 3631 εἶναι
3191 3592 3305 3645 ys;
3364 3574 3518 3629 Οὕτω
3550 3574 3830 3628 δείκνυσιν
3866 3577 4052 3627 ézuztv

2471 3674 2601 3727 ὄντα
2644 3672 2802 3740 φύσει
2855 3672 3006 3737 Θεὸν,
3057 3671 3169 3738 εἴγε
3214 3672 3312 3740 τῆς
3358 3669 3528 3738 αὐτῆς
3581 3669 3801 3738 φύσεως
3850 3670 3879 3721 6
3927 3671 4053 3730 παῖς

2472 3765 2549 3832 τῷ
2579 3764 2808 3816 τεκόντι.
2853 3763 3006 3814 Ἐπεὶ
3038 3763 3093 3814 δὲ
3129 3761 3220 3813 τοῦ
3254 3760 3466 3831 [ἰατρὸς
3496 3762 3525 3813 6
3550 3761 3698 3824 ναὸς,
3734 3765 3794 3813 ὲν
3826 3764 3937 3826 τοῖς
3965 3761 4052 3812 τοῦ

2475 3856 2688 3927 ΙΙατρὸς
2701 3851 2769 3924 ἦν
2791 3855 3019 3919 ἐκεῖνος,
3048 3854 3149 3908 κᾶν
3170 3856 3352 3914 αὐτοῖς
3378 3853 3441 3904 τὸ
3467 3854 3621 3922 ῥῆμα
3647 3858 3880 3908 συνετὸν
3908 3856 4054 3908 οὕτω

2473 3950 2718 4016 γέγονεν.
2769 3945 3034 3998 Ἐνταῦοα
3072 3942 3304 4013 πρώτως
3337 3942 3739 4012 ἀνδρικώτερον
3774 3944 3808 4013 ἢ
3861 3949 4055 4010 μᾶλλον

2475 4039 2649 4092 εἰπεῖν
2679 4036 2969 4104 θειότερον,
3007 4034 3142 4104 πρὸς
3174 4034 3298 4096 τοὺς
3333 4033 3568 4097 οἰκείους
3596 4034 3940 4104 διαλέγεται,
3970 4039 4057 4088 καὶ

2475 4129 2745 4183 δείκνυσιν
2773 4131 2854 4182 ὅτι
2882 4130 2974 4182 καὶ
3004 4129 3190 4199 ἕτερος
3221 4129 3248 4179 ὁ
3279 4127 3464 4198 Πατὴρ
3495 4127 3663 4197 αὐτῷ,
3698 4134 3796 4182 καὶ
3829 4131 3913 4184 δτι
3947 4132 4056 4197 οὐχ’

2476 4225 2550 4287 ὡς
2577 4223 2851 4293 ἀνθρώπῳ
2877 4222 3036 4292 ψιλῷ,
3059 4222 3192 4276 ἀλλὰ
3224 4223 3319 4275 καὶ
3339 4222 3412 4283 ὡς
3439 4222 3579 4289 Θεῷ,
3600 4223 3695 4273 καὶ
3723 4223 3826 4292 τὴν
3853 4226 4058 4293 μητέρι

2480 4316 2626 4385 αὑτῴ
2677 4315 3030 4386 προσεκτέον,
3082 4314 3178 4365 καὶ
3235 4313 3318 4364 ὅτι.
3377 4313 3406 4363 6
3459 4311 3554 4363 τοῦ
3619 4314 3840 4381 Πατρδς
3898 4312 4059 4378 οἶκος,

2481 4408 2509 4458 ό
2546 4408 2672 4468 ναὸς
2701 4405 2922 4475 δηλαδὴ,
2949 4404 3044 4456 καὶ
3069 4401 3232 4455 αὑτοῦ
3258 4398 3402 4464 οἶκός
3431 4402 3567 4468 ἔστι,
3591 4404 3855 4476 καθάπερ
3883 4411 3978 4459 καὶ
4005 4408 4061 4458 τὰ

2483 4497 2617 4552 ἄλλα
2655 4496 2834 4549 πάντα
2866 4495 2933 4549 τά
2961 4495 3056 4549 τοῦ
3094 4495 3336 4565 Πατρός·
3371 4495 3466 4549 καὶ
3506 4495 3590 4548 ὅτι
3623 4497 3830 4560 αὐτοὺς
3871 4499 4062 4566 enitr,-

2483 4591 2604 4643 τίον
2645 4588 2845 4659 μᾶλλον
2890 4589 3146 4657 ἀγνοοῦσι
3190 4589 3384 4652 ταῦτα,
3444 4589 3541 4642 καὶ
3570 4589 3744 4658 μηδὲν
3789 4593 3933 4660 μήτε
3981 4593 4064 4644 λιι-

2484 4681 2634 4735 λοῦσι
2669 4683 2807 4752 μήτε
2843 4682 3101 4751 φρονοῦσι
3142 4683 3248 4734 τῶν
3295 4681 3430 4751 πρὸς
3463 4681 3747 4750 ἀλήθειαν.
3798 4684 4061 4737 Ἐνταῦθα

2486 4775 2714 4846 πρώτως
2735 4773 2827 4826 τοῦ
2849 4773 3062 4842 άληθῶς
3089 4775 3291 4844 [ἰατρὸς
3311 4775 3690 4843 φανερώτερον
3705 4793 3821 4845 μνη
3831 4783 4062 4844 μονεύει,

2487 4872 2580 4924 καὶ
2627 4869 2978 4937 παραγυμνοῖ
3015 4867 3179 4920 αὑτοῦ
3215 4868 3312 4937 τὴν
3345 4865 3593 4937 θεότητα.
3649 4869 3892 4925 Κάτεισι
3940 4875 4065 4941 μετὰ

2485 4962 2593 5015 τῶν
2628 4961 2829 5030 γονέων
2850 4961 2908 5027 ἐξ
2955 4957 3315 5032 Ἰερουσαλὴμ
3351 4962 3430 5022 είς
3464 4960 3724 5034 Ναζαρὶτ
3760 4965 3792 5016 6
3833 4968 4065 5036 Κύριος”

2491 5058 2583 5109 καὶ
2637 5056 2868 5110 διατελεῖ
2917 5055 3126 5118 τούτοις
3169 5053 3620 5123 ὑποταττόμενος,
3674 5061 3864 5124 γονεῖς
3917 5065 4066 5128 τιμᾷν

2493 5147 2763 5200 παιδεύων
2797 5149 2860 5198 ἑκ
2879 5144 2974 5198 τοῦ
3001 5144 3203 5198 οἰκείου
3227 5161 3241 5175 ·
3279 5146 3370 5198 καὶ
3394 5145 3530 5215 ὅπερ
3558 5147 3724 5211 αὐτὸς
3757 5151 4067 5217 ἐντειλάμε-

2492 5255 2578 5301 νος
2625 5237 2729 5310 ἦν,
2777 5238 2934 5291 τοῦτο
2989 5238 3201 5308 πρῶτος
3239 5229 3504 5306 πληρῶν,
3553 5240 3652 5291 καὶ
3707 5241 3883 5308 τιμᾷν
3939 5242 4066 5293 οὕτω

2491 5332 2755 5386 διδάσκων
2785 5332 2983 5399 γονεῖς,
3016 5332 3180 5400 τιμᾷν
3209 5328 3263 5382 δὲ
3298 5332 3512 5393 πάντως
3549 5331 3694 5399 μετὰ
3725 5332 3865 5384 Θεον
3890 5348 3903 5361 ’
3934 5333 4068 5385 ἐκεί-

2494 5443 2600 5478 νων
2636 5425 2741 5493 γὰρ
2792 5424 3190 5491 προτιμοτέραν
3241 5418 3379 5474 εἶναι
3424 5422 3525 5491 τὴν
3575 5422 3924 5478 θεοσέϐειαν.
3978 5423 4065 5474 Διὰ

2494 5517 2650 5570 τοῦτο
2673 5517 2767 5569 καὶ
2793 5515 3115 5587 παραλιπὼν
3144 5513 3362 5582 αὐτοὺς,
3383 5515 3460 5586 τῷ
3480 5514 3595 5588 ναῷ
3623 5519 3951 5588 προσμένει,
3986 5518 4066 5569 καὶ

2495 5611 2584 5664 τὸν
2614 5609 2778 5663 αὑτοῦ
2815 5585 2996 5674 πόθον,
3035 5609 3378 5681 ἰσχυρότερον
3403 5585 3544 5663 εἶναι
3719 5585 3820 5665 τοῦ
3843 5609 4066 5680 φυσικοῦ

2497 5701 2708 5758 κελεύει
2735 5703 2824 5756 καὶ
2854 5701 3144 5771 πατρικοῦ.
