4170 6322
211 388 321 451 549

1304 390 1604 450 ORATIO
1627 392 1722 454 DE
1765 392 2053 453 SANCTA
2094 395 2364 458 MARIA.

3353 410 3460 471 550

211 507 401 570 salem,
436 506 633 560 festum
658 505 876 559 Paschae
897 505 1285 559 celebraturus.
1324 505 1457 559 Cum
1485 522 1614 561 vero
1654 508 1782 562 illud
1815 520 1860 573 Α
1892 510 2417 575 tissimamMariam,
2439 511 2662 567 Matrem
2682 514 2820 581 ejus,
2847 516 2940 586 qui
2972 533 3097 574 vere
3112 530 3193 576 est
3212 525 3477 593 sapientia

208 599 375 652 finem
400 596 718 666 accepisset.
747 595 850 665 ipsi
901 595 1117 665 quidem
1164 597 1367 656 reversi
1409 609 1570 654 sunt:
1628 598 1788 655 .lesus

207 698 388 742 autem
408 698 588 743 manet
615 704 709 743 eos
736 689 928 742 latens.
965 685 1027 741 Et
1050 687 1123 741 illi
1170 690 1388 757 quidem
1446 693 1781 759 quaerebant,

206 781 300 833 liie
332 796 459 833 vero
485 790 595 834 tres
625 780 744 834 dies
774 780 948 833 latuit.
985 779 1188 834 Deinde
1228 781 1308 835 eis
1342 781 1401 835 fit
1440 782 1781 851 manifestus,

205 870 262 923 in
300 872 499 941 templo
552 872 769 942 quidem
833 871 1052 935 sedens,
1108 873 1269 927 simul
1322 882 1502 928 autem
1556 876 1785 929 audiens

201 962 485 1030 doctores,
522 972 735 1019 etcum
790 964 895 1019 illis
948 967 1245 1033 disserens,
1309 976 1361 1022 et
1408 968 1460 1021 in
1513 971 1785 1038 responsis

201 1055 482 1110 auditores
520 1055 758 1110 afﬁciens
778 1057 1158 1113 admiratione.
1217 1059 1270 1112 In
1297 1060 1400 1114 hoc
1424 1061 1569 1114 enim
1596 1061 1786 1129 imple-

200 1146 381 1213 batur,
418 1148 558 1217 quod
583 1147 649 1202 de
678 1147 767 1202 illo
796 1150 1056 1219 scriptum
1087 1160 1189 1213 est,
1232 1151 1377 1220 quod
1420 1166 1549 1219 puer
1578 1154 1783 1221 confor-

201 1236 422 1289 tabatur
436 1238 650 1307 spiritu,
686 1248 734 1293 et
755 1240 1057 1308 proﬁciebat
1080 1242 1339 1310 sapientia
1368 1252 1417 1294 et
1444 1244 1620 1311 gratia
1641 1244 1781 1310 apud

198 1324 373 1381 Deum
402 1337 450 1382 et
485 1329 737 1397 homines,
776 1345 841 1385 eo
882 1332 1025 1401 quod
1072 1332 1257 1386 multis
1281 1332 1400 1387 talis
1424 1342 1544 1388 esse
1605 1334 1782 1388 decla-

198 1427 373 1472 retur.
406 1417 559 1473 Latet
580 1430 763 1476 autem
790 1432 1062 1492 parentes,
1098 1439 1168 1477 ne
1198 1427 1266 1478 ab
1289 1425 1368 1479 eis
1397 1426 1779 1495 prohiberetur

194 1508 469 1565 disserere
494 1525 617 1566 eum
667 1513 1017 1584 jurisperitis,
1055 1525 1114 1571 ut
1149 1517 1237 1586 qui
1275 1516 1485 1571 scirent
1514 1534 1640 1572 eum
1668 1534 1779 1575 non

191 1598 454 1655 didicisse
504 1602 736 1667 litteras.
770 1615 827 1661 et
850 1616 1130 1674 caverent,
1162 1624 1233 1663 ne
1271 1609 1546 1665 laberetur
1575 1612 1629 1664 in
1661 1627 1779 1666 ser-

195 1704 363 1745 mone
394 1709 407 1747 :
439 1704 533 1748 aut
558 1694 791 1751 fortasse
814 1713 1034 1762 cavens,
1092 1716 1163 1754 ne
1193 1701 1471 1755 videretur
1526 1714 1778 1770 parentes

193 1779 397 1836 habere
422 1788 775 1857 contemptui,
809 1804 875 1843 eo
895 1790 1039 1858 quod
1071 1806 1180 1844 non
1218 1794 1531 1861 parentibus
1559 1804 1777 1863 pareret

1893 611 1947 657 et
1970 618 2169 658 arcana
2197 605 2457 675 cognitio.
2481 606 2828 662 Conservabat
2863 612 3033 676 enim,
3074 614 3267 683 inquit,
3298 621 3476 673 omnia

1890 696 2041 748 verba
2075 697 2182 750 Ιιιεε
2206 698 2259 750 in
2292 699 2443 752 corde
2481 716 2575 753 suo
2597 700 2640 731 ⁸⁸
2667 719 2678 753 ;
2711 701 2851 756 sicut
2892 703 3053 757 etiam
3080 707 3231 775 prius
3272 709 3326 761 in
3383 713 3478 766 atl-

1890 793 2059 839 ventu
2116 798 2419 857 pastorum,
2478 802 2533 845 et
2594 791 2657 845 iis
2705 807 2825 858 quas
2888 793 2959 847 illi
3014 797 3125 849 visa
3184 810 3239 852 et
3295 802 3473 856 audita

1890 879 2208 933 narrabant.
2237 880 2304 934 Et
2335 891 2465 936 tunc
2503 881 2676 938 Lucas
2712 884 2961 939 similiter
2982 887 3093 943 haec
3127 891 3309 945 omnia
3337 894 3477 948 dixit

1890 965 2109 1022 Mariam
2143 986 2485 1027 conservare.
2545 974 2661 1028 Non
2720 976 2863 1029 enim
2899 978 2969 1039 ei,
3003 988 3255 1048 tanquam
3312 985 3473 1039 alicui

1888 1058 2083 1115 infanti
2135 1063 2471 1127 attendebat,
2540 1067 2633 1120 sed
2675 1082 2794 1135 quas
2858 1072 3196 1137 dicebantur,
3258 1074 3472 1142 plurimi

1886 1148 2116 1206 iaciebat
2144 1172 2158 1207 :
2187 1163 2240 1208 et
2271 1154 2403 1208 nihil
2437 1166 2553 1211 erat
2591 1173 2652 1211 ex
2688 1159 2752 1211 iis
2776 1176 2895 1229 quae
2920 1162 2986 1216 ab
3018 1163 3135 1232 ipso
3154 1165 3475 1222 dicebantur

1886 1250 1941 1295 et
1981 1243 2202 1308 ﬁebant.
2258 1250 2400 1316 quod
2461 1264 2570 1304 non
2634 1266 2695 1305 ea
2750 1269 2945 1331 magno
3012 1260 3192 1312 studio
3254 1261 3472 1331 dignum

1884 1333 2129 1399 duceret,
2153 1345 2208 1389 et
2234 1339 2398 1393 corde
2424 1340 2709 1412 diligenter
2739 1330 2961 1411 celaret,
2994 1330 3477 1421 divinarumqua-

1884 1427 2132 1480 rumdam
2190 1443 2373 1483 rerum
2437 1444 2492 1486 et
2557 1450 2880 1491 arcanarum
2945 1454 3010 1493 ea
3072 1455 3194 1495 esse
3238 1443 3474 1510 semina,

1884 1529 2084 1586 easque
2107 1518 2211 1573 illis
2241 1527 2647 1590 pramonstrari
2693 1539 2841 1584 recte
2868 1531 3138 1599 judicans.

1955 1609 2156 1667 XXVI.
2189 1613 2319 1669 Post
2364 1615 2480 1671 haec
2508 1617 2797 1689 baptisma,
2848 1634 2972 1692 post
2997 1627 3141 1693 quod
3208 1629 3471 1683 miracula

1883 1717 2141 1772 quoque;
2174 1708 2268 1762 sed
2303 1706 2408 1777 (ut
2438 1710 2655 1766 divinus
2678 1715 2814 1768 dicit
2841 1714 3181 1788 Joannes“)
3215 1719 3268 1773 id
3324 1724 3470 1790 quod

1884 1796 2118 1862 primum
2145 1797 2377 1871 fecit(in
2435 1803 2660 1872 nuptiis,
2695 1805 2939 1876 inquam,
2976 1818 3130 1878 aqua:
3178 1811 3231 1864 in
3284 1813 3471 1869 vinum

186 1871 512 1939 jubentibus
548 1891 611 1930 ea
664 1893 785 1945 qua:
830 1889 958 1932 sunt
1012 1880 1326 1937 hominibus
1367 1883 1778 1953 consequentia.
1816 1899 1854 1953 Β
1885 1871 2621 1958 mutationetn)fecitMatre
2650 1871 2938 1964 praesente.
2969 1871 3059 1953 llla
3079 1902 3296 1969 quidem
3322 1913 3469 1959 certe

197 1958 329 2015 Vide
351 1971 554 2028 autem,
617 1967 1072 2032 quemadmodum
1119 1984 1183 2024 ea
1229 1970 1380 2037 facit,
1430 1989 1552 2042 qua:
1609 1989 1776 2043 puero

188 2059 552 2112 conveniunt.
591 2058 706 2114 Non
736 2062 883 2115 enim
943 2064 1102 2118 docet
1154 2066 1512 2136 legisperitos,
1560 2069 1775 2123 etiamsi

186 2156 337 2201 esset
359 2151 728 2219 suppeditator
758 2156 1057 2223 sapientiae,
1121 2159 1215 2209 sed
1265 2158 1415 2210 audit
1444 2168 1498 2212 et
1545 2160 1776 2214 interro-

184 2253 281 2312 gat
315 2260 330 2298 :
362 2254 653 2314 utrumque
683 2262 806 2300 cum
839 2262 1031 2315 magna
1078 2250 1365 2315 sapientia.
1400 2248 1504 2303 Sed
1545 2266 1642 2304 cur
1663 2267 1771 2306 non

187 2331 395 2396 primo,
464 2347 566 2384 nec
611 2333 874 2395 secundo,
933 2335 1026 2388 sed
1106 2338 1265 2390 tertio
1320 2338 1609 2401 invenitur,
1679 2341 1768 2409 qui

182 2414 449 2480 queritur
494 2429 523 2468 a
577 2416 937 2484 parentibus?
978 2417 1113 2474 Hinc
1137 2419 1366 2476 fortasse
1411 2425 1766 2494 sepulturam,

181 2514 245 2558 et
272 2520 394 2574 quae
422 2515 545 2576 post
567 2515 677 2562 tres
710 2509 827 2563 dies
866 2509 1048 2565 futura
1110 2526 1248 2581 erat,
1312 2520 1767 2572 resurrectionem

181 2583 636 2667 praesignificans.
670 2596 824 2650 Tunc
847 2602 1013 2663 enim,
1045 2618 1167 2657 cum
1193 2609 1443 2673 sepulcro
1487 2618 1768 2666 contectus

178 2697 352 2750 esset,
383 2697 626 2756 apparet.

258 2798 461 2857 XXIV.
498 2802 604 2859 Sed
637 2808 911 2875 quomodo
951 2823 1139 2866 rursus
1202 2809 1374 2866 Mater
1412 2812 1763 2883 admirabilis,

176 2906 211 2942 a
254 2893 518 2949 maternis
551 2896 694 2951 vieta
724 2898 1102 2966 visceribus,et
1142 2918 1263 2955 cum
1297 2919 1489 2975 magna
1518 2905 1769 2960 affectio-

176 2998 250 3035 ne
292 2994 449 3037 vocat
478 2985 696 3049 Filium,
724 2999 776 3041 et
800 2999 1051 3058 tanquam
1092 2994 1519 3061 reprehendens,
1548 2998 1767 3053 adducit

175 3089 325 3137 eam,
350 3091 471 3145 qua:
509 3092 632 3131 cum
663 3079 849 3135 dolore
887 3082 1073 3148 ﬁebat,
1128 3085 1580 3153 inquisitionem?
1608 3090 1762 3154 Ecce,

174 3167 395 3231 dicens,
437 3176 590 3235 pater
647 3180 766 3224 tuus
838 3182 886 3224 et
939 3189 1030 3243 ego
1089 3174 1319 3227 dolentes
1401 3181 1761 3245 quwrebamus

172 3264 226 3309 te
244 3257 289 3287 ³⁷
314 3295 328 3310 .
381 3256 449 3313 Et
480 3259 601 3316 ideo
639 3278 761 3317 cum
796 3264 882 3317 illa
911 3264 1143 3319 dixisset
1175 3267 1244 3319 de
1280 3274 1457 3334 patre,
1504 3277 1762 3337 tanquam
1790 3246 1833 3309 C

170 3350 245 3406 de
277 3367 343 3407 eo
363 3354 457 3422 qui
504 3355 809 3422 videbatur,
871 3355 1127 3412 Christus
1180 3358 1343 3411 veluti
1387 3359 1665 3428 corrigens
1714 3362 1765 3416 id

169 3444 322 3511 quod
353 3447 553 3499 dictum
581 3447 777 3512 fuerat,
798 3449 933 3504 dicit
962 3450 1029 3504 de
1059 3465 1145 3511 eo,
1195 3451 1287 3520 qui
1315 3461 1402 3506 est
1427 3467 1553 3505 vere
1587 3460 1761 3521 pater,

168 3540 224 3592 ei
255 3540 541 3592 veritatem
573 3553 835 3594 revocans
867 3542 922 3593 in
962 3544 1301 3606 memoriam,
1337 3554 1392 3596 et
1444 3547 1759 3613 providens,

172 3629 234 3682 ut
256 3644 364 3681 non
399 3630 548 3685 humi
576 3640 780 3701 serpat,
813 3632 907 3685 sed
944 3633 997 3687 in
1026 3633 1195 3686 altum
1217 3634 1506 3688 extollatur
1538 3654 1551 3689 :
1578 3636 1763 3690 Nesci-

163 3724 261 3787 tis,
298 3722 509 3788 dicens,
564 3727 701 3794 quod
734 3742 815 3779 me
844 3736 1041 3795 Oportet
1092 3742 1201 3780 esse
1255 3730 1306 3780 in
1348 3729 1410 3781 iis
1456 3744 1572 3799 qua:
1640 3740 1759 3783 sunt

166 3813 356 3869 Patris
390 3818 490 3869 mei
511 3817 593 3870 ³⁸Ῡ
636 3816 727 3872 Sic
760 3833 819 3873 se
846 3820 1085 3874 ostendit
1148 3822 1317 3875 Deum
1366 3838 1488 3876 esse
1542 3833 1754 3888 natura,

167 3908 442 3976 siquidem
464 3909 634 3963 Filius
652 3912 894 3981 ejusdem
916 3922 996 3966 est
1026 3922 1235 3966 natura:
1258 3929 1383 3966 cum
1412 3913 1589 3967 Patre.
1613 3914 1758 3979 Quo-

165 4000 319 4051 niam
350 4010 530 4052 autcm
568 4002 699 4054 illud
733 4003 992 4071 templum
1021 4003 1197 4056 Patris
1244 4013 1379 4069 erat,
1407 4004 1460 4056 in
1520 4004 1585 4059 iis
1636 4022 1756 4074 quas

164 4100 302 4144 sunt
330 4089 506 4145 Patris
547 4091 638 4145 ille
670 4094 1001 4147 versabatur.
1036 4093 1191 4159 Quod
1239 4097 1465 4149 verbum
1513 4100 1754 4151 nondum

168 4180 527 4238 manifestum
563 4185 671 4240 illis
725 4196 863 4241 erat.
898 4187 992 4241 Ille
1049 4198 1231 4242 autem
1290 4190 1573 4243 descendit
1629 4206 1752 4244 cum

166 4278 248 4330 eis
275 4277 330 4330 in
367 4276 654 4345 Nazareth,
687 4289 742 4333 et
783 4279 983 4333 mansit
1020 4280 1100 4334 eis
1135 4280 1436 4349 subjectus,
1468 4298 1532 4335 ex
1564 4298 1622 4336 se
1650 4285 1752 4337 do-

170 4384 312 4425 cens
345 4370 615 4426 honorare
649 4380 923 4440 parentes,
955 4381 1011 4427 et
1038 4372 1183 4442 quod
1215 4374 1330 4443 ipse
1355 4374 1613 4443 jusserat,
1648 4376 1751 4431 hoc

163 4460 377 4528 primus
426 4460 702 4530 implens;
759 4464 1030 4516 honorare
1078 4477 1259 4519 autem
1338 4469 1560 4522 omnino
1631 4481 1750 4539 post

1884 1978 2057 2045 prima
2101 1980 2355 2037 admonet
2399 1986 2586 2039 vinum
2618 1987 2830 2055 deesse,
2870 1989 3006 2044 Filio
3036 1995 3286 2062 praebens
3313 2012 3469 2051 occa-

1884 2069 2093 2125 sionem
2161 2083 2216 2127 et
2243 2078 2523 2131 materiam
2562 2080 2795 2136 faciendi
2828 2085 3171 2140 miraculum.
3202 2087 3254 2141 ls
3284 2099 3467 2144 autem

1882 2165 2130 2229 quamvis
2181 2181 2324 2234 aegre
2364 2169 2508 2223 ferre
2564 2174 2868 2237 videbatur,
2898 2183 2953 2227 et
2990 2178 3109 2231 ideo
3172 2195 3465 2236 recusare:

1880 2251 2009 2307 facit
2041 2264 2218 2310 tamen
2245 2272 2307 2311 ea
2361 2274 2479 2327 qua:
2509 2276 2539 2313 a
2584 2261 2752 2317 Matre
2808 2269 3262 2338 suggerebantur,
3297 2275 3468 2328 hono-

1880 2356 2006 2397 rans
2028 2348 2251 2402 omnino
2281 2361 2344 2403 ut
2376 2350 2624 2420 Matrem,
2652 2365 2707 2408 et
2743 2352 2907 2410 veluti
2941 2359 2990 2412 ei
3023 2362 3257 2417 reddens
3318 2382 3463 2420 mer-

1880 2436 2090 2504 cedem,
2122 2443 2264 2510 quod
2294 2445 2471 2513 ipsum
2505 2445 2558 2499 in
2592 2448 2715 2503 alvo
2743 2454 3061 2519 gestaverit.
3099 2455 3236 2510 Vide
3278 2464 3460 2514 autem

1879 2526 1967 2583 hic
1994 2546 2211 2601 quoque
2242 2535 2333 2589 Dei
2393 2537 2578 2593 Matris
2613 2542 2880 2611 insignem
2946 2547 3377 2605 moderationem
3411 2565 3466 2606 et

1875 2625 2245 2688 prudentiam.
2294 2626 2407 2682 Nec
2466 2632 2613 2684 enim
2662 2634 2819 2701 jubet
2875 2637 3155 2703 audacter,
3201 2650 3459 2712 tanquam

1876 2709 2046 2767 Mater
2076 2714 2237 2782 Filio,
2269 2728 2329 2772 ut
2353 2720 2517 2774 faciat
2546 2722 2891 2791 miraculum,
2944 2731 3039 2783 sed
3070 2746 3192 2785 eum
3256 2709 3463 2789 scium-

1876 2806 2038 2861 modo
2070 2810 2350 2878 admonet,
2372 2813 2537 2883 idque
2566 2831 2688 2870 cum
2722 2820 2952 2886 quadam
2984 2837 3177 2893 magna
3202 2840 3461 2881 reveren-

1876 2899 1947 2953 tia
1983 2909 2038 2954 et
2070 2904 2452 2972 submissione,
2483 2918 2538 2962 et
2567 2920 2831 2977 quantum
2861 2914 3135 2971 sufﬁceret
3174 2920 3241 2973 ad
3305 2938 3460 2977 suam

1873 2990 2249 3048 declarandam
2286 2998 2637 3054 voluntatem.
2681 3002 2818 3066 Quid
2857 3006 3001 3059 enim
3035 3013 3287 3078 est,quod
3329 3015 3461 3070 dicit

1874 3081 2049 3138 Filio?
2106 3085 2292 3141 Vinum
2328 3105 2429 3143 non
2470 3092 2679 3145 habent.
2730 3094 2863 3148 Nam
2887 3100 2987 3151 etsi
3022 3114 3087 3152 ea
3128 3101 3275 3156 illum
3338 3120 3460 3161 esse

1871 3186 2031 3227 suum
2064 3181 2429 3245 cognoscebat
2493 3183 2708 3249 Filium,
2756 3202 2864 3240 non
2927 3188 3209 3259 ignorabat
3275 3204 3456 3251 tamen

1869 3278 1993 3315 eum
2027 3279 2146 3320 esse
2191 3262 2349 3322 suum
2375 3286 2590 3340 quoque
2638 3273 2974 3331 effectorem.
3019 3280 3082 3333 Et
3128 3285 3249 3335 ideo
3290 3283 3454 3340 simul

1868 3355 2084 3423 quidem
2134 3361 2323 3416 volens
2368 3365 2678 3429 ostendere,
2731 3368 3015 3436 cujusnam
3065 3384 3211 3427 esset
3261 3374 3451 3443 Mater,

1867 3457 1923 3502 et
1947 3448 2107 3503 simul
2137 3452 2299 3507 etiam
2330 3452 2530 3507 referre
2561 3458 2784 3522 gratiam
2821 3459 2887 3511 iis
2924 3463 3016 3528 qui
3049 3462 3437 3532 invitaverant,

1864 3543 2164 3610 prudenter
2190 3546 2238 3599 ei
2275 3548 2511 3619 suggerit
2542 3549 2787 3603 miraculi
2824 3550 3194 3609 eﬂectionem.
3245 3556 3452 3615 Deinde

1864 3634 2026 3687 etiam
2050 3636 2315 3690 ministris
2343 3658 2356 3691 :
2390 3638 2760 3711 Quodcumque
2812 3646 3027 3711 dixerit,
3050 3647 3257 3717 inquit,
3285 3647 3447 3713 vobis,

1862 3723 2150 3793 facite,hoc
2183 3725 2369 3781 dicens
2401 3730 2466 3781 de
2497 3728 2666 3794 Filio;
2705 3734 2818 3799 jam
2866 3736 3010 3787 enim
3068 3741 3323 3794 veniebat
3378 3744 3447 3796 ad

1863 3819 2109 3869 notitiam
2134 3817 2347 3873 virtutis
2375 3820 2521 3887 Filii,
2542 3837 2599 3875 Ut
2625 3838 2743 3893 quae
2768 3826 2991 3881 vidisset
3015 3830 3179 3882 multa
3206 3833 3448 3886 admira-

1859 3906 2001 3972 bilia,
2030 3924 2150 3976 qua
2198 3912 2359 3964 etiam
2394 3916 2651 3981 paulatim
2690 3916 2745 3969 in
2786 3920 2951 3972 corde
3014 3921 3348 3989 conferebat,
3389 3937 3449 3980 ut

1861 4011 2005 4053 recte
2032 4002 2385 4069 cognovimus
2412 4017 2477 4056 ex
2504 4005 2569 4057 iis
2610 4020 2733 4085 quae
2764 4022 3189 4074 praecesserunt.

1930 4090 2152 4147 XXVII.
2190 4094 2457 4160 Quoniam
2486 4107 2666 4152 autem
2693 4113 2798 4153 non
2849 4102 2959 4156 alio
3018 4108 3227 4173 spectat
3278 4121 3444 4178 argu-

1857 4195 2099 4238 mentum
2134 4191 2497 4256 propositum,
2556 4206 2719 4259 quam
2757 4195 2931 4246 solum
2991 4196 3056 4248 ad
3104 4202 3443 4255 ostendenda

1856 4276 2092 4347 Virginis
2135 4280 2420 4348 magnalia,
2455 4280 2555 4334 erit
2588 4285 2694 4334 hoc
2745 4298 2964 4352 quoque
3029 4301 3197 4340 unum
3256 4305 3321 4342 ex
3378 4292 3443 4345 iis

1853 4383 1971 4437 qua:
1995 4370 2147 4423 illius
2169 4380 2297 4425 sunt
2325 4372 2467 4425 bona
2494 4382 2550 4427 et
2586 4379 2868 4443 praedam,
2928 4378 2973 4431 si
3030 4381 3438 4438 ostenderimus

1853 4477 1971 4514 eam
2007 4462 2177 4517 fuisse
2202 4473 2464 4534 perpetuo
2491 4477 2757 4521 versatam
2779 4484 2903 4523 cum
2939 4468 3099 4535 Filio,
3127 4482 3183 4527 et
3214 4476 3263 4529 ei
3295 4491 3438 4531 sem-

164 4551 365 4615 Deum,
424 4551 637 4623 illisque
708 4569 828 4610 esse
895 4556 1290 4626 praeferendum
1365 4560 1456 4612 Dei
1517 4561 1745 4616 cultum.
1780 4570 1952 4639 Dper
1979 4555 2269 4623 assedisse,
2306 4565 2485 4614 etnec
2536 4558 2589 4612 in
2665 4570 2907 4629 tempore
2962 4565 3179 4629 quidem
3250 4582 3433 4622 rerum

160 4646 293 4699 ideo
323 4644 468 4699 enim
507 4645 588 4700 eis
620 4646 840 4713 relictis,
868 4648 922 4701 in
957 4651 1158 4719 templo
1192 4660 1549 4716 remanserat,
1569 4659 1750 4706 osten-

157 4738 305 4792 dens
348 4737 441 4792 Dei
491 4752 730 4791 amorem
774 4742 1004 4794 naturali
1046 4752 1101 4795 et
1155 4753 1383 4813 paterno
1433 4744 1747 4799 validiorem

155 4843 287 4882 esse
324 4828 545 4884 debere.

236 4915 381 4969 XXV
399 4957 413 4971 .
441 4917 545 4974 Sed
562 4920 687 4975 mihi
716 4935 903 4975 rursus
927 4921 1037 4993 (12)
1068 4921 1188 4977 vide
1217 4924 1503 4978 mulierum
1528 4924 1747 4993 sapien-

234 5080 279 5112 "
317 5080 431 5137 Luc
464 5095 521 5147 ιι,
552 5079 640 5137 48.
719 5081 764 5113 ³⁸
793 5080 925 5137 ibid.
961 5085 1050 5140 49.
1127 5084 1171 5117 ³³
1198 5084 1330 5141 ibid.
1352 5084 1441 5139 5t.

234 5242 347 5312 (12)
377 5247 485 5302 Τοῦ
514 5244 966 5314 Μεταφραστοῦ.
1006 5240 1149 5312 ’Όρά
1184 5262 1275 5314 μοι
1328 5247 1422 5300 καὶ
1454 5242 1607 5309 αὖθις
1643 5247 1741 5315 τὴν

156 5336 491 5406 σοφωτάτην
517 5337 790 5405 γυναικῶν
815 5337 1032 5408 Μαρίαν
1054 5352 1066 5364 °
1092 5336 1191 5406 τὴν
1224 5338 1433 5409 μητέρα
1452 5339 1548 5407 τῆς
1573 5338 1741 5404 ὅντως

155 5429 359 5497 σοφίας
386 5433 480 5481 καὶ
501 5432 814 5503 ἀπορρήτου
844 5433 1115 5497 γνώσεως.
1141 5431 1399 5498 Διετὴρει
1429 5434 1556 5502 γὰρ,
1583 5436 1736 5502 φησὶ,

150 5522 363 5577 πάντα
424 5521 496 5573 τὰ
536 5525 775 5592 ῥήματα
818 5522 1006 5576 ταῦτα
1044 5527 1113 5576 ἐν
1156 5522 1231 5591 τῇ
1268 5523 1481 5593 καρδίᾳ
1524 5524 1736 5592 αὐτῆς,

150 5617 351 5686 ὥσπερ
374 5614 439 5684 δὴ
463 5615 556 5668 καὶ
580 5619 841 5685 πρότερον
869 5618 960 5670 ἐπὶ
991 5620 1057 5687 τῇ
1092 5616 1196 5670 τῶν
1225 5618 1495 5684 ποιμένων
1516 5620 1739 5672 ἐπιστα-

155 5710 276 5779 σίᾳ.
334 5709 427 5762 καὶ
454 5704 536 5769 οἷς
570 5710 769 5762 ἐκεῖνος
804 5712 1107 5781 ἑωρακότες
1143 5712 1238 5764 καὶ
1288 5712 1615 5773 ἀκούσαντες
1649 5714 1737 5779 ὲξο

152 5801 453 5870 τρώρευον.
491 5800 598 5852 Καὶ
620 5803 739 5853 τότε
773 5804 879 5871 γὰρ
923 5804 1094 5858 ταῦτα
1127 5803 1305 5856 πάντα
1339 5805 1370 5874 ή
1402 5803 1586 5873 Μαρία
1620 5821 1745 5856 συν-

1519 5088 1566 5118 ‘°
1591 5086 1747 5143 Joan.
1775 5104 1836 5155 ιι,

1853 4647 2221 4712 adversarum,
2254 4663 2355 4702 nec
2395 4650 2450 4702 in
2492 4649 2748 4707 Passione
2798 4652 2964 4709 fuisse
3009 4656 3077 4710 ab
3118 4671 3184 4711 eo
3210 4672 3434 4727 separa-

1855 4754 1985 4804 tam,
2012 4742 2228 4809 quando
2253 4749 2308 4795 et
2350 4740 2617 4813 discipuli,
2680 4754 2735 4799 et
2763 4747 2942 4812 amici,
2993 4762 3048 4803 et
3077 4765 3265 4804 omnes
3295 4755 3431 4816 noti,

1853 4834 1941 4886 alii
1973 4832 2189 4900 quidem
2212 4833 2330 4903 ipso
2359 4835 2583 4888 omnino
2622 4838 2835 4892 relicto.
2869 4854 2927 4893 se
2954 4842 3009 4895 in
3038 4845 3205 4916 pedes
3249 4849 3435 4915 conje-

1854 4933 2046 4978 ccrunt
2064 4943 2076 4979 :
2096 4924 2187 4981 alii
2210 4942 2355 4991 vero,
2385 4943 2507 4981 cum
2532 4928 2808 4997 paululum
2826 4945 3249 5000 exspectaSseut,
3268 4952 3433 5006 nega-

1861 5090 1885 5144 1
1911 5105 2062 5159 seqq.

1850 5252 2058 5319 ετήρειο
2091 5251 2150 5303 οὐ
2180 5250 2287 5320 γὰρ
2321 5250 2397 5313 ὡς
2429 5251 2629 5323 παιδίῳ
2657 5253 2763 5307 τινὶ
2793 5258 3101 5325 προσεῖχεν·
3133 5258 3268 5312 ἁ).λὰ
3300 5265 3428 5332 περὶ

1848 5343 2102 5395 πλείστου
2147 5342 2215 5395 τὰ
2263 5343 2533 5414 λεγόμενα
2573 5347 2831 5413 ἐποιεῖτο,
2871 5348 2966 5401 καὶ
3019 5350 3170 5402 οὐδὲν
3204 5348 3273 5414 ἦν
3318 5353 3429 5406 τῶν

1849 5434 1980 5503 παρ’
2018 5435 2185 5487 αὑτοῦ
2236 5436 2570 5506 λεγομένων,
2615 5436 2646 5489 ὃ
2684 5438 2760 5508 μὴ
2808 5440 2958 5506 ἄξιον
3002 5440 3141 5510 αὑτὴ
3192 5445 3426 5515 σπουδῆς

1847 5526 2105 5593 ἐποιεῖτο,
2133 5528 2227 5581 καὶ
2258 5532 2337 5591 εὶς
2369 5530 2595 5598 καρδίαν
2628 5532 2897 5597 ἔκρυπτεν
2930 5534 3223 5603 ἐμμελῶς,
3254 5540 3424 5607 σπέρο

1849 5634 1993 5690 ματα
2040 5617 2181 5675 εἶναι
2218 5622 2379 5674 ταυτὶ
2433 5628 2527 5677 καὶ
2572 5624 2867 5694 μηνύματα
2920 5624 3079 5679 Θειων
3120 5629 3282 5683 τινῶν
3332 5634 3425 5684 καὶ

1845 5712 2172 5783 ἀπορρήτων
2206 5716 2568 5785 πραγμάτιον,
2590 5716 2768 5782 καλῶς
2786 5718 3043 5789 κρίνουσα
3063 5724 3102 5773 ⁸.

271 5936 380 5989 Huc
426 5954 582 6005 usque
619 5941 977 6005 Metapbrastes
1003 5944 1048 5994 in
1093 5946 1271 5998 Catena
1310 5946 1472 5998 Grteca
1508 5952 1695 5998 textum
1735 5950 1953 6005 Latinum
1983 5956 2157 6017 partim
2185 5959 2534 6015 repraesentat:
2562 5955 2605 6005 in
2630 5956 2956 6020 sequentibus
2980 5956 3178 6007 omnino
3202 5955 3408 6012 abludit,
