4170 6322
740 362 841 429 551

1990 363 2271 423 MENSIS
2314 365 2741 429 AUGUSTUS.

3874 377 3980 442 552

735 487 947 538 verunt.
1005 477 1188 545 Itaque
1230 476 1480 546 quoniam
1536 475 1648 528 haec
1711 475 1780 528 ita
1804 489 1860 528 se
1911 476 2129 538 habent,
2197 475 2316 528 aliis
2347 484 2387 536 Α
2422 480 2584 532 modo
2613 495 2720 533 non
2753 480 2804 534 in
2836 482 2952 550 ejus
2979 484 3153 551 potius
3181 488 3363 542 carnis
3394 490 3495 542 tela
3519 489 3997 546 immittebantur?

739 573 960 632 relictis,
998 585 1097 623 nos
1146 585 1208 623 ea
1258 569 1520 622 dicamus.
1559 568 1690 621 Cum
1745 567 1885 620 enim
1934 578 2145 636 tempus
2201 571 2312 636 jam

735 663 948 718 adesset
978 660 1276 726 Passionis,
1304 671 1358 713 et
1387 659 1473 712 ille
1493 659 1728 728 seipsuin
1774 660 2028 723 traderet,
2065 670 2120 714 et
2150 671 2316 715 staret

735 757 790 806 in
817 752 993 804 medio
1019 766 1204 803 eorum
1232 751 1324 818 qui
1386 751 1439 802 in
1487 765 1610 802 eum
1668 751 1867 804 caedem
1920 753 2218 820 spirabant,
2262 761 2316 806 et

735 845 844 911 jam
877 841 1237 894 abduceretur
1264 841 1329 892 ad
1356 839 1606 903 Pilatum,
1632 852 1684 893 et
1712 851 1836 894 ante
1863 841 2124 910 Caipliam
2154 844 2316 896 siste-

746 943 915 995 retur,
946 943 999 985 et
1042 931 1107 983 ad
1147 931 1415 983 Herodem
1464 932 1768 984 mitteretur
1805 934 2214 996 examinandus,
2264 941 2318 987 et

739 1026 955 1079 tandem
989 1026 1041 1075 in
1077 1038 1197 1076 eum
1221 1022 1452 1076 ferretur
1473 1023 1762 1084 sententia,
1793 1033 1848 1076 et
1871 1039 2029 1078 cruce
2058 1025 2314 1078 condem-

739 1124 975 1174 naretur,
1015 1113 1202 1176 Mater,
1245 1113 1385 1165 sicut
1434 1114 1486 1165 in
1539 1114 1659 1167 aliis
1697 1115 1985 1184 superabat
2017 1115 2315 1179 mulierem,

743 1208 816 1260 ita
872 1206 1032 1258 etiam
1096 1205 1185 1258 hic
1234 1219 1450 1273 quoque
1499 1205 1712 1258 videtur
1765 1206 2045 1274 plusquam
2107 1207 2315 1270 mulier,

740 1311 861 1366 quae
887 1295 954 1349 ab
985 1295 1074 1347 illo
1129 1293 1350 1347 minime
1384 1295 1608 1356 recedit,
1663 1295 1754 1348 sed
1788 1297 2006 1364 propius
2057 1296 2316 1364 sequeba-

743 1395 852 1446 tur,
885 1385 1020 1438 nihil
1056 1385 1251 1438 timens
1277 1385 1418 1452 quod
1447 1394 1594 1438 esset
1631 1385 2000 1439 formidabile:
2044 1401 2149 1438 non
2180 1387 2319 1454 quod

742 1487 948 1531 tantum
987 1478 1243 1530 maternis
1278 1479 1583 1531 vinceretur
1614 1479 1930 1541 visceribus,
1963 1495 2122 1547 quam
2179 1480 2320 1548 quod

743 1571 922 1639 potius
964 1569 1145 1623 divino
1203 1569 1548 1624 induceretur
1596 1570 1822 1638 judicio,
1883 1570 2019 1624 adeo
2073 1579 2131 1623 ut
2191 1572 2322 1626 alias

738 1676 952 1729 quoque
987 1662 1122 1714 duas
1170 1661 1439 1722 mulieres,
1494 1663 1650 1723 duas,
1701 1660 1940 1728 inquam,
1996 1660 2212 1722 Marias,
2263 1669 2322 1713 ut

740 1758 896 1805 docet
961 1749 1373 1820 Evangelium“
1398 1789 1412 1814 ,
1452 1751 1520 1803 ad
1580 1750 1682 1804 hoc
1740 1751 2020 1804 adhortata
2046 1753 2134 1814 sit,
2175 1761 2228 1804 et
2269 1762 2323 1805 ut

741 1856 924 1895 secum
968 1850 1298 1904 versaretur,
1347 1839 1675 1909 persuaserit
1703 1857 1717 1892 :
1759 1849 1817 1893 ut
1845 1856 1962 1909 qua:
1991 1849 2173 1894 essent
2203 1840 2324 1893 forti

739 1944 794 1987 et
823 1947 1084 2003 generoso
1113 1932 1312 1994 animo,
1342 1942 1394 1986 et
1427 1933 1624 1986 vellent
1651 1931 1929 1986 adhaerere
1955 1933 2080 1987 huic
2102 1948 2321 2002 sponso,

740 2031 832 2093 qui
865 2040 969 2077 non
997 2024 1230 2085 videtur,
1259 2031 1314 2077 et
1336 2034 1512 2076 tamen
1536 2037 1659 2075 cum
1685 2039 1790 2076 non
1821 2035 2092 2088 cernatur,
2129 2040 2328 2095 appro-

742 2119 982 2187 pinquat.
1014 2115 1180 2168 Erant
1217 2114 1384 2178 enim,
1418 2113 1611 2182 inquit,
1638 2115 1892 2169 mulieres
1940 2131 2174 2185 quoque,
2206 2132 2325 2185 quin

744 2211 1218 2278 consequebantur
1287 2224 1316 2261 a
1373 2206 1611 2269 Galilma,
1636 2219 1689 2261 et
1722 2209 2101 2263 ministrabant
2128 2210 2199 2262 ei.
2252 2211 2322 2262 Ea

745 2301 953 2354 ratione
1005 2299 1256 2353 videntur
1319 2314 1387 2352 ne
1440 2297 1678 2352 abfuisse
1734 2299 1949 2366 quidem
2018 2313 2044 2350 a
2088 2309 2326 2368 tempore

747 2391 1148 2462 mysteriorum,
1180 2389 1274 2442 sed
1329 2404 1450 2442 cum
1495 2389 1776 2443 duodecim
1824 2389 2042 2458 quidem
2107 2391 2328 2445 minime

743 2485 1088 2550 accubuisse,
1125 2483 1290 2537 fuisse
1328 2492 1506 2537 tamen
1540 2483 1656 2551 ejus
1705 2485 1899 2537 domus
1932 2495 2327 2553 consequenter

747 2578 1058 2648 participes.
1088 2577 1221 2630 Nam
1270 2576 1569 2645 discipulos
1597 2575 1837 2644 quidem,
1898 2591 2019 2630 cum
2069 2579 2322 2647 mysteria

744 2679 800 2723 et
834 2669 1152 2723 humilitatis
1183 2682 1407 2722 summa:
1431 2666 1666 2720 traderet
1717 2668 2038 2733 doctrinam,
2066 2684 2172 2723 una
2227 2670 2325 2722 lia-

745 2760 864 2814 buit
917 2759 1340 2830 accumbentes;
1402 2758 1623 2814 Matrem
1689 2769 1868 2812 autem
1925 2761 2084 2828 jussit
2142 2774 2325 2811 curam

741 2866 930 2920 gerere
958 2851 1268 2914 mulierum,
1299 2865 1418 2917 quae
1471 2849 1868 2912 ministrabant,
1919 2860 2170 2918 tanquam
2233 2865 2328 2919 per

745 2959 862 2996 eam
895 2942 1067 3010 ipsam
1102 2941 1249 3008 ipsas
1301 2940 1532 3009 benigne
1578 2941 1874 3009 accipiens,
1935 2954 1989 2995 et
2027 2942 2326 3012 adimplens

744 3033 980 3088 ofﬁcium
1012 3031 1383 3094 humanitatis,
1416 3042 1470 3086 et
1495 3031 1653 3084 simul
1689 3047 1812 3086 cum
1869 3033 1946 3088 eis
2000 3049 2242 3095 vesceris.
2273 3046 2324 3089 et

745 3128 825 3180 sic
858 3142 955 3194 pro
981 3126 1284 3180 ministerio
1324 3126 1403 3178 eis
1437 3125 1682 3179 referens
1714 3127 1962 3196 gratiam.

816 3213 1050 3269 XXVIII.
1112 3213 1200 3269 Sic
1233 3222 1412 3268 autem
1443 3229 1548 3267 una
1585 3229 1802 3281 quoque
1852 3215 2090 3282 ingressa
2127 3228 2209 3267 e5t
2271 3213 2322 3266 in

745 3310 944 3363 atrium
1002 3311 1174 3360 Anna:
1230 3316 1285 3358 et
1341 3305 1580 3373 Caiphae,
1643 3318 1872 3358 cernens
1905 3305 2325 3374 unumquodque

744 3413 934 3452 eorum
977 3412 1096 3466 qua:
1118 3396 1464 3466 gerebantur,
1498 3404 1551 3448 et
1584 3394 1725 3464 apud
1770 3412 1892 3449 eum
1951 3396 2168 3464 quidem
2217 3409 2329 3446 ma-

747 3505 903 3552 nens,
935 3491 1060 3542 dum
1082 3489 1457 3557 judicaretur:
1494 3503 1600 3539 una
1629 3497 1807 3538 autem
1850 3486 2162 3554 proficiens,
2201 3486 2327 3539 dum

746 3581 1106 3634 abduceretur
1177 3578 1244 3631 ad
1325 3585 1580 3640 mortem,
1647 3591 1945 3646 eorumque
1999 3578 2088 3646 qui
2155 3577 2326 3642 ibant,

747 3685 998 3743 egressus
1028 3678 1082 3724 et
1134 3670 1404 3740 ingressus
1456 3667 1828 3729 considerans,
1860 3676 1915 3720 et
1963 3668 2206 3721 omnium
2233 3682 2327 3720 ora

746 3766 1050 3824 attendens,
1073 3771 1132 3814 ut
1157 3763 1340 3820 sciret,
1374 3775 1621 3828 quasnam
1659 3761 1712 3810 in
1743 3775 1867 3812 cum
1905 3757 2142 3813 ferretur
2203 3775 2329 3814 sen-

752 3855 923 3908 tentia
953 3871 965 3905 :
1001 3853 1220 3920 quinam
1266 3867 1389 3905 vero
1411 3859 1567 3905 erant
1615 3850 1652 3903 ii
1681 3851 1772 3920 qui
1798 3852 1845 3905 ei
1873 3853 2327 3914 asscntiebantur,

751 3957 844 4000 aut
869 3943 958 4013 qui
990 3944 1478 4013 reprehendebant.
1513 3941 1654 3995 Nulli
1707 3942 1856 3995 enim
1891 3943 2186 3995 obscurum
2225 3950 2328 4004 est,

746 4050 866 4088 eam
891 4035 1003 4086 lucc
1026 4033 1225 4085 vidisse
1251 4031 1453 4094 omnia,
1475 4031 1913 4100 quandoquidem
1940 4030 1992 4084 in
2018 4046 2180 4084 cruce
2201 4047 2333 4100 qum

749 4141 854 4195 que
882 4139 987 4178 una
1019 4123 1221 4187 aderat,
1250 4123 1466 4192 quando
1495 4126 1559 4177 ab
1587 4123 1704 4192 ipso
1739 4123 2000 4179 crucifixo
2036 4123 2174 4178 Filio
2229 4125 2332 4179 fuit

750 4213 1125 4269 commendata
1178 4213 1462 4280 discipulo.
1493 4214 1558 4267 Et
1615 4215 1738 4268 ideo
1799 4215 1924 4268 licet
1967 4215 2328 4276 considerare,

750 4306 1055 4375 cuiusmodi
1102 4305 1189 4356 illa
1220 4312 1386 4368 esset,
1423 4320 1541 4371 quae
1577 4304 1688 4358 haec
1728 4306 1962 4359 difficilia
1992 4307 2246 4361 cernebat
2280 4318 2333 4360 et

754 4396 1000 4458 molesta,
1054 4395 1351 4458 illusiones,
1394 4394 1625 4466 ﬂagella,
1679 4396 1877 4465 alapas,
1918 4413 2167 4473 purpura:
2197 4401 2332 4452 ami-

2417 583 2473 624 ut
2507 572 2669 625 etiam
2695 573 2818 629 hinc
2849 573 3008 628 finem
3037 578 3323 645 acciperet,
3355 581 3497 648 quod
3521 585 3733 638 dixerat
3754 584 3994 638 adrnira-

2417 666 2538 720 bilis
2574 665 2790 721 Simeon
2816 685 2827 718 ε
2868 671 3030 720 Tuam
3057 686 3256 739 quoque
3287 673 3441 739 ipsius
3459 675 3692 727 animam
3714 687 3964 744 pertrans
3982 709 3994 718 -

2417 759 2510 812 ibit
2553 759 2759 828 gladius
2785 759 3142 824 “.Ouoniodo
3191 766 3467 833 sanguinis
3516 770 3681 837 guttis
3719 769 3992 822 effluenti-

2418 852 2518 906 bus
2548 868 2652 905 non
2675 854 2976 906 acerbiores
2996 855 3352 926 lacrymarum
3384 861 3730 927 aqumductus
3757 860 3996 915 ﬂuebant

2418 961 2484 999 ex
2537 945 2680 998 illius
2736 946 2944 1002 oculis?
2996 949 3277 1013 Quomodo
3327 951 3472 1004 illum
3527 955 3646 1006 tulit
3709 954 3893 1008 videre
3943 956 3995 1008 in

2419 1055 2580 1092 cruce
2605 1040 2923 1103 distentum,
2945 1041 3137 1110 ipsam,
3161 1053 3321 1097 eteos
3337 1047 3428 1113 qui
3447 1047 3692 1104 Aderant.
3721 1049 3996 1115 aspicien-

2422 1139 2525 1185 tem
2575 1140 2798 1200 aspectu
2846 1132 3280 1202 benignissimo?
3327 1136 3466 1198 Quid
3512 1152 3640 1192 vero
3688 1139 3997 1204 irrisiones,

2420 1223 2545 1291 quid
2581 1223 2742 1291 impia
2798 1227 3191 1279 transeuntium
3264 1239 3580 1293 scommata,
3660 1231 3997 1301 ingratorum

2422 1318 2895 1382 subsannationes,
2943 1321 3134 1388 probra
3178 1336 3364 1375 eorum
3399 1324 3487 1391 qui
3533 1325 3999 1379 circumstabant?

2422 1409 2550 1474 Quae
2581 1410 2798 1478 quidem
2831 1412 3012 1464 omnia
3052 1428 3169 1465 eam
3223 1416 3738 1470 transverberabant
3774 1418 3999 1486 profun-

2424 1503 2568 1563 dius,
2600 1519 2762 1572 quam
2792 1503 2882 1556 ulli
2919 1495 3074 1556 clavi.
3114 1506 3178 1559 Et
3235 1508 3727 1564 innumerabilibus
3773 1512 3998 1579 quidem

2424 1595 2595 1665 plagis
2645 1595 3026 1649 sauciabatur:
3091 1597 3323 1650 stimulis
3351 1608 3530 1653 autem
3582 1602 4001 1656 confodiebalur

2425 1687 2929 1742 innumerabilibus.
2965 1688 3077 1742 Hoc
3123 1704 3253 1742 vero
3300 1701 3415 1744 erat
3454 1691 3501 1744 ei
3552 1693 3799 1745 omnium
3835 1696 4000 1747 mole-

2358 1818 2398 1874 Β
2427 1783 2747 1844 stissinium,
2778 1785 2920 1851 quod
2941 1785 3007 1838 ad
3030 1785 3177 1837 illum
3212 1785 3429 1854 quidem
3461 1789 3746 1847 accedere,
3775 1799 3832 1842 et
3876 1804 3999 1842 eum

2425 1876 2623 1943 alloqui
2656 1876 2892 1938 sitiebat,
2928 1877 3292 1947 repellebatur
3338 1891 3517 1934 autem
3571 1896 3600 1934 a
3655 1881 4002 1935 multitudine

2425 1981 2619 2019 canum
2663 1982 2778 2021 eam
2811 1969 3300 2026 circumstantium.
3336 1966 3426 2024 Sic
3464 1971 3609 2024 enim
3643 1970 3866 2027 divinus
3915 1972 4002 2026 ille

2425 2059 2581 2114 Pater
2607 2077 2699 2115 eos
2739 2061 2888 2131 prius
2930 2063 3331 2118 nominavit“.

2497 2175 2661 2232 XXX.
2686 2176 2974 2247 Postquam
3005 2187 3186 2231 autem
3213 2192 3546 2245 quaecunque
3574 2177 3834 2231 volebant
3861 2220 3876 2242 ,
3908 2177 4005 2232 im-

2427 2270 2569 2337 pleta
2626 2271 2849 2323 fuerunt
2883 2285 2912 2322 a
2956 2269 3047 2321 Dei
3107 2269 3430 2338 parricidis,
3479 2278 3668 2323 etnon
3719 2282 4006 2340 exspecta-

2427 2358 2555 2414 bant
2578 2361 2810 2428 amplius
2834 2399 2846 2421 ,
2873 2359 2989 2414 fore
3023 2372 3081 2414 ut
3119 2362 3185 2416 ab
3224 2363 3304 2416 eis
3335 2362 3622 2417 evaderet:
3663 2379 3787 2416 cum
3819 2365 4006 2432 proxi-

2426 2461 2496 2513 mi
2535 2459 2755 2528 quidem
2790 2459 2948 2512 amici
2984 2460 3339 2529 eﬂ'ugissent,
3375 2473 3467 2514 aut
3497 2463 3679 2529 potius
3709 2461 3791 2529 (ut
3824 2461 4004 2512 dicam

2426 2567 2546 2605 cum
2599 2552 2864 2621 propheta
2886 2552 2952 2618 “)
2988 2568 3016 2604 a
3045 2552 3200 2620 longe
3241 2559 3470 2614 starent,
3499 2552 3614 2616 ipse
3645 2559 3829 2601 autem
3863 2560 4009 2602 esset

2427 2643 2590 2696 clavis
2627 2642 2872 2695 conﬁxus
2894 2683 2908 2705 ,
2941 2643 3184 2694 custodia
3217 2641 3283 2693 ab
3311 2642 3390 2693 eis
3415 2640 3642 2692 omnino
3693 2640 4009 2709 negligeba-

2429 2747 2552 2797 tur,
2597 2745 2724 2786 tunc
2770 2733 3060 2786 verisimile
3107 2743 3222 2793 cst,
3264 2732 3544 2801 Deiparam
3570 2773 3582 2793 ,
3629 2732 3734 2786 sibi
3771 2734 3901 2786 data
3933 2732 4008 2785 fa-

2428 2828 2659 2890 cultate,
2705 2826 2770 2885 ad
2836 2841 2957 2880 eum
3017 2827 3345 2888 accessisse,
3389 2835 3443 2878 et
3497 2827 3852 2880 intemeratas
3889 2825 4010 2894 qui-

2428 2921 2548 2976 dem
2590 2921 2708 2988 ejus
2747 2920 2944 2990 pedes,
2975 2929 3030 2974 et
3082 2921 3372 2988 impressas
3421 2919 3501 2972 eis
3547 2920 3730 2988 plagas
3774 2920 4009 2972 libenter

2429 3029 2549 3068 esse
2574 3013 2941 3067 deosculatam
2967 3052 2980 3074 ,
3003 3021 3054 3064 et
3077 3011 3339 3079 sanguine
3373 3010 3689 3063 miscentem
3717 3011 4007 3080 lacrymas,

2429 3106 2614 3158 oculos
2643 3113 2696 3156 et
2757 3118 2923 3172 genas
2985 3104 3299 3168 attrivisse,
3348 3117 3470 3156 cum
3521 3104 3758 3155 maximo
3828 3115 4009 3158 autem

2429 3195 2593 3248 animi
2624 3204 2768 3248 motu
2797 3210 2918 3248 eum
2947 3195 3296 3263 aspielentem
3316 3194 3690 3258 dixissezQuid
3715 3194 3833 3246 haec
3861 3204 4010 3255 sunt,

2429 3305 2461 3341 ο
2495 3288 2719 3343 Domine
2750 3298 2805 3342 et
2829 3286 3230 3341 Deus?suntne
3294 3287 3374 3338 lia:
3407 3288 3885 3339 remunerationcs
3911 3297 4012 3340 tua

2430 3379 2820 3445 inexplicabilis
2878 3379 2929 3428 in
2980 3378 3227 3428 homines
3278 3376 3623 3428 clementiae?
3691 3375 3864 3428 Estne.
3902 3379 4012 3430 h:ee

2430 3472 2718 3526 retributio
2749 3481 2852 3524 tua:
2895 3469 3286 3539 benignitatis?
3317 3468 3450 3531 line,
3482 3486 3618 3539 quos
3677 3479 3734 3524 tu
3780 3471 4011 3526 aﬂecisti

2430 3565 2732 3627 beneficio,
2779 3564 2912 3617 tales
2949 3563 3041 3617 tibi
3089 3563 3287 3632 gratias
3341 3563 3714 3617 retulerc31‘e
3768 3579 4008 3634 purpura

2431 3657 2662 3712 induunt
2691 3655 2980 3716 irrisionis,
3030 3670 3164 3723 quos
3217 3666 3469 3723 tanquam
3507 3655 3646 3709 ﬁlios
3704 3654 3876 3710 Pater
3930 3674 4013 3711 or-

2432 3750 2568 3804 nasti
2616 3750 2749 3804 stola
2790 3747 3011 3816 gloriae,
3045 3756 3100 3798 et
3146 3755 3399 3812 tauquam
3452 3748 3635 3812 aquila
3689 3749 3890 3802 nidum
3930 3765 4011 3802 re-

2431 3854 2599 3909 gens,
2631 3839 2728 3890 alis
2772 3835 3026 3905 expansis
3071 3835 3355 3907 suscepisti
3376 3834 3441 3896 “,
3491 3843 3547 3887 et
3593 3835 3646 3886 in
3697 3837 3872 3891 dorso
3925 3851 4012 3892 tun

2432 3932 2678 4002 pOrtasti.
2725 3928 3078 3984 Contumelia:
3121 3941 3377 3981 coronam
3437 3925 3530 3981 tibi
3585 3927 4010 3996 imposuerunt,

2433 4041 2569 4094 quos
2609 4023 2767 4078 bonae
2821 4022 3117 4077 voluntatis
3163 4021 3332 4074 armis
3381 4021 3495 4091 ipse
3531 4023 3811 4076 coronasti
3844 4035 3933 4087 ,et
3959 4037 4010 4078 ut

2433 4119 2692 4172 adversus
2716 4115 2963 4170 inimicos
3009 4123 3170 4184 caput
3203 4115 3477 4176 tollerent,
3506 4115 3875 4170 confirmasti.
3898 4117 4013 4169 Cla-

2435 4213 2516 4265 vis
2541 4211 2634 4264 tibi
2667 4210 2883 4263 dolores
2917 4207 3150 4261 aﬂ'erunt
3177 4246 3192 4270 ,
3223 4206 3313 4273 qui
3349 4221 3378 4258 a
3410 4207 3689 4258 laboribus
3754 4209 4009 4278 Egyptia-

2435 4320 2512 4358 ca:
2550 4301 2858 4363 servitutis,
2888 4300 3036 4352 etab
3081 4295 3568 4349 innumerabilibus
3618 4296 4010 4352 afﬂictionibus

2438 4404 2567 4448 sunt
2594 4391 2827 4445 liberati.
2862 4389 3142 4442 Arundine
3168 4397 3318 4442 tuum
3352 4398 3510 4458 caput
3558 4388 3769 4444 feriunt
3795 4393 4008 4461 ,quibus

749 4499 918 4550 ctum,
953 4501 1164 4540 coronae
1197 4487 1615 4556 impositionem,
1671 4490 2114 4546 contumeliosam
2143 4492 2321 4546 tradu-
2362 4496 2406 4555 ι)
2435 4502 2584 4540 mare
2611 4484 2756 4551 virga
2777 4497 3090 4551 percussum
3122 4483 3655 4553 cessitfugientibns.
3685 4485 3798 4539 Sed
3825 4487 4010 4556 loqueo

749 4579 1010 4634 ctionem.
1035 4577 1259 4647 Oportet
1280 4594 1496 4648 quoque
1523 4580 1890 4643 considerare,
1922 4596 2211 4648 quemnam
2232 4585 2326 4636 ha-

751 4671 904 4724 beret
932 4670 1193 4731 animum,
1227 4669 1338 4723 sive
1357 4685 1420 4723 ex
1445 4669 1580 4724 Filio
1600 4684 1717 4723 eam
1743 4670 2064 4740 simpliciter
2085 4675 2323 4740 judices,

752 4761 1054 4814 naturalem
1087 4759 1348 4813 ferentem
1378 4762 1484 4813 vim
1529 4762 1793 4831 passionis
1821 4781 1835 4817 :
1875 4768 1990 4818 sive
2029 4766 2170 4834 quod
2198 4782 2320 4820 eum

751 4860 1098 4920 cognosceret
1127 4851 1345 4906 homine
1363 4853 1717 4922 superiorem,
1751 4855 2024 4909 admirans
2047 4874 2319 4912 summam

754 4945 872 5013 ejus
901 4943 1237 4998 tolerantiam
1275 4961 1288 4998 :
1324 4955 1416 4998 aut
1463 4946 1644 5014 potius
1677 4955 1986 5016 utrumque,
2013 4947 2146 5002 adeo
2181 4961 2237 5002 ut
2269 4959 2322 5004 et

753 5035 981 5089 naturali
1002 5035 1308 5090 ﬂecteretur
1324 5037 1626 5101 aﬂectinne,
1651 5048 1703 5090 et
1726 5040 1982 5092 miraculo
1997 5040 2318 5097 afficeretur.

822 5124 1011 5178 XXIX.
1036 5123 1324 5194 Postquam
1342 5135 1519 5180 autem
1539 5126 1780 5180 scelerati
1797 5138 2058 5180 venerunt
2076 5128 2127 5180 in
2144 5130 2319 5182 locum

752 5214 1031 5281 Calvariat,
1082 5225 1136 5270 et
1175 5217 1276 5270 fixa
1316 5215 1534 5285 quidem
1579 5217 1677 5269 fuit
1728 5233 1894 5281 crux,
1965 5218 2017 5271 in
2074 5235 2135 5272 ea
2193 5234 2320 5273 vero

759 5307 1028 5376 pendebat
1051 5308 1170 5377 ejus
1195 5307 1382 5373 Filius,
1422 5307 1693 5378 quomodo
1728 5317 1844 5363 erat
1896 5309 2078 5363 animo
2105 5310 2317 5374 aﬂecta,

756 5414 882 5452 eum
910 5399 1102 5454 videns
1129 5400 1205 5453 sic
1231 5400 1522 5469 patientem
1553 5400 1575 5453 ?
1611 5400 1894 5465 Quomodo
1927 5403 2140 5458 videbat
2191 5415 2316 5456 eum

760 5491 1018 5544 nudatum
1047 5491 1305 5555 vestibus,
1330 5493 1419 5560 qui
1473 5493 1665 5546 coelum
1699 5492 1825 5562 tegit
1869 5495 2142 5547 nubibus?
2175 5493 2320 5558 Quo-

759 5585 920 5639 modo
947 5585 1234 5640 habentem
1261 5600 1421 5654 puras
1449 5601 1641 5641 carnes
1662 5588 1830 5642 clavis
1860 5587 2142 5643 confixas?
2175 5587 2321 5651 Quo-

834 5783 876 5814 “
905 5783 1066 5840 Marc.
1099 5801 1186 5854 xv,
1217 5787 1302 5841 ιο.

1381 5788 1424 5818 ⁸³
1465 5785 1593 5841 Luc.
1628 5803 1685 5854 n,
1712 5788 1799 5842 55.

790 5870 868 5916 ix,
899 5856 986 5908 26.

1879 5788 1922 5818 δ’
1961 5789 2098 5845 Psal.
2131 5804 2242 5854 xxi,
2279 5789 2360 5843 l7.

2433 4598 2488 4635 re
2519 4576 2720 4646 aliquid
2751 4576 3021 4630 modicum
3068 4577 3135 4630 ad
3170 4585 3322 4629 tuam
3357 4574 3578 4627 Matrem
3613 4583 4004 4631 recreandum:

2428 4688 2536 4727 non
2575 4672 2688 4725 fero
2710 4671 2854 4724 enim
2882 4669 3097 4723 dolores
3121 4707 3135 4729 ,
3171 4681 3292 4736 qurc
3324 4673 3373 4716 te
3428 4664 3609 4734 peperi
3639 4665 4003 4721 sine'dolore.

2428 4766 2528 4820 Ubi
2558 4773 2610 4820 te
2641 4764 2838 4818 videbo
2885 4758 3288 4829 postea?Quod
3349 4758 3452 4811 erit
3517 4758 3649 4812 mihi
3703 4758 4005 4814 solatium?

2427 4855 2557 4921 Quis
2584 4855 2688 4908 mei
2717 4864 2902 4906 curam
2962 4856 3112 4917 geret
3148 4862 3208 4902 ac
3230 4845 3522 4902 defendet?

2498 4962 2691 5017 XXXI.
2720 4961 2854 5014 Cum
2881 4972 2999 5012 eam
3029 4957 3253 5010 vidisset
3286 4966 3390 5008 tam
3418 4953 3611 5008 acerbe
3637 4954 3920 5020 aﬂ'ectam,
3954 4966 4000 5009 et

2431 5065 2657 5112 stantem
2685 5068 2849 5122 prope
2871 5051 3125 5105 dilectum
3157 5051 3504 5119 discipulum,
3545 5049 3678 5104 illud
3700 5053 3875 5121 (sicut
3894 5064 4001 5106 erat

2429 5149 2878 5208 consentaneum)
2913 5151 2995 5196 est
3013 5143 3237 5196 omnino
3264 5143 3511 5197 elocutus
3536 5181 3550 5202 ,
3580 5145 3727 5211 quod
3759 5145 3997 5198 divinum

2428 5248 2615 5291 narrat
2644 5234 3020 5304 Evangelium.
3052 5233 3180 5286 Eam
3227 5233 3372 5287 enim
3419 5232 3656 5302 primum
3693 5238 3995 5304 aspiciens:

2431 5327 2645 5391 Mulier,
2673 5326 2867 5393 inquit,
2899 5341 3011 5379 ecce
3033 5325 3173 5392 ﬁlius
3200 5336 3320 5376 tuus
3344 5323 3411 5386 “,
3436 5326 3740 5380 ostendens
3761 5328 3992 5397 discipu-

2426 5422 2560 5475 lum.
2581 5420 2672 5473 Sic
2703 5419 2785 5472 vel
2819 5418 2966 5473 cruci
2990 5417 3181 5471 aﬂixus
3200 5459 3212 5481 ,
3231 5432 3417 5470 curam
3445 5419 3667 5488 gerebat
3705 5425 3917 5485 matris,
3950 5432 3999 5473 et

2426 5529 2541 5567 eam
2565 5511 2957 5566 commendavit
2992 5511 3186 5566 dilecto
3206 5509 3489 5577 discipulo,
3513 5524 3610 5562 nos
3653 5512 3857 5568 docens
3897 5528 3992 5564 non

2431 5605 2703 5676 negligere
2751 5610 3000 5674 parentes
3053 5617 3222 5672 nsque
3251 5604 3316 5658 ad
3365 5610 3668 5657 extremum
3704 5606 3989 5672 spiritum,

3777 5784 3966 5839 "Joan

2438 5790 2478 5820 ⁸⁸
2511 5788 2652 5844 Psal.
2699 5802 2900 5853 umt,
2927 5787 3015 5846 3|.
3125 5787 3170 5819 "
3194 5787 3347 5841 Deut.
3385 5803 3556 5853 xxxii,
3589 5788 3678 5841 ll.
