4170 6322
190 364 293 428 553

1288 354 1572 417 ORATIO
1618 353 1714 414 DE
1753 344 2343 419 SANCTAMARIA.

3318 348 3421 410 554

189 492 497 548 quanquam
530 475 679 545 prius
710 474 991 529 videbatur
1019 473 1180 527 etiam
1220 472 1586 541 repellerc,ut
1636 485 1754 538 quae
1787 480 1824 533 Α
1859 469 2060 522 minam
2083 508 2097 532 ,
2138 466 2231 520 sed
2287 464 2448 519 etiam
2488 463 2814 532 discipulum
2837 502 2852 528 ,
2914 476 3099 515 verum
3151 463 3423 517 occultum

190 584 300 622 non
358 566 412 619 in
456 573 700 633 tempore
751 565 799 618 ei
830 570 976 617 esset
1013 562 1261 616 molesta.
1292 560 1429 625 Quid
1462 561 1599 614 enim
1633 560 1759 612 mihi

188 669 237 712 et
268 658 479 723 tibi(in
525 655 730 725 nuptiis
795 652 1034 723 inquit),
1087 651 1273 704 mulier
1295 651 1380 704 u?
1423 661 1477 705 et
1510 659 1695 720 postea
1743 666 1756 701 :

188 751 318 817 ρυω
354 760 428 805 est
474 758 642 802 mater
680 765 794 802 mea
838 749 862 802 2
918 746 1015 800 Hic
1063 754 1244 799 autem
1287 754 1527 815 apertam
1578 741 1762 797 osten-

187 844 269 899 dit
310 842 685 903 dilectionem,
724 849 779 894 et
830 837 1097 907 discipulo
1140 835 1358 906 quidem
1418 849 1535 887 eam
1601 847 1761 886 com-

187 935 444 995 mendat,
473 933 553 988 sic
591 931 900 993 consolans,
949 928 1099 983 illum
1147 920 1328 981 autem
1363 926 1537 998 magis
1585 926 1761 978 hono-

186 1043 319 1081 rans
347 1024 811 1081 commendatione
837 1062 849 1085 ,
880 1032 935 1076 et
973 1022 1116 1091 quod
1150 1020 1299 1075 valde
1335 1032 1457 1074 eum
1493 1019 1761 1089 diligeret,

189 1118 295 1171 hoc
323 1128 479 1171 utens
502 1113 813 1169 testimonio
844 1113 996 1183 (quid
1022 1112 1169 1165 enim
1213 1109 1357 1163 aliud
1400 1109 1603 1162 faciens
1630 1149 1643 1171 ,
1671 1115 1781 1165 aut.

184 1208 409 1268 dicens,
469 1207 616 1260 illum
666 1205 759 1259 tali
810 1203 1019 1259 honore
1048 1214 1132 1258 est
1188 1200 1496 1271 dignatus?)
1526 1241 1539 1264 ,
1600 1197 1761 1253 simul

184 1311 406 1366 quoque
457 1296 599 1365 quod
654 1292 1165 1364 permansisset,ei
1232 1290 1476 1344 referens
1539 1288 1760 1359 gratias.

186 1387 395 1443 Deinde
422 1404 542 1441 cum
571 1390 735 1440 etiam
781 1386 1080 1455 aspexisset
1107 1380 1607 1452 discipulum,Ecce
1627 1419 1642 1443 ,
1677 1380 1762 1432 in-

182 1482 339 1550 quit,
380 1490 550 1533 mater
582 1479 743 1533 tua“.
779 1478 890 1532 Hoc
914 1482 1093 1531 autem
1121 1486 1239 1530 erat
1277 1466 1659 1545 conjungentis
1697 1471 1764 1525 ad

183 1573 542 1627 dilecriunem
568 1613 584 1637 ,
614 1582 667 1628 et
697 1571 854 1625 simul
883 1572 1046 1624 etiam
1077 1568 1426 1623 ostendentis
1473 1567 1760 1624 amborum

185 1666 591 1719 auctoritatem.
626 1666 698 1717 At)
735 1681 792 1715 eo
828 1679 956 1731 ergo
977 1672 1222 1729 tempore,
1248 1661 1442 1731 inquit,
1475 1659 1763 1728 discipulus

185 1774 307 1810 eam
346 1757 542 1824 accepit
577 1755 628 1806 iu
675 1756 891 1822 propria
917 1754 985 1818 δ’,
1016 1753 1321 1820 intelligens
1355 1766 1615 1820 quorsum
1646 1759 1764 1803 ten-

1867 560 1993 626 (hoc
2022 559 2166 613 enim
2192 559 2349 613 docet
2374 554 2822 627 Evangelium"),
2857 562 2915 609 ut
2950 554 3043 625 qui
3093 552 3186 615 Dei
3217 554 3428 610 timeret

1863 652 2164 722 parricidas
2194 692 2208 713 ,
2237 652 2385 706 venit
2403 652 2469 705 ad
2495 665 2619 705 eum
2660 648 2825 721 Virgo
2844 686 2860 711 ,
2883 657 2938 702 et
2964 647 3144 703 verbis
3169 650 3217 703 ei
3239 650 3434 703 suadet

1864 746 2285 801 accommodatis
2306 790 2318 813 ,
2338 757 2395 815 ut
2429 745 2483 801 in
2543 759 2641 801 suo
2670 752 3025 799 monumento
3052 784 3067 809 ,
3098 736 3355 814 tanquam
3376 743 3429 798 in

1866 836 2046 905 aliquo
2074 826 2310 891 armario
2341 877 2355 900 ,
2411 849 2656 905 magnam
2704 835 2813 887 vim
2872 848 3037 903 opum
3076 841 3340 903 reponat,
3376 843 3431 886 et.

1865 930 1943 985 sic
1973 929 2193 983 domum
2217 927 2613 983 custodientem
2642 925 2784 994 apud
2815 940 2875 980 se
2894 924 3061 979 vitam
3086 924 3302 979 habeat.
3339 923 3429 978 Fi-

1865 1036 1991 1074 nem
2025 1021 2170 1074 enim
2201 1059 2216 1085 ,
2260 1018 2437 1089 inquit
2459 1026 2820 1086 ,acecperunt
2860 1032 2945 1071 res
2960 1016 3390 1071 adversariorum
3420 1057 3434 1075 .

1865 1120 1920 1165 et
1961 1110 2194 1163 maxime
2226 1110 2540 1179 probrosam
2595 1108 2650 1162 bi
2706 1114 2934 1161 mortem
2990 1106 3243 1177 Magistro
3293 1116 3437 1162 attu-

1869 1200 2090 1263 lerunt,
2165 1201 2311 1254 nulla
2392 1198 2742 1269 quantumvis
2826 1213 3060 1268 magna,
3124 1198 3318 1261 injuria
3382 1208 3437 1253 et

1866 1290 2161 1361 ignominia
2217 1291 2272 1344 in
2348 1306 2471 1344 eum
2536 1290 2688 1359 prius
2749 1288 3133 1359 praetermissa.
3169 1288 3437 1345 Caeterum

1869 1400 2016 1438 nunc
2047 1399 2262 1454 quoque
2295 1384 2349 1438 in
2381 1384 2528 1454 ligno
2580 1384 2729 1453 jacet
2800 1391 3048 1437 mortuus
3103 1391 3157 1436 et
3219 1383 3438 1448 nudus,

1866 1478 2002 1534 mihi
2039 1488 2092 1533 et
2142 1487 2337 1532 creata:
2390 1488 2597 1533 natura:
2639 1477 2973 1531 horrendum
3034 1476 3438 1547 spectaculum,

1867 1581 1928 1625 ut
1964 1585 2124 1640 quem
2158 1570 2338 1640 potius
2372 1570 2669 1634 irrideant,
2705 1584 2868 1640 quam
2902 1569 3022 1638 ejus
3053 1567 3436 1625 misereantur.

1869 1663 1945 1717 Da
1977 1678 2104 1734 ergo
2139 1663 2268 1717 mihi
2308 1663 2532 1733 gratiam
2557 1704 2571 1725 ,
2595 1672 2651 1717 ct
2682 1663 2992 1724 communi,
3029 1660 3251 1730 inquam
3276 1699 3290 1721 ,
3314 1660 3443 1715 huic

1870 1754 2142 1826 Magistro.
2184 1756 2458 1810 Audacter
2488 1763 2608 1824 pete
2662 1754 2807 1808 illius
2835 1768 3062 1823 corpus,
3106 1765 3166 1809 ut
3202 1754 3443 1824 depona-

183 1848 345 1901 deret
383 1847 556 1899 oratio
584 1884 597 1909 ,
632 1856 684 1898 et
732 1845 944 1898 Domini
1008 1842 1275 1898 voluntati
1333 1842 1543 1897 sincere
1586 1842 1760 1897 inscr-
1802 1822 1838 1875 Β
1877 1856 2000 1906 tur.
2044 1854 2099 1900 et
2147 1847 2442 1901 mandetur
2499 1847 2791 1916 sepulturae
2817 1886 2832 1908 ,
2863 1846 2906 1899 si
2967 1861 3072 1900 non
3122 1846 3284 1900 etiam
3325 1855 3444 1915 post

181 1952 366 1991 Vicus.

266 2028 479 2083 XXXII.
528 2029 820 2100 Postquam
853 2037 1030 2085 autem
1074 2028 1239 2083 linem
1287 2036 1614 2098 acceperunt
1644 2040 1764 2084 om-

190 2124 281 2176 nia
311 2163 325 2188 ,
365 2122 502 2178 Sitio
531 2166 545 2187 ,
580 2124 753 2193 inquit
783 2123 1026 2177 Salvator
1050 2124 1119 2175 δ’,
1153 2121 1257 2187 Qui
1290 2136 1415 2174 vero
1442 2130 1596 2177 erant
1622 2120 1767 2175 velo-

183 2227 280 2266 ces
320 2217 385 2265 ad
415 2212 656 2277 malum,
691 2224 744 2265 et
780 2212 1115 2281 ingratorum
1159 2209 1537 2280 ingratissimi,
1561 2209 1609 2264 ci
1639 2224 1764 2261 ace-

186 2312 313 2360 tum
340 2303 460 2357 felle
495 2305 875 2365 commistum.
926 2305 1017 2375 qui
1058 2320 1192 2375 aqua
1226 2304 1405 2374 (proh
1435 2304 1624 2358 dolor!
1654 2302 1675 2371 )
1713 2303 1765 2354 in

186 2396 315 2451 sitis
361 2408 497 2449 aestu
546 2394 597 2447 in
633 2405 774 2449 terra
822 2397 971 2450 arida
996 2408 1123 2451 sunt
1148 2398 1355 2465 putati;
1388 2406 1441 2450 et
1478 2397 1566 2465 qui
1608 2395 1769 2449 melle

184 2488 422 2543 saturati
481 2488 804 2551 fuerunt“,
839 2488 908 2542 fel
960 2490 1291 2558 porrigunt;
1346 2501 1577 2556 quorum
1633 2502 1765 2551 uva,

184 2597 297 2637 uva
337 2578 507 2639 fellis.
556 2588 610 2633 et
645 2580 723 2634 ira
753 2622 768 2647 ,
804 2580 1101 2633 draconum
1165 2579 1450 2636 domus”.
1487 2577 1593 2635 Sed
1631 2592 1770 2646 quo«

186 2673 359 2728 modo
394 2686 579 2726 rursus
616 2672 763 2728 illam
817 2672 930 2726 hth
985 2675 1255 2726 videntem
1287 2713 1302 2739 ,
1328 2672 1615 2741 oportebat
1639 2686 1766 2725 eru-

182 2766 329 2821 ciari
362 2766 545 2819 animo
571 2765 841 2831 ?Quandu
865 2776 1043 2820 autem
1077 2773 1347 2819 mortuum
1373 2780 1590 2839 quoque
1614 2764 1767 2826 vidit,

185 2858 472 2927 quomodo
514 2858 678 2915 tulit?
724 2858 999 2929 quomodo
1052 2873 1161 2911 non
1225 2857 1395 2912 etiam
1443 2856 1615 2925 ipsam
1661 2869 1768 2911 una

200 2949 429 3018 abrupit
476 2948 758 3000 animam?
807 2947 1088 3011 Quomodo
1146 2949 1400 3005 sustinuit
1448 2949 1636 3005 videns
1662 2947 1769 3003 ini-

189 3043 407 3103 micos,
450 3039 637 3108 quine
676 3049 796 3108 post
834 3048 1061 3092 mortem
1109 3040 1329 3108 quidem
1380 3042 1560 3095 adhuc
1613 3048 1771 3098 erant

1873 1947 2106 1991 mortem
2142 1936 2213 1990 sit
2262 1936 2368 1991 illis
2414 1935 2576 1991 Jesus
2620 1936 2851 1991 invisus.
2896 1935 2986 1991 Sic
3006 1935 3162 2011 nobis
3197 1937 3446 1991 omnibus

1871 2045 2118 2099 magnam
2177 2027 2374 2084 aﬂ'ercs
2434 2028 2909 2094 consolationem,
2971 2030 3145 2098 quiin
3227 2044 3447 2091 omnem

1870 2119 2072 2175 redacti
2118 2135 2306 2174 sumus
2343 2130 2667 2191 egestatem,
2717 2130 2772 2177 et
2804 2136 3035 2191 quorum
3071 2136 3230 2177 nemo
3258 2137 3439 2176 move-

1874 2222 1960 2264 tur
1988 2210 2358 2265 misericordia
2390 2227 2406 2267 :
2436 2213 2605 2265 Amici
2641 2212 2787 2267 enim
2814 2216 2913 2265 mei
2943 2223 2991 2266 ct
3015 2213 3290 2281 propinqui
3324 2214 3445 2276 mei,

1873 2320 1936 2357 ea:
1965 2305 2185 2361 adverso
2222 2307 2775 2375 appropinqunverunt
2811 2318 2859 2362 et
2883 2318 3131 2361 steterunt
3156 2350 3170 2374 ,
3192 2318 3240 2362 et
3268 2308 3446 2376 proxi-

1874 2398 1944 2449 mi
2004 2398 2103 2450 mei
2134 2414 2167 2450 a
2235 2397 2384 2467 longe
2440 2401 2765 2453 steterunt”.
2819 2401 2897 2455 Ex
2930 2413 3152 2454 menon
3223 2406 3447 2470 poseant

1872 2489 2165 2557 quidquam
2199 2486 2380 2543 facere
2406 2528 2421 2553 ,
2454 2498 2513 2544 ut
2541 2489 2692 2545 vides
2728 2530 2743 2555 ,
2795 2505 2918 2545 cum
2960 2491 3062 2545 sim
3108 2491 3221 2546 sola
3269 2500 3325 2545 et
3358 2491 3453 2546 ho-

1874 2581 2111 2650 Spila,et
2146 2598 2267 2635 cum
2319 2598 2431 2637 uno
2492 2583 2606 2637 solo
2654 2598 2720 2638 ex
2773 2582 3051 2653 discipulis
3095 2592 3299 2638 attenta
3345 2584 3449 2639 sim

1874 2674 2152 2729 crucifixo.
2225 2674 2315 2729 Sic
2384 2675 2518 2731 mihi
2574 2676 2734 2732 sistes
2781 2677 3055 2743 dolorem,
3130 2677 3209 2733 sic
3272 2679 3448 2749 repri-

1874 2780 1993 2822 mes
2033 2767 2320 2838 lacrymas.

1946 2856 2180 2911 XXXIV.
2213 2859 2351 2912 Cum
2392 2858 2689 2930 Jusephum
2744 2861 2972 2934 Deipara
3003 2863 3197 2918 talibus
3265 2863 3445 2920 verbis

1878 2948 2177 3005 inflexisset
2230 2962 2283 3004 et
2336 2950 2654 3018 incitasset,
2712 2954 2912 3007 emittit
2961 2957 3027 3009 ad
3073 2955 3326 3009 Pilatum.
3361 2956 3454 3011 Ille

1876 3052 2095 3107 autem,
2130 3046 2351 3113 expulsa
2401 3047 2548 3099 omni
2612 3047 2926 3111 timiditate,
2956 3058 3011 3102 et
3066 3050 3134 3104 ab
3195 3049 3313 3117 illo,
3362 3042 3453 3120 qui

185 3133 539 3190 reconciliati
568 3133 702 3187 Filio
726 3171 739 3193 .
772 3132 863 3186 sed
906 3132 1109 3186 credent
1146 3133 1325 3186 adhuc
1359 3134 1413 3186 in
1441 3147 1568 3187 cum
1594 3136 1770 3202 spira-
1803 3155 1848 3217 ρ
1881 3136 2112 3191 mortuis
2150 3137 2310 3189 vitam
2355 3136 2581 3208 inspirat
2612 3178 2626 3200 ,
2663 3149 2878 3192 mortua
2946 3141 3171 3195 audacia
3221 3141 3454 3210 inspira-

192 3231 339 3284 bant
365 3268 379 3292 ,
414 3236 467 3281 et
520 3226 698 3297 gladio
746 3227 868 3302 ejus
896 3227 1034 3281 latus
1059 3223 1488 3279 confodiebant?
1528 3224 1638 3277 Sed
1662 3225 1776 3279 hac

184 3322 421 3390 quidem
505 3318 751 3375 divinam
821 3328 1008 3374 narrat
1080 3317 1451 3388 Evangelium.
1516 3317 1778 3371 Dicuntur

182 3424 384 3469 autem
421 3413 534 3467 haec
574 3428 788 3483 quoque
827 3430 854 3467 a
887 3413 1118 3483 linguis,
1152 3427 1273 3480 quae
1318 3411 1535 3481 plurimi
1578 3412 1781 3465 faciunt

188 3510 491 3558 veritatem
515 3544 529 3569 ,
553 3504 694 3571 quod
733 3517 857 3557 cum
893 3505 1007 3557 haec
1037 3518 1175 3555 nova
1206 3513 1259 3556 et
1286 3505 1624 3559 admirabilia
1658 3519 1781 3571 per-

182 3602 358 3664 cepta
395 3605 583 3649 essent
613 3595 787 3648 oculis
822 3594 1089 3663 Deipara,
1121 3603 1175 3647 et
1205 3603 1324 3663 post
1353 3604 1583 3647 mortem
1634 3593 1777 3658 Filii,

184 3688 435 3760 perinde
466 3703 528 3741 ac
560 3687 604 3740 si
649 3686 858 3742 viveret
884 3723 899 3748 ,
922 3702 985 3740 ex
1022 3685 1142 3755 ejus
1182 3685 1351 3741 latere
1383 3701 1523 3756 aqua
1561 3695 1616 3740 et
1657 3700 1781 3745 san-

183 3780 323 3849 guis
355 3781 645 3835 scaturiret
678 3820 691 3844 ,
727 3779 815 3833 illa
859 3789 971 3833 tum
1002 3778 1219 3849 quidem
1255 3779 1441 3833 haurit
1465 3788 1781 3837 reverenter

183 3878 255 3922 ct
298 3869 610 3937 diligenter.
1677 3888 1682 3893 υ

277 3978 519 4033 XXXIII.
550 3979 754 4033 Deinde
792 3995 852 4032 ea
887 3980 965 4033 sic
1005 3996 1064 4034 se
1115 3989 1278 4035 totam
1340 3978 1486 4039 dedit
1527 3979 1780 4048 paranda:

181 4072 535 4143 sepulturae,
575 4079 632 4124 et
683 4073 1138 4141 quemadmodum
1187 4073 1429 4128 divinum
1463 4073 1591 4127 illud
1654 4087 1780 4127 cur-

178 4182 307 4239 pus
343 4182 375 4220 e
421 4158 567 4235 ligno
602 4164 996 4234 deponeretur,
1028 4171 1087 4219 et
1124 4174 1312 4235 aptum
1365 4172 1778 4219 monumentum

177 4265 659 4324 consequeretur.
701 4253 837 4309 Cum
872 4265 1055 4310 autem
1096 4271 1203 4310 non
1238 4265 1417 4325 posset
1446 4258 1561 4309 hcce
1591 4271 1685 4325 per
1720 4271 1780 4309 se

178 4350 454 4410 etlicere.
487 4350 606 4417 ejus
635 4348 873 4403 mentem
909 4357 1092 4402 movet
1119 4348 1343 4404 omnino
1363 4349 1482 4417 ejus
1516 4348 1681 4402 Filius
1702 4356 1782 4411 ,ut

176 4447 549 4510 scrutaretur
586 4440 642 4493 in
674 4441 793 4493 loco
851 4438 1133 4493 Calvariae.
1192 4440 1346 4504 Quod
1399 4456 1520 4493 cum
1578 4441 1776 4495 factum

1888 3238 2007 3289 tus.
2037 3229 2297 3283 audacter
2321 3230 2529 3300 (inquit
2570 3228 2780 3301 Marcus
2818 3230 2904 3303 ⁸⁸)
2934 3233 3237 3304 ingreditur
3266 3236 3331 3289 ad
3364 3234 3456 3289 Pi-

1884 3321 2047 3373 latum
2072 3358 2086 3382 ,
2116 3329 2172 3375 et
2204 3319 2269 3373 iis
2302 3336 2464 3385 usus,
2488 3322 2690 3389 quibus
2724 3340 2860 3391 opus
2893 3334 3011 3377 erat
3046 3365 3061 3389 ,
3092 3327 3274 3381 verbis
3314 3328 3453 3395 peti-

1886 3423 1998 3467 tum
2031 3413 2232 3482 accipit
2282 3413 2525 3469 divinum
2553 3414 2683 3481 illud
2723 3431 2941 3483 corpus,
2987 3425 3042 3472 e‘t
3073 3418 3158 3472 cui
3186 3419 3321 3473 nihil
3356 3435 3457 3490 po-

1886 3511 1994 3556 test
2022 3504 2293 3572 exaequari
2320 3545 2332 3566 ,
2357 3505 2651 3559 ostendens
2680 3506 2921 3561 animum
2960 3549 2973 3573 ,
3012 3507 3165 3590 Juda}
3202 3520 3457 3580 tanquam

1881 3607 1947 3644 ex
1980 3592 2245 3646 diametro
2274 3596 2633 3655 contrarium.
2701 3595 2834 3650 Nam
2892 3600 2981 3653 ille
3048 3600 3268 3669 quidem
3333 3617 3458 3657 cum

1884 3685 2109 3739 haberet
2138 3685 2382 3748 ,tradidit
2429 3686 2494 3740 iis
2521 3687 2614 3757 qui
2646 3696 2804 3742 erant
2834 3689 3168 3745 interfecturi
3200 3708 3213 3757 ;
3250 3692 3336 3746 hic
3362 3708 3461 3748 au-

1882 3789 1993 3834 tem
2041 3781 2109 3833 ab
2161 3780 2226 3833 iis
2268 3780 2358 3847 qui
2421 3780 2852 3845 interfecerant,
2913 3773 3083 3851 petiit
3125 3793 3177 3838 et
3226 3787 3459 3855 accepit.

1885 3872 2083 3927 Verum
2150 3871 2294 3927 enim
2348 3887 2497 3927 vero
2569 3889 2755 3926 rursus
2828 3888 3184 3943 persequatur
3252 3879 3459 3944 oratio,

1882 3966 2161 4032 quomodo
2196 3966 2366 4020 Mater
2393 3982 2450 4020 se
2481 3965 2729 4020 haberet.
2765 3965 2958 4020 Dicunt
2986 3968 3132 4022 enim
3162 3968 3196 4022 ii
3246 3970 3337 4039 qui
3390 3971 3461 4028 de

1884 4055 1968 4110 his
2008 4056 2170 4111 rebus
2221 4059 2565 4124 tractarunt,
2626 4074 2743 4112 eam
2780 4058 2847 4112 ab
2880 4060 3036 4113 initio
3096 4077 3266 4132 usque
3297 4063 3364 4118 ad
3402 4065 3463 4117 li-

1884 4167 2006 4206 nem
2070 4165 2128 4206 se
2178 4148 2392 4205 fortiter
2448 4158 2501 4205 et
2557 4157 2873 4203 constanter
2927 4147 3162 4221 gessisse
3196 4156 3463 4217 ,honeste

1886 4244 2140 4310 quidem,
2196 4252 2402 4298 etnon
2456 4243 2714 4296 indecore
2779 4253 3021 4301 utentem
3049 4257 3199 4301 motu
3251 4249 3458 4304 animi:

1882 4335 2039 4390 factis
2065 4345 2241 4391 tamen
2264 4337 2639 4401 ostendenlem
2652 4357 2711 4396 se
2731 4351 2850 4394 esse
2862 4338 3104 4405 Matrem,
3127 4341 3221 4396 sed
3242 4342 3464 4396 omnino

1888 4428 2112 4482 Matrem
2141 4430 2285 4483 illius
2319 4432 2411 4499 qui
2437 4436 2615 4487 amico
2650 4444 2863 4487 mortuo
2909 4442 2963 4486 et
3020 4434 3264 4486 ostendit
3308 4449 3463 4487 aruo-

176 4542 387 4593 esset,
435 4530 690 4585 concedit
714 4539 773 4584 ut
822 4530 940 4591 eius
970 4544 1170 4599 scopus
1222 4530 1379 4584 facile
1446 4533 1783 4585 succederet.
1821 4521 1864 4578 D
1895 4528 2126 4585 rem,et
2182 4532 2390 4575 mutum
2429 4523 2596 4577 animi
2658 4522 2826 4578 certis
2884 4522 3085 4577 ﬁnibus
3138 4524 3433 4581 continuit.

176 4625 492 4686 Invenitur
531 4625 677 4680 enim
739 4625 1010 4694 quoddam
1055 4632 1472 4678 monumentum
1524 4625 1787 4678 recentis-

176 4722 411 4776 simum
458 4726 513 4771 et
565 4716 993 4786 pulcherrimum
1016 4754 1032 4781 ,
1061 4724 1117 4769 et
1149 4713 1367 4785 elegans
1407 4714 1558 4769 locus
1593 4714 1646 4768 in
1675 4728 1784 4784 quo

170 4819 325 4866 erat
357 4812 532 4872 situs,
567 4809 661 4861 illo
694 4807 914 4876 quidem
960 4821 1303 4874 nequaquam
1352 4806 1550 4876 dignus
1585 4823 1597 4859 :
1642 4805 1781 4872 Quid

170 4900 355 4958 enim
386 4898 610 4952 omnino
653 4915 716 4953 ex
768 4898 929 4952 rebus
961 4896 1348 4951 terrenis?sed
1380 4913 1489 4951 non
1526 4896 1782 4963 indignus

170 4990 239 5056 cj
257 5004 329 5041 us
364 4998 487 5053 qua:
527 4986 836 5053 quaerebat,
871 4984 1159 5039 desiderio.
1211 4984 1387 5055 Atque
1418 4992 1532 5036 erat
1564 4985 1782 5051 quidem

171 5079 525 5147 sepulcrum
561 5076 741 5146 plame,
776 5086 832 5128 ut
865 5077 998 5139 dial,
1031 5091 1231 5130 novum
1292 5085 1345 5130 et
1380 5078 1604 5130 omnino
1641 5076 1785 5129 inta-

166 5186 384 5234 ctum,
411 5178 471 5222 ut
501 5171 554 5223 in
592 5184 700 5239 quo
722 5167 932 5221 nullum
964 5169 1141 5222 adhuc
1168 5180 1311 5223 esset
1340 5169 1640 5237 sepultum:
1670 5184 1738 5221 ne
1770 5209 1784 5232 ,

1890 4609 2164 4664 Mortuum
2194 4611 2375 4682 itaque
2410 4613 2600 4669 videns
2632 4614 2849 4682 Filium,
2867 4631 2931 4669 ea
2985 4616 3331 4671 metu‘animi
3370 4631 3463 4671 usa

1890 4716 1973 4759 est
2021 4713 2077 4758 ut
2123 4708 2383 4774 Oportuit.
2416 4706 2556 4774 Quin
2615 4710 2777 4763 etiam
2820 4712 2984 4773 tneo
3013 4724 3044 4763 a
3096 4725 3257 4764 cruce
3296 4710 3463 4779 depu-

1901 4797 2088 4850 nendo
2122 4799 2381 4853 maternis
2433 4800 2685 4854 manibus
2732 4801 2975 4854 iuserviit
2997 4845 3010 4864 ,
3047 4809 3102 4855 et
3129 4801 3348 4868 clavos,
3373 4803 3462 4872 qui

1900 4888 2334 4942 extraliebantur
2355 4929 2367 4948 ,
2397 4906 2497 4945 suo
2527 4892 2648 4947 sinu
2685 4892 2896 4963 accepit
2918 4932 2933 4958 ,
2967 4904 3023 4948 et
3049 4896 3290 4948 membra
3321 4896 3466 4951 illius

1892 4980 2141 5048 amplexa
2170 4989 2253 5035 est
2276 5023 2290 5045 ,
2326 4983 2522 5051 partim
2553 4986 2773 5056 quidem
2828 4986 2975 5040 ulnis
3013 4987 3287 5057 stringens
3307 5030 3322 5051 ,
3343 5003 3466 5058 par-

1894 5072 1989 5125 tim
2023 5080 2205 5126 antem
2237 5074 2350 5128 suis
2376 5090 2592 5145 quoque
2629 5078 2880 5151 lacrymis
2912 5079 3091 5147 plagas
3122 5079 3463 5146 emundans,

1894 5163 2092 5222 deinde
2124 5166 2305 5225 etiam,
2346 5176 2455 5221 tota
2518 5168 2615 5224 toti
2657 5171 2871 5241 corpori
2925 5170 3277 5225 circumfusa.
3327 5171 3465 5227 Ecce

1899 5256 1993 5309 tibi
2028 5256 2097 5310 ab
2147 5258 2293 5312 omni
2343 5261 2542 5314 smculo
2585 5265 2906 5331 prmiinitum
2946 5262 3259 5333 mysterium
3304 5265 3371 5317 ad
3400 5264 3465 5317 ti-

1899 5361 2024 5400 nem
2059 5363 2233 5419 usquc
2269 5353 2419 5404 venit
2444 5392 2457 5412 .
2489 5367 2522 5405 ο
2557 5351 2782 5406 Domine
2811 5392 2826 5415 ,
2862 5353 3076 5425 placida
3130 5369 3259 5408 voce
3309 5355 3463 5407 dicit.

1898 5440 1964 5494 Et
1993 5438 2231 5513 Josepho
2273 5445 2328 5497 in
2378 5461 2543 5499 manu
2595 5446 2813 5501 tradens
2844 5447 3130 5501 sindonem
3166 5460 3181 5500 :
3220 5446 3339 5500 Tibi
3372 5462 3467 5500 au-

1900 5545 2044 5601 tem,
2082 5537 2300 5605 inquit,
2341 5538 2603 5610 deinceps
2632 5539 2737 5593 erit
2786 5556 2929 5596 curae
2955 5578 2971 5605 ,
3006 5550 3067 5595 ut
3112 5540 3167 5596 in
3209 5541 3309 5595 hac
3338 5554 3465 5595 eum

167 5269 234 5325 si
284 5263 400 5321 alia
440 5263 612 5330 posita
665 5262 895 5316 fuissent
938 5275 1164 5329 corpora
1193 5301 1207 5324 ,
1243 5261 1583 5315 dubitaretur
1612 5265 1787 5329 quod-

167 5371 334 5413 nam
368 5356 752 5407 resurrexisset
782 5370 797 5406 :
826 5351 1046 5406 etlucus
1078 5350 1131 5404 in
1162 5352 1364 5423 Optimo
1398 5368 1521 5408 aerc
1558 5352 1787 5422 positus,

168 5460 252 5507 et
295 5448 354 5500 in
392 5445 532 5500 horti
567 5446 801 5512 speciem
837 5454 1082 5499 ornatus.
1114 5444 1405 5515 Postquam
1466 5456 1645 5499 autem
1680 5446 1789 5500 sci-

169 5539 407 5599 scitata
439 5534 704 5592 intellexit
728 5573 744 5598 ,
770 5551 874 5591 non
900 5536 1074 5590 solum
1102 5550 1221 5590 esse
1252 5536 1484 5590 amicum
1526 5535 1668 5591 horti
1697 5536 1793 5590 do-

278 5714 330 5749 "
355 5712 518 5768 Joau.
548 5731 605 5775 ιι.
638 5711 691 5765 ι.
769 5712 813 5744 ⁸⁸
847 5712 1036 5770 Matth.
1072 5731 1167 5778 xu,
1199 5714 1287 5770 ιε.
1364 5716 1407 5747 δ’
1438 5713 1597 5770 Joan.
1626 5731 1738 5779 six,
1769 5720 1773 5767 τ

1936 5716 1981 5747 ³ο
2015 5717 2148 5773 ibid.
2225 5720 2265 5751 "
2294 5718 2427 5775 Ibid.
2455 5719 2546 5774 9.8.

168 5803 387 5856 xxx",
416 5788 486 5842 52
528 5786 616 5841 55.
690 5780 915 5839 “Juan.
944 5801 1054 5849 xix,
1078 5786 1265 5841 38-42.
1340 5787 1385 5822 "
1414 5785 1558 5842 Psal.
1596 5802 1773 5843 xxxvii

1879 5786 1918 5857 Ξ,
1961 5788 2042 5842 15.
2119 5788 2163 5820 ⁸⁸
2197 5789 2363 5845 Marc.
2397 5806 2462 5845 xv
2520 5791 2609 5845 45.

542 5883 810 5944 ΡΑτιιοι..
851 5877 966 5939 Gn.
997 5878 1164 5944 CXV.

3072 5881 3140 5949 18

2640 5719 2682 5751 ⁸³
2713 5720 2879 5776 Exod.
2916 5736 3026 5788 xvr,
3058 5720 3148 5775 51.
3224 5718 3270 5752 ³³
3305 5716 3461 5772 Deut.
