4170 6322
759 355 862 415 555

2004 350 2288 412 MENSIS
2324 353 2470 411 AUG
2487 352 2753 414 USTUS.

3887 356 3987 418 556

760 477 986 528 honeste
1045 484 1381 538 componas,
1444 471 1764 540 myrrhaque
1809 469 2028 536 pulchre
2059 471 2321 534 condias,
2354 474 2395 529 Λ
2431 484 2486 521 rc
2536 471 2729 538 spiritu
2809 470 3076 539 vigilans,
3127 467 3310 521 omnia
3357 467 3591 539 perfecte
3639 470 3768 524 vidit
3824 482 3883 526 ut
3936 489 3988 526 se

759 578 810 620 ct
835 565 882 618 ei
911 565 1053 632 justa
1086 561 1271 618 facias.

827 652 1044 706 XXXV.
1074 651 1209 706 Cum
1263 650 1339 706 sic
1367 667 1496 721 ergo
1569 667 1710 704 novo
1785 663 2134 705 monumento
2187 652 2324 705 divi-

760 761 889 798 num
930 760 1124 814 corpus
1166 744 1537 809 tradidissent,
1583 743 1817 812 Joseph,
1853 755 1907 798 et
1940 745 2029 812 qui
2084 761 2205 800 cum
2265 759 2329 797 eo

759 845 878 889 erat
933 836 1300 899 Nieodemus,
1358 846 1413 890 et
1463 836 1550 890 alii
1602 838 1693 905 qui
1736 852 1859 890 cum
1925 837 2004 890 eis
2057 837 2327 900 aderant,

761 931 862 1000 ipsi
919 930 1139 998 quidem
1195 929 1375 982 statim
1417 930 1741 984 recedunta
1804 929 2098 997 sepulcro;
2163 929 2330 982 Mater

761 1030 941 1073 autem
981 1019 1092 1072 sola
1146 1019 1408 1074 remansit
1458 1019 1709 1087 sepulcro
1752 1019 2070 1082 adluercns,
2108 1016 2329 1072 minime

759 1108 1153 1162 dormientibus
1182 1110 1350 1161 oculis
1383 1125 1752 1177 perseverans.
1792 1109 1924 1161 Nam
1970 1110 2076 1163 etsi
2110 1107 2328 1163 Mariam

759 1201 1124 1269 Magdalenam
1156 1200 1435 1254 Matthazus
1464 1214 1528 1253 ex
1553 1201 1778 1254 adverso
1810 1217 1931 1254 cum
1965 1200 2126 1254 altera
2159 1201 2328 1270 signi-

762 1293 943 1346 ticavit
997 1293 1265 1346 assedisse
1297 1332 1310 1357 ,
1369 1294 1542 1348 solum
1603 1302 1782 1348 tamen
1814 1294 1881 1347 ad
1914 1294 2201 1347 videndum
2237 1307 2330 1346 ve-

761 1383 905 1436 nisse
937 1382 1150 1448 innuit,
1187 1397 1362 1451 neque
1424 1399 1582 1436 ausas
1630 1398 1749 1438 esse
1806 1385 2061 1439 accedere
2103 1400 2167 1439 eo
2193 1394 2330 1438 tem-

759 1490 926 1544 pore,
959 1491 1066 1544 quo
1119 1475 1479 1528 mandabatur
1514 1475 1822 1544 sepultura}.
1874 1471 2035 1530 Certe
2093 1491 2330 1543 namque

761 1565 839 1621 eis
867 1567 1158 1630 succurrit,
1194 1575 1251 1619 ut
1281 1566 1597 1619 recederent
1632 1576 1850 1634 propter
1879 1576 2080 1619 metum
2111 1567 2332 1619 Iudaeo-

761 1673 880 1713 rum
911 1695 925 1720 ,
973 1666 1028 1711 et
1079 1658 1366 1710 adventum
1433 1657 1781 1710 custodiae".
1831 1657 2008 1726 Inquit
2043 1659 2184 1710 enim
2221 1659 2332 1725 ipse

761 1749 1044 1804 Matthatus
1074 1765 1086 1800 :
1134 1747 1349 1816 Vespere
1380 1759 1549 1800 autem
1582 1747 1800 1801 Sabbati
1836 1787 1849 1810 ,
1885 1766 1998 1818 quae
2029 1750 2236 1802 lucescit
2278 1750 2330 1803 in

761 1841 929 1907 priora
959 1839 1176 1894 Sabbati
1203 1880 1217 1904 ,
1273 1841 1408 1892 venit
1471 1833 1649 1892 Maria
1689 1839 2000 1909 Magdalene
2041 1850 2091 1894 et
2159 1843 2328 1895 altera
2366 1826 2404 1879 Β

768 1934 941 1987 Maria
990 1934 1161 1987 videre
1225 1933 1521 2002 sepulcrum
1552 1933 1637 1985 ⁵⁸.
1695 1933 1810 1986 Non
1864 1935 2092 1987 dixisset
2152 1943 2337 1988 autem

765 2027 982 2080 venisse
1013 2064 1027 2089 ,
1076 2040 1195 2094 qua:
1227 2024 1644 2086 remansissent,
1680 2024 1782 2077 nisi
1822 2039 1900 2078 ea:
1935 2040 2150 2093 quoque
2182 2025 2332 2078 simi-

768 2120 887 2171 liter
922 2126 981 2170 ut
1013 2116 1191 2170 caeteri
1223 2155 1238 2181 ,
1285 2117 1640 2170 recessissent
1673 2131 1700 2168 a
1741 2117 2118 2171 monudtento.
2157 2115 2332 2186 Atque

766 2209 855 2262 alii
889 2209 1104 2278 quidem
1130 2208 1355 2262 alteram
1384 2247 1398 2270 ,
1435 2222 1553 2277 qua:
1582 2207 1780 2261 dicitur
1809 2247 1824 2269 ,
1870 2207 2096 2259 Mariam
2121 2248 2134 2271 ,
2171 2223 2331 2276 quam

770 2303 882 2370 ipse
908 2301 1067 2364 dixit,
1100 2301 1192 2369 qni
1253 2301 1526 2368 prtecessit
1554 2337 1567 2360 ,
1601 2310 1656 2350 et
1698 2298 1908 2351 Marcus
1946 2297 2090 2352 clare
2117 2299 2289 2366 aperit
2318 2338 2332 2362 ,

767 2393 995 2447 dicens:
1035 2388 1209 2443 Maria
1263 2398 1441 2442 autem
1479 2387 1890 2458 Magdalene,et
1914 2385 2087 2441 Maria
2127 2386 2334 2457 Joseph,

769 2482 1088 2550 aspiciebant
1137 2480 1222 2532 ubi
1254 2480 1600 2548 ponerent”;
1639 2479 1727 2530 alii
1781 2492 1909 2531 vero
1952 2477 2172 2531 Mariam
2223 2494 2336 2546 qua:

769 2574 1035 2646 appellata
1065 2582 1147 2629 est
1171 2572 1352 2627 Jacobi
1379 2614 1392 2636 ,
1430 2565 1806 2650 existimauith
1834 2587 1956 2626 esse
2007 2572 2288 2641 Dciparam
2319 2612 2333 2636 ,

771 2683 878 2723 non
915 2675 1060 2720 recte
1089 2704 1103 2727 ,
1143 2679 1316 2733 neque
1373 2673 1629 2716 accurate
1683 2665 1964 2716 veritatem
2019 2665 2336 2732 conjectan-

774 2768 873 2814 tes.
914 2755 1120 2824 Ubique
1143 2756 1286 2810 enim
1324 2755 1377 2808 in
1415 2755 1717 2823 EVangeliis
1747 2755 1860 2822 ipsa
1909 2762 2030 2822 post
2077 2770 2334 2807 arcanum

773 2851 925 2904 illum
963 2856 1141 2902 ortum
1170 2855 1354 2916 aperte
1392 2854 1446 2900 et
1489 2847 1705 2914 proprie
1764 2846 2071 2898 nominatur
2125 2845 2290 2900 Mater
2321 2886 2336 2911 ,

772 2937 981 2992 ethanc
1005 2935 1224 2988 omnino
1249 2932 1478 2986 maxime
1497 2943 1676 2985 notam
1703 2933 1865 2986 habet
1899 2933 2333 3002 appellationem.

773 3029 1008 3096 Accepit,
1044 3027 1250 3095 inquit,
1287 3025 1576 3094 infantem,
1627 3034 1676 3077 et
1729 3023 1953 3078 Matrem
2003 3027 2174 3094 ejus£0
2202 3067 2215 3080 .
2273 3027 2340 3080 Et

776 3136 966 3178 rursus
995 3138 1013 3176 :
1039 3115 1172 3172 Erat
1211 3118 1381 3171 Mater
1451 3117 1576 3172 Jesu
1625 3118 1811 3172 illic“.
1842 3117 1905 3172 Et
1934 3137 1947 3172 :
1976 3118 2113 3172 Dicit
2169 3117 2408 3210 Μαιενι(⁵

777 3214 888 3282 ejus
918 3211 1167 3264 ministris
1189 3210 1253 3261 θ’.
1293 3208 1356 3261 Et
1383 3225 1395 3259 :
1429 3207 1704 3260 Descendit
1738 3210 1790 3260 in
1820 3207 2190 3277 Capharnanm
2210 3213 2337 3279 ipse,

777 3315 824 3359 et
854 3300 1030 3357 Mater
1056 3303 1168 3369 ejus
1189 3300 1251 3353 ⁸³.
1277 3300 1342 3354 Et
1373 3299 1577 3356 :Mater
1607 3310 1696 3353 tua
1752 3311 1798 3352 et
1830 3301 2018 3369 fratres
2055 3305 2131 3355 tui
2185 3314 2335 3357 stete-

776 3405 895 3449 runt
929 3395 1056 3463 foris
1086 3395 1150 3448 “.
1182 3394 1321 3459 Quin
1348 3395 1508 3447 etiam
1533 3409 1549 3446 :
1582 3391 1848 3447 Steterunt
1876 3395 1945 3446 ad
1983 3411 2187 3446 crucem
2217 3395 2338 3446 Jesu

775 3485 950 3540 Mater
977 3487 1088 3552 ejus
1110 3525 1124 3548 ,
1163 3493 1210 3536 et
1242 3498 1390 3534 soror
1420 3481 1604 3532 Matris
1629 3481 1740 3548 ejus
1762 3482 1804 3510 ⁵⁵
1834 3523 1848 3536 .
1887 3478 2058 3536 Lahes
2089 3521 2102 3544 ,
2146 3485 2190 3535 si
2222 3483 2303 3536 vis
2325 3523 2339 3544 .

773 3579 938 3634 etiam
968 3575 1165 3629 Lucam
1206 3575 1260 3626 in
1287 3571 1509 3625 Actibus
1546 3572 1928 3642 sutl'ragantcm
1965 3571 2028 3624 iis
2063 3588 2178 3640 quae
2216 3584 2341 3628 sunt

776 3669 1048 3742 proposita
1083 3682 1097 3724 :
1133 3665 1200 3718 1Ιὶ
1253 3679 1427 3715 ontnes
1471 3674 1619 3715 erant
1689 3674 2077 3728 perseverantes
2117 3665 2169 3715 in
2217 3681 2340 3717 om-

777 3763 914 3813 tione
965 3774 1077 3810 cum
1121 3754 1424 3808 mulieribus
1456 3792 1470 3816 ,
1503 3761 1549 3804 et
1603 3751 1767 3804 Maria
1809 3750 1985 3817 Matre
2029 3752 2148 3806 Jesn
2174 3756 2246 3809 σθ.
2274 3756 2339 3810 Et

778 3855 833 3906 in
895 3864 1108 3907 summa
1173 3847 1485 3902 difﬁcillime
1518 3845 1748 3899 inveniri
1807 3854 2028 3915 potest,
2072 3861 2190 3898 eam
2219 3863 2341 3901 esse

778 3946 932 3998 aliter
965 3943 1294 3997 nominatam
1324 3979 1338 4005 ,
1378 3950 1469 3994 aut
1499 3955 1562 3992 ex
1597 3948 1748 4005 patre
1774 3975 1787 3999 ,
1815 3949 1904 3988 aut
1931 3952 1994 3988 ex
2029 3937 2203 4006 aliqua
2238 3940 2337 3992 alia

779 4035 1117 4102 cognationis
1213 4030 1573 4094 habitudine,
1637 4038 1691 4082 nt
1755 4029 2009 4086 diximus.
2079 4030 2339 4096 Quocirca

781 4126 925 4180 nulla
966 4139 1028 4178 ex
1068 4123 1150 4176 his
1182 4121 1268 4175 illa
1310 4132 1415 4177 cst.

855 4216 1089 4270 XXXVI.
1126 4215 1252 4268 Nam
1283 4216 1398 4268 alia:
1435 4216 1650 4283 quidem
1686 4223 1798 4268 tota
1858 4224 2014 4268 nocte
2049 4216 2112 4268 ad
2164 4217 2342 4284 sepul-

780 4322 929 4363 crum
969 4307 1224 4373 ingressa:
1259 4314 1383 4358 sunt
1416 4315 1469 4357 et
1511 4315 1835 4373 egu~ess-.c,et
1871 4321 1933 4359 ea
1960 4309 2299 4376 quaztiebant
2325 4347 2338 4370 ,

779 4397 1034 4468 apostolis
1065 4396 1400 4450 nuntiarunt.
1430 4394 1790 4461 Quamobrem
1854 4412 1953 4451 nec
1977 4400 2055 4451 eis
2115 4399 2334 4468 contigit

2431 562 2739 626 habebant,
2775 563 2917 631 quod
2949 577 3016 614 ne
3067 561 3336 614 tantillum
3369 561 3584 629 quidem
3605 602 3618 623 ,
3647 571 3706 614 ut
3736 563 3988 627 diximus,

2427 671 2454 708 a
2489 655 2736 722 sepulcro
2778 654 3101 719 recesserit,
3135 655 3307 708 donec
3375 655 3544 722 ipsam
3596 655 3867 707 viviticam
3913 657 3988 706 vi-

2429 746 2508 798 dit
2543 745 3018 797 resnrrcctioncm.
3057 741 3188 796 Nam
3223 743 3357 811 lapis
3403 745 3621 812 quidem
3670 744 3988 805 revolutus,

2429 851 2484 891 ct
2519 836 2742 904 angelus
2781 836 2828 888 ei
2858 834 3100 888 insidens
3125 873 3140 899 ,
3179 835 3245 888 ab
3281 835 3400 888 aliis
3452 850 3665 903 quoque
3716 835 3868 888 visus
3915 847 3994 888 est

2430 927 2765 981 mulieribus.
2806 925 3031 991 Quando
3060 937 3241 979 autem
3267 964 3281 990 ,
3309 936 3362 979 et
3382 925 3846 995 quemadmodum
3883 927 3994 980 hate

2431 1021 2566 1074 facta
2609 1031 2769 1082 sunt,
2809 1019 2913 1075 illae
2948 1020 3161 1088 quidem
3213 1021 3433 1072 omnino
3485 1021 3846 1074 nesciebant:
3886 1020 3994 1088 ipsa

2431 1128 2557 1164 vero
2595 1113 2735 1170 sola,
2774 1124 2830 1162 ut
2878 1127 2996 1179 qua:
3027 1110 3310 1173 assideret,
3345 1111 3525 1162 omnia
3582 1121 3840 1164 accurate
3879 1128 3996 1178 pcr-

2431 1206 2629 1270 Spexit.
2666 1203 2924 1255 \‘iilentur
2957 1216 3082 1271 ergo
3111 1202 3158 1255 ei
3190 1207 3376 1270 prima:
3395 1218 3513 1255 csse
3537 1202 3644 1255 dati
3697 1203 3827 1256 boni
3856 1219 3994 1254 nun-

2435 1296 2489 1346 tii
2529 1294 2948 1346 resurrectionis
2974 1332 2987 1353 .
3026 1303 3080 1347 et
3147 1295 3323 1362 quoad
3357 1294 3474 1363 ejus
3515 1294 3629 1348 ﬁeri
3673 1295 3889 1361 potuit,
3932 1294 3996 1346 ab

2434 1396 2494 1434 ea
2522 1391 2844 1448 conspectus
2879 1383 3044 1434 fuisse.
3084 1383 3337 1450 Splendor
3393 1383 3530 1436 Filii.
3586 1383 3695 1438 Sed
3750 1386 3830 1437 sic
3881 1384 3995 1450 qui-

2433 1474 2554 1526 dem
2593 1473 2682 1526 Dei
2715 1472 2884 1526 Mater
2933 1483 2985 1526 et
3018 1474 3130 1542 ipsa
3190 1475 3389 1528 clarius
3445 1477 3629 1545 aspicit
3666 1457 3785 1529 Filii
3825 1492 3998 1529 resur-

2437 1565 2726 1618 rectionem
2751 1607 2764 1629 ,
2798 1574 2852 1618 et
2886 1566 3003 1634 ejus
3036 1565 3416 1634 praedicatores
3442 1570 3508 1620 de
3549 1583 3612 1619 ea
3649 1567 3822 1634 magis
3868 1582 3998 1620 cun-

2436 1659 2628 1720 lirmat,
2657 1674 2816 1724 quam
2845 1673 2921 1711 ere
2949 1674 3066 1726 quae
3097 1668 3369 1728 unguenta
3394 1659 3695 1712 attulerunt
3723 1675 3735 1710 :
3765 1659 3998 1718 etiamsi,

2435 1750 2560 1803 dum
2619 1751 2976 1817 loquerentur
3001 1755 3063 1803 de
3090 1749 3299 1804 Domini
3339 1752 3765 1815 resurrectione,
3802 1751 3998 1802 nullam

2435 1844 2552 1909 ejus
2581 1839 2906 1895 mentionem
2940 1841 3170 1895 iecerint
3195 1883 3208 1906 ,
3239 1841 3493 1896 caventes
3521 1842 3752 1896 fortasse
3794 1837 3998 1895 maler-

2437 1947 2564 1984 num
2594 1932 2786 1984 alierre
2813 1933 3181 1986 testimonium
3221 1972 3234 1993 ,
3261 1949 3329 1987 ne
3361 1933 3634 1986 videretur
3663 1944 4000 2002 suspectum,

2435 2033 2488 2078 ct
2523 2034 2739 2093 propter
2769 2024 3208 2092 coniunctionem
3243 2024 3384 2078 fides
3436 2024 3483 2078 ei
3532 2024 3714 2078 minus
3773 2025 4001 2078 habere-

2434 2126 2538 2172 tur.
2596 2117 2702 2171 Sed
2754 2117 2980 2188 Dcipara
3039 2158 3054 2184 ,
3087 2133 3208 2172 cum
3259 2117 3378 2171 Filii
3439 2117 3898 2172 resurrectionem
3952 2124 4003 2170 et

2436 2211 2552 2262 visu
2580 2249 2592 2271 ,
2631 2219 2684 2262 ct
2714 2208 2942 2262 internis
2979 2211 3154 2263 oeulis
3189 2210 3268 2263 sic
3299 2211 3601 2280 accepisset
3629 2253 3642 2274 ,
3677 2223 3871 2281 postea
3911 2208 4006 2261 ha-

2440 2298 2630 2352 bitavit
2677 2313 2802 2352 cum
2857 2300 3056 2353 dilecto
3087 2299 3352 2368 discipulo
3381 2341 3395 2364 ,
3429 2313 3757 2371 exspectans
3795 2313 4007 2369 tempus

2437 2391 2638 2446 Christi
2673 2393 3083 2462 assumptionis.

2508 2481 2764 2536 XXXVII.
2800 2482 3089 2553 Postquam
3126 2493 3304 2536 autem
3339 2482 3496 2535 linem
3555 2481 3810 2550 accipere
3847 2496 4006 2549 opor-

2439 2576 2583 2632 tebat
2612 2617 2625 2638 ,
2667 2592 3004 2643 quaecunque
3033 2577 3098 2628 ad
3143 2578 3323 2628 carnis
3361 2584 3626 2642 susceptae
3662 2575 4010 2643 pertinebant

2439 2668 2796 2725 (Economiam
2833 2705 2846 2730 ,
2877 2677 2929 2720 ct
2986 2668 3057 2720 ita
3109 2669 3158 2718 in
3211 2667 3402 2720 emtum
3454 2668 3674 2728 extolli,
3716 2668 3863 2733 quod
3923 2682 4007 2717 as-

2440 2771 2716 2831 sumptum
2765 2761 2941 2814 fuerat
2970 2799 2983 2822 ,
3022 2759 3214 2812 amicis
3269 2773 3538 2826 apparens
3587 2757 3842 2809 Salvator
3885 2761 4009 2824 (non

2440 2853 2583 2907 enim
2636 2868 2779 2921 smpc
2837 2860 2958 2920 post
3016 2849 3467 2904 resurrectionem
3538 2851 3900 2918 spectabilem
3956 2865 4012 2903 se

2441 2946 2545 2998 illis
2574 2945 2846 3013 pricbebat
2873 2943 2889 3012 )
2919 2985 2932 3006 ,
2963 2951 3016 2996 ct
3062 2943 3226 2995 multa
3269 2943 3370 2994 alia
3414 2957 3532 2995 cum
3556 2942 3636 2996 eis
3669 2941 3930 3004 dISscrit,
3961 2952 4013 2995 ct

2442 3036 2567 3089 boni
2597 3036 2829 3102 Spiritus
2905 3034 3194 3084 adventum
3253 3034 3560 3087 annuntiat.
3612 3036 3820 3088 Deinde
3854 3037 4011 3088 etiam

2442 3143 2563 3180 cum
2596 3125 2868 3180 eduxisset
2913 3141 3099 3193 parum
3137 3127 3286 3179 extra
3320 3125 3596 3179 civitatem
3631 3165 3646 3179 .
3678 3137 3734 3179 ct
3772 3127 3896 3179 illos
3926 3137 4016 3188 ,ut

2443 3236 2564 3273 cmn
2601 3217 2845 3278 decebat,
2875 3217 3224 3286 itnpertiissct
3256 3217 3638 3272 benedictione
3662 3255 3676 3278 ,
3703 3217 4016 3268 videntibus

2444 3311 2570 3379 ipsis
2606 3311 2660 3361 in
2714 3311 2909 3361 cex-lum
2969 3307 3314 3360 extollitur"
3342 3345 3353 3357 .
3399 3307 3502 3358 Sed
3552 3321 3621 3358 ne
3649 3321 3712 3357 ea
3774 3323 3863 3359 res
3891 3303 4017 3376 ipsis

2443 3404 2662 3452 ati'erret
2702 3397 2995 3456 molestiam
3028 3437 3043 3461 ,
3076 3408 3128 3451 et
3155 3397 3393 3451 dolorem
3428 3397 3507 3450 eis
3557 3409 3878 3466 procrearet
3910 3399 4016 3451 Ma-

2443 3494 2589 3562 gistri
2651 3493 2921 3560 privatio,
2973 3492 3089 3559 ejus
3147 3507 3361 3560 quoilue
3423 3507 3608 3544 curam
3641 3491 3813 3561 gessit
3850 3492 4018 3545 bonus

2443 3585 2645 3654 pastor.
2679 3583 2754 3636 Ad
2787 3599 2879 3636 eos
2911 3584 3070 3637 mittit
3127 3585 3344 3654 angelos
3374 3626 3387 3648 ,
3416 3584 3504 3651 qui
3538 3594 3590 3638 et
3647 3584 3796 3639 illius
3833 3599 4020 3639 ascen-

2441 3693 2558 3732 sum
2621 3677 2992 3746 explicarent,
3047 3688 3101 3731 ct
3158 3693 3252 3731 eos
3305 3677 3563 3731 ineffabili
3618 3688 3673 3731 et
3708 3679 4016 3732 admirabili

2442 3768 2726 3835 implerent
2760 3769 3128 3822 consolatione
3158 3771 3222 3820 ”⁸.
3248 3770 3382 3820 Cum
3407 3777 3588 3820 autem
3643 3769 3974 3822 adorassent
4003 3812 4016 3828 ,

2442 3873 2629 3909 rursus
2660 3860 2877 3910 domum
2929 3860 3033 3911 lacti
3081 3868 3206 3910 sunt
3273 3859 3514 3922 reversi,
3575 3859 3742 3912 simul
3803 3863 4016 3930 quidem

2444 3959 2664 4018 agentes
2694 3950 2744 4001 in
2779 3951 3056 4016 superiore
3091 3951 3374 4003 ccenaeulo
3398 3989 3412 4014 ,
3460 3951 3603 4006 sicut
3649 3955 4014 4008 constitutum

2443 4041 2619 4096 fuerat
2649 4085 2662 4108 ,
2705 4052 2755 4095 et
2781 4041 3037 4096 Paracleti
3089 4054 3470 4114 exspectantes
3502 4047 3832 4102 adventum.
3867 4051 4018 4102 Eram

2442 4137 2619 4190 autem
2659 4136 2712 4188 in
2765 4135 3006 4190 oratione
3065 4137 3394 4188 unanimiter
3448 4149 3881 4203 perseverantes
3909 4181 3921 4199 .
3953 4145 4018 4192 sl-

2443 4235 2532 4278 cut
2561 4225 2722 4276 etiam
2761 4225 2930 4276 Lucas
2965 4226 3301 4295 Lvangclista
3331 4237 3542 4277 narrat.
3577 4229 3717 4280 Cum
3754 4231 3907 4282 enim
3933 4247 4020 4287 no-

2445 4316 2687 4368 minatim
2741 4315 2935 4368 Christi
2996 4328 3368 4371 enumerasset
3419 4319 3727 4389 discipulos
3760 4362 3774 4382 ,
3821 4324 4016 4376 deinde

2442 4407 2719 4476 subiungit
2757 4424 2769 4460 :
2810 4406 2870 4460 Et
2918 4409 2969 4460 hi
3047 4425 3219 4462 onines
3276 4415 3674 4477 perseverabunt
3747 4420 4018 4467 unanimi-

782 4490 967 4545 Vidcrc
1006 4487 1159 4556 Pl“ra
1192 4485 1453 4539 ¹¹¹ίτὸίῖυ¹³
1519 4487 1936 4540 Γθευντοεῑίοηίε
1963 4525 1975 4538 ο
2033 4489 2120 4540 “l3
2156 4501 2333 4540 ίὶυιοπὶ
2369 4489 2418 4544 υ
2447 4509 2524 4552 Ιιι·
2578 4501 2628 4550 in
2672 4501 2905 4553 oratione
2955 4512 3000 4554 et
3054 4503 3388 4568 precatione,
3449 4521 3562 4555 cum
3608 4507 3925 4562 mulieribus
3977 4520 4017 4560 ιι

779 4597 900 4650 quae
961 4579 1229 4634 indivulsa
1292 4577 1564 4630 assidebat
1610 4581 1904 4644 sepulcro,
1967 4578 2148 4630 omnia
2207 4579 2340 4631 vidit

779 4679 963 4740 aperte
991 4708 1006 4732 ,
1038 4676 1093 4721 et
1130 4682 1233 4719 non
1287 4666 1464 4718 statim
1495 4705 1506 4726 .
1533 4666 1625 4719 sed
1685 4677 1870 4734 postea
1923 4669 2145 4736 protulit
2182 4668 2233 4721 in
2262 4669 2340 4723 lu~

778 4772 930 4823 cem,
969 4763 1024 4809 et
1057 4753 1409 4808 renuntiavit.
1457 4753 1586 4806 Nam
1633 4760 1904 4822 quomodo
1948 4759 2104 4811 simul
2155 4769 2339 4814 terra:-

779 4857 1016 4911 motum,
1052 4854 1106 4898 et
1133 4844 1308 4911 angeli
1347 4844 1400 4896 in
1463 4853 1736 4899 momento
1789 4851 2053 4916 temporis
2107 4850 2328 4902 descen-

779 4951 932 5002 sum,
968 4944 1022 4988 et
1071 4935 1266 5004 lapidis
1320 4935 1744 5000 rcvqutioncm,
1781 4947 1836 4991 et
1896 4939 2179 4992 custodum
2216 4956 2340 5008 pro-

779 5024 1006 5078 fundum
1059 5036 1312 5086 soporem
1349 5061 1362 5084 ,
1416 5029 1466 5074 ct
1517 5025 2040 5090 expergelactioncm
2067 5066 2082 5090 ,
2116 5037 2168 5078 ct
2204 5044 2339 5096 quo-

780 5116 1025 5172 rumdam
1053 5113 1104 5166 in
1133 5114 1320 5166 urbem
1363 5115 1730 5170 reversionem
1755 5155 1768 5178 ,
1797 5117 2101 5185 potuissent
2135 5121 2336 5174 abeun-

781 5221 859 5264 tes
894 5207 1147 5261 mulieres
1176 5247 1188 5267 ,
1224 5218 1274 5258 et
1305 5222 1494 5276 rursus
1544 5219 1876 5264 revertentes
1898 5253 1910 5275 ,
1946 5213 2153 5283 integre
2211 5231 2334 5284 per-

778 5299 985 5368 spicere
1008 5297 1030 5349 ?
1051 5297 1154 5351 Sed
1186 5297 1389 5350 clarum
1423 5311 1526 5364 est,
1550 5299 1662 5353 haec
1696 5301 1860 5354 fuisse
1888 5308 2113 5358 materni
2148 5317 2200 5360 et
2245 5323 2336 5359 ar-

777 5390 953 5444 dentis
984 5390 1184 5441 amoris
1206 5429 1220 5454 ,
1255 5404 1371 5458 qua:
1404 5403 1667 5460 perpetuo
1721 5393 1966 5450 assidens
2065 5407 2118 5451 ct
2151 5400 2327 5454 acrio-

776 5569 806 5643 1
879 5567 1151 5643 σιιδι-ειξὴ.
1184 5585 1346 5632 xxvii,
1384 5569 1468 5643 65,
1503 5572 1589 5628 66.
1666 5574 1712 5605 ⁸⁸
1738 5574 1924 5630 Matth.
1955 5595 2137 5643 xxvm,
2174 5582 2219 5636 Ι.

777 5638 828 5714 ξὶ.
906 5639 1114 5714 σχιιιιςι.
1158 5655 1255 5714 xtl,
1362 5645 1406 5672 “
1439 5642 1627 5698 Matth.
1659 5647 1868 5714 311,47.

779 5709 829 5761 1.
917 5708 962 5739 ⁵⁸
997 5711 1129 5764 ibid.
1164 5711 1252 5762 ii.

2300 5585 2344 5614 ⁵³
2364 5585 2525 5644 Marc.
2548 5607 2631 5656 xv,
2662 5594 2711 5646 I.

1969 5651 2012 5680 “
2035 5651 2190 5706 Joan.
2227 5671 2336 5721 xix,
2386 5660 2474 5716 23,

2441 4591 2612 4644 Maria
2647 4601 2809 4643 matre
2840 4591 2959 4643 Jcsu
2992 4630 3004 4653 ,
3032 4603 3214 4644 etcum
3246 4593 3499 4660 fratribus
3526 4595 3639 4654 eius
3665 4600 3708 4628 ¹⁹
3735 4636 3751 4652 .
3797 4600 4018 4670 Semper

2442 4686 2585 4735 enim
2620 4684 2732 4749 ipsa
2769 4697 2980 4748 quoque
3014 4696 3132 4735 cum
3179 4685 3257 4737 eis
3285 4686 3717 4739 conversabatur
3739 4727 3756 4752 ,
3789 4706 3818 4742 a
3863 4695 4018 4746 rebus

2445 4766 2825 4842 pulcherrimis
2881 4783 2934 4827 et
3001 4775 3394 4831 honestissimis
3451 4794 3737 4848 nunquam
3795 4786 4017 4840 omnino

2446 4862 2736 4916 desistens.

2515 4953 2802 5008 XXXVIII.
2850 4955 3136 5025 Postquam
3174 4971 3352 5014 autem
3407 4963 3458 5016 in
3519 4975 3773 5036 tempore
3825 4970 4018 5025 Pente-

2441 5043 2615 5096 Costes
2647 5045 2898 5113 apostoli,
2933 5047 3132 5116 impleti
3179 5050 3361 5106 divina
3412 5057 3584 5123 gratia
3626 5057 3924 5128 Paraclcti,
3953 5066 4013 5117 ad

2444 5134 2716 5204 Evangelii
2753 5136 3050 5192 doctrinam
3086 5141 3223 5198 allus
3258 5140 3363 5198 alio
3387 5149 3787 5215 mittebantur,
3821 5166 3878 5208 et
3907 5158 4008 5225 jam

2443 5227 2753 5293 praedicatio
2793 5227 2913 5280 Iidei
2954 5234 3415 5302 annuntiabatur,
3455 5238 3768 5310 Virginem,
3827 5260 4010 5316 utpote

2439 5316 2633 5370 dilecto
2687 5317 2947 5385 discipulo
2997 5331 3050 5374 ct
3111 5325 3300 5394 virgini
3349 5334 3819 5402 commendatam,
3899 5355 4010 5407 que

2433 5417 2545 5459 erat
2579 5409 2628 5460 in
2665 5407 2793 5461 Sion
2822 5411 2938 5478 ejus
2967 5413 3196 5484 domus,
3231 5433 3349 5472 eam
3379 5421 3612 5479 habebat
3649 5424 3770 5483 illic
3812 5432 4012 5502 degen-

2787 5590 3050 5677 ‘ot‘lamlz
3076 5615 3134 5677 ἔ¹ο
3163 5599 3247 5655 Μ’
3326 5599 3642 5677 "108m",
3684 5613 3738 5666 I.
3818 5617 4009 5671 “Ibid.

2554 5665 2737 5719 “Act.
2775 5679 2812 5726 ι,
2842 5663 2928 5719 14.
3007 5667 3210 5726 "Luc.
3247 5689 3402 5755 xxiv,
3433 5663 3546 5735 51.⁷
3581 5663 3655 5715 ἦ
3691 5663 3816 5745 act.
3863 5663 4010 5753 fili;
