4170 6322
176 389 275 449 557

176 504 276 554 tem
316 516 328 551 :

171 589 545 646 exhibebatur.
592 588 725 642 Cum
778 603 904 642 vero
950 597 1005 641 et
1051 589 1238 641 mortis
1269 603 1386 641 eam
1418 588 1734 657 participem

174 683 284 734 ticri
340 695 558 734 necesse
598 678 938 749 foret,(eur
973 680 1116 732 enim
1181 677 1284 732 hoc
1341 684 1568 749 passura
1628 695 1734 733 non

172 782 351 833 esset,
387 770 632 840 quamvis
675 771 765 823 Dei
818 769 987 824 Filius
1042 786 1105 823 ex
1173 787 1234 829 ea
1290 772 1504 840 genitus
1547 784 1735 824 revera

172 873 311 917 esset
362 863 559 918 homo?
592 864 789 933 )cum,
822 863 1077 931 inquam,
1139 871 1299 917 aetate
1365 873 1615 932 provecta
1670 862 1735 917 ad

171 957 393 1009 multam
443 964 779 1009 senectutem
824 956 1188 1023 pervenisset,
1236 965 1289 1009 et
1350 954 1736 1026 peregrinatio-

170 1046 253 1099 nis
281 1058 492 1115 tcmpus
522 1060 759 1115 praesens
797 1054 955 1107 esset,
980 1060 1073 1112 per
1103 1046 1373 1113 angelum,
1396 1061 1453 1098 se
1478 1045 1734 1115 migratu-

170 1152 282 1188 ratn
308 1152 454 1200 esse,
492 1152 520 1189 a
564 1135 699 1188 Filio
750 1134 942 1188 edocta
974 1143 1055 1188 est
1084 1175 1098 1199 ,
1131 1136 1276 1188 sicut
1306 1144 1365 1187 et
1401 1143 1590 1193 antea.
1631 1150 1737 1202 quo

169 1238 411 1296 tempore
460 1228 513 1281 in
565 1227 684 1295 ejus
730 1235 973 1279 ventrem
1033 1228 1375 1296 ingressurus
1418 1234 1565 1288 erat,
1597 1241 1739 1278 nun-

168 1321 358 1372 tiatum
400 1319 475 1371 illi
504 1318 697 1371 fuerat.
732 1316 866 1371 Cum
899 1318 1061 1387 igitur
1105 1332 1361 1371 excessus
1408 1316 1490 1371 sui
1538 1325 1737 1386 myste-

167 1413 307 1464 rium
340 1411 660 1474 didicisset,
722 1424 841 1462 eam
894 1420 1011 1462 rem
1051 1409 1243 1466 laetitia:
1302 1418 1459 1463 tantae
1485 1449 1500 1475 ,
1540 1416 1739 1478 quanta

166 1505 348 1558 verbis
404 1503 659 1571 esplicari
726 1519 849 1556 non
886 1507 1103 1572 potest,
1156 1504 1434 1557 materiam
1494 1504 1739 1570 judicans

165 1597 339 1666 (quid
395 1596 539 1649 enim
582 1596 657 1649 illi
709 1596 929 1651 suavius
1005 1596 1224 1649 evenire
1276 1606 1526 1665 poterat,
1578 1610 1738 1665 quam

162 1704 288 1742 cum
327 1687 465 1743 Filio
504 1704 605 1742 suo
638 1704 760 1743 esse
785 1697 839 1742 et
876 1705 984 1743 una
1011 1690 1278 1756 regnare?
1308 1693 1323 1757 )
1356 1689 1536 1742 statim
1580 1689 1741 1758 jussit

164 1781 401 1849 plurima
437 1780 639 1833 lumina
667 1781 887 1832 domum
922 1779 1104 1832 alierri
1135 1782 1350 1850 yidque
1392 1781 1590 1835 factum
1636 1790 1740 1834 est.

1251 382 1539 441 ORATIO
1584 383 1684 442 DE
1729 384 2011 444 SANCTA
2049 383 2321 443 MARIA.

372 498 457 551 cui
502 508 752 565 tanquam
806 496 958 549 Matri
1008 497 1115 549 Deo
1157 496 1330 549 honor
1359 496 1426 549 ab
1479 496 1732 551 omnibus
1766 503 1807 559 Α
1838 510 1955 550 mea
2016 496 2288 550 voluntas.
2358 494 2599 549 Accersit
2644 503 2825 548 autem
2872 494 3090 552 Petrum
3120 535 3134 561 ,
3199 493 3397 550 deinde

3289 380 3393 445 558

1836 584 2006 638 alios:
2042 594 2096 638 ct
2152 600 2274 638 cum
2325 585 2577 639 lucernas
2610 584 2708 654 ipsi
2762 588 3171 647 accendissent,
3203 586 3290 640 illa
3342 590 3396 639 in

1836 675 2024 743 Spiritu
2061 676 2342 731 exsultans
2368 717 2381 738 ,
2411 674 2640 730 diductis
2681 676 2846 730 labris
2873 715 2888 740 ,
2942 677 3209 736 Benedico
3255 680 3350 732 tibi
3383 718 3395 741 ,

1839 766 2040 835 inquit,
2069 768 2241 820 datori
2274 768 2451 822 omnis
2481 769 2871 823 benedictionis
2895 810 2907 834 ,
2938 786 3111 823 causa:
3144 772 3362 824 luminis
3385 809 3398 833 ,

1838 861 1928 928 qui
1986 876 2168 914 mcum
2262 872 2506 915 ventrem
2568 863 2916 919 inhabitasti.
2973 864 3243 919 Benedico
3299 876 3402 919 tuae

1839 940 2093 1007 charitati
2118 992 2131 1017 ,
2154 967 2258 1021 qua
2289 968 2387 1006 nos
2418 954 2649 1008 dilexisti
2677 995 2690 1020 ,
2719 953 2945 1009 Domine
2975 974 2985 1008 :
3020 968 3073 1011 et
3117 958 3402 1026 magniﬁco

1839 1040 2004 1093 verba
2031 1050 2119 1093 tua
2147 1081 2160 1105 ,
2201 1056 2320 1107 qua:
2375 1042 2533 1095 nobis
2578 1045 2698 1096 data
2755 1055 2881 1099 sunt
2932 1046 2987 1099 in
3042 1047 3314 1100 veritate:
3352 1056 3404 1101 et

1840 1133 2003 1189 credo
2033 1132 2161 1185 mihi
2193 1132 2452 1197 ali'utura,
2485 1150 2603 1201 qua:
2634 1136 2848 1190 dixisti.
2883 1138 3017 1191 Cum
3036 1139 3115 1191 sic
3141 1140 3402 1203 dixisset,

1840 1236 1897 1275 se
1926 1222 2152 1276 reclinat
2186 1224 2240 1275 in
2273 1223 2441 1285 lecto,
2476 1234 2528 1277 ct
2558 1226 2811 1279 manilius
2842 1226 2894 1279 in
2919 1230 3085 1280 altum
3139 1229 3367 1282 sublatis
3389 1270 3402 1291 ,

1841 1330 1963 1367 cum
2007 1316 2141 1369 nulli
2198 1318 2614 1385 reprehensioni
2671 1320 2829 1373 aliine
2877 1335 3031 1372 suum
3096 1336 3294 1389 corpus
3346 1321 3401 1373 in

1844 1406 2128 1461 honestam
2160 1419 2212 1464 et
2240 1411 2489 1483 decoram
2523 1413 2745 1482 liguram
2779 1408 3169 1481 compoSuisset
3195 1452 3209 1476 ,
3252 1423 3305 1467 et
3344 1428 3405 1467 os

1840 1500 2205 1553 venerandum
2256 1503 2557 1568 aperuisset
2603 1505 2825 1570 (etenim
2883 1504 3100 1558 videbat
3152 1505 3258 1574 jam
3299 1505 3402 1558 Do-

1841 1594 2044 1646 minum
2114 1594 2178 1647 ad
2234 1595 2409 1663 ipsam
2495 1600 2803 1651 venientem
2878 1616 3001 1654 cum
3058 1601 3406 1655 multitudine

1842 1684 2203 1753 angelorum),
2237 1694 2346 1739 tota
2375 1687 2625 1755 impletur
2672 1689 2863 1757 gaudio
2915 1698 2969 1743 et
3020 1692 3312 1759 voluptate.
3353 1703 3408 1745 et

1845 1791 1975 1829 cum
2033 1792 2220 1832 rursus
2258 1779 2519 1834 dixisset:
2580 1778 2717 1834 Fiat
2749 1783 2909 1845 mihi,
2960 1782 3202 1849 Domine,
3227 1797 3409 1837 :ecmi-

164 1873 305 1930 Tota
342 1887 469 1925 vero
523 1872 716 1925 domus
770 1871 1029 1925 mundata
1070 1880 1172 1925 est.
1226 1872 1423 1928 Lectus
1479 1874 1644 1936 ίιειιι,
1689 1882 1743 1927 et
1777 1839 2235 1921 Bdum't‘erbum
2286 1878 2475 1934 tuum,
2544 1871 2737 1923 emittit
2793 1875 3044 1941 tanquam
3110 1874 3160 1926 in
3217 1888 3408 1929 somno

164 1968 439 2019 thalamus
472 1964 769 2019 ornabatur
819 1972 925 2018 :et
984 1966 1428 2018 convocabantur
1479 1975 1744 2034 quotquot

160 2066 326 2113 erant
358 2059 570 2128 cognati
602 2066 655 2112 et
684 2057 843 2112 vicini
876 2098 888 2120 ,
929 2065 986 2110 ut
1016 2071 1136 2110 cum
1178 2072 1240 2110 ea
1294 2057 1490 2110 laetitire
1550 2058 1741 2110 tierent

161 2152 480 2222 participes.
513 2149 714 2203 Deinde
745 2158 928 2218 parata
961 2159 1116 2202 erant
1143 2150 1323 2203 omnia
1353 2151 1417 2203 ad
1437 2165 1738 2207 excessum.

160 2245 453 2314 Signiﬁcat
483 2243 663 2310 itaque
699 2242 763 2294 iis
797 2242 886 2311 qui
943 2253 1315 2296 convenerant
1345 2284 1358 2305 ,
1419 2244 1472 2297 id
1515 2244 1657 2311 quod
1691 2243 1740 2297 ei

162 2335 337 2388 Filius
384 2347 478 2404 per
531 2335 784 2405 angelum
858 2336 1228 2392 nuntiaverat.
1266 2335 1514 2391 Ostendit
1561 2347 1741 2391 autem

158 2427 419 2480 bravium
444 2467 458 2492 ,
490 2428 632 2496 quod
670 2427 771 2481 sibi
806 2429 873 2481 ab
916 2445 979 2482 eo
1041 2429 1225 2482 datum
1284 2431 1480 2483 luerat.
1531 2429 1586 2483 ld
1618 2446 1743 2485 vero

160 2530 288 2574 erat
322 2536 504 2573 ramus
533 2521 764 2588 palmze,
816 2530 871 2571 ut
916 2521 1109 2585 lingua:
1165 2521 1486 2573 assuefactus
1508 2536 1630 2573 vera
1660 2523 1740 2574 lo-

157 2610 257 2678 qui
296 2610 363 2661 de
408 2623 472 2661 eo
512 2609 799 2661 dixerant:
855 2609 1071 2679 signum
1120 2610 1361 2664 victoria:
1411 2612 1602 2666 inertis
1638 2652 1651 2677 ,
1687 2623 1741 2667 et

159 2700 294 2752 vita:
361 2698 536 2768 imago
597 2698 954 2753 immortalis:
994 2701 1135 2755 sicut
1191 2702 1353 2755 etiam
1391 2698 1738 2757 Hebraeorum

147 2791 322 2860 pueri
362 2792 412 2844 id
462 2793 579 2861 ejus
627 2790 901 2845 iaciebant
946 2792 1081 2847 Filio
1108 2836 1123 2859 ,
1178 2796 1423 2863 inspirati
1459 2797 1737 2850 divinitus.

153 2883 244 2936 illi
294 2887 439 2937 enim
486 2883 937 2953 appropinquanti
977 2887 1041 2937 ad
1083 2886 1427 2953 passionem,
1476 2887 1511 2939 ii
1562 2903 1742 2943 ramos

153 2975 472 3044 palmarum
504 2976 969 3039 olIcrcbant,eum
1004 2976 1246 3029 futurum
1271 2978 1525 3031 victorem
1551 2982 1742 3034 mortis

153 3069 292 3119 ante
327 3064 768 3134 signiﬁcantes”.
790 3068 922 3120 Cum
951 3082 1131 3121 autem
1160 3070 1269 3138 jam
1294 3072 1502 3124 adesset
1532 3062 1756 3140 tempus’

1844 1960 2130 2028 spiritum,
2165 1971 2219 2015 et
2268 1978 2394 2015 eum
2420 1962 2471 2015 in
2504 1963 2694 2017 amicis
2723 1963 2948 2033 deponit
2986 1963 3103 2017 Filii
3133 1965 3405 2018 manibus.

1844 2050 1920 2103 Ne
1966 2060 2146 2103 autem
2188 2053 2433 2106 videatur
2470 2069 2590 2108 esse
2626 2054 2815 2121 inane,
2865 2057 3008 2126 quod
3065 2056 3269 2111 dictum
3325 2066 3410 2110 est

1842 2140 1908 2194 de
1972 2142 2389 2212 congregatione
2450 2145 2853 2211 apostolorum,
2901 2163 3021 2215 quae
3056 2146 3195 2201 facta
3223 2158 3308 2201 est
3354 2149 3406 2200 in

1844 2232 2166 2288 dormitione
2218 2233 2486 2305 Virginis;
2542 2235 2709 2288 satius
2763 2234 2925 2290 luerit
2976 2252 3038 2290 ea
3098 2239 3408 2291 summatim

1844 2325 2083 2390 addere,
2146 2342 2265 2396 qua;
2303 2343 2333 2381 a
2411 2326 2661 2397 Dionysio
2712 2328 3032 2399 Areopagila
3070 2329 3325 2385 dicuntur
3356 2332 3410 2385 in

1846 2419 2004 2473 tertio
2069 2418 2351 2487 libro(l),
2390 2432 2443 2473 et
2494 2418 2685 2488 capitis
2707 2418 2944 2488 quidem,
2999 2420 3127 2485 Quae
3191 2423 3258 2476 sit
3339 2424 3413 2476 vis

1846 2516 2098 2569 orationis
2129 2526 2176 2569 et
2206 2521 2267 2569 de
2297 2517 2444 2569 beato
2480 2516 2776 2579 "ierat/reo,
2800 2518 2861 2569 de
2889 2518 3080 2585 pietate
3102 2527 3150 2572 et
3185 2521 3246 2571 de
3273 2520 3414 2573 theo-

1845 2606 2008 2675 logica
2070 2608 2387 2674 inscriptum
2438 2617 2521 2661 est
2571 2609 2961 2676 conscriptione.
2992 2610 3253 2665 Dicuntur
3313 2627 3410 2666 au-

1847 2710 1950 2753 tem
2012 2714 2075 2753 ea
2142 2700 2358 2769 quidem
2413 2700 2697 2755 Timetheo
2754 2701 2953 2771 Ephesi
3015 2703 3289 2774 episcopo.
3338 2706 3412 2759 Ea

1847 2807 1974 2846 vero
2008 2799 2135 2846 sunt
2170 2791 2221 2845 in
2257 2791 2355 2845 hoc
2391 2792 2568 2861 capite
2601 2793 2678 2847 sic
2708 2793 2772 2846 ad
2805 2794 3026 2847 verbum
3056 2796 3270 2865 posita:

1914 2885 2024 2939 XL.
2055 2904 2073 2935 ‹
2107 2885 2549 2953 Quandoquidem
2583 2886 2725 2954 apud
2757 2888 2900 2955 ipsos
2929 2903 3145 2957 quoque
3197 2898 3413 2942 nostros

1845 2995 1872 3031 a
1900 2979 2007 3031 Deo
2037 2976 2242 3029 aliiatos
2269 2991 2547 3029 sacrorum
2581 2977 2874 3045 principes,
2899 2980 3118 3041 quando
3150 2995 3247 3034 nos
3276 2995 3411 3048 quo-

1845 3085 1968 3139 que,
2003 3077 2061 3123 ut
2097 3083 2213 3137 ipse
2263 3066 2429 3131 nosti,
2461 3076 2516 3121 et
2554 3068 2706 3121 multi
2747 3084 2809 3121 ex
2846 3070 3048 3122 nostris
3082 3071 3250 3123 sacris
3300 3070 3409 3125 fra-

149 3170 426 3209 excessus
449 3196 463 3221 ,
498 3155 586 3208 illa
620 3155 835 3224 quidem
894 3174 1032 3214 vera:
1068 3161 1186 3212 vita:
1229 3172 1401 3212 mater
1431 3163 1649 3227 jacehat
1681 3163 1736 3214 in
1766 3174 1807 3229 ο
1847 3162 2019 3214 tribus
2049 3159 2113 3212 ad
2148 3157 2434 3211 videndum
2481 3172 2702 3226 corpus,
2733 3157 2876 3226 quod
2925 3157 3045 3212 vita:
3082 3158 3408 3228 principium

151 3248 427 3318 grabato:
462 3249 649 3303 aderat
678 3265 806 3304 vero
846 3250 888 3305 is
913 3292 927 3316 ,
955 3251 1046 3320 qui
1069 3266 1186 3304 eam
1220 3251 1379 3305 domo
1410 3263 1732 3320 exceperat,

145 3338 434 3394 Joannes.
484 3342 724 3395 Aderant
784 3343 983 3406 etiam,
1026 3340 1343 3412 quicunque
1392 3353 1545 3397 erant
1578 3344 1736 3397 electi

149 3432 210 3484 in
252 3430 554 3488 Jerusalem
580 3475 593 3499 ,
613 3435 911 3504 amicaeque
934 3448 988 3490 et
1013 3447 1255 3506 cognata:
1284 3438 1441 3490 simul
1464 3441 1730 3492 astabant.

154 3522 335 3592 Virgo
371 3537 499 3593 ergo
544 3525 612 3578 ad
652 3526 916 3580 Joannem
949 3529 1216 3595 aspiciens
1263 3529 1558 3594 virginem,
1614 3544 1737 3581 eum

148 3628 343 3681 pauca
378 3628 498 3665 cum
521 3628 586 3665 eo
613 3623 758 3665 esset
790 3615 965 3666 locuta
993 3653 1006 3676 ,
1045 3615 1239 3668 deinde
1268 3632 1281 3667 :
1312 3615 1450 3668 Duas
1475 3657 1489 3681 ,
1524 3618 1698 3687 inquit
1720 3657 1733 3677 ,

146 3703 392 3755 tunicas
420 3717 553 3770 quas
585 3711 696 3757 toto
729 3704 850 3758 vit-.e
881 3714 1121 3773 tempore
1158 3708 1322 3761 habui
1370 3717 1736 3778 tegumentum

146 3794 278 3848 mei
306 3794 550 3863 corporis
576 3837 590 3861 ,
627 3810 717 3849 eas
770 3796 883 3850 dari
925 3798 1265 3866 jubeoliisce
1299 3801 1507 3855 duabus
1548 3804 1740 3858 mulie-

143 3887 343 3942 ribus.
380 3885 501 3940 [hec
534 3887 620 3939 illa
653 3889 871 3957 quidem
920 3890 1076 3944 dixit.
1123 3892 1224 3955 Qui
1296 3892 1522 3948 aderant
1572 3910 1734 3961 vero,

138 3979 418 4034 videntes
447 3978 597 4046 signa
631 3981 919 4044 decessus,
971 3996 1035 4033 ex
1091 3984 1263 4036 oculis
1303 3986 1499 4038 multas
1546 3986 1739 4041 funde.

138 4074 298 4125 bant
332 4070 617 4145 lacrymas.
653 4071 786 4133 Quis
815 4073 957 4125 enim
993 4074 1080 4125 tali
1133 4075 1332 4144 privari
1387 4079 1612 4134 muliere
1647 4090 1736 4136 tu-

136 4164 320 4218 lisset
349 4162 465 4215 sine
494 4162 719 4216 dolore?
752 4163 953 4218 Deinde
978 4185 1006 4224 e
1027 4169 1163 4223 cmlo
1197 4171 1414 4239 quidem
1463 4174 1740 4228 descendit

132 4261 286 4333 ejus
310 4252 480 4309 Filius
499 4299 514 4323 ,
544 4257 689 4311 illius
708 4259 943 4316 divinam
967 4272 1346 4333 assunipturus
1371 4265 1622 4329 animam,
1645 4281 1741 4333 per

138 4356 375 4410 nubem
412 4365 594 4408 autem
623 4371 752 4409 suos
782 4364 1069 4424 congregat
1117 4356 1410 4425 discipulos
1430 4395 1445 4420 ,
1481 4364 1540 4407 ut
1571 4372 1734 4411 vene-

136 4450 404 4502 randum
432 4447 548 4513 ejus
587 4462 786 4514 corpus
815 4449 1135 4500 mandarent
1178 4450 1491 4517 sepultum.

226 4537 489 4592 XXXIX.
521 4537 810 4609 Postquam
849 4553 978 4593 vero
1039 4539 1173 4593 vidit
1214 4555 1307 4595 eos
1355 4540 1583 4612 Dcipara
1607 4583 1620 4607 ,
1647 4558 1748 4598 co-

129 4629 361 4705 gnovit
390 4638 571 4684 autent
613 4646 831 4685 causam
857 4673 870 4695 ,
907 4640 1123 4701 propter
1158 4648 1317 4703 quam
1347 4649 1537 4689 omnes
1563 4637 1740 4689 statim

125 4722 424 4789 accersiti
454 4721 709 4788 fuerant,
741 4735 794 4777 et
828 4725 1254 4795 uniuscujusque
1292 4728 1462 4781 audiit
1515 4730 1737 4798 petitio-

123 4833 254 4872 nes
287 4856 304 4881 ,
332 4830 428 4870 eos
456 4814 672 4886 quidem
701 4853 715 4878 ,
746 4825 802 4868 ut
822 4833 922 4886 par
942 4827 1057 4871 erat
1083 4860 1097 4883 ,
1125 4817 1389 4887 impertiit
1409 4820 1741 4877 benedictio-

120 4912 352 4965 nibus.
382 4907 515 4961 Cum
561 4923 691 4963 vero
731 4911 983 4964 omnibus
1020 4912 1246 4967 dixisset
1285 4915 1448 4968 verba
1519 4931 1637 4985 qum
1686 4916 1739 4970 in

124 5003 400 5056 decessu
424 4999 528 5053 dici
553 5000 764 5054 solent:
790 4998 898 5055 Vos
920 5040 936 5065 ,
965 4998 1162 5071 inquit,
1191 5004 1383 5065 valete,
1406 5004 1529 5071 lilii;
1561 5021 1739 5059 meum

122 5104 357 5148 autem
393 5091 521 5146 hinc
550 5091 835 5147 decessum
864 5110 929 5149 ne
960 5095 1107 5149 luctu
1133 5136 1147 5160 ,
1202 5098 1294 5149 sed
1329 5097 1512 5150 laetitia
1565 5098 1741 5166 potius

119 5183 579 5258 prosequamini
623 5200 637 5250 ;
695 5188 1132 5255 quandoquidem
1174 5188 1326 5243 vobis
1389 5197 1469 5242 est
1520 5204 1743 5258 persua-

117 5293 281 5335 sum
308 5316 325 5339 ,
363 5291 462 5331 nos
497 5278 728 5332 transire
760 5279 827 5330 ad
860 5281 1152 5349 gaudium:
1191 5292 1247 5336 et
1273 5282 1451 5335 videte
1473 5321 1486 5342 ,
1517 5290 1573 5333 ut
1613 5295 1740 5333 cor-

118 5384 255 5445 pus
301 5380 488 5420 meum
521 5370 789 5425 mandetis
819 5370 1116 5440 sepultura:
1160 5374 1213 5425 in
1277 5373 1379 5427 hac
1433 5372 1598 5442 ligura
1627 5410 1641 5434 ,
1685 5372 1736 5424 in

117 5477 260 5535 qua
294 5471 537 5526 egO‘me
583 5477 960 5531 composuero.
1013 5460 1136 5517 Haec
1184 5472 1267 5518 est
1316 5464 1499 5530 enim,
1545 5462 1739 5533 inquit,

214 5647 321 5722 (1)
357 5642 432 5698 De
466 5643 657 5699 divinis
690 5650 1005 5719 nominibus,
1026 5666 1149 5725 cap.
1177 5652 1230 5707 5.

224 5814 285 5846 το
327 5809 485 5866 Joan.
525 5806 738 5876 1111,13.

1841 3252 2005 3308 dedit,
2037 3262 2091 3302 et
2124 3249 2288 3301 Deum
2318 3249 2991 3320 suscepit,convenimus(
3015 3254 3202 3305 aderat
3227 3260 3409 3305 autem

1844 3342 1933 3396 Dei
1964 3355 2177 3410 quoque
2212 3340 2374 3392 lrater
2390 3336 2639 3403 Iacobus,
2670 3349 2723 3393 et
2753 3340 2963 3405 Petrus,
2987 3342 3079 3410 qui
3113 3352 3228 3395 erat
3258 3344 3413 3397 theo-

1838 3436 2080 3504 logorum
2129 3447 2383 3502 suprema
2434 3441 2489 3486 et
2522 3432 2899 3501 antiquissima
2953 3435 3286 3504 summitas),
3328 3436 3412 3490 vi-

1841 3542 2067 3594 sumque
2097 3535 2199 3588 est,
2239 3534 2296 3578 ut
2328 3533 2450 3594 post
2484 3524 2613 3577 illud
2648 3525 3041 3593 spectaculum,
3093 3540 3282 3580 omnes
3326 3542 3412 3583 sa-

1842 3638 2055 3677 crorum
2093 3622 2366 3692 principes
2401 3624 2659 3693 hymnum
2704 3634 2985 3686 canerent,
3017 3632 3071 3677 et
3101 3616 3408 3685 laudarent,

1843 3726 2003 3786 prout
2029 3725 2243 3785 poterat
2272 3716 2660 3785 unusquisque,
2698 3715 2959 3768 infinitam
3002 3716 3295 3769 bonitatem
3327 3716 3415 3769 di-

1843 3811 2084 3862 vinarum
2124 3811 2317 3860 viriuni
2363 3826 2376 3861 :
2411 3819 2529 3876 post
2564 3807 2848 3877 theologus
2891 3807 3000 3874 ille,
3035 3817 3094 3861 ut
3121 3811 3245 3873 scis,
3284 3809 3409 3861 vicit

1840 3916 2029 3957 omnes
2059 3900 2191 3954 alios
2230 3909 2427 3969 mysras
2465 3915 2762 3965 sacrorum,
2799 3910 2855 3954 ut
2907 3902 2996 3969 qui
3043 3903 3199 3967 plane
3256 3918 3412 3956 exce‘

1843 3998 2014 4059 deret,
2048 4004 2101 4048 et
2133 4010 2161 4047 a
2192 4008 2250 4048 se
2288 3993 2509 4048 omnino
2558 3992 2937 4054 abduceretur,
2970 4001 3023 4046 et
3060 3993 3110 4044 in
3158 4010 3218 4047 ea
3253 4009 3411 4064 quam

1843 4088 2055 4159 hymnis
2084 4085 2406 4147 celebrabat,
2425 4085 2727 4138 alliceretur
2748 4084 3000 4139 societate
3027 4092 3082 4139 et
3113 4090 3415 4143 communi—

1841 4181 2074 4244 catione,
2132 4187 2187 4231 et
2235 4177 2301 4231 ab
2334 4177 2606 4239 omnibus,
2666 4194 2693 4230 a
2731 4176 2927 4243 quibus
2987 4178 3307 4233 audiebatur
3361 4193 3416 4235 et

1842 4271 2152 4331 videbatur,
2182 4275 2235 4321 et
2259 4269 2706 4337 cognoscebatur,
2739 4275 2792 4318 et
2825 4281 2933 4318 non
2964 4269 3409 4335 cognoscebatur,

1841 4364 2180 4434 judicaretur
2218 4376 2337 4418 esse
2369 4376 2398 4414 a
2436 4358 2543 4414 Deo
2577 4357 2790 4413 alllatus
2815 4367 2870 4412 et
2914 4357 3131 4414 divinus
3179 4361 3411 4431 scriptor

1850 4457 2194 4527 hymnorum.
2270 4456 2333 4508 Et
2382 4453 2510 4522 quid
2574 4452 2667 4505 tibi
2718 4451 2949 4518 amplius
2989 4450 3217 4503 dixerim
3261 4456 3324 4507 de
3350 4452 3415 4506 iis

1848 4564 1968 4618 quae
2008 4546 2117 4600 illic
2159 4545 2226 4600 de
2261 4542 2367 4597 Deo
2406 4542 2589 4597 divine
2636 4542 2776 4595 dicta
2829 4541 2990 4594 sunt?
3036 4541 3246 4595 Etenim
3306 4545 3408 4598 nisi

1849 4658 1968 4698 sum
2016 4640 2117 4694 mei
2152 4650 2366 4706 quoque
2394 4634 2615 4697 oblitus,
2662 4634 2772 4688 scio
2810 4635 3009 4687 multos
3042 4650 3069 4687 a
3111 4642 3159 4686 te
3195 4636 3411 4690 audisse

1848 4732 2103 4801 quasdam
2132 4737 2310 4796 partes
2338 4727 2547 4781 illorum
2569 4728 2677 4779 Deo
2707 4725 2994 4779 amantium
3025 4727 3403 4795 hymnorumm

1851 4824 1957 4878 Sed
2007 4823 2122 4877 hazc
2178 4821 2397 4891 quidem
2454 4833 2608 4871 sacer
2656 4816 2960 4886 Dionysius.
3022 4816 3187 4871 Nobis
3227 4820 3408 4871 autem

1848 4925 2035 4987 pergat
2068 4914 2240 4969 oratio
2273 4912 2338 4965 ad
2368 4927 2428 4965 ea
2464 4927 2582 4979 qure
2617 4910 2873 4979 deinceps
2919 4921 3237 4977 sequuntur.

1922 5008 2056 5063 XLI.
2093 5008 2224 5061 Cum
2274 5010 2454 5057 autem
2511 5003 2567 5057 in
2626 5004 2811 5057 orbem
2866 5002 3112 5055 sanetum
3179 5002 3409 5071 Virginis

1850 5116 2046 5170 corpus
2106 5096 2591 5150 circumdedissent
2649 5095 3014 5162 apostolorum
3090 5092 3307 5154 Chorus,
3354 5104 3409 5146 ct

1851 5188 2108 5259 quidquid
2139 5196 2255 5241 erat
2284 5187 2515 5241 electum
2572 5201 2637 5240 ex
2702 5186 2830 5238 viris
2879 5194 2934 5238 et
2975 5183 3313 5246 mulieribus,
3354 5194 3407 5237 ct

1853 5285 2067 5354 hymnis
2091 5280 2451 5338 honorabant.
2473 5278 2563 5346 qui
2593 5278 2720 5331 illud
2746 5279 3105 5339 deducebant,
3135 5280 3189 5328 et
3228 5277 3410 5328 omnia

1849 5373 2091 5429 membra
2129 5381 2439 5427 reverenter
2460 5369 2615 5423 simul
2647 5378 2700 5422 et
2725 5378 2970 5423 amanter
3010 5367 3420 5437 amplecteban-

1855 5475 1961 5529 tur,
1978 5476 2085 5516 non
2106 5461 2281 5515 solum
2306 5478 2460 5517 suum
2477 5461 2823 5517 ostendentes
2850 5460 3195 5526 desiderium,
3222 5458 3413 5516 sedvel
