4170 6322
758 405 857 466 559

2000 383 2049 441 Μ
2062 380 2282 442 ENSIS
2326 380 2367 434 Α
2383 374 2754 438 UGUSTUS.

3888 360 3986 424 560

757 532 821 570 ex
877 524 1019 569 tactu
1087 511 1370 567 credentes
1411 508 1691 577 percipere
1752 502 2057 556 utilitatem.
2127 494 2315 560 Fidem
2352 498 2388 551 Α
2422 496 2596 549 fuerat
2631 492 2946 552 sectionem,
2986 496 3038 543 et
3078 500 3196 556 quae
3227 490 3514 552 amputata:
3556 477 3795 542 fuerant,
3828 475 3990 543 pani.

762 621 940 663 autem
968 613 1255 660 consecuta
1296 616 1512 671 quoque
1542 607 1623 652 est
1656 610 1880 665 operum
1905 587 2319 647 demonstratio.

756 698 927 752 Czecis
984 694 1123 750 oculi
1158 692 1629 750 illuminabantur,
1677 685 1857 740 surdis
1904 696 2063 736 aures
2111 678 2321 744 aperie-

758 792 974 849 bantur,
1024 783 1231 839 claudis
1274 784 1433 836 bases
1481 778 1680 848 pedum
1730 771 2217 828 conﬁrmabantur,
2270 775 2325 817 et

756 880 1034 950 quodlibet
1084 879 1395 931 morborum
1431 881 1485 926 et
1526 868 1906 939 a‘gritudinum
1959 876 2132 933 genus
2171 857 2327 912 facile

753 972 1166 1029 dissolvebatur.
1205 968 1314 1022 Cur
1339 980 1445 1019 non
1473 964 1595 1018 dico
1650 974 1771 1029 quae
1811 966 1937 1012 sunt
1966 950 2329 1024 perfectiora?

755 1065 863 1118 Aer
912 1063 1131 1133 quidem
1172 1069 1225 1113 et
1255 1058 1451 1113 coelum
1492 1067 1721 1108 ascensu
1768 1049 1991 1119 spiritus
2030 1042 2329 1099 sanctiﬁca-

760 1156 964 1207 batur:
1022 1160 1163 1205 terra
1223 1156 1405 1202 autem
1473 1143 1718 1197 similiter
1790 1136 2135 1208 depositione
2190 1134 2329 1188 sacri

756 1245 1016 1313 corporis.
1068 1241 1337 1296 Caeterum
1381 1253 1479 1292 nec
1520 1249 1669 1303 aqua:
1702 1234 1919 1304 quidem
1982 1232 2169 1283 natura
2215 1233 2332 1280 erat

758 1351 954 1405 expers
1018 1331 1409 1389 benedictionis
1465 1328 1611 1382 :sed
1665 1326 1781 1393 ipsa
1837 1336 2052 1396 quoque
2115 1319 2331 1371 lavacro

761 1426 1039 1496 purissimi
1096 1423 1338 1494 corporis
1387 1422 1490 1474 fuit
1532 1417 1806 1488 particeps
1865 1409 2331 1467 sanctiﬁcationis.

759 1518 944 1587 Neque
1032 1520 1177 1570 enim
1245 1513 1376 1567 illud
1434 1510 1667 1564 habebat
1726 1521 1862 1576 Opus
1924 1500 2335 1573 purgationibus

761 1610 923 1677 (quis
996 1608 1141 1661 enim
1194 1606 1296 1658 hoc
1365 1602 1588 1664 diceret,
1650 1598 1753 1652 nisi
1802 1604 1997 1651 emotae
2064 1589 2331 1655 mentis?)

761 1702 854 1759 Sed
914 1718 1010 1759 suo
1075 1708 1325 1754 contactu
1396 1696 1577 1765 potius
1638 1689 2013 1746 sanetiﬁcabat
2065 1687 2138 1747 id,
2194 1683 2336 1752 quod

762 1791 1147 1858 altingebatur.
1186 1786 1388 1839 Deinde
1409 1783 1536 1852 quid
1561 1782 1580 1834 ?
1611 1774 2152 1833 Mundissindonibus
2176 1788 2335 1827 mun-

2430 588 2530 640 bus
2584 583 2720 638 ulnis
2754 579 3028 651 applicatis
3082 578 3220 646 (hoc
3266 583 3446 629 autem
3475 567 3988 642 jusseratPctrus),

2432 678 2607 731 statim
2643 682 2932 728 consecuta
2976 679 3059 725 est
3101 683 3360 723 manuum
3411 663 3638 719 curatio.

2503 767 2690 823 XLIII.
2738 764 2872 818 Hinc
2897 762 2962 817 ad
2990 760 3410 815 sacratissimum
3448 753 3739 809 abducitur
3765 750 3993 805 Getbse—

2432 879 2611 927 ntane,
2658 870 2712 914 et
2748 858 2855 911 illic
2901 854 3303 910 sanctissimum
3352 849 3569 919 quidem
3604 860 3806 914 corpus
3852 858 3997 895 man-

2432 956 2591 1008 datur
2625 951 2935 1021 sepulturac.
2972 944 3169 1012 Quidni
3210 943 3373 1004 enim,
3402 956 3525 996 cum
3556 938 3720 993 etiam
3756 935 3854 1005 qui
3888 944 4000 988 erat

2435 1044 2594 1107 Deus,
2643 1043 2759 1111 ejus
2799 1040 2987 1102 Filius,
3040 1051 3190 1090 more
3221 1034 3497 1088 hominum
3529 1029 3812 1099 sepelitur
3849 1027 3873 1079 τ
3906 1025 4002 1079 Per

2435 1145 2607 1205 ipsum
2667 1143 2844 1186 autem
2889 1132 2956 1184 ad
3002 1127 3241 1184 ecelestia
3292 1135 3345 1179 et
3393 1124 3572 1178 divina
3613 1120 4003 1176 transmittitur

2436 1223 2803 1280 tabernacula.
2863 1219 3015 1285 Quod
3076 1218 3306 1272 dicimus
3372 1213 3654 1268 conﬁrmat
3726 1208 4007 1265 Iuvenalis

2435 1319 2646 1371 divinus
2710 1314 3202 1383 Hierosolymorum
3266 1310 3570 1376 episcopus.
3638 1305 3763 1358 Fuit
3825 1314 4007 1357 autem

2436 1412 2525 1469 hic
2570 1410 2649 1462 vir
2679 1417 2921 1465 sanctus,
2960 1415 3014 1457 et
3048 1421 3075 1457 a
3117 1405 3226 1457 Deo
3272 1401 3585 1470 inspiratus,
3628 1399 3717 1466 qui
3763 1396 3838 1451 ab
3871 1398 4007 1448 anti-

2436 1516 2541 1570 qua
2577 1510 2631 1553 et
2668 1514 2791 1551 vera
2843 1496 3127 1549 traditione
3181 1494 3549 1545 narrationem
3601 1491 3795 1542 dicens
3849 1488 3916 1541 ad
3953 1503 4009 1541 se

2438 1594 2514 1648 sic
2556 1591 2719 1645 fuisse
2755 1590 3064 1658 deductam,
3102 1585 3171 1638 ait
3208 1602 3220 1637 :
3258 1582 3410 1647 Quod
3443 1592 3551 1634 tres
3598 1590 3741 1633 totos
3780 1580 3900 1633 dies
3944 1580 4009 1631 ad

2440 1686 2745 1756 sepulcrum
2813 1682 2981 1735 sancti
3034 1684 3447 1749 permanserunt
3496 1674 3747 1741 apostoli,
3799 1673 4012 1726 divinas

2443 1776 2762 1848 hymnodias
2803 1792 2864 1828 ex
2899 1774 3005 1827 alto
3039 1770 3342 1825 audientes.
3393 1768 3592 1833 Deinde
3635 1775 3755 1835 post
3790 1766 4012 1819 tertium

761 1883 889 1936 dum
935 1896 1132 1949 corpus
1177 1877 1499 1937 involutum,
1553 1887 1741 1927 rursus
1798 1872 1853 1924 itt
1904 1871 2044 1923 lecto
2098 1867 2337 1937 ponitur.
2371 1841 2416 1901 Β
2447 1871 2610 1936 diem,
2651 1885 2773 1922 cum
2818 1883 2957 1921 unus
3004 1882 3071 1919 ex
3122 1864 3379 1933 apostolis
3421 1861 3625 1915 tardius
3678 1859 3921 1913 venisset
3948 1857 4013 1911 ad

765 1974 968 2028 Deinde
1020 1985 1143 2027 cum
1197 1968 1434 2024 lucernis
1479 1976 1531 2021 ct
1570 1963 1882 2035 unguentis.
1916 1958 2341 2029 intelligentihus

764 2066 980 2135 quidem
1044 2065 1276 2130 desuper
1319 2058 1668 2116 laudantibus
1706 2051 2017 2113 virtutibus,
2088 2047 2343 2116 apostolis

765 2165 945 2210 autem
992 2161 1047 2208 et
1091 2152 1288 2207 divinis
1344 2149 1593 2204 Patribus
1643 2146 1753 2200 Deo
1793 2144 1952 2214 digna
2002 2141 2211 2196 cantica
2256 2153 2343 2192 ca-

767 2246 1023 2300 nentibus
1078 2244 1264 2298 divina
1322 2256 1444 2295 arca
1502 2254 1566 2293 ex
1620 2236 1748 2290 Sion
1814 2242 1966 2288 vecta
2035 2230 2343 2299 apostolicis

772 2338 1025 2391 manibus
1058 2343 1113 2389 et
1145 2332 1411 2392 humeris,
1461 2332 1526 2383 ad
1558 2329 1927 2381 Gethsemane
1956 2340 2169 2378 sacrum
2204 2337 2341 2391 prm—

770 2432 918 2483 dium
979 2435 1320 2495 exportatur,
1365 2421 1592 2491 angelis,
1642 2428 1701 2472 ut
1742 2428 1824 2471 est
1879 2422 2337 2475 consentaneum,

774 2519 1251 2591 praecurrentibus,
1320 2511 1905 2575 circumcursantibus,
1968 2505 2341 2582 sequentibus,

773 2614 1031 2684 angelicis
1101 2612 1291 2681 pennis
1349 2606 1821 2668 adumbrantibus,
1872 2604 2051 2672 longe,
2096 2602 2340 2670 inquam,

775 2704 1145 2775 SplClldilel‘e
1211 2711 1264 2754 et
1335 2697 1725 2753 venerabiliore
1784 2696 1926 2749 facta
1994 2691 2342 2750 deductione,

775 2808 937 2862 quam
1004 2800 1228 2861 propter
1282 2786 1691 2840 translationem
1749 2781 1948 2835 veteris
2005 2779 2149 2835 illius
2209 2790 2347 2828 arcae

776 2869 1083 2940 testamenti
1143 2879 1377 2942 Domini,
1404 2887 1461 2931 ut
1506 2890 1654 2931 sacra
1705 2880 1927 2926 narrant
1969 2869 2192 2938 Eloquia
2218 2868 2283 2923 τί.

851 2976 1007 3031 XLII.
1048 2974 1259 3029 Accidit
1294 2974 1419 3025 huic.
1468 2969 1708 3038 pulchrae
1748 2977 1800 3020 et
1836 2964 2030 3019 divina:
2080 2962 2151 3015 rei
2189 2975 2348 3031 grave

778 3070 995 3139 quidem
1033 3066 1161 3136 quid
1196 3075 1250 3118 et
1293 3063 1564 3126 odiosum,
1595 3074 1701 3112 non
1754 3068 1933 3110 tamen
1982 3053 2220 3111 silentio,
2254 3051 2347 3103 sed

2450 1962 2757 2029 exsequias,
2797 1959 2878 2013 vel
2914 1958 3057 2025 quod
3112 1956 3185 2009 ita
3235 1954 3566 2020 contigisset,
3602 1952 3686 2004 vel
3736 1951 3881 2021 quod
3935 1951 4019 2003 di-

2446 2056 2629 2108 vinum
2689 2053 2759 2106 ita
2819 2050 3143 2119 providisset
3198 2046 3507 2107 consilium,
3565 2052 3623 2096 ut
3669 2054 3800 2097 nota
3870 2052 4018 2096 esset

2445 2148 2696 2201 omnibus
2756 2143 3037 2198 translatio
3086 2137 3439 2200 admirabilis,
3479 2145 3606 2190 tunc
3652 2147 3708 2190 et
3740 2136 3860 2204 ipse
3890 2137 4017 2203 qui-

2444 2239 2566 2291 dem
2621 2236 2872 2295 accessit,
2923 2242 2995 2298 et,
3029 2242 3086 2285 ut
3135 2242 3216 2286 est
3254 2239 3702 2292 consentaneum,
3759 2242 4018 2297 maguum

2447 2346 2511 2383 ex
2540 2344 2606 2383 eo
2656 2326 2801 2395 cepit
2842 2327 3107 2388 dolorem,
3165 2324 3310 2392 quod
3367 2322 3499 2375 tanti
3556 2324 3680 2375 boni
3725 2322 4021 2374 mansisset

2446 2435 2658 2489 expers,
2690 2419 2850 2486 idque
2881 2416 3103 2471 omnino
3154 2416 3381 2469 tolerare
3414 2428 3521 2466 non
3571 2423 3807 2481 poterat.
3855 2412 4022 2468 Sacer

2446 2514 2626 2581 itaque
2664 2512 2797 2565 ordo
2838 2510 3200 2579 apostolorum
3232 2523 3339 2560 non
3364 2506 3566 2575 justum
3597 2520 3719 2559 esse
3742 2505 4023 2574 judicans.

2448 2613 2506 2657 ttt
2553 2604 2667 2672 ipse
2699 2616 2915 2670 quoque
2958 2599 3229 2655 \‘iviﬁcum
3264 2598 3392 2651 illtttl
3425 2613 3620 2665 corpus
3658 2613 3765 2648 non
3812 2596 4025 2650 videret

2447 2704 2500 2750 et
2533 2694 2971 2763 amplecteretur,
3023 2691 3178 2759 jubet
3211 2691 3393 2742 statim
3433 2688 3630 2757 aperiri
3683 2689 4021 2755 sepulcrum.

2448 2789 2515 2842 Et
2561 2787 2690 2843 illud
2739 2786 2956 2855 quidem
3002 2785 3104 2839 fuit
3157 2792 3440 2853 apertum;
3498 2782 3787 2835 thesaurus
3840 2791 4019 2833 autem

2449 2895 2787 2949 nequaquam
2845 2887 2963 2931 erat
3006 2876 3059 2930 in
3122 2893 3185 2929 eo
3225 2894 3236 2927 :
3276 2876 3369 2931 sed
3423 2875 3550 2928 sola:
3610 2883 3771 2927 erant
3820 2883 4026 2933 vestes,

2453 2974 2503 3025 in
2555 2972 2751 3040 quibus
2782 2971 2955 3023 fuerat
2984 2970 3253 3027 conditus.
3279 2969 3550 3035 quomodo
3592 2969 3755 3028 etiam
3800 2967 3857 3017 in
3909 2968 4027 3036 ejus

2453 3063 2568 3116 Filii
2604 3061 3021 3115 resurrectione.
3053 3060 3199 3125 Quas
3248 3073 3369 3110 eum
3446 3056 3558 3125 ipse
3610 3058 3763 3109 esset
3826 3055 4032 3123 ample-

783 3164 1053 3217 memoria:
1124 3160 1439 3213 mandatum
1504 3166 1557 3208 ct
1607 3156 1671 3207 ad
1734 3152 1954 3221 gloriam
2017 3149 2232 3217 quidem
2299 3156 2349 3199 et

2455 3170 2595 3215 xus,
2650 3163 2703 3206 et
2744 3156 2834 3220 qui
2892 3167 3013 3205 cum
3081 3166 3146 3204 co
3194 3150 3436 3208 aderant.
3499 3157 3553 3203 et
3613 3149 3806 3213 repleti
3849 3158 4032 3201 essent

784 3257 994 3310 laudem
1030 3255 1261 3324 piorum,
1294 3250 1529 3305 dedecus
1587 3256 1766 3301 autem
1818 3241 2208 3313 improborum,
2262 3239 2351 3305 qui

782 3345 1115 3400 inﬁdelitatis
1168 3344 1366 3397 malum
1429 3354 1641 3408 semper
1708 3342 2003 3390 sectantur.
2061 3331 2357 3387 Cum'boe

784 3454 996 3493 sacrum
1059 3446 1113 3492 et
1179 3435 1514 3506 impollutum
1589 3444 1786 3497 corpus
1866 3427 1919 3477 in
1996 3423 2357 3476 Gethsemane

782 3530 1084 3593 eﬁ‘erretur,
1128 3527 1217 3580 ubi
1253 3524 1503 3593 sepulcro
1535 3520 1671 3573 tradi
1712 3516 1941 3585 Deipara
1990 3514 2102 3581 ipsa
2150 3526 2358 3580 praece-

785 3631 956 3690 perat,
989 3620 1208 3682 Iudaeis,
1247 3616 1339 3687 qui
1371 3629 1584 3684 semper
1632 3611 1854 3666 fuerunt
1894 3607 2087 3676 repleti
2124 3605 2349 3667 invidia,

782 3729 850 3766 ne
882 3714 935 3766 in
978 3713 1081 3766 hoc
1114 3708 1331 3780 quidem
1381 3703 1653 3759 succurrit
1707 3712 1909 3759 tacere,
1946 3700 2038 3752 sed
2090 3696 2155 3748 ad
2217 3695 2355 3762 ejus,

783 3803 926 3871 quod
962 3801 1143 3865 ﬁebat,
1177 3798 1523 3868 splendorem
1570 3792 1822 3847 claudere
1857 3790 2062 3853 oculos,
2096 3797 2151 3841 et
2182 3787 2245 3840 ad
2279 3785 2356 3839 eis

787 3894 1033 3945 innatum
1088 3899 1292 3943 metuat
1342 3887 1506 3940 animi
1552 3898 1858 3953 erumpere.
1902 3881 2003 3947 Qui
2060 3887 2177 3933 erat
2231 3877 2359 3947 ergo

790 3981 909 4036 aliis
936 3980 1177 4035 insanior
1210 3988 1265 4033 et
1315 3975 1701 4046 impudentior.
1737 3973 1781 4025 is
1826 3987 1947 4024 cum
1988 3970 2358 4023 venerandum

788 4082 1099 4141 portaretur
1157 4069 1462 4139 grabatum,
1499 4064 1553 4118 in
1590 4065 1641 4119 id
1676 4062 1833 4117 irruit
1884 4061 2075 4129 plenus
2121 4060 2361 4113 inconsi-

787 4166 972 4219 derato
1002 4165 1207 4233 impetu
1251 4171 1304 4216 et
1336 4160 1540 4214 furore.
1591 4158 1720 4228 Ejus
1760 4164 1942 4209 autem
1988 4168 2186 4224 seopus
2221 4159 2359 4214 erat,

791 4261 937 4312 hunc
995 4273 1209 4311 sacrum
1264 4256 1463 4308 lectum
1503 4255 1556 4304 in
1604 4261 1801 4305 terram
1859 4248 2101 4311 allidere,
2151 4255 2204 4300 et
2266 4246 2360 4299 tali

789 4344 1003 4403 aﬂleere
1059 4348 1278 4416 injuria,
1320 4343 1500 4413 utqui
1559 4348 1702 4396 esset
1740 4340 1821 4392 vir
1878 4337 2071 4409 insigni
2117 4337 2363 4392 audacia.

792 4439 909 4494 Non
956 4438 1192 4509 neglexit
1236 4447 1417 4490 autem
1480 4435 1659 4489 divina
1712 4432 1924 4502 justitia
1969 4447 1986 4486 :
2025 4430 2121 4484 sed
2174 4446 2364 4483 manus

791 4548 911 4600 qua:
956 4530 1236 4603 grabatum
1276 4525 1766 4596 apprehenderant,
1814 4540 1878 4577 ex
1918 4522 2060 4577 ulnis
2113 4521 2363 4590 protinus

792 4626 1013 4677 fuerunt
1068 4620 1346 4676 abscissae.
1406 4618 1607 4673 Verum
1669 4630 1788 4683 quce
1829 4615 1884 4667 in
1937 4621 2092 4684 partu
2167 4613 2362 4682 gaudio

793 4724 965 4769 totum
1001 4714 1188 4765 orbem
1237 4720 1505 4763 terrarum
1557 4706 1878 4777 repleverat,
1934 4721 2043 4758 non
2100 4714 2215 4757 erat
2271 4703 2362 4758 ulli

794 4807 1017 4860 omnino
1046 4805 1101 4857 in
1148 4812 1325 4855 morte
1378 4802 1557 4855 futura
1589 4815 1751 4854 causa
1805 4796 2084 4852 molestiae.
2120 4796 2363 4863 Cumque

795 4899 885 4965 qui
924 4911 1115 4967 passus
1173 4895 1371 4954 fuerat,
1438 4901 1581 4944 esset
1642 4890 1862 4959 quidem
1913 4887 2210 4957 improbus.
2259 4901 2365 4938 non

798 5001 977 5040 tamen
1023 4987 1245 5039 omnino
1281 4984 1397 5052 ejus
1448 4980 1769 5050 improbitas
1829 4979 2103 5032 videretur
2154 4977 2369 5030 insana-

800 5074 943 5133 bilis.
992 5088 1055 5125 ex
1093 5074 1178 5127 his
1227 5088 1345 5141 qua:
1390 5080 1502 5125 erat
1537 5067 1975 5138 passns,justam
2024 5082 2210 5119 eorum
2250 5079 2369 5133 quae

801 5167 942 5221 male
1011 5173 1275 5225 senserat,
1340 5162 1492 5231 petiit
1555 5160 1952 5229 pwttitentiam.
2017 5156 2080 5209 Et
2113 5158 2367 5221 quoniam

802 5244 1021 5308 carebat
1076 5250 1345 5313 manibus,
1406 5265 1508 5303 nec
1551 5263 1642 5301 eas
1688 5254 1897 5314 poterat
1941 5245 2003 5299 ad
2048 5260 2234 5314 preces
2277 5262 2370 5299 ex-

807 5346 1046 5403 tendere,
1103 5341 1301 5397 emittit
1350 5341 1611 5410 lacrymas
1654 5354 1721 5391 ex
1768 5338 1959 5400 oculis,
2008 5348 2061 5390 et
2108 5337 2184 5391 sic
2244 5336 2374 5405 petit

806 5432 1162 5489 curationem.
1215 5427 1561 5496 Disciplinam
1628 5438 1832 5489 autem,
1894 5426 2033 5489 vide,
2105 5426 2265 5478 simul
2320 5434 2373 5479 et

807 5524 1245 5577 medicationem.
1291 5520 1481 5573 Statim
1529 5516 1673 5571 enim
1710 5520 1743 5571 ii
1778 5516 2017 5587 quidem,
2052 5519 2139 5585 qui
2176 5518 2373 5572 lectum

810 5614 1076 5679 ferebant,
1118 5612 1517 5677 constiterunt;
1548 5610 1758 5664 accedit
1800 5608 2004 5660 vernis
2049 5610 2138 5676 qui
2185 5617 2376 5679 paSSus

887 5796 925 5826 “
958 5793 998 5848 Il
1034 5793 1159 5861 Reg.
1193 5787 1309 5856 νηί
1346 5802 1471 5857 seqq
1525 5802 1538 5852 ;
1578 5784 1639 5838 Ill
1674 5785 1798 5856 Reg.
1829 5799 1937 5849 vut,
1969 5784 1997 5837 Α
2032 5800 2183 5852 seqq.

2457 3248 2817 3317 inexplicabili
2849 3248 3013 3301 odore
3061 3246 3339 3312 et'gratia,
3387 3259 3575 3293 rursus
3614 3243 3838 3307 quidem
3883 3244 4030 3294 elau—

2457 3340 2592 3392 dunt
2640 3339 2970 3404 sepulcrum.
3008 3335 3320 3387 MiraCqum
3371 3341 3550 3384 autem
3610 3334 3849 3399 posteris
3900 3331 4034 3383 ﬁlius

2458 3450 2486 3485 a
2527 3442 2678 3500 patre
2730 3429 3005 3497 accipiens
3058 3427 3316 3495 deinceps
3365 3425 3562 3488 tradit;
3609 3432 3777 3491 atque
3840 3424 4034 3476 viviﬁci

2458 3522 2677 3591 quidem
2735 3519 2978 3589 corporis
3040 3519 3239 3572 divina:
3295 3515 3585 3584 sepultura:
3636 3515 3709 3567 ita
3766 3528 3827 3567 se
3878 3513 4035 3568 habet

2440 3612 2721 3666 enarratio.
2756 3610 3035 3679 Siquidem
3069 3609 3209 3677 quod
3244 3624 3306 3660 ex
3344 3623 3406 3660 ea
3447 3616 3632 3659 natum
3680 3614 3823 3666 erat,
3875 3613 4036 3659 totam

2461 3718 2579 3756 eam
2633 3702 2868 3755 Verbum
2899 3703 2963 3753 ad
3001 3716 3058 3753 se
3094 3699 3389 3757 transtulit,
3436 3708 3489 3749 et
3526 3697 3692 3748 voluit
3727 3712 3853 3746 eam
3903 3694 4038 3762 apud

2462 3810 2518 3850 se
2548 3804 2602 3848 et
2636 3809 2775 3855 esse.
2815 3802 2868 3846 et
2905 3800 3165 3861 perpetuo
3205 3789 3365 3845 simul
3400 3788 3604 3841 vivere.
3642 3786 3856 3840 Verum
3893 3786 4035 3839 enim

2461 3900 2591 3941 vero
2652 3900 2749 3954 pro
2800 3883 2918 3950 ejus
2972 3882 3252 3952 impolluto
3302 3894 3527 3948 corpore
3594 3893 3752 3932 suam
3811 3887 4040 3937 vestem,

2464 3975 2592 4030 boni
2664 3974 2832 4029 nostri
2903 3988 3150 4042 magnam
3204 3986 3418 4037 semper
3474 3970 3683 4023 ducens
3747 3968 4042 4026 rationem.

2463 4069 2629 4123 veluti
2688 4066 2975 4137 quamdam
3024 4065 3115 4119 dat
3164 4063 3292 4117 huic
3365 4060 3568 4116 civitati
3637 4060 4043 4114 haereditacem.

2466 4158 2925 4223 Quemadmodum
2991 4164 3173 4208 autem
3224 4154 3326 4206 hoc
3396 4153 3597 4205 laetum
3647 4150 3743 4210 sit.
3794 4160 3853 4206 et
3915 4166 4045 4219 (μου

2470 4247 2627 4301 modo
2688 4246 2907 4298 beatum
2977 4243 3108 4296 illud
3180 4244 3383 4295 donum
3436 4240 3500 4293 ad
3550 4255 3653 4293 nos
3709 4240 3958 4302 venerit,
3998 4249 4048 4291 et

2468 4346 2817 4395 Sarrosancto
2864 4335 2966 4389 hoc
3008 4334 3267 4389 thesauro
3309 4331 3475 4387 ditata
3528 4332 3599 4385 sit
3652 4330 4048 4386 Constantino-

2470 4434 2625 4501 polis,
2671 4433 2779 4497 jam
2834 4428 3128 4484 declarabit
3163 4428 3361 4481 oratio.

2540 4522 2724 4578 XLIV.
2785 4522 2891 4575 Leo
2922 4521 3010 4574 ille
3061 4534 3309 4586 magnus,
3350 4518 3439 4585 qui
3476 4516 3565 4572 illo
3598 4512 3853 4585 tempore
3906 4517 4046 4585 opti-

2471 4627 2557 4666 me
2586 4611 2952 4662 Romanorum
2986 4604 3398 4660 administrabat
3428 4604 3741 4673 imperium,
3774 4604 3923 4659 duos
3953 4604 4048 4657 sub

2472 4720 2528 4758 se
2574 4702 2823 4765 habebat,
2856 4700 2948 4769 qui
2998 4714 3182 4753 curam
3251 4697 3510 4764 gerebant
3554 4694 3834 4745 exercitus
3870 4709 3884 4743 :
3916 4710 4047 4759 quo-

2473 4811 2590 4846 rutn
2625 4792 2717 4845 uni
2750 4790 2967 4858 quidem
3003 4794 3119 4840 erat
3150 4799 3348 4837 nomen
3378 4782 3619 4847 Galbius,
3651 4781 3813 4837 alteri
3864 4790 4047 4836 autem

2475 4884 2771 4944 Candidus,
2834 4880 3029 4934 fratres
3085 4893 3300 4946 genere,
3349 4876 3543 4930 fratres
3601 4876 3831 4936 virtute,
3895 4886 3951 4929 et
3997 4888 4049 4928 ut

2476 4976 2646 5032 semel
2693 4975 2888 5032 dicam.
2926 4974 2979 5025 in
3033 4970 3257 5035 cwteris
3292 4968 3511 5037 quidem
3578 4966 3735 5021 valde
3805 4968 4049 5037 insignes

2476 5080 2531 5123 et
2570 5068 2754 5138 paucis
2799 5065 3003 5121 similes
3050 5081 3063 5117 :
3110 5063 3205 5117 sed
3260 5076 3428 5115 unum
3490 5060 3570 5114 eis
3616 5060 3830 5122 deerat,
3890 5061 4049 5128 idque

2478 5160 2791 5213 maximum.
2852 5154 3129 5223 Siquidem
3182 5167 3291 5207 non
3326 5159 3529 5206 rectam
3598 5151 3807 5205 habere
3862 5148 4049 5213 ﬁdem,

2477 5262 2560 5305 est
2617 5250 2864 5304 laborare
2919 5247 2971 5299 in
3037 5244 3202 5299 rebus
3277 5243 3529 5299 maximis
3591 5252 3651 5294 et
3725 5241 4046 5311 praecipuis;

2477 5332 2688 5394 Arianae
2735 5336 2876 5390 enim
2912 5338 3078 5405 pestis
3111 5344 3268 5390 erant
3316 5332 3627 5401 participes,
3681 5345 3809 5385 cum
3859 5348 3932 5387 ex
3962 5348 4050 5401 pa-

2478 5440 2629 5485 terna
2674 5430 2810 5483 forte
2850 5427 3132 5480 traditione
3170 5423 3370 5477 malum
3419 5423 3539 5484 hoc,
3594 5428 3859 5492 tanquam
3900 5436 4043 5491 quae-

2477 5523 2597 5576 dam
2657 5520 2941 5575 batreditas
2992 5518 3057 5572 ad
3098 5531 3193 5570 eos
3235 5514 3488 5568 venisset.
3527 5513 3865 5569 Dieebantur
3910 5514 4047 5567 enim

2480 5611 2644 5667 fuisse
2700 5610 2930 5682 proximi
2989 5621 3186 5678 genere
3236 5604 3535 5660 Ardaburio
3587 5614 3639 5659 et
3697 5604 3919 5675 Aspari,
3963 5600 4044 5671 qui
