4170 6322
170 366 263 430 561

1224 370 1515 432 ORATIO
1558 370 1656 429 DE
1698 369 1983 429 SANCTA
2028 365 2299 427 MARIA.

3277 352 3386 414 562

171 481 274 533 illis
336 480 669 549 temporibus
718 482 770 534 in
827 480 971 553 regia
1024 483 1306 538 obtinuere
1347 483 1683 555 tyrannidem
1722 501 1733 535 :
1772 493 1810 543 Α
1845 488 2061 552 propter:
2099 480 2151 533 id
2200 480 2397 541 solum,
2447 476 2587 545 quod
2632 474 2684 529 in
2721 488 2784 529 ea
2821 472 3039 534 latebat,
3074 469 3269 525 domus
3307 468 3405 521 ad—

169 586 302 638 quos
366 586 487 625 cum
537 572 665 626 Ario
721 573 981 637 sensisse,
1032 582 1218 642 aperte
1275 575 1449 645 arguit
1510 575 1729 629 veritas.

176 661 363 715 Verum
439 664 583 715 enim
658 679 787 717 vero
843 663 1090 719 Galbiqu
1148 674 1203 719 et
1250 664 1578 729 Candidum,
1641 665 1732 733 qui

170 751 369 821 alioqui
419 768 478 806 se
530 764 673 807 recte
724 755 1000 823 gerebant,
1036 763 1091 809 et
1125 754 1235 809 Deo
1283 755 1588 824 placebant,
1624 772 1732 809 non

171 842 298 895 sivit
353 842 533 895 divina
598 844 766 912 gratia
828 859 933 898 non
990 859 1109 898 esse
1177 845 1506 899 illuminatos
1556 846 1608 898 in
1671 862 1735 901 co

173 931 314 999 quod
368 940 451 985 est
514 934 840 1001 praecipuum
903 934 1089 988 salutis
1125 953 1138 988 :
1176 937 1269 989 sed
1310 951 1404 990 eos
1447 937 1514 990 ab
1555 951 1736 990 errore

172 1023 399 1077 traducit
426 1025 494 1078 ad
530 1025 829 1089 veritatem,
861 1026 996 1080 adeo
1023 1036 1334 1081 constanter
1364 1039 1417 1083 et
1447 1030 1727 1096 stabiliter,

176 1119 233 1161 ut
285 1126 391 1164 non
449 1112 620 1166 solum
672 1122 814 1166 recte
848 1128 905 1167 se
942 1115 1220 1182 haberent,
1273 1126 1327 1169 et
1378 1118 1474 1169 tuti
1529 1126 1732 1181 essent,

170 1201 313 1269 quod
377 1203 569 1256 attinet
598 1203 662 1256 ad
695 1204 943 1270 pietatem
985 1225 997 1259 :
1047 1207 1139 1259 sed
1191 1207 1352 1260 etiam
1393 1208 1546 1270 alios.
1600 1226 1736 1279 quos

176 1302 403 1346 nossent
433 1307 540 1345 non
590 1301 737 1352 recto
785 1296 918 1360 pede
960 1297 1162 1366 ingredi
1191 1297 1258 1351 ad
1288 1300 1587 1365 veritatem,
1623 1311 1737 1355 stu-

170 1386 363 1438 derent
402 1400 499 1453 pro
542 1385 744 1440 viribus
776 1386 1009 1449 efﬁcere,
1053 1398 1109 1442 ut
1143 1390 1383 1457 ejusdem
1431 1400 1610 1447 essent
1650 1409 1737 1448 se-

171 1490 296 1528 cum
352 1477 657 1531 sententiae.
693 1478 730 1532 li
766 1493 885 1532 cum
923 1481 1013 1550 pie
1064 1493 1248 1536 essent
1297 1482 1492 1549 affecti,
1544 1501 1738 1555 magno

169 1582 386 1634 quoque
422 1577 473 1622 et
508 1570 722 1624 excelso
772 1572 953 1632 animo
1000 1589 1058 1628 se
1104 1575 1308 1630 dedunt
1362 1578 1739 1633 misericordia:

172 1660 495 1713 exercenda:
536 1661 588 1713 in
630 1678 911 1731 pauperes,
951 1665 1123 1733 utqui
1161 1682 1256 1734 pro
1291 1670 1559 1739 agnitione
1592 1672 1737 1726 veri-

175 1747 300 1802 tatis
332 1759 639 1821 satagerent
672 1752 886 1807 Christo
921 1755 1142 1809 reddere
1172 1757 1392 1825 gratias.
1422 1760 1734 1814 Castissima

1844 570 2107 624 mirabilis
2140 587 2153 620 :
2186 568 2385 637 alioqui
2418 572 2597 620 autem
2628 564 2760 618 nihil
2796 562 3025 617 habebat
3081 558 3280 629 magni,
3309 555 3402 611 sed

1843 668 1956 712 erat
1991 659 2149 727 plane
2182 657 2303 711 vilis
2347 662 2401 713 et
2431 656 2657 723 abjecta.
2689 653 2822 708 Cum
2853 668 2942 707 eos
2977 660 3161 705 autem
3192 657 3406 717 tempus

1845 756 2061 804 vocaret
2094 749 2158 802 ad
2193 763 2428 812 comam,
2468 746 2557 800 ubi
2597 746 2998 806 accubuissent,
3035 742 3220 795 vident
3265 739 3404 793 inte-

1843 847 1954 898 rius
1988 845 2145 898 aliam
2179 842 2556 898 domunculam
2594 860 2605 894 :
2636 855 2754 910 qua:
2784 840 2954 893 multo
2981 837 3194 908 quidem
3225 836 3403 888 lucer-

1843 951 2034 989 narum
2066 934 2267 989 lumine
2289 932 2679 994 illustrabatur,
2712 930 2891 984 multis
2916 946 3042 983 vero
3067 925 3331 983 sumtibus
3353 932 3404 976 et

1845 1027 2134 1098 unguentis
2171 1040 2332 1080 suave
2362 1024 2602 1093 spirabat
2636 1039 2650 1076 :
2679 1022 2731 1075 in
2765 1036 2825 1076 ea
2867 1028 3044 1075 autem
3088 1016 3241 1073 sitam
3288 1031 3404 1069 ma-

1845 1135 2004 1189 gnam
2038 1126 2362 1187 aegrotorum
2404 1115 2823 1170 multitudinem.
2881 1112 2958 1166 Ex
3006 1125 3111 1181 quo
3164 1108 3404 1164 divinum

1843 1210 2061 1280 quidem
2092 1209 2363 1279 quippiam
2398 1206 2807 1278 suspicabantur
2839 1219 2959 1258 esse
2990 1216 3045 1257 et
3076 1198 3403 1264 venerabile,

1848 1302 1924 1357 rei
1959 1311 2137 1356 tamen
2169 1301 2448 1355 veritatem
2489 1300 2710 1353 omnino
2749 1294 3051 1365 excogitare
3097 1307 3205 1345 non
3254 1301 3407 1359 pote-

1850 1403 1992 1446 rant.
2045 1391 2274 1446 lnvitant
2305 1392 2487 1454 itaque
2517 1390 2580 1444 ad
2611 1386 2918 1443 convivium
2946 1383 3210 1455 egregiam
3260 1382 3406 1436 illam

1846 1484 2134 1547 aniculam,
2162 1482 2444 1551 cupientes
2482 1496 2549 1532 ex
2591 1494 2654 1534 ea
2682 1476 2879 1547 aliquid
2921 1476 3060 1530 scire
3086 1476 3224 1545 ejus,
3260 1472 3403 1542 quod

1850 1574 2267 1639 desiderabant;
2314 1572 2401 1625 illa
2438 1581 2616 1625 autem
2664 1570 2766 1623 hoc
2827 1568 3133 1628 recusabat,
3178 1579 3408 1619 causans

1847 1666 2177 1736 religionem,
2204 1673 2257 1720 et
2285 1664 2429 1734 quod
2460 1677 2567 1717 non
2600 1660 2678 1715 fas
2707 1660 2776 1715 sit
2808 1660 2878 1726 ei,
2910 1674 3030 1715 cum
3064 1658 3136 1714 sit
3161 1658 3407 1728 Hebraea,

1846 1758 1987 1810 vesci
2016 1772 2138 1812 cum
2168 1754 2512 1811 Christianis.
2548 1753 2629 1807 Illi
2662 1766 2815 1817 vero,
2869 1767 2991 1806 cum
3030 1760 3250 1821 propter
3300 1763 3417 1802 ma-

172 1853 303 1907 crgo
353 1838 519 1894 Mater
568 1842 711 1897 illius
766 1845 943 1912 magni
984 1845 1077 1898 Dei
1109 1855 1164 1899 et
1197 1846 1487 1904 Salvatoris
1548 1856 1739 1918 nostri,
1769 1836 2001 1916 Bgnam
2029 1847 2174 1901 sitim
2206 1845 2530 1917 cegnitionis
2560 1844 2697 1913 ejus,
2731 1842 2873 1908 quod
2896 1850 3013 1895 erat
3043 1840 3405 1910 propositum.

174 1940 580 1985 sacrosanctum
662 1932 993 1999 thesaurum,
1050 1952 1245 2007 nempe
1296 1954 1446 1993 suam
1515 1953 1739 2008 vestem,

172 2019 366 2073 volens
418 2034 529 2073 sum
557 2019 733 2090 largiri
768 2022 993 2087 civitati,
1032 2037 1087 2079 ut
1120 2026 1223 2083 hoc
1254 2029 1361 2091 fiat,
1397 2046 1492 2097 per
1520 2032 1742 2086 dilectos

172 2108 298 2161 illos
333 2109 475 2161 viros
526 2109 772 2176 providet
810 2115 1051 2182 quodam
1109 2118 1269 2173 modo
1306 2118 1591 2175 diviniore.
1628 2124 1743 2177 Mo-

167 2196 276 2249 dus
310 2206 486 2251 autem
519 2200 589 2253 ita
625 2200 783 2257 liabet.
814 2220 825 2256 :

245 2286 403 2343 XLV.
439 2289 687 2347 Immittit
736 2297 815 2351 eis
871 2298 1195 2356 desiderium
1251 2306 1510 2364 adorandi
1552 2320 1741 2365 cancta

172 2380 293 2435 loca
332 2395 449 2450 qua:
479 2395 606 2442 sunt
661 2386 1059 2459 Hierosolymis.
1097 2393 1246 2458 Quod
1281 2398 1435 2465 plane
1463 2411 1517 2454 et
1546 2400 1613 2455 ab
1638 2376 1743 2458 illis

172 2469 377 2523 factum
419 2482 517 2526 est.
550 2476 794 2544 Cumque
827 2477 992 2533 Leoni
1026 2491 1080 2535 et
1114 2483 1323 2541 Veriute
1356 2504 1468 2542 rem
1500 2494 1743 2558 aperuis-

168 2570 320 2627 sent,
356 2564 668 2621 comitatum
714 2584 822 2623 non
874 2572 1126 2643 exiguum
1161 2591 1349 2631 eorum
1402 2579 1741 2639 familiarium

169 2665 227 2709 et
263 2654 560 2711 amicorum
606 2676 790 2715 secum
838 2665 1199 2722 adduxerunt.
1236 2670 1369 2724 Cum
1421 2684 1598 2729 autem
1643 2679 1759 2731 iter.

171 2746 411 2816 ingressi
442 2760 641 2815 essent,
674 2762 727 2805 ct
753 2752 862 2822 jam
897 2757 1169 2812 venissent
1193 2760 1551 2831 Palaestinam,
1582 2768 1739 2833 viam,

168 2852 299 2905 qua:
333 2838 480 2892 ducit
516 2839 569 2893 in
601 2841 894 2902 Galilaeam.
930 2847 1222 2914 praeferunt
1276 2854 1579 2919 maritimm,
1620 2859 1741 2926 plu-

170 2930 251 2980 ris
299 2927 562 2985 facientes
597 2938 950 3003 contemplari
993 2940 1257 2997 Nazareth
1300 2956 1355 2999 et
1383 2947 1739 3016 Capernaum,

170 3036 345 3088 quam
407 3024 692 3079 maritimis
747 3030 850 3082 frui
901 3016 1372 3092 delectationibus.
1425 3041 1498 3093 Ex
1550 3043 1745 3111 quibus

1846 1938 1975 1992 nihil
2028 1937 2095 1993 de
2160 1952 2431 2007 propenso
2479 1950 2577 1989 suo
2640 1934 2819 1989 studio
2872 1934 3230 1994 remitterent,
3289 1944 3409 1984 eam

1845 2032 2022 2087 adhuc
2084 2030 2315 2084 invitant
2385 2029 2683 2091 ardentius,
2721 2037 2775 2080 ct
2828 2026 2970 2079 illius
3017 2041 3121 2079 nou
3180 2025 3403 2094 parendi

1843 2122 2151 2191 pertinacia:
2192 2120 2451 2190 objiciunt
2484 2118 2628 2173 aliud
2662 2118 2914 2171 validius:
2950 2115 3111 2181 Quid,
3142 2116 3407 2178 dicentes,

1843 2215 2044 2274 obstat,
2094 2214 2138 2268 si
2185 2228 2309 2267 cum
2361 2220 2415 2265 tu
2472 2210 2746 2279 acceperis
2804 2209 2973 2269 cibos,
3043 2206 3239 2274 quibus
3312 2221 3408 2275 pro

1844 2322 1996 2361 more
2027 2305 2286 2370 vesceris,
2326 2304 2607 2358 nobiscum
2652 2301 2867 2370 quidem
2900 2299 3246 2367 colloquaris,
3293 2299 3404 2352 sola

1845 2410 2021 2453 autem
2056 2397 2160 2451 tuis
2189 2396 2456 2450 alimentis
2502 2393 2712 2448 utaris?
2764 2390 2856 2446 liis
2892 2392 3072 2459 itaque
3105 2400 3255 2460 paret
3291 2405 3410 2443 mu-

1844 2492 1963 2551 lier,
2014 2500 2063 2544 et
2097 2488 2462 2559 congreditur.

1914 2580 2120 2637 XLVll.
2152 2581 2435 2649 Postquam
2476 2589 2657 2634 autem
2688 2578 3071 2641 comedissent,
3112 2578 3251 2647 apud
3290 2592 3408 2631 eam

1847 2672 1943 2726 viri
1994 2672 2069 2726 illi
2108 2672 2358 2741 precibus
2402 2680 2648 2740 egerunt,
2677 2678 2735 2722 ut
2759 2670 2835 2724 eis
2869 2670 2921 2722 id
2951 2668 3253 2740 signiﬁcare
3301 2682 3406 2723 non

1844 2773 2141 2825 recusaret,
2185 2779 2429 2833 quzenam
2473 2773 2655 2816 essent
2701 2779 2762 2815 ea
2813 2778 2929 2831 qua:
2980 2762 3177 2815 liebant
3221 2762 3271 2814 in
3310 2762 3409 2815 do-

1846 2872 1934 2915 mo
1967 2855 2229 2911 interiori.
2284 2855 2676 2909 Existimabam
2706 2853 2849 2907 enim
2880 2868 2999 2907 esse
3032 2852 3233 2923 aliquid
3263 2854 3408 2923 lega-

1847 2949 1915 3013 le,
1960 2958 2013 3004 ct
2061 2964 2126 3003 ex
2169 2947 2547 3002 umbratilibus
2589 2946 2692 2999 illis
2735 2955 2786 2999 et
2824 2946 3114 2998 veteribus.
3174 2944 3266 2998 llla
3308 2960 3407 2998 au-

1848 3050 1953 3093 tem
2005 3053 2066 3092 ea
2123 3038 2339 3108 quidem
2374 3038 2525 3101 dicit,
2564 3054 2682 3107 qu.e
2728 3036 2921 3092 fiebant
2954 3053 2967 3089 :
3003 3052 3217 3090 causam
3261 3050 3408 3098 vero,

164 3115 264 3170 illa
330 3116 548 3186 quidem
607 3116 708 3173 fuit
770 3135 980 3175 sacrum
1060 3123 1300 3195 Deipara:
1354 3130 1738 3191 habitaculum,
1771 3172 1812 3226 c
1847 3133 2196 3201 quamobrem
2241 3145 2304 3185 ea
2355 3132 2587 3195 fierent,
2638 3128 2860 3183 minime
2929 3129 3284 3198 persuadetur
3351 3136 3409 3183 ut

162 3217 220 3264 et
258 3208 315 3261 in
355 3224 416 3263 ea
446 3211 615 3268 multo
649 3220 886 3281 tempore
919 3215 1049 3272 vidit
1084 3215 1248 3270 Deum
1302 3218 1535 3273 Verbum
1581 3236 1645 3274 ex
1684 3239 1741 3276 se

161 3300 457 3369 genitum;
494 3302 606 3357 haec
668 3313 849 3360 autem
893 3308 1007 3377 ejus
1051 3308 1141 3363 filii
1185 3311 1405 3365 charum
1435 3322 1741 3371 etconsuc-

163 3403 292 3446 tum
325 3395 707 3450 diverSorium.
757 3397 891 3453 Cum
944 3400 1029 3455 hic
1065 3418 1191 3472 ergo
1228 3403 1474 3468 fuissent,
1514 3418 1568 3460 ut
1605 3408 1738 3460 dixi-

158 3498 318 3544 mus,
350 3487 603 3551 quoniam
644 3503 747 3539 non
783 3492 1131 3557 permittebat
1166 3505 1373 3563 tempus
1427 3508 1483 3548 ut
1519 3498 1741 3554 ulterius

160 3577 634 3645 progrederemur
665 3579 801 3652 (jam
862 3581 1005 3635 enim
1054 3594 1170 3639 erat
1225 3601 1469 3655 ve5pcra,
1528 3596 1582 3642 et
1634 3607 1741 3642 nox

159 3670 445 3734 obscura;
508 3674 779 3741 provisum
849 3683 1028 3727 autem
1085 3674 1305 3728 cumino
1361 3677 1461 3732 huc
1530 3694 1741 3748 quoque

158 3762 358 3815 fuerat
426 3762 741 3834 divinitus),
776 3765 926 3819 vicus
982 3766 1196 3835 quidem
1249 3783 1343 3821 eos
1418 3770 1741 3839 excipiebat,

158 3852 332 3922 isque
368 3869 580 3922 parvus.
612 3855 667 3907 lu
714 3871 779 3909 eo
830 3865 1009 3909 autem
1070 3857 1385 3910 habitabant
1411 3868 1463 3911 et
1493 3861 1580 3912 alii
1636 3877 1743 3915 nou

156 3944 358 4012 pauci,
390 3950 443 3995 et
474 3944 787 3999 muliercula
839 3960 1052 4014 queque
1087 3948 1327 4015 qumdatn
1371 3946 1594 4018 insignis
1656 3968 1744 4006 ca-

155 4032 381 4096 stitate,
417 4042 469 4087 et
498 4037 655 4104 plane
717 4035 1091 4090 honestissima
1144 4045 1207 4089 et'
1252 4039 1679 4097 moderatissima
1729 4059 1741 4094 :

152 4144 291 4198 quae
336 4140 558 4196 preptt-r
602 4129 928 4197 profundum
968 4129 1184 4198 quidem
1225 4134 1437 4183 senium
1487 4142 1539 4186 et
1579 4149 1745 4188 canos

154 4222 463 4285 honorata,
512 4222 606 4275 sed
662 4231 885 4290 propter
940 4238 1195 4292 magnum
1262 4224 1520 4276 virtutum
1581 4238 1745 4279 orna-

153 4324 426 4368 mentum
468 4314 624 4382 longc
658 4315 975 4367 honoratior
1024 4324 1161 4369 erat.
1193 4315 1347 4382 Apud
1383 4330 1499 4369 eam
1562 4326 1741 4371 autem

151 4404 367 4467 vestis,
420 4403 635 4455 divinus
694 4403 871 4460 fuerat
929 4405 1017 4455 hic
1068 4406 1351 4460 tlieSaurus
1401 4407 1731 4461 reconditus.

1846 3221 2074 3289 aperiat.
2137 3221 2339 3276 Videtis
2392 3221 2534 3273 enim
2571 3261 2585 3282 ,
2636 3221 2852 3289 inquit,
2888 3236 2920 3275 0
2983 3221 3083 3280 viri
3154 3220 3409 3289 dignissi-

1849 3312 1941 3375 mi,
1974 3326 2235 3382 a'grorum
2274 3310 2694 3367 multitudinem.
2746 3311 2954 3365 Etenim
3000 3328 3122 3366 cum
3184 3314 3290 3365 Deo
3335 3313 3403 3366 ita

1849 3407 2112 3469 videatur,
2146 3406 2200 3460 in
2238 3406 2338 3460 hoc
2389 3405 2604 3474 quidem
2647 3404 2763 3457 loco
2808 3404 3079 3459 daemones
3131 3403 3409 3472 expellun-

1846 3510 1932 3558 tur
1971 3517 1981 3552 :
2017 3499 2170 3552 caecis
2242 3508 2420 3551 autem
2487 3509 2542 3550 ut
2598 3499 2764 3554 libere
2815 3498 3047 3577 videant,
3099 3497 3301 3551 claudis
3352 3506 3413 3551 ut

1845 3591 2144 3654 ambulent,
2179 3589 2356 3645 surdis
2387 3598 2445 3642 ut
2474 3589 2710 3648 audiant,
2740 3599 2794 3641 et
2819 3590 2979 3645 mutis
3012 3599 3067 3642 ut
3094 3589 3406 3658 loquantur,

1851 3677 2080 3731 efﬁcitur
2131 3677 2488 3743 mirabiliter;
2536 3686 2589 3746 et
2631 3676 2717 3730 alii
2774 3677 2970 3742 morbi,
3016 3687 3071 3731 et
3120 3693 3406 3746 corporum

1847 3766 2227 3827 mutilati‘oncs.
2288 3783 2407 3834 qum
2463 3770 2793 3822 medicorum
2850 3770 3056 3824 artibus
3105 3771 3253 3824 nullo
3299 3771 3410 3831 sint

1859 3860 2018 3914 modo
2045 3856 2410 3923 mcdicabiles,
2456 3867 2713 3911 curantur
2754 3858 2924 3915 facile.
2948 3860 3230 3920 llh'vautem
3267 3860 3408 3930 (non

1847 3949 1991 4002 enim
2060 3957 2215 4003 erant
2288 3948 2719 4019 imprudentibus
2796 3948 3108 4003 hominibus
3180 3949 3406 4017 similes,

1846 4055 2021 4108 neque
2050 4041 2191 4106 quod
2230 4041 2561 4108 interrogare
2590 4041 2894 4107 oportebat,
2930 4041 3028 4111 ipsi
3062 4056 3167 4111 prin
3204 4044 3411 4112 simpli-

1844 4132 2002 4184 citate
2042 4129 2563 4199 prtetetmitlebant).
2611 4129 2888 4183 Undeuazu
2945 4133 3409 4199 vero,rogabaut.

1846 4225 2167 4294 principium
2211 4223 2353 4293 cepit
2409 4224 2559 4277 locus
2599 4222 2721 4277 talia
2759 4222 3056 4291 operandi?
3096 4220 3190 4279 Illa
3234 4238 3360 4277 vero
3394 4240 3406 4275 ε

1847 4314 2001 4384 Apud
2055 4329 2172 4379 nos,
2219 4314 2413 4383 inquit,
2458 4314 2709 4367 Hebrzeos
2740 4331 2768 4367 a
2805 4314 3048 4382 patribus
3080 4316 3268 4367 tradita
3318 4316 3407 4367 lia-

1858 4404 2015 4459 betur
2065 4404 2322 4464 narratio,
2360 4403 2503 4471 quod
2554 4403 2693 4456 Deus
2745 4404 2796 4454 in
2847 4404 2947 4455 hoc
2990 4403 3105 4457 loco
3152 4405 3297 4459 visus
3340 4406 3409 4459 sit

148 4495 463 4563 Quomodo
510 4511 637 4552 vero
684 4496 875 4552 fuisset
915 4496 998 4550 illa
1048 4505 1208 4550 tanta:
1257 4498 1332 4549 rei
1389 4511 1589 4560 custos,
1643 4502 1744 4553 nisi
1782 4507 1821 4558 ι)
1852 4494 2065 4546 cuidam
2100 4509 2165 4548 ex
2208 4495 2453 4563 patribus
2500 4510 2606 4548 :ex
2643 4510 2749 4564 quo
2782 4495 2978 4549 factum
3032 4505 3133 4559 est,
3189 4505 3245 4549 ut
3290 4498 3407 4553 loco

148 4601 211 4646 et
248 4591 523 4644 virtutum
573 4590 765 4645 fuisset
815 4600 1003 4645 ornata
1035 4590 1457 4659 pulchritudine,
1491 4601 1543 4644 cl
1572 4591 1739 4644 animi

146 4680 451 4751 puritate?
505 4680 819 4747 Quanquam
884 4682 1025 4736 enim
1080 4680 1303 4737 Hebra‘a
1354 4682 1570 4750 quidem
1626 4690 1742 4735 erat

145 4774 251 4826 illa
305 4771 508 4823 mulier
543 4771 659 4838 (est
702 4786 930 4837 namque
981 4772 1152 4823 amica
1191 4773 1429 4836 veritas),
1468 4773 1608 4824 illius
1660 4781 1740 4825 ta-

145 4879 290 4918 men
352 4861 586 4914 animam
625 4861 797 4915 locum
845 4859 1095 4923 dixisses,
1126 4863 1214 4930 qui
1246 4873 1331 4920 est
1370 4863 1420 4916 in
1458 4864 1740 4931 praesentia

1846 4582 1959 4640 haec
1994 4596 2305 4639 servaretur
2346 4586 2535 4655 gratia.
2576 4586 2696 4640 Hzec
2743 4600 2863 4640 cum
2900 4601 2960 4640 ea
3001 4586 3219 4649 diceret,
3254 4586 3324 4639 illi
3355 4589 3404 4641 ci

1844 4675 2005 4728 corde
2052 4674 2274 4728 minime
2324 4668 2814 4729 assentiebantur:
2854 4676 2946 4729 sed
2996 4676 3274 4731 \idebatur
3325 4679 3406 4733 eis

1845 4765 2182 4828 tnuliercula,
2230 4764 2365 4819 sicut
2410 4780 2496 4818 res
2534 4774 2670 4829 erat,
2711 4766 3065 4834 probabilium
3120 4768 3404 4823 verborum

1844 4857 2065 4927 pulchra
2130 4862 2311 4925 specie
2381 4859 2558 4912 celare
2608 4860 2908 4911 veritatem.
2966 4861 3068 4930 Ipsi
3112 4875 3242 4928 ergo
3284 4876 3406 4916 eam

1842 4950 2055 5019 quidem
2103 4950 2279 5003 adhuc
2327 4953 2584 5019 rogabant
2620 4951 3028 5015 vehementius,
3069 4962 3127 5006 ut
3155 4954 3233 5006 eis
3264 4970 3404 5017 rem,

1843 5051 1900 5094 ut
1932 5055 1990 5094 se
2017 5040 2270 5105 habebat,
2316 5041 2573 5111 aperiret,
2626 5043 2939 5111 respiciens,
2989 5043 3031 5096 si
3067 5043 3196 5095 nihil
3235 5045 3402 5106 aliud,

1841 5131 2077 5186 laborem
2131 5134 2318 5188 saltem
2378 5134 2507 5187 tanti
2559 5135 2789 5199 itineris,
2852 5134 2940 5200 qui
2996 5134 3138 5186 trulla
3189 5135 3291 5188 alia
3335 5140 3403 5191 de

1842 5238 2004 5277 causa
2042 5232 2158 5277 erat
2188 5234 2489 5293 susceptus,
2527 5225 2626 5279 nisi
2661 5234 2718 5278 ut
2748 5226 2993 5279 viderent
3038 5234 3222 5279 sancta
3266 5226 3400 5292 loca,

1839 5326 1893 5369 et
1922 5315 2173 5369 audirent
2199 5330 2260 5369 ea
2290 5332 2407 5383 quae
2435 5332 2465 5369 a
2502 5317 2601 5384 piis
2630 5326 2683 5369 et
2711 5320 2912 5371 sanctis
2942 5317 3198 5371 dicuntur
3226 5319 3401 5371 humi-

1839 5407 2015 5462 nibus.
2044 5407 2131 5462 llla
2157 5416 2336 5460 autem
2370 5423 2435 5460 ne
2462 5407 2539 5461 sic
2570 5408 2784 5476 quidem
2808 5408 3052 5473 cedebat,
3086 5408 3179 5463 sed
3214 5422 3398 5462 mane-

1841 5499 1949 5567 bat,
1996 5507 2055 5553 ιιι
2110 5508 2390 5565 statuerat,
2445 5510 2693 5570 apertum
2752 5499 3026 5570 religionis
3085 5501 3400 5563 existimans

1838 5605 1957 5645 esse
2014 5590 2267 5655 dedecus,
2316 5592 2360 5644 si
2396 5593 2696 5661 aperiretur
2746 5592 2965 5655 veritas,
3006 5602 3058 5645 et
3107 5590 3293 5645 dicens
3340 5609 3397 5650 se

1841 5683 1973 5736 nihil
2023 5684 2160 5738 scire
2219 5684 2451 5753 amplius
2514 5700 2675 5755 quam
2725 5685 2865 5754 quod
2911 5686 3055 5740 locus
3103 5683 3177 5738 sit
3210 5686 3399 5752 plenus

1840 5775 2016 5837 divina
2046 5777 2233 5844 gratia.

140 4954 392 5026 quidem
424 4951 707 5014 obscurus,
759 4964 915 5022 aptus
962 4962 1042 5007 est
1081 4963 1260 5007 autem
1304 4953 1371 5006 ad
1415 4952 1593 5006 lumen
1644 4971 1739 5006 ex-

139 5044 513 5115 cipiendum,
545 5051 598 5097 et
644 5043 797 5096 valdc
825 5045 1284 5097 accommodatus.
1330 5041 1577 5097 Divinum
1614 5060 1738 5097 vero

139 5144 279 5191 erat.
314 5134 377 5186 in
410 5134 509 5187 hoc
539 5148 753 5203 quoque
800 5143 985 5203 aperte
1034 5137 1335 5199 consilium,
1370 5145 1427 5189 ut
1461 5150 1545 5188 res
1593 5136 1734 5204 apud

137 5242 278 5286 eam
326 5227 615 5287 mulierem
656 5228 954 5291 recondita,
1002 5242 1119 5296 qua:
1168 5229 1247 5281 sic
1289 5228 1477 5283 affecta
1513 5238 1648 5291 erat,
1682 5236 1738 5280 ut

136 5334 276 5375 eam
346 5317 480 5370 totis
541 5317 750 5373 viribus
788 5320 968 5372 celare
1035 5318 1295 5384 studeret,
1336 5328 1518 5389 postea
1568 5319 1616 5370 in
1656 5319 1737 5371 lu-

134 5427 277 5467 cem
315 5408 556 5479 prolata,
590 5410 849 5480 majorem
886 5408 1043 5464 fidem
1076 5410 1318 5466 haberet.

222 5500 434 5557 XLVI.
489 5499 620 5556 Vide
679 5516 824 5572 ergo,
879 5517 1037 5570 quam
1091 5501 1363 5571 eleganter
1418 5499 1739 5571 processerit

136 5596 421 5653 divinum
472 5592 781 5648 consilium.
848 5593 981 5646 Nam
1049 5594 1188 5662 apud
1247 5608 1363 5647 eam
1435 5592 1735 5656 venientes,

134 5689 522 5758 excipiuntur
565 5685 797 5754 hospitio
845 5685 1066 5739 Galbius
1096 5694 1147 5739 et
1195 5684 1465 5741 Candidus
1521 5685 1735 5753 sapien-

133 5792 257 5847 tes,
318 5792 425 5832 eos
474 5777 550 5833 sic
601 5775 778 5831 divina
833 5776 1131 5832 deducente
1187 5775 1371 5846 gratia.
1431 5774 1551 5828 Erat
1610 5791 1733 5827 ιιιιό
