4170 6322
772 381 878 443 563

2003 362 2289 426 MENSIS
2329 360 2758 425 AUGUSTUS.

3904 355 4003 420 561

843 489 1072 546 XLVIII.
1118 488 1255 542 Cum
1290 493 1468 541 autem
1501 483 1577 538 illi
1614 481 1839 552 pulchre
1875 477 2171 533 sensissent
2216 491 2333 529 eam
2366 477 2413 533 Α
2442 476 2598 531 nobis
2627 477 2958 546 rogantibus.
3010 475 3279 544 Rogamus
3325 489 3472 540 vero,
3498 482 3557 527 ut
3589 471 3921 527 dormiamus
3949 470 3999 522 in

774 584 976 654 optime
1009 579 1229 650 quidem
1262 577 1420 640 scire,
1473 576 1647 629 vitare
1691 580 1868 626 autem
1904 583 1973 624 ne
2034 583 2149 622 eam
2199 567 2338 620 scire

773 685 920 738 esset
949 682 1214 740 apertum,
1245 678 1299 724 et
1332 670 1453 723 ideo
1487 682 1596 736 pra:
1631 680 1687 721 se
1717 665 1858 718 ferre
1919 661 2336 731 ignorationem,

777 769 1012 824 evadunt
1048 765 1317 818 avidiores
1358 759 1663 815 inveniendi
1694 759 1832 825 eius,
1881 756 2024 825 quod
2067 753 2341 823 quereba-

783 860 887 922 lur,
920 868 974 913 et
1011 861 1149 913 sicut
1182 856 1443 922 Cleophas
1473 863 1528 907 et
1558 853 1646 905 ille
1675 851 1811 904 alius
1833 848 2149 918 discipulus,
2181 845 2339 899 corde

780 960 1061 1020 creperum
1115 950 1301 1001 ardere
1318 948 1379 1000 τ’.
1417 945 1519 998 Eos
1550 945 1693 997 enim
1736 942 1893 1011 Virgo
1926 938 2342 995 beatissimain-

784 1046 1006 1107 citabat,
1037 1044 1225 1095 volens
1266 1039 1574 1109 Byzantinis
1619 1034 1861 1091 divinutn
1897 1034 2042 1087 hunc
2079 1039 2133 1087 et
2165 1046 2345 1084 sacro-

786 1150 1031 1192 sanctum
1088 1134 1266 1204 largiri
1320 1134 1656 1187 thesaurum.
1713 1131 1939 1182 Omnem
1983 1142 2111 1195 ergo
2165 1127 2342 1179 statim

788 1229 1072 1282 movebant
1098 1226 1349 1293 lapidem,
1378 1233 1437 1277 ut
1466 1223 1679 1285 mulier,
1701 1222 1986 1275 remittens
2016 1218 2343 1272 immobilem

791 1323 927 1374 hanc
959 1322 1398 1381 occultationem,
1445 1318 1522 1371 eis
1555 1316 1604 1369 id
1639 1315 1781 1385 quod
1820 1322 2078 1378 tacuerat,
2106 1312 2156 1364 in
2190 1326 2347 1378 aper-

788 1428 901 1468 tum
948 1415 1232 1483 proferret.
1282 1411 1424 1477 Quin
1487 1410 1648 1464 etiam
1700 1406 2051 1476 iurisiurandi
2106 1402 2349 1457 necessi-

788 1517 954 1560 tatem
985 1506 1336 1570 adhibebant,
1376 1504 1602 1571 ejusque
1643 1502 1776 1555 adeo
1806 1501 1989 1561 validi,
2025 1509 2084 1554 ut
2108 1500 2349 1552 animum

793 1599 1041 1667 quamvis
1105 1596 1575 1664 inexpugnabilem
1629 1609 1727 1648 suo
1795 1599 2013 1661 possent
2064 1590 2183 1647 loco
2232 1604 2352 1642 mo-

794 1707 941 1746 vere.
996 1691 1129 1745 Cum
1168 1690 1246 1744 sie
1294 1704 1411 1742 eam
1457 1686 1603 1741 omni
1648 1702 1710 1741 ex
1757 1693 1908 1752 parte
1952 1682 2351 1744 astrinxissent,

797 1792 851 1835 et
903 1792 1154 1850 tanquam
1212 1777 1540 1833 inevitabilia
1580 1777 1628 1830 ei
1664 1775 1873 1829 vincula
1947 1772 2353 1842 imposuissent,

794 1877 887 1930 vix
922 1877 1135 1929 tandem
1170 1872 1498 1942 persuadent
1551 1879 1610 1925 ut
1658 1872 1739 1925 eis
1793 1886 1908 1926 rem
1956 1869 2181 1940 aperiat.
2223 1868 2358 1921 Cum

802 1973 982 2038 itaque
1025 1984 1089 2023 ex
1138 1970 1245 2022 alto
1275 1977 1483 2022 etcum
1534 1967 1782 2035 lacrymis
1829 1963 2173 2032 suspirasset,
2222 1970 2275 2015 et
2308 1961 2359 2014 in

803 2074 999 2117 terram
1049 2061 1254 2114 ﬁxisset
1288 2060 1493 2121 oculos,
1536 2058 1759 2127 perinde
1787 2070 1850 2110 ac
1888 2056 1930 2111 si
1975 2071 2091 2109 eam
2140 2054 2363 2123 puderet

803 2153 1088 2206 enuntiare
1120 2170 1133 2205 :
1168 2151 1211 2206 Ο
1243 2151 1360 2214 τίτί,
1392 2151 1587 2219 inquit,
1630 2163 1904 2215 nunquam
1938 2149 1992 2201 in
2044 2147 2362 2201 hodiernum

805 2259 976 2313 usque
1030 2244 1194 2305 diem,
1241 2242 1480 2296 divinum
1533 2242 1635 2293 hoc
1672 2242 1982 2309 mysterium
2034 2240 2149 2289 viro
2200 2237 2368 2289 evasit

807 2339 1174 2395 manifestum.
1219 2337 1349 2402 Quae
1379 2337 1523 2390 enim
1557 2336 1608 2388 in
1642 2350 1836 2403 genere
1867 2348 1987 2386 meo
2026 2347 2109 2384 me
2136 2344 2365 2398 prreces-

808 2440 1017 2493 serunt,
1070 2430 1426 2500 jurejurando
1481 2429 1739 2494 adhibito,
1785 2427 1873 2480 uni
1925 2424 2156 2485 mulieri,
2212 2424 2368 2491 eique

810 2524 1028 2593 virgini,
1067 2522 1138 2574 ita
1172 2520 1526 2583 tradiderunt,
1560 2527 1616 2571 ut
1649 2518 1872 2586 singulis
1909 2517 2154 2569 aetatibus
2188 2530 2249 2569 ea
2280 2530 2365 2567 res

809 2620 887 2673 sic
926 2614 1230 2669 traderetur
1266 2612 1401 2677 ;sed
1448 2611 1700 2679 quoniam
1748 2611 1905 2662 video
1935 2625 2028 2663 vos
2060 2624 2178 2662 esse
2228 2609 2371 2660 viros

811 2705 1141 2761 reverendus
1194 2711 1249 2757 et
1294 2702 1454 2772 pios:
1492 2712 1545 2755 et
1592 2702 1788 2770 alioqui
1816 2701 1971 2767 (nam
2011 2702 2113 2754 hoc
2157 2714 2371 2768 quoque

812 2798 963 2853 vobis
998 2796 1347 2871 signiﬁcabo)
1378 2796 1443 2849 ad
1490 2811 1575 2849 me
1626 2810 1793 2863 usque
1836 2797 2065 2848 redacta:
2109 2801 2237 2846 sunt
2267 2792 2372 2845 mei

813 2895 1027 2963 generis
1051 2892 1287 2952 feminea,
1325 2905 1423 2944 nec
1461 2889 1567 2943 ulla
1590 2896 1836 2953 superest
1873 2888 1972 2939 alia
2007 2896 2129 2955 post
2159 2901 2241 2939 me
2265 2886 2376 2938 vir-

815 2999 903 3055 go,
933 2982 1085 3051 cujus
1112 2981 1233 3036 ﬁdei
1261 2996 1287 3033 a
1317 2996 1402 3034 me
1441 2978 1588 3034 credi
1629 2978 1795 3048 possit
1843 2976 2078 3047 cognitio
2108 2976 2371 3045 mysterii,

816 3089 929 3128 rem
973 3071 1137 3125 modo
1180 3070 1332 3125 vobis
1374 3069 1630 3136 aperiam.
1676 3067 1934 3121 Existimo
1978 3067 2123 3118 enim
2157 3065 2293 3125 fore,
2320 3073 2379 3117 ut

2446 584 2512 622 eo
2543 570 2678 630 loco,
2714 568 2765 620 in
2795 583 2902 636 quo
2944 566 3033 621 hic
3072 566 3287 621 divinus
3324 565 3632 620 reconditus
3666 571 3749 617 est
3794 563 4003 615 thesau-

2448 678 2560 715 rus.
2598 660 2729 717 Cum
2779 662 2879 715 hoc
2920 670 3100 714 autem
3148 659 3324 713 statim
3380 656 3742 713 concessisset
3793 653 4000 713 mulier,

2449 754 2695 822 stragulae
2725 752 2939 821 quidem
2969 760 3144 805 vestes
3169 759 3390 819 portatae
3427 757 3552 805 sunt
3575 748 3628 800 in
3652 761 3779 801 eum
3811 745 4002 798 locum.

2448 846 2527 900 llIi
2554 860 2682 899 vero
2708 861 2813 898 non
2844 859 2901 900 se.
2930 858 3119 897 somno
3142 841 3425 904 dederunt,
3478 840 3571 895 sed
3614 846 3740 893 cum
3786 844 4005 888 noctur-

2449 956 2579 995 num
2608 938 2942 1007 accepissent
2984 934 3278 996 silentium,
3313 940 3475 987 totam
3503 938 3720 984 noctem
3756 941 4007 996 perseve-

2451 1030 2643 1083 rabant
2673 1031 2725 1081 in
2757 1027 3016 1087 oratione,
3043 1031 3097 1077 et
3126 1038 3248 1077 cum
3283 1020 3532 1090 lacrymis
3560 1019 3794 1088 agebant
3819 1015 4013 1083 gratias

2453 1123 2720 1192 Deiparte,
2762 1121 2902 1186 quod
2951 1119 3146 1173 talibus
3187 1114 3555 1170 auditionibus
3601 1121 3655 1164 et
3697 1106 4015 1178 spectaculis

2453 1218 2596 1286 digni
2623 1224 2803 1270 essent
2826 1214 3014 1268 habiti.
3047 1213 3181 1267 Cum
3212 1217 3391 1264 autem
3424 1220 3516 1261 eos
3542 1203 3631 1274 qui
3655 1201 4012 1273 mgrotabant,

2454 1312 2717 1367 vidissent
2737 1322 2926 1361 somno
2951 1318 3257 1375 oppressos,
3280 1299 3578 1354 metiuntur
3599 1312 3663 1350 ex
3688 1292 3840 1347 omni
3872 1301 4016 1358 parte

2456 1406 2715 1461 ambitum
2750 1416 2908 1463 arcae,
2939 1399 2991 1452 in
3024 1412 3125 1467 qua
3166 1402 3281 1450 erat
3314 1392 3555 1447 divinum
3603 1387 3907 1458 repositum
3943 1384 4019 1434 in-

2457 1502 2773 1556 dumentum
2808 1513 2821 1549 :
2854 1495 3134 1564 ipsamque
3177 1488 3302 1558 ligni
3360 1486 3595 1558 speciem
3635 1490 3691 1537 et
3736 1475 4020 1531 habitudi-

2461 1608 2604 1654 nem,
2636 1607 2701 1644 ex
2730 1602 2835 1658 quo
2864 1594 2979 1640 erat
3000 1598 3144 1647 arca,
3189 1586 3439 1635 accurate
3478 1570 3770 1630 admodum
3820 1579 3876 1621 ct
3904 1564 4018 1619 dili-

2462 1694 2647 1756 genter
2670 1681 3035 1735 considerant.
3065 1673 3268 1729 Deinde
3298 1683 3457 1724 mane
3493 1662 3714 1737 egressi,
3763 1669 3820 1713 et
3855 1659 4023 1711 honc-

2466 1787 2602 1833 stam
2653 1775 2955 1830 salutarunt
3011 1767 3288 1822 mulierem
3325 1803 3338 1823 .
3380 1770 3436 1816 et
3479 1774 3600 1814 cum
3648 1760 3935 1824 rogassent
3977 1761 4027 1804 ut

2464 1873 2721 1926 audacter
2751 1866 2984 1936 iuberet,
3019 1860 3063 1916 si
3091 1858 3219 1929 quid
3249 1855 3351 1911 sibi
3385 1867 3523 1920 opus
3548 1857 3693 1903 esset
3717 1841 4024 1910 Hierosqu-

2463 1966 2584 2025 mis,
2613 1979 2669 2019 se
2701 1962 2841 2018 enim
2870 1972 3057 2011 rursus
3075 1955 3138 2008 ad
3170 1952 3340 2020 ipsam
3368 1952 3625 1999 venturos
3662 1954 3759 2007 per
3786 1935 4026 1994 eamdem

2464 2064 2627 2125 viam,
2648 2058 2880 2113 inierunt
2900 2056 2999 2106 iter
3018 2061 3205 2103 versus
3225 2037 3539 2099 Jerusalem,
3563 2048 3686 2088 cum
3708 2030 3797 2084 illa
3815 2026 4031 2081 dixisset

2467 2173 2523 2211 se
2546 2154 2695 2209 nullo
2732 2150 2835 2204 alio
2875 2160 3053 2215 egere,
3091 2142 3196 2194 nisi
3231 2151 3417 2192 eorum
3458 2129 3737 2202 precibus,
3768 2132 3824 2178 et
3855 2130 3917 2178 ut
3951 2133 4032 2173 eos

2468 2262 2657 2302 rursus
2702 2244 2849 2296 laetos
2883 2239 3088 2290 videret
3115 2242 3168 2286 et
3194 2231 3419 2284 alacres.

2542 2339 2605 2392 L.
2633 2334 2767 2389 Cum
2806 2331 3035 2385 fuissent
3068 2326 3247 2392 itaque
3292 2312 3685 2381 Hierosolymis
3726 2306 3955 2362 Galbins
3984 2314 4030 2355 et

2471 2426 2764 2491 Candidus,
2793 2431 2848 2477 et
2876 2420 3069 2491 partim
3117 2412 3332 2483 quidem
3365 2409 3472 2463 Deo
3514 2415 3707 2473 preces
3738 2397 4029 2491 fudissent,

2471 2523 2667 2595 partim
2702 2483 2891 2573 autem
2930 2507 3256 2582 pauperibus
3304 2512 3357 2556 et
3403 2494 3690 2569 egentibus
3742 2483 4033 2542 lilieraliori

2473 2582 2691 2672 dextera
2740 2610 3138 2671 elcemosynam
3190 2595 3525 2661 erogassent,
3579 2591 3800 2637 secrete
3845 2582 4035 2628 vocant

2473 2704 2735 2778 quosdam
2775 2698 2956 2753 fabros
2984 2666 3288 2761 'Iignarios,
3349 2681 3546 2751 quibus
3600 2674 3819 2744 iubent,
3863 2677 3922 2721 ut
3964 2666 4035 2719 eis

2476 2761 2795 2857 construant
2825 2803 3004 2846 arcam
3042 2793 3096 2840 et
3124 2782 3315 2842 forma,
3354 2785 3407 2831 et
3443 2775 3630 2844 figura,
3664 2776 3718 2822 et
3765 2761 4035 2833 magnitu-

2477 2896 2600 2951 dine
2636 2891 2733 2953 illi,
2770 2900 2931 2956 quam
2966 2881 3232 2938 viderant,
3269 2871 3521 2929 similem,
3553 2860 3878 2917 mandantes
3908 2868 4038 2925 prae-

2480 2997 2648 3045 terea,
2690 2949 2750 3034 ut
2788 2949 3116 3031 iormaretur
3168 2965 3329 3020 etiam
3372 2975 3436 3014 ex
3487 2958 3633 3026 ligno
3686 2949 3883 3011 veteri,
3939 2959 4037 3013 quo

2478 3075 2617 3129 nihil
2668 3072 2725 3125 in
2771 3082 2831 3121 ea
2881 3070 3215 3121 cerneretur,
3267 3053 3408 3125 quod
3448 3065 3558 3104 non
3600 3052 3748 3100 esset
3799 3040 3947 3094 omni
3982 3050 4039 3087 ex

816 3160 959 3232 quod
994 3178 1024 3216 a
1055 3162 1214 3217 nobis
1249 3161 1481 3224 dicetur.
1519 3161 1657 3228 apud
1721 3175 1816 3211 vos
1878 3157 2230 3211 conservelis.
2266 3155 2377 3208 Με-
2401 3153 2446 3216 C
2481 3175 2633 3238 parte
2691 3160 2866 3216 simile
2920 3155 3208 3226 praedicue.
3246 3145 3564 3215 Excogitant
3608 3136 3810 3193 deinde
3846 3128 4039 3195 aliquid

819 3256 911 3307 rire
946 3254 1089 3306 illius
1118 3252 1355 3319 Deiparae
1387 3252 1521 3317 (hoc
1553 3249 1695 3301 enim
1723 3255 1809 3302 est
1838 3247 1993 3301 nobis
2023 3249 2089 3300 ab
2115 3245 2221 3300 alto
2271 3256 2379 3300 tra-

819 3345 1027 3413 ditum)
1060 3344 1148 3398 hic
1179 3342 1444 3398 custodita
1479 3343 1579 3397 sita
1626 3350 1705 3396 est
1739 3342 1925 3395 vestis.
1970 3340 2381 3408 Obstupuerunt

822 3439 920 3492 viri
970 3438 1067 3501 illi,
1109 3452 1232 3490 cum
1303 3435 1476 3489 solum
1529 3435 1607 3487 rei
1665 3434 1963 3485 audiissent
2036 3430 2378 3498 principium.

822 3527 1029 3583 Deinde
1058 3526 1320 3596 adiiciens
1376 3524 1590 3589 mulier,
1628 3524 1834 3579 Etenim
1873 3523 2007 3587 hmo,
2051 3521 2384 3591 inquit,Dci-

824 3638 950 3694 para
997 3620 1162 3675 vitam
1204 3618 1414 3683 ﬁniens,
1465 3617 1670 3672 duabus
1729 3616 2047 3669 mulieribus
2088 3615 2385 3684 virginibus

824 3719 959 3773 duas
1013 3729 1141 3770 suas
1188 3722 1365 3767 vestes
1417 3711 1638 3764 donavit
1687 3711 1803 3765 loco
1856 3709 2269 3772 benedictionis;
2322 3724 2385 3763 ex

827 3809 1024 3878 quibus
1069 3820 1175 3858 una
1205 3802 1305 3856 fuit
1337 3817 1398 3855 ex
1451 3801 1554 3855 mei
1586 3803 1794 3874 generis
1835 3803 2150 3873 majoribus,
2186 3816 2304 3869 qua:
2336 3800 2388 3853 id

828 3900 1057 3968 accepit,
1083 3896 1224 3966 quod
1259 3896 1514 3950 donatum
1546 3895 1739 3957 fuerat,
1766 3904 1821 3948 et
1851 3895 1903 3945 in
1942 3909 2064 3946 arca
2102 3892 2386 3959 deposuit:

828 4001 881 4049 et
910 3992 1133 4047 omnino
1178 3990 1338 4058 jussit
1378 3988 1445 4041 iis
1493 3986 1585 4056 qui
1618 3994 1773 4039 erant
1821 3986 1902 4038 sui
1938 3987 2170 4054 generis,
2207 3993 2263 4036 ut
2298 3999 2386 4038 es-

830 4094 912 4139 set
934 4084 1085 4152 virgo
1133 4094 1490 4150 unaquaeque,
1532 4095 1650 4148 quae
1681 4093 1798 4131 eam
1825 4078 2113 4147 acciperet.
2147 4078 2238 4131 Est
2262 4093 2389 4148 ergo

830 4192 950 4230 arca
988 4174 1263 4229 recondita
1295 4174 1349 4226 in
1383 4172 1641 4224 interiore
1667 4171 1849 4233 domo,
1876 4187 2035 4238 quam
2070 4187 2214 4223 nunc
2247 4173 2392 4224 vide-

832 4272 901 4324 tis
931 4286 945 4323 :
977 4280 1034 4322 et
1068 4283 1187 4336 quae
1223 4267 1276 4319 in
1344 4280 1405 4318 ea
1454 4272 1535 4319 est
1564 4263 1753 4323 vestis.
1799 4271 1881 4316 est
1916 4254 2077 4316 causa
2129 4264 2394 4325 omnium,

830 4375 949 4433 quae
968 4358 1120 4423 ﬁunt,
1138 4357 1537 4413 miraculorum.
1563 4354 1750 4422 llaec,,o
1774 4353 1893 4416 viri,
1916 4364 1994 4409 est
2015 4369 2139 4408 vera
2157 4355 2394 4408 narratio

832 4458 950 4526 eius
979 4455 1121 4525 quod
1160 4469 1188 4507 a
1220 4454 1376 4507 vobis
1417 4450 1673 4519 quaeritur
1708 4467 1721 4501 :
1775 4457 1829 4502 et
1865 4448 2042 4503 videte
2109 4454 2166 4501 ut
2200 4452 2267 4500 ad
2300 4464 2393 4500 vos

836 4562 1004 4615 usque
1045 4546 1217 4599 solum
1266 4545 1493 4598 deducta
1531 4543 1601 4595 sit
1644 4542 1900 4610 cognitio,
1953 4551 2006 4594 et
2053 4555 2213 4594 nemo
2259 4540 2393 4593 sciat

835 4653 901 4694 ex
951 4638 1015 4691 iis
1061 4636 1335 4699 omnibus,
1396 4634 1485 4703 qui
1514 4642 1639 4687 sunt
1688 4632 2090 4702 Hierosolymis.

904 4730 1091 4784 XLIX.
1133 4727 1267 4782 Cum
1310 4728 1425 4780 haec
1464 4726 1759 4789 audissent,
1805 4725 1979 4779 adhuc
2010 4726 2176 4797 major
2218 4734 2395 4780 metus

835 4821 980 4874 viros
1042 4818 1206 4871 subiit
1250 4825 1304 4871 et
1356 4815 1559 4868 laetitia.
1628 4813 1801 4865 Metus
1875 4815 2114 4881 quidem,
2178 4824 2397 4881 pmpter

838 4910 1261 4981 magnitudinem
1313 4922 1499 4961 eorum
1545 4918 1665 4973 quae
1704 4904 1885 4959 audita
1914 4888 2129 4958 fuerant
2162 4923 2173 4957 :
2212 4906 2397 4959 lwtitia

839 5013 1041 5063 autem,
1072 4998 1213 5068 quod
1243 5008 1427 5052 essent
1456 4997 1747 5066 participes
1799 4997 1983 5050 talium
2031 5007 2398 5051 sacramento-

840 5111 978 5149 rum.
1012 5093 1151 5158 Quid
1177 5106 1305 5159 ergo
1346 5091 1604 5156 deinceps
1638 5090 2025 5156 consequitur?
2051 5088 2165 5142 Viri
2192 5086 2401 5159 seipsos

840 5189 988 5241 humi
1040 5186 1323 5255 dejiciunt,
1362 5194 1416 5237 et
1478 5182 1643 5251 pedes
1690 5181 1832 5235 illius
1885 5181 2347 5250 deprehensantes
2382 5223 2396 5245 ,

840 5278 977 5333 Nulli
999 5278 1238 5346 quidem,
1263 5276 1533 5345 inquiunt,
1552 5275 1703 5329 exiis
1730 5275 1820 5343 qui
1844 5284 1969 5329 sunt
1992 5273 2398 5346 Hierosolymis,

843 5381 1026 5425 notum
1059 5370 1162 5423 erit
1191 5370 1246 5422 id
1279 5368 1421 5437 quod
1464 5367 1620 5421 nobis
1659 5367 1862 5421 dietum
1905 5376 2007 5430 est,
2054 5383 2122 5420 ne
2169 5367 2399 5431 dubites,

842 5467 1088 5531 domina;
1120 5466 1391 5520 dominam
1425 5465 1569 5518 enim
1617 5463 1721 5531 iam
1769 5472 1818 5515 te
1856 5478 2127 5526 vocamus,
2166 5478 2285 5530 quae
2329 5464 2402 5516 sis

843 5559 1041 5612 talibus
1084 5558 1297 5626 dignata
1345 5556 1647 5626 mysteriis;
1676 5556 1841 5624 ipsam
1895 5555 1987 5609 tibi
2028 5555 2187 5623 huius
2218 5554 2292 5607 rei
2325 5571 2401 5609 re-

844 5658 978 5703 stem
1010 5651 1238 5703 citamus
1268 5652 1566 5719 Deiparam.
1600 5651 1774 5706 Unum
1806 5658 1981 5704 autem
2011 5648 2150 5701 aliud
2173 5649 2403 5702 concede

920 5835 963 5864 τ’
994 5834 1121 5885 Luc.
1156 5849 1298 5896 γελιν,
1328 5834 1416 5885 52.

2482 3222 2628 3314 aliud
2658 3222 3007 3309 idoneum-ad
3040 3242 3324 3299 celandum
3371 3236 3423 3287 id
3462 3229 3603 3299 quod
3629 3234 3750 3279 erat
3783 3222 4039 3274 futurum.

2485 3353 2816 3419 Comparant
2870 3340 2969 3396 sibi
3029 3343 3275 3389 auratum
3314 3322 3657 3397 operculum,
3714 3324 3773 3368 ut
3814 3328 3881 3366 eo
3930 3321 4039 3407 arca

2490 3410 2779 3513 tegeretur.
2813 3437 3106 3501 Postquam
3139 3433 3317 3479 autem
3349 3426 3402 3473 et
3432 3412 3695 3487 precatio,
3730 3416 3785 3461 et
3812 3410 4044 3513 erogatn:

2486 3489 2573 3587 ei:
2615 3529 2743 3584 satis
2773 3528 2911 3581 bene
2962 3520 3160 3576 habere
3211 3513 3320 3567 visa
3359 3508 3480 3570 fuit,
3534 3519 3598 3557 eo
3631 3506 3878 3566 accepto.
3911 3489 4045 3561 quod

2486 3624 2662 3680 fuerat
2714 3616 3090 3675 fabrefactum,
3143 3606 3373 3662 redeunt
3403 3601 3457 3652 in
3489 3596 3668 3649 vicum
3700 3589 3819 3644 sani
3856 3596 3910 3639 et
3943 3583 4043 3635 ala-

2648 3733 2660 3767 :
2710 3674 3152 3769 aromatibusque
3185 3707 3237 3749 ct
3272 3689 3543 3747 sumtibus
3569 3683 3710 3750 aptis
3744 3678 3810 3730 ad
3848 3674 4045 3728 sacriﬁ-

2490 3809 2657 3871 cium,
2700 3798 3066 3857 venerandam
3103 3794 3309 3845 douant
3356 3778 3664 3835 mulierem.
3709 3771 3780 3824 Et
3813 3766 3903 3821 illa
3940 3763 4048 3832 qui-

2490 3901 2607 3954 dem
2636 3908 2825 3951 rnrsus
2852 3892 3014 3950 viros,
3048 3893 3304 3951 tanquam
3340 3872 3439 3929 sibi
3475 3866 3790 3925 familiares,
3824 3855 4048 3930 iucunde

2493 3987 2806 4059 accipitJlIi
2840 3991 3017 4037 autem
3055 3950 3241 4030 rursus
3258 3970 3323 4024 ab
3353 3982 3416 4022 ea
3452 3969 3669 4033 petunt,
3702 3953 3849 4026 quod
3885 3950 4045 4020 prius.

2491 4095 2550 4141 ut
2590 4055 2794 4139 scilicet
2825 4079 2875 4132 in
2901 4088 3053 4129 sacro
3084 4063 3389 4120 habitaculo
3423 4066 3590 4109 totam
3622 4059 3844 4103 noctem
3887 4055 4051 4097 trans-

2493 4181 2721 4246 igerent.
2788 4170 2878 4220 Illa
2920 4178 3046 4218 vero
3096 4170 3284 4210 rursus
3329 4160 3545 4215 quoque
3594 4132 4050 4235 permittit,.niliil

2494 4224 2717 4323 ooninino
2757 4256 3061 4327 suspicans.
3093 4247 3195 4313 Qui
3231 4239 3479 4314 ingressi,
3523 4245 3738 4288 summo
3788 4224 3916 4281 otio'
3948 4233 4054 4274 uico

2498 4321 2693 4417 bantur
2723 4321 2977 4425 precibus
3020 4343 3085 4399 ai
3118 4338 3465 4406 incnlpatam,
3501 4338 3558 4384 et
3590 4326 3658 4380 ab
3689 4321 3844 4378 omni
3879 4332 4055 4385 repre-

2502 4454 2764 4509 hcnsionc
2788 4446 3018 4499 alienam
3049 4436 3138 4491 Dei
3166 4432 3415 4492 Matrem,
3442 4439 3535 4478 eas
3568 4430 3826 4487 tanquam
3858 4420 4054 4467 sacram

2502 4544 2730 4601 hostiam
2763 4532 3012 4601 laerymis
3044 4528 3239 4595 pingue
3271 4521 3531 4573 facientes
3559 4532 3572 4564 :
3601 4511 3720 4563 Non
3752 4510 4056 4576 ignoramus

2499 4648 2597 4690 nos
2630 4626 2771 4684 servi
2820 4621 2917 4686 tui,
2944 4618 3207 4675 dicentes,
3247 4625 3279 4664 o
3312 4601 3670 4665 divinissima,
3704 4607 3760 4651 et
3796 4597 3853 4647 in
3884 4595 4061 4662 primis

2499 4722 2723 4782 illustris
2753 4715 2999 4775 Domina,
3036 4719 3280 4777 quamam
3330 4700 3456 4755 olim
3486 4694 3609 4750 Ozce
3637 4689 3948 4745 evenerint.
3976 4684 4055 4749 qui

2499 4832 2662 4872 ausus
2689 4821 2769 4865 est
2794 4818 3008 4874 tangere
3034 4814 3235 4862 arcam,
3262 4809 3379 4864 quae
3400 4796 3516 4844 erat
3544 4784 3851 4841 secundum
3878 4781 4059 4849 legem.

2499 4904 2778 4976 Quomodo
2823 4914 2950 4969 ergo
2982 4910 3103 4957 nos,
3133 4891 3223 4959 qui
3255 4901 3442 4942 sumus
3469 4880 3657 4936 multis
3688 4874 3913 4931 obnoxii
3948 4886 4059 4941 pec-

2501 5003 2656 5064 catis,
2708 5008 2757 5051 te
2789 5010 2898 5048 non
2944 4978 3189 5059 iubente,
3226 4980 3339 5035 ausi
3385 4975 3648 5031 fuerimus
3670 4971 3914 5025 divinam
3934 4967 4058 5018 hanc

2500 5106 2677 5148 arcam
2722 5084 2943 5139 omnino
2990 5088 3233 5147 tangere,
3275 5073 3415 5126 intra
3458 5079 3621 5134 quam
3663 5070 3750 5115 est
3784 5057 3911 5111 talis
3960 5056 4061 5107 the-

2506 5198 2695 5241 saurus
2742 5175 3016 5246 repositus
3058 5176 3153 5223 :ct
3204 5179 3311 5218 non
3341 5159 3516 5215 solum
3569 5164 3799 5221 tangere
3834 5146 4062 5218 profanis

2506 5276 2773 5334 manibus,
2810 5266 2904 5321 sed
2968 5263 3126 5316 etiam
3175 5271 3293 5312 eam
3348 5252 3455 5306 alio
3490 5242 3836 5301 transferre?
3885 5246 4059 5295 Annne

2506 5383 2630 5437 ergo
2668 5358 2932 5417 voluntati
2977 5363 3289 5408 nostrarum
3337 5344 3667 5403 animarum,
3718 5353 3754 5392 ο
3786 5337 3917 5389 boni
3956 5332 4057 5384 Filii

2505 5421 2645 5511 bouna
2677 5451 2869 5505 Mater.
2906 5443 2985 5498 Ad
3036 5450 3182 5494 tuam
3221 5434 3365 5491 enim
3402 5430 3684 5484 civitatem
3733 5434 3822 5479 est
3854 5421 4061 5477 transla-

2509 5548 2605 5611 tio,
2632 5560 2750 5614 quze
2781 5549 2861 5596 est
2887 5536 3126 5591 omnium
3151 5531 3373 5585 aliarum
3404 5522 3635 5593 Regina,
3671 5529 3727 5572 ct
3762 5526 3816 5572 te
3873 5524 4063 5589 semper

2512 5654 2703 5712 magno
2751 5631 2929 5689 studio
2978 5625 3167 5683 statuit
3214 5621 3507 5675 honorare.
3560 5612 3641 5666 Ad
3676 5626 3806 5666 cam
3836 5625 3935 5664 nos
3976 5604 4061 5655 hoc
