4170 6322
197 373 300 433 565

1288 369 1754 430 ΜᾹΒΤΥΗΙΠΜ
1801 369 1861 431 S.
1908 371 2333 432 MAMANTIS.

3319 361 3424 422 566

194 484 434 538 divinum
471 481 673 535 donum
718 488 1001 551 exportare
1027 481 1336 543 statuimus,
1382 482 1446 535 ad
1478 482 1595 551 ejus
1633 489 1771 535 tute-
1799 482 1845 540 A
1874 498 2000 536 num
2032 483 2372 554 mysterium,
2409 481 2510 535 fuit
2541 495 2756 550 semper
2799 493 2983 533 revera
3017 475 3353 547 mysterium.

199 581 305 629 tam
333 584 386 629 et
417 575 665 642 gloriam,
719 588 840 643 qua:
875 589 1154 642 nunquam
1182 575 1575 644 exstinguatur.
1641 573 1763 628 Haec

198 677 311 722 tota
345 675 503 720 nocte
533 667 778 721 dicentes
822 666 874 719 in
904 666 1167 729 oratione,
1207 675 1260 718 et
1307 669 1478 720 solum
1513 667 1762 737 laerymis

196 754 642 819 tnadel‘acientcs,
688 762 910 822 repente
959 753 1250 820 implentur
1292 753 1506 816 fiducia,
1547 754 1762 818 [idm-ia,

197 847 444 913 inquam,
477 851 883 912 contemperata
910 843 1242 896 reverentia.
1281 843 1478 896 Deinde
1512 844 1578 897 ad
1624 844 1763 896 divi-

197 953 324 989 nam
353 936 612 988 accedunt
641 949 842 994 arcam,
866 933 1024 986 simul
1055 934 1172 986 larto
1200 943 1253 987 et
1279 942 1537 987 tremente
1560 935 1761 996 animo,

196 1040 251 1082 et
297 1043 419 1080 eum
468 1041 680 1090 omnes,
733 1028 824 1094 qui
877 1026 985 1079 illic
1030 1037 1206 1091 erant,
1251 1027 1487 1082 alliceret
1539 1043 1766 1082 somnus

200 1119 352 1170 nullo
386 1132 549 1170 sensu
579 1116 838 1184 przeditos
893 1119 947 1187 (o
977 1118 1162 1170 beatas
1210 1132 1422 1180 manus,
1460 1133 1490 1170 0
1538 1117 1763 1181 furtum,

198 1208 254 1260 in
287 1207 426 1274 quod
450 1206 594 1260 nulla
636 1215 814 1274 potest
853 1207 1077 1258 omnino
1106 1207 1300 1260 cadere
1346 1208 1695 1276 reprehensio
1722 1209 1762 1275 Ξ)

196 1299 344 1352 hanc
381 1297 656 1367 accipiunt
695 1299 776 1351 eis
815 1312 1030 1366 qnoque
1065 1297 1291 1352 omnino
1336 1299 1437 1352 hac
1487 1299 1541 1352 in
1584 1314 1640 1353 re
1683 1300 1764 1353 fa-

199 1400 368 1443 vente
396 1389 586 1458 gratia.
623 1387 688 1441 Et
713 1405 832 1442 eam
863 1387 1081 1456 quidem
1114 1388 1190 1442 sic
1225 1390 1419 1444 tollunt
1451 1400 1766 1459 :apponunt

199 1490 409 1543 autem,
453 1495 612 1549 quam
650 1479 1041 1550 Hierosolymis
1087 1480 1151 1534 ad
1181 1481 1300 1550 ejus
1353 1481 1765 1537 similitudinem

196 1572 449 1626 fabricati
493 1572 728 1636 fuerant,
761 1588 883 1627 cum
915 1573 965 1626 ei
992 1573 1156 1627 etiam
1189 1574 1575 1642 imposuissent
1605 1590 1768 1644 oper-

197 1665 407 1719 culum.
447 1664 601 1729 Quod
630 1665 848 1734 quidem
881 1676 995 1719 erat
1025 1682 1278 1733 aureum,
1314 1677 1370 1720 ut
1403 1668 1660 1722 diximus.

275 1750 359 1805 LI.
419 1751 554 1806 Cum
617 1754 856 1820 primum
918 1760 1098 1805 autem
1168 1754 1456 1818 illuxisset,
1520 1767 1762 1809 sanctam

199 1844 486 1898 mulierem
523 1842 741 1910 quidem
771 1843 966 1910 jubent
1001 1844 1200 1908 valere,
1233 1854 1285 1897 et
1351 1855 1538 1912 rogant
1570 1854 1625 1896 ut
1659 1860 1765 1897 non
1795 1829 1842 1888 Β

199 1941 382 1990 Cesset
409 1948 508 2002 pro
541 1932 619 1986 eis
649 1947 827 1997 crare,
859 1942 913 1986 et
939 1948 1125 1987 eorum
1161 1933 1338 1988 facere
1371 1949 1769 1988 commemora-

200 2026 435 2081 tionem.
488 2025 691 2080 Deinde
726 2026 775 2080 ei
815 2040 1031 2094 quoque
1069 2025 1240 2094 digito
1279 2026 1573 2080 ostendunt
1611 2041 1770 2095 oper-

199 2117 410 2181 culum,
437 2118 592 2187 quasi
618 2133 801 2172 veram
831 2118 975 2171 illam
1007 2126 1212 2188 tegeret
1235 2127 1287 2172 et
1311 2119 1539 2187 primam
1568 2135 1770 2186 arcam,

198 2208 353 2276 quod
405 2208 618 2261 mulieri
671 2222 882 2276 quoque
937 2206 1111 2260 visum
1165 2217 1247 2261 est
1298 2205 1364 2261 ab
1413 2208 1516 2263 illis
1552 2210 1770 2264 allatum

200 2315 329 2353 esse
383 2298 602 2352 honoris
637 2298 832 2368 gratia.
864 2298 928 2353 Et
977 2315 1098 2352 cum
1135 2308 1389 2368 praeterea
1427 2300 1491 2354 iis
1516 2301 1607 2369 qui
1658 2301 1774 2357 fue-

203 2402 334 2445 rant
428 2390 677 2454 inventi,
746 2391 1082 2458 pauperibus
1154 2392 1592 2459 suppeditassent
1654 2410 1772 2463 quae

201 2491 364 2536 erant
422 2482 746 2541 necessaria,
781 2481 934 2533 valde
985 2483 1087 2534 lieti
1119 2483 1371 2548 protinus
1409 2484 1511 2535 iter
1543 2485 1772 2553 ingressi

201 2582 358 2634 sunt,
401 2574 620 2625 domum
672 2572 966 2626 reversuri.
1021 2574 1310 2642 Postquam
1363 2584 1547 2628 autem
1589 2578 1772 2630 venis-

202 2677 333 2724 sent
387 2666 724 2738 Byzantium,
774 2683 883 2721 non
935 2669 1226 2722 honestum
1277 2685 1396 2723 esse
1442 2679 1768 2732 statuerunt,

203 2759 276 2814 iis
325 2759 420 2828 qui
461 2759 554 2813 illo
599 2769 844 2828 tempore
895 2768 1072 2824 erant,
1124 2759 1544 2829 imperatoribus
1575 2770 1774 2831 myste-

203 2853 352 2905 rium
399 2852 550 2920 prius
598 2851 1024 2915 communicare,
1073 2866 1234 2919 quam
1290 2852 1635 2918 patriarchze.
1671 2853 1774 2907 Eos

200 2943 354 2997 enim
396 2942 610 2995 subibat
661 2942 840 3004 timor,
893 2957 961 2996 ne
995 2942 1138 3010 quod
1178 2942 1280 3012 ipsi
1322 2959 1478 2998 suum
1521 2959 1642 2998 esse
1682 2945 1776 2998 bo-

201 3049 342 3088 num
378 3041 703 3105 statuerant,
738 3049 803 3086 eo
846 3033 912 3088 ab
948 3034 1053 3088 illis
1083 3034 1450 3104 privarentur.
1484 3037 1615 3092 Cum
1647 3053 1775 3106 ergo

201 3124 381 3177 multa
450 3125 876 3188 consultassent,
940 3126 1019 3180 eis
1088 3129 1202 3181 haec
1263 3129 1374 3182 visa
1427 3139 1510 3182 est
1570 3131 1774 3196 optima

202 3215 506 3278 sententia,
563 3215 792 3268 latenter
854 3232 948 3269 eos
979 3218 1044 3270 ad
1099 3219 1203 3271 hoc
1253 3234 1471 3287 quoque
1524 3231 1779 3276 monente

201 3305 463 3374 Deipara.
501 3305 633 3360 Erat
680 3307 761 3361 eis
811 3308 1072 3377 praedium
1115 3309 1257 3378 apud
1296 3325 1482 3366 muros
1524 3312 1779 3378 civitatis,

200 3401 578 3472 prepinquum
622 3402 817 3455 marini
867 3404 1020 3457 sinus
1069 3405 1257 3458 cornui
1291 3405 1443 3472 (huic
1502 3406 1622 3460 loco
1686 3423 1783 3460 no-

203 3509 340 3547 men
395 3502 512 3545 erat
568 3491 969 3554 Blaccherme).
1005 3491 1061 3544 In
1102 3508 1168 3546 eo
1222 3503 1514 3546 exstruunt
1563 3497 1779 3562 quidem

201 3585 436 3638 domum
484 3582 799 3635 oraturiam.
839 3582 972 3636 Cum
1024 3591 1204 3638 autem
1255 3585 1336 3637 eis
1387 3600 1595 3656 magna).
1637 3597 1784 3642 esset

205 3690 358 3730 curae
395 3684 454 3729 ut
481 3674 753 3744 llaterent,
800 3675 946 3730 Petri
992 3679 1363 3746 apostolnrum
1429 3680 1690 3750 principis
1731 3690 1785 3736 et

204 3768 379 3824 Marci
415 3767 637 3823 domum
677 3769 985 3823 nominant.
1027 3769 1160 3823 Cum
1201 3772 1254 3824 in
1291 3786 1355 3825 eo
1391 3780 1537 3825 certe
1571 3788 1784 3827 sacrum

207 3862 368 3916 illum
401 3861 716 3915 thesaurum
752 3861 1083 3930 posuissent,
1127 3876 1291 3916 omne
1321 3862 1500 3915 statim
1547 3865 1783 3919 studium

202 3952 602 4015 adhibuerunt,
627 3951 760 4004 utin
785 3954 984 4022 templo
1011 3964 1156 4008 esset
1181 3963 1442 4024 perpetua
1468 3956 1782 4028 hymnodia,

200 4049 512 4111 perpetuus
546 4041 683 4096 odor
721 4054 1044 4111 aromatum,
1100 4053 1155 4100 et
1219 4046 1472 4103 assiduus
1524 4049 1781 4115 splendor

198 4133 503 4189 luminum.
542 4133 607 4190 Et
635 4135 714 4191 sic
749 4138 966 4206 quidem
1013 4137 1171 4208 longe
1225 4148 1468 4218 tempore
1507 4139 1610 4192 hoc
1643 4139 1781 4193 divi-

1939 575 2048 628 LII.
2087 573 2356 641 Quoniam
2405 581 2583 626 autem
2618 572 2691 637 ei,
2722 587 2840 642 quze
2878 586 2972 640 per
3023 569 3201 640 ipsum
3257 558 3426 620 hono-

1865 667 2102 729 rabatur,
2159 673 2213 718 et
2265 666 2422 735 cujus
2473 674 2589 718 erat
2627 664 2716 719 ille
2775 663 3027 728 amictus,
3081 661 3259 714 visum
3324 667 3428 722 est,

1871 769 2076 814 tantum
2118 758 2321 812 bonum
2365 758 2430 812 ad
2473 759 2619 814 solos
2658 757 2796 812 duos
2850 763 3016 812 testes
3056 768 3166 807 non
3226 752 3432 807 debere

1867 852 2136 915 contrahi,
2187 859 2242 903 et
2306 861 2561 918 tanquam
2627 848 2900 918 profundo
2961 846 3142 915 aliquo
3210 844 3428 914 contegi

1866 942 2103 1006 silentio,
2145 950 2198 996 et
2249 956 2564 996 communes
2614 939 2831 994 divitias
2883 951 3003 993 esse
3059 950 3255 991 eorum
3310 943 3433 987 tan-

1869 1045 1983 1088 tum
2047 1035 2319 1104 preprias.
2377 1042 2432 1088 et
2498 1033 2773 1088 communi
2836 1031 2995 1101 epulo
3047 1044 3140 1084 eos
3174 1043 3235 1084 se
3291 1028 3437 1082 solos

1868 1127 2088 1195 explere
2121 1143 2134 1179 :
2163 1134 2340 1179 movet
2381 1127 2528 1196 ipsos
2558 1126 2622 1179 ad
2675 1125 2728 1179 id
2768 1124 2913 1193 quod
2967 1129 3270 1182 tacuerant,
3308 1135 3437 1189 prex

1868 1219 2147 1273 ferendum
2185 1218 2237 1272 in
2270 1217 2438 1270 lucem
2475 1235 2489 1272 :
2520 1228 2573 1272 et
2617 1218 2957 1281 accedentes,
2995 1213 3326 1268 annuntiant
3360 1210 3427 1264 iis

1866 1312 1957 1380 qui
2011 1320 2139 1365 tunc
2186 1320 2361 1377 erant,
2403 1310 2846 1379 imperatoribus,
2891 1315 2946 1362 et
2981 1305 3236 1375 aperiunt
3274 1303 3436 1372 quale

1867 1405 1939 1460 sit
1963 1403 2306 1468 miraculum,
2330 1411 2384 1457 et
2408 1402 2686 1456 declarant
2705 1397 3166 1470 quemadmodum
3203 1395 3273 1450 sit
3305 1395 3440 1448 alla-

1870 1503 2002 1550 tum.
2045 1497 2149 1550 Eos
2205 1503 2406 1558 autem,
2441 1510 2565 1548 cum
2597 1492 2914 1552 audiissent,
2952 1504 3206 1558 magnum
3242 1483 3440 1539 invasit

1868 1588 2139 1659 gaudium,
2213 1596 2266 1642 et
2315 1586 2566 1656 protinus
2615 1585 2674 1639 ﬁt
2723 1581 3020 1653 publicum,
3071 1579 3211 1649 quod
3264 1577 3417 1632 fuera

1869 1683 2159 1740 occultum.
2197 1681 2260 1734 Et
2286 1678 2433 1734 beati
2465 1677 2681 1746 quidem
2713 1676 2852 1736 inter
2878 1687 3068 1728 omnes
3122 1676 3442 1740 reputantur

1869 1774 2092 1830 Galbius
2127 1781 2181 1826 et
2231 1768 2507 1825 Candidus
2551 1775 2772 1837 propter
2805 1763 2910 1817 tale
2962 1760 3351 1823 ministerium,
3388 1763 3442 1821 et

1873 1865 2104 1938 publicis
2140 1866 2480 1918 honorantur
2509 1859 2829 1915 honoribus.
2866 1857 3055 1910 Divina
3085 1862 3268 1908 autem
3300 1851 3443 1905 mdes

1874 1956 1928 2008 in
1980 1968 2046 2007 eo
2096 1953 2216 2004 loco
2269 1951 2431 2020 regiis
2473 1947 2735 2017 impensis
2799 1945 3038 2015 Deiparae
3091 1940 3388 1996 aediﬁcatur
3423 1956 3441 1993 :

1873 2055 1927 2100 El
1968 2058 2127 2114 capsa
2172 2058 2236 2096 ex
2285 2051 2506 2112 argento
2554 2049 2607 2094 et
2655 2055 2793 2094 auro
2825 2045 3157 2101 constructa,
3222 2047 3438 2090 sacrum

1873 2140 2023 2195 illum
2056 2138 2368 2191 thesaurum
2411 2134 2613 2201 excipit
2649 2151 2662 2185 ε
2697 2131 2946 2202 plurimis
2978 2130 3100 2184 aliis
3129 2125 3444 2182 muneribus

1876 2242 1931 2288 et
1980 2229 2136 2285 donis
2187 2227 2379 2282 domus
2423 2225 2742 2278 honoratur.
2793 2221 2904 2276 Leo
2957 2235 3086 2274 vero
3139 2227 3193 2272 et
3245 2214 3445 2270 Verina

1879 2323 1952 2394 (ii
1988 2320 2131 2375 enim
2173 2328 2300 2372 tunc
2350 2313 2706 2384 imperabant;
2763 2325 2994 2381 quorum
3044 2315 3291 2378 tempore
3341 2304 3446 2358 hoc

1874 2430 2090 2486 quoque
2113 2425 2383 2480 .magnum
2409 2418 2463 2461 et
2493 2406 2766 2460 revelatur
2797 2401 3132 2473 mysterium,
3161 2408 3215 2452 et
3239 2397 3305 2450 ad
3357 2411 3446 2448 re-

1875 2508 2014 2578 giam
2069 2503 2256 2558 urbem
2283 2497 2635 2569 exportatur)
2659 2509 2782 2550 cum
2813 2494 3034 2562 pulchre
3058 2498 3112 2543 et
3138 2489 3226 2559 pie
3270 2488 3446 2567 impe—

1873 2600 2099 2658 rassent,
2121 2593 2406 2648 etGalhius
2433 2600 2486 2644 et
2507 2589 2798 2650 Candidus,
2820 2585 2910 2653 qui
2948 2583 3050 2638 hoc
3087 2581 3445 2636 ministerium

1877 2685 2244 2758 pulcherrime
2296 2681 2575 2743 obierunt,
2649 2674 3054 2734 transferuntur
3143 2679 3331 2740 postea
3379 2668 3446 2722 ad

1877 2777 2142 2835 senectuti
2172 2790 2280 2829 non
2311 2771 2600 2828 obnoxiam
2643 2769 2764 2823 vitae
2797 2763 3188 2822 conditionem.

1951 2871 2082 2924 Llll.
2127 2869 2262 2920 Cum
2299 2882 2428 2932 ergo
2463 2866 2574 2916 hzec
2609 2877 2760 2915 sacra
2794 2876 2919 2914 arca
2960 2856 3115 2910 nobis
3144 2852 3444 2914 contineat,

1878 2975 1983 3017 non
2039 2957 2298 3026 quasdam
2340 2955 2570 3015 tabulas,
2612 2969 2774 3005 manu
2809 2949 3040 3004 Mosaica
3085 2947 3296 3017 politas,
3351 2944 3446 2998 sed

1879 3058 2082 3104 vestem
2136 3047 2296 3116 plane
2351 3043 2611 3107 divinam,
2675 3052 2730 3096 et
2787 3054 3000 3096 summe
3057 3035 3445 3098 venerandam,

1882 3154 2001 3208 qme
2040 3152 2149 3191 non
2215 3135 2392 3189 solum
2453 3135 2837 3188 intemeratum
2895 3137 2950 3185 et
3002 3131 3068 3184 ab
3120 3126 3269 3183 omni
3328 3125 3449 3178 labe

1883 3231 2124 3280 alienum
2179 3240 2376 3292 corpus
2432 3225 2586 3285 texit,
2649 3221 2742 3274 sed
2797 3222 2849 3273 in
2904 3235 3007 3288 qua
3047 3222 3140 3289 (ut
3193 3216 3448 3270 audacter

1883 3316 2096 3388 dicam)
2138 3332 2261 3370 cum
2303 3325 2448 3369 esset
2483 3313 2683 3378 infans,
2720 3313 2862 3366 Deus
2896 3310 3134 3366 Verbum
3167 3309 3266 3365 fuit
3296 3307 3449 3362 invo-

1885 3413 2032 3470 lutus
2071 3419 2129 3464 et
2168 3417 2404 3462 auctus:
2436 3406 2573 3461 adeo
2625 3411 2684 3458 ut
2727 3417 2793 3457 ca
2845 3417 2986 3471 sape
3038 3412 3330 3468 conspersa
3379 3397 3450 3451 sit

1884 3504 2048 3574 guttis
2087 3501 2244 3554 lactis
2291 3497 2635 3561 venerabilis,
2684 3511 2791 3566 quo
2831 3493 3068 3548 nutritus
3119 3491 3219 3544 fuit
3281 3489 3326 3542 is
3360 3489 3450 3556 qui

1885 3604 1968 3650 est
2009 3595 2252 3648 omnium
2298 3589 2617 3644 alimentum
2664 3599 2720 3641 et
2773 3588 2911 3653 vita;
2953 3587 3019 3641 ad
3062 3600 3178 3640 eam
3228 3583 3448 3653 quidem

1883 3701 2012 3741 \ere
2046 3683 2367 3738 laudandam
2416 3681 2566 3736 nulla
2621 3679 2820 3735 sulhcit
2865 3678 3060 3734 oratio.
3097 3675 3223 3730 Sola
3266 3683 3446 3729 autem

1883 3776 2176 3847 gratiarum
2229 3773 2446 3826 actione
2509 3788 2596 3825 res
2645 3780 2726 3826 est
2783 3767 3187 3841 prosequenda,
3239 3775 3292 3820 et
3347 3762 3447 3833 ipsi

1882 3865 2127 3938 Deiparze
2174 3871 2302 3918 sunt
2334 3862 2554 3933 agendae
2593 3862 2814 3932 gratiae,
2853 3869 2907 3914 et
2952 3860 3072 3929 ejus
3126 3857 3262 3912 Filio
3297 3871 3448 3910 com-

1882 3959 2035 4014 muni
2083 3957 2348 4012 Salvatori
2399 3965 2455 4011 et
2507 3956 2661 4025 Regi,
2716 3953 2808 4023 qui
2856 3952 3041 4006 omnia
3089 3951 3155 4004 ad
3209 3959 3448 4002 nostram

1886 4051 2174 4105 utilitatem
2205 4057 2261 4101 et
2295 4047 2522 4102 salutem
2551 4046 2856 4115 dispensat.
2892 4041 2952 4096 Ei
2983 4041 3147 4113 gloria
3182 4048 3242 4094 et
3263 4048 3452 4108 poten-

1891 4142 1961 4194 tia
1988 4155 2134 4195 nunc
2160 4149 2214 4194 et
2238 4153 2470 4208 semper,
2502 4147 2554 4192 et
2583 4136 2635 4190 in
2661 4137 2854 4190 sarcula
2885 4135 3224 4190 saeculorum.
3254 4132 3444 4185 Amen.

230 4407 3443 4436 ψ

1405 4596 2281 4714 MABTYRIUM

571 4847 728 5000 S.
875 4841 1872 5004 MARTYRIS
2022 4847 2699 5003 MAMAN
2715 4845 3072 5000 TIS.

703 5115 900 5175 (Latine
926 5119 1053 5181 apud
1079 5117 1277 5170 Surium
1311 5123 1368 5170 ad
1402 5122 1532 5171 diem
1561 5122 1611 5170 l7
1642 5121 1868 5182 Augusti.
1900 5147 1960 5156 —
1993 5119 2155 5168 Carmen
2184 5133 2275 5167 non
2311 5121 2570 5164 occurrunt
2611 5115 2653 5163 in
2678 5129 2776 5161 mss
2825 5115 2974 5162 Paris.

273 5447 321 5503 1.
357 5443 580 5513 Marnas,
602 5464 828 5518 magnus
853 5459 907 5505 et
943 5451 1172 5523 insignis
1202 5462 1405 5525 martyr
1425 5453 1644 5515 Christi,
1690 5471 1786 5522 pa-
1815 5455 1858 5510 Ι)
1889 5455 1993 5508 orti
2021 5461 2202 5507 essent
2241 5466 2305 5506 ex
2386 5451 2644 5520 patriciis,
2665 5462 2720 5506 et
2749 5450 2840 5519 qui
2877 5463 2980 5501 non
3017 5445 3189 5501 solum
3226 5448 3277 5500 in
3314 5446 3454 5512 ﬁliis,

189 5543 375 5599 triam
419 5537 636 5606 quidem
672 5541 862 5596 habuit
914 5542 1336 5615 Paphlagoniam
1393 5561 1406 5600 :
1439 5554 1554 5599 erat
1597 5557 1778 5600 autem
1888 5545 1980 5598 sed
2015 5542 2178 5596 etiam
2220 5543 2273 5595 in
2301 5539 2554 5595 onmibus
2576 5541 2664 5610 qui
2699 5549 2853 5593 erant
2876 5537 2956 5596 sui
2987 5536 3451 5608 generis,conser-

185 5635 390 5691 clarus
443 5638 497 5683 et
564 5629 761 5698 pietate
797 5643 852 5688 et
906 5649 1122 5704 genere.
1147 5636 1281 5691 Nam
1324 5645 1436 5692 erat
1483 5636 1529 5690 ei
1563 5637 1778 5705 quidem
1892 5644 2083 5690 varent
2149 5632 2743 5693 nobilitatem.Hi,cum
2774 5641 2918 5685 esset
2948 5631 3234 5684 vehemens
3266 5645 3454 5683 eorum

185 5733 365 5794 pater
398 5720 732 5784 Theodotus,
756 5735 925 5780 mater
951 5743 1077 5780 vero
1114 5727 1347 5791 Rutﬁna,
1371 5729 1627 5798 religione
1659 5729 1780 5798 qui-
1887 5742 2038 5781 amor
2071 5728 2123 5779 in
2151 5726 2444 5790 Christum,
2465 5734 2519 5778 et
2549 5740 2646 5779 nec
2679 5735 2899 5793 possent
2929 5722 3146 5790 quidem
3183 5721 3453 5775 internum

183 5817 329 5872 dem
395 5815 555 5869 ambo
617 5813 818 5882 ﬁdeles,
858 5834 1053 5886 genere
1085 5830 1263 5875 autem
1307 5821 1562 5891 insignes,
1590 5832 1649 5876 ur
1687 5824 1777 5891 qui
1885 5821 2163 5878 continere
2194 5818 2518 5876 desiderium
2559 5818 2696 5874 :sed
2751 5827 2802 5871 et
2854 5817 3026 5872 libere
3071 5813 3455 5885 proﬁterentur
