4170 6322
777 373 878 437 567

2012 372 2295 432 ME-NSIS
2337 369 2758 436 AUGUSTUS.

3892 375 3991 434 568

779 487 1050 556 pietatem,
1081 488 1136 539 et
1185 483 1381 540 mullos
1409 483 1476 538 ad
1528 497 1644 539 cam
1667 482 1983 546 excitarent,
2023 493 2344 538 accusantur
2373 486 2419 541 Α
2449 484 2681 550 Rufilna,
2708 491 2785 551 et,
2818 485 2926 540 voti
2963 483 3103 541 facta
3160 502 3401 556 compos,
3447 488 3670 557 perinde
3711 507 3773 541 ac
3819 506 3998 557 preces

783 577 925 643 apud
973 577 1357 641 Alexandrum,
1393 576 1484 643 qui
1533 585 1658 630 tunc
1683 585 1800 630 erat
1837 584 2041 645 legatus
2107 575 2337 628 civitatis

779 667 1027 738 Gangrte,
1049 677 1100 722 et
1130 668 1215 722 cui
1258 667 1562 722 mandatum
1615 666 1870 720 fueratab
1901 667 2247 736 imperatore,
2280 675 2338 719 ut

776 761 999 814 deorum
1031 761 1246 829 quidem
1273 760 1476 813 cultum
1507 759 1654 812 omni
1686 759 1863 812 studio
1895 769 2113 828 angeret
2147 769 2201 813 et
2249 774 2343 812 ex-

781 854 994 906 tolleret
1029 869 1041 904 :
1077 852 1167 918 qui
1197 852 1574 905 invenirentur
1607 862 1806 915 autem,
1827 849 2167 905 Christianos
2197 851 2338 904 mul-

780 944 848 996 tis
883 943 1175 1011 subjiceret
1231 941 1688 1011 suppliciis.Quod
1725 943 1766 994 si
1803 942 1857 994 in
1890 957 1987 996 sua
2020 956 2335 1012 persevera-

776 1043 899 1087 rent
955 1033 1232 1103 religione,
1266 1033 1424 1088 etiam
1462 1033 1621 1088 morti
1664 1033 1917 1087 traderet.

852 1171 915 1223 ll.
954 1170 1255 1225 Alexander
1287 1185 1414 1241 ergo
1449 1171 1689 1226 divinum
1728 1172 2092 1238 Theodotum,
2140 1172 2342 1241 produ-

780 1273 927 1316 ctum
958 1274 1082 1318 ante
1126 1281 1283 1319 suum
1336 1265 1824 1335 tribunal,cogebat
1851 1265 2150 1321 sacriﬁcare
2177 1267 2336 1319 simu-

776 1352 957 1407 lacris.
988 1351 1093 1407 Sed
1129 1354 1218 1409 ille
1263 1371 1331 1410 ne
1356 1371 1545 1410 aurem
1578 1357 1795 1425 quidem
1825 1357 2094 1426 pra'bebat
2130 1357 2193 1414 iis
2225 1374 2344 1428 quae

779 1446 1123 1500 dicebautur.
1141 1446 1372 1518 Legatus
1401 1457 1607 1514 autem,
1637 1465 1758 1504 cum
1795 1459 1936 1504 esset
1968 1461 2186 1520 paratus
2219 1431 2342 1506 eum

777 1538 991 1606 punire,
1035 1541 1426 1610 prohibebatur
1485 1556 1516 1594 a
1565 1541 1821 1612 dignitate
1869 1554 2179 1613 parentum.
2224 1544 2343 1599 Non

778 1633 922 1684 cnim
958 1632 1005 1685 ei
1037 1633 1449 1702 permittebatur
1471 1634 1791 1689 contumelia
1813 1634 2024 1691 allicere
2050 1638 2191 1692 ﬁlios
2245 1654 2342 1705 pa-

779 1723 1076 1787 triciorum,
1106 1724 1209 1778 nisi
1261 1723 1548 1795 imperator
1572 1727 1926 1795 permitteret.
1947 1725 2080 1780 Eum
2168 1726 2346 1796 itaque

779 1816 944 1868 mittit
976 1814 1030 1868 in
1083 1816 1430 1888 Cappadociae
1464 1819 1762 1873 Caesaream
1786 1819 1849 1872 ad
1884 1815 2140 1872 Faustum
2202 1834 2343 1888 prae-
2370 1813 2417 1870 B

778 1907 970 1959 sidcm.
1000 1908 1088 1961 llle
1107 1920 1307 1970 autem,
1327 1911 1415 1979 qui
1445 1926 1550 1979 quo
1581 1919 1698 1963 erat
1731 1911 1782 1963 in
1816 1910 2092 1979 impietate
2143 1912 2343 1965 arden-

780 1999 904 2059 tior,
943 2013 1008 2052 eo
1061 2009 1177 2052 erat
1230 2002 1438 2062 saevior,
1471 2017 1605 2055 .cum
1655 2002 2341 2072 accepissetTheodotum,

779 2103 901 2142 eum
933 2090 1112 2144 statim
1142 2091 1373 2161 conjecit
1429 2094 1480 2147 in
1505 2108 1790 2146 carcerem.
1823 2093 1951 2163 Ejus
1986 2111 2111 2148 vero
2150 2096 2345 2164 conjux

780 2181 881 2232 etsi
957 2190 1096 2235 esset
1151 2183 1367 2252 gravida
1402 2223 1415 2247 ,
1468 2185 1716 2237 maritum
1780 2195 1956 2240 tamen
2013 2198 2093 2240 est
2141 2192 2344 2251 secuta,

779 2281 833 2324 et
865 2283 987 2325 cum
1035 2273 1312 2341 Theodoto
1344 2275 1674 2346 ingrediente
1721 2291 2018 2341 carcerem,
2071 2295 2175 2332 una
2205 2297 2340 2350 quo-

781 2380 886 2432 que
927 2375 1008 2419 est
1057 2367 1546 2436 ingressalnterim
1578 2378 1759 2422 autem
1812 2367 1940 2420 dum
1971 2369 2129 2423 simul
2184 2373 2345 2442 dege-

781 2465 926 2520 rent,
971 2455 1281 2511 Theodotus
1315 2468 1368 2513 et
1419 2460 1597 2514 sciens
1623 2461 1800 2516 carnis
1829 2461 2269 2530 imbecillitatem,
2293 2475 2346 2519 et

782 2562 892 2599 non
960 2547 1209 2616 ignorans
1249 2551 1460 2621 tyranni
1518 2552 1801 2612 sazvitiam.
1852 2554 2126 2606 statuitad
2177 2555 2343 2609 Deum

782 2639 1071 2709 confugere
1103 2657 1117 2695 :
1143 2656 1300 2710 quem
1329 2643 1668 2710 precabatur,
1688 2652 1745 2696 ut
1769 2646 1880 2711 ipse
1903 2647 2079 2712 potius
2110 2662 2347 2700 morere-

783 2737 870 2781 tur
919 2745 1041 2782 cum
1103 2746 1301 2795 uxore,
1351 2746 1509 2800 quam
1572 2732 1771 2802 aliquid
1828 2734 2092 2788 accideret
2160 2751 2345 2789 eorum

781 2830 968 2874 mente
1055 2821 1357 2891 indignum,
1440 2822 1566 2876 dum
1627 2840 1733 2878 non
1802 2835 2023 2894 possent
2079 2827 2348 2882 sustinere

782 2914 1182 2967 vehementiam
1237 2915 1649 2983 suppliciorum.
1693 2917 1856 2969 Deum
1895 2919 2072 2987 itaque
2105 2922 2345 2990 rogabat,

781 3002 1014 3056 dicens:
1061 3003 1286 3058 Domine
1345 3004 1486 3060 Deus
1543 3006 1824 3068 virtutum,
1875 3008 2052 3061 dilecti
2106 3007 2222 3062 Filii
2275 3013 2347 3062 tui

782 3090 963 3157 Pater,
1023 3093 1114 3147 tibi
1175 3095 1456 3157 benedico,
1517 3105 1643 3150 ettc
1697 3098 1953 3165 gloriﬁco,
2008 3101 2150 3169 quod
2184 3101 2264 3153 vel
2299 3103 2347 3153 iu

783 3201 999 3240 carcere
1029 3187 1268 3242 habitare
1296 3199 1512 3258 propter
1545 3207 1738 3244 nomen
1788 3199 1935 3245 tuum
1989 3210 2106 3248 sum
2155 3195 2351 3252 conde-

783 3289 1018 3334 mnatus.
1039 3279 1139 3334 Sed
1163 3290 1210 3334 te
1232 3297 1378 3350 rogo,
1409 3283 1650 3343 Domine,
1690 3284 1902 3352 suscipe
1921 3285 2154 3336 animam
2177 3301 2346 3339 meam

784 3370 838 3422 in
890 3369 972 3424 his
1036 3371 1409 3435 viuculis,qui
1461 3387 1630 3424 meam
1691 3374 1830 3427 nosti
1884 3373 2349 3438 imbecillitatem,

784 3477 852 3516 ne
895 3461 1182 3530 aliquando
1232 3463 1283 3514 in
1321 3477 1402 3516 me
1455 3464 1713 3534 glorietur
1757 3466 2032 3523 inimicus.
2080 3466 2202 3534 Haec
2226 3483 2352 3537 ergo

787 3557 832 3611 is
886 3564 971 3612 est
1014 3566 1286 3624 precatus.
1332 3556 1432 3619 Qui
1475 3573 1603 3610 vero
1640 3558 1792 3610 ﬁnxit
1836 3559 2147 3645 singula‘tim
2190 3562 2350 3614 corda

785 3655 988 3710 nostra,
1022 3645 1114 3715 qui
1165 3647 1414 3717 intelligit
1473 3647 1656 3700 omnia
1721 3661 1882 3716 opera
1925 3656 2127 3710 nostra,
2170 3659 2353 3702 mente

786 3746 910 3792 ante
943 3752 1106 3807 opera
1132 3747 1399 3805 suscepta,
1420 3750 1538 3806 post
1560 3741 1717 3793 linem
1753 3739 2028 3802 oratiOuis,
2049 3740 2096 3793 ei
2123 3750 2349 3794 mortem

787 3829 942 3885 aﬁert
960 3829 1232 3900 evestigio.
1249 3830 1419 3899 Atque
1437 3832 1514 3883 sic
1529 3831 1745 3900 quidem
1771 3835 1999 3901 excessit
2017 3833 2348 3902 Theodotus,

789 3934 1016 3988 corpore
1047 3929 1260 3974 mortuo
1291 3921 1478 3974 relicto
1514 3922 1567 3974 in
1602 3921 1866 3975 custodia.

857 4053 942 4108 Ill.
1011 4054 1216 4124 Conjux
1273 4063 1450 4108 autem
1502 4054 1618 4123 ejus
1703 4054 1948 4119 Rullina,
1986 4073 2092 4112 non
2160 4057 2351 4114 ferens

793 4148 1142 4202 atllictionem
1174 4147 1429 4208 carceris,
1450 4164 1571 4201 cum
1599 4149 1710 4217 Ipsa
1737 4164 1950 4217 quoque
1974 4149 2352 4218 intempestive

791 4239 1092 4309 peperisset
1129 4238 1321 4299 filium,
1360 4248 1543 4308 utpote
1592 4241 1734 4308 quod
1785 4256 1971 4309 magna
2015 4240 2098 4293 illa
2138 4239 2352 4293 aillictio

790 4330 1159 4395 ellecisset,ut
1183 4339 1397 4398 pareret
1431 4341 1623 4398 praeter
1645 4340 1913 4395 naturam,
1958 4331 2355 4386 distrahebatur

793 4422 974 4474 multis
1007 4437 1071 4475 ac
1103 4422 1265 4475 variis
1295 4421 1456 4474 animi
1485 4423 2005 4490 perturbationibus.
2057 4426 2184 4478 Eam
2229 4442 2349 4497 gra-

793 4512 928 4565 viter
986 4513 1213 4582 augebat
1257 4529 1402 4566 mors
1447 4514 1649 4579 mariti,
1677 4513 1991 4580 premebant
2030 4518 2355 4584 gravissime

791 4606 859 4657 de
909 4603 1113 4658 infante
1200 4603 1616 4667 sollicitudines,
1653 4616 1708 4659 et
1766 4607 2010 4674 praesidis
2067 4606 2356 4660 crudelitas

794 4695 1062 4752 cﬂlciebat
1091 4704 1148 4747 ut
1196 4706 1436 4749 extrema
1473 4700 1685 4751 timeret
1708 4706 1761 4750 et
1786 4698 2263 4764 contremisceret;
2303 4709 2357 4752 et

795 4797 974 4839 tamen
1034 4803 1064 4841 a
1103 4783 1250 4838 nullo
1283 4785 1476 4838 horum
1525 4787 1859 4852 vincebatur,
1884 4788 1974 4841 sed
2013 4786 2118 4840 Deo
2141 4789 2353 4856 quidem

795 4881 1058 4934 infantem
1140 4881 1489 4936 commendat
1540 4890 1594 4934 et
1653 4884 1901 4943 dedicat;
2001 4884 2112 4950 ipsa
2176 4894 2356 4936 autem

795 4975 1040 5030 assidens
1064 4975 1244 5029 mariti
1279 4977 1542 5043 reliquiis,
1566 4985 1619 5031 et
1651 4977 1842 5045 partim
1872 4979 2088 5044 quidem
2139 4978 2358 5031 misera-

798 5063 976 5120 biliter
1007 5065 1208 5124 deﬂens
1241 5066 1608 5130 solitudinem,
1639 5069 1835 5136 partim
1874 5074 2055 5121 autem
2097 5082 2203 5120 non
2239 5082 2360 5121 sus-

797 5160 976 5212 tinens
1004 5156 1216 5227 conjugi
1251 5159 1490 5214 relictam
1524 5173 1645 5214 esse
1683 5161 2056 5227 superstitem,
2085 5160 2140 5213 in
2187 5160 2392 5230 lacry-v

800 5250 904 5303 mis
979 5258 1032 5303 ct
1078 5249 1329 5320 suspiriis
1381 5251 1495 5305 hzec
1545 5249 1760 5305 dicebat
1808 5249 1958 5303 Deo:
2003 5249 2102 5316 Qui
2159 5249 2357 5304 tinxisti

801 5343 1095 5406 hominem,
1120 5353 1171 5396 et
1233 5357 1296 5396 ex
1330 5341 1449 5410 ejus
1493 5343 1656 5397 latere
1713 5343 1878 5400 Evam
1949 5358 2007 5396 es
2043 5343 2358 5406 fabricatus,

801 5435 1038 5491 concede
1088 5442 1141 5489 ut
1177 5450 1274 5504 ego
1313 5450 1528 5506 quoque
1569 5436 1754 5489 eadem
1800 5438 1881 5491 via
1931 5435 2207 5504 ingrediar
2255 5449 2359 5502 qua

803 5528 1026 5583 maritus
1051 5535 1106 5582 et
1143 5526 1366 5581 liberata
1392 5528 1460 5582 ab
1508 5526 1592 5580 his
1639 5530 1797 5580 rebus
1837 5527 2054 5582 caducis
2087 5537 2140 5580 et
2177 5527 2359 5591 ﬂuxis,

805 5630 1074 5677 transeam
1117 5621 1182 5677 ad
1219 5636 1281 5677 ea
1315 5635 1434 5690 quae
1482 5632 1610 5676 sunt
1656 5621 1798 5691 apud
1847 5629 1897 5674 te
1929 5622 2272 5675 tabernacula
2308 5630 2367 5673 ct-

807 5716 1137 5778 mansiones,
1217 5730 1334 5786 qua
1419 5726 1543 5769 sunt
1617 5725 1831 5770 teterntc
1922 5723 1976 5767 et
2092 5716 2143 5769 in
2230 5729 2362 5784 quas

808 5822 912 5862 non
991 5808 1133 5862 cadit
1200 5809 1465 5864 interitus.
1527 5807 1649 5862 Haec
1739 5809 1902 5862 Deum
1980 5817 2191 5876 precata
2278 5820 2356 5863 est

2443 593 2803 647 consequens,
2832 577 2945 646 ipsa
2971 593 3186 647 quoque
3221 579 3452 634 decedit.

2514 669 2602 723 IV.
2641 669 2713 724 Ea
2745 684 2876 739 ergo
2917 669 3144 737 beatum
3193 669 3324 723 illud
3378 670 3440 723 ad
3472 669 3638 724 Deum
3675 670 3781 725 iter
3823 671 3997 738 ingrcv

2444 763 2649 828 diente,
2682 761 2828 816 solus
2869 760 3045 816 infans
3083 761 3292 830 jacebat
3333 762 3486 816 vivus
3530 763 3671 816 inter
3709 773 3993 831 parentum

2444 855 2719 923 reliquias.
2759 854 3016 908 Protinus
3051 864 3232 906 autem
3275 855 3518 923 quaedam
3555 854 3732 906 divina
3782 853 3919 906 visio
3950 854 3994 904 in

2445 947 2632 1000 habitu
2665 946 2905 1016 etﬁgura
2941 945 3324 1006 adolescentis,
3371 955 3592 1014 apparet
3636 945 3854 998 cuidam
3892 932 4003 995 mu-

2443 1039 2560 1092 lieri
2598 1040 2753 1093 clara:
2785 1047 2837 1091 ct
2866 1052 3062 1107 genere
3093 1046 3148 1092 et
3182 1037 3392 1106 opibus,
3419 1051 3591 1105 neque
3623 1036 3805 1089 minus
3837 1035 3999 1104 pictu-

2448 1141 2498 1184 te
2543 1146 2604 1184 ac
2655 1131 2932 1198 religione,
2988 1131 3281 1184 vocabatur
3330 1138 3506 1182 autem
3551 1127 3761 1181 Ammia
3819 1135 3916 1179 :et
3957 1127 4000 1178 ci

2441 1224 2614 1292 jubet,
2637 1231 2694 1276 ut
2726 1233 2870 1292 petat
2895 1223 3108 1292 quidem
3137 1237 3166 1275 a
3197 1221 3421 1290 preside
3448 1234 3671 1287 corpora
3695 1229 4002 1274 sanctorum

2445 1315 2536 1383 qui
2570 1315 2908 1369 dormierunt
2939 1314 2990 1367 in
3021 1327 3237 1368 carcere
3284 1330 3296 1366 :
3331 1312 3478 1369 tollat
3511 1320 3690 1364 autem
3743 1309 4001 1362 infantem

2447 1419 2684 1473 quoque,
2729 1403 2820 1473 qui
2863 1403 3003 1472 jacet
3047 1403 3187 1456 inter
3235 1417 3348 1466 eos,
3380 1411 3434 1456 et
3463 1417 3587 1455 eum
3636 1400 3740 1453 sibi
3790 1398 4006 1466 adeptet

2446 1496 2501 1548 in
2554 1495 2721 1549 filium
2749 1534 2761 1558 ,
2785 1503 2840 1549 et
2875 1510 3119 1564 magnam
3149 1494 3269 1562 ejus
3303 1509 3488 1547 curam
3533 1502 3704 1561 gerat.
3749 1490 3843 1543 Illa
3880 1506 4006 1542 vero

2448 1587 2684 1655 (carebat
2717 1588 2858 1641 enim
2895 1585 3100 1651 liberis,
3128 1595 3179 1638 et
3213 1590 3330 1639 erat
3357 1582 3683 1647 vidua)sicut
3705 1583 3751 1634 ei
3789 1580 4008 1632 manda-

2447 1677 2525 1730 vit
2571 1678 2868 1740 somnium,
2911 1677 2976 1729 ad
3023 1675 3306 1744 praesidem
3344 1673 3450 1729 cito
3497 1673 3784 1732 accedens,
3827 1672 4013 1723 habuit

2448 1783 2571 1822 eum
2619 1769 2776 1823 facile
2815 1779 3144 1821 annuentem
3197 1768 3316 1836 ejus
3359 1766 3632 1836 petitioni.
3699 1765 3838 1818 Nam
3885 1778 4006 1814 eum

2447 1876 2661 1929 quoque
2692 1875 2894 1913 morem
2929 1869 3200 1929 gerentem
3235 1859 3411 1914 effecit
3441 1859 3618 1913 divina
3654 1856 3852 1927 gratia.
3896 1854 4011 1907 Sta-

2450 1955 2544 2005 tim
2616 1952 2761 2006 enim
2811 1951 3062 2012 reddidit,
3120 1967 3238 2019 quae
3292 1951 3515 2003 Ammia:
3574 1951 3726 2018 jussa
3774 1949 4008 2001 fuerant.

2447 2043 2806 2108 Quamobrem
2872 2057 2993 2097 cum
3054 2050 3444 2096 etsanrtorum
3493 2056 3718 2109 corpora
3743 2052 3800 2092 et
3835 2039 4008 2091 infan-

2448 2147 2556 2191 tem
2607 2144 2970 2205 exportasset,
3018 2135 3107 2187 illa
3154 2134 3371 2201 quidem
3421 2132 3704 2201 Splendide
3755 2133 4005 2184 simulet

2448 2229 2727 2298 magniﬁce
2765 2230 2816 2282 in
2847 2243 2943 2281 suo
2966 2227 3120 2280 horto
3148 2226 3336 2295 sepelit
3364 2245 3376 2280 :
3411 2224 3668 2277 infantem
3703 2232 3886 2276 autem
3912 2222 4016 2275 sibi

2448 2319 2641 2376 educat
2685 2320 2736 2371 in
2785 2320 2974 2380 filium,
3018 2328 3071 2371 et
3121 2332 3225 2370 non
3257 2330 3434 2379 secus,
3461 2324 3619 2381 atque
3648 2314 3688 2367 si
3736 2315 3854 2381 ipsa
3887 2328 4008 2365 eum

2448 2411 2752 2482 peperisset
2795 2425 2917 2464 eum
2965 2407 3139 2462 alebat
3215 2416 3266 2461 et
3320 2404 3620 2462 erudiebat,
3670 2413 3836 2471 atque
3880 2404 4016 2455 adeo

2447 2507 2731 2571 majorem,
2759 2519 2916 2571 quant
2939 2503 2979 2556 si
3011 2501 3200 2554 fuisset
3231 2510 3398 2552 mater
3415 2499 3750 2567 ejus,curam
3770 2495 4012 2566 gerebat.

2522 2594 2584 2647 Υ.
2616 2594 2869 2645 Pet-actus
2896 2600 3073 2645 autem
3097 2590 3205 2658 jam
3243 2598 3356 2642 erat
3382 2603 3574 2646 annus.
3603 2603 3663 2639 ex
3700 2603 3810 2654 quo
3844 2587 4016 2638 fuerat

2449 2689 2735 2755 adoptatus
2768 2703 2779 2739 :
2819 2694 3005 2753 etquo
3050 2683 3217 2749 magis
3245 2695 3378 2750 puer
3409 2679 3711 2741 crescebat,
3746 2692 3812 2729 eo
3847 2679 4016 2745 magis

2451 2781 2778 2851 procedente
2839 2787 3100 2844 tempore,
3145 2772 3307 2826 simul
3360 2787 3571 2840 quoque
3629 2770 3911 2824 crescebat
3965 2769 4016 2819 in

2451 2890 2574 2929 eum
2620 2888 2768 2926 amor
2799 2871 3043 2925 Ammize.
3096 2869 3228 2922 Dum
3267 2865 3410 2920 enim
3465 2867 3704 2928 videbat,
3752 2875 4016 2932 tanquam

2451 2965 2684 3017 fructum
2734 2961 2814 3014 sui
2867 2960 3104 3020 ωιτη-ἰ,οι
3149 2957 3488 3010 existimabat
3519 2971 3576 3008 se
3622 2971 3746 3007 eum
3798 2956 4017 3007 habitu-

2455 3072 2596 3116 rum,
2625 3054 2712 3124 qui
2755 3055 2922 3122 ipsam
2967 3051 3190 3120 pulchre
3239 3051 3291 3103 iu
3336 3058 3617 3102 senectute
3651 3047 3848 3099 aleret.
3891 3043 4010 3097 Jam

2379 3148 2422 3207 C
2459 3147 2757 3201 secundum
2796 3161 2997 3197 annum
3050 3141 3228 3195 infans
3263 3139 3580 3210 attingebat,
3623 3138 3888 3207 etlingua
3944 3147 4021 3189 te-

2459 3258 2584 3297 nera
2616 3241 2882 3295 Ammiam
2921 3248 3074 3290 vocat
3113 3251 3422 3289 mammam.
3459 3233 3570 3286 Hoc
3603 3242 3786 3284 autem
3839 3231 4019 3298 lingua

2457 3336 2822 3387 Romanorum
2871 3331 3135 3398 significat
3178 3337 3415 3380 matrem.
3473 3322 3658 3389 itaque
3716 3321 3895 3388 prima
3939 3321 4020 3370 in~

2456 3428 2637 3485 fantis.
2675 3421 2938 3478 balbuties
3004 3419 3277 3489 preprium
3347 3428 3543 3468 nomen
3611 3411 3660 3465 ei
3712 3409 3926 3472 tribuit,
3973 3418 4023 3460 ct

2455 3519 2657 3572 Marnas
2690 3515 2982 3570 vetabatur
3010 3514 3075 3564 ab
3110 3509 3380 3566 erunibus.
3423 3516 3475 3559 et
3524 3506 3588 3558 de
3619 3515 3822 3558 caetero
3858 3518 4022 3571 agno-

2455 3613 2722 3666 scebatur.
2761 3606 2894 3660 Cum
2933 3603 3122 3656 fuisset
3153 3609 3330 3651 autem
3367 3598 3603 3665 quinque
3632 3610 3810 3646 annos
3841 3606 4020 3648 natus.

2455 3718 2576 3758 eum
2608 3697 2952 3754 commendat
3000 3692 3209 3747 Ammia
3251 3689 3521 3756 magistris
3555 3685 3894 3739 litterarum.
3927 3683 4020 3735 Hic

2455 3810 2582 3850 vero
2629 3789 2941 3844 movebatur
2991 3798 3178 3840 earum
3222 3778 3527 3834 vehementi
3588 3793 3804 3839 amore,
3851 3788 3906 3832 et
3965 3779 4022 3830 in

2455 3887 2698 3942 doctrina
2742 3898 2805 3937 ac
2855 3877 3154 3947 disciplinis
3183 3885 3298 3928 erat
3349 3874 3502 3942 longe
3554 3872 3668 3926 suis
3721 3871 4020 3938 aequalibus

2455 3976 2747 4045 superior;
2831 3979 3053 4038 eratque
3101 3967 3220 4035 ejus
3267 3965 3480 4016 animus
3510 3971 3656 4013 totus
3691 3966 4021 4019 intentus,et

2456 4071 2613 4139 plane
2647 4065 2853 4121 deﬁxus
2884 4062 2934 4115 in
2969 4059 3293 4114 eruditione.

2532 4161 2622 4215 Vl.
2685 4159 3048 4214 Romanorum
3113 4162 3296 4206 autem
3351 4157 3564 4217 sceptra
3617 4155 3753 4199 tunc
3809 4145 4025 4199 tenebat

2459 4252 2750 4317 imperator
2793 4245 3133 4307 Aurelianus,
3157 4242 3246 4311 qui
3277 4241 3496 4308 cogebat
3524 4251 3717 4290 omnes
3752 4235 4026 4289 sacriﬁca-

2461 4359 2518 4397 re
2564 4339 2924 4400 daemonibus,
2975 4353 3081 4390 non
3119 4335 3288 4387 solum
3346 4331 3488 4384 viros
3517 4337 3572 4384 et
3617 4327 3908 4388 mulieres,
3941 4327 4027 4380 sed

2456 4437 2619 4491 etiam
2671 4447 2888 4504 pueros.
2926 4429 3154 4485 Maxime
3191 4435 3368 4480 autem
3400 4423 3449 4478 ei
3484 4437 3626 4476 curae
3663 4431 3828 4475 erant
3857 4420 4025 4490 pueri.

2458 4527 2813 4586 Existimabat
2866 4524 3009 4579 enim
3043 4537 3100 4576 se
3150 4520 3305 4574 facile
3359 4533 3453 4571 eos
3497 4530 3616 4569 esse
3668 4515 4026 4568 inducturum

2461 4630 2682 4692 propter
2714 4619 2886 4672 aetatis
2932 4614 3296 4668 teneritatem.
3340 4607 3447 4661 Sed
3495 4606 3582 4658 alii
3615 4605 3844 4670 quidem
3885 4604 4029 4672 pueri

2458 4726 2646 4766 revera
2685 4707 2947 4762 cedebant
2979 4699 3246 4759 voluntati
3288 4695 3631 4768 imperatoris
3670 4711 3683 4749 :
3719 4694 3818 4762 qui
3857 4704 4028 4746 autem

2458 4820 2581 4859 cum
2633 4802 2898 4856 Mamante
2952 4797 3283 4851 ventitabant
3321 4787 3386 4844 ad
3437 4790 3622 4842 ludtnn
3669 4787 4028 4845 litterarium,

2462 4896 2815 4950 imitabantur
2845 4890 2949 4961 ipsi
2991 4902 3203 4959 quoque
3241 4898 3430 4939 canam
3471 4880 3623 4950 pueri
3655 4879 4030 4952 prudentiam.

2461 4999 2514 5044 et
2565 5004 2667 5043 nec
2717 4987 2883 5042 verba
2951 4983 3168 5052 quidem
3221 4979 3408 5032 audire
3463 4988 3688 5029 necesse
3723 4972 4024 5026 habebant.

2461 5079 2713 5145 Quotidie
2763 5076 2906 5130 enim
2979 5073 3310 5125 docebantur
3365 5066 3593 5119 honesto
3647 5063 3743 5115 illo
3809 5060 4024 5129 pulchri

2464 5166 2747 5223 Mamautis
2816 5160 3126 5232 spectaculo
3194 5166 3249 5213 et
3293 5153 3538 5225 exemplo
3596 5149 3779 5206 solum
3845 5164 4029 5203 verum

2462 5272 2755 5330 agnoscere
2797 5255 2964 5310 Deum
3009 5249 3246 5307 universi
3294 5247 3562 5318 opiﬁcem,
3590 5251 3646 5296 et
3675 5242 3727 5294 ei
3763 5239 4028 5293 rationale

2462 5351 2762 5402 animorum
2817 5344 3013 5398 offerre
3043 5339 3367 5396 sacriﬁcium
3411 5351 3425 5388 :
3457 5349 3552 5388 eos
3599 5343 3811 5395 autem,
3844 5333 3939 5398 qui
3969 5331 4027 5380 ab

2465 5437 2645 5506 impiis
2678 5424 2732 5490 et
2781 5438 3033 5489 coluntur
3066 5441 3119 5486 et
3164 5429 3462 5483 adorantur
3490 5423 3789 5490 dii.uugas
3843 5417 4025 5473 existi-

2467 5545 2636 5592 mare,
2665 5538 2715 5582 et
2758 5528 2948 5599 plenos
2981 5524 3181 5593 probro
3212 5529 3267 5574 et
3305 5517 3587 5572 dedecore.
3631 5511 3822 5570 Fausti
3852 5519 4026 5566 autem

2463 5621 2721 5676 Caesareas
2781 5617 3045 5691 praesidis,
3096 5624 3376 5667 successor
3399 5619 3614 5663 creatus
3666 5606 4024 5658 Democrims.

2466 5717 2547 5770 vir
2581 5713 2731 5767 valde
2783 5714 2997 5781 spirans
3046 5706 3402 5774 impietatem,
3454 5709 3509 5754 et
3542 5712 3813 5752 accensus
3868 5693 4023 5744 vehe-

2466 5807 2628 5864 menti
2685 5805 2800 5877 ejus
2856 5801 3213 5861 temulatione,
3257 5811 3380 5855 cum
3468 5793 3706 5864 primum
3787 5782 4022 5840 ascendit
