4170 6322
202 368 303 430 569

197 478 345 530 Caesa
354 492 521 542 ream,
589 478 792 532 bonum

196 568 464 634 deferunt,
492 570 637 639 quod
671 584 781 624 non
828 570 1004 624 solum
1038 568 1153 638 ipse
1204 567 1336 621 deos
1391 582 1496 621 non
1530 565 1757 625 coleret,

195 663 289 716 sed
321 676 447 715 suos
477 677 690 731 quoque
719 662 954 730 aequales
990 670 1043 714 et
1074 658 1482 728 condiscipulos
1511 656 1577 711 ad
1604 671 1754 710 erro-

196 770 311 809 rem
379 770 535 808 suum
586 769 778 809 omnes
828 754 1126 808 induceret.
1179 752 1386 806 Marnas
1422 761 1602 805 autem
1651 750 1759 815 jam

194 848 444 916 quintum
495 847 764 901 decinmm
818 846 1007 915 agebat
1055 861 1260 899 annum
1315 844 1618 908 artatis;et
1666 843 1761 896 ho-

196 948 352 999 nesta
384 954 623 997 matrona
663 944 788 1013 (hoc
818 944 962 997 enim
1007 952 1123 998 erat
1168 942 1396 997 Ammite
1435 938 1759 1009 epithetnm)

198 1046 370 1091 morte
396 1036 653 1105 privatus,
686 1035 743 1089 fit
788 1050 1072 1090 successor
1100 1044 1153 1090 ct
1182 1035 1354 1089 haeres
1381 1033 1499 1104 ejus
1534 1032 1764 1086 faculta-

198 1137 333 1181 tum.

264 1218 373 1272 Vll.
431 1218 774 1273 Democritus
823 1233 973 1288 ergo,
1028 1232 1151 1272 cum
1215 1217 1334 1270 hmc
1383 1216 1628 1271 audisset
1689 1215 1759 1271 de

202 1304 494 1368 Mamante.
545 1306 647 1360 fuit
704 1308 949 1375 protinus
992 1306 1253 1359 efferatus
1289 1305 1342 1359 in
1396 1320 1645 1375 puerum.
1697 1302 1763 1358 Et

194 1414 319 1452 cum
376 1397 647 1452 effecisset
719 1407 773 1451 ut
824 1397 891 1451 ad
950 1412 1109 1451 suum
1160 1397 1394 1451 tribunal
1454 1395 1760 1460 sisteretur,

194 1488 431 1556 primum
478 1486 695 1556 quidem
750 1488 1042 1557 interrogat
1094 1502 1162 1541 an
1208 1497 1352 1541 esset
1377 1486 1759 1542 Christianus:

191 1580 413 1643 deinde,
445 1596 511 1633 an
547 1580 635 1635 ille
665 1592 833 1644 esset,
861 1582 951 1650 qui
984 1595 1161 1651 neque
1190 1582 1302 1650 ipse
1340 1580 1444 1635 diis
1468 1578 1759 1643 sacrificat,

190 1681 248 1728 et
302 1674 586 1742 persuadet
634 1674 1037 1742 condiscipulis,
1076 1689 1146 1728 ne
1176 1682 1399 1744 pareant
1428 1673 1758 1742 imperatori.

1295 364 1764 426 MARTYRIUM
1804 364 1866 424 S.
1913 364 2333 428 MAMANTIS.

889 477 1211 531 Mamautem
1300 475 1366 529 ad
1405 489 1529 528 eum
1572 470 1754 527 statim
1793 472 1835 529 Α
1866 471 1909 525 si
1940 483 1993 527 et
2027 474 2175 527 nullo
2232 489 2393 532 scnsu
2426 472 2659 545 praediti,
2686 474 2827 542 quod
2854 488 2917 529 ea
2951 474 3131 529 colere
3155 483 3207 528 et
3251 475 3301 527 in
3328 474 3431 527 ho-

3328 366 3430 427 570

1866 581 1999 620 nore
2040 566 2245 620 habere
2273 567 2499 620 omnino
2540 565 2843 621 sustinetis.
2905 564 3102 620 Desine
3165 580 3292 636 ergo
3329 567 3432 625 mi-

1869 673 1967 712 nas
1999 657 2271 712 intentare
2326 658 2613 722 terribiles,
2642 667 2701 711 ut
2728 658 2821 711 tibi
2865 656 3137 719 videntur,
3166 665 3219 710 et
3261 656 3430 709 maxi-

1864 765 1947 802 ma
1982 749 2243 818 polliceri.
2274 748 2403 803 Nam
2437 749 2667 820 puniens
2691 748 2936 815 quidem,
2965 746 3297 810 benef-acies;
3335 748 3429 801 be-

1863 840 2140 897 nefaciens
2165 851 2342 895 autem
2366 842 2565 895 damno
2592 840 2791 895 adicies
2827 838 3080 893 maximo.
3107 837 3211 891 Pro
3263 823 3428 891 Chri—

1863 940 1945 987 sto
1968 933 2110 985 enim
2145 932 2305 995 mori,
2363 941 2445 991 est
2478 932 2610 986 mihi
2667 932 2857 1001 quovis
2913 931 3125 985 honore
3153 941 3210 984 et
3271 934 3429 990 lucro

1861 1022 2225 1088 praestantius.
2263 1023 2359 1080 llis
2390 1024 2743 1077 vehementer
2805 1022 3045 1076 irritatus
3105 1021 3432 1076 Aurelianus

1857 1113 2011 1181 jubet
2044 1129 2245 1184 corpus
2278 1114 2430 1183 pueri
2486 1114 2619 1168 caedi
2656 1114 2856 1185 ﬂagris.
2888 1115 3061 1182 Atque
3097 1113 3429 1167 adolescenti

1863 1206 2082 1273 quidem
2118 1209 2405 1274 prudentia
2435 1223 2572 1262 cano
2604 1208 2917 1263 caadebatur
2952 1215 3200 1264 tenerum
3234 1215 3290 1260 et
3320 1221 3433 1259 mo-

1862 1298 1932 1351 do
1960 1296 2158 1351 ﬂorens
2209 1315 2446 1368 corpus;
2514 1299 2602 1353 ille
2649 1315 2776 1353 vero
2828 1298 3053 1369 perinde
3099 1298 3433 1353 afﬁciebatur

1862 1397 2021 1458 atque
2054 1404 2101 1443 St
2134 1391 2522 1456 quatereturiu
2552 1392 2780 1445 somnis.

1933 1499 2026 1555 ιχ.
2079 1499 2213 1554 Cum
2247 1509 2426 1555 autem
2460 1500 2754 1568 imperator
2806 1518 2871 1557 eo
2904 1506 3021 1572 ipso
3045 1507 3306 1570 tempore,
3328 1516 3437 1568 quo

1868 1594 2219 1662 torquebatur
2275 1609 2433 1664 puer,
2486 1595 2535 1648 ei
2598 1595 2934 1657 adularctur,
2986 1601 3052 1647 et“
3108 1607 3230 1646 eum
3285 1593 3437 1645 onnii

1868 1687 2076 1740 ratione
2104 1693 2392 1742 conaretur
2439 1688 2706 1753 emollire,
2744 1688 2961 1747 dicebat
2983 1686 3128 1740 enim
3172 1704 3188 1741 :
3221 1684 3314 1739 Dic
3348 1683 3438 1736 vel

192 1766 289 1862 ille
326 1773 530 1828 aulem.
561 1766 845 1862 ξῖιηὲοτωην
871 1782 1031 1834 quam
1062 1775 1192 1820 ωῑεε
1218 1767 1541 1833 Ρθιῖεδίιῐιιτν
1565 1780 1674 1834 Dm
1700 1779 1757 1818 5°
1792 1810 1830 1862 Β
1863 1780 2173 1835 solislabris
2193 1791 2242 1835 te
2264 1776 2693 1836 sacrificaturum
2719 1799 2731 1834 :
2757 1791 2810 1834 et
2830 1780 3006 1835 statim
3040 1779 3354 1833 liberaberis
3371 1777 3437 1829 ab

192 1857 378 1911 ferens
408 1857 573 1910 animi
617 1858 1004 1919 constantiam,
1050 1867 1105 1911 et
1156 1858 1295 1910 nihil
1350 1858 1708 1912 conturbatus
1739 1897 1752 1918 .

191 1937 328 2010 Ego,
380 1940 574 2008 inquit,
623 1950 856 1994 vestram
905 1940 1058 1995 valde
1106 1941 1411 1994 condemno
1479 1942 1756 2005 canitiem,

191 2032 339 2100 quod
377 2041 522 2086 tanta
552 2033 867 2088 circumfusi
902 2033 1019 2087 sitis
1051 2026 1259 2089 erroris
1290 2034 1538 2105 caligine,
1572 2045 1629 2089 ut
1658 2050 1761 2089 nec

190 2125 413 2194 possitis
458 2126 673 2195 quidem
727 2125 1003 2195 adspicere
1026 2128 1090 2182 ad
1140 2127 1316 2181 radios
1349 2128 1613 2193 veritatis,
1640 2132 1758 2193 sed,

191 2231 328 2271 vero
358 2227 412 2272 et
468 2220 589 2272 vivo
630 2219 738 2273 Deo
785 2219 997 2284 relicto,
1049 2220 1353 2275 accessistis
1389 2220 1455 2274 ad
1490 2221 1761 2276 dzemones

191 2311 466 2365 inanimos
503 2321 557 2365 et
586 2312 798 2364 surdos.
857 2311 988 2364 Nam
1021 2328 1118 2376 ego
1150 2314 1366 2381 quidem
1399 2328 1428 2367 a
1460 2329 1580 2368 meo
1608 2311 1763 2367 Chri-

190 2415 283 2459 sto
325 2419 602 2471 nunquam
657 2403 1001 2466 recedam,ct
1050 2419 1403 2472 quoscunque
1456 2415 1643 2473 potero
1695 2406 1761 2458 ad

188 2510 321 2549 eum
377 2493 665 2548 adducam.
723 2494 1030 2549 Admiratus
1085 2503 1168 2549 est
1228 2494 1561 2549 Democritus
1614 2494 1761 2563 pueri

189 2586 415 2641 dicendi
461 2586 765 2641 libertatem
826 2596 879 2642 et
901 2587 1079 2640 statim
1135 2587 1201 2641 ab
1257 2586 1414 2641 initio
1464 2586 1761 2654 desperans

190 2692 252 2730 se
286 2692 443 2746 posse
488 2691 611 2729 eum
660 2678 941 2740 inducere,
985 2676 1143 2729 simul
1176 2684 1228 2729 et
1260 2676 1493 2730 minatus
1519 2685 1601 2729 est
1631 2676 1765 2729 ado-

190 2770 419 2824 lescenti
447 2777 498 2823 et
526 2768 591 2821 iis
624 2769 712 2836 qui
743 2783 866 2821 eum
910 2765 1350 2828 circumstabant,
1378 2765 1540 2833 jussit
1565 2766 1764 2818 ducere

191 2877 427 2932 puerum
479 2860 543 2913 ad
599 2866 774 2912 aram‘
810 2859 1110 2927 Serapidis.
1180 2872 1236 2913 ut
1273 2858 1354 2912 vel
1419 2858 1621 2910 invitus
1664 2858 1765 2910 deo

188 2957 547 3012 sacrificaret.
588 2953 678 3008 Ille
740 2964 918 3007 autem
959 2954 1097 3007 nihil
1148 2970 1177 3007 a
1234 2954 1396 3008 minis
1460 2951 1767 3007 eﬂ'eminate

187 3048 425 3101 affectus
474 3055 528 3099 et
585 3044 946 3107 illiberaliter,
983 3045 1050 3096 At
1114 3060 1223 3097 non
1250 3023 1393 3098 licet.
1443 3043 1636 3118 inquit,
1672 3041 1765 3097 tibi

1861 1871 2006 1925 omni
2031 1871 2296 1940 supplicio
2318 1889 2331 1925 :
2350 1870 2464 1925 Non
2483 1888 2600 1943 ego,
2621 1872 2795 1941 inquit
2819 1872 3042 1933 Mamas,
3066 1885 3095 1921 o
3119 1870 3434 1937 imperator,

1864 1965 2039 2019 solum
2065 1964 2197 2017 mihi
2226 1980 2411 2017 verum
2442 1962 2609 2017 Deum
2636 1975 2688 2018 ct
2708 1964 2907 2032 Regem
2938 1962 3236 2027 Christum,
3259 1975 3438 2028 neque

1861 2058 2026 2112 labris
2085 2073 2186 2111 nec
2221 2057 2385 2111 corde
2418 2056 2747 2127 negaverim,
2792 2055 2953 2109 etiam
3000 2053 3043 2108 si
3083 2052 3440 2123 prmsentibus

1864 2150 2024 2219 longe
2074 2150 2321 2224 graviora
2359 2147 2768 2219 excogitaveris.
2811 2146 2951 2212 Quin
3005 2146 3167 2199 etiam
3220 2158 3440 2210 magnas

1865 2242 1961 2296 tihl
1995 2240 2167 2293 habeo
2202 2239 2418 2309 gratias,
2446 2238 2587 2307 quod
2642 2253 2727 2291 me
2765 2254 2861 2307 per
2899 2239 3015 2289 haec
3074 2244 3337 2289 tormenta
3388 2234 3436 2287 ei

1865 2348 2027 2402 quem
2067 2331 2319 2388 desidero
2356 2329 2655 2396 concilies;
2684 2340 2739 2383 et
2765 2337 2890 2396 opto
2918 2328 3111 2388 solum,
3146 2341 3210 2379 ne
3247 2341 3440 2396 manus

1866 2422 2229 2491 defatigentur
2271 2420 2585 2481 tortoribus,
2633 2434 2753 2489 qua!
2801 2422 2935 2488 jam,
2982 2429 3038 2472 ut
3096 2417 3266 2479 vides,
3308 2417 3445 2470 mihi

1866 2529 2053 2583 magna
2081 2514 2221 2566 bona
2250 2523 2559 2581 procurant:
2590 2513 2683 2566 sed
2719 2512 2953 2564 robusta:
3006 2510 3183 2578 potius
3201 2509 3437 2561 reddan-

1869 2613 1955 2659 tur
1981 2614 2035 2658 et
2074 2604 2340 2657 valentes.
2387 2602 2713 2655 Aurelianus
2770 2609 2949 2654 autem
2979 2610 3265 2675 postquam
3306 2594 3441 2652 vidit

1867 2712 1988 2751 eum
2014 2706 2117 2750 tam
2159 2710 2348 2765 parum
2376 2709 2568 2748 curare
2608 2694 2859 2754 verbera,
2890 2692 3043 2760 jubet
3077 2691 3125 2744 ei
3176 2691 3437 2744 nudatum

1868 2805 2068 2859 corpus
2094 2800 2261 2844 totum
2293 2789 2484 2843 torreri
2505 2786 2744 2841 lucernis
2765 2785 2902 2857 ignis
2935 2802 2949 2839 :
3003 2792 3061 2837 ut
3096 2799 3218 2846 cum
3249 2798 3440 2839 carnes

1869 2883 2127 2951 paulatim
2190 2881 2586 2949 eliquarentur,
2627 2887 2680 2931 et
2732 2877 2937 2930 diutius
3017 2890 3327 2929 versaretur
3388 2874 3439 2926 in

1870 2980 2162 3033 tormento,
2221 2979 2275 3024 et
2324 2967 2537 3023 dolores
2571 2969 2795 3020 sentiret
2852 2967 3155 3036 graviores.
3211 2963 3275 3017 Et
3338 2964 3441 3017 hoc

1870 3064 2087 3133 quidem
2120 3062 2411 3115 deductum
2449 3068 2530 3113 est
2561 3058 2625 3111 ad
2658 3057 2933 3121 cll'ectum,
2960 3065 3013 3110 et
3056 3056 3287 3110 admota-
3315 3062 3444 3110 sunt

188 3153 285 3192 me
344 3136 553 3207 punire,
596 3136 688 3206 qui
739 3151 858 3189 sum
908 3134 1169 3189 educatus
1213 3149 1242 3186 a
1316 3144 1487 3186 matre.
1534 3134 1763 3187 innxima

1869 3154 2103 3206 lucerna:
2126 3151 2337 3221 corpori
2374 3149 2639 3220 martyris.
2662 3148 2767 3202 Sed
2821 3148 3041 3219 etignis
3092 3148 3445 3202 reverebantur

195 3240 256 3287 et
291 3230 588 3311 clarissima
608 3274 621 3298 ,
648 3240 702 3286 et
728 3224 1053 3285 luculentam
1082 3229 1149 3283 ab
1181 3243 1242 3282 ea
1267 3226 1450 3296 accepi
1478 3227 1766 3282 [neredita-

191 3335 333 3389 tem,
370 3334 425 3381 et
454 3325 713 3379 maximas
736 3324 970 3385 divitias,
1000 3322 1258 3391 adjiciens
1290 3338 1485 3377 nomen
1518 3324 1760 3378 Atumim.

184 3414 333 3470 Cum
368 3418 479 3471 haec
510 3428 687 3471 autem
716 3416 980 3471 andiisset
1026 3416 1365 3468 Democritus
1409 3424 1463 3468 et
1485 3415 1552 3468 ab
1582 3416 1647 3468 iis
1673 3416 1779 3482 qui.

184 3511 650 3573 circumstabant,
718 3510 784 3562 de
847 3509 1001 3561 beata
1066 3517 1316 3559 matrona
1379 3516 1432 3558 et
1498 3505 1765 3560 Mamaute

183 3610 449 3657 accurate
502 3602 683 3654 omnia
724 3599 1023 3660 didicisset,
1065 3608 1120 3652 et
1169 3596 1512 3668 cegnovisset
1568 3614 1626 3653 se
1654 3616 1763 3653 non

183 3706 360 3765 posse
391 3707 510 3746 eum
563 3692 775 3762 punire,
819 3691 1010 3747 ferreis
1037 3691 1278 3745 vinctqu
1334 3691 1567 3745 vinculis
1602 3691 1766 3762 )Egas

181 3802 323 3841 eum
363 3786 521 3841 mittit
569 3788 635 3841 ad
682 3786 1088 3856 imperatorem,
1131 3785 1311 3840 omnia
1355 3796 1412 3840 ut
1455 3801 1513 3841 se
1564 3787 1765 3842 habent

178 3880 506 3953 significans
545 3879 736 3933 litteris
766 3880 1093 3946 imperatori.

271 3968 536 4039 Vlli.,llle
586 3978 765 4023 autem
809 3985 930 4024 cum
983 3969 1185 4022 litteras
1231 3969 1547 4038 accepisset,
1591 3978 1644 4023 et
1672 3984 1764 4024 eas

180 4063 532 4135 perlegisset,
593 4078 817 4134 puer-nm
886 4063 1033 4118 varie
1113 4064 1422 4133 aggreditur
1468 4083 1480 4117 :
1522 4073 1577 4117 et
1638 4077 1761 4117 cum

175 4172 320 4212 eum
355 4155 409 4211 in
438 4171 594 4212 suum
625 4166 975 4226 conspectum
1009 4155 1341 4221 adduxisset,
1376 4171 1518 4209 nunc
1547 4156 1762 4226 quidem

176 4249 509 4305 minabatur
532 4261 589 4303 et
638 4238 893 4319 magnum
928 4257 1193 4302 terrorem
1252 4250 1590 4315 intendebat,
1616 4268 1763 4306 nunc

174 4350 379 4395 autem
426 4338 705 4410 promissis
758 4338 1041 4400 invitabat,
1074 4340 1209 4394 etei
1258 4341 1596 4410 proponebat
1640 4358 1763 4395 tnu-

176 4448 326 4487 nera
358 4440 412 4485 et
455 4431 710 4493 honores,
740 4439 794 4483 et
824 4430 1038 4483 dicebat
1065 4449 1079 4483 :
1135 4432 1189 4481 Si
1218 4433 1282 4483 ad
1317 4438 1569 4503 magnum
1603 4450 1761 4489 acce-

147 4522 150 4524 ⁷
182 4526 344 4578 dens
384 4520 722 4590 Serapidem,
747 4519 795 4573 ei
825 4521 1235 4585 sacrificaveris,
1265 4536 1298 4573 ο
1324 4523 1552 4590 pulcher
1604 4541 1761 4592 puer,

170 4609 614 4666 erisnobiscum
644 4610 696 4664 in
729 4608 928 4679 palatio
975 4626 990 4662 :
1022 4617 1074 4663 et
1101 4608 1331 4679 primum
1363 4610 1578 4680 quidem
1606 4613 1767 4667 aleris

169 4703 468 4776 regaliter,
501 4702 697 4759 deinde
730 4709 781 4758 te
814 4704 969 4757 multi
1002 4703 1346 4758 mirabuntur
1373 4715 1426 4758 et
1452 4706 1764 4770 laudabunt,

167 4800 493 4864 beatusque
542 4796 648 4848 eris
690 4796 755 4847 de
792 4807 1008 4857 ctetero,
1041 4806 1095 4849 et
1166 4797 1251 4849 cui
1302 4796 1472 4866 possit
1512 4798 1765 4851 invideri.

169 4891 310 4945 Hoc
344 4896 526 4940 autem
573 4885 802 4940 faciebat
845 4887 1192 4952 Aurelianus,
1218 4896 1271 4942 et
1310 4888 1424 4942 haec
1451 4889 1560 4943 duo
1582 4888 1765 4954 simul,

165 4995 396 5049 nempe
430 4985 484 5033 et
532 4978 707 5033 minas
761 4977 1109 5049 proferebat,
1143 4988 1197 5031 et
1237 4980 1523 5048 promissa,
1569 4990 1629 5034 ut
1683 4980 1768 5035 vel

161 5075 358 5130 minis
382 5088 506 5129 eum
530 5081 777 5135 terreret,
816 5080 1192 5129 etextremum
1231 5073 1279 5127 ci
1302 5082 1501 5126 metum
1527 5073 1764 5141 afferret,

159 5176 277 5223 aut
312 5165 595 5236 promissis
619 5165 748 5234 Iejus
787 5164 1011 5217 solidam
1055 5165 1336 5237 frangeret
1375 5168 1767 5242 constantiam,

158 5272 226 5319 et
259 5260 326 5314 in
360 5272 569 5312 summa
598 5253 720 5313 eum
786 5256 1040 5319 molliret,
1077 5258 1301 5327 ejusque
1369 5261 1555 5317 oculos
1622 5278 1764 5332 prte-

159 5352 505 5425 ειτξηεοιιει,
541 5360 593 5405 et
642 5350 933 5404 adduceret
986 5350 1053 5404 ad
1100 5351 1453 5419 impietatem.
1504 5354 1629 5411 Htec
1671 5372 1766 5409 au-

162 5463 298 5505 tem
340 5442 515 5511 magis
542 5444 808 5498 acuebant
872 5443 1051 5498 alacre
1080 5453 1133 5498 ct
1161 5458 1471 5516 promptum
1524 5449 1765 5505 studium

158 5536 559 5596 adolescentis
589 5527 618 5592 ε’
640 5545 714 5600 et,
751 5536 924 5601 Absit,
960 5538 1256 5605 respondit,
1284 5554 1317 5593 o
1350 5540 1658 5609 imperator,
1712 5553 1768 5597 ut

158 5638 279 5688 has
318 5644 444 5699 qua:
472 5641 503 5681 a
532 5624 683 5679 vobis
726 5630 1077 5692 honorantur,
1099 5635 1305 5685 statuas
1353 5633 1406 5685 in
1449 5633 1653 5689 honore
1676 5634 1767 5688 ha-

159 5726 374 5782 beam.
405 5727 500 5775 aut
527 5732 713 5773 earum
739 5720 901 5774 ullam
953 5721 1147 5778 ducam
1197 5724 1462 5779 rationem
1496 5741 1615 5794 qua:
1641 5738 1767 5782 sunt

155 5809 369 5871 surda:
393 5822 447 5868 et
476 5811 747 5880 inanimae,
775 5818 829 5865 et
854 5828 972 5883 quae
1004 5827 1251 5888 arguunt,
1285 5830 1442 5891 quam
1477 5818 1592 5875 sitis
1624 5836 1769 5876 cras-

1867 3243 2121 3298 athlctam
2149 3282 2161 3305 ,
2194 3252 2247 3294 ct
2276 3242 2326 3292 in
2350 3240 2548 3292 milites
2576 3239 2816 3308 Spirabat
2839 3238 3237 3291 vehementius.
3267 3239 3442 3303 Atque

1867 3346 2067 3406 martyr
2089 3334 2307 3405 quidem
2333 3332 2451 3387 sine
2474 3330 2659 3385 dolore
2691 3330 3011 3390 admittebat
3047 3330 3295 3384 lucernas
3317 3329 3443 3395 ;ilt¢

1866 3440 2048 3484 antem
2121 3428 2289 3498 magis
2326 3425 2556 3479 urebant
2609 3423 2848 3477 animum
2882 3422 3266 3492 persecutoris.
3309 3421 3443 3475 Nam

1865 3536 1987 3575 cum
2017 3534 2085 3572 ne
2126 3520 2408 3574 minimum
2459 3517 2679 3585 quidem
2702 3530 2897 3585 corpus
2931 3513 3181 3584 martyris
3210 3512 3443 3583 attinge-

1866 3618 1987 3665 rent
2026 3626 2090 3665 eo
2146 3610 2222 3663 illi
2266 3608 2524 3679 majorem
2555 3608 2822 3660 llannnam
2853 3607 3160 3660 excitabant
3199 3603 3441 3659 insanias.

1872 3703 2075 3756 Deinde
2106 3703 2261 3771 jubet
2315 3714 2605 3770 martyrem
2643 3697 2913 3753 verberari
2973 3697 3266 3765 lapidibus.
3344 3692 3437 3749 Ille

1866 3803 2048 3851 autem
2088 3791 2310 3861 perinde
2357 3800 2472 3844 erat
2503 3790 2752 3856 affectus,
2796 3799 2956 3858 atque
2979 3790 3021 3843 si
3068 3798 3446 3859 aspergeretnr

1868 3886 2024 3950 rosis,
2057 3896 2112 3939 et
2132 3900 2227 3954 spe
2246 3882 2407 3938 futuri
2428 3882 2727 3937 laetabatur.

1942 3978 2006 4031 Χ.
2032 3978 2111 4031 Cu
2131 3994 2181 4031 m
2210 3977 2391 4043 itaque
2423 3974 2576 4030 valde
2607 3974 2771 4027 animi
2800 3972 2997 4028 dubius
3023 3983 3168 4027 esset
3197 3964 3343 4026 omni
3378 3989 3444 4026 ex

1866 4086 2020 4146 parte
2051 4073 2391 4133 Aurelianus,
2414 4082 2468 4125 et
2498 4070 2703 4124 nnlltnn
2766 4069 3017 4138 supplicii
3069 4084 3239 4138 genus
3268 4080 3450 4137 posset

1865 4171 2195 4237 excogitare,
2242 4164 2387 4234 quod
2436 4179 2530 4219 cor
2574 4160 2863 4215 Mamantis
2913 4162 3227 4229 attingeret,
3295 4160 3450 4228 jubet

1865 4262 2080 4332 globum
2100 4260 2408 4329 plumbeum
2428 4256 2545 4325 ejus
2570 4254 2707 4309 collo
2730 4253 2954 4324 alligari,
2974 4264 3027 4307 et
3045 4254 3120 4308 sic
3143 4254 3193 4306 in
3214 4253 3446 4306 medium

1867 4365 2017 4405 tnare
2049 4349 2272 4402 ductum
2303 4356 2622 4415 martyrem,
2660 4341 2851 4412 projici
2880 4340 2932 4393 in
2981 4340 3331 4410 profundum.
3385 4339 3449 4396 Et

1799 4443 2045 4521 “jussus
2077 4438 2293 4507 quidem
2338 4436 2601 4490 deductus
2634 4432 2808 4487 estad
2852 4432 3103 4487 effectum
3167 4449 3181 4497 ;
3240 4433 3332 4489 sed
3384 4448 3450 4487 ne

1871 4543 2001 4587 tunc
2032 4530 2272 4601 quidem,
2304 4544 2335 4582 ο
2368 4526 2560 4587 Manta,
2590 4525 2729 4578 Deus
2755 4526 2831 4576 tui
2868 4532 2955 4579 cst
2972 4525 3192 4585 oblitus,
3241 4525 3449 4594 angelis

1868 4627 2016 4679 enim
2048 4625 2163 4678 suis
2197 4622 2417 4676 mandat
2438 4620 2504 4675 de
2529 4629 2599 4683 te,
2643 4626 2701 4671 ut
2731 4626 2782 4675 te
2816 4614 3144 4669 custodiant.
3171 4614 3235 4667 Et
3265 4614 3447 4669 statim

1870 4718 2091 4788 angelus
2113 4716 2284 4768 forma
2308 4714 2543 4766 humana
2572 4714 2625 4765 in
2671 4711 2857 4766 orbem
2882 4709 3231 4771 circumiens,
3275 4717 3449 4762 terro-

1870 4825 1982 4863 rem
2044 4807 2261 4876 quidem
2319 4803 2477 4858 affert
2512 4807 2578 4858 iis
2614 4809 2704 4875 qui
2762 4809 2933 4877 ipsum
2961 4803 3253 4861 ducebant,
3276 4810 3331 4853 et
3359 4816 3452 4853 eos

1869 4902 2036 4957 vertit
2061 4902 2114 4954 in
2148 4900 2358 4970 fugam;
2393 4901 2543 4969 jubet
2593 4911 2774 4953 autem
2811 4909 3103 4970 martyrem
3149 4898 3339 4951 venire
3392 4898 3444 4949 in

1871 5003 2133 5058 montem,
2176 4992 2375 5062 quiest
2430 4990 2713 5057 Caesareae,
2777 4999 2833 5045 ct
2890 4991 2995 5044 illic
3049 4989 3265 5059 degere.
3314 4987 3449 5041 Cum

1869 5086 2059 5141 fuisset
2084 5100 2215 5155 ergo
2266 5084 2319 5136 in
2389 5093 2588 5146 monte,
2621 5097 2676 5137 et
2709 5093 2853 5137 totos
2917 5082 3275 5152 quadraginta
3332 5079 3452 5132 dies

1869 5179 2158 5233 mansisset
2201 5176 2444 5245 jejunus,
2480 5177 2538 5227 tit
2580 5175 2667 5229 hic
2702 5175 2843 5228 alius
2872 5172 3066 5227 Moses.
3092 5171 3151 5225 Ei
3173 5172 3226 5224 in
3258 5185 3452 5223 manus

1868 5285 2071 5324 novum
2130 5266 2369 5320 traditur
2398 5276 2808 5329 teStamentum,
2834 5264 2976 5333 quod
3004 5278 3115 5318 non
3166 5274 3295 5317 tunc
3327 5264 3451 5330 qui-

1867 5358 1989 5412 dem
2016 5356 2248 5426 primum
2304 5371 2424 5410 esse
2467 5363 2729 5424 cmperat,
2757 5353 2851 5409 sed
2879 5355 2989 5424 jam
3039 5351 3218 5406 fuerat
3260 5351 3445 5405 datum

1869 5448 2133 5520 patribus.
2182 5448 2248 5502 Et
2287 5447 2429 5518 quod
2493 5457 2621 5501 tunc
2669 5448 2855 5501 deerat
2923 5443 3080 5506 Mosi,
3140 5445 3243 5499 hoc
3302 5461 3447 5499 nunc

1870 5542 2197 5611 adimpletur
2221 5542 2275 5595 in
2302 5548 2554 5611 martyre.
2608 5537 2744 5591 Nam
2795 5536 2971 5593 Moses
2992 5537 3210 5605 quidem
3239 5536 3445 5591 solum-

1871 5633 2029 5688 modo
2083 5632 2274 5686 ecaelo
2329 5629 2529 5700 accipit
2581 5628 2824 5683 tabulas:
2861 5628 2929 5683 ad
2963 5628 3111 5681 hunc
3161 5636 3341 5681 autem
3389 5636 3445 5680 et

1872 5741 1995 5788 vox,
2021 5732 2075 5778 et
2095 5724 2241 5795 virga
2274 5726 2340 5779 ab
2372 5724 2479 5777 alto
2509 5722 2811 5781 descendit.
2864 5719 2998 5775 Cuu'.
3025 5730 3210 5775 autem
3236 5718 3443 5791 virgam

1872 5817 2189 5887 accepisset,
2213 5824 2269 5869 et
2310 5822 2368 5869 ut
2402 5829 2501 5868 vox
2535 5811 2894 5883 significabat,
2933 5826 2998 5868 ea
3031 5819 3231 5867 terram
3263 5810 3445 5867 disse-
