4170 6322
749 356 849 422 S'll

2000 360 2284 423 MENSIS
2323 359 2750 422 AUGUSTUS.

3885 361 3982 421 57:2

737 468 962 531 missu,
990 464 1259 532 quomodo
1286 465 1435 534 prius
1472 482 1621 522 mare
1644 469 1837 532 Moses,
1869 469 2064 540 accipit
2117 471 2296 524 Evan-
2325 475 2372 534 Α
2399 485 2562 523 causa
2627 483 2712 522 me
2757 467 3074 522 accersisti?
3133 468 3285 532 Quod
3306 483 3404 522 nec
3449 484 3667 536 possum
3740 469 3977 538 quidem,

736 556 932 626 gelium
970 554 1173 608 editum
1205 569 1234 607 e
1270 564 1426 609 terra:
1453 556 1766 612 visceribus.

807 646 899 701 XI.
940 644 1078 710 Quid
1112 659 1250 712 opus
1295 655 1379 698 est
1428 661 1493 700 ea
1524 647 1726 713 dicere,
1775 666 1894 719 quae
1954 662 2083 706 sunt
2128 662 2310 720 postea

736 735 1068 791 consecuta?
1095 733 1210 786 Non
1239 736 1472 804 amplius
1527 739 1680 792 nobis
1725 751 1928 812 martyr
1974 743 2166 804 Moses,
2219 743 2310 797 Sed

736 830 794 880 tit
809 827 945 880 alius
967 827 1162 880 Paulus
1180 827 1478 896 praedicans
1498 829 1871 897 Evangelium.
1888 832 2021 886 Cum
2042 832 2310 900 quoddam

738 929 922 972 autem
979 922 1240 988 templum
1285 921 1696 984 construxisset,
1747 921 1798 972 in
1837 937 1943 989 quo
1979 935 2135 974 orare
2183 937 2314 974 eon-

657 1001 659 1003 ’
738 1019 1014 1066 sueverat.
1072 1012 1328 1078 quoniam
1355 1014 1637 1085 oportebat
1677 1026 1822 1072 eum,
1874 1012 2012 1064 sicut
2075 1010 2310 1077 Paulus‘,

738 1101 947 1170 operari
979 1102 1244 1165 manibus,
1279 1103 1458 1155 divina
1517 1103 1714 1155 virtute
1740 1103 1805 1155 ad
1844 1118 1898 1155 se
1955 1102 2101 1155 ducit
2126 1117 2312 1156 omnes

739 1195 1020 1252 feras:et
1103 1200 1184 1251 Iac
1241 1194 1485 1267 mulgens
1552 1196 1898 1260 feminarum,
1961 1211 2311 1264 quaecumque

738 1293 790 1346 id
823 1292 1032 1346 scilicet
1067 1295 1309 1359 praabent
1345 1295 1696 1362 poculentum
1731 1293 2064 1354 hominibus,
2114 1291 2313 1346 efﬁcie-

735 1384 830 1437 bat
862 1400 1078 1438 easwm
1109 1403 1122 1449 ;
1157 1395 1209 1438 et
1235 1386 1352 1456 ejus
1375 1385 1595 1454 quidem
1625 1401 1809 1454 parum
1839 1386 1942 1439 sibi
1975 1385 2313 1452 relinquebat

737 1485 792 1529 et
843 1478 1140 1545 reponebat
1175 1495 1188 1531 :
1220 1479 1491 1546 reliquum
1545 1489 1720 1531 autem
1757 1478 2094 1532 descendens
2137 1477 2314 1530 Ctesa-

736 1580 907 1630 ream,
951 1568 1310 1621 distribuebat
1343 1570 1647 1637 egentibus.
1693 1570 1956 1634 Quoniam
1988 1579 2166 1622 autem
2196 1583 2316 1621 mae

735 1670 875 1724 gnus
897 1655 1100 1710 Mamas
1135 1657 1271 1711 fama
1311 1669 1364 1712 et
1420 1675 1670 1713 sermone
1722 1660 2017 1712 multorum
2066 1660 2314 1713 celebra-

734 1745 914 1811 batur,
950 1747 1254 1803 Alexander
1309 1751 1530 1819 quidem
1572 1752 1728 1811 alius,
1767 1767 1872 1804 non
1898 1753 1945 1803 is
1978 1767 2135 1818 quem
2167 1752 2314 1820 prius

736 1835 987 1892 diximus.
1051 1847 1177 1893 tunc
1235 1851 1451 1892 creatus
1515 1855 1714 1909 prwses
1789 1841 2165 1909 Cappadovial,
2240 1842 2320 1894 vir

736 1925 992 1990 crudelis,
1023 1929 1064 1981 si
1103 1931 1241 1982 ullus
1265 1931 1420 1994 alius,
1450 1941 1503 1985 et
1536 1936 1873 1986 contendens
1928 1935 1980 1985 in
2038 1933 2318 2000 impietate

737 2031 767 2068 a
803 2018 1021 2072 nemine
1049 2021 1315 2088 superari,
1349 2038 1472 2076 cum
1506 2024 1572 2077 de
1609 2038 1673 2077 eo
1734 2023 1915 2076 omnia
1941 2022 2318 2087 intellexisset,

733 2107 901 2161 mittit
927 2111 1184 2178 quosdam
1215 2114 1425 2179 equites
1446 2115 1511 2166 ad
1533 2132 1656 2167 eum
1691 2115 2061 2183 quaa'entlum,
2097 2122 2152 2166 ut
2184 2129 2310 2167 cum

734 2200 1098 2262 invenissent,
1125 2202 1190 2253 ad
1227 2218 1350 2256 eum
1408 2203 1762 2259 adducerent.
1808 2204 1942 2258 Cum
1980 2202 2193 2255 illorum
2221 2202 2320 2256 ita-

733 2304 840 2358 que
875 2291 1162 2345 adventum
1197 2295 1558 2362 pralscivisset
1589 2309 1817 2365 martyr,
1862 2301 1920 2349 Iit
1950 2299 2029 2352 eis
2081 2296 2317 2350 obviam.

732 2379 812 2434 Illi
847 2381 1027 2435 abtem
1099 2395 1382 2452 postquam
1445 2388 1603 2439 simul
1675 2390 2086 2454 convenissent,
2146 2402 2322 2456 neque

742 2473 1124 2535 scirent,hunc
1195 2492 1316 2530 esse
1368 2477 1535 2542 illum,
1589 2480 1850 2547 rogabant
1886 2497 2033 2546 eum,
2078 2483 2319 2543 ubinam,

740 2571 795 2615 et
825 2563 879 2622 in
916 2580 1023 2632 quo
1058 2565 1175 2620 loco
1206 2577 1350 2620 esset
1385 2567 1610 2623 Mamas.
1635 2571 1724 2627 Ille
1749 2589 1874 2623 vero
1905 2587 1918 2625 ε
1948 2572 2054 2626 Vos
2079 2573 2318 2642 quidem,

737 2656 934 2726 inquit,
969 2675 1001 2712 o
1036 2661 1220 2727 amici,
1257 2674 1471 2732 oportet
1501 2681 1642 2720 nunc
1677 2683 1737 2718 ex
1768 2669 1925 2735 equis
1964 2669 2320 2732 descendere,

741 2756 801 2800 ut
825 2764 1014 2803 eamus
1036 2751 1102 2804 ad
1129 2768 1340 2806 caenam
1379 2771 1393 2819 ;
1431 2766 1616 2823 postea
1650 2767 1829 2810 auletn
1861 2758 2141 2811 ostendam
2175 2758 2322 2813 vobis

738 2838 1088 2897 Mamantem.
1127 2844 1187 2896 Hi
1222 2861 1350 2914 ergo
1374 2847 1440 2898 ab
1475 2861 1540 2898 eo
1573 2847 1811 2915 ItOSpitio
1843 2849 2073 2916 accepti,
2104 2864 2320 2903 caseum

744 2943 802 2985 et
831 2947 1026 3001 panem
1056 2935 1291 2990 libenter
1327 2937 1686 2991 comederunt
1721 2956 1734 3003 ;
1771 2938 1853 2992 his
1895 2940 2038 2993 enim
2076 2941 2322 3012 egregius

740 3037 835 3076 eos
862 3025 1070 3092 accepit
1103 3025 1324 3090 Mamas,
1359 3028 1610 3080 dominus
1643 3028 1897 3084 convivii.

2417 563 2590 630 inquit
2618 578 2837 632 praeses,
2871 561 3193 629 perspicere,
3261 561 3581 626 quibusnam
3635 572 3800 616 utens
3848 577 3974 629 prae-

2416 651 2587 722 stigiis
2609 661 2663 706 et
2701 651 3180 712 incantationibus,
3210 650 3417 703 viribus
3440 651 3877 720 inexpugnabilia
3919 659 3969 704 et

2417 744 2527 796 fera
2550 743 2800 796 animalia
2827 742 3058 804 inducis,
3091 749 3150 794 ut
3170 757 3293 796 cum
3326 743 3403 794 eis
3430 743 3612 811 (legas.
3635 752 3688 795 et
3717 741 3860 809 apud
3884 756 3970 795 eas

2415 834 2694 888 verseris:
2743 835 2973 900 imperes
3029 843 3207 888 autem
3262 835 3673 902 propemodum,
3726 844 3972 902 tanquam

2416 927 2623 980 ratione
2677 926 2934 995 praeditis.
2990 925 3346 994 Respondeas
3370 936 3548 981 autem
3601 926 3970 991 martyrzoui

2415 1018 2602 1085 servit,
2637 1017 2828 1086 inquit,
2865 1017 2973 1071 Deo
3009 1033 3150 1081 meo,
3184 1017 3274 1085 qui
3301 1018 3443 1071 solus
3483 1017 3634 1081 vivit,
3668 1027 3722 1070 et
3772 1024 3854 1073 est
3898 1032 3980 1068 ve-

2414 1122 2528 1171 rus,
2559 1122 2626 1160 ne
2655 1108 2734 1159 vel
2760 1122 2944 1175 parum
2979 1105 3196 1174 quidem
3233 1105 3556 1156 sustinuerit
3585 1103 3783 1156 versari
3821 1112 3873 1155 et
3900 1102 3976 1153 vi-

2414 1211 2520 1255 tam
2547 1215 2705 1268 agere
2737 1215 2860 1253 cum
2891 1198 3189 1252 idololatris
3224 1205 3279 1250 et
3309 1195 3583 1249 ntaleficis.
3618 1195 3974 1260 Quamobrem

2413 1307 2512 1362 ego
2539 1291 2669 1346 mihi
2694 1292 2831 1345 duco
2862 1306 2980 1344 esse
3010 1288 3377 1359 praestantius,
3406 1287 3612 1340 versari
3647 1287 3809 1338 simul
3865 1301 3978 1337 cum

2413 1384 2563 1448 feris,
2591 1399 2749 1452 quam
2789 1383 3068 1434 vobiscum
3127 1379 3394 1433 habitare.
3447 1375 3578 1429 Nam
3620 1376 3724 1432 illa
3771 1374 3982 1441 quidem

2413 1491 2521 1528 non
2551 1475 2750 1529 nostris
2782 1473 3134 1533 inducuntur,
3191 1481 3251 1524 ut
3293 1478 3470 1538 putas,
3504 1465 3974 1528 incantationibus,

2415 1577 2467 1620 et
2495 1568 2614 1621 ideo
2637 1567 2766 1620 mihi
2795 1565 3098 1619 redduntur
3119 1563 3328 1616 cicures
3355 1569 3409 1615 et
3445 1560 3777 1621 domestic-te,
3811 1572 3977 1624 neque

2414 1660 2557 1713 enim
2583 1659 2695 1713 scio
2739 1658 2865 1727 quid
2895 1657 2996 1710 sibi
3034 1655 3158 1711 velit
3183 1654 3263 1707 vel
3291 1653 3462 1706 solum
3503 1666 3700 1704 nomen
3742 1651 3982 1702 incanta-

2419 1750 2580 1802 tionis
2616 1766 2629 1810 ;
2666 1750 2759 1803 sed
2790 1758 2845 1802 et
2886 1749 2930 1802 si
2960 1747 3070 1801 sint
3099 1743 3398 1815 prudentia:
3443 1751 3695 1811 expertes
3726 1749 3782 1793 et
3829 1739 3982 1791 ratio-

2354 1823 2394 1877 Β
2426 1843 2527 1906 nis,
2555 1843 2734 1896 sciunt
2766 1851 2942 1896 tamen
2979 1841 3106 1907 ipste
3133 1853 3344 1907 quoque
3389 1851 3568 1889 meutn
3620 1829 3858 1885 revereri
3890 1830 3987 1879 Do-

2424 1937 2653 1996 minum,
2708 1934 2841 1987 etin
2887 1932 3092 1985 honore
3150 1932 3346 1983 habere
3407 1929 3524 1996 ejus
3582 1926 3841 1978 famulos.
3883 1923 3983 1977 Vos

2424 2041 2554 2079 vero
2579 2025 2711 2079 estis
2738 2025 2917 2093 longe,
2955 2038 3114 2092 quant
3137 2024 3287 2091 ipsae,
3313 2021 3490 2075 minus
3513 2017 3807 2086 participes
3836 2016 3995 2067 ratio-

2423 2115 2528 2181 nis,
2560 2117 2701 2185 quod
2733 2131 2856 2171 cum
2910 2115 3027 2169 illas
3078 2114 3319 2168 habeatis
3367 2110 3638 2180 exemplar
3696 2109 3993 2161 honorandi

2422 2209 2659 2273 Domini,
2695 2224 2762 2260 ne
2797 2209 2877 2261 sic
2901 2207 3120 2274 quidem
3156 2204 3472 2276 intelligitis.

2499 2300 2632 2352 Xlll.
2669 2300 2872 2352 Praeses
2903 2307 3081 2350 autem
3116 2311 3236 2349 cum
3272 2295 3530 2348 adversus
3563 2294 3678 2347 haec
3707 2307 3780 2346 ne
3816 2299 3992 2359 posset

2424 2392 2640 2460 quidem
2669 2390 3064 2450 contradicere,
3097 2387 3395 2442 conabatur
3428 2393 3613 2452 aperte
3650 2382 3759 2435 vim
3792 2383 4000 2436 afl’erre.

2423 2483 2533 2536 Cur
2560 2492 2740 2536 autem
2783 2496 2868 2544 eo,
2901 2479 3096 2542 aiebat,
3144 2473 3448 2546 processisti
3473 2472 3720 2527 stultitia:
3760 2481 3816 2524 et
3842 2470 4001 2524 auda-

2423 2575 2543 2636 ciae,
2597 2583 2654 2627 ut
2710 2574 2957 2641 insurgas
3011 2570 3231 2639 quidem
3291 2568 3550 2620 adversus
3607 2565 4000 2634 imperatorum

2425 2663 2854 2726 constitutiones,
2887 2662 3227 2730 impudenter
3262 2667 3440 2712 autem
3490 2671 3588 2708 nos
3637 2671 3862 2722 quoque
3896 2654 4000 2706 afa-

2425 2758 2538 2809 cias
2580 2753 2954 2809 contumeliis?
2985 2751 3089 2805 Sed
3134 2758 3399 2805 tormenta
3429 2755 3479 2800 te
3512 2745 3597 2800 vel
3627 2746 3861 2798 invitum
3897 2761 4002 2797 om-

2424 2848 2554 2901 nino
2607 2863 2670 2902 ea
2711 2863 2830 2916 qua:
2879 2852 3117 2914 oportet,
3180 2841 3482 2897 docuerint.
3528 2840 3594 2892 Et
3626 2839 3812 2892 statim
3852 2838 3996 2906 jubet

2424 2954 2548 2995 cum
2594 2952 2919 3006 suspensum
2968 2935 3121 2989 valde
3167 2933 3321 2987 caedi.
3355 2931 3445 2983 llle
3477 2939 3686 2994 autem,
3719 2930 3844 2982 etsi
3870 2929 3997 2984 adeo

2426 3032 2615 3086 acerbe
2653 3032 3004 3090 laceraretur,
3041 3025 3268 3094 perinde
3310 3031 3428 3075 erat
3461 3022 3709 3082 allectus,
3760 3031 3923 3090 atque
3962 3020 4002 3072 si

811 3113 926 3166 XII.
964 3114 1184 3169 Interim
1226 3129 1405 3170 autem
1466 3118 1529 3170 ad
1582 3128 1869 3188 martyrem
1917 3121 2212 3186 accedunt,
2269 3134 2326 3178 ut
2355 3158 2396 3216 ο
2429 3123 2633 3176 nullum
2665 3121 2903 3175 dolorem
2953 3117 3177 3172 sentiret
3228 3115 3457 3186 penitus.
3501 3114 3688 3182 Neque
3719 3114 3866 3166 enim
3906 3123 4005 3164 tor-

742 3217 1168 3273 consueverant,
1229 3207 1447 3262 fontium
1483 3210 1806 3274 animantes,
1871 3221 1927 3264 ut
1984 3227 2325 3283 unaquaeque

743 3314 841 3367 suo
864 3298 1001 3352 lacte
1036 3301 1392 3370 inulgeretur.
1430 3302 1581 3366 Quod
1622 3319 1743 3361 cum
1771 3303 2029 3357 vidissent
2088 3309 2322 3373 equites,

742 3403 836 3441 eos
862 3389 1272 3458 invasitstupur
1316 3401 1369 3445 et
1392 3393 1570 3453 timor,
1612 3401 1665 3444 et
1721 3407 1875 3444 coena
1921 3395 2138 3459 relicta,
2199 3411 2330 3448 con-

743 3480 959 3551 fugiunt
985 3482 1050 3534 ad
1108 3467 1452 3553 martyremﬂ
1502 3483 1594 3537 Ille
1643 3499 1775 3537 vero
1825 3501 1945 3538 cum
1994 3495 2194 3539 metum
2246 3486 2325 3541 eis

745 3573 1057 3638 ademisset,
1122 3583 1176 3625 et
1227 3587 1321 3626 eos
1388 3576 1560 3627 bono.
1615 3585 1667 3628 et
1729 3577 1911 3630 fidenti
1967 3579 2150 3633 animo
2208 3597 2327 3635 esse

741 3652 1036 3734 jussisset,
1101 3662 1295 3718 deinde
1377 3665 1538 3719 vellet
1599 3666 1759 3719 etiam
1813 3681 1997 3721 eorum
2042 3672 2248 3724 animos
2296 3689 2325 3726 a

746 3771 876 3808 cura
909 3755 1164 3814 liberare.
1196 3754 1332 3810 dixit
1366 3771 1424 3810 se
1454 3757 1672 3827 quidem
1708 3770 1830 3812 vere
1888 3775 2009 3813 eum
2036 3771 2176 3826 esse,
2236 3765 2328 3832 qui

747 3847 1117 3916 quaarebatur,
1156 3847 1508 3914 Mamantem,
1553 3865 1623 3902 ne
1680 3851 1914 3920 amplids
1953 3867 2076 3906 eum
2122 3869 2330 3922 qurere-

749 3951 889 3994 rent.
924 3941 1031 3995 Eos
1059 3957 1190 4011 ergo
1217 3941 1461 4005 dimittit,
1499 3943 1772 4010 pollicitus
1835 3944 2072 4013 seipsum
2112 3964 2328 4016 quoque

748 4047 871 4085 mox
906 4042 1217 4086 venturum.
1248 4033 1452 4085 Deinde
1484 4049 1605 4085 cum
1631 4034 1840 4103 equites
1869 4038 2115 4102 protinus
2151 4055 2330 4092 reces-

749 4123 953 4177 sissent
984 4123 1097 4192 (tali
1138 4123 1284 4178 enim
1324 4124 1442 4178 viro
1458 4125 1774 4191 credebant,
1801 4141 1978 4196 neque
2007 4128 2058 4179 in
2091 4107 2156 4180 eo
2182 4139 2332 4196 pote-

749 4224 873 4268 rant
897 4215 1062 4268 ullum
1094 4217 1356 4286 suspicari
1395 4217 1759 4286 mendacium)
1795 4235 1916 4271 eum
1967 4237 2129 4272 mmm
2157 4236 2220 4273 ex
2264 4222 2329 4276 iis

750 4309 840 4377 qui
881 4316 1038 4360 erant
1083 4307 1135 4360 in
1167 4317 1372 4371 monte,
1421 4308 1686 4368 leonibus,
1751 4319 1952 4379 martyr
1982 4323 2113 4368 nutu
2159 4315 2225 4367 ad
2269 4331 2328 4369 se

751 4410 1017 4463 vocasset,
1072 4400 1224 4468 jubet
1281 4416 1426 4463 eum,
1490 4411 1775 4468 postquam
1835 4401 1952 4470 ipse
2036 4404 2324 4473 ingressus

2433 3223 2574 3268 tores
2617 3214 2825 3283 aspexit
2863 3211 3189 3270 effeminate,
3223 3224 3322 3262 nec
3346 3223 3402 3261 se
3433 3206 3646 3259 mollem
3699 3205 3930 3274 praebuit
3957 3205 4004 3256 in

2431 3314 2719 3368 tormento,
2751 3318 2859 3356 non
2892 3302 3095 3355 humile
3123 3310 3176 3353 et
3209 3297 3465 3352 illiberale
3509 3296 3712 3364 aliquid
3745 3307 3830 3348 est
3859 3296 4005 3349 Iocu-

2432 3400 2517 3446 tus
2551 3410 2563 3445 :
2598 3390 2690 3444 sed
2735 3397 2878 3442 recta
2919 3388 2970 3440 in
3006 3386 3203 3440 ccelum
3247 3399 3373 3439 suos
3407 3383 3668 3436 deﬁxerat
3718 3383 3913 3437 Oculos
3959 3396 4009 3436 et

2430 3483 2848 3539 consolationem
2877 3479 3224 3549 exspectabat
3243 3494 3272 3532 a
3296 3476 3526 3547 superis.
3551 3475 3687 3531 Cum
3721 3492 3853 3530 vero
3881 3493 4011 3545 prie-

2430 3593 2517 3635 ses
2569 3577 2959 3647 suppliciorum
3004 3585 3060 3630 et
3117 3575 3362 3628 dolorum
3425 3573 3780 3627 acerbitatem
3835 3574 4009 3626 inten-

2431 3671 2601 3733 deret,
2636 3678 2688 3723 et
2732 3667 2960 3721 instaret
3002 3673 3062 3718 ut
3131 3673 3332 3732 martyr
3367 3663 3665 3716 laniaretur
3717 3663 4009 3716 vehemen-

2431 3763 2554 3821 tius,
2591 3777 2693 3815 vox
2731 3760 2977 3830 quzedam
3005 3758 3210 3818 divina.
3241 3773 3355 3827 qute
3384 3756 3593 3811 exstitit
3623 3772 3655 3811 e
3691 3758 3931 3827 superis,
3961 3757 4008 3810 ei

2429 3853 2645 3924 quidem
2697 3852 2840 3906 levat
2887 3866 3136 3920 magnam
3189 3859 3395 3918 partem
3431 3849 3681 3905 doloris:
3726 3851 4010 3905 conﬁrmat

2429 3956 2610 4001 autem
2644 3955 2699 3999 et
2741 3945 3052 3999 corroborat
3081 3942 3156 4004 id,
3207 3941 3347 4009 quod
3383 3940 3688 4007 laborabat,
3732 3953 3791 3995 et
3838 3943 4013 4016 reddi,

2431 4055 2554 4094 eum
2605 4036 2890 4108 quibusvis
2941 4033 3230 4090 tormentis
3281 4033 3646 4102 superiorem.
3706 4034 3844 4087 Eam
3898 4050 4012 4086 eum

2433 4131 2590 4185 multi
2623 4130 2899 4184 audissent
2936 4144 3001 4182 ex
3034 4127 3305 4188 fidelibus,
3347 4125 3615 4179 firmiores
3662 4135 3722 4179 et
3760 4136 4013 4181 constan-

2431 4223 2592 4276 tiores
2631 4229 2920 4274 cvaserunt
2954 4219 3008 4271 in
3040 4219 3261 4287 pietate.
3300 4217 3604 4269 Alexander
3637 4226 3830 4270 autem
3861 4229 4004 4285 post-

2429 4327 2588 4383 quam
2631 4309 2758 4364 vidit
2791 4321 3112 4378 generosum
3141 4305 3464 4358 Mamantem
3507 4303 3662 4357 nihili
3689 4304 3874 4358 facere
3916 4305 4016 4359 fer-

2431 4417 2549 4456 reas
2582 4402 2698 4454 illas
2747 4397 2994 4469 ungulas,
3037 4395 3236 4467 quibus
3269 4393 3594 4456 laniabatur,
3641 4395 3816 4449 corde
3857 4396 4017 4463 magis

751 4487 919 4541 fuerit
949 4489 1205 4548 stadium,
1234 4489 1436 4542 cursim
1494 4506 1720 4558 pergere
1786 4491 1851 4544 ad
1883 4490 2099 4546 Graccus
2153 4504 2207 4547 et
2239 4492 2331 4547 Ju-
2363 4509 2405 4564 ι)
2437 4497 2771 4550 lacerabatur
2800 4492 2866 4546 ab
2902 4490 3147 4556 insania;
3179 4499 3232 4543 et
3267 4490 3443 4558 ipsum
3474 4488 3700 4556 quidem
3749 4489 3904 4542 illinc
3929 4489 4018 4541 de-

752 4582 919 4644 daeos,
951 4580 1040 4648 qui
1070 4581 1249 4650 lingua
1283 4581 1542 4633 maledica
1575 4582 1777 4634 nomini
1832 4581 2096 4651 Unigeniti
2158 4585 2339 4639 detra-

757 4675 919 4735 hunt,
983 4681 1039 4725 et
1084 4671 1135 4724 id
1196 4673 1500 4726 maledictis
1558 4673 1855 4739 incessunt,
1905 4683 1961 4728 et
2007 4675 2085 4727 eis
2146 4675 2338 4731 afferre

753 4765 1056 4819 interitum.
1093 4760 1216 4814 Haec
1249 4777 1370 4814 cum
1400 4765 1655 4830 jttssisset
1689 4763 1841 4827 fera),
1871 4780 1900 4818 e
1923 4763 2107 4820 mente
2159 4768 2332 4836 proli-

753 4855 977 4909 ciscitur
1010 4870 1023 4905 :
1053 4863 1106 4906 et
1141 4851 1354 4908 accedit
1406 4851 1471 4904 ad
1527 4854 1755 4920 equites,
1811 4856 1900 4922 qui
1968 4871 2092 4909 eum
2139 4874 2334 4928 exspe-

756 4947 976 4999 ctabant
1018 4944 1084 4998 ad
1143 4952 1351 5014 portam
1383 4943 1637 4997 civitatis.
1699 4943 1831 4996 Cum
1880 4944 1914 4997 ii
1975 4946 2156 5014 itaque
2211 4964 2334 5004 cum

755 5035 1430 5104 assumpsissent,ducunt
1455 5035 1519 5086 ad
1587 5035 1974 5088 Alexandrum.
2012 5036 2106 5090 llle
2154 5044 2336 5088 autem

755 5129 1009 5200 protinus
1078 5145 1092 5180 :
1156 5125 1310 5181 Tune
1358 5144 1438 5192 es,
1499 5127 1693 5197 inquit,
1765 5131 1852 5182 ille
1910 5130 2004 5198 qui
2057 5146 2115 5184 es
2167 5130 2339 5200 magia

753 5220 1027 5288 insignis?
1088 5219 1289 5289 Martyr
1345 5230 1523 5275 autem
1568 5220 1766 5274 Marnas
1817 5223 2112 5287 prudenter
2165 5223 2337 5276 dicit:

758 5313 869 5384 Ego
890 5326 1008 5365 sum
1043 5309 1245 5365 Christi
1279 5327 1489 5376 servus,
1529 5313 1620 5381 qui
1676 5315 1755 5368 eis
1794 5315 2008 5382 quidem
2066 5315 2156 5382 qui
2211 5327 2333 5367 crc-

758 5405 895 5458 dunt
942 5403 996 5454 in
1066 5403 1265 5471 ipsum,
1297 5409 1351 5456 et
1402 5402 1609 5455 faciunt
1663 5406 1781 5473 ejus
1846 5406 2204 5468 voluntatem,
2238 5405 2330 5458 dat

760 5496 1030 5562 salutem;
1062 5510 1246 5562 magos
1291 5504 1470 5550 autem
1504 5494 1963 5561 etincautatores,
2018 5509 2074 5552 et
2101 5512 2196 5551 eos
2229 5496 2324 5565 qui

763 5586 994 5641 adorant
1034 5584 1199 5650 idola,
1227 5584 1333 5655 igni
1370 5588 1541 5642 tradit.
1566 5593 1794 5642 πίει-κιο.
1830 5587 1933 5642 Sed
1987 5606 2220 5660 quanam
2262 5591 2328 5645 de

872 5768 886 5796 ¹
922 5765 938 5820 1
967 5766 1090 5823 Cor.
1118 5784 1190 5832 tv,
1219 5767 1306 5821 l9.

2446 4583 2914 4642 ducit:aceendit
2965 4592 3144 4635 autem
3198 4580 3470 4632 fornacem
3519 4577 3684 4645 ignis,
3720 4589 3780 4630 ut
3823 4578 4017 4631 athleta

2447 4678 2499 4728 in
2537 4691 2655 4729 eam
2685 4675 2978 4744 jaceretur.
3028 4673 3202 4738 Atque
3225 4669 3333 4739 jam
3365 4668 3585 4737 quidem
3617 4669 4020 4723 accendedatur

2443 4769 2634 4824 fornax
2663 4766 2802 4836 ignis
2832 4782 2850 4818 :
2885 4779 3083 4835 praeses
3113 4778 3263 4828 vero,
3292 4761 3551 4832 Quoniam
3610 4770 3748 4816 tunc
3787 4772 3909 4816 erat
3933 4777 4019 4815 oc-

2441 4870 2668 4932 cupatus
2698 4860 2752 4915 in
2783 4859 2921 4926 aliis,
2959 4859 3124 4912 satius
3153 4872 3272 4912 esse
3303 4857 3512 4924 putavit
3544 4871 3852 4924 parumper
3886 4870 4021 4908 mar—

2441 4963 2609 5023 tyrem
2644 4951 2852 5004 tradere
2884 4949 2936 5002 in
2978 4947 3298 5000 custodiam.
3340 4944 3582 5010 Quadam
3615 4945 3764 4998 enim
3801 4960 3898 5012 spe
3926 4945 4019 4996 du-

2442 5045 2686 5108 cebatur,
2743 5041 2884 5111 quod
2929 5041 2970 5092 si
3008 5038 3059 5092 ei
3104 5046 3316 5108 tempus
3367 5036 3611 5104 daretur,
3667 5046 3734 5092 ut
3785 5038 3936 5106 apud
3972 5052 4022 5088 se

2442 5144 2607 5198 esset,
2663 5142 2717 5188 et
2747 5130 3114 5186 consideraret
3143 5129 3470 5187 accuratius.
3510 5127 3626 5183 fore
3659 5141 3722 5180 ut
3767 5137 3826 5181 et
3864 5142 4023 5197 expe-

2446 5223 2636 5279 rientia
2665 5221 2951 5285 malorum,
2981 5234 3098 5290 quae
3122 5225 3531 5290 praecesserant,
3559 5225 3616 5270 et
3644 5227 3796 5270 metu
3833 5218 4022 5272 futura:

2446 5315 2698 5378 fornacis,
2742 5313 3021 5368 accederet
3050 5312 3263 5366 mollior
3298 5312 3365 5365 ad
3400 5309 3674 5365 secundas
3717 5309 4023 5378 interroga-

2438 5409 2632 5470 tiones,
2667 5413 2858 5459 etnon
2903 5419 3089 5473 parum
3122 5404 3360 5472 priorem
3408 5417 3566 5458 suam
3610 5412 3861 5459 mutaret
3910 5415 4021 5457 seu-

2400 5546 2402 5548 ,
2437 5497 2678 5552 tentiam.
2712 5497 2886 5563 Atque
2917 5495 3004 5547 ille
3033 5493 3248 5562 quidem
3278 5493 3360 5546 vir
3381 5508 3686 5564 generosus
3720 5493 4017 5563 conjicitur

2439 5590 2492 5642 in
2536 5602 2806 5642 carcerem
2854 5585 2967 5639 :ad
3015 5584 3368 5656 quadraginta
3408 5595 3595 5642 autem
3647 5585 4019 5643 Christianos.
