  <div class='ocr_page' id='page_1' title='image "/cluster/home/n/w/nwhite01/storage/ocr_20150623/115/pst.000005714285/362.png"; bbox 0 0 4170 6322; ppageno 0'>
   <div class='ocr_carea' id='block_1_1' title="bbox 197 395 295 458">
    <p class='ocr_par' dir='ltr' id='par_1_1' title="bbox 197 395 295 458">
     <span class='ocr_line' id='line_1_1' title="bbox 197 395 295 458; baseline -0.031 0"><span class='ocrx_word' id='word_1_1' title='bbox 197 395 295 458; x_wconf 81' lang='lat'><strong>573</strong></span> 
     </span>
    </p>
   </div>
   <div class='ocr_carea' id='block_1_2' title="bbox 1283 388 2316 450">
    <p class='ocr_par' dir='ltr' id='par_1_2' title="bbox 1283 388 2316 450">
     <span class='ocr_line' id='line_1_2' title="bbox 1283 388 2316 450; baseline -0.003 0"><span class='ocrx_word' id='word_1_2' title='bbox 1283 389 1748 450; x_wconf 70' lang='lat' dir='ltr'><strong>MAliTYI-UUM</strong></span> <span class='ocrx_word' id='word_1_3' title='bbox 1793 390 1854 448; x_wconf 91' lang='lat' dir='ltr'><strong>S.</strong></span> <span class='ocrx_word' id='word_1_4' title='bbox 1899 388 2316 450; x_wconf 82' lang='lat' dir='ltr'><strong>MAMANTIS.</strong></span> 
     </span>
    </p>
   </div>
   <div class='ocr_carea' id='block_1_3' title="bbox 3322 381 3423 443">
    <p class='ocr_par' dir='ltr' id='par_1_3' title="bbox 3322 381 3423 443">
     <span class='ocr_line' id='line_1_3' title="bbox 3322 381 3423 443; baseline -0.03 -1"><span class='ocrx_word' id='word_1_5' title='bbox 3322 381 3423 443; x_wconf 74' lang='grc'><strong>5⁸14</strong></span> 
     </span>
    </p>
   </div>
   <div class='ocr_carea' id='block_1_4' title="bbox 195 495 3424 579">
    <p class='ocr_par' dir='ltr' id='par_1_4' title="bbox 195 495 3424 579">
     <span class='ocr_line' id='line_1_4' title="bbox 195 495 3424 579; baseline -0.005 -19"><span class='ocrx_word' id='word_1_6' title='bbox 195 508 278 579; x_wconf 87' lang='lat' dir='ltr'><strong>qui</strong></span> <span class='ocrx_word' id='word_1_7' title='bbox 313 507 364 561; x_wconf 90' lang='lat' dir='ltr'><strong>in</strong></span> <span class='ocrx_word' id='word_1_8' title='bbox 410 519 475 558; x_wconf 92' lang='lat' dir='ltr'><strong>eo</strong></span> <span class='ocrx_word' id='word_1_9' title='bbox 519 504 666 573; x_wconf 85' lang='lat' dir='ltr'><strong>prius</strong></span> <span class='ocrx_word' id='word_1_10' title='bbox 703 501 1105 568; x_wconf 88' lang='lat' dir='ltr'><strong>detinebantur,</strong></span> <span class='ocrx_word' id='word_1_11' title='bbox 1141 501 1212 556; x_wconf 90' lang='lat' dir='ltr'><strong>ibi</strong></span> <span class='ocrx_word' id='word_1_12' title='bbox 1268 502 1517 556; x_wconf 88' lang='lat' dir='ltr'><strong>inventos</strong></span> <span class='ocrx_word' id='word_1_13' title='bbox 1557 503 1750 555; x_wconf 77' lang='lat' dir='ltr'><strong>liberal.</strong></span> <span class='ocrx_word' id='word_1_14' title='bbox 1774 500 1827 560; x_wconf 78' lang='grc' dir='ltr'><strong>Α</strong></span> <span class='ocrx_word' id='word_1_15' title='bbox 1853 509 2165 554; x_wconf 90' lang='lat' dir='ltr'><strong>reverenter</strong></span> <span class='ocrx_word' id='word_1_16' title='bbox 2182 500 2458 554; x_wconf 91' lang='lat' dir='ltr'><strong>adorabat.</strong></span> <span class='ocrx_word' id='word_1_17' title='bbox 2492 509 2545 554; x_wconf 90' lang='lat' dir='ltr'><strong>et</strong></span> <span class='ocrx_word' id='word_1_18' title='bbox 2572 498 2635 553; x_wconf 89' lang='lat' dir='ltr'><strong>ad</strong></span> <span class='ocrx_word' id='word_1_19' title='bbox 2667 498 2784 568; x_wconf 90' lang='lat' dir='ltr'><strong>ejus</strong></span> <span class='ocrx_word' id='word_1_20' title='bbox 2811 496 2974 566; x_wconf 84' lang='lat' dir='ltr'><strong>pedes</strong></span> <span class='ocrx_word' id='word_1_21' title='bbox 3019 495 3424 565; x_wconf 88' lang='lat' dir='ltr'><strong>procumbebat.</strong></span> 
     </span>
    </p>
   </div>
   <div class='ocr_carea' id='block_1_5' title="bbox 198 593 1758 654">
    <p class='ocr_par' dir='ltr' id='par_1_5' title="bbox 198 593 1758 654">
     <span class='ocr_line' id='line_1_5' title="bbox 198 593 1758 654; baseline -0.004 0"><span class='ocrx_word' id='word_1_22' title='bbox 198 617 224 654; x_wconf 88' lang='lat' dir='ltr'><strong>a</strong></span> <span class='ocrx_word' id='word_1_23' title='bbox 253 596 477 651; x_wconf 87' lang='lat' dir='ltr'><strong>vinculis</strong></span> <span class='ocrx_word' id='word_1_24' title='bbox 509 613 521 648; x_wconf 89' lang='lat'><strong>:</strong></span> <span class='ocrx_word' id='word_1_25' title='bbox 555 604 609 650; x_wconf 90' lang='lat' dir='ltr'><strong>et</strong></span> <span class='ocrx_word' id='word_1_26' title='bbox 638 609 761 648; x_wconf 92' lang='lat' dir='ltr'><strong>cum</strong></span> <span class='ocrx_word' id='word_1_27' title='bbox 808 595 1042 648; x_wconf 88' lang='lat' dir='ltr'><strong>carceris</strong></span> <span class='ocrx_word' id='word_1_28' title='bbox 1086 595 1262 648; x_wconf 85' lang='lat' dir='ltr'><strong>claves</strong></span> <span class='ocrx_word' id='word_1_29' title='bbox 1293 603 1348 648; x_wconf 91' lang='lat' dir='ltr'><strong>et</strong></span> <span class='ocrx_word' id='word_1_30' title='bbox 1382 603 1564 648; x_wconf 81' lang='lat' dir='ltr'><strong>vectes</strong></span> <span class='ocrx_word' id='word_1_31' title='bbox 1610 593 1758 648; x_wconf 86' lang='lat' dir='ltr'><strong>labe-</strong></span> 
     </span>
    </p>
   </div>
   <div class='ocr_carea' id='block_1_6' title="bbox 199 686 1758 755">
    <p class='ocr_par' dir='ltr' id='par_1_6' title="bbox 199 686 1758 755">
     <span class='ocr_line' id='line_1_6' title="bbox 199 686 1758 755; baseline -0.004 -11"><span class='ocrx_word' id='word_1_32' title='bbox 199 691 467 749; x_wconf 85' lang='lat' dir='ltr'><strong>factasset,</strong></span> <span class='ocrx_word' id='word_1_33' title='bbox 499 686 618 742; x_wconf 83' lang='lat' dir='ltr'><strong>sola.</strong></span> <span class='ocrx_word' id='word_1_34' title='bbox 654 687 986 755; x_wconf 75' lang='lat' dir='ltr'><strong>precatione,</strong></span> <span class='ocrx_word' id='word_1_35' title='bbox 1031 697 1086 741; x_wconf 91' lang='lat' dir='ltr'><strong>et</strong></span> <span class='ocrx_word' id='word_1_36' title='bbox 1118 697 1256 740; x_wconf 85' lang='lat' dir='ltr'><strong>totas</strong></span> <span class='ocrx_word' id='word_1_37' title='bbox 1284 695 1470 754; x_wconf 88' lang='lat' dir='ltr'><strong>portas</strong></span> <span class='ocrx_word' id='word_1_38' title='bbox 1513 686 1758 754; x_wconf 89' lang='lat' dir='ltr'><strong>aperuis-</strong></span> 
     </span>
    </p>
   </div>
   <div class='ocr_carea' id='block_1_7' title="bbox 200 773 1755 840">
    <p class='ocr_par' dir='ltr' id='par_1_7' title="bbox 200 773 1755 840">
     <span class='ocr_line' id='line_1_7' title="bbox 200 773 1755 840; baseline -0.003 -10"><span class='ocrx_word' id='word_1_39' title='bbox 200 780 299 837; x_wconf 86' lang='lat' dir='ltr'><strong>set,</strong></span> <span class='ocrx_word' id='word_1_40' title='bbox 352 775 430 828; x_wconf 90' lang='lat' dir='ltr'><strong>eis</strong></span> <span class='ocrx_word' id='word_1_41' title='bbox 476 775 693 840; x_wconf 90' lang='lat' dir='ltr'><strong>quidem</strong></span> <span class='ocrx_word' id='word_1_42' title='bbox 742 775 1008 835; x_wconf 85' lang='lat' dir='ltr'><strong>concedit,</strong></span> <span class='ocrx_word' id='word_1_43' title='bbox 1055 785 1113 827; x_wconf 93' lang='lat' dir='ltr'><strong>ut</strong></span> <span class='ocrx_word' id='word_1_44' title='bbox 1165 775 1285 827; x_wconf 90' lang='lat' dir='ltr'><strong>sine</strong></span> <span class='ocrx_word' id='word_1_45' title='bbox 1317 773 1501 827; x_wconf 90' lang='lat' dir='ltr'><strong>labore</strong></span> <span class='ocrx_word' id='word_1_46' title='bbox 1543 786 1755 839; x_wconf 80' lang='lat' dir='ltr'><strong>exeant,</strong></span> 
     </span>
    </p>
   </div>
   <div class='ocr_carea' id='block_1_8' title="bbox 201 865 1760 933">
    <p class='ocr_par' dir='ltr' id='par_1_8' title="bbox 201 865 1760 933">
     <span class='ocr_line' id='line_1_8' title="bbox 201 865 1760 933; baseline -0.001 -16"><span class='ocrx_word' id='word_1_47' title='bbox 201 866 520 932; x_wconf 85' lang='lat' dir='ltr'><strong>relinquitur</strong></span> <span class='ocrx_word' id='word_1_48' title='bbox 550 876 731 917; x_wconf 86' lang='lat' dir='ltr'><strong>autem</strong></span> <span class='ocrx_word' id='word_1_49' title='bbox 765 866 850 918; x_wconf 88' lang='lat' dir='ltr'><strong>ille</strong></span> <span class='ocrx_word' id='word_1_50' title='bbox 879 865 1024 918; x_wconf 90' lang='lat' dir='ltr'><strong>solus</strong></span> <span class='ocrx_word' id='word_1_51' title='bbox 1063 869 1114 916; x_wconf 93' lang='lat' dir='ltr'><strong>in</strong></span> <span class='ocrx_word' id='word_1_52' title='bbox 1150 865 1412 927; x_wconf 89' lang='lat' dir='ltr'><strong>custodia,</strong></span> <span class='ocrx_word' id='word_1_53' title='bbox 1454 865 1507 917; x_wconf 91' lang='lat' dir='ltr'><strong>in</strong></span> <span class='ocrx_word' id='word_1_54' title='bbox 1532 879 1634 933; x_wconf 89' lang='lat' dir='ltr'><strong>qna</strong></span> <span class='ocrx_word' id='word_1_55' title='bbox 1665 879 1760 916; x_wconf 91' lang='lat' dir='ltr'><strong>an-</strong></span> 
     </span>
    </p>
   </div>
   <div class='ocr_carea' id='block_1_9' title="bbox 197 959 1760 1030">
    <p class='ocr_par' dir='ltr' id='par_1_9' title="bbox 197 959 1760 1030">
     <span class='ocr_line' id='line_1_9' title="bbox 197 959 1760 1030; baseline 0.001 -17"><span class='ocrx_word' id='word_1_56' title='bbox 197 961 292 1030; x_wconf 87' lang='lat' dir='ltr'><strong>geli</strong></span> <span class='ocrx_word' id='word_1_57' title='bbox 321 961 602 1028; x_wconf 57' lang='lat' dir='ltr'><strong>praesentia</strong></span> <span class='ocrx_word' id='word_1_58' title='bbox 625 963 954 1017; x_wconf 76' lang='lat' dir='ltr'><strong>excitabatur</strong></span> <span class='ocrx_word' id='word_1_59' title='bbox 976 972 1030 1015; x_wconf 90' lang='lat' dir='ltr'><strong>et</strong></span> <span class='ocrx_word' id='word_1_60' title='bbox 1050 961 1470 1014; x_wconf 78' lang='lat' dir='ltr'><strong>confirmabatur</strong></span> <span class='ocrx_word' id='word_1_61' title='bbox 1489 960 1554 1014; x_wconf 90' lang='lat' dir='ltr'><strong>ad</strong></span> <span class='ocrx_word' id='word_1_62' title='bbox 1578 959 1760 1014; x_wconf 85' lang='lat' dir='ltr'><strong>futura</strong></span> 
     </span>
    </p>
   </div>
   <div class='ocr_carea' id='block_1_10' title="bbox 197 1053 514 1105">
    <p class='ocr_par' dir='ltr' id='par_1_10' title="bbox 197 1053 514 1105">
     <span class='ocr_line' id='line_1_10' title="bbox 197 1053 514 1105; baseline 0 0"><span class='ocrx_word' id='word_1_63' title='bbox 197 1053 514 1105; x_wconf 85' lang='lat' dir='ltr'><strong>certamina.</strong></span> 
     </span>
    </p>
   </div>
   <div class='ocr_carea' id='block_1_11' title="bbox 268 1141 1762 1212">
    <p class='ocr_par' dir='ltr' id='par_1_11' title="bbox 268 1141 1762 1212">
     <span class='ocr_line' id='line_1_11' title="bbox 268 1141 1762 1212; baseline 0.005 -19"><span class='ocrx_word' id='word_1_64' title='bbox 268 1141 410 1194; x_wconf 74' lang='lat' dir='ltr'><strong>XIV.</strong></span> <span class='ocrx_word' id='word_1_65' title='bbox 453 1141 665 1197; x_wconf 86' lang='lat' dir='ltr'><strong>Interea</strong></span> <span class='ocrx_word' id='word_1_66' title='bbox 696 1159 824 1212; x_wconf 83' lang='lat' dir='ltr'><strong>ergo</strong></span> <span class='ocrx_word' id='word_1_67' title='bbox 850 1144 960 1212; x_wconf 89' lang='lat' dir='ltr'><strong>jam</strong></span> <span class='ocrx_word' id='word_1_68' title='bbox 1005 1161 1230 1200; x_wconf 88' lang='lat' dir='ltr'><strong>accensa</strong></span> <span class='ocrx_word' id='word_1_69' title='bbox 1262 1154 1378 1200; x_wconf 91' lang='lat' dir='ltr'><strong>erat</strong></span> <span class='ocrx_word' id='word_1_70' title='bbox 1423 1146 1612 1200; x_wconf 85' lang='lat' dir='ltr'><strong>fornax</strong></span> <span class='ocrx_word' id='word_1_71' title='bbox 1651 1163 1665 1201; x_wconf 90' lang='lat'><strong>:</strong></span> <span class='ocrx_word' id='word_1_72' title='bbox 1707 1155 1762 1201; x_wconf 91' lang='lat' dir='ltr'><strong>et</strong></span> 
     </span>
    </p>
   </div>
   <div class='ocr_carea' id='block_1_12' title="bbox 195 1233 1760 1308">
    <p class='ocr_par' dir='ltr' id='par_1_12' title="bbox 195 1233 1760 1308">
     <span class='ocr_line' id='line_1_12' title="bbox 195 1233 1760 1308; baseline 0.004 -23"><span class='ocrx_word' id='word_1_73' title='bbox 195 1249 415 1302; x_wconf 58' lang='lat' dir='ltr'><strong>prxses,</strong></span> <span class='ocrx_word' id='word_1_74' title='bbox 457 1233 678 1302; x_wconf 86' lang='lat' dir='ltr'><strong>abjectis</strong></span> <span class='ocrx_word' id='word_1_75' title='bbox 719 1235 838 1302; x_wconf 79' lang='lat' dir='ltr'><strong>aliis</strong></span> <span class='ocrx_word' id='word_1_76' title='bbox 865 1237 1027 1299; x_wconf 89' lang='lat' dir='ltr'><strong>curis,</strong></span> <span class='ocrx_word' id='word_1_77' title='bbox 1060 1252 1245 1291; x_wconf 89' lang='lat' dir='ltr'><strong>rursus</strong></span> <span class='ocrx_word' id='word_1_78' title='bbox 1283 1239 1532 1306; x_wconf 88' lang='lat' dir='ltr'><strong>producit</strong></span> <span class='ocrx_word' id='word_1_79' title='bbox 1562 1249 1760 1308; x_wconf 86' lang='lat' dir='ltr'><strong>marty-</strong></span> 
     </span>
    </p>
   </div>
   <div class='ocr_carea' id='block_1_13' title="bbox 195 1322 1758 1383">
    <p class='ocr_par' dir='ltr' id='par_1_13' title="bbox 195 1322 1758 1383">
     <span class='ocr_line' id='line_1_13' title="bbox 195 1322 1758 1383; baseline 0.006 -11"><span class='ocrx_word' id='word_1_80' title='bbox 195 1335 307 1373; x_wconf 89' lang='lat' dir='ltr'><strong>rem</strong></span> <span class='ocrx_word' id='word_1_81' title='bbox 339 1322 403 1374; x_wconf 88' lang='lat' dir='ltr'><strong>ad</strong></span> <span class='ocrx_word' id='word_1_82' title='bbox 441 1322 689 1383; x_wconf 84' lang='lat' dir='ltr'><strong>tribunal,</strong></span> <span class='ocrx_word' id='word_1_83' title='bbox 721 1333 775 1378; x_wconf 90' lang='lat' dir='ltr'><strong>et</strong></span> <span class='ocrx_word' id='word_1_84' title='bbox 805 1326 930 1378; x_wconf 86' lang='lat' dir='ltr'><strong>dicit</strong></span> <span class='ocrx_word' id='word_1_85' title='bbox 963 1343 976 1377; x_wconf 87' lang='lat'><strong>:</strong></span> <span class='ocrx_word' id='word_1_86' title='bbox 1011 1325 1178 1378; x_wconf 89' lang='lat' dir='ltr'><strong>Tanta</strong></span> <span class='ocrx_word' id='word_1_87' title='bbox 1216 1329 1439 1380; x_wconf 86' lang='lat' dir='ltr'><strong>omnino</strong></span> <span class='ocrx_word' id='word_1_88' title='bbox 1476 1339 1658 1382; x_wconf 82' lang='lat' dir='ltr'><strong>nostra</strong></span> <span class='ocrx_word' id='word_1_89' title='bbox 1707 1329 1758 1382; x_wconf 91' lang='lat' dir='ltr'><strong>in</strong></span> 
     </span>
    </p>
   </div>
   <div class='ocr_carea' id='block_1_14' title="bbox 195 1412 1760 1486">
    <p class='ocr_par' dir='ltr' id='par_1_14' title="bbox 195 1412 1760 1486">
     <span class='ocr_line' id='line_1_14' title="bbox 195 1412 1760 1486; baseline 0.009 -24"><span class='ocrx_word' id='word_1_90' title='bbox 195 1412 357 1464; x_wconf 87' lang='lat' dir='ltr'><strong>rebus</strong></span> <span class='ocrx_word' id='word_1_91' title='bbox 398 1412 630 1466; x_wconf 82' lang='lat' dir='ltr'><strong>maxime</strong></span> <span class='ocrx_word' id='word_1_92' title='bbox 682 1416 998 1469; x_wconf 84' lang='lat' dir='ltr'><strong>necessariis</strong></span> <span class='ocrx_word' id='word_1_93' title='bbox 1046 1420 1348 1486; x_wconf 86' lang='lat' dir='ltr'><strong>occupatio,</strong></span> <span class='ocrx_word' id='word_1_94' title='bbox 1392 1428 1445 1473; x_wconf 91' lang='lat' dir='ltr'><strong>et</strong></span> <span class='ocrx_word' id='word_1_95' title='bbox 1507 1421 1760 1476; x_wconf 89' lang='lat' dir='ltr'><strong>diuturna</strong></span> 
     </span>
    </p>
   </div>
   <div class='ocr_carea' id='block_1_15' title="bbox 196 1501 1757 1578">
    <p class='ocr_par' dir='ltr' id='par_1_15' title="bbox 196 1501 1757 1578">
     <span class='ocr_line' id='line_1_15' title="bbox 196 1501 1757 1578; baseline 0.007 -25"><span class='ocrx_word' id='word_1_96' title='bbox 196 1502 250 1553; x_wconf 89' lang='lat' dir='ltr'><strong>in</strong></span> <span class='ocrx_word' id='word_1_97' title='bbox 290 1501 397 1554; x_wconf 88' lang='lat' dir='ltr'><strong>illis</strong></span> <span class='ocrx_word' id='word_1_98' title='bbox 431 1517 600 1567; x_wconf 90' lang='lat' dir='ltr'><strong>mora,</strong></span> <span class='ocrx_word' id='word_1_99' title='bbox 636 1507 984 1572; x_wconf 68' lang='lat' dir='ltr'><strong>praebuerunt</strong></span> <span class='ocrx_word' id='word_1_100' title='bbox 1014 1518 1225 1578; x_wconf 89' lang='lat' dir='ltr'><strong>tempus</strong></span> <span class='ocrx_word' id='word_1_101' title='bbox 1275 1511 1496 1564; x_wconf 90' lang='lat' dir='ltr'><strong>ineundi</strong></span> <span class='ocrx_word' id='word_1_102' title='bbox 1543 1513 1757 1565; x_wconf 90' lang='lat' dir='ltr'><strong>consilii</strong></span> 
     </span>
    </p>
   </div>
   <div class='ocr_carea' id='block_1_16' title="bbox 193 1588 1760 1666">
    <p class='ocr_par' dir='ltr' id='par_1_16' title="bbox 193 1588 1760 1666">
     <span class='ocr_line' id='line_1_16' title="bbox 193 1588 1760 1666; baseline 0.01 -30"><span class='ocrx_word' id='word_1_103' title='bbox 193 1588 336 1655; x_wconf 88' lang='lat' dir='ltr'><strong>quod</strong></span> <span class='ocrx_word' id='word_1_104' title='bbox 372 1597 516 1642; x_wconf 82' lang='lat' dir='ltr'><strong>esset</strong></span> <span class='ocrx_word' id='word_1_105' title='bbox 564 1591 656 1644; x_wconf 88' lang='lat' dir='ltr'><strong>tibi</strong></span> <span class='ocrx_word' id='word_1_106' title='bbox 695 1592 846 1648; x_wconf 89' lang='lat' dir='ltr'><strong>utile.</strong></span> <span class='ocrx_word' id='word_1_107' title='bbox 902 1595 996 1648; x_wconf 87' lang='lat' dir='ltr'><strong>Sitt</strong></span> <span class='ocrx_word' id='word_1_108' title='bbox 1049 1596 1251 1658; x_wconf 88' lang='lat' dir='ltr'><strong>minus,</strong></span> <span class='ocrx_word' id='word_1_109' title='bbox 1287 1606 1341 1648; x_wconf 89' lang='lat' dir='ltr'><strong>ttt</strong></span> <span class='ocrx_word' id='word_1_110' title='bbox 1389 1596 1554 1657; x_wconf 86' lang='lat' dir='ltr'><strong>vides,</strong></span> <span class='ocrx_word' id='word_1_111' title='bbox 1599 1614 1760 1666; x_wconf 89' lang='lat' dir='ltr'><strong>quam</strong></span> 
     </span>
    </p>
   </div>
   <div class='ocr_carea' id='block_1_17' title="bbox 194 1681 1762 1750">
    <p class='ocr_par' dir='ltr' id='par_1_17' title="bbox 194 1681 1762 1750">
     <span class='ocr_line' id='line_1_17' title="bbox 194 1681 1762 1750; baseline 0.005 -17"><span class='ocrx_word' id='word_1_112' title='bbox 194 1681 266 1733; x_wconf 87' lang='lat' dir='ltr'><strong>sit</strong></span> <span class='ocrx_word' id='word_1_113' title='bbox 311 1681 414 1733; x_wconf 88' lang='lat' dir='ltr'><strong>alta</strong></span> <span class='ocrx_word' id='word_1_114' title='bbox 450 1682 639 1737; x_wconf 80' lang='lat' dir='ltr'><strong>fornax</strong></span> <span class='ocrx_word' id='word_1_115' title='bbox 669 1702 681 1736; x_wconf 93' lang='lat'><strong>:</strong></span> <span class='ocrx_word' id='word_1_116' title='bbox 712 1686 846 1740; x_wconf 85' lang='lat' dir='ltr'><strong>nihil</strong></span> <span class='ocrx_word' id='word_1_117' title='bbox 880 1697 1054 1740; x_wconf 89' lang='lat' dir='ltr'><strong>tamen</strong></span> <span class='ocrx_word' id='word_1_118' title='bbox 1083 1689 1280 1750; x_wconf 89' lang='lat' dir='ltr'><strong>dicam,</strong></span> <span class='ocrx_word' id='word_1_119' title='bbox 1310 1688 1482 1742; x_wconf 91' lang='lat' dir='ltr'><strong>donec</strong></span> <span class='ocrx_word' id='word_1_120' title='bbox 1519 1689 1762 1743; x_wconf 88' lang='lat' dir='ltr'><strong>inconsi-</strong></span> 
     </span>
    </p>
   </div>
   <div class='ocr_carea' id='block_1_18' title="bbox 192 1771 1759 1838">
    <p class='ocr_par' dir='ltr' id='par_1_18' title="bbox 192 1771 1759 1838">
     <span class='ocr_line' id='line_1_18' title="bbox 192 1771 1759 1838; baseline 0.005 -14"><span class='ocrx_word' id='word_1_121' title='bbox 192 1771 380 1826; x_wconf 89' lang='lat' dir='ltr'><strong>derata</strong></span> <span class='ocrx_word' id='word_1_122' title='bbox 417 1772 531 1828; x_wconf 72' lang='lat' dir='ltr'><strong>hree</strong></span> <span class='ocrx_word' id='word_1_123' title='bbox 565 1782 652 1827; x_wconf 90' lang='lat' dir='ltr'><strong>tua</strong></span> <span class='ocrx_word' id='word_1_124' title='bbox 682 1781 982 1832; x_wconf 81' lang='lat' dir='ltr'><strong>constantia</strong></span> <span class='ocrx_word' id='word_1_125' title='bbox 1028 1777 1288 1838; x_wconf 79' lang='lat' dir='ltr'><strong>effecerit,</strong></span> <span class='ocrx_word' id='word_1_126' title='bbox 1331 1788 1387 1831; x_wconf 85' lang='lat' dir='ltr'><strong>ut</strong></span> <span class='ocrx_word' id='word_1_127' title='bbox 1432 1787 1482 1831; x_wconf 89' lang='lat' dir='ltr'><strong>te</strong></span> <span class='ocrx_word' id='word_1_128' title='bbox 1534 1781 1759 1832; x_wconf 87' lang='lat' dir='ltr'><strong>multum</strong></span> 
     </span>
    </p>
   </div>
   <div class='ocr_carea' id='block_1_19' title="bbox 1857 586 3424 658">
    <p class='ocr_par' dir='ltr' id='par_1_19' title="bbox 1857 586 3424 658">
     <span class='ocr_line' id='line_1_19' title="bbox 1857 586 3424 658; baseline -0.006 -12"><span class='ocrx_word' id='word_1_129' title='bbox 1857 592 2112 657; x_wconf 72' lang='lat' dir='ltr'><strong>Dixisses,</strong></span> <span class='ocrx_word' id='word_1_130' title='bbox 2151 594 2192 647; x_wconf 91' lang='lat' dir='ltr'><strong>si</strong></span> <span class='ocrx_word' id='word_1_131' title='bbox 2226 592 2473 655; x_wconf 86' lang='lat' dir='ltr'><strong>vidisses,</strong></span> <span class='ocrx_word' id='word_1_132' title='bbox 2514 607 2636 645; x_wconf 90' lang='lat' dir='ltr'><strong>eum</strong></span> <span class='ocrx_word' id='word_1_133' title='bbox 2682 589 2928 658; x_wconf 82' lang='lat' dir='ltr'><strong>amplecti</strong></span> <span class='ocrx_word' id='word_1_134' title='bbox 2984 588 3126 641; x_wconf 89' lang='lat' dir='ltr'><strong>illius</strong></span> <span class='ocrx_word' id='word_1_135' title='bbox 3182 586 3424 654; x_wconf 81' lang='lat' dir='ltr'><strong>vestigia.</strong></span> 
     </span>
    </p>
   </div>
   <div class='ocr_carea' id='block_1_20' title="bbox 1857 679 3428 744">
    <p class='ocr_par' dir='ltr' id='par_1_20' title="bbox 1857 679 3428 744">
     <span class='ocr_line' id='line_1_20' title="bbox 1857 679 3428 744; baseline -0.008 -7"><span class='ocrx_word' id='word_1_136' title='bbox 1857 684 2063 738; x_wconf 85' lang='lat' dir='ltr'><strong>Pardus</strong></span> <span class='ocrx_word' id='word_1_137' title='bbox 2093 692 2271 736; x_wconf 88' lang='lat' dir='ltr'><strong>autem</strong></span> <span class='ocrx_word' id='word_1_138' title='bbox 2301 683 2439 736; x_wconf 90' lang='lat' dir='ltr'><strong>lenis</strong></span> <span class='ocrx_word' id='word_1_139' title='bbox 2455 693 2511 735; x_wconf 91' lang='lat' dir='ltr'><strong>et</strong></span> <span class='ocrx_word' id='word_1_140' title='bbox 2561 690 2893 744; x_wconf 85' lang='lat' dir='ltr'><strong>mansuetus,</strong></span> <span class='ocrx_word' id='word_1_141' title='bbox 2925 679 2978 731; x_wconf 93' lang='lat' dir='ltr'><strong>in</strong></span> <span class='ocrx_word' id='word_1_142' title='bbox 3019 679 3133 743; x_wconf 83' lang='lat' dir='ltr'><strong>ejus</strong></span> <span class='ocrx_word' id='word_1_143' title='bbox 3172 679 3428 733; x_wconf 75' lang='lat' dir='ltr'><strong>humeros</strong></span> 
     </span>
    </p>
   </div>
   <div class='ocr_carea' id='block_1_21' title="bbox 1857 767 3429 840">
    <p class='ocr_par' dir='ltr' id='par_1_21' title="bbox 1857 767 3429 840">
     <span class='ocr_line' id='line_1_21' title="bbox 1857 767 3429 840; baseline -0.006 -12"><span class='ocrx_word' id='word_1_144' title='bbox 1857 775 2180 828; x_wconf 76' lang='lat' dir='ltr'><strong>citraullatn</strong></span> <span class='ocrx_word' id='word_1_145' title='bbox 2209 774 2452 827; x_wconf 89' lang='lat' dir='ltr'><strong>insiliens</strong></span> <span class='ocrx_word' id='word_1_146' title='bbox 2481 773 2808 834; x_wconf 81' lang='lat' dir='ltr'><strong>molestiam,</strong></span> <span class='ocrx_word' id='word_1_147' title='bbox 2857 772 3031 840; x_wconf 80' lang='lat' dir='ltr'><strong>lingua</strong></span> <span class='ocrx_word' id='word_1_148' title='bbox 3085 767 3429 836; x_wconf 77' lang='lat' dir='ltr'><strong>abstergebat</strong></span> 
     </span>
    </p>
   </div>
   <div class='ocr_carea' id='block_1_22' title="bbox 1856 859 3425 938">
    <p class='ocr_par' dir='ltr' id='par_1_22' title="bbox 1856 859 3425 938">
     <span class='ocr_line' id='line_1_22' title="bbox 1856 859 3425 938; baseline -0.01 -14"><span class='ocrx_word' id='word_1_149' title='bbox 1856 868 1976 938; x_wconf 88' lang='lat' dir='ltr'><strong>ejus</strong></span> <span class='ocrx_word' id='word_1_150' title='bbox 2007 867 2281 925; x_wconf 87' lang='lat' dir='ltr'><strong>sudorem.</strong></span> <span class='ocrx_word' id='word_1_151' title='bbox 2306 875 2360 919; x_wconf 91' lang='lat' dir='ltr'><strong>ct</strong></span> <span class='ocrx_word' id='word_1_152' title='bbox 2394 880 2516 919; x_wconf 90' lang='lat' dir='ltr'><strong>eum</strong></span> <span class='ocrx_word' id='word_1_153' title='bbox 2549 863 2908 918; x_wconf 82' lang='lat' dir='ltr'><strong>demulcebat.</strong></span> <span class='ocrx_word' id='word_1_154' title='bbox 2958 859 3176 929; x_wconf 90' lang='lat' dir='ltr'><strong>perinde</strong></span> <span class='ocrx_word' id='word_1_155' title='bbox 3214 873 3274 910; x_wconf 92' lang='lat' dir='ltr'><strong>ac</strong></span> <span class='ocrx_word' id='word_1_156' title='bbox 3303 872 3425 909; x_wconf 88' lang='lat' dir='ltr'><strong>cum</strong></span> 
     </span>
    </p>
   </div>
   <div class='ocr_carea' id='block_1_23' title="bbox 1858 952 3431 1028">
    <p class='ocr_par' dir='ltr' id='par_1_23' title="bbox 1858 952 3431 1028">
     <span class='ocr_line' id='line_1_23' title="bbox 1858 952 3431 1028; baseline -0.01 -10"><span class='ocrx_word' id='word_1_157' title='bbox 1858 961 2142 1022; x_wconf 77' lang='lat' dir='ltr'><strong>deliniens,</strong></span> <span class='ocrx_word' id='word_1_158' title='bbox 2172 968 2225 1013; x_wconf 92' lang='lat' dir='ltr'><strong>et</strong></span> <span class='ocrx_word' id='word_1_159' title='bbox 2255 974 2394 1028; x_wconf 84' lang='lat' dir='ltr'><strong>aegre</strong></span> <span class='ocrx_word' id='word_1_160' title='bbox 2425 957 2601 1011; x_wconf 87' lang='lat' dir='ltr'><strong>ferens</strong></span> <span class='ocrx_word' id='word_1_161' title='bbox 2623 972 2682 1010; x_wconf 93' lang='lat' dir='ltr'><strong>ea</strong></span> <span class='ocrx_word' id='word_1_162' title='bbox 2714 971 2833 1024; x_wconf 66' lang='lat' dir='ltr'><strong>qua:</strong></span> <span class='ocrx_word' id='word_1_163' title='bbox 2863 955 3188 1024; x_wconf 87' lang='lat' dir='ltr'><strong>patiebatur.</strong></span> <span class='ocrx_word' id='word_1_164' title='bbox 3222 952 3292 1008; x_wconf 86' lang='lat' dir='ltr'><strong>Et</strong></span> <span class='ocrx_word' id='word_1_165' title='bbox 3312 966 3431 1017; x_wconf 66' lang='lat' dir='ltr'><strong>quae</strong></span> 
     </span>
    </p>
   </div>
   <div class='ocr_carea' id='block_1_24' title="bbox 1857 1041 3432 1124">
    <p class='ocr_par' dir='ltr' id='par_1_24' title="bbox 1857 1041 3432 1124">
     <span class='ocr_line' id='line_1_24' title="bbox 1857 1041 3432 1124; baseline -0.011 -15"><span class='ocrx_word' id='word_1_166' title='bbox 1857 1071 1887 1109; x_wconf 91' lang='lat' dir='ltr'><strong>a</strong></span> <span class='ocrx_word' id='word_1_167' title='bbox 1904 1054 2132 1124; x_wconf 71' lang='lat' dir='ltr'><strong>praeside</strong></span> <span class='ocrx_word' id='word_1_168' title='bbox 2145 1051 2360 1120; x_wconf 86' lang='lat' dir='ltr'><strong>quidem</strong></span> <span class='ocrx_word' id='word_1_169' title='bbox 2383 1050 2634 1102; x_wconf 87' lang='lat' dir='ltr'><strong>immissae</strong></span> <span class='ocrx_word' id='word_1_170' title='bbox 2653 1056 2778 1100; x_wconf 92' lang='lat' dir='ltr'><strong>sunt</strong></span> <span class='ocrx_word' id='word_1_171' title='bbox 2795 1047 2999 1109; x_wconf 66' lang='lat' dir='ltr'><strong>hostire,</strong></span> <span class='ocrx_word' id='word_1_172' title='bbox 3027 1044 3124 1103; x_wconf 85' lang='lat' dir='ltr'><strong>sic,</strong></span> <span class='ocrx_word' id='word_1_173' title='bbox 3147 1052 3204 1095; x_wconf 92' lang='lat' dir='ltr'><strong>ut</strong></span> <span class='ocrx_word' id='word_1_174' title='bbox 3219 1041 3432 1116; x_wconf 85' lang='lat' dir='ltr'><strong>videtis,</strong></span> 
     </span>
    </p>
   </div>
   <div class='ocr_carea' id='block_1_25' title="bbox 1858 1135 3430 1203">
    <p class='ocr_par' dir='ltr' id='par_1_25' title="bbox 1858 1135 3430 1203">
     <span class='ocr_line' id='line_1_25' title="bbox 1858 1135 3430 1203; baseline -0.008 -3"><span class='ocrx_word' id='word_1_175' title='bbox 1858 1162 2039 1200; x_wconf 88' lang='lat' dir='ltr'><strong>meum</strong></span> <span class='ocrx_word' id='word_1_176' title='bbox 2076 1153 2377 1199; x_wconf 88' lang='lat' dir='ltr'><strong>tractarunt.</strong></span> <span class='ocrx_word' id='word_1_177' title='bbox 2407 1143 2686 1196; x_wconf 82' lang='lat' dir='ltr'><strong>athletam.</strong></span> <span class='ocrx_word' id='word_1_178' title='bbox 2719 1139 2822 1191; x_wconf 85' lang='lat' dir='ltr'><strong>Sed</strong></span> <span class='ocrx_word' id='word_1_179' title='bbox 2856 1155 2962 1190; x_wconf 84' lang='lat' dir='ltr'><strong>noti</strong></span> <span class='ocrx_word' id='word_1_180' title='bbox 2994 1137 3074 1190; x_wconf 90' lang='lat' dir='ltr'><strong>sic</strong></span> <span class='ocrx_word' id='word_1_181' title='bbox 3101 1137 3205 1200; x_wconf 89' lang='lat' dir='ltr'><strong>leo,</strong></span> <span class='ocrx_word' id='word_1_182' title='bbox 3236 1135 3326 1203; x_wconf 85' lang='lat' dir='ltr'><strong>qui</strong></span> <span class='ocrx_word' id='word_1_183' title='bbox 3365 1137 3430 1188; x_wconf 90' lang='lat' dir='ltr'><strong>ab</strong></span> 
     </span>
    </p>
   </div>
   <div class='ocr_carea' id='block_1_26' title="bbox 1859 1226 3429 1308">
    <p class='ocr_par' dir='ltr' id='par_1_26' title="bbox 1859 1226 3429 1308">
     <span class='ocr_line' id='line_1_26' title="bbox 1859 1226 3429 1308; baseline -0.011 -15"><span class='ocrx_word' id='word_1_184' title='bbox 1859 1241 1952 1294; x_wconf 90' lang='lat' dir='ltr'><strong>illo</strong></span> <span class='ocrx_word' id='word_1_185' title='bbox 1985 1240 2194 1308; x_wconf 88' lang='lat' dir='ltr'><strong>signum</strong></span> <span class='ocrx_word' id='word_1_186' title='bbox 2238 1234 2465 1302; x_wconf 89' lang='lat' dir='ltr'><strong>accepit,</strong></span> <span class='ocrx_word' id='word_1_187' title='bbox 2522 1247 2679 1300; x_wconf 86' lang='lat' dir='ltr'><strong>quem</strong></span> <span class='ocrx_word' id='word_1_188' title='bbox 2722 1231 2836 1298; x_wconf 84' lang='lat' dir='ltr'><strong>ipse</strong></span> <span class='ocrx_word' id='word_1_189' title='bbox 2886 1226 3115 1279; x_wconf 78' lang='lat' dir='ltr'><strong>armavit</strong></span> <span class='ocrx_word' id='word_1_190' title='bbox 3166 1227 3429 1278; x_wconf 83' lang='lat' dir='ltr'><strong>adversus</strong></span> 
     </span>
    </p>
   </div>
   <div class='ocr_carea' id='block_1_27' title="bbox 1860 1316 3432 1401">
    <p class='ocr_par' dir='ltr' id='par_1_27' title="bbox 1860 1316 3432 1401">
     <span class='ocr_line' id='line_1_27' title="bbox 1860 1316 3432 1401; baseline -0.013 -15"><span class='ocrx_word' id='word_1_191' title='bbox 1860 1331 2079 1401; x_wconf 88' lang='lat' dir='ltr'><strong>impios,</strong></span> <span class='ocrx_word' id='word_1_192' title='bbox 2113 1340 2168 1383; x_wconf 90' lang='lat' dir='ltr'><strong>ut</strong></span> <span class='ocrx_word' id='word_1_193' title='bbox 2207 1328 2358 1396; x_wconf 91' lang='lat' dir='ltr'><strong>prius</strong></span> <span class='ocrx_word' id='word_1_194' title='bbox 2413 1325 2668 1379; x_wconf 73' lang='lat' dir='ltr'><strong>diximus.</strong></span> <span class='ocrx_word' id='word_1_195' title='bbox 2716 1320 2850 1373; x_wconf 79' lang='lat' dir='ltr'><strong>Nam</strong></span> <span class='ocrx_word' id='word_1_196' title='bbox 2886 1317 3138 1370; x_wconf 86' lang='lat' dir='ltr'><strong>dentibus</strong></span> <span class='ocrx_word' id='word_1_197' title='bbox 3175 1316 3432 1376; x_wconf 83' lang='lat' dir='ltr'><strong>stridens,</strong></span> 
     </span>
    </p>
   </div>
   <div class='ocr_carea' id='block_1_28' title="bbox 1861 1409 3434 1490">
    <p class='ocr_par' dir='ltr' id='par_1_28' title="bbox 1861 1409 3434 1490">
     <span class='ocr_line' id='line_1_28' title="bbox 1861 1409 3434 1490; baseline -0.015 -12"><span class='ocrx_word' id='word_1_198' title='bbox 1861 1434 1916 1478; x_wconf 90' lang='lat' dir='ltr'><strong>et</strong></span> <span class='ocrx_word' id='word_1_199' title='bbox 1948 1423 2080 1476; x_wconf 90' lang='lat' dir='ltr'><strong>iram</strong></span> <span class='ocrx_word' id='word_1_200' title='bbox 2119 1421 2349 1490; x_wconf 88' lang='lat' dir='ltr'><strong>spirans,</strong></span> <span class='ocrx_word' id='word_1_201' title='bbox 2387 1430 2614 1484; x_wconf 89' lang='lat' dir='ltr'><strong>propere</strong></span> <span class='ocrx_word' id='word_1_202' title='bbox 2648 1409 2924 1468; x_wconf 82' lang='lat' dir='ltr'><strong>descendit</strong></span> <span class='ocrx_word' id='word_1_203' title='bbox 2951 1410 3016 1463; x_wconf 91' lang='lat' dir='ltr'><strong>de</strong></span> <span class='ocrx_word' id='word_1_204' title='bbox 3046 1417 3227 1461; x_wconf 92' lang='lat' dir='ltr'><strong>monte</strong></span> <span class='ocrx_word' id='word_1_205' title='bbox 3263 1423 3276 1458; x_wconf 91' lang='lat'>:</span> <span class='ocrx_word' id='word_1_206' title='bbox 3310 1421 3434 1459; x_wconf 90' lang='lat' dir='ltr'><strong>cum</strong></span> 
     </span>
    </p>
   </div>
   <div class='ocr_carea' id='block_1_29' title="bbox 1861 1501 3440 1570">
    <p class='ocr_par' dir='ltr' id='par_1_29' title="bbox 1861 1501 3440 1570">
     <span class='ocr_line' id='line_1_29' title="bbox 1861 1501 3440 1570; baseline -0.013 0"><span class='ocrx_word' id='word_1_207' title='bbox 1861 1513 2236 1570; x_wconf 89' lang='lat' dir='ltr'><strong>conturbasset</strong></span> <span class='ocrx_word' id='word_1_208' title='bbox 2271 1511 2564 1567; x_wconf 89' lang='lat' dir='ltr'><strong>theatrum,</strong></span> <span class='ocrx_word' id='word_1_209' title='bbox 2602 1515 2656 1558; x_wconf 90' lang='lat' dir='ltr'><strong>et</strong></span> <span class='ocrx_word' id='word_1_210' title='bbox 2686 1505 2739 1556; x_wconf 90' lang='lat' dir='ltr'><strong>in</strong></span> <span class='ocrx_word' id='word_1_211' title='bbox 2766 1511 2958 1570; x_wconf 87' lang='lat' dir='ltr'><strong>partes</strong></span> <span class='ocrx_word' id='word_1_212' title='bbox 2993 1501 3335 1561; x_wconf 86' lang='lat' dir='ltr'><strong>dissecasset,</strong></span> <span class='ocrx_word' id='word_1_213' title='bbox 3373 1512 3440 1549; x_wconf 79' lang='lat' dir='ltr'><strong>ex</strong></span> 
     </span>
    </p>
   </div>
   <div class='ocr_carea' id='block_1_30' title="bbox 1861 1590 3435 1676">
    <p class='ocr_par' dir='ltr' id='par_1_30' title="bbox 1861 1590 3435 1676">
     <span class='ocr_line' id='line_1_30' title="bbox 1861 1590 3435 1676; baseline -0.014 -14"><span class='ocrx_word' id='word_1_214' title='bbox 1861 1609 1940 1662; x_wconf 89' lang='lat' dir='ltr'><strong>eis</strong></span> <span class='ocrx_word' id='word_1_215' title='bbox 1975 1605 2188 1676; x_wconf 88' lang='lat' dir='ltr'><strong>quidem</strong></span> <span class='ocrx_word' id='word_1_216' title='bbox 2221 1602 2421 1656; x_wconf 90' lang='lat' dir='ltr'><strong>multos</strong></span> <span class='ocrx_word' id='word_1_217' title='bbox 2451 1597 2736 1667; x_wconf 86' lang='lat' dir='ltr'><strong>discerpsit</strong></span> <span class='ocrx_word' id='word_1_218' title='bbox 2765 1594 3021 1649; x_wconf 87' lang='lat' dir='ltr'><strong>dentibus</strong></span> <span class='ocrx_word' id='word_1_219' title='bbox 3059 1599 3113 1643; x_wconf 89' lang='lat' dir='ltr'><strong>et</strong></span> <span class='ocrx_word' id='word_1_220' title='bbox 3144 1590 3435 1657; x_wconf 85' lang='lat' dir='ltr'><strong>unguibus.</strong></span> 
     </span>
    </p>
   </div>
   <div class='ocr_carea' id='block_1_31' title="bbox 1863 1678 3440 1768">
    <p class='ocr_par' dir='ltr' id='par_1_31' title="bbox 1863 1678 3440 1768">
     <span class='ocr_line' id='line_1_31' title="bbox 1863 1678 3440 1768; baseline -0.016 -14"><span class='ocrx_word' id='word_1_221' title='bbox 1863 1700 1980 1766; x_wconf 75' lang='lat' dir='ltr'><strong>Quo</strong></span> <span class='ocrx_word' id='word_1_222' title='bbox 2032 1697 2250 1768; x_wconf 84' lang='lat' dir='ltr'><strong>quidem</strong></span> <span class='ocrx_word' id='word_1_223' title='bbox 2318 1704 2562 1761; x_wconf 90' lang='lat' dir='ltr'><strong>tempore</strong></span> <span class='ocrx_word' id='word_1_224' title='bbox 2637 1684 3052 1742; x_wconf 85' lang='lat' dir='ltr'><strong>innumerabilis</strong></span> <span class='ocrx_word' id='word_1_225' title='bbox 3146 1678 3440 1736; x_wconf 91' lang='lat' dir='ltr'><strong>multitudo</strong></span> 
     </span>
    </p>
   </div>
   <div class='ocr_carea' id='block_1_32' title="bbox 1866 1777 3444 1856">
    <p class='ocr_par' dir='ltr' id='par_1_32' title="bbox 1866 1777 3444 1856">
     <span class='ocr_line' id='line_1_32' title="bbox 1866 1777 3444 1856; baseline -0.015 -11"><span class='ocrx_word' id='word_1_226' title='bbox 1866 1791 2186 1856; x_wconf 79' lang='lat' dir='ltr'><strong>infidelium,</strong></span> <span class='ocrx_word' id='word_1_227' title='bbox 2254 1785 2616 1852; x_wconf 88' lang='lat' dir='ltr'><strong>intelligentcs</strong></span> <span class='ocrx_word' id='word_1_228' title='bbox 2683 1781 2936 1834; x_wconf 85' lang='lat' dir='ltr'><strong>virtutem</strong></span> <span class='ocrx_word' id='word_1_229' title='bbox 3001 1777 3262 1836; x_wconf 81' lang='lat' dir='ltr'><strong>divinam,</strong></span> <span class='ocrx_word' id='word_1_230' title='bbox 3325 1785 3444 1839; x_wconf 74' lang='lat' dir='ltr'><strong>qua:</strong></span> 
     </span>
    </p>
   </div>
   <div class='ocr_carea' id='block_1_33' title="bbox 192 1850 1769 1947">
    <p class='ocr_par' dir='ltr' id='par_1_33' title="bbox 192 1863 1760 1940">
     <span class='ocr_line' id='line_1_33' title="bbox 192 1863 1760 1940; baseline 0.004 -23"><span class='ocrx_word' id='word_1_231' title='bbox 192 1863 466 1932; x_wconf 87' lang='lat' dir='ltr'><strong>deplores.</strong></span> <span class='ocrx_word' id='word_1_232' title='bbox 517 1866 606 1919; x_wconf 89' lang='lat' dir='ltr'><strong>Ille</strong></span> <span class='ocrx_word' id='word_1_233' title='bbox 634 1876 815 1920; x_wconf 90' lang='lat' dir='ltr'><strong>autem</strong></span> <span class='ocrx_word' id='word_1_234' title='bbox 849 1867 930 1920; x_wconf 86' lang='lat' dir='ltr'><strong>vir</strong></span> <span class='ocrx_word' id='word_1_235' title='bbox 954 1871 1198 1939; x_wconf 86' lang='lat' dir='ltr'><strong>egregius</strong></span> <span class='ocrx_word' id='word_1_236' title='bbox 1226 1889 1237 1922; x_wconf 89' lang='lat'><strong>:</strong></span> <span class='ocrx_word' id='word_1_237' title='bbox 1266 1870 1385 1924; x_wconf 80' lang='lat' dir='ltr'><strong>Jatn</strong></span> <span class='ocrx_word' id='word_1_238' title='bbox 1419 1871 1534 1934; x_wconf 92' lang='lat' dir='ltr'><strong>tibi,</strong></span> <span class='ocrx_word' id='word_1_239' title='bbox 1567 1887 1597 1923; x_wconf 82' lang='grc' dir='ltr'>ο</span> <span class='ocrx_word' id='word_1_240' title='bbox 1624 1888 1760 1940; x_wconf 66' lang='lat' dir='ltr'><strong>pra:-</strong></span> 
     </span>
    </p>
   </div>
   <div class='ocr_carea' id='block_1_34' title="bbox 1871 1850 3441 1947">
    <p class='ocr_par' dir='ltr' id='par_1_34' title="bbox 1871 1863 3441 1947">
     <span class='ocr_line' id='line_1_34' title="bbox 1871 1863 3441 1947; baseline -0.017 -10"><span class='ocrx_word' id='word_1_241' title='bbox 1871 1893 1979 1937; x_wconf 86' lang='lat' dir='ltr'><strong>erat</strong></span> <span class='ocrx_word' id='word_1_242' title='bbox 2013 1883 2064 1934; x_wconf 89' lang='lat' dir='ltr'><strong>in</strong></span> <span class='ocrx_word' id='word_1_243' title='bbox 2097 1889 2351 1947; x_wconf 70' lang='lat' dir='ltr'><strong>martyre,</strong></span> <span class='ocrx_word' id='word_1_244' title='bbox 2384 1877 2501 1944; x_wconf 91' lang='lat' dir='ltr'><strong>ejus</strong></span> <span class='ocrx_word' id='word_1_245' title='bbox 2548 1873 2711 1927; x_wconf 87' lang='lat' dir='ltr'><strong>Deum</strong></span> <span class='ocrx_word' id='word_1_246' title='bbox 2757 1870 3037 1940; x_wconf 80' lang='lat' dir='ltr'><strong>magnifice</strong></span> <span class='ocrx_word' id='word_1_247' title='bbox 3089 1863 3441 1920; x_wconf 75' lang='lat' dir='ltr'><strong>extollebant.</strong></span> 
     </span>
    </p>
   </div>
   <div class='ocr_carea' id='block_1_35' title="bbox 193 1958 1763 2025">
    <p class='ocr_par' dir='ltr' id='par_1_35' title="bbox 193 1958 1763 2025">
     <span class='ocr_line' id='line_1_35' title="bbox 193 1958 1763 2025; baseline 0.004 -17"><span class='ocrx_word' id='word_1_248' title='bbox 193 1969 305 2015; x_wconf 86' lang='lat' dir='ltr'><strong>ses,</strong></span> <span class='ocrx_word' id='word_1_249' title='bbox 345 1958 494 2024; x_wconf 92' lang='lat' dir='ltr'><strong>prius</strong></span> <span class='ocrx_word' id='word_1_250' title='bbox 518 1971 690 2009; x_wconf 86' lang='lat' dir='ltr'><strong>meam</strong></span> <span class='ocrx_word' id='word_1_251' title='bbox 727 1959 912 2025; x_wconf 86' lang='lat' dir='ltr'><strong>aperui</strong></span> <span class='ocrx_word' id='word_1_252' title='bbox 952 1960 1310 2025; x_wconf 87' lang='lat' dir='ltr'><strong>sententiam;</strong></span> <span class='ocrx_word' id='word_1_253' title='bbox 1337 1977 1434 2014; x_wconf 88' lang='lat' dir='ltr'><strong>cur</strong></span> <span class='ocrx_word' id='word_1_254' title='bbox 1474 1962 1539 2016; x_wconf 89' lang='lat' dir='ltr'><strong>dc</strong></span> <span class='ocrx_word' id='word_1_255' title='bbox 1577 1959 1763 2015; x_wconf 85' lang='lat' dir='ltr'><strong>iisdem</strong></span> 
     </span>
    </p>
   </div>
   <div class='ocr_carea' id='block_1_36' title="bbox 192 2047 1762 2121">
    <p class='ocr_par' dir='ltr' id='par_1_36' title="bbox 192 2047 1762 2121">
     <span class='ocr_line' id='line_1_36' title="bbox 192 2047 1762 2121; baseline 0.005 -23"><span class='ocrx_word' id='word_1_256' title='bbox 192 2047 359 2099; x_wconf 85' lang='lat' dir='ltr'><strong>rebus</strong></span> <span class='ocrx_word' id='word_1_257' title='bbox 389 2047 478 2098; x_wconf 86' lang='lat' dir='ltr'><strong>tibi</strong></span> <span class='ocrx_word' id='word_1_258' title='bbox 517 2062 703 2100; x_wconf 89' lang='lat' dir='ltr'><strong>rursus</strong></span> <span class='ocrx_word' id='word_1_259' title='bbox 732 2050 952 2104; x_wconf 76' lang='lat' dir='ltr'><strong>exhibes</strong></span> <span class='ocrx_word' id='word_1_260' title='bbox 985 2053 1445 2120; x_wconf 81' lang='lat' dir='ltr'><strong>negotiurn?Cum</strong></span> <span class='ocrx_word' id='word_1_261' title='bbox 1474 2054 1762 2121; x_wconf 88' lang='lat' dir='ltr'><strong>inccperis,</strong></span> 
     </span>
    </p>
   </div>
   <div class='ocr_carea' id='block_1_37' title="bbox 192 2134 1763 2212">
    <p class='ocr_par' dir='ltr' id='par_1_37' title="bbox 192 2134 1763 2212">
     <span class='ocr_line' id='line_1_37' title="bbox 192 2134 1763 2212; baseline 0.004 -22"><span class='ocrx_word' id='word_1_262' title='bbox 192 2138 362 2190; x_wconf 82' lang='lat' dir='ltr'><strong>finem</strong></span> <span class='ocrx_word' id='word_1_263' title='bbox 389 2134 650 2206; x_wconf 85' lang='lat' dir='ltr'><strong>impone;</strong></span> <span class='ocrx_word' id='word_1_264' title='bbox 695 2156 762 2193; x_wconf 89' lang='lat' dir='ltr'><strong>ne</strong></span> <span class='ocrx_word' id='word_1_265' title='bbox 803 2141 1023 2195; x_wconf 84' lang='lat' dir='ltr'><strong>diﬂ&#39;eras</strong></span> <span class='ocrx_word' id='word_1_266' title='bbox 1053 2158 1114 2196; x_wconf 87' lang='lat' dir='ltr'><strong>ea</strong></span> <span class='ocrx_word' id='word_1_267' title='bbox 1163 2160 1280 2212; x_wconf 62' lang='lat' dir='ltr'><strong>quae</strong></span> <span class='ocrx_word' id='word_1_268' title='bbox 1328 2145 1459 2197; x_wconf 92' lang='lat' dir='ltr'><strong>mihi</strong></span> <span class='ocrx_word' id='word_1_269' title='bbox 1491 2161 1548 2197; x_wconf 90' lang='lat' dir='ltr'><strong>es</strong></span> <span class='ocrx_word' id='word_1_270' title='bbox 1596 2149 1763 2196; x_wconf 89' lang='lat' dir='ltr'><strong>mina-</strong></span> 
     </span>
    </p>
   </div>
   <div class='ocr_carea' id='block_1_38' title="bbox 192 2229 1767 2303">
    <p class='ocr_par' dir='ltr' id='par_1_38' title="bbox 192 2229 1767 2303">
     <span class='ocr_line' id='line_1_38' title="bbox 192 2229 1767 2303; baseline 0.004 -22"><span class='ocrx_word' id='word_1_271' title='bbox 192 2238 306 2281; x_wconf 87' lang='lat' dir='ltr'><strong>tus.</strong></span> <span class='ocrx_word' id='word_1_272' title='bbox 349 2229 552 2284; x_wconf 74' lang='lat' dir='ltr'><strong>Przeses</strong></span> <span class='ocrx_word' id='word_1_273' title='bbox 612 2243 792 2286; x_wconf 88' lang='lat' dir='ltr'><strong>autem</strong></span> <span class='ocrx_word' id='word_1_274' title='bbox 842 2247 963 2288; x_wconf 89' lang='lat' dir='ltr'><strong>eum</strong></span> <span class='ocrx_word' id='word_1_275' title='bbox 1000 2233 1246 2303; x_wconf 86' lang='lat' dir='ltr'><strong>protinus</strong></span> <span class='ocrx_word' id='word_1_276' title='bbox 1299 2235 1540 2288; x_wconf 88' lang='lat' dir='ltr'><strong>immittit</strong></span> <span class='ocrx_word' id='word_1_277' title='bbox 1570 2236 1621 2288; x_wconf 91' lang='lat' dir='ltr'><strong>in</strong></span> <span class='ocrx_word' id='word_1_278' title='bbox 1659 2236 1767 2288; x_wconf 87' lang='lat' dir='ltr'><strong>for-</strong></span> 
     </span>
    </p>
   </div>
   <div class='ocr_carea' id='block_1_39' title="bbox 187 2315 1768 2397">
    <p class='ocr_par' dir='ltr' id='par_1_39' title="bbox 187 2315 1768 2397">
     <span class='ocr_line' id='line_1_39' title="bbox 187 2315 1768 2397; baseline 0.007 -28"><span class='ocrx_word' id='word_1_279' title='bbox 187 2332 406 2374; x_wconf 88' lang='lat' dir='ltr'><strong>nacem.</strong></span> <span class='ocrx_word' id='word_1_280' title='bbox 459 2319 560 2375; x_wconf 88' lang='lat' dir='ltr'><strong>Sed</strong></span> <span class='ocrx_word' id='word_1_281' title='bbox 595 2323 684 2390; x_wconf 86' lang='lat' dir='ltr'><strong>qui</strong></span> <span class='ocrx_word' id='word_1_282' title='bbox 716 2325 917 2392; x_wconf 87' lang='lat' dir='ltr'><strong>pueris,</strong></span> <span class='ocrx_word' id='word_1_283' title='bbox 955 2325 1045 2394; x_wconf 87' lang='lat' dir='ltr'><strong>qui</strong></span> <span class='ocrx_word' id='word_1_284' title='bbox 1095 2337 1248 2380; x_wconf 89' lang='lat' dir='ltr'><strong>erant</strong></span> <span class='ocrx_word' id='word_1_285' title='bbox 1289 2315 1345 2379; x_wconf 72' lang='lat' dir='ltr'><strong>iri</strong></span> <span class='ocrx_word' id='word_1_286' title='bbox 1375 2325 1612 2397; x_wconf 75' lang='lat' dir='ltr'><strong>Assyria,</strong></span> <span class='ocrx_word' id='word_1_287' title='bbox 1653 2326 1768 2380; x_wconf 77' lang='lat' dir='ltr'><strong>for-</strong></span> 
     </span>
    </p>
   </div>
   <div class='ocr_carea' id='block_1_40' title="bbox 185 2412 1766 2488">
    <p class='ocr_par' dir='ltr' id='par_1_40' title="bbox 185 2412 1766 2488">
     <span class='ocr_line' id='line_1_40' title="bbox 185 2412 1766 2488; baseline 0.008 -25"><span class='ocrx_word' id='word_1_288' title='bbox 185 2425 387 2464; x_wconf 84' lang='lat' dir='ltr'><strong>nacem</strong></span> <span class='ocrx_word' id='word_1_289' title='bbox 416 2412 704 2480; x_wconf 58' lang='lat' dir='ltr'><strong>aliquimdo</strong></span> <span class='ocrx_word' id='word_1_290' title='bbox 738 2432 858 2468; x_wconf 89' lang='lat' dir='ltr'><strong>rore</strong></span> <span class='ocrx_word' id='word_1_291' title='bbox 888 2420 1118 2484; x_wconf 87' lang='lat' dir='ltr'><strong>aspersit</strong></span> <span class='ocrx_word' id='word_1_292' title='bbox 1151 2419 1313 2482; x_wconf 84' lang='lat' dir='ltr'><strong>Deus,</strong></span> <span class='ocrx_word' id='word_1_293' title='bbox 1351 2420 1394 2471; x_wconf 92' lang='lat' dir='ltr'><strong>is</strong></span> <span class='ocrx_word' id='word_1_294' title='bbox 1430 2420 1516 2472; x_wconf 90' lang='lat' dir='ltr'><strong>hic</strong></span> <span class='ocrx_word' id='word_1_295' title='bbox 1553 2436 1766 2488; x_wconf 89' lang='lat' dir='ltr'><strong>quoque</strong></span> 
     </span>
    </p>
   </div>
   <div class='ocr_carea' id='block_1_41' title="bbox 187 2501 1759 2580">
    <p class='ocr_par' dir='ltr' id='par_1_41' title="bbox 187 2501 1759 2580">
     <span class='ocr_line' id='line_1_41' title="bbox 187 2501 1759 2580; baseline 0.007 -27"><span class='ocrx_word' id='word_1_296' title='bbox 187 2501 409 2563; x_wconf 83' lang='lat' dir='ltr'><strong>aderat,</strong></span> <span class='ocrx_word' id='word_1_297' title='bbox 447 2503 700 2558; x_wconf 74' lang='lat' dir='ltr'><strong>auferens</strong></span> <span class='ocrx_word' id='word_1_298' title='bbox 741 2505 876 2574; x_wconf 82' lang='lat' dir='ltr'><strong>ignis</strong></span> <span class='ocrx_word' id='word_1_299' title='bbox 925 2509 1308 2575; x_wconf 89' lang='lat' dir='ltr'><strong>operationem.</strong></span> <span class='ocrx_word' id='word_1_300' title='bbox 1347 2511 1541 2580; x_wconf 79' lang='lat' dir='ltr'><strong>lllartyr</strong></span> <span class='ocrx_word' id='word_1_301' title='bbox 1581 2522 1759 2565; x_wconf 89' lang='lat' dir='ltr'><strong>autem</strong></span> 
     </span>
    </p>
   </div>
   <div class='ocr_carea' id='block_1_42' title="bbox 186 2590 1762 2669">
    <p class='ocr_par' dir='ltr' id='par_1_42' title="bbox 186 2590 1762 2669">
     <span class='ocr_line' id='line_1_42' title="bbox 186 2590 1762 2669; baseline 0.014 -30"><span class='ocrx_word' id='word_1_302' title='bbox 186 2590 520 2643; x_wconf 74' lang='lat' dir='ltr'><strong>versabatur</strong></span> <span class='ocrx_word' id='word_1_303' title='bbox 573 2591 625 2644; x_wconf 87' lang='lat' dir='ltr'><strong>in</strong></span> <span class='ocrx_word' id='word_1_304' title='bbox 674 2591 910 2662; x_wconf 85' lang='lat' dir='ltr'><strong>ﬂamma,</strong></span> <span class='ocrx_word' id='word_1_305' title='bbox 965 2605 1216 2666; x_wconf 86' lang='lat' dir='ltr'><strong>tanquam</strong></span> <span class='ocrx_word' id='word_1_306' title='bbox 1260 2599 1313 2653; x_wconf 91' lang='lat' dir='ltr'><strong>in</strong></span> <span class='ocrx_word' id='word_1_307' title='bbox 1357 2610 1508 2669; x_wconf 90' lang='lat' dir='ltr'><strong>prato</strong></span> <span class='ocrx_word' id='word_1_308' title='bbox 1555 2602 1762 2661; x_wconf 88' lang='lat' dir='ltr'><strong>ﬂorido.</strong></span> 
     </span>
    </p>
   </div>
   <div class='ocr_carea' id='block_1_43' title="bbox 181 2680 1764 2758">
    <p class='ocr_par' dir='ltr' id='par_1_43' title="bbox 181 2680 1764 2758">
     <span class='ocr_line' id='line_1_43' title="bbox 181 2680 1764 2758; baseline 0.012 -25"><span class='ocrx_word' id='word_1_309' title='bbox 181 2680 336 2734; x_wconf 88' lang='lat' dir='ltr'><strong>Toto</strong></span> <span class='ocrx_word' id='word_1_310' title='bbox 389 2691 536 2736; x_wconf 89' lang='lat' dir='ltr'><strong>certe</strong></span> <span class='ocrx_word' id='word_1_311' title='bbox 574 2691 836 2754; x_wconf 89' lang='lat' dir='ltr'><strong>tempore.</strong></span> <span class='ocrx_word' id='word_1_312' title='bbox 883 2689 1072 2757; x_wconf 85' lang='lat' dir='ltr'><strong>quoin</strong></span> <span class='ocrx_word' id='word_1_313' title='bbox 1104 2691 1224 2758; x_wconf 86' lang='lat' dir='ltr'><strong>igne</strong></span> <span class='ocrx_word' id='word_1_314' title='bbox 1267 2703 1347 2747; x_wconf 84' lang='lat' dir='ltr'><strong>est</strong></span> <span class='ocrx_word' id='word_1_315' title='bbox 1384 2705 1640 2758; x_wconf 85' lang='lat' dir='ltr'><strong>moratus,</strong></span> <span class='ocrx_word' id='word_1_316' title='bbox 1679 2713 1764 2751; x_wconf 85' lang='lat' dir='ltr'><strong>ca-</strong></span> 
     </span>
    </p>
   </div>
   <div class='ocr_carea' id='block_1_44' title="bbox 179 2772 1764 2853">
    <p class='ocr_par' dir='ltr' id='par_1_44' title="bbox 179 2772 1764 2853">
     <span class='ocr_line' id='line_1_44' title="bbox 179 2772 1764 2853; baseline 0.01 -27"><span class='ocrx_word' id='word_1_317' title='bbox 179 2773 361 2826; x_wconf 87' lang='lat' dir='ltr'><strong>nebat</strong></span> <span class='ocrx_word' id='word_1_318' title='bbox 397 2772 623 2842; x_wconf 85' lang='lat' dir='ltr'><strong>hyrnnos</strong></span> <span class='ocrx_word' id='word_1_319' title='bbox 673 2783 737 2832; x_wconf 89' lang='lat' dir='ltr'><strong>ad</strong></span> <span class='ocrx_word' id='word_1_320' title='bbox 787 2778 972 2834; x_wconf 85' lang='lat' dir='ltr'><strong>Deum.</strong></span> <span class='ocrx_word' id='word_1_321' title='bbox 1021 2781 1196 2849; x_wconf 87' lang='lat' dir='ltr'><strong>Atque</strong></span> <span class='ocrx_word' id='word_1_322' title='bbox 1249 2794 1357 2837; x_wconf 89' lang='lat' dir='ltr'><strong>tres</strong></span> <span class='ocrx_word' id='word_1_323' title='bbox 1396 2787 1612 2853; x_wconf 88' lang='lat' dir='ltr'><strong>quidem</strong></span> <span class='ocrx_word' id='word_1_324' title='bbox 1647 2789 1764 2842; x_wconf 91' lang='lat' dir='ltr'><strong>dies</strong></span> 
     </span>
    </p>
   </div>
   <div class='ocr_carea' id='block_1_45' title="bbox 176 2866 1764 2933">
    <p class='ocr_par' dir='ltr' id='par_1_45' title="bbox 176 2866 1764 2933">
     <span class='ocr_line' id='line_1_45' title="bbox 176 2866 1764 2933; baseline 0.012 -19"><span class='ocrx_word' id='word_1_325' title='bbox 176 2879 318 2916; x_wconf 87' lang='lat' dir='ltr'><strong>eum</strong></span> <span class='ocrx_word' id='word_1_326' title='bbox 370 2866 539 2919; x_wconf 86' lang='lat' dir='ltr'><strong>tenuit</strong></span> <span class='ocrx_word' id='word_1_327' title='bbox 586 2867 796 2924; x_wconf 81' lang='lat' dir='ltr'><strong>fornax.</strong></span> <span class='ocrx_word' id='word_1_328' title='bbox 833 2870 1036 2926; x_wconf 87' lang='lat' dir='ltr'><strong>Deinde</strong></span> <span class='ocrx_word' id='word_1_329' title='bbox 1080 2889 1200 2927; x_wconf 89' lang='lat' dir='ltr'><strong>curn</strong></span> <span class='ocrx_word' id='word_1_330' title='bbox 1235 2874 1447 2929; x_wconf 90' lang='lat' dir='ltr'><strong>ﬂamma</strong></span> <span class='ocrx_word' id='word_1_331' title='bbox 1501 2891 1764 2933; x_wconf 86' lang='lat' dir='ltr'><strong>cessasset</strong></span> 
     </span>
    </p>
   </div>
   <div class='ocr_carea' id='block_1_46' title="bbox 174 2957 1756 3038">
    <p class='ocr_par' dir='ltr' id='par_1_46' title="bbox 174 2957 1756 3038">
     <span class='ocr_line' id='line_1_46' title="bbox 174 2957 1756 3038; baseline 0.011 -33"><span class='ocrx_word' id='word_1_332' title='bbox 174 2964 234 3006; x_wconf 88' lang='lat' dir='ltr'><strong>et</strong></span> <span class='ocrx_word' id='word_1_333' title='bbox 269 2963 467 3006; x_wconf 89' lang='lat' dir='ltr'><strong>essent</strong></span> <span class='ocrx_word' id='word_1_334' title='bbox 497 2958 549 3008; x_wconf 87' lang='lat' dir='ltr'><strong>iit</strong></span> <span class='ocrx_word' id='word_1_335' title='bbox 577 2957 811 3012; x_wconf 84' lang='lat' dir='ltr'><strong>cinerem</strong></span> <span class='ocrx_word' id='word_1_336' title='bbox 851 2961 1095 3015; x_wconf 87' lang='lat' dir='ltr'><strong>dissoluti</strong></span> <span class='ocrx_word' id='word_1_337' title='bbox 1129 2964 1406 3028; x_wconf 80' lang='lat' dir='ltr'><strong>carbones,</strong></span> <span class='ocrx_word' id='word_1_338' title='bbox 1437 2967 1588 3036; x_wconf 89' lang='lat' dir='ltr'><strong>jubet</strong></span> <span class='ocrx_word' id='word_1_339' title='bbox 1618 2984 1756 3038; x_wconf 74' lang='lat' dir='ltr'><strong>prae-</strong></span> 
     </span>
    </p>
   </div>
   <div class='ocr_carea' id='block_1_47' title="bbox 174 3044 1761 3128">
    <p class='ocr_par' dir='ltr' id='par_1_47' title="bbox 174 3044 1761 3128">
     <span class='ocr_line' id='line_1_47' title="bbox 174 3044 1761 3128; baseline 0.011 -30"><span class='ocrx_word' id='word_1_340' title='bbox 174 3060 275 3098; x_wconf 88' lang='lat' dir='ltr'><strong>ses</strong></span> <span class='ocrx_word' id='word_1_341' title='bbox 319 3044 622 3110; x_wconf 85' lang='lat' dir='ltr'><strong>lictoribus,</strong></span> <span class='ocrx_word' id='word_1_342' title='bbox 672 3058 727 3102; x_wconf 91' lang='lat' dir='ltr'><strong>ut</strong></span> <span class='ocrx_word' id='word_1_343' title='bbox 759 3049 1010 3115; x_wconf 84' lang='lat' dir='ltr'><strong>eﬂerant,</strong></span> <span class='ocrx_word' id='word_1_344' title='bbox 1044 3055 1088 3107; x_wconf 90' lang='lat' dir='ltr'><strong>si</strong></span> <span class='ocrx_word' id='word_1_345' title='bbox 1133 3057 1262 3123; x_wconf 84' lang='lat' dir='ltr'><strong>quid</strong></span> <span class='ocrx_word' id='word_1_346' title='bbox 1292 3057 1363 3111; x_wconf 91' lang='lat' dir='ltr'><strong>sit</strong></span> <span class='ocrx_word' id='word_1_347' title='bbox 1399 3060 1662 3128; x_wconf 84' lang='lat' dir='ltr'><strong>reliquum</strong></span> <span class='ocrx_word' id='word_1_348' title='bbox 1695 3077 1761 3116; x_wconf 80' lang='lat' dir='ltr'><strong>ex</strong></span> 
     </span>
    </p>
   </div>
   <div class='ocr_carea' id='block_1_48' title="bbox 1869 1952 3445 2040">
    <p class='ocr_par' dir='ltr' id='par_1_48' title="bbox 1869 1952 3445 2040">
     <span class='ocr_line' id='line_1_48' title="bbox 1869 1952 3445 2040; baseline -0.016 -12"><span class='ocrx_word' id='word_1_349' title='bbox 1869 1975 2010 2037; x_wconf 72' lang='lat' dir='ltr'><strong>“:BC,</strong></span> <span class='ocrx_word' id='word_1_350' title='bbox 2044 1987 2161 2040; x_wconf 66' lang='lat' dir='ltr'><strong>quae</strong></span> <span class='ocrx_word' id='word_1_351' title='bbox 2196 1971 2276 2024; x_wconf 86' lang='lat' dir='ltr'><strong>vel</strong></span> <span class='ocrx_word' id='word_1_352' title='bbox 2311 1970 2457 2037; x_wconf 90' lang='lat' dir='ltr'><strong>ipsos</strong></span> <span class='ocrx_word' id='word_1_353' title='bbox 2486 1973 2734 2035; x_wconf 88' lang='lat' dir='ltr'><strong>poterant</strong></span> <span class='ocrx_word' id='word_1_354' title='bbox 2816 1961 3022 2015; x_wconf 89' lang='lat' dir='ltr'><strong>mollire</strong></span> <span class='ocrx_word' id='word_1_355' title='bbox 3051 1957 3276 2026; x_wconf 87' lang='lat' dir='ltr'><strong>lapides,</strong></span> <span class='ocrx_word' id='word_1_356' title='bbox 3319 1952 3445 2005; x_wconf 82' lang='lat' dir='ltr'><strong>red-</strong></span> 
     </span>
    </p>
   </div>
   <div class='ocr_carea' id='block_1_49' title="bbox 1868 2043 3444 2134">
    <p class='ocr_par' dir='ltr' id='par_1_49' title="bbox 1868 2043 3444 2134">
     <span class='ocr_line' id='line_1_49' title="bbox 1868 2043 3444 2134; baseline -0.02 -10"><span class='ocrx_word' id='word_1_357' title='bbox 1868 2068 2066 2124; x_wconf 72' lang='lat' dir='ltr'><strong>dabant</strong></span> <span class='ocrx_word' id='word_1_358' title='bbox 2110 2063 2390 2134; x_wconf 69' lang='lat' dir='ltr'><strong>praesident</strong></span> <span class='ocrx_word' id='word_1_359' title='bbox 2428 2059 2704 2112; x_wconf 90' lang='lat' dir='ltr'><strong>duriorem</strong></span> <span class='ocrx_word' id='word_1_360' title='bbox 2743 2074 2756 2108; x_wconf 89' lang='lat'><strong>:</strong></span> <span class='ocrx_word' id='word_1_361' title='bbox 2791 2063 2844 2108; x_wconf 92' lang='lat' dir='ltr'><strong>et</strong></span> <span class='ocrx_word' id='word_1_362' title='bbox 2896 2055 3105 2106; x_wconf 87' lang='lat' dir='ltr'><strong>ieoncm</strong></span> <span class='ocrx_word' id='word_1_363' title='bbox 3155 2061 3342 2101; x_wconf 89' lang='lat' dir='ltr'><strong>rursus</strong></span> <span class='ocrx_word' id='word_1_364' title='bbox 3392 2043 3444 2094; x_wconf 92' lang='lat' dir='ltr'><strong>in</strong></span> 
     </span>
    </p>
   </div>
   <div class='ocr_carea' id='block_1_50' title="bbox 1869 2143 3444 2228">
    <p class='ocr_par' dir='ltr' id='par_1_50' title="bbox 1869 2143 3444 2228">
     <span class='ocr_line' id='line_1_50' title="bbox 1869 2143 3444 2228; baseline -0.018 -16"><span class='ocrx_word' id='word_1_365' title='bbox 1869 2154 2316 2228; x_wconf 88' lang='lat' dir='ltr'><strong>ipsurnirmnittit.</strong></span> <span class='ocrx_word' id='word_1_366' title='bbox 2342 2152 2435 2206; x_wconf 90' lang='lat' dir='ltr'><strong>Ille</strong></span> <span class='ocrx_word' id='word_1_367' title='bbox 2467 2155 2936 2216; x_wconf 87' lang='lat' dir='ltr'><strong>autem,quantnm</strong></span> <span class='ocrx_word' id='word_1_368' title='bbox 2962 2143 3049 2210; x_wconf 91' lang='lat' dir='ltr'><strong>qui</strong></span> <span class='ocrx_word' id='word_1_369' title='bbox 3071 2143 3444 2228; x_wconf 54' lang='lat' dir='ltr'><strong>praecesserat,</strong></span> 
     </span>
    </p>
   </div>
   <div class='ocr_carea' id='block_1_51' title="bbox 1866 2225 3447 2312">
    <p class='ocr_par' dir='ltr' id='par_1_51' title="bbox 1866 2225 3447 2312">
     <span class='ocr_line' id='line_1_51' title="bbox 1866 2225 3447 2312; baseline -0.02 -5"><span class='ocrx_word' id='word_1_370' title='bbox 1866 2225 2126 2307; x_wconf 44' lang='lat' dir='ltr'><strong>e—ﬂ‘eratus</strong></span> <span class='ocrx_word' id='word_1_371' title='bbox 2168 2249 2341 2302; x_wconf 84' lang='lat' dir='ltr'><strong>fuerat</strong></span> <span class='ocrx_word' id='word_1_372' title='bbox 2376 2247 2430 2299; x_wconf 94' lang='lat' dir='ltr'><strong>in</strong></span> <span class='ocrx_word' id='word_1_373' title='bbox 2488 2242 2712 2312; x_wconf 89' lang='lat' dir='ltr'><strong>impium</strong></span> <span class='ocrx_word' id='word_1_374' title='bbox 2744 2239 3035 2295; x_wconf 82' lang='lat' dir='ltr'><strong>theatrum,</strong></span> <span class='ocrx_word' id='word_1_375' title='bbox 3072 2240 3126 2284; x_wconf 90' lang='lat' dir='ltr'><strong>et</strong></span> <span class='ocrx_word' id='word_1_376' title='bbox 3160 2231 3236 2281; x_wconf 89' lang='lat' dir='ltr'><strong>eis</strong></span> <span class='ocrx_word' id='word_1_377' title='bbox 3262 2225 3447 2283; x_wconf 80' lang='lat' dir='ltr'><strong>quavis</strong></span> 
     </span>
    </p>
   </div>
   <div class='ocr_carea' id='block_1_52' title="bbox 1865 2312 3447 2394">
    <p class='ocr_par' dir='ltr' id='par_1_52' title="bbox 1865 2312 3447 2394">
     <span class='ocr_line' id='line_1_52' title="bbox 1865 2312 3447 2394; baseline -0.018 0"><span class='ocrx_word' id='word_1_378' title='bbox 1865 2346 2036 2394; x_wconf 91' lang='lat' dir='ltr'><strong>morte</strong></span> <span class='ocrx_word' id='word_1_379' title='bbox 2055 2337 2217 2389; x_wconf 86' lang='lat' dir='ltr'><strong>vitam</strong></span> <span class='ocrx_word' id='word_1_380' title='bbox 2238 2334 2490 2388; x_wconf 74' lang='lat' dir='ltr'><strong>eﬂ‘ecerat</strong></span> <span class='ocrx_word' id='word_1_381' title='bbox 2507 2329 2862 2387; x_wconf 86' lang='lat' dir='ltr'><strong>acerbiorem,</strong></span> <span class='ocrx_word' id='word_1_382' title='bbox 2890 2332 3096 2376; x_wconf 87' lang='lat' dir='ltr'><strong>tantum</strong></span> <span class='ocrx_word' id='word_1_383' title='bbox 3118 2319 3206 2373; x_wconf 92' lang='lat' dir='ltr'><strong>hic</strong></span> <span class='ocrx_word' id='word_1_384' title='bbox 3225 2312 3447 2370; x_wconf 81' lang='lat' dir='ltr'><strong>accessit</strong></span> 
     </span>
    </p>
   </div>
   <div class='ocr_carea' id='block_1_53' title="bbox 1868 2408 3446 2490">
    <p class='ocr_par' dir='ltr' id='par_1_53' title="bbox 1868 2408 3446 2490">
     <span class='ocr_line' id='line_1_53' title="bbox 1868 2408 3446 2490; baseline -0.015 -6"><span class='ocrx_word' id='word_1_385' title='bbox 1868 2431 2016 2486; x_wconf 83' lang='lat' dir='ltr'><strong>milis</strong></span> <span class='ocrx_word' id='word_1_386' title='bbox 2043 2438 2097 2483; x_wconf 90' lang='lat' dir='ltr'><strong>ct</strong></span> <span class='ocrx_word' id='word_1_387' title='bbox 2130 2435 2444 2480; x_wconf 86' lang='lat' dir='ltr'><strong>mansuetus</strong></span> <span class='ocrx_word' id='word_1_388' title='bbox 2476 2431 2762 2490; x_wconf 80' lang='lat' dir='ltr'><strong>martyrem</strong></span> <span class='ocrx_word' id='word_1_389' title='bbox 2794 2435 2806 2470; x_wconf 91' lang='lat'>:</span> <span class='ocrx_word' id='word_1_390' title='bbox 2840 2416 2975 2469; x_wconf 91' lang='lat' dir='ltr'><strong>adeo</strong></span> <span class='ocrx_word' id='word_1_391' title='bbox 3011 2422 3066 2468; x_wconf 85' lang='lat' dir='ltr'><strong>ut</strong></span> <span class='ocrx_word' id='word_1_392' title='bbox 3091 2415 3274 2468; x_wconf 88' lang='lat' dir='ltr'><strong>multis</strong></span> <span class='ocrx_word' id='word_1_393' title='bbox 3299 2408 3446 2462; x_wconf 84' lang='lat' dir='ltr'><strong>vide-</strong></span> 
     </span>
    </p>
   </div>
   <div class='ocr_carea' id='block_1_54' title="bbox 1869 2501 3446 2582">
    <p class='ocr_par' dir='ltr' id='par_1_54' title="bbox 1869 2501 3446 2582">
     <span class='ocr_line' id='line_1_54' title="bbox 1869 2501 3446 2582; baseline -0.015 -9"><span class='ocrx_word' id='word_1_394' title='bbox 1869 2531 2016 2575; x_wconf 87' lang='lat' dir='ltr'><strong>retur</strong></span> <span class='ocrx_word' id='word_1_395' title='bbox 2043 2520 2318 2572; x_wconf 87' lang='lat' dir='ltr'><strong>immissus</strong></span> <span class='ocrx_word' id='word_1_396' title='bbox 2337 2531 2457 2570; x_wconf 82' lang='lat' dir='ltr'><strong>esse</strong></span> <span class='ocrx_word' id='word_1_397' title='bbox 2487 2531 2514 2566; x_wconf 91' lang='lat' dir='ltr'><strong>a</strong></span> <span class='ocrx_word' id='word_1_398' title='bbox 2537 2509 2765 2582; x_wconf 69' lang='lat' dir='ltr'><strong>praeside</strong></span> <span class='ocrx_word' id='word_1_399' title='bbox 2793 2505 2858 2563; x_wconf 87' lang='lat' dir='ltr'><strong>ad</strong></span> <span class='ocrx_word' id='word_1_400' title='bbox 2885 2524 3008 2562; x_wconf 91' lang='lat' dir='ltr'><strong>eum</strong></span> <span class='ocrx_word' id='word_1_401' title='bbox 3034 2501 3446 2560; x_wconf 86' lang='lat' dir='ltr'><strong>consolandum,</strong></span> 
     </span>
    </p>
   </div>
   <div class='ocr_carea' id='block_1_55' title="bbox 1864 2607 2681 2677">
    <p class='ocr_par' dir='ltr' id='par_1_55' title="bbox 1864 2607 2681 2677">
     <span class='ocr_line' id='line_1_55' title="bbox 1864 2607 2681 2677; baseline -0.007 -11"><span class='ocrx_word' id='word_1_402' title='bbox 1864 2629 1972 2666; x_wconf 88' lang='lat' dir='ltr'><strong>non</strong></span> <span class='ocrx_word' id='word_1_403' title='bbox 2015 2619 2193 2663; x_wconf 84' lang='lat' dir='ltr'><strong>autem</strong></span> <span class='ocrx_word' id='word_1_404' title='bbox 2229 2609 2292 2662; x_wconf 87' lang='lat' dir='ltr'><strong>ad</strong></span> <span class='ocrx_word' id='word_1_405' title='bbox 2323 2607 2681 2677; x_wconf 83' lang='lat' dir='ltr'><strong>puniendum.</strong></span> 
     </span>
    </p>
   </div>
   <div class='ocr_carea' id='block_1_56' title="bbox 1936 2688 3449 2767">
    <p class='ocr_par' dir='ltr' id='par_1_56' title="bbox 1936 2688 3449 2767">
     <span class='ocr_line' id='line_1_56' title="bbox 1936 2688 3449 2767; baseline -0.013 -11"><span class='ocrx_word' id='word_1_406' title='bbox 1936 2700 2076 2756; x_wconf 78' lang='lat' dir='ltr'><strong>XVI.</strong></span> <span class='ocrx_word' id='word_1_407' title='bbox 2114 2700 2247 2755; x_wconf 87' lang='lat' dir='ltr'><strong>Cum</strong></span> <span class='ocrx_word' id='word_1_408' title='bbox 2282 2700 2462 2767; x_wconf 89' lang='lat' dir='ltr'><strong>itaque</strong></span> <span class='ocrx_word' id='word_1_409' title='bbox 2497 2713 2647 2766; x_wconf 91' lang='lat' dir='ltr'><strong>spem</strong></span> <span class='ocrx_word' id='word_1_410' title='bbox 2687 2712 2899 2750; x_wconf 88' lang='lat' dir='ltr'><strong>omnem</strong></span> <span class='ocrx_word' id='word_1_411' title='bbox 2950 2691 3237 2762; x_wconf 89' lang='lat' dir='ltr'><strong>abjecisset</strong></span> <span class='ocrx_word' id='word_1_412' title='bbox 3275 2688 3449 2753; x_wconf 80' lang='lat' dir='ltr'><strong>impu-</strong></span> 
     </span>
    </p>
   </div>
   <div class='ocr_carea' id='block_1_57' title="bbox 1865 2781 3452 2861">
    <p class='ocr_par' dir='ltr' id='par_1_57' title="bbox 1865 2781 3452 2861">
     <span class='ocr_line' id='line_1_57' title="bbox 1865 2781 3452 2861; baseline -0.013 -12"><span class='ocrx_word' id='word_1_413' title='bbox 1865 2796 2000 2849; x_wconf 88' lang='lat' dir='ltr'><strong>dens</strong></span> <span class='ocrx_word' id='word_1_414' title='bbox 2030 2794 2116 2847; x_wconf 91' lang='lat' dir='ltr'><strong>ille</strong></span> <span class='ocrx_word' id='word_1_415' title='bbox 2149 2807 2371 2861; x_wconf 61' lang='lat' dir='ltr'><strong>pra‘ses,</strong></span> <span class='ocrx_word' id='word_1_416' title='bbox 2393 2799 2542 2860; x_wconf 88' lang='lat' dir='ltr'><strong>rogat</strong></span> <span class='ocrx_word' id='word_1_417' title='bbox 2587 2789 2876 2857; x_wconf 89' lang='lat' dir='ltr'><strong>quemdam</strong></span> <span class='ocrx_word' id='word_1_418' title='bbox 2903 2801 2966 2838; x_wconf 74' lang='lat' dir='ltr'><strong>ex</strong></span> <span class='ocrx_word' id='word_1_419' title='bbox 2997 2784 3062 2838; x_wconf 92' lang='lat' dir='ltr'><strong>iis</strong></span> <span class='ocrx_word' id='word_1_420' title='bbox 3085 2782 3176 2852; x_wconf 90' lang='lat' dir='ltr'><strong>qui</strong></span> <span class='ocrx_word' id='word_1_421' title='bbox 3217 2781 3264 2834; x_wconf 93' lang='lat' dir='ltr'><strong>ci</strong></span> <span class='ocrx_word' id='word_1_422' title='bbox 3299 2792 3452 2848; x_wconf 76' lang='lat' dir='ltr'><strong>pare-</strong></span> 
     </span>
    </p>
   </div>
   <div class='ocr_carea' id='block_1_58' title="bbox 1863 2873 3448 2951">
    <p class='ocr_par' dir='ltr' id='par_1_58' title="bbox 1863 2873 3448 2951">
     <span class='ocr_line' id='line_1_58' title="bbox 1863 2873 3448 2951; baseline -0.011 -13"><span class='ocrx_word' id='word_1_423' title='bbox 1863 2887 2018 2951; x_wconf 88' lang='lat' dir='ltr'><strong>bant,</strong></span> <span class='ocrx_word' id='word_1_424' title='bbox 2056 2885 2186 2938; x_wconf 90' lang='lat' dir='ltr'><strong>utin</strong></span> <span class='ocrx_word' id='word_1_425' title='bbox 2217 2883 2457 2951; x_wconf 66' lang='lat' dir='ltr'><strong>praeclari</strong></span> <span class='ocrx_word' id='word_1_426' title='bbox 2495 2883 2657 2950; x_wconf 90' lang='lat' dir='ltr'><strong>hujus</strong></span> <span class='ocrx_word' id='word_1_427' title='bbox 2683 2878 2935 2949; x_wconf 79' lang='lat' dir='ltr'><strong>martyris</strong></span> <span class='ocrx_word' id='word_1_428' title='bbox 2977 2876 3182 2929; x_wconf 89' lang='lat' dir='ltr'><strong>viscera</strong></span> <span class='ocrx_word' id='word_1_429' title='bbox 3215 2873 3448 2925; x_wconf 85' lang='lat' dir='ltr'><strong>ferreum</strong></span> 
     </span>
    </p>
   </div>
   <div class='ocr_carea' id='block_1_59' title="bbox 1863 2962 3451 3046">
    <p class='ocr_par' dir='ltr' id='par_1_59' title="bbox 1863 2962 3451 3046">
     <span class='ocr_line' id='line_1_59' title="bbox 1863 2962 3451 3046; baseline -0.012 -17"><span class='ocrx_word' id='word_1_430' title='bbox 1863 2977 2043 3046; x_wconf 86' lang='lat' dir='ltr'><strong>adigat</strong></span> <span class='ocrx_word' id='word_1_431' title='bbox 2087 2975 2401 3028; x_wconf 85' lang='lat' dir='ltr'><strong>tridentem.</strong></span> <span class='ocrx_word' id='word_1_432' title='bbox 2464 2971 2527 3024; x_wconf 85' lang='lat' dir='ltr'><strong>Et</strong></span> <span class='ocrx_word' id='word_1_433' title='bbox 2573 2973 2662 3025; x_wconf 89' lang='lat' dir='ltr'><strong>ille</strong></span> <span class='ocrx_word' id='word_1_434' title='bbox 2724 2971 2941 3038; x_wconf 85' lang='lat' dir='ltr'><strong>quidem</strong></span> <span class='ocrx_word' id='word_1_435' title='bbox 3005 2982 3127 3020; x_wconf 91' lang='lat' dir='ltr'><strong>eum</strong></span> <span class='ocrx_word' id='word_1_436' title='bbox 3194 2962 3451 3016; x_wconf 89' lang='lat' dir='ltr'><strong>ambabus</strong></span> 
     </span>
    </p>
   </div>
   <div class='ocr_carea' id='block_1_60' title="bbox 1864 3054 3452 3134">
    <p class='ocr_par' dir='ltr' id='par_1_60' title="bbox 1864 3054 3452 3134">
     <span class='ocr_line' id='line_1_60' title="bbox 1864 3054 3452 3134; baseline -0.011 -12"><span class='ocrx_word' id='word_1_437' title='bbox 1864 3067 2111 3122; x_wconf 90' lang='lat' dir='ltr'><strong>manibus</strong></span> <span class='ocrx_word' id='word_1_438' title='bbox 2132 3073 2346 3132; x_wconf 80' lang='lat' dir='ltr'><strong>terquet</strong></span> <span class='ocrx_word' id='word_1_439' title='bbox 2365 3065 2418 3118; x_wconf 93' lang='lat' dir='ltr'><strong>in</strong></span> <span class='ocrx_word' id='word_1_440' title='bbox 2441 3073 2745 3134; x_wconf 80' lang='lat' dir='ltr'><strong>martyrem.</strong></span> <span class='ocrx_word' id='word_1_441' title='bbox 2769 3063 2966 3132; x_wconf 80' lang='lat' dir='ltr'><strong>Martyr</strong></span> <span class='ocrx_word' id='word_1_442' title='bbox 2991 3070 3168 3114; x_wconf 83' lang='lat' dir='ltr'><strong>autem</strong></span> <span class='ocrx_word' id='word_1_443' title='bbox 3190 3054 3452 3122; x_wconf 83' lang='lat' dir='ltr'><strong>sanguine</strong></span> 
     </span>
    </p>
   </div>
   <div class='ocr_carea' id='block_1_61' title="bbox 171 3135 3452 3244">
    <p class='ocr_par' dir='ltr' id='par_1_61' title="bbox 171 3135 3452 3244">
     <span class='ocr_line' id='line_1_61' title="bbox 171 3135 3452 3244; baseline 0.004 -54"><span class='ocrx_word' id='word_1_444' title='bbox 171 3135 412 3190; x_wconf 84' lang='lat' dir='ltr'><strong>ossibus</strong></span> <span class='ocrx_word' id='word_1_445' title='bbox 461 3138 727 3207; x_wconf 85' lang='lat' dir='ltr'><strong>martyris.</strong></span> <span class='ocrx_word' id='word_1_446' title='bbox 747 3139 822 3192; x_wconf 89' lang='lat' dir='ltr'><strong>[lli</strong></span> <span class='ocrx_word' id='word_1_447' title='bbox 862 3153 1040 3196; x_wconf 89' lang='lat' dir='ltr'><strong>autern</strong></span> <span class='ocrx_word' id='word_1_448' title='bbox 1073 3161 1192 3197; x_wconf 88' lang='lat' dir='ltr'><strong>cum</strong></span> <span class='ocrx_word' id='word_1_449' title='bbox 1226 3149 1499 3202; x_wconf 82' lang='lat' dir='ltr'><strong>venissent</strong></span> <span class='ocrx_word' id='word_1_450' title='bbox 1539 3154 1603 3204; x_wconf 90' lang='lat' dir='ltr'><strong>ad</strong></span> <span class='ocrx_word' id='word_1_451' title='bbox 1649 3155 1757 3206; x_wconf 86' lang='lat' dir='ltr'><strong>for-</strong></span> <span class='ocrx_word' id='word_1_452' title='bbox 1798 3185 1840 3244; x_wconf 82' lang='lat' dir='ltr'>C</span> <span class='ocrx_word' id='word_1_453' title='bbox 1887 3159 2160 3212; x_wconf 76' lang='lat' dir='ltr'><strong>manantia</strong></span> <span class='ocrx_word' id='word_1_454' title='bbox 2195 3157 2296 3210; x_wconf 82' lang='lat' dir='ltr'><strong>fert</strong></span> <span class='ocrx_word' id='word_1_455' title='bbox 2330 3155 2606 3217; x_wconf 68' lang='lat' dir='ltr'><strong>intestina,</strong></span> <span class='ocrx_word' id='word_1_456' title='bbox 2645 3155 2776 3208; x_wconf 82' lang='lat' dir='ltr'><strong>adeo</strong></span> <span class='ocrx_word' id='word_1_457' title='bbox 2816 3164 2874 3206; x_wconf 91' lang='lat' dir='ltr'><strong>nt</strong></span> <span class='ocrx_word' id='word_1_458' title='bbox 2899 3152 3140 3222; x_wconf 53' lang='lat' dir='ltr'><strong>quadarn</strong></span> <span class='ocrx_word' id='word_1_459' title='bbox 3175 3147 3366 3202; x_wconf 81' lang='lat' dir='ltr'><strong>mulier</strong></span> <span class='ocrx_word' id='word_1_460' title='bbox 3389 3159 3452 3195; x_wconf 75' lang='lat' dir='ltr'><strong>CX</strong></span> 
     </span>
    </p>
   </div>
   <div class='ocr_carea' id='block_1_62' title="bbox 168 3230 1772 3304">
    <p class='ocr_par' dir='ltr' id='par_1_62' title="bbox 168 3230 1772 3304">
     <span class='ocr_line' id='line_1_62' title="bbox 168 3230 1772 3304; baseline 0.01 -22"><span class='ocrx_word' id='word_1_461' title='bbox 168 3244 413 3295; x_wconf 80' lang='lat' dir='ltr'><strong>uacent,</strong></span> <span class='ocrx_word' id='word_1_462' title='bbox 457 3230 600 3286; x_wconf 84' lang='lat' dir='ltr'><strong>illius</strong></span> <span class='ocrx_word' id='word_1_463' title='bbox 653 3248 835 3289; x_wconf 82' lang='lat' dir='ltr'><strong>vocem</strong></span> <span class='ocrx_word' id='word_1_464' title='bbox 861 3237 1198 3304; x_wconf 87' lang='lat' dir='ltr'><strong>apertissime</strong></span> <span class='ocrx_word' id='word_1_465' title='bbox 1215 3239 1436 3293; x_wconf 83' lang='lat' dir='ltr'><strong>audiunt</strong></span> <span class='ocrx_word' id='word_1_466' title='bbox 1464 3243 1626 3296; x_wconf 87' lang='lat' dir='ltr'><strong>Deum</strong></span> <span class='ocrx_word' id='word_1_467' title='bbox 1653 3245 1772 3300; x_wconf 83' lang='lat' dir='ltr'><strong>lau-</strong></span> 
     </span>
    </p>
   </div>
   <div class='ocr_carea' id='block_1_63' title="bbox 167 3322 1776 3399">
    <p class='ocr_par' dir='ltr' id='par_1_63' title="bbox 167 3322 1776 3399">
     <span class='ocr_line' id='line_1_63' title="bbox 167 3322 1776 3399; baseline 0.012 -24"><span class='ocrx_word' id='word_1_468' title='bbox 167 3322 442 3377; x_wconf 85' lang='lat' dir='ltr'><strong>dantem.</strong></span> <span class='ocrx_word' id='word_1_469' title='bbox 485 3322 561 3378; x_wconf 90' lang='lat' dir='ltr'><strong>llli</strong></span> <span class='ocrx_word' id='word_1_470' title='bbox 597 3339 724 3380; x_wconf 86' lang='lat' dir='ltr'><strong>vero</strong></span> <span class='ocrx_word' id='word_1_471' title='bbox 757 3329 1002 3396; x_wconf 90' lang='lat' dir='ltr'><strong>protinus</strong></span> <span class='ocrx_word' id='word_1_472' title='bbox 1060 3334 1284 3399; x_wconf 87' lang='lat' dir='ltr'><strong>reversi,</strong></span> <span class='ocrx_word' id='word_1_473' title='bbox 1321 3334 1537 3390; x_wconf 75' lang='lat' dir='ltr'><strong>Prresidi</strong></span> <span class='ocrx_word' id='word_1_474' title='bbox 1571 3355 1776 3394; x_wconf 81' lang='lat' dir='ltr'><strong>renun-</strong></span> 
     </span>
    </p>
   </div>
   <div class='ocr_carea' id='block_1_64' title="bbox 165 3413 1776 3500">
    <p class='ocr_par' dir='ltr' id='par_1_64' title="bbox 165 3413 1776 3500">
     <span class='ocr_line' id='line_1_64' title="bbox 165 3413 1776 3500; baseline 0.014 -36"><span class='ocrx_word' id='word_1_475' title='bbox 165 3413 326 3468; x_wconf 86' lang='lat' dir='ltr'><strong>tiant</strong></span> <span class='ocrx_word' id='word_1_476' title='bbox 349 3431 466 3468; x_wconf 88' lang='lat' dir='ltr'><strong>rem</strong></span> <span class='ocrx_word' id='word_1_477' title='bbox 491 3418 633 3470; x_wconf 90' lang='lat' dir='ltr'><strong>illam</strong></span> <span class='ocrx_word' id='word_1_478' title='bbox 649 3420 1038 3474; x_wconf 86' lang='lat' dir='ltr'><strong>admirabilem.</strong></span> <span class='ocrx_word' id='word_1_479' title='bbox 1069 3423 1158 3476; x_wconf 94' lang='lat' dir='ltr'><strong>llle</strong></span> <span class='ocrx_word' id='word_1_480' title='bbox 1177 3443 1304 3479; x_wconf 87' lang='lat' dir='ltr'><strong>vero</strong></span> <span class='ocrx_word' id='word_1_481' title='bbox 1331 3444 1343 3480; x_wconf 96' lang='lat'>:</span> <span class='ocrx_word' id='word_1_482' title='bbox 1382 3427 1482 3481; x_wconf 83' lang='lat' dir='ltr'><strong>Per</strong></span> <span class='ocrx_word' id='word_1_483' title='bbox 1502 3447 1776 3500; x_wconf 80' lang='lat' dir='ltr'><strong>magnum.</strong></span> 
     </span>
    </p>
   </div>
   <div class='ocr_carea' id='block_1_65' title="bbox 162 3504 1776 3584">
    <p class='ocr_par' dir='ltr' id='par_1_65' title="bbox 162 3504 1776 3584">
     <span class='ocr_line' id='line_1_65' title="bbox 162 3504 1776 3584; baseline 0.014 -29"><span class='ocrx_word' id='word_1_484' title='bbox 162 3504 396 3574; x_wconf 85' lang='lat' dir='ltr'><strong>inquit,</strong></span> <span class='ocrx_word' id='word_1_485' title='bbox 439 3504 810 3574; x_wconf 86' lang='lat' dir='ltr'><strong>Serapionem,</strong></span> <span class='ocrx_word' id='word_1_486' title='bbox 841 3519 894 3562; x_wconf 88' lang='lat' dir='ltr'><strong>et</strong></span> <span class='ocrx_word' id='word_1_487' title='bbox 943 3514 1075 3565; x_wconf 90' lang='lat' dir='ltr'><strong>alios</strong></span> <span class='ocrx_word' id='word_1_488' title='bbox 1108 3531 1298 3569; x_wconf 86' lang='lat' dir='ltr'><strong>omnes</strong></span> <span class='ocrx_word' id='word_1_489' title='bbox 1348 3520 1500 3584; x_wconf 85' lang='lat' dir='ltr'><strong>deos,</strong></span> <span class='ocrx_word' id='word_1_490' title='bbox 1550 3523 1649 3575; x_wconf 90' lang='lat' dir='ltr'><strong>hoc</strong></span> <span class='ocrx_word' id='word_1_491' title='bbox 1691 3541 1776 3583; x_wconf 85' lang='lat' dir='ltr'><strong>est</strong></span> 
     </span>
    </p>
   </div>
   <div class='ocr_carea' id='block_1_66' title="bbox 156 3595 1778 3682">
    <p class='ocr_par' dir='ltr' id='par_1_66' title="bbox 156 3595 1778 3682">
     <span class='ocr_line' id='line_1_66' title="bbox 156 3595 1778 3682; baseline 0.012 -34"><span class='ocrx_word' id='word_1_492' title='bbox 156 3605 382 3664; x_wconf 87' lang='lat' dir='ltr'><strong>aperte</strong></span> <span class='ocrx_word' id='word_1_493' title='bbox 413 3595 706 3651; x_wconf 87' lang='lat' dir='ltr'><strong>iucantatio</strong></span> <span class='ocrx_word' id='word_1_494' title='bbox 723 3609 777 3652; x_wconf 86' lang='lat' dir='ltr'><strong>et</strong></span> <span class='ocrx_word' id='word_1_495' title='bbox 809 3601 1107 3672; x_wconf 49' lang='lat' dir='ltr'><strong>praestigias.</strong></span> <span class='ocrx_word' id='word_1_496' title='bbox 1140 3603 1200 3655; x_wconf 75' lang='lat' dir='ltr'><strong>Et</strong></span> <span class='ocrx_word' id='word_1_497' title='bbox 1228 3606 1388 3659; x_wconf 87' lang='lat' dir='ltr'><strong>multa</strong></span> <span class='ocrx_word' id='word_1_498' title='bbox 1413 3609 1514 3661; x_wconf 89' lang='lat' dir='ltr'><strong>alia</strong></span> <span class='ocrx_word' id='word_1_499' title='bbox 1547 3623 1778 3682; x_wconf 84' lang='lat' dir='ltr'><strong>nugatus</strong></span> 
     </span>
    </p>
   </div>
   <div class='ocr_carea' id='block_1_67' title="bbox 157 3689 1780 3773">
    <p class='ocr_par' dir='ltr' id='par_1_67' title="bbox 157 3689 1780 3773">
     <span class='ocr_line' id='line_1_67' title="bbox 157 3689 1780 3773; baseline 0.014 -34"><span class='ocrx_word' id='word_1_500' title='bbox 157 3696 260 3741; x_wconf 86' lang='lat' dir='ltr'><strong>est</strong></span> <span class='ocrx_word' id='word_1_501' title='bbox 296 3689 578 3744; x_wconf 85' lang='lat' dir='ltr'><strong>adversus</strong></span> <span class='ocrx_word' id='word_1_502' title='bbox 607 3691 887 3746; x_wconf 83' lang='lat' dir='ltr'><strong>veritatem</strong></span> <span class='ocrx_word' id='word_1_503' title='bbox 918 3710 933 3747; x_wconf 92' lang='lat'><strong>:</strong></span> <span class='ocrx_word' id='word_1_504' title='bbox 970 3695 1101 3749; x_wconf 89' lang='lat' dir='ltr'><strong>adeo</strong></span> <span class='ocrx_word' id='word_1_505' title='bbox 1123 3707 1236 3750; x_wconf 90' lang='lat' dir='ltr'><strong>erat</strong></span> <span class='ocrx_word' id='word_1_506' title='bbox 1274 3701 1516 3756; x_wconf 63' lang='lat' dir='ltr'><strong>attonitzn</strong></span> <span class='ocrx_word' id='word_1_507' title='bbox 1547 3713 1600 3757; x_wconf 90' lang='lat' dir='ltr'><strong>et</strong></span> <span class='ocrx_word' id='word_1_508' title='bbox 1623 3706 1780 3773; x_wconf 85' lang='lat' dir='ltr'><strong>plane</strong></span> 
     </span>
    </p>
   </div>
   <div class='ocr_carea' id='block_1_68' title="bbox 156 3781 1778 3864">
    <p class='ocr_par' dir='ltr' id='par_1_68' title="bbox 156 3781 1778 3864">
     <span class='ocr_line' id='line_1_68' title="bbox 156 3781 1778 3864; baseline 0.01 -32"><span class='ocrx_word' id='word_1_509' title='bbox 156 3791 398 3834; x_wconf 71' lang='lat' dir='ltr'><strong>emotae</strong></span> <span class='ocrx_word' id='word_1_510' title='bbox 435 3783 652 3836; x_wconf 88' lang='lat' dir='ltr'><strong>mentis.</strong></span> <span class='ocrx_word' id='word_1_511' title='bbox 684 3781 919 3852; x_wconf 84' lang='lat' dir='ltr'><strong>Populus</strong></span> <span class='ocrx_word' id='word_1_512' title='bbox 947 3795 1149 3852; x_wconf 87' lang='lat' dir='ltr'><strong>autem,</strong></span> <span class='ocrx_word' id='word_1_513' title='bbox 1184 3789 1512 3860; x_wconf 83' lang='lat' dir='ltr'><strong>quicunque,</strong></span> <span class='ocrx_word' id='word_1_514' title='bbox 1538 3793 1778 3864; x_wconf 89' lang='lat' dir='ltr'><strong>inquam,</strong></span> 
     </span>
    </p>
   </div>
   <div class='ocr_carea' id='block_1_69' title="bbox 155 3873 1781 3944">
    <p class='ocr_par' dir='ltr' id='par_1_69' title="bbox 155 3873 1781 3944">
     <span class='ocr_line' id='line_1_69' title="bbox 155 3873 1781 3944; baseline 0.009 -18"><span class='ocrx_word' id='word_1_515' title='bbox 155 3873 482 3944; x_wconf 79' lang='lat' dir='ltr'><strong>paululum</strong></span> <span class='ocrx_word' id='word_1_516' title='bbox 521 3883 765 3940; x_wconf 85' lang='lat' dir='ltr'><strong>poterant</strong></span> <span class='ocrx_word' id='word_1_517' title='bbox 826 3877 1021 3930; x_wconf 91' lang='lat' dir='ltr'><strong>intueri</strong></span> <span class='ocrx_word' id='word_1_518' title='bbox 1057 3879 1124 3931; x_wconf 90' lang='lat' dir='ltr'><strong>ad</strong></span> <span class='ocrx_word' id='word_1_519' title='bbox 1183 3881 1486 3944; x_wconf 76' lang='lat' dir='ltr'><strong>Veritatem,</strong></span> <span class='ocrx_word' id='word_1_520' title='bbox 1526 3900 1650 3938; x_wconf 89' lang='lat' dir='ltr'><strong>cum</strong></span> <span class='ocrx_word' id='word_1_521' title='bbox 1679 3904 1781 3942; x_wconf 90' lang='lat' dir='ltr'><strong>nec</strong></span> 
     </span>
    </p>
   </div>
   <div class='ocr_carea' id='block_1_70' title="bbox 146 3961 1779 4044">
    <p class='ocr_par' dir='ltr' id='par_1_70' title="bbox 146 3961 1779 4044">
     <span class='ocr_line' id='line_1_70' title="bbox 146 3961 1779 4044; baseline 0.011 -28"><span class='ocrx_word' id='word_1_522' title='bbox 146 3963 320 4031; x_wconf 77' lang='lat' dir='ltr'><strong>ignis</strong></span> <span class='ocrx_word' id='word_1_523' title='bbox 349 3963 666 4032; x_wconf 82' lang='lat' dir='ltr'><strong>vestigium,</strong></span> <span class='ocrx_word' id='word_1_524' title='bbox 700 3979 875 4033; x_wconf 91' lang='lat' dir='ltr'><strong>neque</strong></span> <span class='ocrx_word' id='word_1_525' title='bbox 935 3967 1097 4022; x_wconf 90' lang='lat' dir='ltr'><strong>ullam</strong></span> <span class='ocrx_word' id='word_1_526' title='bbox 1128 3968 1405 4042; x_wconf 82' lang='lat' dir='ltr'><strong>fuliginem</strong></span> <span class='ocrx_word' id='word_1_527' title='bbox 1443 3961 1779 4044; x_wconf 76' lang='lat' dir='ltr'><strong>aspexissent</strong></span> 
     </span>
    </p>
   </div>
   <div class='ocr_carea' id='block_1_71' title="bbox 149 4053 1778 4131">
    <p class='ocr_par' dir='ltr' id='par_1_71' title="bbox 149 4053 1778 4131">
     <span class='ocr_line' id='line_1_71' title="bbox 149 4053 1778 4131; baseline 0.009 -20"><span class='ocrx_word' id='word_1_528' title='bbox 149 4058 324 4111; x_wconf 83' lang='lat' dir='ltr'><strong>ferre</strong></span> <span class='ocrx_word' id='word_1_529' title='bbox 390 4053 675 4121; x_wconf 84' lang='lat' dir='ltr'><strong>athletam,</strong></span> <span class='ocrx_word' id='word_1_530' title='bbox 743 4058 884 4112; x_wconf 89' lang='lat' dir='ltr'><strong>illius</strong></span> <span class='ocrx_word' id='word_1_531' title='bbox 924 4059 1092 4115; x_wconf 87' lang='lat' dir='ltr'><strong>Deum</strong></span> <span class='ocrx_word' id='word_1_532' title='bbox 1127 4062 1438 4131; x_wconf 86' lang='lat' dir='ltr'><strong>laudabant,</strong></span> <span class='ocrx_word' id='word_1_533' title='bbox 1472 4076 1526 4122; x_wconf 85' lang='lat' dir='ltr'><strong>et</strong></span> <span class='ocrx_word' id='word_1_534' title='bbox 1568 4069 1619 4123; x_wconf 87' lang='lat' dir='ltr'><strong>ei</strong></span> <span class='ocrx_word' id='word_1_535' title='bbox 1675 4072 1778 4126; x_wconf 89' lang='lat' dir='ltr'><strong>soli</strong></span> 
     </span>
    </p>
   </div>
   <div class='ocr_carea' id='block_1_72' title="bbox 145 4147 915 4202">
    <p class='ocr_par' dir='ltr' id='par_1_72' title="bbox 145 4147 915 4202">
     <span class='ocr_line' id='line_1_72' title="bbox 145 4147 915 4202; baseline 0.001 -1"><span class='ocrx_word' id='word_1_536' title='bbox 145 4147 553 4202; x_wconf 80' lang='lat' dir='ltr'><strong>ascribebant</strong></span> <span class='ocrx_word' id='word_1_537' title='bbox 574 4147 915 4202; x_wconf 88' lang='lat' dir='ltr'><strong>miraculum.</strong></span> 
     </span>
    </p>
   </div>
   <div class='ocr_carea' id='block_1_73' title="bbox 237 4240 1780 4317">
    <p class='ocr_par' dir='ltr' id='par_1_73' title="bbox 237 4240 1780 4317">
     <span class='ocr_line' id='line_1_73' title="bbox 237 4240 1780 4317; baseline 0.006 -22"><span class='ocrx_word' id='word_1_538' title='bbox 237 4241 378 4295; x_wconf 80' lang='lat' dir='ltr'><strong>XV.</strong></span> <span class='ocrx_word' id='word_1_539' title='bbox 425 4240 665 4296; x_wconf 84' lang='lat' dir='ltr'><strong>Stolidus</strong></span> <span class='ocrx_word' id='word_1_540' title='bbox 696 4253 876 4297; x_wconf 90' lang='lat' dir='ltr'><strong>autem</strong></span> <span class='ocrx_word' id='word_1_541' title='bbox 898 4257 1114 4314; x_wconf 63' lang='lat' dir='ltr'><strong>praeses,</strong></span> <span class='ocrx_word' id='word_1_542' title='bbox 1148 4254 1431 4317; x_wconf 89' lang='lat' dir='ltr'><strong>postquam</strong></span> <span class='ocrx_word' id='word_1_543' title='bbox 1463 4265 1528 4303; x_wconf 80' lang='lat' dir='ltr'><strong>ex</strong></span> <span class='ocrx_word' id='word_1_544' title='bbox 1561 4250 1780 4305; x_wconf 83' lang='lat' dir='ltr'><strong>fornace</strong></span> 
     </span>
    </p>
   </div>
   <div class='ocr_carea' id='block_1_74' title="bbox 149 4335 1780 4404">
    <p class='ocr_par' dir='ltr' id='par_1_74' title="bbox 149 4335 1780 4404">
     <span class='ocr_line' id='line_1_74' title="bbox 149 4335 1780 4404; baseline 0.004 -14"><span class='ocrx_word' id='word_1_545' title='bbox 149 4352 389 4390; x_wconf 87' lang='lat' dir='ltr'><strong>rursus</strong></span> <span class='ocrx_word' id='word_1_546' title='bbox 459 4335 626 4388; x_wconf 90' lang='lat' dir='ltr'><strong>astitit</strong></span> <span class='ocrx_word' id='word_1_547' title='bbox 685 4344 883 4404; x_wconf 88' lang='lat' dir='ltr'><strong>martyr</strong></span> <span class='ocrx_word' id='word_1_548' title='bbox 933 4353 1095 4393; x_wconf 89' lang='lat' dir='ltr'><strong>sanus</strong></span> <span class='ocrx_word' id='word_1_549' title='bbox 1149 4347 1202 4392; x_wconf 91' lang='lat' dir='ltr'><strong>et</strong></span> <span class='ocrx_word' id='word_1_550' title='bbox 1231 4340 1410 4394; x_wconf 90' lang='lat' dir='ltr'><strong>salvus</strong></span> <span class='ocrx_word' id='word_1_551' title='bbox 1456 4352 1581 4395; x_wconf 91' lang='lat' dir='ltr'><strong>ante</strong></span> <span class='ocrx_word' id='word_1_552' title='bbox 1639 4341 1780 4397; x_wconf 89' lang='lat' dir='ltr'><strong>illius</strong></span> 
     </span>
    </p>
   </div>
   <div class='ocr_carea' id='block_1_75' title="bbox 145 4427 1777 4504">
    <p class='ocr_par' dir='ltr' id='par_1_75' title="bbox 145 4427 1777 4504">
     <span class='ocr_line' id='line_1_75' title="bbox 145 4427 1777 4504; baseline 0.004 -21"><span class='ocrx_word' id='word_1_553' title='bbox 145 4427 464 4489; x_wconf 84' lang='lat' dir='ltr'><strong>tribunal,</strong></span> <span class='ocrx_word' id='word_1_554' title='bbox 502 4443 623 4480; x_wconf 91' lang='lat' dir='ltr'><strong>cum</strong></span> <span class='ocrx_word' id='word_1_555' title='bbox 645 4441 742 4479; x_wconf 88' lang='lat' dir='ltr'><strong>nec</strong></span> <span class='ocrx_word' id='word_1_556' title='bbox 759 4428 877 4492; x_wconf 90' lang='lat' dir='ltr'><strong>ejus</strong></span> <span class='ocrx_word' id='word_1_557' title='bbox 895 4430 1112 4494; x_wconf 89' lang='lat' dir='ltr'><strong>quidem</strong></span> <span class='ocrx_word' id='word_1_558' title='bbox 1136 4431 1302 4496; x_wconf 89' lang='lat' dir='ltr'><strong>pilum</strong></span> <span class='ocrx_word' id='word_1_559' title='bbox 1334 4433 1470 4502; x_wconf 84' lang='lat' dir='ltr'><strong>ignis</strong></span> <span class='ocrx_word' id='word_1_560' title='bbox 1490 4435 1777 4504; x_wconf 80' lang='lat' dir='ltr'><strong>attigisset,</strong></span> 
     </span>
    </p>
   </div>
   <div class='ocr_carea' id='block_1_76' title="bbox 1880 3237 3454 3315">
    <p class='ocr_par' dir='ltr' id='par_1_76' title="bbox 1880 3237 3454 3315">
     <span class='ocr_line' id='line_1_76' title="bbox 1880 3237 3454 3315; baseline -0.011 -14"><span class='ocrx_word' id='word_1_561' title='bbox 1880 3249 1946 3301; x_wconf 89' lang='lat' dir='ltr'><strong>iis</strong></span> <span class='ocrx_word' id='word_1_562' title='bbox 1975 3263 2091 3314; x_wconf 70' lang='lat' dir='ltr'><strong>qua:</strong></span> <span class='ocrx_word' id='word_1_563' title='bbox 2131 3247 2405 3300; x_wconf 72' lang='lat' dir='ltr'><strong>benevola:</strong></span> <span class='ocrx_word' id='word_1_564' title='bbox 2441 3255 2596 3298; x_wconf 89' lang='lat' dir='ltr'><strong>erant</strong></span> <span class='ocrx_word' id='word_1_565' title='bbox 2633 3246 2971 3315; x_wconf 86' lang='lat' dir='ltr'><strong>martyribus,</strong></span> <span class='ocrx_word' id='word_1_566' title='bbox 3025 3256 3182 3309; x_wconf 91' lang='lat' dir='ltr'><strong>quam</strong></span> <span class='ocrx_word' id='word_1_567' title='bbox 3221 3237 3454 3307; x_wconf 88' lang='lat' dir='ltr'><strong>primum</strong></span> 
     </span>
    </p>
   </div>
   <div class='ocr_carea' id='block_1_77' title="bbox 1881 3330 3454 3408">
    <p class='ocr_par' dir='ltr' id='par_1_77' title="bbox 1881 3330 3454 3408">
     <span class='ocr_line' id='line_1_77' title="bbox 1881 3330 3454 3408; baseline -0.012 -13"><span class='ocrx_word' id='word_1_568' title='bbox 1881 3354 2187 3400; x_wconf 86' lang='lat' dir='ltr'><strong>accurrens,</strong></span> <span class='ocrx_word' id='word_1_569' title='bbox 2222 3347 2430 3392; x_wconf 88' lang='lat' dir='ltr'><strong>cratere</strong></span> <span class='ocrx_word' id='word_1_570' title='bbox 2484 3346 2662 3408; x_wconf 85' lang='lat' dir='ltr'><strong>guttas</strong></span> <span class='ocrx_word' id='word_1_571' title='bbox 2697 3337 2974 3406; x_wconf 85' lang='lat' dir='ltr'><strong>sanguinis</strong></span> <span class='ocrx_word' id='word_1_572' title='bbox 3023 3330 3342 3400; x_wconf 73' lang='lat' dir='ltr'><strong>susceperit,</strong></span> <span class='ocrx_word' id='word_1_573' title='bbox 3401 3332 3454 3378; x_wconf 88' lang='lat' dir='ltr'><strong>et</strong></span> 
     </span>
    </p>
   </div>
   <div class='ocr_carea' id='block_1_78' title="bbox 1882 3431 3448 3503">
    <p class='ocr_par' dir='ltr' id='par_1_78' title="bbox 1882 3431 3448 3503">
     <span class='ocr_line' id='line_1_78' title="bbox 1882 3431 3448 3503; baseline -0.011 -17"><span class='ocrx_word' id='word_1_574' title='bbox 1882 3435 2034 3486; x_wconf 67' lang='lat' dir='ltr'><strong>laetus</strong></span> <span class='ocrx_word' id='word_1_575' title='bbox 2064 3432 2363 3503; x_wconf 89' lang='lat' dir='ltr'><strong>ingreditur</strong></span> <span class='ocrx_word' id='word_1_576' title='bbox 2405 3446 2500 3500; x_wconf 91' lang='lat' dir='ltr'><strong>per</strong></span> <span class='ocrx_word' id='word_1_577' title='bbox 2558 3431 2796 3484; x_wconf 82' lang='lat' dir='ltr'><strong>medium</strong></span> <span class='ocrx_word' id='word_1_578' title='bbox 2843 3431 3109 3481; x_wconf 78' lang='lat' dir='ltr'><strong>theatrum</strong></span> <span class='ocrx_word' id='word_1_579' title='bbox 3150 3442 3164 3489; x_wconf 87' lang='lat'><strong>;</strong></span> <span class='ocrx_word' id='word_1_580' title='bbox 3204 3433 3448 3489; x_wconf 84' lang='lat' dir='ltr'><strong>magnam</strong></span> 
     </span>
    </p>
   </div>
   <div class='ocr_carea' id='block_1_79' title="bbox 1882 3509 3454 3591">
    <p class='ocr_par' dir='ltr' id='par_1_79' title="bbox 1882 3509 3454 3591">
     <span class='ocr_line' id='line_1_79' title="bbox 1882 3509 3454 3591; baseline -0.007 -13"><span class='ocrx_word' id='word_1_581' title='bbox 1882 3525 2024 3579; x_wconf 83' lang='lat' dir='ltr'><strong>enim</strong></span> <span class='ocrx_word' id='word_1_582' title='bbox 2056 3540 2084 3577; x_wconf 93' lang='lat' dir='ltr'><strong>a</strong></span> <span class='ocrx_word' id='word_1_583' title='bbox 2123 3525 2350 3578; x_wconf 85' lang='lat' dir='ltr'><strong>vinculis</strong></span> <span class='ocrx_word' id='word_1_584' title='bbox 2395 3523 2738 3577; x_wconf 88' lang='lat' dir='ltr'><strong>securitatem</strong></span> <span class='ocrx_word' id='word_1_585' title='bbox 2776 3519 3046 3591; x_wconf 62' lang='lat' dir='ltr'><strong>praebebat</strong></span> <span class='ocrx_word' id='word_1_586' title='bbox 3076 3515 3122 3570; x_wconf 90' lang='lat' dir='ltr'><strong>ei</strong></span> <span class='ocrx_word' id='word_1_587' title='bbox 3166 3514 3308 3573; x_wconf 82' lang='lat' dir='ltr'><strong>finis,</strong></span> <span class='ocrx_word' id='word_1_588' title='bbox 3364 3509 3454 3578; x_wconf 76' lang='lat' dir='ltr'><strong>qui</strong></span> 
     </span>
    </p>
   </div>
   <div class='ocr_carea' id='block_1_80' title="bbox 1883 3606 3454 3684">
    <p class='ocr_par' dir='ltr' id='par_1_80' title="bbox 1883 3606 3454 3684">
     <span class='ocr_line' id='line_1_80' title="bbox 1883 3606 3454 3684; baseline -0.01 -15"><span class='ocrx_word' id='word_1_589' title='bbox 1883 3634 2003 3670; x_wconf 75' lang='lat' dir='ltr'><strong>mox</strong></span> <span class='ocrx_word' id='word_1_590' title='bbox 2041 3615 2472 3684; x_wconf 76' lang='lat' dir='ltr'><strong>exspectabatur,</strong></span> <span class='ocrx_word' id='word_1_591' title='bbox 2522 3622 2577 3666; x_wconf 87' lang='lat' dir='ltr'><strong>et</strong></span> <span class='ocrx_word' id='word_1_592' title='bbox 2626 3614 2902 3682; x_wconf 85' lang='lat' dir='ltr'><strong>egreditur</strong></span> <span class='ocrx_word' id='word_1_593' title='bbox 2942 3612 3098 3664; x_wconf 71' lang='lat' dir='ltr'><strong>lautis</strong></span> <span class='ocrx_word' id='word_1_594' title='bbox 3151 3624 3180 3661; x_wconf 90' lang='lat' dir='ltr'><strong>c</strong></span> <span class='ocrx_word' id='word_1_595' title='bbox 3216 3606 3454 3661; x_wconf 86' lang='lat' dir='ltr'><strong>civitate,</strong></span> 
     </span>
    </p>
   </div>
   <div class='ocr_carea' id='block_1_81' title="bbox 1884 3699 3457 3776">
    <p class='ocr_par' dir='ltr' id='par_1_81' title="bbox 1884 3699 3457 3776">
     <span class='ocr_line' id='line_1_81' title="bbox 1884 3699 3457 3776; baseline -0.01 -17"><span class='ocrx_word' id='word_1_596' title='bbox 1884 3722 2072 3770; x_wconf 84' lang='lat' dir='ltr'><strong>onere,</strong></span> <span class='ocrx_word' id='word_1_597' title='bbox 2105 3707 2246 3774; x_wconf 91' lang='lat' dir='ltr'><strong>quod</strong></span> <span class='ocrx_word' id='word_1_598' title='bbox 2289 3706 2550 3776; x_wconf 86' lang='lat' dir='ltr'><strong>gestabat,</strong></span> <span class='ocrx_word' id='word_1_599' title='bbox 2597 3704 2699 3759; x_wconf 85' lang='lat' dir='ltr'><strong>sibi</strong></span> <span class='ocrx_word' id='word_1_600' title='bbox 2762 3703 2979 3774; x_wconf 77' lang='lat' dir='ltr'><strong>placens</strong></span> <span class='ocrx_word' id='word_1_601' title='bbox 3020 3702 3148 3754; x_wconf 91' lang='lat' dir='ltr'><strong>dum</strong></span> <span class='ocrx_word' id='word_1_602' title='bbox 3196 3699 3457 3750; x_wconf 83' lang='lat' dir='ltr'><strong>internam</strong></span> 
     </span>
    </p>
   </div>
   <div class='ocr_carea' id='block_1_82' title="bbox 1883 3785 3460 3864">
    <p class='ocr_par' dir='ltr' id='par_1_82' title="bbox 1883 3785 3460 3864">
     <span class='ocr_line' id='line_1_82' title="bbox 1883 3785 3460 3864; baseline -0.01 -12"><span class='ocrx_word' id='word_1_603' title='bbox 1883 3808 2094 3852; x_wconf 75' lang='lat' dir='ltr'><strong>natura:</strong></span> <span class='ocrx_word' id='word_1_604' title='bbox 2171 3797 2625 3864; x_wconf 87' lang='lat' dir='ltr'><strong>compositionem</strong></span> <span class='ocrx_word' id='word_1_605' title='bbox 2708 3796 2763 3848; x_wconf 90' lang='lat' dir='ltr'><strong>in</strong></span> <span class='ocrx_word' id='word_1_606' title='bbox 2838 3793 3087 3848; x_wconf 88' lang='lat' dir='ltr'><strong>manibus</strong></span> <span class='ocrx_word' id='word_1_607' title='bbox 3147 3785 3460 3843; x_wconf 80' lang='lat' dir='ltr'><strong>suavissime</strong></span> 
     </span>
    </p>
   </div>
   <div class='ocr_carea' id='block_1_83' title="bbox 1883 3883 3451 3954">
    <p class='ocr_par' dir='ltr' id='par_1_83' title="bbox 1883 3883 3451 3954">
     <span class='ocr_line' id='line_1_83' title="bbox 1883 3883 3451 3954; baseline -0.011 -10"><span class='ocrx_word' id='word_1_608' title='bbox 1883 3886 2315 3950; x_wconf 87' lang='lat' dir='ltr'><strong>circumferebat,</strong></span> <span class='ocrx_word' id='word_1_609' title='bbox 2349 3894 2408 3938; x_wconf 94' lang='lat' dir='ltr'><strong>ut</strong></span> <span class='ocrx_word' id='word_1_610' title='bbox 2436 3888 2522 3954; x_wconf 91' lang='lat' dir='ltr'><strong>qui</strong></span> <span class='ocrx_word' id='word_1_611' title='bbox 2547 3889 2826 3954; x_wconf 84' lang='lat' dir='ltr'><strong>gauderet,</strong></span> <span class='ocrx_word' id='word_1_612' title='bbox 2850 3885 2988 3953; x_wconf 87' lang='lat' dir='ltr'><strong>quod</strong></span> <span class='ocrx_word' id='word_1_613' title='bbox 3006 3900 3066 3935; x_wconf 86' lang='lat' dir='ltr'><strong>ea</strong></span> <span class='ocrx_word' id='word_1_614' title='bbox 3093 3883 3278 3933; x_wconf 88' lang='lat' dir='ltr'><strong>oblata</strong></span> <span class='ocrx_word' id='word_1_615' title='bbox 3306 3888 3451 3929; x_wconf 78' lang='lat' dir='ltr'><strong>esset</strong></span> 
     </span>
    </p>
   </div>
   <div class='ocr_carea' id='block_1_84' title="bbox 1884 3969 3461 4048">
    <p class='ocr_par' dir='ltr' id='par_1_84' title="bbox 1884 3969 3461 4048">
     <span class='ocr_line' id='line_1_84' title="bbox 1884 3969 3461 4048; baseline -0.011 -15"><span class='ocrx_word' id='word_1_616' title='bbox 1884 3980 2060 4036; x_wconf 88' lang='lat' dir='ltr'><strong>li05tia</strong></span> <span class='ocrx_word' id='word_1_617' title='bbox 2096 3979 2145 4032; x_wconf 92' lang='lat' dir='ltr'><strong>ei</strong></span> <span class='ocrx_word' id='word_1_618' title='bbox 2175 3979 2266 4048; x_wconf 88' lang='lat' dir='ltr'><strong>qui</strong></span> <span class='ocrx_word' id='word_1_619' title='bbox 2306 3977 2652 4038; x_wconf 81' lang='lat' dir='ltr'><strong>formaverat,</strong></span> <span class='ocrx_word' id='word_1_620' title='bbox 2692 3983 2746 4029; x_wconf 90' lang='lat' dir='ltr'><strong>et</strong></span> <span class='ocrx_word' id='word_1_621' title='bbox 2795 3983 2947 4046; x_wconf 84' lang='lat' dir='ltr'><strong>grato</strong></span> <span class='ocrx_word' id='word_1_622' title='bbox 3007 3973 3189 4027; x_wconf 91' lang='lat' dir='ltr'><strong>animo</strong></span> <span class='ocrx_word' id='word_1_623' title='bbox 3249 3969 3461 4023; x_wconf 89' lang='lat' dir='ltr'><strong>reddita</strong></span> 
     </span>
    </p>
   </div>
   <div class='ocr_carea' id='block_1_85' title="bbox 1883 4065 3460 4140">
    <p class='ocr_par' dir='ltr' id='par_1_85' title="bbox 1883 4065 3460 4140">
     <span class='ocr_line' id='line_1_85' title="bbox 1883 4065 3460 4140; baseline -0.01 -13"><span class='ocrx_word' id='word_1_624' title='bbox 1883 4082 2027 4128; x_wconf 88' lang='lat' dir='ltr'><strong>esset</strong></span> <span class='ocrx_word' id='word_1_625' title='bbox 2058 4073 2106 4126; x_wconf 88' lang='lat' dir='ltr'><strong>ei</strong></span> <span class='ocrx_word' id='word_1_626' title='bbox 2127 4071 2215 4140; x_wconf 90' lang='lat' dir='ltr'><strong>qui</strong></span> <span class='ocrx_word' id='word_1_627' title='bbox 2235 4070 2476 4124; x_wconf 88' lang='lat' dir='ltr'><strong>dederat.</strong></span> <span class='ocrx_word' id='word_1_628' title='bbox 2496 4070 2628 4123; x_wconf 87' lang='lat' dir='ltr'><strong>Cum</strong></span> <span class='ocrx_word' id='word_1_629' title='bbox 2648 4085 2775 4138; x_wconf 89' lang='lat' dir='ltr'><strong>ergo</strong></span> <span class='ocrx_word' id='word_1_630' title='bbox 2795 4069 2902 4123; x_wconf 92' lang='lat' dir='ltr'><strong>duo</strong></span> <span class='ocrx_word' id='word_1_631' title='bbox 2924 4067 3093 4121; x_wconf 88' lang='lat' dir='ltr'><strong>stadia</strong></span> <span class='ocrx_word' id='word_1_632' title='bbox 3117 4065 3460 4134; x_wconf 73' lang='lat' dir='ltr'><strong>pervasisset.</strong></span> 
     </span>
    </p>
   </div>
   <div class='ocr_carea' id='block_1_86' title="bbox 1883 4155 3460 4229">
    <p class='ocr_par' dir='ltr' id='par_1_86' title="bbox 1883 4155 3460 4229">
     <span class='ocr_line' id='line_1_86' title="bbox 1883 4155 3460 4229; baseline -0.009 -12"><span class='ocrx_word' id='word_1_633' title='bbox 1883 4173 1936 4218; x_wconf 88' lang='lat' dir='ltr'><strong>et</strong></span> <span class='ocrx_word' id='word_1_634' title='bbox 1958 4163 2176 4215; x_wconf 88' lang='lat' dir='ltr'><strong>Christo</strong></span> <span class='ocrx_word' id='word_1_635' title='bbox 2210 4162 2546 4229; x_wconf 68' lang='lat' dir='ltr'><strong>agonothem</strong></span> <span class='ocrx_word' id='word_1_636' title='bbox 2577 4160 2748 4210; x_wconf 83' lang='lat' dir='ltr'><strong>visunt</strong></span> <span class='ocrx_word' id='word_1_637' title='bbox 2788 4168 2934 4212; x_wconf 88' lang='lat' dir='ltr'><strong>esset</strong></span> <span class='ocrx_word' id='word_1_638' title='bbox 2967 4175 3091 4211; x_wconf 87' lang='lat' dir='ltr'><strong>eum</strong></span> <span class='ocrx_word' id='word_1_639' title='bbox 3153 4156 3281 4210; x_wconf 86' lang='lat' dir='ltr'><strong>satis</strong></span> <span class='ocrx_word' id='word_1_640' title='bbox 3315 4155 3460 4208; x_wconf 80' lang='lat' dir='ltr'><strong>labo-</strong></span> 
     </span>
    </p>
   </div>
   <div class='ocr_carea' id='block_1_87' title="bbox 1885 4242 3460 4318">
    <p class='ocr_par' dir='ltr' id='par_1_87' title="bbox 1885 4242 3460 4318">
     <span class='ocr_line' id='line_1_87' title="bbox 1885 4242 3460 4318; baseline -0.01 -12"><span class='ocrx_word' id='word_1_641' title='bbox 1885 4268 2052 4317; x_wconf 87' lang='lat' dir='ltr'><strong>rasse,</strong></span> <span class='ocrx_word' id='word_1_642' title='bbox 2081 4251 2346 4305; x_wconf 85' lang='lat' dir='ltr'><strong>recumbit</strong></span> <span class='ocrx_word' id='word_1_643' title='bbox 2371 4249 2422 4302; x_wconf 92' lang='lat' dir='ltr'><strong>in</strong></span> <span class='ocrx_word' id='word_1_644' title='bbox 2452 4248 2681 4318; x_wconf 88' lang='lat' dir='ltr'><strong>quadam</strong></span> <span class='ocrx_word' id='word_1_645' title='bbox 2737 4249 3010 4317; x_wconf 84' lang='lat' dir='ltr'><strong>spelunca,</strong></span> <span class='ocrx_word' id='word_1_646' title='bbox 3056 4257 3109 4299; x_wconf 89' lang='lat' dir='ltr'><strong>et</strong></span> <span class='ocrx_word' id='word_1_647' title='bbox 3161 4247 3355 4313; x_wconf 78' lang='lat' dir='ltr'><strong>aSpiCil</strong></span> <span class='ocrx_word' id='word_1_648' title='bbox 3394 4242 3460 4295; x_wconf 86' lang='lat' dir='ltr'><strong>ad</strong></span> 
     </span>
    </p>
   </div>
   <div class='ocr_carea' id='block_1_88' title="bbox 1887 4333 3460 4411">
    <p class='ocr_par' dir='ltr' id='par_1_88' title="bbox 1887 4333 3460 4411">
     <span class='ocr_line' id='line_1_88' title="bbox 1887 4333 3460 4411; baseline -0.01 -13"><span class='ocrx_word' id='word_1_649' title='bbox 1887 4359 2001 4407; x_wconf 85' lang='lat' dir='ltr'><strong>eas,</strong></span> <span class='ocrx_word' id='word_1_650' title='bbox 2034 4358 2151 4411; x_wconf 88' lang='lat' dir='ltr'><strong>quae</strong></span> <span class='ocrx_word' id='word_1_651' title='bbox 2203 4342 2313 4394; x_wconf 89' lang='lat' dir='ltr'><strong>illic</strong></span> <span class='ocrx_word' id='word_1_652' title='bbox 2367 4349 2514 4405; x_wconf 85' lang='lat' dir='ltr'><strong>sunt,</strong></span> <span class='ocrx_word' id='word_1_653' title='bbox 2565 4353 2814 4393; x_wconf 90' lang='lat' dir='ltr'><strong>coronas.</strong></span> <span class='ocrx_word' id='word_1_654' title='bbox 2863 4336 2977 4390; x_wconf 77' lang='lat' dir='ltr'><strong>Vox</strong></span> <span class='ocrx_word' id='word_1_655' title='bbox 3004 4345 3184 4389; x_wconf 89' lang='lat' dir='ltr'><strong>autem</strong></span> <span class='ocrx_word' id='word_1_656' title='bbox 3232 4333 3460 4400; x_wconf 87' lang='lat' dir='ltr'><strong>desuper</strong></span> 
     </span>
    </p>
   </div>
   <div class='ocr_carea' id='block_1_89' title="bbox 1889 4425 3466 4497">
    <p class='ocr_par' dir='ltr' id='par_1_89' title="bbox 1889 4425 3466 4497">
     <span class='ocr_line' id='line_1_89' title="bbox 1889 4425 3466 4497; baseline -0.01 -9"><span class='ocrx_word' id='word_1_657' title='bbox 1889 4435 2118 4497; x_wconf 75' lang='lat' dir='ltr'><strong>exstitit,</strong></span> <span class='ocrx_word' id='word_1_658' title='bbox 2157 4447 2355 4486; x_wconf 88' lang='lat' dir='ltr'><strong>vocans</strong></span> <span class='ocrx_word' id='word_1_659' title='bbox 2417 4431 2676 4484; x_wconf 87' lang='lat' dir='ltr'><strong>athletam</strong></span> <span class='ocrx_word' id='word_1_660' title='bbox 2717 4430 2782 4483; x_wconf 86' lang='lat' dir='ltr'><strong>ad</strong></span> <span class='ocrx_word' id='word_1_661' title='bbox 2817 4439 3017 4482; x_wconf 64' lang='lat' dir='ltr'><strong>aeterna</strong></span> <span class='ocrx_word' id='word_1_662' title='bbox 3074 4427 3160 4479; x_wconf 90' lang='lat' dir='ltr'><strong>illa</strong></span> <span class='ocrx_word' id='word_1_663' title='bbox 3214 4425 3466 4477; x_wconf 82' lang='lat' dir='ltr'><strong>taberna-</strong></span> 
     </span>
    </p>
   </div>
   <div class='ocr_carea' id='block_1_90' title="bbox 137 4516 3463 4593">
    <p class='ocr_par' dir='ltr' id='par_1_90' title="bbox 137 4516 3463 4593">
     <span class='ocr_line' id='line_1_90' title="bbox 137 4516 3463 4593; baseline -0.003 -20"><span class='ocrx_word' id='word_1_664' title='bbox 137 4533 378 4590; x_wconf 79' lang='lat' dir='ltr'><strong>]ongas</strong></span> <span class='ocrx_word' id='word_1_665' title='bbox 419 4518 478 4570; x_wconf 86' lang='lat' dir='ltr'><strong>in</strong></span> <span class='ocrx_word' id='word_1_666' title='bbox 510 4517 1047 4589; x_wconf 82' lang='lat' dir='ltr'><strong>eumclfuditnugas,</strong></span> <span class='ocrx_word' id='word_1_667' title='bbox 1088 4535 1211 4573; x_wconf 91' lang='lat' dir='ltr'><strong>eum</strong></span> <span class='ocrx_word' id='word_1_668' title='bbox 1247 4523 1566 4576; x_wconf 88' lang='lat' dir='ltr'><strong>insimulans</strong></span> <span class='ocrx_word' id='word_1_669' title='bbox 1591 4526 1779 4593; x_wconf 73' lang='lat' dir='ltr'><strong>magiae</strong></span> <span class='ocrx_word' id='word_1_670' title='bbox 1815 4541 1853 4592; x_wconf 87' lang='grc' dir='ltr'><strong>ι)</strong></span> <span class='ocrx_word' id='word_1_671' title='bbox 1884 4524 2001 4576; x_wconf 89' lang='lat' dir='ltr'><strong>cula</strong></span> <span class='ocrx_word' id='word_1_672' title='bbox 2027 4533 2080 4575; x_wconf 89' lang='lat' dir='ltr'><strong>et</strong></span> <span class='ocrx_word' id='word_1_673' title='bbox 2106 4521 2344 4586; x_wconf 59' lang='lat' dir='ltr'><strong>prrcmia,</strong></span> <span class='ocrx_word' id='word_1_674' title='bbox 2406 4520 2473 4573; x_wconf 92' lang='lat' dir='ltr'><strong>ad</strong></span> <span class='ocrx_word' id='word_1_675' title='bbox 2522 4535 2646 4572; x_wconf 89' lang='lat' dir='ltr'><strong>eum</strong></span> <span class='ocrx_word' id='word_1_676' title='bbox 2697 4519 2788 4587; x_wconf 90' lang='lat' dir='ltr'><strong>qui</strong></span> <span class='ocrx_word' id='word_1_677' title='bbox 2819 4519 2927 4571; x_wconf 86' lang='lat' dir='ltr'><strong>iilic</strong></span> <span class='ocrx_word' id='word_1_678' title='bbox 2978 4525 3057 4570; x_wconf 83' lang='lat' dir='ltr'><strong>est</strong></span> <span class='ocrx_word' id='word_1_679' title='bbox 3096 4516 3463 4584; x_wconf 80' lang='lat' dir='ltr'><strong>splendorem,</strong></span> 
     </span>
    </p>
   </div>
   <div class='ocr_carea' id='block_1_91' title="bbox 135 4609 1773 4675">
    <p class='ocr_par' dir='ltr' id='par_1_91' title="bbox 135 4609 1773 4675">
     <span class='ocr_line' id='line_1_91' title="bbox 135 4609 1773 4675; baseline 0.001 -7"><span class='ocrx_word' id='word_1_680' title='bbox 135 4624 203 4668; x_wconf 89' lang='lat' dir='ltr'><strong>et</strong></span> <span class='ocrx_word' id='word_1_681' title='bbox 236 4609 557 4675; x_wconf 77' lang='lat' dir='ltr'><strong>veneficii,</strong></span> <span class='ocrx_word' id='word_1_682' title='bbox 590 4617 644 4664; x_wconf 90' lang='lat' dir='ltr'><strong>et</strong></span> <span class='ocrx_word' id='word_1_683' title='bbox 679 4610 795 4666; x_wconf 54' lang='lat' dir='ltr'><strong>hac</strong></span> <span class='ocrx_word' id='word_1_684' title='bbox 830 4627 1027 4666; x_wconf 86' lang='lat' dir='ltr'><strong>vocans</strong></span> <span class='ocrx_word' id='word_1_685' title='bbox 1076 4613 1428 4668; x_wconf 68' lang='lat' dir='ltr'><strong>daemoniaca;</strong></span> <span class='ocrx_word' id='word_1_686' title='bbox 1470 4614 1567 4669; x_wconf 91' lang='lat' dir='ltr'><strong>llle</strong></span> <span class='ocrx_word' id='word_1_687' title='bbox 1591 4626 1773 4671; x_wconf 89' lang='lat' dir='ltr'><strong>autem</strong></span> 
     </span>
    </p>
   </div>
   <div class='ocr_carea' id='block_1_92' title="bbox 132 4703 1776 4777">
    <p class='ocr_par' dir='ltr' id='par_1_92' title="bbox 132 4703 1776 4777">
     <span class='ocr_line' id='line_1_92' title="bbox 132 4703 1776 4777; baseline 0.001 -16"><span class='ocrx_word' id='word_1_688' title='bbox 132 4725 218 4762; x_wconf 85' lang='lat' dir='ltr'><strong>ne</strong></span> <span class='ocrx_word' id='word_1_689' title='bbox 250 4718 560 4776; x_wconf 85' lang='lat' dir='ltr'><strong>responso</strong></span> <span class='ocrx_word' id='word_1_690' title='bbox 591 4703 806 4773; x_wconf 87' lang='lat' dir='ltr'><strong>quidem</strong></span> <span class='ocrx_word' id='word_1_691' title='bbox 867 4719 992 4759; x_wconf 87' lang='lat' dir='ltr'><strong>eum</strong></span> <span class='ocrx_word' id='word_1_692' title='bbox 1033 4717 1116 4759; x_wconf 90' lang='lat' dir='ltr'><strong>est</strong></span> <span class='ocrx_word' id='word_1_693' title='bbox 1148 4705 1415 4777; x_wconf 83' lang='lat' dir='ltr'><strong>dignatus.</strong></span> <span class='ocrx_word' id='word_1_694' title='bbox 1453 4707 1517 4761; x_wconf 84' lang='lat' dir='ltr'><strong>Et</strong></span> <span class='ocrx_word' id='word_1_695' title='bbox 1582 4725 1776 4777; x_wconf 69' lang='lat' dir='ltr'><strong>prazses</strong></span> 
     </span>
    </p>
   </div>
   <div class='ocr_carea' id='block_1_93' title="bbox 130 4795 1778 4869">
    <p class='ocr_par' dir='ltr' id='par_1_93' title="bbox 130 4795 1778 4869">
     <span class='ocr_line' id='line_1_93' title="bbox 130 4795 1778 4869; baseline 0.001 -19"><span class='ocrx_word' id='word_1_696' title='bbox 130 4799 407 4869; x_wconf 80' lang='lat' dir='ltr'><strong>quidem</strong></span> <span class='ocrx_word' id='word_1_697' title='bbox 459 4809 584 4846; x_wconf 90' lang='lat' dir='ltr'><strong>eum</strong></span> <span class='ocrx_word' id='word_1_698' title='bbox 642 4795 862 4848; x_wconf 77' lang='lat' dir='ltr'><strong>deduxit</strong></span> <span class='ocrx_word' id='word_1_699' title='bbox 917 4795 983 4848; x_wconf 91' lang='lat' dir='ltr'><strong>ad</strong></span> <span class='ocrx_word' id='word_1_700' title='bbox 1046 4806 1334 4860; x_wconf 89' lang='lat' dir='ltr'><strong>certamen,</strong></span> <span class='ocrx_word' id='word_1_701' title='bbox 1397 4796 1659 4860; x_wconf 88' lang='lat' dir='ltr'><strong>futurum,</strong></span> <span class='ocrx_word' id='word_1_702' title='bbox 1721 4808 1778 4852; x_wconf 89' lang='lat' dir='ltr'><strong>ut</strong></span> 
     </span>
    </p>
   </div>
   <div class='ocr_carea' id='block_1_94' title="bbox 128 4885 1778 4962">
    <p class='ocr_par' dir='ltr' id='par_1_94' title="bbox 128 4885 1778 4962">
     <span class='ocr_line' id='line_1_94' title="bbox 128 4885 1778 4962; baseline 0.001 -21"><span class='ocrx_word' id='word_1_703' title='bbox 128 4889 441 4962; x_wconf 75' lang='lat' dir='ltr'><strong>putabat.</strong></span> <span class='ocrx_word' id='word_1_704' title='bbox 515 4899 723 4938; x_wconf 78' lang='lat' dir='ltr'><strong>comam</strong></span> <span class='ocrx_word' id='word_1_705' title='bbox 787 4885 996 4940; x_wconf 87' lang='lat' dir='ltr'><strong>bestiis.</strong></span> <span class='ocrx_word' id='word_1_706' title='bbox 1063 4887 1391 4940; x_wconf 88' lang='lat' dir='ltr'><strong>llle&#39;autem</strong></span> <span class='ocrx_word' id='word_1_707' title='bbox 1451 4891 1778 4956; x_wconf 81' lang='lat' dir='ltr'><strong>sequebatur</strong></span> 
     </span>
    </p>
   </div>
   <div class='ocr_carea' id='block_1_95' title="bbox 125 4974 1773 5047">
    <p class='ocr_par' dir='ltr' id='par_1_95' title="bbox 125 4974 1773 5047">
     <span class='ocr_line' id='line_1_95' title="bbox 125 4974 1773 5047; baseline -0.002 -11"><span class='ocrx_word' id='word_1_708' title='bbox 125 4978 516 5036; x_wconf 84' lang='lat' dir='ltr'><strong>subridens.</strong></span> <span class='ocrx_word' id='word_1_709' title='bbox 558 4974 620 5029; x_wconf 80' lang='lat' dir='ltr'><strong>Et</strong></span> <span class='ocrx_word' id='word_1_710' title='bbox 650 4976 704 5028; x_wconf 86' lang='lat' dir='ltr'><strong>in</strong></span> <span class='ocrx_word' id='word_1_711' title='bbox 736 4986 1021 5047; x_wconf 86' lang='lat' dir='ltr'><strong>martyrem</strong></span> <span class='ocrx_word' id='word_1_712' title='bbox 1078 4975 1294 5046; x_wconf 89' lang='lat' dir='ltr'><strong>quidem</strong></span> <span class='ocrx_word' id='word_1_713' title='bbox 1350 4977 1623 5032; x_wconf 86' lang='lat' dir='ltr'><strong>immissus</strong></span> <span class='ocrx_word' id='word_1_714' title='bbox 1673 4979 1773 5032; x_wconf 90' lang='lat' dir='ltr'><strong>fuit</strong></span> 
     </span>
    </p>
   </div>
   <div class='ocr_carea' id='block_1_96' title="bbox 124 5068 1772 5145">
    <p class='ocr_par' dir='ltr' id='par_1_96' title="bbox 124 5068 1772 5145">
     <span class='ocr_line' id='line_1_96' title="bbox 124 5068 1772 5145; baseline -0.002 -17"><span class='ocrx_word' id='word_1_715' title='bbox 124 5072 409 5145; x_wconf 82' lang='lat' dir='ltr'><strong>pardus,</strong></span> <span class='ocrx_word' id='word_1_716' title='bbox 459 5076 518 5123; x_wconf 92' lang='lat' dir='ltr'><strong>et</strong></span> <span class='ocrx_word' id='word_1_717' title='bbox 545 5081 724 5122; x_wconf 67' lang='lat' dir='ltr'><strong>saevus</strong></span> <span class='ocrx_word' id='word_1_718' title='bbox 773 5083 952 5126; x_wconf 87' lang='lat' dir='ltr'><strong>ursus.</strong></span> <span class='ocrx_word' id='word_1_719' title='bbox 1005 5068 1109 5122; x_wconf 90' lang='lat' dir='ltr'><strong>Sed</strong></span> <span class='ocrx_word' id='word_1_720' title='bbox 1177 5085 1336 5144; x_wconf 90' lang='lat' dir='ltr'><strong>ursus</strong></span> <span class='ocrx_word' id='word_1_721' title='bbox 1381 5070 1596 5138; x_wconf 88' lang='lat' dir='ltr'><strong>quidem</strong></span> <span class='ocrx_word' id='word_1_722' title='bbox 1647 5085 1772 5125; x_wconf 88' lang='lat' dir='ltr'><strong>eum</strong></span> 
     </span>
    </p>
   </div>
   <div class='ocr_carea' id='block_1_97' title="bbox 1880 4605 3463 4681">
    <p class='ocr_par' dir='ltr' id='par_1_97' title="bbox 1880 4605 3463 4681">
     <span class='ocr_line' id='line_1_97' title="bbox 1880 4605 3463 4681; baseline -0.007 -14"><span class='ocrx_word' id='word_1_723' title='bbox 1880 4623 1933 4667; x_wconf 83' lang='lat' dir='ltr'><strong>et</strong></span> <span class='ocrx_word' id='word_1_724' title='bbox 1965 4613 2206 4676; x_wconf 87' lang='lat' dir='ltr'><strong>delicias,</strong></span> <span class='ocrx_word' id='word_1_725' title='bbox 2259 4613 2324 4666; x_wconf 87' lang='lat' dir='ltr'><strong>ad</strong></span> <span class='ocrx_word' id='word_1_726' title='bbox 2379 4621 2517 4681; x_wconf 85' lang='lat' dir='ltr'><strong>quas</strong></span> <span class='ocrx_word' id='word_1_727' title='bbox 2571 4609 2768 4664; x_wconf 87' lang='lat' dir='ltr'><strong>transit</strong></span> <span class='ocrx_word' id='word_1_728' title='bbox 2796 4610 3062 4678; x_wconf 86' lang='lat' dir='ltr'><strong>protinus.</strong></span> <span class='ocrx_word' id='word_1_729' title='bbox 3105 4608 3171 4658; x_wconf 90' lang='lat' dir='ltr'><strong>ab</strong></span> <span class='ocrx_word' id='word_1_730' title='bbox 3221 4605 3326 4658; x_wconf 85' lang='lat' dir='ltr'><strong>illis</strong></span> <span class='ocrx_word' id='word_1_731' title='bbox 3365 4618 3463 4656; x_wconf 72' lang='lat' dir='ltr'><strong>cx-</strong></span> 
     </span>
    </p>
   </div>
   <div class='ocr_carea' id='block_1_98' title="bbox 1880 4698 3463 4774">
    <p class='ocr_par' dir='ltr' id='par_1_98' title="bbox 1880 4698 3463 4774">
     <span class='ocr_line' id='line_1_98' title="bbox 1880 4698 3463 4774; baseline -0.008 -14"><span class='ocrx_word' id='word_1_732' title='bbox 1880 4715 2072 4774; x_wconf 87' lang='lat' dir='ltr'><strong>ccptus</strong></span> <span class='ocrx_word' id='word_1_733' title='bbox 2121 4705 2364 4760; x_wconf 88' lang='lat' dir='ltr'><strong>secundo</strong></span> <span class='ocrx_word' id='word_1_734' title='bbox 2429 4704 2631 4757; x_wconf 81' lang='lat' dir='ltr'><strong>mensis</strong></span> <span class='ocrx_word' id='word_1_735' title='bbox 2708 4701 3062 4769; x_wconf 87' lang='lat' dir='ltr'><strong>Septembris.</strong></span> <span class='ocrx_word' id='word_1_736' title='bbox 3099 4698 3246 4763; x_wconf 83' lang='lat' dir='ltr'><strong>Quas</strong></span> <span class='ocrx_word' id='word_1_737' title='bbox 3305 4700 3463 4750; x_wconf 88' lang='lat' dir='ltr'><strong>detur</strong></span> 
     </span>
    </p>
   </div>
   <div class='ocr_carea' id='block_1_99' title="bbox 1879 4788 3461 4867">
    <p class='ocr_par' dir='ltr' id='par_1_99' title="bbox 1879 4788 3461 4867">
     <span class='ocr_line' id='line_1_99' title="bbox 1879 4788 3461 4867; baseline -0.007 -15"><span class='ocrx_word' id='word_1_738' title='bbox 1879 4799 2130 4852; x_wconf 86' lang='lat' dir='ltr'><strong>omnibus</strong></span> <span class='ocrx_word' id='word_1_739' title='bbox 2153 4800 2310 4853; x_wconf 89' lang='lat' dir='ltr'><strong>nobis</strong></span> <span class='ocrx_word' id='word_1_740' title='bbox 2342 4799 2596 4860; x_wconf 89' lang='lat' dir='ltr'><strong>consequi</strong></span> <span class='ocrx_word' id='word_1_741' title='bbox 2625 4795 2796 4867; x_wconf 89' lang='lat' dir='ltr'><strong>gratia</strong></span> <span class='ocrx_word' id='word_1_742' title='bbox 2820 4806 2874 4850; x_wconf 89' lang='lat' dir='ltr'><strong>et</strong></span> <span class='ocrx_word' id='word_1_743' title='bbox 2897 4794 3229 4864; x_wconf 83' lang='lat' dir='ltr'><strong>benignitate</strong></span> <span class='ocrx_word' id='word_1_744' title='bbox 3251 4788 3461 4844; x_wconf 86' lang='lat' dir='ltr'><strong>Domini</strong></span> 
     </span>
    </p>
   </div>
   <div class='ocr_carea' id='block_1_100' title="bbox 1883 4884 3460 4956">
    <p class='ocr_par' dir='ltr' id='par_1_100' title="bbox 1883 4884 3460 4956">
     <span class='ocr_line' id='line_1_100' title="bbox 1883 4884 3460 4956; baseline -0.005 -12"><span class='ocrx_word' id='word_1_745' title='bbox 1883 4890 2054 4944; x_wconf 85' lang='lat' dir='ltr'><strong>nostri</strong></span> <span class='ocrx_word' id='word_1_746' title='bbox 2084 4884 2210 4945; x_wconf 86' lang='lat' dir='ltr'><strong>Jesu</strong></span> <span class='ocrx_word' id='word_1_747' title='bbox 2242 4889 2463 4953; x_wconf 69' lang='lat' dir='ltr'><strong>ChriSti,</strong></span> <span class='ocrx_word' id='word_1_748' title='bbox 2483 4904 2604 4941; x_wconf 90' lang='lat' dir='ltr'><strong>cum</strong></span> <span class='ocrx_word' id='word_1_749' title='bbox 2630 4902 2736 4956; x_wconf 92' lang='lat' dir='ltr'><strong>quo</strong></span> <span class='ocrx_word' id='word_1_750' title='bbox 2768 4887 2908 4946; x_wconf 84' lang='lat' dir='ltr'><strong>Patri</strong></span> <span class='ocrx_word' id='word_1_751' title='bbox 2930 4886 3086 4941; x_wconf 91' lang='lat' dir='ltr'><strong>simul</strong></span> <span class='ocrx_word' id='word_1_752' title='bbox 3122 4900 3244 4938; x_wconf 88' lang='lat' dir='ltr'><strong>cum</strong></span> <span class='ocrx_word' id='word_1_753' title='bbox 3273 4890 3460 4938; x_wconf 89' lang='lat' dir='ltr'><strong>sancto</strong></span> 
     </span>
    </p>
   </div>
   <div class='ocr_carea' id='block_1_101' title="bbox 1885 4981 3457 5052">
    <p class='ocr_par' dir='ltr' id='par_1_101' title="bbox 1885 4981 3457 5052">
     <span class='ocr_line' id='line_1_101' title="bbox 1885 4981 3457 5052; baseline -0.004 -17"><span class='ocrx_word' id='word_1_754' title='bbox 1885 4982 2084 5052; x_wconf 86' lang='lat' dir='ltr'><strong>Spiritu</strong></span> <span class='ocrx_word' id='word_1_755' title='bbox 2119 4982 2304 5052; x_wconf 80' lang='lat' dir='ltr'><strong>gloria,</strong></span> <span class='ocrx_word' id='word_1_756' title='bbox 2337 4981 2508 5034; x_wconf 87' lang='lat' dir='ltr'><strong>honor</strong></span> <span class='ocrx_word' id='word_1_757' title='bbox 2537 4993 2591 5036; x_wconf 86' lang='lat' dir='ltr'><strong>et</strong></span> <span class='ocrx_word' id='word_1_758' title='bbox 2643 4981 2902 5050; x_wconf 89' lang='lat' dir='ltr'><strong>potentia,</strong></span> <span class='ocrx_word' id='word_1_759' title='bbox 2957 4994 3104 5033; x_wconf 88' lang='lat' dir='ltr'><strong>nunc</strong></span> <span class='ocrx_word' id='word_1_760' title='bbox 3129 4986 3184 5034; x_wconf 90' lang='lat' dir='ltr'><strong>et</strong></span> <span class='ocrx_word' id='word_1_761' title='bbox 3220 4989 3457 5047; x_wconf 83' lang='lat' dir='ltr'><strong>semper,</strong></span> 
     </span>
    </p>
   </div>
   <div class='ocr_carea' id='block_1_102' title="bbox 1881 5074 2868 5130">
    <p class='ocr_par' dir='ltr' id='par_1_102' title="bbox 1881 5074 2868 5130">
     <span class='ocr_line' id='line_1_102' title="bbox 1881 5074 2868 5130; baseline -0.004 -1"><span class='ocrx_word' id='word_1_762' title='bbox 1881 5084 1933 5129; x_wconf 89' lang='lat' dir='ltr'><strong>et</strong></span> <span class='ocrx_word' id='word_1_763' title='bbox 1974 5074 2246 5128; x_wconf 63' lang='lat' dir='ltr'><strong>iri-saecula</strong></span> <span class='ocrx_word' id='word_1_764' title='bbox 2288 5075 2631 5130; x_wconf 72' lang='lat' dir='ltr'><strong>szeculorum.</strong></span> <span class='ocrx_word' id='word_1_765' title='bbox 2681 5074 2868 5125; x_wconf 83' lang='lat' dir='ltr'><strong>Amen.</strong></span> 
     </span>
    </p>
   </div>
  </div>
