4170 6322
733 361 798 421 57
808 361 839 420 ἷι

748 541 1052 570 εἶτεν-...η’
943 540 1052 550 ⁵⁸⁵*

1974 361 2135 423 ΜΕΝ
2142 362 2258 423 SIS
2298 362 2726 423 AUGUSTUS.

3865 364 3967 426 576

1923 712 2793 829 MARTYRIUM

744 954 1898 1116 SANCTORUM
1993 959 2561 1114 PAULI
2673 960 2918 1111 ET
3031 960 3958 1118 JULIANAE.

1420 1232 1553 1306 QUI
1603 1230 1809 1291 APUD
1858 1226 2125 1291 URBEM
2171 1227 2761 1290 PTOLEMAIDEM
2806 1230 3026 1292 PASSI
3074 1228 3300 1294 SUNT.

1239 1396 1438 1458 (Latine
1465 1396 1593 1458 apud
1630 1395 1824 1444 Surium
1849 1396 1906 1443 ad
1938 1395 2068 1444 diem
2100 1394 2150 1443 ιι
2185 1392 2420 1453 Augusti.
2456 1419 2517 1431 -
2543 1394 2711 1443 Graece
2742 1406 2838 1442 non
2873 1401 3035 1445 exstat
3060 1399 3106 1445 in
3138 1411 3256 1448 mss.
3291 1396 3473 1462 Paris.)

818 1754 858 1808 ι.
881 1750 1206 1805 Aurelianus
1226 1748 1519 1814 imperator
1537 1758 1629 1813 per
1650 1752 1818 1797 totum
1838 1742 2023 1796 orbem
2046 1749 2305 1796 terrarum
2337 1724 2384 1784 Α
2419 1735 2781 1805 Principatus,
2826 1751 2933 1789 non
2976 1735 3295 1800 Potestates,
3320 1751 3425 1788 non
3456 1734 3713 1799 Virtutes,
3736 1752 3845 1791 non
3864 1740 3995 1792 Che-

745 1852 931 1899 contra
948 1837 1284 1893 Christianos
1306 1833 1537 1888 edictum
1556 1830 1855 1901 proposuit,
1874 1841 1929 1881 ut
1944 1843 2132 1883 omnes
2153 1828 2308 1885 idolis

746 1934 1132 1992 sacrificarent:
1191 1928 1283 1999 qui
1328 1942 1451 1983 vero
1506 1926 1556 1979 id
1595 1924 1775 1978 facere
1841 1923 2170 1986 noluissent,
2203 1922 2309 1977 vita

746 2027 1356 2101 pessimeprivarentur.
1391 2020 1484 2074 Ille
1513 2016 1670 2086 igitur
1701 2030 1822 2069 cum
1851 2014 1903 2067 in
1933 2012 2189 2066 lsauriam
2222 2028 2315 2069 ve-

749 2120 942 2175 nisset.
964 2116 1016 2167 in
1056 2114 1237 2166 urbem
1273 2107 1656 2162 Ptolemaidem
1686 2118 1743 2157 se
1762 2102 2011 2165 contulit,
2036 2109 2096 2155 ut
2125 2116 2316 2156 omnes

747 2207 1089 2263 Christianos
1119 2210 1337 2267 cogeret
1368 2198 1525 2253 idolis
1556 2211 1707 2249 sacra
1769 2195 1967 2248 facere.
2024 2192 2157 2247 Cum
2189 2208 2318 2246 vero

749 2298 1098 2354 beatissimus
1124 2292 1321 2346 Paulus
1347 2304 1451 2342 una
1488 2304 1608 2341 cum
1640 2301 1825 2339 sorore
1853 2300 1946 2337 sua
1967 2283 2187 2337 Juliana
2212 2284 2321 2335 im-

751 2396 945 2461 perato
966 2402 1078 2439 rem
1113 2387 1165 2439 in
1202 2383 1391 2436 urbem
1431 2378 1818 2449 ingredientem
1848 2374 2090 2434 vidisset,
2123 2372 2321 2426 Christi

751 2480 906 2546 signo
943 2476 1168 2527 frontem
1219 2468 1443 2529 notavit,
1481 2475 1534 2520 et
1584 2464 1648 2517 ad
1710 2475 1949 2517 sororem
2007 2477 2323 2526 conversus,

752 2570 902 2628 Esto,
939 2568 1132 2634 inquit,
1156 2566 1299 2619 bono
1332 2564 1535 2623 animo,
1555 2574 1709 2613 soror
1735 2570 1871 2616 mea,
1899 2568 2072 2622 neque
2098 2555 2325 2623 timeas;

755 2658 878 2711 dico
959 2658 1101 2709 enim
1169 2653 1262 2707 tibi
1315 2664 1563 2719 magnam
1622 2646 1910 2716 quamdam
1974 2646 2329 2698 tcntationcru

755 2745 1087 2803 Christianis
1113 2744 1420 2798 imminere.

823 2841 887 2895 II.
914 2839 1053 2893 Vidit
1080 2837 1421 2896 Aurelianus,
1440 2851 1561 2889 cum
1586 2832 1784 2887 Paulus
1801 2828 2000 2886 Christi
2022 2829 2173 2896 signo
2193 2826 2337 2878 fron—

756 2941 867 2985 tem
915 2928 1145 2989 notavit,
1179 2935 1233 2979 et
1276 2926 1425 2979 misit
1454 2923 1545 2991 qui
1590 2923 1739 2976 illum
1780 2920 2137 2987 corriperent.
2167 2914 2335 2981 Quem

756 3034 880 3075 cum
917 3018 969 3072 in
1002 3018 1176 3071 media
1206 3017 1360 3070 turba
1398 3024 1541 3070 stare
1582 3012 1853 3082 jussissct,
1891 3009 2213 3073 Miserrime,
2246 3010 2328 3061 in-

757 3112 896 3182 quit,
923 3111 1105 3173 homo,
1134 3109 1389 3177 quidnam
1427 3106 1519 3159 tibi
1551 3103 1899 3173 proposuisti,
1939 3110 1997 3155 ttt
2027 3117 2111 3155 me
2131 3100 2322 3153 urbem

760 3201 1103 3272 ingrediente
1136 3199 1370 3252 frontem
1402 3199 1617 3269 signare
1668 3195 1897 3248 auderes
1925 3194 1941 3246 .’
1970 3196 2049 3250 An
2107 3192 2325 3262 ignoras

759 3294 997 3347 edictum
1026 3299 1212 3344 contra
1250 3288 1590 3342 Christianos
1632 3283 1994 3355 pr0positum"
2033 3282 2328 3352 Respondit

760 3380 998 3434 Paulus:
1030 3377 1219 3430 Audivi
1254 3376 1501 3445 equidem
1532 3374 1764 3429 edictum
1819 3381 1990 3429 tuum,
2020 3369 2114 3422 sed
2169 3380 2331 3418 nemo

764 3484 1001 3540 unquam
1039 3468 1239 3539 poterit
1264 3476 1472 3519 tantum
1516 3466 1762 3517 timorem
1802 3463 1957 3513 nobis
1990 3459 2234 3525 injicere,
2273 3465 2332 3509 ut

763 3562 1045 3617 Christum
1110 3573 1297 3613 verum
1356 3557 1521 3609 Deum
1578 3555 1903 3623 abnegemus
1949 3551 2132 3615 luam;
2189 3550 2331 3603 cnim

768 3662 1033 3707 tormenta
1070 3649 1253 3721 brevia
1285 3656 1633 3718 sunt,nequc
1684 3663 1779 3701 eos
1838 3646 2033 3700 laedere
2088 3652 2331 3714 possunt,

768 3746 861 3815 qui
886 3745 1053 3798 Deum
1109 3752 1378 3796 metuunt.
1411 3742 1478 3791 At
1533 3740 1623 3790 Dei
1659 3745 1946 3800 tormenta,
2010 3736 2338 3803 sempiterna

768 3837 857 3889 illa
878 3843 1022 3888 sunt.
1046 3833 1244 3887 Eodem
1277 3830 1435 3884 modo
1466 3828 1711 3896 voluptas
1729 3836 1781 3880 et
1802 3827 1989 3897 gloria,
2017 3841 2173 3896 quam
2201 3826 2341 3880 Deus

770 3926 1199 3980 Christianorum
1218 3925 1398 3993 generi
1435 3922 1661 3990 largitur
1686 3932 1859 3975 auena
1886 3929 1987 3979 est.
2024 3919 2156 3984 Quis
2181 3919 2341 3987 igitur

773 4027 879 4071 tam
898 4031 1080 4070 amens
1097 4024 1251 4068 estut
1270 4016 1539 4066 viventem
1559 4012 1725 4063 Deum
1741 4011 2097 4078 derelinquat,
2116 4022 2167 4061 ct
2182 4010 2343 4061 surda

773 4117 933 4176 atque
952 4118 1097 4159 muta
1120 4106 1216 4158 ista
1239 4113 1413 4157 vestra
1438 4102 1576 4157 idola
1613 4102 1790 4158 colere
1811 4101 1955 4166 velit,
1980 4116 2100 4154 cum
2118 4101 2227 4169 ipse
2252 4116 2347 4153 au-

775 4211 890 4257 ntor
905 4207 1101 4252 nostra:
1125 4196 1310 4251 salutis
1351 4194 1597 4251 Christus
1613 4194 1770 4249 Jesus
1792 4194 2005 4247 dixerit'
2025 4192 2348 4262 :Quicunque

777 4289 1039 4358 negaverit
1100 4302 1178 4338 me
1220 4300 1398 4337 corant
1440 4284 1749 4345 hominibus,
1796 4286 1992 4352 negabo
2030 4291 2075 4333 et
2094 4298 2183 4352 ego
2233 4298 2347 4334 eum

779 4394 957 4433 coram
998 4376 1211 4428 Patrem
1241 4392 1317 4440 eo,
1347 4376 1433 4443 qui
1466 4375 1517 4426 in
1541 4373 1678 4426 ccelis
1701 4374 1823 4426 est?

850 4467 939 4520 lli.
972 4466 1184 4527 Cernis,
1211 4461 2013 4533 inquit,Aurelianus,quandiu
2049 4471 2099 4516 te
2129 4476 2339 4531 nugan-

782 4570 886 4615 tcm
924 4575 1116 4628 passus
1150 4574 1266 4611 sum
1291 4573 1352 4610 ac
1390 4556 1645 4610 sustinui?
1697 4556 1907 4609 Accede
1956 4556 2087 4625 jam,
2128 4564 2184 4609 et
2238 4554 2341 4607 diis

782 4636 1049 4712 sacrifica,
1086 4665 1152 4702 ne
1197 4650 1429 4716 pessimo
1456 4649 1645 4701 mortis
1671 4663 1867 4716 genere
1897 4646 2250 4700 cousumaris.
2279 4649 2345 4698 At

785 4740 1005 4797 Paulus:
1039 4741 1147 4811 Ego
1187 4740 1393 4792 nullum
1424 4739 1587 4792 alium
1619 4738 1786 4792 Deum
1818 4738 2065 4808 cognovi,
2094 4737 2196 4790 nisi
2240 4736 2344 4789 Do-

787 4830 992 4882 minum
1038 4828 1221 4881 Jcsum
1258 4826 1554 4887 Christum,
1584 4841 1742 4894 quem
1785 4826 1927 4879 colui
1979 4840 2194 4894 semper
2223 4823 2347 4876 inde

790 4934 958 4987 usque
982 4934 1009 4970 a
1041 4919 1286 4987 patribus
1309 4917 1442 4971 meis
1462 4933 1597 4984 puro
1618 4917 1779 4969 corde
1797 4926 1956 4982 atque
1981 4919 2183 4969 animo.
2210 4916 2345 4968 Tum

789 5011 1113 5065 Aurelianus
1154 5010 1329 5063 dixit:
1397 5008 1718 5078 Suspendite
1748 5009 2020 5062 hominem
2069 5010 2251 5070 istum,
2297 5020 2351 5063 ct

791 5103 997 5155 acriter
1016 5110 1280 5169 torquete,
1317 5100 1488 5154 donec
1511 5100 1718 5154 venerit
1770 5100 2029 5154 Dominus
2070 5100 2263 5168 ipsius,
2297 5107 2350 5151 et

792 5207 916 5245 cum
941 5193 1150 5245 liberet.
1180 5189 1593 5258 Suspeuderunt
1650 5188 1810 5259 igitur
1838 5190 1982 5242 illum
2047 5191 2347 5253 carnilices,

793 5295 850 5339 et
879 5266 1204 5340 cruciatibus
1220 5283 1452 5353 atlligere
1484 5291 1785 5351 coeperunt.
1810 5282 2051 5352 Cumque
2083 5282 2348 5354 amigere-

796 5388 905 5441 tur,
930 5390 1061 5429 voce
1099 5388 1292 5443 magna
1323 5374 1486 5429 Deum
1508 5374 1789 5435 invocans,
1841 5374 2069 5427 dicebat:
2104 5374 2348 5433 Domine,

797 5466 923 5519 Jesu
946 5463 1177 5526 Christe,
1202 5476 1327 5514 vera
1352 5459 1441 5513 Dei
1470 5460 1577 5514 veri
1604 5471 1656 5514 et
1677 5461 1849 5515 Patris
1869 5462 2168 5531 progenies,
2198 5464 2351 5531 cujus

796 5560 973 5605 ortum
991 5565 1149 5603 nemo
1179 5546 1636 5618 comprehendere
1661 5559 1853 5617 potest.
1875 5566 1980 5603 non
2005 5553 2213 5621 Anchi,
2244 5569 2349 5607 non

800 5642 1139 5709 Archangeli,
1171 5657 1277 5695 non
1334 5640 1557 5708 Throni,
1599 5658 1706 5697 non
1765 5644 2181 5713 Dominationes,
2245 5665 2349 5706 non

908 5786 921 5815 ⁸
957 5784 1235 5850 Hattlt..x,
1262 5787 1349 5841 ‘23.
1429 5788 1446 5815 ³
1478 5784 1493 5837 l
1529 5783 1667 5837 Tim.
1708 5801 1761 5849 ιι,
1794 5787 1844 5839 1.

2416 1828 3048 1897 rubini,autSeraphini,
3098 1829 3195 1882 nisi
3214 1827 3367 1882 Pater
3383 1829 3646 1892 solus;tu,
3681 1828 4001 1896 inquani,af-

2416 1921 2553 1975 feras
2569 1935 2723 1989 opem
2739 1920 2867 1973 mihi
2893 1920 3075 1974 humili
3091 1929 3145 1974 et
3159 1922 3365 1989 abjecto
3386 1936 3543 1975 servo
3566 1929 3657 1973 tuo
3674 1930 3730 1974 et
3751 1936 3813 1974 ex
3841 1922 4003 1980 Inani.

2388 2020 2401 2023 "
2416 2010 2516 2064 bus
2544 2010 2815 2064 Aureliani
2841 2027 2926 2065 me
2950 2011 3164 2065 liberes.
3185 2011 3325 2066 Deus
3342 2022 3517 2066 autem
3535 2013 3787 2081 protinus
3800 2013 3871 2065 ita
3888 2030 4005 2065 cru-

2418 2102 2593 2155 ciatus
2618 2100 2736 2155 illos
2758 2102 2901 2154 leves
2920 2100 3120 2159 eﬂ'ecit.
3145 2111 3202 2154 ut
3222 2102 3409 2155 beatus
3444 2102 3639 2155 Paulus
3659 2104 3735 2155 nil
3755 2103 4000 2155 sentiret-

2491 2188 2578 2241 ιν.
2612 2187 2807 2241 Sancta
2836 2204 2961 2245 vero
2990 2188 3189 2241 Christi
3213 2204 3412 2255 Sponsa
3446 2187 3661 2242 Iuliana
3687 2230 3701 2253 ,
3728 2206 3855 2242 cum
3901 2190 4000 2243 fra-

2425 2288 2558 2332 trem
2574 2294 2728 2332 suum
2755 2279 2823 2329 ita
2849 2278 3074 2331 cruciari
3101 2278 3318 2332 vidisset
3339 2319 3353 2338 ,
3378 2282 3619 2332 cucurrit
3650 2280 3718 2332 ad
3748 2282 4004 2345 tribunal,

2425 2379 2479 2423 et
2525 2386 2650 2422 voce
2676 2385 2862 2438 magna
2894 2370 3149 2423 clamans:
3180 2371 3464 2423 Aureliane
3488 2370 3705 2439 ,inquit.
3752 2381 4001 2441 tyranne,

2428 2477 2523 2516 cur
2588 2462 2658 2515 ita
2695 2461 2991 2517 crudeliter
3024 2462 3241 2517 fratrem
3278 2478 3455 2515 mettm
3500 2465 3855 2518 innocentem
3886 2480 4005 2518 cru-

2429 2554 2565 2609 cias?
2600 2556 2735 2607 Tum
2766 2555 3120 2607 Aurelianus:
3155 2553 3389 2619 Detegite
3419 2569 3541 2613 mox
3580 2556 3738 2609 iStius
3768 2556 4009 2608 mulieris

2432 2656 2619 2714 caput,
2646 2654 2700 2698 et
2723 2647 2844 2713 ejus
2884 2661 3048 2714 genas
3073 2645 3423 2699 vehementer
3476 2648 3765 2715 percutite.
3822 2663 3890 2699 ne
3934 2648 4007 2699 sic

2437 2746 2639 2791 temere
2674 2738 2960 2807 loquatur:
3029 2738 3188 2789 istum
3232 2752 3359 2789 vero
3401 2738 3677 2790 nefarium
3733 2740 4007 2791 hominem

2437 2839 2750 2883 constanter
2772 2830 3032 2891 cruciate,
3066 2844 3131 2883 eo
3165 2828 3307 2897 quod
3344 2828 3568 2889 Christi,
3634 2844 3800 2897 quem
3857 2831 4007 2890 dicit,

2441 2922 2799 2992 patrocinium
2831 2932 2881 2976 et
2906 2921 3279 2988 adiumentum
3346 2934 3402 2973 se
3471 2919 3669 2972 habere
3731 2921 3830 2972 ait.
3876 2918 4013 2973 Risit

2441 3015 2650 3069 Juliana
2679 3054 2692 3075 ,
2729 3025 2802 3070 et:
2837 3014 3235 3082 Miror.iuqnit,
3268 3013 3538 3081 quomodo
3563 3014 3857 3080 imperator
3890 3028 4011 3065 cum

2426 3108 2522 3166 sis.
2542 3107 2754 3171 deliras,
2783 3122 2953 3176 neque
2977 3107 3266 3175 potentiam
3292 3106 3489 3161 Christi
3512 3106 4012 3173 cognoscis,quem—

2427 3198 2714 3251 admodum
2754 3198 2957 3253 scilicet
3004 3206 3267 3251 tormenta
3344 3196 3426 3246 his
3490 3193 3843 3254 hominibus,
3926 3177 4010 3260 quil

2429 3304 2550 3343 eum
2594 3290 2863 3347 invocant,
2924 3287 3145 3339 leviOria
3207 3284 3385 3337 allicit.
3424 3285 3749 3338 Aurelianus
3776 3284 3843 3336 ad
3881 3298 4009 3338 suos

2433 3392 2745 3440 conversus,
2780 3377 2913 3429 dixit
2949 3391 2962 3427 :
3002 3374 3305 3429 Muliercula
3339 3375 3436 3426 ista
3471 3389 3534 3427 ex
3578 3389 3695 3426 mea
3725 3373 4011 3427 clementia

2435 3470 2690 3537 majorem
2716 3471 2765 3521 in
2790 3468 3002 3521 modum
3022 3468 3159 3522 elata
3182 3477 3297 3535 est;
3330 3468 3509 3536 itaque
3531 3466 3673 3519 illam
3700 3466 4013 3520 Iorvcintu-

2436 3576 2552 3614 eus:
2594 3561 2824 3622 Accede,
2857 3560 3050 3627 inquit,
3080 3569 3135 3613 et
3167 3559 3269 3612 diis
3314 3559 3555 3620 imumla,
3586 3574 3695 3611 non
3729 3560 3876 3612 enim
3907 3573 4013 3609 ma-

2439 3666 2711 3705 uusmcas
2763 3660 2813 3703 te
2860 3664 3145 3706 evasuram
3204 3650 3475 3705 confidere
3523 3649 3712 3709 debes.
3764 3650 3844 3702 Ad
3904 3650 4011 3700 hinc

2438 3741 2667 3793 Juliana:
2712 3741 2816 3808 ligo
2854 3754 3026 3808 neque
3064 3748 3151 3791 tua
3176 3747 3437 3791 tormenta
3468 3738 3788 3798 extimesco,
3844 3754 4011 3811 neque

2444 3830 2615 3884 minas
2666 3837 2783 3883 tuas
2841 3829 2908 3884 ad
2940 3844 3025 3883 me
3077 3828 3351 3898 pertinere
3395 3829 3627 3882 arbitror
3687 3840 3826 3894 ;est
3877 3832 4012 3883 enirn

2446 3921 2585 3977 Deus
2634 3922 2687 3976 in
2718 3923 2884 3985 caelis,
2927 3923 3016 3991 qui
3059 3923 3253 3992 poterit
3290 3925 3499 3991 eripere
3539 3938 3636 3978 nos
3678 3923 3747 3976 de
3807 3924 4007 3990 iniquis

2448 4012 2696 4063 manibus
2728 4013 2853 4065 tuis.
2914 4012 3269 4083 Quaecunque
3300 4016 3461 4084 igitur
3500 4015 3667 4072 babes
3727 4016 4009 4083 torquendi

2451 4101 2831 4164 instrumenta,
2877 4104 3006 4154 tnihi
3058 4105 3366 4165 admoveas,
3407 4116 3463 4158 ut
3512 4120 3577 4159 ex
3616 4108 3701 4159 his
3758 4108 3893 4173 ipsis
3929 4108 4013 4159 Dei

2450 4204 2503 4247 et
2535 4192 2828 4250 Salvatoris
2873 4191 2998 4246 Jesu
3046 4192 3248 4247 Christi
3295 4209 3453 4263 opem
3512 4196 3639 4248 mihi
3696 4212 4011 4265 praesentem

2455 4301 2573 4337 esse
2605 4300 2918 4353 cognoscas.

2376 4401 2419 4467 ς
2531 4375 2591 4427 ν.
2633 4376 2756 4429 Haec
2791 4379 2923 4430 dixit
2972 4376 3213 4435 Juliana.
3268 4376 3363 4432 Cui
3419 4377 3770 4433 Aurelianus:
3836 4380 4009 4445 Video.

2450 4469 2645 4537 inquit,
2680 4469 3135 4537 pulchritudinem
3182 4481 3326 4523 tuam
3365 4472 3522 4524 talem
3558 4489 3703 4532 esse,
3759 4484 3819 4527 ut
3880 4475 4013 4527 illius

2446 4562 2709 4615 rationem
2738 4561 2943 4613 habens
2972 4567 3021 4611 te
3046 4560 3272 4626 perdere
3299 4561 3487 4612 nolim.
3522 4562 3598 4612 Te
3624 4556 3796 4630 igitur
3825 4566 4015 4617 adhor-

2449 4664 2529 4709 tor
2572 4667 2629 4704 nt
2659 4652 2927 4705 sacrificos
2960 4666 3066 4718 quo
3124 4650 3414 4721 legitimam
3471 4650 3601 4702 mihi
3668 4668 3903 4706 uxorem
3952 4667 4013 4707 lc-

2447 4745 2679 4811 deligere
2714 4742 2935 4811 possint,
2967 4752 3020 4796 et
3040 4758 3249 4796 mecum
3273 4757 3376 4795 una
3405 4757 3620 4809 regnes,
3646 4742 3889 4811 imperio
3911 4761 4016 4797 mea

2451 4832 2597 4884 otuui
2636 4840 2876 4900 tempore
2904 4832 3087 4885 fruens
3131 4830 3446 4894 Quinetiam
3473 4831 3625 4883 fratri
3654 4840 3751 4885 tuo
3772 4834 4016 4900 iniuriam

2451 4925 2830 4990 compensaho,
2879 4934 2931 4973 et
2977 4921 3191 4982 faciam,
3228 4928 3286 4971 ut
3316 4920 3715 4985 amplissimum
3745 4925 4017 4991 dignitatis

2452 5014 2671 5079 gradum
2701 5010 2841 5079 apud
2877 5023 2961 5063 me
2987 5010 3199 5063 habeat.
3228 5006 3413 5061 Erexit
3446 5007 3661 5062 Juliana
3691 5013 3886 5066 oculos
3904 5028 4015 5071 suos

2454 5102 2506 5153 in
2539 5103 2757 5165 (telum,
2801 5111 2855 5154 et
2884 5101 3064 5155 crucis
3122 5100 3275 5169 signo
3304 5114 3427 5153 cum
3489 5099 3728 5155 frontem
3760 5115 4014 5165 notassrt.

2454 5195 2589 5248 risit.
2623 5193 2718 5247 Cui
2746 5194 3084 5253 Aurelianus,
3122 5190 3250 5255 Cur,
3282 5189 3476 5258 inquit,
3509 5188 3727 5243 Juliann
3750 5234 3765 5250 .
3803 5198 4015 5247 multam

2454 5284 2833 5353 benignitatem
2890 5298 3062 5359 meam
3089 5291 3469 5346 contemnens,
3510 5284 3708 5337 risistt?
3771 5286 3917 5347 Non,
3949 5292 4018 5338 in-

2453 5378 2567 5444 quit
2606 5376 2713 5437 illa,
2745 5376 3044 5443 contempsi
3075 5376 3461 5448 benignitatem
3487 5386 3637 5429 tuam
3667 5393 3681 5441 ;
3716 5378 3814 5430 sed
3854 5379 4012 5433 rideo.

2455 5468 2710 5535 gaudens,
2733 5467 2872 5533 quod
2890 5466 3130 5535 Sponsus
3147 5482 3297 5523 meus
3316 5470 3574 5531 caelestis,
3591 5471 3684 5537 qui
3712 5450 3825 5520 vult
3845 5484 4018 5519 Ott-iit:

2459 5562 2699 5613 homines
2717 5559 2890 5613 salvos
2916 5558 3030 5613 ﬁeri
3058 5562 3097 5622 ’,
3120 5558 3330 5613 sedetin
3349 5562 3486 5616 solio
3503 5574 3699 5617 sancto
3729 5580 3855 5626 suo,
3889 5561 4017 5628 eius.

2456 5668 2556 5720 que
2611 5652 2905 5707 divinitatis
2959 5649 3409 5721 pulchritudinem
3467 5659 3862 5725 contemplor;
3938 5654 4016 5718 qui
