4170 6322
204 389 301 449 δη

1095 378 1560 440 MARTYRIUM
1599 378 1705 437 SS.
1754 372 1983 439 PAULI
2025 375 2121 434 ET
2162 369 2535 433 JULIANAE.

3356 360 3457 429 5⁵18

201 501 360 553 etiam
399 513 483 551 me
513 498 760 551 hortatur
796 503 851 550 ut
875 494 1171 550 certamina
1215 494 1325 563 ipsa
1381 493 1611 546 libenter
1645 506 1761 544 sus-
1798 492 1840 549 Α
1869 485 1985 541 hzec
2000 485 2192 543 Paulus
2208 482 2754 556 responditzhliuiine
2771 495 2866 535 nos
2883 494 3168 550 possumus
3187 479 3454 534 viventem

204 592 426 652 tineam,
466 600 517 643 te
558 606 687 642 vero
721 603 979 659 nugacem
1014 595 1067 641 et
1100 586 1305 639 futileni
1338 585 1610 638 hominem
1640 598 1773 635 con-

203 684 681 750 temnam.qulppe
705 681 793 750 qui
830 696 952 734 cum
1008 688 1057 733 te
1102 680 1480 747 imperatorem
1513 674 1773 744 appellari

203 772 385 838 iacias,
417 782 471 826 et
494 774 637 843 ligna
667 782 721 826 et
739 772 941 841 lapides
966 770 1177 825 adoras.
1202 768 1441 823 Audiens
1465 768 1577 820 haec
1604 768 1776 817 Aure-

201 863 399 923 lianus,
424 864 513 918 bili
572 867 811 934 percitus
849 884 859 916 :
889 860 1241 929 Susliendite,
1275 860 1468 926 inquit,
1494 856 1774 910 mulierem

200 956 379 1017 istam,
411 970 636 1024 eamque
683 962 996 1008 constanter
1061 953 1321 1014 cruciate,
1397 959 1452 1003 ut
1512 947 1774 1016 intelligat

200 1061 258 1099 se
290 1056 417 1100 ante
461 1047 799 1116 imperatoris
851 1044 1085 1097 l‘ribunal
1133 1044 1454 1097 consistere.
1490 1039 1776 1108 Coeperant

196 1136 307 1204 jam
349 1138 630 1190 carnifices
662 1136 804 1187 illam
834 1134 1100 1199 cruciare,
1132 1149 1256 1186 cum
1285 1132 1481 1184 Paulus
1512 1130 1633 1198 ejus
1667 1129 1774 1182 ira-

199 1236 279 1280 ter
316 1242 432 1279 eam
466 1227 681 1279 intuens
710 1266 722 1287 ,
757 1225 833 1278 Ne
862 1226 1071 1287 timeas,
1107 1224 1297 1292 inquit,
1344 1237 1515 1281 soror,
1564 1220 1774 1289 tyranni

196 1324 469 1370 cruciatus
534 1331 705 1384 neque
735 1316 899 1384 ipsius
921 1318 1092 1368 minas
1115 1312 1779 1368 formides.Sustineamus

196 1410 491 1477 paulisper,
528 1418 587 1461 ut
615 1418 881 1478 perpetuo
914 1408 1258 1475 requiescere
1287 1407 1581 1476 possimus.
1631 1404 1778 1458 lnlli-

194 1499 302 1563 gite
325 1499 467 1557 huic.
498 1498 666 1566 inquit
709 1498 1032 1557 Aurelianus
1058 1539 1072 1563 ,
1100 1499 1374 1552 cruciatus
1420 1497 1664 1551 assiduos
1704 1496 1779 1550 ei-

191 1601 296 1654 que
335 1587 621 1648 inculcata.
657 1588 725 1642 ne'
766 1590 997 1657 superba
1028 1598 1082 1642 et
1132 1590 1291 1642 stulta
1328 1589 1485 1643 verba
1542 1588 1776 1641 etl'utiat-

192 1674 435 1727 Audiens
462 1677 574 1729 haec
599 1675 841 1741 Iuliana,
887 1679 1084 1732 iterum
1124 1679 1266 1740 risit,
1296 1689 1348 1729 et
1378 1679 1780 1731 ait:Aurciiane

194 1773 419 1832 tyranne
443 1776 599 1834 atque
622 1767 823 1835 inique,
850 1768 1105 1821 Dominus
1138 1767 1293 1821 Jcsus
1346 1768 1593 1821 Christus
1621 1768 1767 1831 facit,

1890 576 2179 629 Dominum
2223 577 2393 630 Deum
2425 577 2752 645 relinquere,
2786 572 2907 627 εαξιὶ
2936 582 2990 625 et
3030 582 3186 626 terra:
3240 582 3453 628 creato-

1882 668 2121 736 rem,qui
2142 683 2240 722 nos
2255 683 2285 721 e
2304 668 2543 723 tenebris
2575 666 2795 735 eripuit,
2816 673 2866 718 et
2891 678 2919 717 a
2943 662 3191 716 manibus
3212 662 3318 717 tuis
3336 678 3457 717 eos-

1881 760 2001 813 dem
2031 759 2293 813 liberavit.
2320 759 2604 828 Nunquam
2626 758 2806 827 igitur,
2831 755 3119 811 Aureliane
3137 755 3449 823 imperatam

1879 851 2038 903 nobis
2086 852 2414 920 persuadere
2473 848 2697 917 poteris,
2757 844 3099 913 utlapidibus
3150 852 3204 897 et
3258 844 3456 901 statuis

1878 939 2098 1001 vestris,
2134 955 2285 1003 voce,
2332 936 2519 992 auditu
2543 948 2599 992 et
2639 937 2818 990 anima
2867 934 3199 995 carentibus,
3246 933 3452 986 cultum

1879 1030 2239 1098 praebeamus.
2276 1030 2457 1098 Itaque
2497 1029 2566 1082 de
2602 1037 2795 1082 caetero
2824 1034 3088 1078 tormenta
3122 1036 3453 1092 quaecunque

1880 1120 1982 1176 vis.
2027 1120 2181 1175 nobis
2226 1120 2533 1179 admoveas,
2560 1127 2617 1170 ut
2646 1116 2736 1169 Dei
2763 1114 2933 1168 nostri
2994 1112 3101 1165 vim
3137 1127 3451 1181 cognoscas.

1951 1209 2084 1263 Vill.
2115 1210 2636 1265 JussitAurelianus
2666 1210 2805 1263 duas
2853 1207 3061 1261 ferreas
3123 1205 3280 1258 sedes
3329 1204 3454 1257 illuc

1879 1300 2078 1363 afferri,
2106 1312 2159 1355 et
2180 1315 2209 1354 e
2238 1302 2444 1356 balneis
2467 1298 2699 1372 publicis
2730 1298 2996 1353 carbones
3022 1299 3260 1368 congeri,
3292 1306 3343 1350 et
3369 1312 3453 1349 sc-

1879 1390 1975 1446 dcs
2001 1392 2117 1445 ilius
2148 1392 2499 1447 vehementer
2521 1393 2777 1447 succendi
2806 1408 2819 1456 ;
2858 1406 3016 1444 suum
3050 1405 3178 1443 vero
3204 1387 3452 1443 abdomi—

1884 1500 1951 1540 ne
2010 1484 2170 1538 illitos
2221 1492 2489 1552 martyres
2554 1483 2699 1552 ipsos
2748 1496 2910 1550 supra
2950 1480 3244 1533 candentes
3297 1477 3453 1531 sedes

1884 1576 2106 1646 imponi.
2142 1575 2293 1640 Quod
2327 1590 2448 1628 cum
2475 1590 2598 1627 mox
2647 1573 2848 1627 factum
2886 1580 3029 1627 esset
3057 1589 3070 1624 :
3103 1570 3243 1635 Jam,
3274 1570 3452 1640 inquit

1884 1665 2229 1726 Aurelianus,
2255 1665 2461 1718 artibus
2510 1666 2702 1717 vestris
2734 1662 2987 1741 omnibus
3026 1660 3314 1730 superatis,
3349 1675 3447 1729 po-

1885 1758 2037 1811 testis
2090 1758 2323 1819 discere,
2377 1757 2626 1822 quisnam
2650 1757 2725 1808 sit
2777 1755 3103 1808 Aurelianus
3133 1754 3446 1822 imperator.

195 1864 252 1906 ut
284 1870 460 1920 neque
524 1856 752 1918 labores,
793 1870 966 1923 neque
1024 1864 1288 1917 tormenta
1343 1858 1455 1909 haec
1511 1855 1763 1909 sentiam.

1877 1846 2069 1903 .Veuiat
2097 1866 2237 1906 nunc
2268 1850 2516 1903 Christus
2542 1856 2717 1902 vester
2741 1889 2757 1913 ,
2782 1847 2826 1900 si
2863 1854 3061 1915 potest,
3108 1856 3165 1902 et
3196 1846 3347 1902 vobis
3376 1845 3453 1899 la—

195 1942 349 1996 Tunc
372 1944 713 2009 Aurelianus,
756 1944 1033 2010 Quamvis,
1087 1946 1281 2014 inquit,
1362 1947 1558 1999 multas
1601 1961 1769 2016 nugas

193 2031 461 2097 eiIundas,
495 2044 544 2087 et
573 2035 795 2089 simules
815 2046 864 2089 te
888 2036 1170 2090 cruciatus
1198 2052 1303 2089 non
1323 2037 1547 2099 sentire,
1577 2036 1767 2089 faciam

194 2134 399 2186 tamen,
462 2135 519 2178 ut
582 2127 787 2179 diutius
844 2128 1141 2191 crucieris,
1199 2138 1252 2180 et
1306 2128 1583 2181 doloribus
1648 2144 1771 2182 suc-

190 2218 437 2268 cumbas.
498 2213 610 2268 Non
645 2217 805 2280 siuet,
837 2216 1008 2285 inquit
1060 2217 1164 2279 illa,
1194 2216 1444 2271 Christus
1492 2219 1627 2286 ipse,
1682 2233 1767 2271 me

191 2320 433 2371 unquam
489 2321 517 2356 a
552 2314 599 2357 te
667 2308 931 2374 superari.
989 2306 1080 2360 lllc
1137 2317 1238 2369 est,
1290 2308 1378 2377 qui
1424 2291 1557 2362 mihi
1609 2323 1764 2378 opem

187 2395 349 2448 all'ert
371 2404 423 2449 et
452 2410 616 2459 nunc,
651 2404 703 2448 et
739 2406 953 2466 semper
997 2398 1061 2450 ad
1095 2396 1252 2451 liuent
1288 2413 1453 2468 usque
1479 2398 1767 2467 opitulabi-

191 2500 305 2553 tur,
346 2503 453 2558 quo
485 2490 651 2557 ipsius
682 2492 999 2558 potentiam,
1034 2501 1088 2543 et
1131 2502 1371 2543 nostram
1427 2492 1766 2546 Christiano-

189 2597 314 2634 rum
362 2582 674 2650 patientiam
718 2595 1042 2648 cognoscere
1089 2583 1284 2647 possis.
1338 2580 1413 2635 Te
1469 2596 1594 2635 vero
1654 2583 1766 2650 ipse

190 2672 340 2727 Deus
404 2688 557 2728 meus
587 2680 793 2725 :eterno
822 2672 928 2740 igni
965 2672 1195 2741 puniet;
1231 2674 1410 2743 exiget
1470 2673 1613 2729 enim
1647 2689 1675 2725 a
1713 2684 1763 2727 te

186 2763 404 2814 animas
436 2777 570 2829 quas
601 2762 903 2831 perdidisti.

267 2853 352 2908 Vl.
383 2852 477 2907 His
505 2854 683 2907 verbis
728 2854 899 2925 magis
935 2854 1139 2909 exarsit
1169 2855 1767 2927 Aurelianus,et_iussit

183 2945 423 2998 lebetem
484 2944 663 2998 atl'erri
690 2985 703 3008 ,
745 2960 806 2998 ac
840 2946 1012 3014 picem
1053 2946 1107 2998 in
1160 2962 1281 2997 eum
1330 2948 1545 3013 conjici,
1604 2956 1765 3014 atque

183 3038 371 3107 ignem
407 3040 632 3091 multum
660 3035 795 3088 infra
824 3036 1052 3089 lebetcm
1101 3038 1344 3101 accendi,
1384 3037 1452 3090 ita
1489 3049 1546 3092 ut
1603 3053 1764 3092 nemo

180 3130 411 3199 propius
440 3128 694 3181 accedere
726 3137 926 3196 posset.
961 3128 1129 3182 iussit
1167 3142 1343 3183 autem
1379 3132 1432 3183 in
1455 3133 1605 3187 iilum
1634 3149 1763 3187 (on-

178 3223 276 3291 jici
305 3220 530 3272 l’aulum
570 3229 623 3273 et
650 3219 943 3275 Julianam.
980 3220 1227 3284 Quicum
1256 3222 1484 3274 fuissent
1506 3226 1757 3293 eonjecti,

181 3314 375 3365 oculos
410 3312 460 3365 in
485 3310 680 3367 coelum
718 3316 1010 3382 erigentes,
1039 3328 1099 3365 ac
1128 3323 1382 3382 tanquam
1416 3330 1522 3369 uno
1542 3316 1758 3370 eodem-

178 3418 292 3471 que
340 3419 431 3457 ore
460 3414 762 3473 precantes,
826 3406 939 3457 lucc
997 3405 1276 3461 dicebant:
1329 3407 1554 3461 Domine
1622 3408 1761 3462 Dens

180 3508 400 3565 patrum
452 3507 786 3561 nostrorum,
842 3497 1130 3559 Abraham,
1166 3496 1312 3549 Isaac
1343 3507 1395 3549 et
1422 3498 1608 3563 Jacob,
1670 3503 1760 3567 qui

180 3588 514 3643 descendisti
551 3590 600 3639 in
652 3587 924 3641 fornacem
962 3588 1099 3657 ignis
1128 3591 1193 3641 ad
1247 3588 1495 3652 Sidracli,
1556 3590 1757 3647 Misach

181 3691 244 3733 et
308 3680 690 3749 Abdenagoin
746 3676 1034 3751 Babylonis
1100 3681 1341 3752 regione,
1398 3698 1574 3753 neque
1634 3685 1750 3738 illos

180 3775 315 3844 igne
345 3773 461 3826 laedi
498 3774 821 3841 permisisti;
860 3784 936 3838 tu,
965 3775 1188 3833 Domine
1218 3776 1346 3831 Jesu
1377 3776 1615 3843 Christe,
1672 3781 1758 3835 lux
1806 3835 1812 3839 .

181 3867 281 3920 illa
332 3865 614 3928 immensa,
647 3863 823 3919 Patris
863 3867 1177 3935 mysterium
1231 3877 1283 3920 et
1330 3869 1521 3937 gloria,
1556 3871 1759 3941 Deique

180 3958 442 4012 altissimi
465 3959 704 4024 dextera,
756 3958 849 4026 qui
881 3959 1044 4012 homo
1074 3960 1248 4014 factus
1277 3972 1499 4032 propter
1527 3978 1755 4034 peccata

182 4057 401 4110 nostra,
436 4048 577 4101 inter
604 4049 854 4103 homines
891 4058 1138 4105 versatus
1166 4067 1246 4118 es,
1285 4055 1351 4107 da
1384 4056 1614 4110 salutem
1636 4057 1758 4111 ani-

182 4139 405 4206 mabus,
429 4153 565 4208 quas
591 4139 842 4195 inimicus
867 4141 1113 4198 diabolus
1150 4144 1452 4201 miserrimc
1501 4148 1756 4217 deceptas

182 4240 246 4286 et
269 4243 575 4302 corruptas,
610 4248 781 4302 usque
806 4232 1125 4288 ad'inllmam
1153 4246 1397 4293 tartareae
1424 4239 1567 4293 sedis
1600 4256 1758 4294 vora-

182 4325 373 4395 ginem
419 4325 709 4380 detrudere
759 4336 989 4380 conatur
1035 4345 1048 4382 :
1087 4331 1542 4397 quemadmodum
1578 4332 1757 4387 Aure-

179 4415 372 4469 lianus
421 4418 542 4478 iste,
590 4416 761 4485 ipsius
820 4416 1019 4471 diaboli
1051 4417 1363 4487 discipulus,
1400 4435 1547 4475 nunc
1608 4422 1755 4481 facit.

1875 1937 2192 1992 borantibus
2222 1954 2377 2005 opem
2410 1938 2620 1991 aﬂ'erat.
2654 1938 2951 2005 lieSpondit
2986 1937 3166 1989 statim
3205 1937 3452 1990 Aurelia-

1876 2047 1946 2086 no
1970 2030 2179 2086 Juliana
2207 2048 2220 2085 :
2250 2032 2541 2086 Nobiscum
2571 2031 2676 2085 hoc
2701 2032 2755 2086 in
2776 2032 2889 2086 loco
2907 2030 3269 2094 Christusest,
3294 2030 3449 2086 nobis

1875 2140 2032 2193 Opem
2066 2125 2242 2189 aticrt,
2265 2141 2439 2195 neque
2502 2124 2627 2180 sinit
2658 2125 2725 2178 ab
2757 2124 2876 2195 igne
2902 2140 3000 2178 nos
3025 2122 3191 2193 tangi.
3222 2123 3303 2179 Tu
3323 2140 3449 2180 vero

1876 2216 2155 2269 illmnnon
2223 2219 2395 2279 vides,
2433 2232 2555 2270 cum
2586 2216 2707 2285 ejus
2777 2218 2987 2269 visione
3046 2216 3299 2284 indignus
3349 2217 3442 2269 sis.

1875 2304 2068 2358 Moneo
2126 2306 2535 2366 te,Anreliane,
2590 2314 2649 2358 ut
2694 2302 2957 2357 insaniam
2994 2302 3153 2356 istam
3206 2305 3442 2369 omittas,

1874 2406 1935 2451 et
1957 2398 2024 2453 ad
2054 2396 2327 2451 Christum
2362 2397 2611 2454 accedas.
2646 2411 2768 2449 nam
2796 2397 2838 2449 si
2865 2395 2913 2449 ei
2944 2395 3166 2449 credere
3185 2395 3442 2459 volueris,

1878 2497 1927 2541 te
1970 2489 2376 2557 resipiscentcm
2411 2487 2793 2556 amplectetur,
2830 2502 2954 2540 cum
2988 2486 3257 2557 benignus
3288 2487 3355 2541 sit
3383 2502 3447 2540 ac

1875 2583 2206 2641 misericors,
2267 2591 2320 2633 et
2362 2582 2596 2635 humana
2642 2591 2861 2647 peccata
2908 2580 3196 2633 condonet.
3241 2580 3443 2644 Quodsi

1871 2685 1977 2723 non
2016 2670 2332 2733 credideris,
2360 2682 2566 2724 aeterno
2604 2672 2724 2741 igne
2751 2673 3014 2740 punieris.

1944 2759 2031 2816 lX.
2066 2759 2230 2836 Magis
2258 2766 2427 2815 iratus
2455 2773 2537 2817 est
2563 2764 2905 2827 Aurelianus,
2964 2775 3019 2818 et
3057 2768 3221 2835 jussit
3267 2766 3447 2822 carni-

1876 2854 2000 2908 ﬁces
2034 2857 2209 2923 capite
2238 2857 2500 2918 truncari,
2538 2857 2692 2925 quasi
2725 2859 2983 2926 pecunias
3058 2873 3088 2911 a
3115 2859 3442 2916 Christianis

1873 2950 2302 3016 acet-pissent,ut
2331 2949 2433 3003 illis
2462 2957 2767 3018 parcerent.
2798 2950 2931 3004 Cum
2959 2967 3083 3006 vero
3112 2954 3177 3006 ad
3213 2961 3442 3008 mortem

1872 3037 2271 3091 dedurcremur
2298 3041 2607 3105 carnilices,
2634 3043 2954 3096 hortabatur
2981 3060 3074 3099 eos
3109 3044 3308 3101 Paulus
3358 3048 3442 3102 his

1820 3184 1835 3201 η
1874 3131 2083 3184 verbis:
2122 3130 2296 3185 Nolite
2326 3130 2538 3195 timere,
2575 3147 2751 3201 neque
2782 3134 2999 3187 eniinin
3032 3145 3296 3190 aeternum
3328 3155 3444 3192 ino-

1823 3224 1834 3237 '
1872 3219 2104 3283 riemini,
2135 3221 2229 3274 sed
2275 3231 2585 3276 sanctorum
2648 3224 2945 3292 participes
2988 3224 3151 3291 futuri
3197 3229 3348 3290 estis,
3386 3239 3444 3289 et

1861 3310 2096 3363 cmlestis
2120 3312 2264 3379 regni
2302 3312 2565 3366 haeredcs.
2593 3313 2713 3366 Haec
2758 3331 2879 3367 cum
2921 3318 3199 3373 audissent
3229 3322 3444 3375 carniﬁ—

1861 3415 1970 3463 ces,
1999 3402 2381 3464 constiterunt,
2412 3403 2483 3456 ita
2544 3402 2707 3459 Deum
2737 3416 2995 3461 orantes:
3032 3408 3255 3465 Domine
3309 3411 3439 3468 Jesu

1862 3493 2098 3550 Christe.
2132 3508 2290 3562 quem
2360 3493 2560 3549 Paulus
2589 3507 2644 3549 et
2668 3494 2879 3551 Juliana
2899 3500 3221 3569 praedicant,
3248 3504 3437 3559 adesto

1861 3583 2109 3645 nobis,et
2147 3586 2198 3637 in
2241 3588 2589 3642 confessione
2624 3599 2710 3642 tua
2742 3589 2826 3644 fac
2859 3607 2958 3644 nos
2998 3593 3265 3661 perfectos
3289 3611 3438 3660 esse,

1860 3675 2114 3743 quoniam
2144 3677 2280 3729 nihil
2321 3679 2445 3730 mali
2480 3678 2730 3739 fecimus,
2762 3689 2814 3733 et
2846 3685 3130 3738 morimur.
3166 3686 3288 3741 Haec
3312 3693 3434 3743 cuiit

1860 3765 2146 3832 dixissent,
2182 3767 2496 3824 obtruncati
2524 3780 2650 3824 sunt
2687 3812 2699 3824 .
2722 3770 2920 3829 Emum
2972 3775 3125 3841 alter,
3195 3776 3439 3843 Quadra-

1866 3869 1953 3916 tus
1988 3878 2000 3928 ;
2048 3861 2201 3926 alter,
2226 3863 2456 3918 Aeacius
2490 3865 2788 3923 dicebatur.

1934 3954 2001 4007 Χ.
2036 3953 2127 4007 His
2163 3954 2325 4024 igitur
2359 3958 2616 4025 martyrio
2661 3961 3077 4025 consummatis,
3104 3961 3270 4029 jussit
3317 3965 3429 4021 Au-

1868 4045 2108 4100 relianus
2140 4047 2273 4101 alios
2304 4048 2586 4103 carniﬁces
2645 4048 2823 4121 ignem
2875 4052 3091 4117 atierrc,
3133 4064 3211 4108 ιρι
3272 4073 3436 4127 supra

1869 4139 2130 4192 carbones
2164 4138 2237 4193 sal
2255 4153 2561 4210 aspergere,
2585 4150 2641 4195 ut
2668 4142 2805 4211 ignis
2829 4144 2943 4213 ipsc
2968 4146 3321 4203 Vehementer
3349 4166 3441 4207 ac-

1861 4234 2210 4286 cenderetur.
2241 4231 2377 4285 Tum
2409 4231 2655 4287 Juliaua:
2716 4235 3029 4301 Aureliaue,
3084 4238 3278 4307 inquit,
3318 4242 3437 4313 Ty-

1862 4339 2031 4378 ranne
2064 4333 2119 4378 et
2145 4322 2371 4389 nefarie,
2405 4328 2762 4395 curteipsum
2813 4327 3030 4399 aﬂligis?
3074 4331 3241 4388 Video
3291 4338 3435 4391 enim

1871 4424 1921 4469 te
1945 4416 2196 4479 cruciari,
2230 4426 2283 4470 et
2313 4418 2569 4471 omnibus
2605 4419 2780 4472 modis
2806 4428 2989 4475 lurore
3007 4424 3281 4480 detentum
3300 4428 3435 4483 allii-

183 4506 320 4562 l-laac
353 4522 474 4560 cum
496 4508 570 4562 illi
608 4518 892 4576 precantes
922 4510 1207 4572 dixissent,
1267 4513 1359 4583 pix
1389 4515 1756 4575 etlervescens

1870 4509 1939 4578 gi,
2001 4504 2238 4578 denique
2292 4519 2349 4563 ut
2400 4520 2710 4580 serpentem
2746 4512 2984 4583 aliquem
3027 4518 3434 4583 exsibilantem.

180 4597 241 4649 in
268 4598 498 4667 gelidam
525 4613 718 4667 aquam
749 4614 1010 4654 conversa
1039 4614 1141 4664 est,
1170 4602 1238 4655 ita
1266 4614 1324 4657 ut
1349 4606 1440 4673 qui
1472 4623 1767 4677 praesentes

181 4698 375 4755 erant,
411 4691 504 4746 Dei
550 4692 848 4762 potentiam
883 4691 1305 4750 admirarentur.

263 4784 377 4839 \‘ll.
408 4784 772 4840 Nihilominus
790 4796 965 4839 tamen
987 4786 1330 4856 Aurelianus,
1353 4792 1574 4861 proprio
1588 4795 1768 4854 furore

176 4884 512 4944 oppressus,
560 4872 671 4927 Deo
697 4874 920 4942 gloriam
966 4889 1071 4929 non
1111 4879 1389 4945 reddebat,
1414 4883 1505 4937 sed
1548 4887 1770 4957 magicis

181 4967 407 5020 artibus
438 4979 501 5019 ea
545 4964 660 5018 fieri
702 4965 1061 5022 existimabat.
1095 4969 1263 5023 Jussit
1300 4982 1484 5042 postea
1516 4992 1546 5030 e
1595 4979 1768 5033 lebete

181 5056 326 5136 illos.
346 5055 581 5123 extrahi,
615 5056 670 5109 in
704 5057 900 5127 quibus
924 5073 1039 5119 nec
1090 5060 1222 5128 picis
1253 5063 1386 5116 odor
1415 5064 1608 5134 aliquis
1658 5069 1769 5123 ine-

184 5158 317 5203 rat:
366 5152 497 5219 quin
524 5148 687 5203 etiam
736 5151 985 5218 nequein
1018 5150 1191 5207 lebete
1254 5153 1372 5223 ipso
1399 5156 1533 5225 picis
1565 5158 1767 5227 aliquid

182 5243 477 5297 inventum
522 5247 625 5306 est,
653 5239 748 5297 sed
792 5249 1001 5295 tantum
1050 5241 1241 5313 frigida
1273 5260 1434 5315 aqua.
1465 5246 1617 5302 Tunc
1656 5251 1767 5303 Au-

181 5332 474 5391 relianus:
508 5331 932 5396 Existimatisne,
970 5332 1165 5401 inquit,
1202 5350 1315 5401 eos,
1351 5339 1441 5406 qui
1469 5348 1768 5409 praesentes

183 5432 345 5488 sunt,
369 5439 397 5476 a
417 5424 572 5479 vobis
594 5425 973 5480 circumveniri
1007 5433 1062 5479 et
1083 5425 1296 5493 adduci,
1313 5440 1372 5483 ut
1401 5439 1592 5501 putent
1617 5433 1769 5486 auxi—

185 5519 325 5575 lium
359 5530 389 5569 a
424 5514 532 5567 Deo
580 5525 767 5569 vestro
815 5516 967 5570 vobis
1018 5516 1261 5583 allatum,
1290 5528 1344 5572 et
1393 5536 1503 5574 non
1549 5524 1770 5594 magicis

185 5615 377 5683 potius
394 5606 602 5661 artibus
624 5607 739 5663 haec
760 5608 899 5664 facta
915 5609 1186 5664 esse?Non
1212 5609 1305 5667 ita.
1330 5626 1427 5680 per
1450 5613 1581 5668 deos
1598 5614 1769 5685 ipsos,

187 5718 282 5758 res
298 5720 356 5758 se
369 5699 589 5757 habebit
603 5715 618 5762 ;
634 5700 821 5754 faciam
838 5702 1003 5767 enim,
1019 5710 1077 5756 ut
1091 5702 1416 5757 cruciatibus
1433 5704 1631 5768 atl‘ccti,
1651 5706 1771 5777 igne

183 5790 734 5861 consumamini,nisi
751 5791 853 5846 diis
893 5793 1021 5863 ipsis
1041 5793 1283 5850 victimas
1321 5792 1645 5852 obtuleritis.
1690 5796 1768 5851 Ad

1873 4612 2144 4651 venenum
2176 4607 2367 4652 contra
2390 4614 2491 4653 nos
2541 4601 2856 4669 ellundere;
2913 4607 3006 4659 sed
3065 4608 3202 4660 nihil
3256 4619 3433 4666 tamen

1870 4686 2146 4757 proticies,
2185 4705 2305 4743 cum
2340 4690 2480 4742 Deiis
2518 4689 2632 4757 ipse
2672 4706 2772 4744 nos
2803 4694 3139 4762 corroboret,
3168 4707 3438 4769 utpravas

1874 4787 1992 4833 tuas
2020 4782 2374 4849 cogitationes
2412 4781 2685 4838 sustinere
2730 4789 3025 4854 possimus.
3071 4789 3258 4861 Itaque
3312 4810 3436 4850 cum

1870 4871 2127 4925 adversus
2143 4885 2242 4925 nos
2258 4871 2392 4927 nihil
2408 4874 2618 4929 ellicere
2638 4878 2905 4945 potueris,
2925 4885 3095 4951 magis
3128 4885 3437 4952 erubesces,

1870 4972 1925 5017 et
1955 4978 1984 5016 a
2042 4963 2199 5017 nobis
2260 4965 2402 5035 ipsis
2434 4967 2751 5022 abstinebis.
2782 4970 3106 5025 Aurelianus
3131 4974 3291 5044 jussit
3322 4979 3441 5035 illos

1868 5055 2090 5117 exsolvi,
2120 5065 2175 5109 et
2224 5057 2280 5112 in
2314 5074 2584 5113 carcerem
2640 5059 2879 5125 detrudi,
2915 5071 3077 5132 atque
3126 5066 3263 5137 ligna
3290 5086 3434 5138 qua:-

1870 5150 1990 5204 dam
2011 5151 2227 5204 maximi
2266 5150 2525 5219 ponderis
2558 5152 2611 5207 in
2666 5167 2853 5205 eorum
2914 5155 3155 5210 cervices
3208 5158 3435 5229 imponi,

1870 5242 2035 5309 pedes
2062 5242 2221 5296 etiam
2254 5244 2604 5312 compedibus
2648 5244 2817 5314 ligari,
2851 5245 3055 5300 catenis
3114 5262 3309 5304 manus
3345 5253 3434 5309 de-

1870 5332 2172 5396 vinciri,‘et
2204 5332 2408 5388 ferreos
2436 5335 2615 5391 clavos
2641 5340 2831 5401 sterni,
2880 5338 3057 5394 utillis
3104 5343 3443 5412 conﬁgeren-

1874 5434 1980 5489 tur,
2012 5440 2186 5495 neque
2216 5425 2654 5483 Christianorum
2681 5430 2917 5499 aliquem
2954 5432 3196 5500 permitti
3220 5436 3288 5489 ad
3346 5452 3441 5493 eos

1871 5517 2104 5587 ingredi,
2144 5534 2208 5571 ne
2247 5519 2397 5575 cibus
2448 5521 2752 5575 all'erretur.
2795 5521 2917 5577 Illos
2951 5524 3107 5593 igitur
3162 5530 3442 5587 carniﬁces

1872 5608 1925 5662 in
1960 5621 2231 5663 carcerem
2288 5611 2582 5674 duxerunt,
2623 5626 2849 5683 quaeque
2902 5615 2971 5669 ab
3011 5616 3302 5675 Aureliano
3328 5621 3445 5689 jus-

1872 5701 1912 5753 si
1952 5699 2187 5763 fuerant,
2222 5701 2301 5755 eis
2366 5703 2632 5757 fecerunt.
2689 5706 2823 5759 Cum
2878 5722 3006 5762 vero
3061 5711 3238 5765 media
3283 5720 3442 5769 nocte

1875 5800 2137 5864 martyres
2168 5792 2333 5847 Deum
2385 5805 2763 5867 precarentur,
2819 5796 2906 5852 lux
2954 5801 3199 5870 quaedam
3248 5818 3442 5877 magna
