4170 6322
735 348 849 411 579

1991 338 2276 397 MENSIS
2316 336 2741 398 AUGUSTUS.

3894 334 3991 395 580

735 458 937 511 ctIulsit
969 456 1017 509 in
1050 470 1286 518 carcere,
1326 461 1378 508 et
1430 452 1655 522 angelus
1711 464 1893 505 coram
1952 448 2059 501 illis
2130 451 2300 511 stetit,
2353 457 2389 510 Α
2420 456 2472 500 et
2497 444 2802 510 temerarie,
2833 458 3057 499 curnam
3091 442 3207 497 haec
3238 440 3474 497 facinora
3505 450 3694 497 contra
3726 440 3993 497 Christia-

736 553 921 619 cisque
948 550 1101 603 dixit:
1134 549 1295 601 Paule
1339 556 1394 601 et
1427 545 1661 611 Iuliana,
1717 544 1858 597 servi
1902 542 1993 596 Dei
2039 543 2308 599 altissimi.

737 648 939 715 surgite
964 653 1019 695 et
1050 642 1216 694 Deum
1248 646 1421 694 orate.
1462 636 1584 691 IIaze
1600 636 1732 689 dixit
1758 635 2001 703 angelus,
2038 644 2091 688 et
2136 635 2200 687 ad
2224 649 2317 686 eos

740 735 973 790 accessit
1002 752 1014 786 :
1046 750 1107 787 ac
1136 735 1317 787 statim
1354 734 1736 794 instrumenta,
1774 730 1970 798 quibus
1998 744 2182 782 eorum
2203 729 2315 781 col—

737 829 784 881 Ia
810 829 1097 881 constricta
1130 836 1307 886 erant,
1333 825 1521 893 tetigit.
1544 824 1834 891 statimque
1868 833 1971 875 taiu
2006 822 2113 883 illa,
2154 836 2313 888 quam

748 917 949 984 reliqua
983 916 1158 968 ferrea
1186 927 1239 968 et
1265 916 1433 984 lignea
1460 914 1670 966 vincula
1713 907 2095 974 eonfracta,de
2138 912 2315 979 justo—

736 1025 855 1061 rum
910 1019 1199 1077 martyrum
1227 1008 1540 1076 corporibus
1578 1006 1895 1059 exciderunt
1923 1022 1934 1056 :
1963 1005 2080 1057 diue
2132 1005 2310 1056 autem

737 1100 894 1152 sedes
917 1100 1106 1167 pannis
1124 1109 1326 1162 stratie,
1376 1108 1428 1150 et
1451 1113 1633 1150 mensa
1666 1111 1848 1151 coram
1881 1096 2007 1164 ipsis
2054 1095 2194 1147 illico
2219 1108 2309 1162 ap-

735 1192 909 1259 posita
943 1200 1045 1254 est,
1094 1192 1402 1259 omnigenis
1438 1190 1656 1243 ferculis
1690 1190 1866 1257 plena,
1900 1188 2083 1257 eisque
2152 1202 2312 1256 ange-

737 1281 820 1333 Ius
853 1280 988 1333 dixit
1030 1297 1043 1334 :
1088 1279 1299 1342 Venite,
1356 1280 1696 1349 requiescite,
1754 1289 1806 1332 et
1868 1279 2042 1331 cibum
2090 1279 2310 1340 sumite,

733 1389 893 1442 quem
955 1372 1099 1423 misit
1132 1370 1283 1424 vobis
1310 1371 1437 1426 Jesu
1477 1371 1750 1425 Christus.
1772 1372 1966 1426 Paulus
2000 1383 2051 1425 et
2074 1370 2306 1434 Juliana,

734 1480 795 1515 ea
817 1478 872 1515 re
907 1462 1085 1527 laetati,
1113 1464 1527 1517 discubuerant.
1552 1463 1793 1533 Cumque
1819 1480 2011 1533 panem
2042 1463 2216 1531 ipsum
2255 1462 2310 1516 in

736 1570 925 1608 manus
946 1557 1321 1624 sumpsissent,
1342 1564 1393 1609 et
1420 1556 1605 1609 oculos
1649 1556 1703 1607 in
1757 1558 1951 1607 cmlum
1988 1555 2307 1617 erexissent,

737 1648 845 1699 Deo
885 1646 985 1711 ipsi
1021 1645 1221 1714 gratias
1278 1656 1524 1713 egerunt,
1583 1653 1636 1697 et
1676 1643 1780 1696 cibi
1836 1642 2125 1711 participes
2186 1641 2308 1694 facti

734 1746 881 1788 sunt.
920 1734 1179 1788 Viderunt
1209 1738 1446 1788 carceris
1479 1737 1731 1788 custodes
1772 1735 1942 1787 lucem
1983 1733 2133 1786 illam
2194 1748 2307 1784 ma-

2422 558 2519 594 nos
2557 548 2767 609 patrare
2825 535 3047 590 audes?
3103 535 3370 600 Quidnam
3422 536 3669 589 homines
3714 534 3825 589 Deo
3881 550 3990 587 ser-

2422 629 2630 682 vientes
2664 625 3074 686 commiserunt,
3112 631 3169 675 ut
3198 621 3270 674 ita
3297 621 3583 675 crudeliter
3611 635 3665 678 et
3684 622 3991 675 immaniter

2418 733 2511 771 eos
2547 716 2758 771 crucies
2788 715 2809 767 ?
2838 715 2919 767 An
2958 715 3081 782 quia
3116 711 3391 766 Christum
3425 712 3664 765 omnium
3688 712 3990 765 dominato-

2420 825 2533 861 rem
2565 818 2895 861 venerantur
2923 803 3091 858 ?Ilaac
3128 819 3251 857 eum
3281 803 3483 856 audiret
3518 803 3865 865 Aurelianus,
3918 803 3986 854 ita

2416 900 2713 968 obstupuit,
2752 908 2809 951 ut
2842 898 2974 950 hora
3031 912 3136 948 una
3161 906 3348 949 mutus
3377 893 3715 947 remansrrit.
3750 892 3987 945 Tandem

2418 991 2751 1059 respondens
2815 1008 2830 1042 :
2890 987 3044 1040 Tune
3104 986 3311 1044 etiam,
3377 986 3593 1053 inquit,
3646 984 3986 1045 Stratonice,

2414 1082 2638 1136 istorum
2676 1081 2916 1134 stultitiae
2942 1087 3101 1146 atque
3122 1075 3343 1127 insania:
3371 1077 3640 1143 particeps
3672 1074 3850 1126 factus
3876 1088 3936 1126 es
3968 1072 3988 1122 ‘3

2414 1176 2493 1227 An
2524 1172 2753 1225 Juliante
2785 1169 3125 1239 pulchritudo
3159 1177 3208 1219 te
3242 1166 3478 1232 decepit,
3532 1176 3580 1218 et
3626 1166 3745 1232 ejus
3788 1166 3989 1232 jucun-

2414 1263 2497 1316 dis
2558 1259 2906 1314 sermonibus
2963 1258 3188 1310 allectus
3241 1252 3346 1307 es?
3387 1253 3726 1307 StratOniens
3784 1268 3906 1303 cum
3943 1253 3991 1303 in

2413 1356 2606 1415 cwlum
2648 1354 2836 1407 oculos
2866 1352 3151 1411 erexisset,
3210 1348 3336 1401 dein
3368 1344 3591 1398 Paulum
3637 1361 3699 1398 ac
3724 1345 3994 1398 Julianam

2416 1445 2467 1497 in
2498 1446 2645 1513 ligno
2692 1457 2989 1512 suspensos
3045 1437 3551 1508 circumspexisset,
3611 1437 3794 1491 crucis
3844 1437 3995 1505 signo

2412 1537 2675 1595 munitus,
2712 1536 2923 1589 illorum
2960 1543 3211 1601 aspectus
3248 1535 3380 1585 tates
3405 1532 3555 1595 vidit,
3587 1529 3777 1599 quales
3831 1544 3996 1598 ange-

2412 1634 2585 1687 lorum
2622 1634 2713 1686 Dei
2749 1631 2919 1685 facies
2952 1645 3072 1686 esse
3103 1630 3300 1683 solent.
3329 1627 3449 1679 Mox
3497 1627 3749 1688 accurrit,
3782 1636 3839 1679 et
3867 1627 3999 1679 dco-

2414 1742 2533 1779 rum
2567 1741 2715 1779 araiu
2747 1725 2989 1779 calcibus
3020 1720 3385 1783 conculcavit,
3440 1732 3667 1786 eamque
3716 1728 3995 1778 evertens,

735 1843 893 1897 gnam
920 1844 934 1892 ;
968 1843 1200 1896 eumque
1231 1828 1296 1881 ad
1341 1844 1435 1882 eos
1466 1839 1691 1897 repente
1731 1828 2124 1888 introivissent,
2155 1825 2299 1895 quod
2334 1809 2375 1866 Β
2404 1820 2476 1873 ait
2506 1838 2517 1872 :
2545 1818 2621 1871 En
2650 1826 2703 1871 et
2723 1834 2821 1886 ego
2843 1816 3179 1871 Christianus
3203 1828 3320 1866 smn
3345 1828 3360 1877 ;
3382 1812 3546 1865 facias
3585 1810 3713 1863 licet
3734 1809 3993 1878 quidquid

735 1921 933 1974 factum
962 1922 1132 1974 fuerat
1161 1922 1501 1987 didicerunt,
1559 1924 1703 1991 ipsos
1763 1922 1983 1990 insuper
2010 1921 2300 1975 comeden-

736 2020 837 2072 tes,
866 2022 919 2062 et
954 2010 1151 2064 hilares
1180 2011 1351 2065 factos
1386 2012 1657 2065 viderunt.
1692 2011 1874 2079 Itaque
1909 2027 2033 2065 cum
2088 2011 2193 2064 illis
2219 2026 2304 2063 re-

736 2102 1123 2157 cumbcnteset
1149 2103 1244 2173 ipsi
1300 2105 1675 2164 comederunt,
1717 2106 1933 2172 Deoque
1981 2104 2191 2156 laudent
2250 2111 2305 2156 et

735 2196 958 2266 gloriam
1008 2196 1295 2261 dederunt,
1328 2200 1418 2266 qui
1462 2199 1619 2253 talem
1674 2200 1896 2268 gratiam
1951 2198 2073 2251 filiis
2125 2196 2302 2251 homi-

735 2305 864 2343 num
897 2291 1237 2354 contulisset,
1265 2292 1336 2342 ita
1368 2299 1423 2342 ut
1459 2292 1701 2358 plerique
1733 2308 1797 2345 ex
1822 2291 1952 2360 ipsis
1989 2290 2095 2343 Deo
2129 2290 2303 2343 credi-

735 2381 937 2441 derint,
965 2390 1019 2433 ct
1057 2381 1359 2434 Christiani
1387 2384 1680 2435 evaserint.

804 2468 890 2523 XI.
929 2469 1111 2524 Tertio
1169 2471 1396 2539 postdie
1421 2470 1765 2532 Aurelianus,
1821 2486 1940 2523 cum
1976 2471 2027 2522 in
2054 2470 2301 2525 tribunali

736 2562 992 2623 sedisset,
1019 2558 1182 2625 jussit
1217 2569 1433 2612 sanctos
1466 2569 1729 2628 martyres
1765 2560 1991 2612 Paulum
2031 2569 2083 2613 et
2132 2558 2303 2613 Julia-

733 2666 858 2705 nam
887 2652 1013 2704 illuc
1048 2651 1191 2712 duci,
1228 2651 1423 2718 quibus
1447 2650 1519 2701 ait
1550 2666 1563 2702 :
1606 2653 1686 2703 An
1741 2651 1979 2703 nondum
2041 2661 2305 2703 tormenta

735 2744 852 2813 ipsa
884 2758 978 2795 vos
1006 2744 1327 2804 docuerunt,
1367 2752 1423 2794 ut
1447 2743 1512 2795 ab
1547 2743 1647 2794 ista
1715 2743 1923 2796 insania
1986 2754 2162 2796 vestra
2194 2743 2303 2796 dis-

739 2834 965 2895 Cedatis,
992 2842 1045 2885 et
1078 2839 1206 2886 deos
1265 2832 1547 2894 adeuntes,
1580 2832 1683 2883 illis
1739 2835 1984 2885 victimas
2034 2832 2300 2885 oﬂ‘eratis?

734 2926 881 2988 Ihec,
911 2926 1086 2992 inquit
1120 2925 1339 2985 Paulus,
1372 2924 1602 2975 stultitia
1638 2922 1766 2974 mihi
1800 2925 1891 2987 sit,
1929 2933 1984 2977 et
2023 2924 2301 2988 omnibus,

734 3019 827 3088 qui
863 3017 1029 3070 Deum
1080 3018 1250 3086 ipsum
1288 3017 1544 3085 diligunt.
1579 3014 1728 3079 Quod
1770 3016 1913 3069 enim
1972 3018 2186 3070 stultum
2231 3024 2307 3069 est

735 3111 851 3170 Dei,
886 3110 1173 3177 sapientius
1205 3120 1276 3160 est
1307 3108 1631 3167 hominibus;
1665 3116 1709 3157 et
1743 3108 2003 3171 sapientia
2042 3107 2309 3157 hominum

731 3202 956 3255 stultitia
990 3211 1061 3252 est
1097 3204 1236 3268 apud
1272 3200 1453 3251 Deum.
1491 3198 1770 3267 Desipiens
1812 3197 2052 3266 profecto
2079 3205 2134 3250 et
2168 3198 2312 3249 insa-

732 3314 836 3352 nus
872 3313 1068 3360 essent,
1124 3296 1165 3349 si
1226 3312 1253 3349 a
1303 3295 1409 3347 Deo
1448 3295 1561 3363 ipso
1598 3294 1873 3357 deficiens,
1906 3295 2177 3347 daemones
2232 3295 2321 3345 ve'

732 3404 874 3446 stros
889 3394 1144 3443 colerem.
1174 3390 1357 3440 Denuo
1383 3389 1724 3453 Aurelianus,
1744 3389 1833 3441 bili
1868 3389 2126 3457 percitus,
2158 3386 2317 3453 jussit

734 3483 853 3538 illos
888 3484 937 3535 in
970 3483 1113 3552 ligno
1159 3482 1440 3549 suspendi,
1495 3492 1546 3534 et
1595 3480 1847 3533 cruciari.
1902 3482 1969 3531 At
2012 3478 2087 3530 illi
2148 3476 2313 3529 Deum

736 3585 976 3635 orantes,
1016 3578 1126 3627 lucc
1161 3575 1449 3626 dicebant:
1491 3572 1716 3623 Domine
1748 3571 1875 3623 .lesu
1913 3569 2151 3633 Christe,
2215 3569 2313 3624 Fili

736 3665 829 3720 Dei
884 3666 1134 3727 viventis,
1203 3666 1292 3718 lux
1362 3664 1817 3726 Christianorum,
1871 3674 1923 3715 et
1978 3665 2130 3723 fides,
2193 3680 2313 3731 quas

736 3768 915 3828 neque
948 3758 1186 3824 concuti,
1252 3774 1428 3827 neque
1478 3758 1543 3811 ab
1602 3757 1928 3811 adversariis
1979 3756 2309 3826 expugnari,

740 3865 832 3907 aut
902 3852 1119 3906 dissolvi
1180 3860 1414 3919 potest:
1469 3852 1691 3903 ostende
1773 3850 1965 3903 faciem
2034 3861 2177 3903 tuam
2240 3858 2314 3916 ,et

740 3946 893 3999 nobis
915 3961 1069 4012 opem
1108 3947 1268 4007 feras,
1302 3959 1474 4013 neque
1511 3959 1609 3996 nos
1638 3944 1897 3996 destitutas
1919 3953 2136 4011 prOpter
2187 3958 2312 3995 san-

738 4051 886 4092 ctum
914 4054 1111 4090 nomen
1138 4047 1312 4088 tuum.
1341 4036 1472 4087 Cum
1505 4036 1664 4103 igitur
1696 4035 1975 4085 carnifices
2009 4036 2212 4086 diutius
2248 4035 2310 4086 il-

740 4131 821 4182 los
848 4129 1170 4190 cruciarent,
1193 4136 1243 4179 et
1275 4126 1520 4179 Christus
1551 4140 1734 4178 eorum
1769 4126 2039 4179 cruciatus
2063 4125 2313 4181 subleva~

740 4230 842 4283 ret,
864 4220 995 4274 nihil
1022 4220 1241 4273 omnino
1287 4229 1546 4286 martyres
1573 4228 1836 4272 tormenta
1871 4218 1956 4272 illa
1980 4219 2305 4273 sentiebant.

813 4313 930 4366 XII.
978 4313 1125 4366 Unus
1160 4329 1283 4365 vero
1318 4326 1346 4365 c
1378 4311 1740 4372 carnificibus,
1798 4313 2017 4363 nomine
2049 4312 2308 4366 Stratoni-

742 4423 861 4470 cus,
894 4422 1015 4459 cutn
1049 4415 1217 4459 staret
1248 4404 1313 4457 ad
1347 4404 1627 4457 sinistrum
1670 4401 1894 4457 Juliana:
1920 4404 2079 4468 latus,
2114 4412 2166 4457 ct
2198 4415 2307 4457 tor-

2405 1907 2555 1965 libet.
2615 1910 2820 1964 Furore
2899 1923 3165 1962 accensus
3242 1904 3591 1967 Aurelianus,
3654 1903 3826 1971 jussit
3879 1903 3994 1969 ejus

2403 2014 2562 2074 caput
2588 2001 2845 2057 abscindi
2887 1998 3131 2066 Cumth
3172 1997 3493 2049 sententiain
3520 1995 3825 2063 imperator
3850 1992 3994 2046 tulis-

2403 2106 2504 2158 set,
2536 2097 2679 2149 venit
2708 2095 2775 2148 ad
2814 2108 2937 2147 eum
2983 2092 3155 2145 locum
3185 2090 3238 2141 in
3298 2101 3404 2155 quo
3467 2088 3786 2155 martyrium
3822 2084 3997 2140 obitu-

2405 2206 2498 2244 rus
2526 2198 2643 2244 erat
2674 2206 2687 2255 ;
2722 2189 2810 2241 ubi
2845 2202 2967 2241 cum
3002 2200 3173 2255 genua
3224 2183 3564 2240 inclinasset,
3620 2182 3692 2237 ita
3772 2180 3989 2232 oravit:

2406 2283 2632 2336 Domine
2671 2281 2797 2334 Jesu
2849 2278 3085 2339 Christe,
3123 2289 3280 2343 quem
3317 2274 3512 2327 Paulus
3537 2271 3823 2327 etJuliana
3867 2288 3994 2324 con-

2409 2374 2638 2436 fitentes,
2674 2370 2857 2425 invicti
2924 2376 3243 2439 permanent
3274 2381 3302 2419 a
3335 2366 3614 2419 divinitate
3676 2374 3765 2418 tua
3812 2379 3995 2417 seria—

2409 2468 2469 2532 ti,
2497 2476 2549 2521 et
2570 2463 2843 2520 Aureliani
2875 2461 3209 2533 tyrannidem
3236 2457 3664 2517 confundentes;
3699 2466 3782 2521 tu,
3812 2470 3992 2523 quieso

2407 2570 2460 2614 et
2491 2560 2724 2613 animam
2774 2570 2947 2609 meam
2978 2554 3163 2621 accipe
3205 2550 3255 2603 in
3307 2550 3527 2604 cmleste
3560 2564 3785 2616 regnum
3820 2558 3990 2608 tuum,

2408 2668 2604 2712 meam,
2643 2651 2881 2718 inquam,
2914 2646 3170 2709 animam,
3196 2642 3284 2712 qui
3322 2642 3655 2696 brevissima:
3685 2641 3835 2693 horte
3867 2655 3991 2707 spa-

2410 2745 2482 2797 tio
2530 2757 2727 2795 nomen
2777 2751 2925 2793 tuum
2983 2738 3264 2791 confessus
3312 2750 3454 2798 sum,
3492 2742 3763 2802 praesente
3817 2734 3988 2783 Aure-

2410 2839 2575 2891 liano.
2613 2833 2703 2886 I-Iis
2756 2830 2933 2893 dictis,
2982 2829 3070 2883 ille
3120 2835 3282 2897 caput
3335 2825 3598 2887 extendit,
3631 2833 3687 2876 et
3734 2822 3990 2874 carnifice

2409 2930 2760 2983 obtruncatus
2816 2933 2916 2979 est.
2979 2920 3260 2976 Venerunt
3327 2928 3507 2972 autem
3546 2915 3873 2979 Christiani,
3929 2923 3984 2967 et

2411 3022 2529 3089 ejus
2563 3018 2820 3085 reliquias
2852 3015 3209 3083 collegerunt.

2500 3218 2633 3273 XIII.
2674 3217 2876 3271 Paulus
2912 3230 3039 3269 vero
3088 3224 3145 3267 et
3185 3212 3397 3268 Jutiana
3447 3210 3730 3263 cruciatus
3778 3208 3990 3261 fortiter

2423 3312 2785 3364 sustinebant.
2835 3308 2989 3359 Tunc
3046 3306 3370 3358 Aurelianus
3416 3300 3687 3354 Julianam
3749 3300 3987 3354 affatus:

2422 3398 2464 3452 Ο
2499 3398 2750 3459 scelesta,
2796 3396 2990 3465 inquit,
3027 3406 3080 3448 ct
3116 3394 3279 3462 impia
3323 3392 3662 3452 muliercula,
3713 3393 3988 3460 quomodo

2421 3492 2474 3543 in
2498 3490 2783 3543 tormentis
2805 3488 3094 3548 exsistens,
3128 3483 3437 3538 carniliccm
3458 3483 3709 3551 decipere.
3736 3484 3988 3550 potuisti.

2419 3586 2577 3651 eique
2612 3583 2798 3635 mortis
2832 3596 3049 3633 causam
3099 3578 3338 3630 alferrc?
3374 3576 3490 3627 Non
3537 3591 3655 3644 ego,
3693 3577 3873 3644 inquit
3902 3575 3991 3629 Ju-

2419 3676 2582 3735 Iiana,
2620 3675 2768 3727 illum
2801 3671 3010 3740 decepi,
3045 3670 3125 3723 vel
3159 3668 3349 3722 mortis
3392 3682 3611 3721 causam
3662 3671 3851 3728 attuli,
3896 3671 3988 3721 sed

2416 3770 2505 3839 qui
2548 3784 2630 3821 me
2687 3765 2982 3834 assumpsit
3005 3761 3163 3816 .lesus
3204 3760 3472 3821 Christus,
3501 3759 3587 3813 ille
3617 3759 3733 3828 ipse
3766 3771 3823 3813 et
3849 3762 3989 3814 hunc

2416 3863 2634 3930 dignum
2670 3859 2816 3919 fecit,
2845 3873 2906 3909 ac
2934 3858 3178 3920 vocavit;
3216 3854 3321 3907 nisi
3352 3855 3493 3907 enim
3536 3853 3738 3924 dignus
3767 3854 3982 3919 fuisset,

2416 3965 2694 4017 nunquam
2736 3949 2801 4001 ad
2847 3947 3084 4015 martyrii
3114 3946 3345 4012 palmam
3381 3947 3667 4011 pervenire
3694 3947 3983 4012 potuisset.

2414 4044 2565 4097 Illum
2593 4043 2749 4112 igitur
2774 4041 2827 4093 iu
2874 4053 3037 4109 regno
3074 4037 3334 4091 caelorum
3362 4036 3801 4105 requiescentem
3848 4042 3988 4107 aspi-

2416 4135 2546 4192 cies,
2584 4144 2633 4184 te
2679 4148 2807 4183 vero
2853 4131 2906 4183 in
2959 4132 3221 4200 gehennae
3264 4128 3476 4182 ﬂamma
3520 4129 3705 4199 puniri
3763 4134 3987 4183 senties.

2413 4224 2565 4278 Tunc
2602 4222 2815 4291 quidem
2852 4230 3040 4288 pectus
3073 4228 3245 4284 tuum,
3280 4218 3485 4277 infelix,
3523 4220 3821 4284 percuties,
3871 4236 3985 4273 cum

2412 4319 2726 4373 inferiorem
2774 4315 3076 4378 hominem,
3123 4312 3298 4380 teipso
3346 4312 3486 4379 apud
3536 4310 3830 4364 Christum
3865 4328 3988 4381 prac-

2412 4408 2729 4462 stantiorem
2776 4405 3006 4467 videbis,
3061 4411 3117 4456 et
3169 4403 3352 4456 dolore
3404 4400 3652 4465 affectus,
3706 4403 3984 4465 clamabis,

745 4508 930 4555 menta
967 4499 1018 4549 in
1045 4514 1161 4550 eam
1188 4497 1435 4559 inferret,
1500 4497 1618 4561 ejus
1648 4496 2049 4561 pulchritudine
2085 4504 2305 4565 captus,
2342 4502 2383 4555 D
2415 4500 2507 4553 Dei
2549 4498 2975 4551 miscricordiam
3018 4496 3335 4565 implorans,
3370 4510 3530 4564 quam
3576 4506 3766 4548 tamen
3816 4496 3985 4565 impe-

744 4606 938 4646 manns
964 4590 1031 4643 ab
1060 4605 1123 4643 ea
1146 4588 1478 4642 continebat.
1505 4586 1674 4654 Cujus
1730 4602 1948 4639 sensum
1982 4598 2141 4656 atqtte
2189 4588 2310 4641 ani-

747 4701 893 4737 muru
932 4700 1053 4738 cum
1084 4685 1239 4737 beata
1267 4691 1321 4736 ct
1347 4693 1532 4736 sancta
1566 4681 1778 4736 .Iuliana
1814 4694 2201 4748 cognosceret,
2238 4682 2312 4735 si-

746 4776 977 4831 nistrum
1014 4776 1203 4844 pedem
1260 4777 1519 4835 extendit,
1552 4786 1600 4827 et
1633 4776 1775 4829 calce
1808 4775 1956 4827 illum
1992 4775 2309 4829 verberans:

747 4868 1076 4931 Stratonice,
1100 4865 1275 4936 inquit
1304 4906 1316 4930 ,
1358 4865 1441 4917 fac
1487 4868 1629 4933 quod
1677 4870 1860 4934 jussus
1900 4884 1956 4921 es
2004 4884 2032 4921 a
2086 4878 2312 4937 tyranno

745 4961 1061 5022 Aureliano,
1096 4974 1269 5026 neque
1308 4974 1501 5011 manus
1529 4974 1555 5009 a
1587 4973 1671 5010 tne
1706 4959 1985 5012 contineas
2015 4959 2144 5011 mihi
2187 4974 2309 5027 par-

744 5066 907 5115 cens;
958 5063 1055 5118 ego
1086 5049 1226 5099 enim
1272 5050 1447 5102 habeo
1502 5047 1702 5119 Regem
1776 5065 1953 5101 meum
2013 5050 2300 5103 Dominum

742 5146 925 5202 Jesum
992 5142 1291 5203 Christum,
1329 5141 1494 5194 Doum
1528 5154 1813 5205 :eternnm,
1839 5150 1893 5195 et
1947 5142 2141 5194 anima:
2173 5158 2308 5195 mete.

743 5248 1071 5297 curatorem,
1104 5234 1198 5303 qui
1255 5235 1528 5301 corporeis
1578 5236 1855 5289 laboribus
1906 5249 1989 5287 me
2039 5235 2305 5298 sublevat,

746 5338 908 5396 atque
968 5328 1037 5378 ita
1087 5338 1381 5394 praesentes
1446 5328 1717 5380 cruciatus
1773 5343 1877 5381 non
1932 5328 2129 5382 sentio.
2185 5326 2308 5380 Ilaec

747 5438 871 5476 cum
924 5418 1263 5474 Stratonicus
1293 5420 1611 5479 audivisset,
1665 5420 1843 5471 statim
1892 5436 2101 5485 ensem,
2148 5435 2307 5489 quem

747 5513 1161 5577 nianutenebat,
1183 5512 1376 5581 abjecit
1395 5526 1661 5582 ;.cunique
1694 5510 1759 5563 ad
1779 5512 2009 5567 tribunal
2032 5514 2309 5570 Aureliani

743 5605 1101 5667 cucurrisset,
1164 5603 1403 5657 clamans
1438 5621 1452 5659 :
1485 5604 1809 5671 Aurelianc,
1847 5604 2040 5673 inquit,
2086 5616 2309 5678 tyranne

854 5745 873 5777 ⁸
913 5742 931 5796 1
961 5743 1083 5799 Cor.
1112 5761 1148 5809 I,
1182 5742 1267 5810 20,
1290 5742 1381 5799 25.

2415 4604 2559 4648 trare
2593 4607 2697 4645 non
2730 4590 2955 4660 poteris.
2997 4590 3125 4645 Post
3156 4590 3269 4643 hiL'C
3293 4589 3453 4657 jussit
3484 4588 3829 4643 Aurelianus
3874 4592 3987 4641 illos

2414 4701 2444 4739 e
2474 4686 2621 4753 ligno
2652 4684 2945 4744 detractos,
2981 4684 3033 4734 in
3062 4694 3335 4734 carcerem
3365 4680 3683 4731 interiorem
3714 4682 3985 4742 concludi,

2415 4787 2468 4830 et
2512 4790 2703 4828 omnes
2739 4772 3011 4826 veneficos
3070 4788 3132 4827 ac
3185 4771 3604 4842 praestigiatorcs
3644 4775 3859 4831 vocari,
3908 4774 3989 4842 qui

2417 4868 2560 4922 feras
2594 4881 2805 4931 omnes,
2851 4880 3205 4936 quascunque
3246 4867 3529 4928 haberent,
3576 4868 3987 4929 acerbissimas,

2417 4962 2520 5015 hoc
2551 4971 2652 5026 est,
2712 4962 2950 5029 viperas,
3018 4960 3249 5029 aspides.
3301 4967 3537 5012 cerastes
3585 4974 3649 5013 ac
3700 4960 3986 5021 dracones,

2415 5054 2687 5117 afferrent,
2720 5062 2779 5105 ut
2810 5068 2913 5105 una
2946 5067 3070 5105 cum
3119 5050 3285 5102 Paulo
3331 5058 3384 5102 et
3412 5046 3628 5102 Juliana
3675 5050 3737 5101 in
3778 5065 3991 5105 carcere

2413 5146 2887 5199 concluderentur.
2917 5142 3050 5194 Cum
3082 5142 3241 5211 igitur
3265 5140 3405 5195 feras
3424 5142 3765 5202 attulissent,
3802 5159 3990 5210 quem-

2412 5239 2700 5292 admodum
2766 5251 2795 5287 a
2855 5244 3081 5306 tyranno
3120 5235 3257 5305 jussi
3327 5236 3580 5294 fuerant.
3644 5235 3816 5288 simul
3875 5252 3987 5289 cum

2420 5330 2592 5387 Paulo
2619 5340 2671 5383 et
2699 5328 2911 5389 Juliana
2939 5345 3031 5383 eas
3089 5329 3498 5383 eoncIuscrunt.
3528 5325 3852 5397 Scrpehant
3898 5346 3990 5382 au-

2418 5433 2522 5477 tem
2572 5424 2693 5476 ferze
2738 5422 2867 5487 illae,
2914 5433 2967 5477 et
3016 5424 3082 5476 ad
3134 5422 3299 5489 pedes
3345 5420 3634 5474 beatorum
3688 5432 3987 5493 martyrum

2421 5516 2749 5581 assidebam,
2802 5516 3027 5570 intentis
3078 5513 3296 5583 quidem
3344 5513 3519 5567 oculis
3590 5530 3788 5569 eorum
3835 5514 3990 5567 facies

2424 5612 2771 5681 aspicientes,
2820 5612 2913 5667 scd
2949 5608 3085 5664 nihil
3117 5619 3295 5665 tamen
3329 5620 3618 5665 nocentes.
3671 5607 3878 5664 Paulus
3906 5619 3991 5657 au-
