4170 6322
139 425 233 494 581

1032 414 1495 477 MAliTYRlUM
1538 412 1643 471 SS.
1684 409 1910 468 PAULI
1954 409 2046 466 ET
2086 405 2437 468 JULIANAS

3292 398 3396 460 58?

142 548 247 590 tem
283 546 334 588 et
368 533 578 587 Juliana
636 530 900 586 sedebant
948 527 1262 599 psallentes,
1306 534 1360 578 et
1404 524 1568 577 Deum
1603 520 1716 575 col-
1747 518 1794 576 Α
1825 518 2080 586 indignus
2109 534 2169 571 es
2209 529 2258 572 et
2299 513 2544 570 alienus?
2570 512 2737 568 Jussit
2766 510 3092 565 Aurelianus
3120 509 3396 572 Julianam

143 629 446 683 laudantes.

220 716 359 771 XIV.
393 718 712 771 lllanserunt
743 723 923 770 autem
967 723 1250 782 serpentes
1301 710 1408 764 illa:
1454 719 1563 764 tres
1610 708 1726 763 dies

144 819 199 861 et
224 821 331 861 tres
354 818 542 861 noctes
570 824 690 860 cum
720 806 1049 876 martyribus
1072 806 1289 858 clausa}.
1323 803 1508 856 Tertio
1543 812 1726 856 autem

143 901 230 953 die
257 901 401 953 misit
424 900 750 953 Aurelianus
774 901 872 952 sub
897 897 1074 952 noctis
1115 906 1351 966 tempus,
1379 906 1438 949 ut
1463 897 1721 957 disceret,

145 1006 211 1043 an
246 1008 274 1044 a
323 991 672 1060 serpentibus
706 991 1018 1058 consumpti
1051 997 1253 1043 essent.
1290 988 1587 1052 Venerunt,
1635 987 1725 1056 qui

145 1085 298 1137 missi
341 1083 558 1136 fuerant
590 1083 656 1135 ad
698 1098 818 1135 eum
853 1084 1072 1136 locum:
1122 1096 1354 1150 cumque
1403 1082 1464 1133 ad
1506 1081 1724 1148 januam

146 1177 531 1235 accessissent,
576 1189 692 1234 eos,
743 1173 979 1242 psalmos
1026 1183 1285 1226 canentes
1319 1182 1371 1224 et
1413 1171 1580 1224 Deum
1620 1173 1726 1224 lau-

146 1270 362 1330 dantes,
390 1267 736 1319 audiverunt.
769 1264 902 1317 Cum
938 1278 1064 1316 vero
1109 1263 1410 1316 accuratius
1451 1263 1588 1316 seire
1620 1262 1729 1315 vel-

145 1361 278 1423 lent,
307 1375 414 1428 quo
456 1368 610 1425 pacto
649 1372 734 1410 res
771 1372 826 1408 se
881 1355 1122 1417 haberet,
1166 1356 1532 1408 ascenderunt
1569 1356 1620 1408 in
1654 1356 1729 1408 lo-

144 1467 269 1505 cum
323 1451 609 1518 quemdam
667 1448 1027 1515 superiorem.
1082 1446 1236 1500 Unde
1276 1463 1374 1517 per
1436 1448 1724 1500 fenestram

149 1543 437 1610 speculati,
478 1542 730 1594 viderunt
782 1539 1005 1592 Paulum
1057 1541 1336 1593 sedentem
1388 1540 1550 1594 simul
1603 1557 1725 1594 cum

146 1648 338 1686 sorore
401 1649 494 1685 sua
539 1631 775 1695 Juliana,
828 1644 880 1686 et
939 1634 1187 1704 angelum
1237 1633 1326 1687 Dei
1389 1643 1620 1687 stantem
1672 1635 1725 1687 in

153 1728 453 1792 conspectu
491 1726 748 1788 ferartnn,
794 1742 966 1794 neque
1003 1727 1408 1793 permitti-utero
1449 1727 1589 1778 feras
1635 1743 1728 1778 ac-

143 1816 366 1870 cedere.
398 1815 768 1868 Cucurrerunt
800 1818 960 1884 igitur
987 1817 1079 1877 illi,
1113 1827 1162 1868 et
1198 1816 1486 1867 Aureliano
1518 1817 1722 1871 omnia.

143 1923 270 1976 qua?
305 1907 571 1971 viderant,
621 1917 960 1959 nuntiarunt.
1014 1907 1260 1959 Surrexit
1293 1908 1612 1960 Aurelianus
1651 1908 1730 1960 di-

146 1999 356 2065 luculo,
413 2007 466 2052 et
505 1997 643 2048 sedit
700 2012 798 2064 pro
834 1997 1114 2060 tribunali,
1164 2005 1216 2049 et
1251 1996 1415 2064 jussit
1461 1996 1728 2050 veneficos

143 2091 293 2144 feras
330 2105 455 2143 suas
499 2089 644 2143 illinc
675 2102 921 2151 evocare,
974 2099 1027 2141 et
1061 2098 1329 2158 martyres
1373 2090 1496 2142 duci
1533 2091 1598 2143 ad
1635 2092 1718 2143 tri-

145 2179 338 2232 bunal.
369 2181 734 2232 Accesserunt
762 2179 982 2231 venefici
1012 2180 1078 2231 ad
1103 2180 1348 2246 januain,
1384 2190 1436 2233 et
1474 2179 1615 2232 feras
1667 2197 1730 2234 eo

153 2273 345 2332 modo,
389 2287 496 2339 quo
528 2270 794 2329 solebant,
840 2284 1034 2323 vocare
1081 2279 1389 2340 (imperant.
1439 2270 1572 2325 Cum
1602 2287 1729 2325 vero

159 2364 299 2416 ferte
337 2364 466 2432 ipsa:
529 2363 633 2415 illis
690 2379 796 2416 non
859 2363 1165 2429 obedirent,
1203 2365 1423 2435 januani
1465 2362 1731 2432 patefece-

144 2464 375 2517 runt,et
407 2454 534 2510 ferae
569 2471 678 2509 uno
705 2455 910 2526 impetu
948 2471 1140 2510 omnes
1171 2458 1442 2520 exierunt,
1475 2465 1529 2510 et
1562 2473 1732 2524 quos-

155 2559 382 2614 cunque
444 2545 686 2599 infideles
741 2546 989 2599 homines
1040 2562 1208 2615 prope
1253 2547 1472 2614 jannam
1503 2547 1732 2599 invene-

148 2647 308 2697 runt,
345 2637 528 2690 statim
570 2635 928 2700 interfecere,
963 2646 1017 2689 ct
1046 2638 1111 2690 ad
1150 2636 1366 2692 deserta
1417 2639 1534 2692 loca
1569 2637 1728 2692 aufu-

148 2739 390 2802 gerunL‘

231 2819 351 2875 XV.
375 2822 626 2876 Carceris
651 2831 830 2876 autem
859 2822 1113 2877 custodes
1137 2822 1360 2877 Paulum
1386 2833 1437 2878 et
1463 2823 1729 2878 Julianam

146 2899 223 2967 ad
270 2915 552 2968 Aureliani
605 2915 840 2969 tribunal
890 2916 1183 2972 duxerunt.
1232 2914 1516 2985 Tyrannus
1569 2917 1732 2986 igitur

145 3020 255 3058 eos
293 3006 527 3066 intuens,
564 3021 628 3058 ae
661 3005 846 3059 ridens
880 3005 1166 3068 :Beatum,
1204 3005 1402 3075 inquit,
1443 3023 1530 3061 me
1571 3010 1732 3062 hodie

143 3096 435 3156 existimo,
459 3097 601 3163 quod
642 3105 820 3150 vestra
851 3099 1246 3153 consuetudine
1277 3100 1460 3166 fruor;
1505 3101 1733 3155 fortasse

1830 610 2193 673 si-moveri,et
2228 608 2454 663 Paulum
2488 604 2703 667 reduci;
2735 604 2819 658 cui
2846 602 2982 656 dixit
3018 645 3030 657 .
3069 604 3171 666 En,
3207 602 3398 668 Paule,

1829 715 1986 753 soror
2045 709 2136 752 tua
2186 698 2440 769 promisit
2489 697 2623 750 mihi
2677 712 2735 750 se
2771 696 2874 749 (liis
2934 696 3399 758 sacrificatui-ain;

1827 807 1947 860 quae
1999 792 2204 845 idcirco
2255 791 2383 845 mihi
2424 806 2556 844 uxor
2597 790 2722 852 erit,
2777 789 3050 858 totiusque
3091 790 3242 853 regni
3295 789 3401 842 mei

1828 886 2072 940 domina.
2119 886 2226 940 Fac
2277 887 2440 956 igitur
2484 895 2538 941 et
2574 895 2629 939 tu
2662 887 2805 953 quod
2855 887 2999 947 dico,
3031 895 3086 939 et
3120 886 3269 938 sinas
3305 885 3401 938 tibi

1829 977 2155 1044 persuaderi
2206 985 2264 1028 ut
2286 977 2387 1030 diis
2409 975 2700 1030 sacrifices.
2729 977 2806 1030 Ad
2835 977 2946 1030 Ιιειξο
2973 975 3206 1030 Paulus:
3236 975 3399 1039 Vere,

1831 1067 2030 1133 inquit,
2087 1067 2353 1120 mentitus
2405 1082 2487 1129 es,
2540 1066 2700 1135 idque
2750 1077 2840 1119 tuo
2891 1067 3032 1119 malo
3072 1086 3085 1131 ;
3121 1068 3215 1121 sed
3264 1067 3401 1120 nihil

1829 1160 2069 1212 alienum
2104 1159 2282 1213 fecisti
2316 1175 2343 1212 a
2381 1158 2552 1227 patris
2587 1161 2661 1212 tui
2703 1159 2907 1212 diaboli
2939 1159 3247 1225 disciplina,
3278 1175 3402 1212 cum

1831 1250 1880 1302 id
1923 1249 2112 1314 fac-ias,
2151 1251 2294 1319 quod
2355 1251 2442 1303 ille
2504 1252 2678 1304 solet:
2740 1267 2916 1318 neque
2966 1253 3111 1303 enim
3167 1252 3404 1319 aliquem

1833 1342 2121 1409 subripere
2200 1342 2449 1411 potestis,
2504 1342 2608 1394 nisi
2667 1343 2948 1394 mendacia
3017 1343 3400 1408 confingendo.

1831 1434 1936 1487 Sed
1973 1439 2170 1488 frustra
2227 1435 2462 1496 laboras,
2519 1450 2750 1502 namque
2795 1449 2894 1486 nos
2943 1450 3049 1486 non
3099 1434 3396 1502 decipies:

1830 1545 1897 1581 ne
1925 1546 1965 1581 SI
1999 1530 2161 1581 totius
2194 1527 2412 1593 quidem
2443 1527 2591 1580 orbis
2619 1537 2888 1579 terrarum
2919 1525 3209 1594 imperium
3240 1524 3400 1578 nobis

1831 1620 2192 1690 pollicereris.
2236 1616 2476 1682 Minime,
2521 1617 2765 1686 inquam,
2832 1634 2934 1672 nos
2996 1618 3399 1671 circumvenire

1833 1716 2058 1784 poteris.

1903 1806 2062 1860 XVII.
2090 1806 2380 1874 Quousque
2420 1804 2659 1868 tandem,
2687 1806 2857 1874 inquit
2887 1805 3235 1868 Aurelianus,
3265 1805 3405 1875 inju-

1838 1899 1968 1950 riain
2001 1899 2158 1951 nobis
2187 1897 2452 1950 facis?.»\n
2478 1913 2586 1949 non
2614 1896 2917 1957 erubescis,
2942 1907 3174 1964 nugator
3194 1906 3249 1949 et
3270 1896 3405 1948 insi-

1832 1987 2024 2058 piens?
2057 1987 2158 2040 Per
2176 1988 2309 2041 deos
2333 1989 2480 2056 ipsos
2501 2004 2601 2055 ego
2620 2004 2715 2041 vos
2733 1989 2976 2041 omnium
3011 2004 3268 2057 generum
3292 1997 3404 2039 tor-

1834 2082 2038 2134 mentis
2075 2080 2330 2149 aliligam,
2385 2092 2438 2132 et
2477 2094 2639 2132 nemo
2678 2094 2707 2132 e
2742 2078 2992 2132 manibus
3023 2079 3159 2132 meis
3188 2077 3405 2132 auferre

1834 2173 2054 2239 poterit.
2079 2171 2250 2225 Jussit
2277 2170 2438 2240 igitur
2474 2170 2652 2239 ignem
2678 2169 2881 2235 afferri,
2909 2180 2964 2224 et
2992 2169 3404 2238 quatuordecim

1834 2262 2008 2332 virgas
2038 2262 2262 2326 ferreas,
2286 2277 2486 2330 easque
2519 2263 2573 2314 in
2599 2263 2774 2331 ignem
2800 2263 3090 2332 conjici,et
3131 2261 3285 2314 valde
3316 2258 3406 2314 ac-

1833 2358 1988 2411 cemli
2013 2375 2026 2418 ;
2051 2365 2164 2410 tum
2186 2357 2336 2410 Pauli
2360 2373 2552 2410 manus
2570 2368 2623 2411 et
2670 2358 3036 2427 pedes‘ligari,
3059 2357 3405 2428 ferrenmque

1835 2461 2045 2505 vectem
2098 2450 2237 2503 inter
2271 2467 2466 2503 manus
2503 2461 2557 2504 et
2590 2451 2758 2519 pedes
2800 2450 2972 2520 injici,
3011 2461 3064 2504 et
3107 2453 3158 2503 in
3204 2462 3406 2504 terram

1844 2545 2025 2612 defigi,
2059 2560 2120 2596 ac
2158 2544 2236 2597 sic
2269 2545 2433 2613 virgis
2465 2545 2646 2614 ignitis
2685 2545 2827 2597 binis
2861 2561 2956 2613 per
2990 2545 3133 2597 vices
3178 2544 3404 2598 Paulum

1835 2636 2071 2705 percuti,
2125 2634 2393 2689 Julianain
2453 2652 2582 2690 vero
2637 2637 2800 2706 jussit
2857 2637 2911 2688 in
2963 2637 3212 2705 lupanari
3268 2653 3406 2690 cou-

1833 2727 2004 2780 stitui.
2033 2727 2221 2790 Itaque
2255 2728 2403 2779 inulti
2432 2742 2460 2779 e
2493 2727 2646 2780 turba
2679 2729 2789 2792 illa,
2823 2745 2942 2796 qua:
2990 2729 3400 2794 circumstabat,

1837 2818 2050 2871 scelesti
2086 2828 2138 2871 et
2167 2818 2363 2872 nefarii
2395 2819 2666 2883 homines,
2691 2820 2940 2874 certatim
2971 2820 3402 2885 contendebant,
3480 2810 3484 2816 ’

1833 2909 1956 2978 quis
1983 2909 2049 2963 ad
2071 2924 2188 2962 eam
2220 2911 2426 2978 primus
2452 2911 2850 2978 ingrederetur.
2884 2913 3050 2965 lirant
3078 2912 3221 2965 enim
3257 2914 3410 2968 velut

1835 3003 1959 3070 equi
2019 3003 2354 3062 hinnientes,
2401 3003 2518 3072 ejus
2549 3003 2739 3070 puella’.
2769 3002 2941 3056 forma
2993 3005 3227 3058 incitati.
3265 3004 3402 3058 Cum

1835 3109 1964 3147 vero
2005 3094 2058 3146 in
2094 3109 2158 3147 eo
2189 3093 2323 3153 loco,
2360 3094 2412 3146 in
2443 3109 2550 3161 quo
2590 3093 2919 3147 Aurelianus
2951 3095 3214 3161 jusserat,
3267 3111 3401 3148 con-

143 3189 308 3241 enim
344 3202 596 3257 magnum
624 3187 827 3256 aliquid
868 3203 898 3241 a
929 3189 1082 3242 vobis
1126 3191 1481 3254 lucrifaciam,
1535 3201 1587 3244 et
1637 3208 1731 3260 per
1757 3201 1800 3262 (ς
1835 3189 2022 3241 stituta
2051 3196 2217 3248 esset,
2266 3186 2448 3238 statim
2484 3186 2707 3256 angelus
2757 3186 2968 3242 Domini
3009 3187 3292 3241 descendit
3344 3189 3408 3242 de

141 3281 294 3334 deos
334 3279 499 3347 ipsos,
541 3280 586 3332 si
639 3279 857 3348 quidem
887 3279 1018 3332 mihi
1050 3295 1234 3334 verum
1265 3282 1534 3346 dixeritis,
1561 3285 1731 3336 multa

139 3381 205 3424 et
237 3383 434 3439 magna
463 3369 602 3423 dona
635 3385 664 3422 a
699 3385 784 3424 me
821 3371 1161 3441 percipieiis,
1208 3385 1263 3428 et
1304 3375 1452 3445 regni
1498 3374 1601 3428 mei
1634 3390 1732 3445 poo

139 3471 330 3516 testas
355 3475 522 3528 penes
549 3464 643 3514 ves
667 3461 787 3516 erit.
819 3461 1074 3530 Nunquid
1108 3479 1204 3517 vos
1233 3465 1393 3518 deum
1427 3465 1732 3535 Apollinem

138 3563 516 3623 prwsentem,
574 3562 629 3604 et
687 3553 844 3606 vobis
902 3555 1286 3622 epitulantcm,
1347 3567 1405 3609 ut
1471 3559 1650 3612 audivi
1704 3575 1730 3612 a

136 3642 483 3712 quibusdam
534 3642 990 3710 speculatoribus,
1064 3645 1313 3702 vidistis?
1367 3646 1497 3714 Nos,
1559 3650 1735 3720 inquit

140 3734 384 3797 Paulus,
417 3733 623 3787 nullum
655 3733 961 3804 Apollinem
988 3739 1362 3807 cognovimus,
1392 3758 1514 3795 nam
1545 3759 1735 3799 sumus

135 3840 216 3878 ex
261 3839 455 3877 eorum
485 3838 737 3888 numero,
766 3827 966 3894 quibus
993 3826 1133 3880 Deus
1159 3829 1388 3882 salutem
1416 3832 1588 3885 dedit.
1619 3833 1732 3888 Tua

135 3931 296 3972 vero
339 3916 520 3968 anima
570 3916 637 3969 ad
689 3927 922 3971 mortem
977 3931 1148 3989 usque
1194 3922 1408 3988 perdita
1455 3933 1558 3979 est.
1614 3926 1732 3978 Non

132 4005 311 4060 enim
344 4003 512 4071 sapis,
541 4018 718 4073 neque
747 4007 1072 4074 resipiscere
1102 4010 1180 4064 vis
1206 4028 1219 4073 ;
1243 4013 1375 4080 quiti
1405 4012 1513 4067 imo
1532 4015 1734 4070 multus

135 4093 470 4163 tyrannidis
503 4102 606 4146 tua:
639 4093 789 4145 furor
822 4094 887 4145 ad
925 4096 1320 4163 blasphemiam
1361 4111 1411 4152 te
1441 4107 1731 4170 convertit,

134 4185 373 4253 quippe
423 4183 512 4252 qui
545 4183 820 4253 angelum,
877 4199 1038 4254 quem
1096 4187 1246 4240 misit
1285 4185 1542 4244 Dominus
1577 4191 1735 4246 Jesus

127 4275 420 4331 Christus
481 4273 549 4330 ad
601 4276 907 4331 obturanda
954 4294 1048 4332 ora
1098 4289 1437 4349 serpentum,
1479 4301 1598 4353 quae
1644 4296 1733 4341 tua

126 4380 235 4424 est.
278 4368 595 4437 arrogantia
623 4378 678 4421 et
707 4369 1010 4433 temeritas,
1038 4371 1341 4440 Apollinem
1374 4372 1546 4429 fuisse
1575 4378 1732 4433 dicis.

130 4460 324 4516 Tunc
386 4460 560 4514 iratus
608 4461 951 4525 Aurelianus,
1017 4462 1183 4530 jussit
1239 4463 1508 4531 plumbeis
1564 4469 1735 4537 globis

1838 3277 2001 3339 cmlo,
2057 3287 2111 3329 et
2165 3278 2300 3329 dixit
2361 3297 2373 3330 :
2429 3277 2505 3330 Ne
2577 3279 2799 3342 timeas,
2842 3275 3089 3341 Juliana;
3149 3279 3410 3333 Dominus

1836 3368 1982 3422 enim
2015 3367 2176 3420 Jesus
2200 3368 2478 3429 Christus,
2505 3384 2667 3437 quem
2703 3379 2759 3421 tu
2791 3371 2944 3433 colis,
2973 3371 3118 3426 misit
3147 3387 3254 3432 me,
3279 3381 3335 3424 ut
3358 3383 3410 3425 te

1837 3466 2140 3533 protegam,
2170 3467 2226 3511 et
2268 3468 2519 3512 Sanctum
2573 3474 2770 3511 nomen
2805 3460 2926 3529 ejus
2968 3472 3158 3513 notaui
3211 3462 3405 3518 faciam

1836 3552 2090 3604 omnibus
2120 3550 2440 3604 timentibus
2478 3566 2625 3604 eum.
2663 3550 2796 3604 Cum
2837 3567 2963 3604 vero
3003 3552 3156 3605 multi
3207 3554 3272 3605 ad
3309 3555 3412 3606 vir-

1838 3641 2020 3712 ginem
2043 3643 2390 3705 accederent,
2412 3653 2467 3694 et
2486 3644 2603 3710 ejus
2625 3644 3028 3712 pulchrittuline
3062 3645 3161 3698 frui
3189 3648 3410 3712 vellent,

1838 3734 2064 3804 angelus
2098 3729 2339 3787 excussit
2383 3749 2414 3786 e
2466 3735 2692 3802 pedibus
2740 3737 2852 3787 suis
2903 3738 3200 3802 pulverem,
3250 3749 3303 3790 et
3355 3740 3407 3792 in

1837 3840 2023 3878 eorum
2059 3825 2249 3876 oculos
2283 3825 2489 3893 injecit,
2530 3825 2600 3879 ita
2626 3835 2684 3879 ut
2710 3842 2802 3879 eos
2827 3832 3132 3881 exca’cm‘it.
3164 3829 3415 3898 Quapro—

1837 3925 1960 3985 pter
1993 3930 2168 3983 neque
2203 3915 2438 3982 amplius
2467 3918 2785 3977 cernebant,
2818 3919 2908 3972 ubi
2937 3930 3141 3980 essent,
3178 3931 3269 3974 aut
3299 3917 3410 3990 quo

1840 4008 2002 4072 irent,
2032 4022 2208 4075 neque
2263 4006 2328 4060 ad
2375 4005 2519 4059 illam
2569 4007 2830 4059 accedere
2871 4019 3140 4072 poterant.
3181 4011 3234 4062 ld
3281 4028 3406 4066 cum

1839 4097 2011 4151 turba:
2050 4098 2331 4157 vidissent,
2359 4098 2502 4165 quod
2540 4097 2930 4151 admirabiliter
2975 4098 3172 4151 factum
3209 4100 3409 4165 fuerat,

1839 4203 1950 4241 uno
1971 4188 2151 4240 animo
2175 4188 2487 4239 clamabant
2514 4208 2524 4238 :
2552 4187 2776 4256 Magnus
2798 4198 2880 4241 est
2915 4190 3053 4241 Deus
3074 4189 3218 4244 l’auli
3244 4203 3294 4244 et
3317 4191 3414 4246 Ju-

1837 4278 2016 4339 liante,
2051 4277 2142 4346 qui
2177 4277 2376 4344 ubique
2409 4291 2505 4330 eos
2539 4289 2715 4329 servat
2753 4286 2807 4327 et
2846 4283 3097 4346 protegit,
3131 4283 3218 4348 qui
3259 4280 3408 4336 illum

1841 4373 2064 4425 timent.
2097 4370 2199 4435 Qui
2234 4379 2417 4422 autem
2450 4369 2702 4424 exemi-ali
2737 4369 2969 4430 fuerant,
3003 4369 3151 4422 ﬂexis
3185 4373 3413 4439 genibus

1841 4463 2110 4532 Supplices
2133 4465 2253 4532 ejus
2272 4477 2432 4530 opem
2458 4461 2849 4530 implorabant,
2869 4463 3147 4516 dicentes:
3175 4463 3412 4530 Juliana,

126 4554 319 4611 Pauli
368 4552 617 4605 maxillas
673 4551 959 4616 conllllldl.
1010 4562 1173 4621 atque
1220 4555 1294 4608 illi
1323 4557 1428 4611 dici
1475 4577 1491 4614 :
1536 4559 1614 4615 Ne
1661 4565 1735 4617 ita
1764 4564 1814 4621 D
1844 4575 1995 4611 serva
2033 4558 2126 4610 Dei
2159 4557 2433 4616 altissimi,
2471 4557 2822 4625 peccavimus
2858 4557 3076 4626 quidem
3110 4568 3297 4611 contra
3336 4567 3409 4620 te,

135 4645 508 4713 insipienter
553 4651 608 4696 et
661 4653 982 4714 arroganter
1024 4645 1284 4715 loquaris,
1334 4663 1457 4704 cum
1498 4653 1638 4706 scias
1684 4663 1736 4708 te

126 4737 490 4808 imperatori
523 4735 803 4791 assistere.

213 4831 382 4886 XVI.
429 4829 608 4884 Jussit
656 4841 845 4898 postea
873 4844 903 4883 e
952 4830 1209 4900 tribunali
1252 4833 1477 4889 Paulum
1517 4837 1733 4903 abduci,

123 4937 194 4982 et
250 4921 541 4977 Julianam
591 4920 712 4990 ejus
751 4934 998 4974 sororem
1045 4939 1228 4978 coram
1271 4928 1410 4989 sisti,
1443 4946 1604 4996 quam
1654 4930 1741 4986 bis

129 5013 359 5072 verbis
387 5025 677 5082 aggressus
715 5022 798 5066 est
829 5029 842 5066 :
879 5009 1096 5077 Quaeso,
1124 5016 1320 5071 anima:
1356 5032 1489 5071 mea:
1517 5019 1738 5074 domina

121 5108 408 5170 Juliana,
442 5119 647 5174 quaeso,
675 5105 916 5173 inquam,
947 5117 1002 5160 et
1028 5115 1078 5160 te
1104 5106 1312 5170 hortor,
1342 5125 1410 5162 ne
1439 5109 1620 5164 fratris
1656 5113 1730 5164 tui

124 5203 448 5262 insaniam
500 5197 751 5252 imiteris.
806 5195 981 5252 Video
1046 5209 1098 5253 te
1148 5199 1379 5269 puellam
1430 5204 1740 5270 prudentis-

122 5297 389 5354 simam,
419 5287 588 5342 multa
619 5286 883 5356 sapientia
930 5287 1213 5342 refertam.
1249 5289 1572 5360 Obtempera
1610 5309 1740 5348 con-

121 5388 298 5447 siliis
339 5379 500 5444 meis,
533 5391 587 5434 et
616 5380 898 5434 columnas
920 5395 1115 5434 aureas
1147 5395 1245 5448 per
1274 5391 1444 5436 totum
1473 5393 1737 5438 terrarum

119 5483 388 5540 orbem,
440 5482 533 5527 tuo
563 5472 786 5525 nomine
823 5471 1141 5541 inscriptas,
1194 5473 1424 5541 erigant.
1463 5474 1616 5529 Tunc
1666 5477 1740 5530 illi

116 5575 388 5633 Iuliana
431 5583 445 5622 :
487 5564 725 5627 Minime,
760 5564 958 5634 inquit,
1009 5581 1096 5620 me
1143 5566 1403 5636 decipies,
1453 5570 1742 5624 Aureliano

117 5677 403 5744 nyranne
438 5671 492 5715 et
533 5657 719 5727 impie.
752 5656 870 5712 Non
915 5658 1312 5713 circumvenies
1345 5660 1438 5714 Dei
1489 5661 1742 5724 altissimi

119 5769 412 5819 servam.
447 5752 529 5805 Ne
571 5747 702 5804 mihi
735 5756 992 5803 aeternam
1031 5760 1258 5804 mortem
1294 5767 1570 5822 suggeras.
1617 5753 1740 5809 Vis-

117 5872 204 5914 ne
245 5863 360 5909 me
390 5844 608 5917 privare
642 5840 734 5900 Dei
766 5840 931 5912 gloria
967 5849 1019 5898 ct
1051 5843 1258 5899 cmlesti
1298 5859 1485 5916 regno,
1525 5863 1630 5917 quo
1671 5860 1728 5903 tu

1840 4665 1961 4702 eum
2009 4648 2172 4702 stulte
2217 4659 2383 4716 atque
2430 4647 2753 4716 insipienter
2785 4665 2884 4701 nos
2926 4650 3284 4716 gesserimus;
3317 4651 3411 4704 sed

1841 4753 1900 4796 tu
1949 4743 2040 4808 da,
2081 4756 2417 4812 quatsumus,
2470 4740 2628 4794 nobis
2677 4740 2911 4802 veniam,
2961 4749 3018 4793 ut
3070 4738 3161 4792 Dei
3215 4756 3409 4796 serva:

1840 4844 1894 4887 et
1919 4850 2140 4904 precare
2161 4834 2436 4887 Christum
2469 4843 2642 4890 tuum.
2670 4841 2727 4886 ut
2751 4832 2907 4886 nobis
2941 4833 3112 4888 visum
3138 4835 3408 4889 restituat.

1842 4926 2042 4981 Eorum
2099 4925 2474 4978 misericordia
2522 4936 2792 4979 commota
2840 4926 3072 4989 Juliana,
3132 4928 3410 4994 paululum

1849 5034 2003 5087 aquae
2043 5016 2255 5085 accepit
2288 5032 2300 5067 :
2337 5026 2391 5069 et
2420 5033 2542 5070 cum
2569 5023 2753 5069 oculos
2795 5017 2847 5066 in
2874 5016 3067 5068 coelum
3111 5016 3408 5080 extulisset,

1843 5111 2012 5165 Deum
2047 5108 2344 5170 invocavit,
2369 5109 2440 5160 ita
2469 5109 2656 5161 dicens
2684 5124 2697 5160 :
2727 5105 2954 5160 Domine
2979 5105 3106 5160 Jesu
3174 5107 3408 5172 Christe,

1839 5215 2029 5259 auctor
2059 5205 2303 5257 omnium
2345 5202 2555 5260 salutis.
2590 5203 2785 5256 exaudi
2820 5217 2926 5263 me,
2973 5211 3026 5253 et
3069 5216 3214 5254 nunc
3246 5201 3410 5254 etiam

1842 5298 2068 5352 ostende
2107 5296 2374 5350 miracula
2451 5306 2504 5348 et
2554 5296 2800 5365 prodigia
2847 5309 2967 5363 quae
3016 5293 3148 5349 facis
3195 5307 3415 5363 propter

1843 5403 1943 5442 nos
1975 5388 2113 5440 filios
2147 5388 2454 5441 hominum.
2493 5385 2740 5440 Restitue
2789 5385 2872 5438 his
2920 5385 3052 5439 viris
3099 5386 3410 5440 facultatem

1844 5480 2085 5542 videndi,
2122 5489 2182 5533 ut
2211 5489 2462 5533 sanctum
2489 5489 2543 5534 et
2570 5478 2863 5548 gloriosum
2904 5493 3100 5532 nomen
3139 5489 3287 5531 tuum
3321 5495 3415 5532 ce.-

1847 5574 2110 5626 lebretur.
2160 5571 2282 5627 Hcce
2329 5587 2452 5626 cum
2498 5571 2746 5634 dixisset,
2786 5585 2979 5639 aquam
3017 5585 3181 5640 supra
3226 5573 3412 5624 turbas

1846 5666 1965 5719 illas
1999 5665 2215 5727 infudit,
2263 5674 2319 5718 et
2345 5679 2558 5728 omnes,
2591 5663 2683 5730 qui
2738 5663 2995 5717 exemcati
3045 5662 3282 5725 fuerant,
3328 5664 3413 5716 vi-

1847 5771 1967 5810 sum
2006 5764 2353 5826 receperunt.
2421 5755 2557 5808 Tum
2607 5756 2684 5810 illi
2748 5756 2816 5809 ad
2874 5765 3071 5810 terram
3129 5757 3411 5825 prostrati.

1849 5846 2049 5918 gratias
2082 5846 2193 5903 Deo
2231 5845 2549 5912 reddebant,
2585 5845 2959 5917 pcenitentiam
2989 5847 3416 5919 agentesljum-
