4170 6322
734 357 837 423 583

1996 339 2283 400 MENSIS
2326 338 2754 398 AUGUSTUS.

3874 328 3982 392 584

735 479 844 535 que
899 470 1118 533 peccata
1160 473 1258 516 sua
1307 454 1548 513 confessi
1587 464 1792 521 essent,
1824 446 2126 508 Christiani
2174 444 2305 500 facti
2340 452 2380 506 Α
2414 445 2535 502 Haec
2565 462 2689 501 eum
2739 455 3008 517 martyres
3042 454 3423 514 precarentur,
3456 440 3611 499 multi
3647 456 3714 496 ex
3761 433 3986 506 Graecis,

739 565 887 610 SUDI.

808 641 998 696 XVIII.
1068 640 1269 694 Paulus
1329 654 1481 699 vero,
1527 636 1594 690 de
1645 652 1754 706 quo
1805 635 2139 701 dicebamus,
2189 649 2313 688 cum
2358 650 2359 653 ‘

738 749 767 787 a
795 730 1148 787 carnilicibus
1179 728 1547 791 cruciaretur,
1574 726 1740 795 virgis
1760 725 1868 779 illis
1893 725 2086 779 ferreis
2110 723 2316 779 diutius

746 837 1045 895 percussus
1096 819 1521 884 voeiferabatur,
1570 817 1685 871 haec
1739 817 1929 872 dicens
1976 837 1989 872 :
2028 817 2317 871 Aureliano

744 926 970 987 tyranne
996 918 1052 968 et
1090 912 1320 975 nefarie,
1365 909 1624 979 quidnam
1676 909 1802 962 mali
1837 909 2106 971 commisi,
2142 918 2203 962 ut
2241 908 2319 961 sic

741 1009 1033 1063 crudeliter
1059 1014 1113 1060 et
1140 1005 1304 1074 impie
1336 1015 1419 1056 me
1444 1001 1696 1057 crucies?
1734 1000 1930 1055 Verum
1963 1016 2049 1055 me
2095 1000 2316 1068 quidem

744 1118 772 1157 a
793 1100 1079 1154 tormentis
1104 1098 1367 1151 Dominus
1391 1110 1547 1150 meus
1571 1095 1728 1151 Jesus
1751 1094 2006 1149 Christus
2030 1093 2318 1149 sublevat:

749 1201 799 1246 te
831 1207 961 1246 vero
1012 1198 1198 1244 manet
1246 1189 1535 1243 Ιιωτρόὶιειε
1581 1186 1773 1243 aeterni
1825 1186 1971 1239 illius
2020 1185 2182 1254 ignis,
2226 1184 2319 1252 qui

747 1292 969 1355 paratus
1000 1291 1086 1337 est
1122 1282 1242 1347 tibi,
1276 1292 1330 1335 et
1361 1281 1576 1334 diabolo
1607 1280 1723 1333 haec
1754 1279 2017 1333 adversus
2047 1293 2148 1331 nos
2195 1292 2320 1345 sug-

745 1378 978 1450 gerenti.
1017 1376 1084 1431 Et
1117 1375 1359 1439 ubinam,
1404 1374 1586 1442 inquit
1624 1371 1971 1433 Aurelianus,
2010 1369 2197 1430 Paule,
2241 1374 2324 1422 est

746 1468 959 1523 Juliana
1004 1482 1162 1521 soror
1202 1475 1313 1529 tua,
1345 1479 1508 1533 quam
1551 1463 1632 1516 ais
1675 1476 1796 1515 esse
1834 1470 2230 1530 temperantem
2272 1467 2325 1512 et

752 1558 1057 1629 virginem?
1086 1557 1163 1610 En
1197 1556 1284 1609 illa
1310 1556 1377 1608 ad
1408 1555 1637 1629 lupanar
1666 1551 1831 1605 ducta
1858 1560 1962 1604 est.
1996 1548 2135 1603 Num
2168 1558 2325 1618 putas

751 1653 933 1705 adhuc
956 1662 1078 1704 esse
1107 1648 1408 1718 virginem?
1433 1646 1510 1699 Ad
1538 1646 1654 1699 haec
1678 1643 1918 1718 Paulus:
1951 1641 2097 1704 Scio,
2128 1641 2325 1708 inquit,

750 1743 902 1798 illum
933 1743 1111 1811 ipsum
1145 1741 1335 1806 Deum,
1369 1739 1458 1808 qui
1492 1752 1713 1810 semper
1744 1753 1772 1790 a
1812 1736 1921 1790 tuis
1952 1734 2136 1803 pravis
2170 1730 2322 1797 cogi-

755 1831 1053 1885 tationibus
1096 1846 1183 1883 me
1217 1830 1488 1891 liberavit,
1522 1826 1733 1881 sororis
1771 1824 1935 1877 etiam
1964 1838 2096 1876 mea:
2126 1836 2326 1891 propu-

755 1934 1040 1996 gnatorem
1097 1921 1287 1985 fuisse,
1328 1929 1385 1975 et
1424 1920 1686 1975 intactam
1730 1916 1798 1970 ab
1841 1917 1990 1970 omni
2028 1915 2150 1970 labe
2190 1928 2327 1967 con-

754 2032 1021 2072 servasse.
1052 2015 1194 2071 Misit
1217 2015 1362 2068 enim
1394 2013 1648 2084 angelum
1679 2027 1837 2066 suum
1870 2027 1899 2066 e
1927 2011 2088 2075 ccelo,
2120 2017 2179 2061 ut
2207 2021 2327 2061 eam

753 2108 1073 2163 custodiret.
1110 2105 1186 2158 En
1234 2115 1291 2158 ut
1325 2106 1443 2157 sine
1475 2103 1712 2165 macula,
1741 2110 1797 2155 et
1825 2100 2199 2171 virginitatem
2229 2113 2331 2169 pu-

754 2217 869 2255 ram
894 2202 1121 2261 habens,
1147 2198 1456 2260 revertitur,
1484 2204 1542 2249 ut
1568 2196 1748 2249 videat
1768 2194 1984 2247 vincula
2009 2207 2151 2246 mea.
2172 2190 2333 2247 Mise-

755 2294 999 2349 rateuim
1021 2292 1368 2356 Aurelianus,
1397 2300 1455 2343 ut
1476 2288 1691 2344 Iuliana
1715 2289 2036 2343 duceretur.
2058 2286 2189 2351 Quae
2208 2297 2330 2339 cum

759 2391 997 2443 venisset
1023 2386 1089 2438 ad
1115 2384 1376 2447 tribunal,
1396 2392 1452 2437 et
1471 2382 1684 2435 Paulus.
1710 2396 1827 2435 eam
1864 2380 2123 2443 vidisset,
2166 2377 2335 2431 multo

759 2478 957 2551 gaudio
982 2477 1181 2552 plenus
1207 2475 1345 2529 risit.
1387 2474 1716 2527 Aurelianus
1740 2487 1907 2526 vero:
1940 2470 2100 2535 Num,
2138 2469 2333 2538 inQuit,

759 2570 1001 2636 Iuliana,
1048 2576 1320 2622 amatores
1341 2566 1415 2619 tui
1438 2560 2143 2635 pulehritudinetuasatiati
2177 2558 2336 2614 sunt?

760 2664 830 2717 At
848 2663 934 2716 illa
954 2663 1123 2715 dixit:
1150 2661 1260 2713 Mea
1279 2657 1650 2729 pulchritudo,
1668 2673 1845 2712 meum
1867 2663 2248 2711 ornamentum
2280 2661 2336 2706 et

763 2757 931 2810 decus
953 2754 1212 2808 Christus
1234 2760 1332 2815 est,
1365 2749 1457 2819 qui
1494 2749 1647 2804 misit
1683 2749 1936 2819 angelum
1956 2763 2139 2810 suum,
2167 2754 2220 2799 et
2252 2760 2339 2798 me

764 2847 1030 2917 abjcclam
1050 2856 1211 2914 atque
1237 2844 1501 2897 humilem
1544 2856 1759 2894 servam
1784 2841 2019 2908 protexit
2046 2855 2058 2890 ε
2081 2837 2337 2906 quoniam

766 2937 926 2997 fidem
961 2948 1013 2989 et
1040 2948 1190 3004 spem
1226 2950 1402 2989 meam
1438 2933 1490 2987 in
1526 2933 1617 2987 illo
1654 2932 1815 2986 lixam
1856 2931 2055 2985 habeo.
2094 2929 2341 2998 Quapro-

765 3038 889 3099 pter
918 3029 1119 3098 gratias
1163 3027 1237 3080 illi
1270 3043 1392 3098 ago,
1429 3036 1484 3081 et
1516 3035 1771 3079 sanctum
1819 3024 1937 3093 ejus
1970 3036 2172 3076 nomen
2221 3020 2338 3075 col-

2355 1790 2402 1850 B

2418 538 2509 593 Dei
2556 538 2854 609 potentiam
2904 535 3362 606 contemplantes,
3417 535 3597 588 animo
3650 531 3990 601 emnpuncti,

2418 630 2486 684 ab
2541 630 2807 684 idolorum
2863 627 3253 698 superstitione
3325 624 3663 686 defecerunt,
3699 630 3754 677 et
3786 620 3991 675 Chrisu

2422 723 2581 777 fidem
2616 720 2787 777 seculi
2820 729 2976 784 sunt;
3018 717 3173 772 multi
3213 717 3376 770 etiam
3425 713 3731 776 carniﬁces,
3774 713 3869 782 qui
3900 726 3992 764 eos

2421 817 2870 879 verberaverant,
2908 827 3031 868 eum
3084 810 3177 863 Dei
3234 818 3382 864 tanta
3439 807 3492 859 in
3561 805 3682 858 illos
3732 803 3991 858 beneficia

2422 910 2616 965 collata
2658 908 2941 971 vidissent,
3002 912 3213 959 mutato
3291 900 3543 963 consilio,
3587 896 3794 951 Christi
3838 894 3993 949 fidem

2423 1000 2661 1071 amplexi
2699 1006 2870 1053 sunt.‘

2493 1093 2610 1149 XX.
2650 1092 2862 1146 Perlata
2898 1104 3029 1143 vero
3061 1096 3190 1142 sunt
3226 1086 3344 1140 haec
3385 1083 3577 1147 omnia
3636 1080 3702 1134 ad
3751 1075 3997 1132 Aurelia-

2423 1181 2579 1247 num,
2602 1185 2693 1254 qui
2710 1183 2900 1254 jussit,
2922 1181 3043 1234 illos
3063 1180 3137 1233 ita
3161 1188 3217 1231 ut
3238 1185 3416 1239 erant,
3441 1175 3494 1229 in
3538 1172 3694 1228 fovea
3717 1169 3997 1237 lapidibus

2425 1276 2602 1332 obrui.
2634 1274 2736 1328 Sed
2764 1286 2900 1328 ecce
2926 1279 3151 1339 repente
3174 1266 3397 1321 tunitrui
3422 1264 3634 1320 sonitus
3658 1278 3785 1315 cum
3813 1259 3999 1313 multis

2426 1366 2760 1439 fulguribus,
2807 1372 2862 1416 et
2898 1364 3071 1415 nubes
3117 1359 3224 1413 huc
3278 1367 3443 1426 atque
3489 1357 3615 1409 illuc
3662 1354 3905 1425 agitatae,
3953 1358 4004 1402 et

2429 1461 2569 1531 ignis
2605 1458 2794 1527 picum,
2836 1468 3009 1524 usque
3058 1452 3124 1505 ad
3181 1448 3456 1503 Aureliani
3503 1456 3867 1514 conspectum
3912 1442 4005 1495 de-

2430 1558 2723 1611 venerunt,
2775 1559 2829 1599 et
2854 1547 3033 1615 ignem
3096 1543 3249 1596 illum
3309 1541 3362 1592 in
3405 1548 3607 1592 terram
3666 1535 4006 1595 elIuderunt,

2432 1658 2648 1718 voxque
2682 1642 2796 1695 hasc
2851 1655 2879 1691 e
2912 1636 3051 1691 ouilo
3103 1633 3169 1687 ad
3221 1648 3344 1686 eum
3383 1631 3619 1684 demissa
3663 1638 3748 1681 est
3787 1647 3799 1680 :
3832 1632 4011 1681 Aure-

2433 1740 2601 1800 liane,
2633 1732 2920 1803 ingredere
2959 1729 3016 1782 in
3045 1727 3297 1796 abyssum
3329 1724 3595 1793 gehennae
3634 1719 3804 1789 ignis,
3854 1734 4013 1786 para-

2433 1843 2539 1887 tam
2568 1829 2664 1883 tibi
2688 1836 2741 1880 et
2767 1822 2905 1897 patri
2935 1831 3027 1876 tuo
3049 1819 3267 1874 diabolo
3333 1815 3457 1870 Hec
3479 1828 3603 1868 cum
3628 1811 3777 1866 facta
3805 1820 4011 1869 essent,

2432 1923 2584 1979 misit
2615 1919 2967 1979 Aurelianus,
3001 1923 3052 1969 et
3074 1912 3239 1983 jussit
3273 1908 3511 1964 athletas
3537 1902 3823 1960 etChristi
3872 1916 4015 1955 mar-

2433 2027 2576 2087 tyres
2606 2030 2671 2067 ex
2703 2012 2858 2066 fovea
2892 2009 2982 2062 illa
3009 2006 3250 2068 extrahi,
3289 2012 3343 2057 et
3374 2002 3431 2056 in
3465 2013 3748 2055 carcerem
3788 1993 4016 2062 conjici.

2435 2085 2625 2180 Itaque
2678 2103 2850 2158 sancti
2908 2108 3172 2168 martyres
3208 2097 3299 2150 Dei
3338 2092 3567 2164 gloriam
3616 2088 3923 2145 laudabant
3967 2085 4018 2137 in

2434 2178 2692 2255 omnibus
2748 2196 2856 2258 his,
2906 2206 3029 2265 qum
3083 2190 3226 2242 Deus
3259 2188 3375 2255 ipse
3417 2180 3744 2237 mirabiliter
3800 2178 4020 2231 illorum

2436 2306 2601 2347 causa
2637 2290 2862 2342 fecerat.
2901 2282 3149 2353 Septimo
3183 2278 3271 2332 die
3320 2284 3511 2346 postea
3554 2271 3804 2327 diluculo
3843 2272 4023 2322 Aureo

2436 2386 2618 2440 Iianus
2648 2380 2789 2435 sedit
2818 2378 2873 2431 in
2897 2374 3178 2435 tribunali,
3208 2382 3263 2426 et
3284 2370 3449 2443 jussit
3472 2369 3795 2424 sacerdotes
3831 2363 4022 2419 afferre

2439 2487 2792 2552 quotcunque
2812 2471 2950 2527 idola
2974 2470 3249 2524 habebant
3265 2475 3490 2538 argento
3513 2472 3567 2518 et
3586 2477 3720 2515 auro
3749 2459 4021 2513 confecta.

2439 2546 2500 2629 ac
2532 2569 2787 2643 pretiosis
2815 2566 3086 2636 lapidibus
3126 2569 3342 2616 ornata.
3392 2558 3524 2623 Quae
3570 2552 3895 2609 sacerdotes
3930 2546 4021 2614 ipsi

2441 2677 2565 2718 mox
2620 2660 2673 2711 in
2731 2663 3030 2724 conspectu
3084 2647 3364 2705 Aureliani
3429 2643 3865 2701 constituerunt,
3904 2648 4021 2692 cum

2442 2749 2768 2807 stravissent
2813 2745 2915 2798 sub
2968 2743 3086 2811 ejus
3128 2739 3357 2809 pedibus
3416 2748 3711 2805 purpuram
3770 2730 4021 2800 regalem.

2444 2842 2594 2912 Tum
2622 2837 2944 2893 Aurelianus
2971 2850 2986 2889 :
3016 2830 3238 2897 Vocate,
3276 2829 3469 2899 inquit,
3503 2824 3734 2879 Paulum
3768 2834 3825 2876 et
3856 2820 4021 2875 Julia-

2444 2949 2593 2991 nam.
2626 2924 2773 2996 Quos
2804 2942 2927 2983 cum
2953 2926 3181 2981 vidisset
3211 2932 3337 2977 ante
3367 2918 3607 2977 tribunal
3633 2917 4021 2974 consistentes,

2445 3030 2627 3083 animo
2662 3036 2716 3078 et
2743 3023 2891 3075 vultu
2932 3018 3091 3074 valde
3121 3015 3261 3070 irato
3290 3014 3395 3067 illis
3427 3012 3694 3072 minatus,
3728 3006 3868 3060 dixit
3900 3021 3915 3057 :
3953 3001 4023 3054 Ite

767 3096 951 3185 laudo,
980 3121 1128 3192 quod
1162 3122 1280 3191 ipse
1314 3096 1437 3184 est,
1473 3120 1565 3188 qui
1600 3118 1730 3171 facit
1779 3116 2051 3170 mirabilia
2104 3115 2253 3168 solus
2293 3114 2337 3178 ⁵,

2448 3134 2620 3181 nunc,
2652 3127 2705 3170 et
2731 3114 2835 3169 diis
2880 3109 3213 3171 sacriﬁcate;
3262 3106 3431 3161 nolim
3475 3104 3623 3157 enim
3674 3096 4018 3155 existimetis,

769 3220 958 3268 etnon
994 3223 1078 3266 est
1103 3213 1244 3265 alius
1275 3212 1418 3264 Deus
1446 3212 1644 3279 prater
1676 3211 1875 3280 ipsum.

842 3305 983 3360 XIX.
1016 3303 1191 3359 Iussit
1216 3304 1476 3374 deinceps
1505 3304 1836 3357 Aurelianus
1866 3300 2090 3355 Paulum
2116 3299 2341 3365 exsolvi,

770 3402 829 3454 et
871 3400 1084 3454 foveam
1134 3399 1426 3468 quamdam
1469 3397 1656 3461 emidi,
1702 3405 1810 3450 tam
1847 3396 2089 3465 longam,
2139 3403 2344 3461 quanta

773 3493 1064 3561 estvtrium
1110 3492 1396 3546 hominum
1445 3481 1842 3556 staturajtum
1883 3487 2028 3553 ligna
2066 3492 2121 3537 et
2168 3484 2347 3555 ignem

773 3584 996 3648 alfcrri,
1050 3593 1214 3652 atque
1268 3584 1324 3635 in
1382 3583 1539 3635 fovea
1593 3582 1681 3632 illa
1739 3577 2019 3631 succendi.
2079 3576 2351 3631 Fecerunt

775 3674 1079 3739 carniﬁces,
1108 3674 1252 3744 quod
1276 3675 1489 3743 jussum
1516 3670 1714 3731 fuerat,
1745 3667 2035 3721 admodum
2068 3667 2307 3720 studiose
2333 3682 2348 3730 ;

774 3786 899 3823 nam
941 3779 999 3823 et
1023 3769 1238 3822 foveam
1283 3767 1468 3819 statim
1500 3764 1827 3824 effoderunt,
1862 3769 1915 3815 et
1953 3762 2131 3831 ignem
2185 3758 2351 3812 vehe-

782 3872 1000 3923 menter
1027 3862 1423 3914 accenderunt.
1456 3857 1640 3927 Itaque
1671 3855 1996 3910 Aurelianus
2018 3854 2181 3923 jussit
2203 3852 2346 3905 Pau-

778 3954 886 4008 lum
916 3962 966 4007 et
996 3950 1268 4009 Julianam
1295 3954 1347 4005 in
1372 3952 1548 4021 ignem
1569 3950 1720 4003 illum
1744 3946 1966 4015 conjici.
2010 3944 2197 3997 Sancti
2226 3958 2356 3996 vero

781 4054 1078 4115 martyres,
1112 4044 1278 4097 Deum
1308 4040 1703 4103 collaudantes,
1730 4035 2064 4090 Salvatorem
2090 4050 2152 4089 ac
2172 4034 2356 4088 Domi-

784 4154 915 4192 num
952 4139 1137 4191 Iesum
1189 4134 1468 4188 Christum
1516 4130 1843 4185 invocabant
1915 4128 1981 4183 ad
2038 4144 2197 4197 opem
2252 4128 2357 4182 sibi

782 4230 1089 4284 ferendam.
1127 4227 1263 4282 Cum
1305 4240 1488 4281 autem
1524 4225 1591 4279 ad
1630 4239 1757 4278 eum
1816 4222 1995 4275 locum
2048 4221 2357 4282 venissent,

795 4341 892 4380 sua
940 4324 1186 4378 membra
1229 4320 1410 4374 crucis
1462 4317 1663 4371 Christi
1714 4316 1871 4385 signo
1910 4314 2253 4376 munierunt,
2306 4321 2363 4365 et

787 4418 983 4486 sponte
1014 4430 1074 4467 se
1111 4414 1166 4465 in
1208 4413 1390 4481 ignem
1421 4409 1805 4481 conjecerunt.
1854 4408 2023 4465 Erant
2064 4416 2251 4475 autem
2306 4406 2359 4459 in

2446 3226 2638 3267 manus
2670 3221 2818 3261 meas
2847 3221 2939 3259 vos
2969 3213 3254 3257 evasuros.
3289 3192 3530 3250 Subrisit
3562 3190 3773 3244 Paulus
3796 3228 3810 3251 ,
3834 3198 3887 3241 et
3916 3186 4019 3238 ait:

2447 3305 2760 3375 Nunquam,
2788 3308 3041 3365 tyranne,
3074 3292 3245 3343 Deum
3269 3296 3517 3340 nostrum
3549 3282 4023 3350 derelinquemus,

2448 3394 2538 3463 qui
2573 3371 2774 3446 cadum
2820 3395 2875 3440 et
2932 3393 3139 3437 terram
3199 3378 3407 3433 elIecit.
3461 3373 3540 3429 Ne
3580 3382 3740 3443 putes
3772 3371 4026 3441 amplius,

2451 3486 2606 3542 idolis
2666 3482 2771 3537 ruis
2817 3478 3023 3535 cultum
3094 3488 3195 3529 nos
3250 3473 3534 3526 allaturos.
3586 3468 3729 3524 Tum
3780 3465 4028 3519 Aurelia—

2450 3597 2600 3635 nus:
2637 3575 2909 3634 Violenta,
2967 3569 3164 3639 inquit,
3203 3573 3379 3620 morte
3429 3564 3629 3632 dignus
3678 3576 3758 3615 es.
3804 3559 4023 3613 ldolane

2456 3671 2549 3726 tibi
2586 3670 2701 3722 haec
2749 3660 3047 3717 videntur?
3094 3657 3283 3725 Neque
3333 3653 3613 3722 intelligis,
3672 3666 3796 3718 qua:
3848 3651 3931 3702 vis
3981 3650 4031 3702 in

2455 3762 2559 3817 illis
2594 3758 2708 3813 sit?

2529 3851 2669 3908 XXI.
2723 3849 2807 3907 Ad
2850 3849 2965 3903 haec
3010 3843 3213 3900 Paulus
3260 3859 3273 3896 :
3317 3840 3529 3909 Jupiter
3580 3837 3706 3902 iste,
3755 3849 3923 3905 quem
3984 3844 4034 3886 tu

2458 3947 2620 4001 deum
2672 3958 2792 3996 esse
2839 3941 2997 4005 dicis,
3055 3940 3221 3993 homo
3266 3934 3486 4005 quidam
3527 3931 3630 3987 fuit
3683 3928 4034 4000 fugitivorum

2461 4038 2625 4101 filius,
2654 4036 2748 4105 qui
2800 4042 2976 4087 artem
3028 4030 3291 4101 magicam
3342 4027 3481 4080 bene
3530 4025 3761 4078 edoctus
3812 4022 4036 4075 fuerat:

2460 4143 2690 4197 cumque
2724 4134 2922 4195 prater
2953 4131 3183 4177 caetems
3228 4117 3477 4171 homines
3508 4124 3656 4168 esset
3688 4113 4036 4166 incontinen-

2464 4220 2732 4278 tissimus,
2761 4224 2816 4268 et
2850 4212 3062 4266 libidini
3106 4208 3342 4261 maxime
3385 4204 3623 4263 deditus.
3672 4198 3737 4255 ac
3786 4216 4040 4268 quorum—

2465 4307 2588 4362 dam
2620 4300 3020 4375 pulchcrrimas
3071 4309 3272 4350 uxores
3316 4303 3479 4362 atque
3522 4290 3661 4345 ﬁlias
3705 4291 4036 4355 adamasset,

2467 4414 2525 4455 se
2556 4397 2839 4452 continere
2883 4409 2993 4447 non
3031 4388 3207 4462 potuit
3264 4387 3395 4457 quin
3430 4401 3552 4442 cum
3592 4384 3701 4439 illis
3730 4384 4043 4439 commisce-

792 4466 917 4581 igrne
948 4507 1040 4562 illo
1076 4506 1245 4561 Deum
1278 4466 1595 4567 laudantes,
1642 4514 1698 4557 et
1729 4502 1849 4570 ejus
1889 4500 2116 4571 gloriam
2162 4474 2364 4568 praedi-
2397 4466 2443 4524 ί)
2479 4498 2652 4543 retur.
2716 4484 2819 4550 Qui
2894 4483 3056 4537 modo
3135 4481 3187 4533 in
3256 4490 3469 4532 taurum
3544 4485 3817 4539 mutatus,
3892 4474 4044 4528 modo

756 4612 1002 4663 cantes.
1034 4600 1175 4655 Ecce
1208 4608 1391 4653 autem
1436 4597 1661 4668 angelus
1704 4592 1915 4649 Domini
1966 4592 2252 4648 descendit
2298 4591 2366 4644 de

794 4694 958 4756 etelo,
988 4701 1042 4746 et
1064 4692 1273 4743 funium
1298 4704 1403 4742 una
1425 4704 1547 4741 cum
1574 4687 1698 4757 igne
1722 4687 1865 4740 foras
1888 4686 2150 4749 excussit,
2190 4698 2368 4752 neque

798 4782 1044 4856 permisit
1089 4792 1304 4836 sanctos
1336 4787 1609 4850 martyres
1658 4776 1742 4831 vel
1795 4776 2073 4847 paululum
2122 4775 2190 4828 ab
2244 4775 2367 4845 igne

796 4876 1121 4948 perturbari.
1186 4873 1413 4928 Stabant
1479 4873 1660 4939 itaque
1717 4870 1771 4923 in
1839 4867 1992 4922 fovea
2054 4867 2143 4920 illa
2204 4866 2368 4919 rectis

800 4967 1146 5036 corporibus,
1206 4965 1419 5018 divinas
1475 4963 1665 5016 laudes
1729 4959 2070 5030 proferentes
2126 4960 2182 5012 in
2232 4958 2373 5011 hanc

800 5058 1126 5114 sententiam
1156 5074 1169 5111 :
1200 5053 1524 5111 Benedictus
1570 5068 1650 5118 es,
1686 5051 1913 5106 Domine
1960 5051 2098 5105 Deus
2131 5049 2243 5103 Rex
2272 5061 2374 5103 sae-

802 5153 1070 5211 culorum,
1102 5148 1196 5217 qui
1237 5162 1447 5201 memor
1497 5144 1647 5199 fuisti
1692 5142 2015 5198 humilitatis
2075 5150 2277 5195 nostra:
2323 5147 2379 5193 et

803 5241 1090 5311 praesentia
1109 5249 1197 5293 tua
1215 5238 1353 5309 ignis
1368 5238 1635 5290 ﬂammam
1659 5235 1962 5289 exstinxisti
1987 5243 2207 5303 propter
2224 5232 2382 5287 boni-

807 5341 970 5386 tatem
992 5344 1159 5393 tuam,
1177 5346 1297 5400 quae
1316 5330 1446 5384 facit
1491 5338 1549 5383 ut
1569 5339 1787 5398 peccata
1804 5335 1988 5381 nostra
2010 5338 2116 5379 non
2138 5323 2383 5379 recorde-

806 5425 901 5479 ris.
918 5423 1000 5478 Tu
1022 5439 1118 5477 nos
1136 5423 1407 5493 indignos,
1427 5422 1605 5476 salvos
1635 5431 1797 5490 atque
1819 5418 2381 5490 incolumeseripuisti

806 5528 839 5579 δ
872 5515 1295 5585 cogitationibus
1330 5514 1542 5585 tyranni
1563 5512 1863 5577 Aureliani,
1895 5514 1987 5583 qui
2022 5529 2119 5569 suo
2150 5511 2382 5583 imperio

809 5611 881 5667 ita
960 5609 1300 5679 intumescit,
1376 5612 1533 5681 quasi
1606 5609 1827 5666 futurus
1891 5608 1963 5663 sit
2035 5608 2379 5663 immortalis.

884 5796 904 5828 ⁸
928 5792 1073 5850 Ρείιι.
1127 5810 1275 5863 uxr,
1312 5793 1399 5849 i8.

2473 4584 2559 4636 avi
2627 4578 2845 4640 similis,
2902 4574 3097 4644 aquilae
3161 4571 3390 4632 scilicet,
3444 4583 3508 4621 ac
3583 4582 3779 4637 cygno,
3860 4568 4045 4621 mulie-

2475 4688 2563 4727 res
2661 4667 2952 4726 nonnuilas
3025 4680 3092 4718 ex
3167 4663 3278 4739 jam
3388 4659 3552 4713 dictis
3663 4659 4044 4724 circumvenit,

2474 4775 2529 4821 et
2589 4778 2621 4817 a
2687 4767 2869 4815 mente
2946 4755 3209 4810 alienatas
3282 4754 3337 4807 in
3418 4765 3539 4807 eam
3597 4750 3889 4805 miseriam
3955 4752 4046 4804 im-

2473 4856 2632 4929 pulit,
2674 4862 2732 4907 ut
2762 4852 2937 4923 ipsum
3003 4856 3258 4920 tanquam
3291 4850 3453 4902 deum
3511 4846 3783 4901 colerent.
3822 4847 3905 4900 Ad
3948 4848 4047 4899 hac

2475 4960 2529 5003 et
2556 4948 2689 5003 alias
2726 4944 2981 4999 mulieres
3032 4957 3128 5011 per
3177 4938 3367 4993 forma:
3416 4938 3780 4990 mutationem
3820 4945 3880 4989 et
3925 4950 4047 5006 pra.

2478 5040 2666 5110 stigias
2701 5035 2935 5106 decepit,
2978 5034 3037 5088 in
3078 5046 3273 5086 aurum
3317 5040 3709 5084 commutatus.
3746 5029 3817 5081 Et
3849 5043 3920 5085 ne
3959 5031 4049 5083 alia

2480 5138 2603 5207 ejus
2637 5132 2927 5186 libidinosa
2974 5126 3217 5181 facinora
3250 5127 3353 5180 hoc
3402 5126 3782 5179 lownarrem
3839 5123 3977 5195 (scio
4005 5134 4047 5175 te

2488 5229 2556 5283 ad
2594 5222 2926 5280 iracundiam
2962 5220 3223 5275 concitari
3259 5236 3273 5272 :
3305 5218 3397 5273 sed
3424 5218 3548 5271 licet
3571 5216 3863 5283 irascaris,
3888 5219 4046 5272 dicam

2490 5333 2673 5379 tamen
2704 5315 2843 5372 nihil
2880 5314 3101 5384 veritus)
3134 5314 3254 5379 iste,
3291 5313 3384 5381 qui
3416 5325 3585 5381 prope
3625 5309 3822 5366 Jovem
3859 5313 4051 5381 positus

2489 5424 2593 5477 est,
2626 5422 2680 5467 et
2703 5406 2895 5477 Apollo
2926 5406 3149 5472 dicitur,
3190 5420 3259 5458 an
3295 5418 3404 5457 non
3436 5417 3503 5457 ex
3532 5401 3816 5457 adulterio
3854 5404 4049 5473 genitus

2490 5516 2574 5562 est
2624 5519 2654 5558 e
2710 5498 2937 5553 muliere
2989 5498 3249 5567 quadam.
3311 5511 3433 5565 qua:
3486 5494 3700 5550 Latona
3754 5495 4045 5553 dicebatur.

2489 5608 2718 5671 quasque
2750 5591 2900 5646 illum
2948 5591 3165 5662 peperit
3218 5592 3360 5645 inter
3401 5588 3541 5643 duas
3575 5588 3831 5655 arbores,
3881 5588 3970 5658 qui
4006 5594 4049 5641 et
