4170 6322
174 343 272 405 585

1065 338 1523 403 MARTYRIUM
1567 341 1673 398 SS.
1723 339 1949 398 PAULI
1994 340 2089 399 ET
2130 340 2505 401 JULIANAS.

3305 346 3409 408 586

176 451 401 505 militum
427 445 884 510 Christianorum,
911 461 939 500 a
962 444 1220 514 Traiano.
1258 448 1385 499 dum
1421 446 1473 497 in
1512 443 1735 499 Oriente
1766 450 1810 505 Α
1842 443 2191 500 benefaciens
2222 448 2498 510 omnibus,
2542 463 2605 503 ac
2647 448 2886 505 liberans
2918 466 3011 507 eos
3043 453 3087 515 ⁸,
3122 455 3213 524 qui
3241 471 3269 510 ε
3296 455 3411 511 dia.

174 544 285 611 ipse
318 555 481 609 Opera
523 538 731 592 nefaria
760 538 1052 601 commisit,
1088 545 1297 603 patrem
1329 533 1515 588 Jovem
1551 535 1736 590 imita-

176 632 298 685 tus?
346 629 550 683 Eodem
595 629 757 682 modo
798 636 851 680 et
894 625 1187 696 Dionysius
1230 636 1411 679 vester
1450 624 1537 677 ille
1572 625 1729 685 deus,

174 738 241 775 an
279 736 386 775 non
422 730 479 774 et
507 720 622 788 ipse
661 735 726 773 ex
758 717 1026 772 adulterio
1056 717 1273 786 genitus
1302 724 1384 769 est
1415 730 1479 769 ex
1514 715 1736 772 Semele

173 809 354 864 Cadmi
381 808 526 861 lilia?
554 808 807 877 Nugatur,
834 806 1010 875 inquit
1033 806 1382 866 Aurelianus,
1406 811 1460 857 et
1486 805 1736 868 sceleste,

174 918 239 955 an
275 918 380 955 non
417 917 478 955 ex
511 900 725 953 Iunone
757 901 983 953 deorum
1023 905 1195 948 matre
1243 893 1485 948 Bacchus
1528 895 1741 963 genitus

172 990 461 1044 est?ﬂisit
517 988 738 1051 Paulus,
794 997 846 1041 et
902 986 1022 1039 ait:
1063 984 1227 1037 Estne
1296 986 1451 1041 deus.
1508 984 1599 1053 qui
1676 999 1741 1037 ex

173 1081 400 1134 muliere
437 1080 653 1149 genitus
679 1078 903 1145 incipiat
932 1091 1049 1130 esse
1077 1077 1236 1136 deus,
1262 1086 1358 1129 aut
1390 1077 1478 1144 qui
1518 1090 1738 1129 uxorem

174 1172 401 1226 habeat?
429 1172 583 1225 Tunc
607 1171 930 1223 Aurelianus
954 1184 967 1219 :
988 1168 1300 1235 Quousque,
1326 1166 1519 1233 inquit,
1546 1165 1741 1218 lIIllil:tS

172 1280 342 1334 nugas
388 1264 669 1317 elI'undens
704 1262 808 1315 diis
841 1260 1131 1313 maledices
1158 1260 1179 1311 ?
1211 1276 1277 1311 an
1326 1275 1434 1311 non
1476 1268 1532 1310 et
1562 1265 1741 1309 vester

174 1358 438 1419 Christus,
469 1371 631 1424 quem
664 1370 759 1406 vos
790 1351 1086 1406 Christiani
1123 1350 1288 1403 Deum
1323 1351 1598 1404 cmlestem
1624 1363 1743 1402 esse

173 1449 373 1509 dicitis,
404 1464 465 1501 ex
496 1447 721 1500 muliere
759 1445 975 1510 genitus
1011 1444 1131 1497 est?
1160 1442 1463 1513 Respondit
1505 1442 1699 1495 Paulus
1728 1456 1740 1493 :

171 1540 285 1592 Non
323 1555 381 1591 cs
406 1548 458 1593 tu
490 1537 923 1607 dignus,quiDei
951 1536 1260 1605 mysterium
1304 1536 1511 1587 audias.
1544 1533 1742 1586 Verum

172 1646 239 1683 ne
266 1630 509 1683 oratione
543 1639 630 1682 tua
661 1630 857 1681 inultos
890 1643 1099 1686 eorum,
1131 1627 1219 1693 qui
1263 1636 1555 1694 praesentes
1599 1635 1744 1686 sunt,

170 1721 590 1783 circumvenias,
612 1734 831 1773 necesse
846 1730 927 1773 est
948 1720 1158 1788 aperire
1177 1718 1249 1780 id,
1271 1720 1414 1786 quod
1448 1717 1663 1785 quaeris.

242 1827 405 1881 XXII.
441 1827 598 1880 Initio
636 1827 779 1879 Deus
829 1826 944 1893 ipse
991 1841 1116 1878 cum
1166 1825 1362 1878 coelum
1399 1833 1453 1877 et
1526 1834 1744 1881 terram,

172 1936 322 1974 mare
368 1920 643 1981 etomnia,
684 1934 807 1988 qua
857 1919 907 1971 in
942 1919 1023 1971 eis
1076 1925 1223 1979 sunt,
1257 1916 1545 1971 eﬂeeisset.
1576 1916 1748 1967 horai-

170 2028 297 2066 nent
335 2012 544 2067 efﬂuxit
577 2012 644 2066 ad
685 2012 972 2081 imaginem
1009 2018 1064 2063 et
1105 2010 1521 2063 similitudinem
1569 2023 1743 2061 suam.

182 2108 389 2161 Purum
429 2108 573 2161 enim
622 2122 651 2160 a
687 2105 915 2169 malitia,
952 2092 1325 2166 innocentem,
1372 2102 1601 2169 justum,
1638 2102 1751 2168 pic-

180 2206 295 2254 tate
335 2199 623 2268 praeditum
675 2197 885 2251 creavit
919 2195 1068 2247 illum
1118 2194 1280 2255 Deus,
1317 2202 1371 2245 et
1411 2192 1461 2244 in
1501 2192 1751 2260 paradiso

173 2295 495 2349 deliciarum
518 2295 678 2362 pleno
696 2309 819 2347 eum
849 2290 1155 2346 collocarit.
1184 2289 1343 2343 Pater
1360 2299 1538 2342 autem
1571 2298 1749 2343 vester

174 2387 428 2440 diabolus
463 2401 571 2437 non
629 2385 815 2437 ferens
862 2396 1068 2436 tantam
1123 2382 1361 2436 hominis
1408 2380 1744 2444 felicitatem,

172 2479 339 2531 Evam
373 2476 608 2539 seduxit,
639 2486 693 2529 et
735 2491 828 2543 per
879 2476 1044 2535 illam,
1088 2475 1259 2527 Adam
1309 2475 1373 2528 ad
1411 2474 1579 2528 divini
1612 2490 1748 2541 pra:-

172 2575 315 2645 (σοι)ιί
350 2571 839 2643 transgressionem
871 2569 1107 2637 impulit.
1149 2567 1269 2633 Quo
1315 2567 1515 2621 factum
1550 2574 1652 2624 est,
1688 2574 1745 2618 ut

173 2678 231 2721 et
287 2668 458 2721 Adam
525 2666 642 2734 ipse
698 2678 957 2731 tanquam
1016 2671 1446 2731 transgressorc
1492 2657 1743 2727 paradiso

170 2762 440 2828 BXPUISUS
483 2757 573 2817 sit,
607 2765 662 2810 et
704 2770 877 2823 genus
922 2769 1083 2805 omne
1131 2753 1433 2805 humanum
1472 2749 1631 2804 morti
1690 2756 1747 2803 et

172 2850 387 2922 peccati
443 2861 615 2919 pinnae
684 2846 980 2898 obnoxium
1041 2844 1296 2898 evaserit.
1370 2845 1736 2907 Quamobrem

172 2940 417 2997 celestis
461 2937 620 2991 Pater
671 2945 723 2990 et
779 2934 1127 3003 omnipotens
1176 2933 1315 2986 Deus
1364 2934 1744 2987 misericordia

172 3046 379 3096 motus,
426 3033 666 3087 humano
721 3028 908 3100 generi
964 3025 1257 3082 subvenire
1316 3026 1525 3089 volens,
1595 3027 1744 3078 misit

1842 535 1964 589 bolo
1996 537 2355 592 vexabantur.
2399 541 2590 599 Postea
2650 540 2703 594 in
2755 542 2899 614 ligno
2951 546 3131 600 crucis
3180 549 3414 604 suitixus

1840 634 1941 686 est,
1988 636 2046 680 ut
2080 628 2309 682 salutem
2346 630 2499 685 daret
2546 634 2771 697 mundo,
2806 636 2896 705 qui
2934 640 3171 707 perierat
3211 642 3411 701 diaboli

1842 715 2097 771 violentia
2149 728 2202 772 ct
2251 718 2483 773 fallacia.
2543 719 2687 775 Idem
2729 739 2957 793 corpore
3009 738 3256 785 mortuus
3303 741 3409 789 est.

1842 808 2087 880 Cumque
2151 812 2216 865 ad
2250 811 2456 867 inferos
2495 813 2885 871 descendisset
2918 834 3022 873 una
3066 838 3189 875 cum
3222 835 3409 879 sancta

1842 904 2024 956 anima
2068 904 2154 956 illa
2196 919 2313 965 sua.
2349 907 2615 960 contrivit
2664 924 2852 977 portas
2906 928 3098 975 aereas,
3147 924 3199 969 et
3230 927 3415 973 vectes

1845 995 2049 1049 [erretis
2091 996 2394 1066 confregit’
2429 1016 2440 1051 :
2474 1009 2640 1067 atque
2671 1002 2721 1053 in
2770 1002 3067 1071 caliginosa
3114 1007 3413 1063 inferorum

1846 1087 2143 1156 penetralia
2174 1088 2469 1156 ingressus.
2502 1092 2703 1159 eripuit
2746 1109 2838 1147 eos
2875 1096 2968 1164 qui
3014 1099 3245 1152 vinculis
3281 1102 3423 1155 deti-

1846 1180 2137 1241 nebantur,
2171 1188 2226 1233 et
2255 1195 2321 1233 ex
2351 1196 2570 1236 carcere
2598 1182 2797 1237 diaboli
2833 1185 2955 1240 illos
2990 1188 3039 1240 iu
3080 1190 3419 1258 superiorem

1849 1274 2126 1341 regionem
2154 1273 2339 1327 eduxit
2382 1275 2444 1329 ¹⁰.
2489 1274 2643 1339 Quod
2683 1288 2851 1332 totum
2889 1281 3061 1349 ipsius
3096 1284 3419 1353 benignitati

1848 1374 2135 1433 acceptum
2163 1366 2423 1420 refertur.
2461 1367 2596 1421 Cum
2636 1387 2764 1437 vero
2816 1372 2885 1425 ita
2936 1386 3059 1441 post
3105 1384 3214 1429 tres
3243 1378 3361 1431 dies
3394 1396 3419 1429 a

1850 1458 2078 1509 mortuis
2147 1459 2556 1525 resurrexisset,
2626 1465 2879 1531 apparuit
2937 1468 3051 1520 suis
3133 1469 3422 1539 discipulis

1850 1558 2011 1617 atque
2043 1551 2325 1618 aposmlis,
2379 1561 2433 1605 et
2465 1553 2583 1606 aliis
2625 1556 2829 1619 multis,
2869 1559 2960 1624 qui
3014 1575 3137 1613 tere
3192 1561 3245 1614 in
3298 1579 3421 1615 eum

1850 1643 2193 1697 crediderant
2223 1664 2234 1695 :
2270 1654 2463 1699 etcum
2496 1647 2785 1714 aliquoties
2818 1652 3151 1706 comedisset
3177 1666 3231 1707 et
3256 1654 3426 1709 bibis-

1852 1745 1933 1788 set
1959 1752 2078 1788 cum
2122 1739 2381 1810 apostolis
2412 1756 2504 1807 per
2536 1740 2654 1793 dies
2686 1743 3066 1812 quadraginta,
3120 1744 3200 1799 sic
3239 1756 3425 1815 postea

1855 1831 1905 1880 in
1944 1830 2137 1881 (mlum
2195 1842 2510 1899 assumptus
2556 1844 2658 1896 est,
2720 1846 2773 1886 et
2820 1839 2975 1887 sedet
3025 1836 3091 1888 ad
3144 1837 3422 1893 dexteram

1856 1917 2029 1971 Patris
2068 1934 2189 1971 cum
2232 1936 2459 1988 corpore
2510 1922 2620 1986 illo,
2672 1925 2814 1992 quod
2849 1925 2962 1992 ipse
2993 1928 3133 1980 Deus
3184 1924 3423 1981 Verbum

1853 2008 1954 2061 sibi
1984 2010 2277 2077 cepttlavit.
2301 2011 2451 2063 Nunc
2473 2013 2637 2081 igitur
2656 2017 2900 2070 diabolus
2930 2018 3113 2071 dolore
3146 2022 3422 2087 afﬂigitur.

1855 2099 2007 2151 Illum
2051 2100 2196 2153 enim
2243 2101 2499 2156 Christus
2554 2105 2670 2174 ipsc
2712 2107 3146 2164 Christianorum
3200 2114 3428 2180 pedibus

1852 2192 2158 2245 conculczri
2212 2193 2359 2255 fecit,
2413 2198 2504 2264 qui
2561 2215 2657 2266 per
2699 2210 2951 2255 sanctum
3002 2203 3171 2270 ipsius
3220 2220 3424 2259 nomen

1843 2284 2231 2358 ingrediuntur
2280 2286 2332 2339 in
2394 2305 2620 2358 regnum
2667 2294 2926 2346 caelorum
2984 2312 2997 2347 :
3043 2315 3073 2348 a
3106 2311 3213 2364 quo
3259 2313 3427 2368 regno

1854 2383 1908 2429 tu
1938 2378 2148 2430 alienus
2176 2394 2258 2433 es.
2293 2380 2468 2434 Habes
2509 2382 2652 2435 enim
2690 2394 2889 2437 sortem
2920 2394 2974 2438 et
3005 2396 3237 2454 partem,
3271 2399 3430 2441 aeter-

1832 2483 1981 2557 nam
2022 2469 2162 2539 ignis
2209 2474 2533 2541 gehennam,
2583 2476 2953 2531 hacreditaletn
3013 2480 3211 2534 diaboli
3259 2481 3431 2551 patris

1852 2560 1929 2612 tui
1964 2564 2292 2630 percipiens.

1919 2649 2109 2704 XXIII.
2138 2653 2235 2705 IIis
2275 2654 2492 2717 auditis,
2527 2656 2854 2713 Aurelianus
2882 2676 2993 2730 prae
3055 2661 3241 2717 furore
3276 2664 3431 2720 vultu

1849 2753 2090 2798 mutatus
2129 2755 2232 2809 est,
2297 2755 2353 2799 et
2400 2746 2661 2804 dentibus
2715 2752 2953 2805 stridere
3019 2757 3219 2824 coapit,
3277 2774 3433 2813 exar-

1849 2837 2078 2891 descens
2134 2840 2186 2890 in
2265 2838 2438 2898 illum,
2498 2843 2586 2894 cui
2650 2853 2705 2896 et
2776 2847 3165 2913 respondens:
3214 2848 3430 2912 Multas,

1851 2930 2046 2999 inquit,
2094 2946 2263 3001 nugas
2298 2941 2346 2985 te
2387 2934 2548 2985 modo
2600 2934 2971 2991 effundentem
3045 2957 3235 3008 passus
3284 2960 3427 3003 sum.

1849 3022 2165 3087 patientiam
2210 3023 2260 3074 in
2291 3034 2359 3083 te.
2403 3041 2578 3095 nugax
2621 3038 2673 3080 et
2721 3030 2969 3085 sceleste.
3003 3035 3273 3090 audiendo
3303 3039 3433 3091 reti-

169 3127 373 3183 Filium
406 3141 588 3183 suum,
628 3132 683 3176 ut
715 3124 1009 3175 humanam
1058 3136 1278 3173 carnem
1314 3120 1640 3189 susciperet,
1684 3126 1739 3172 et
1770 3124 1811 3181 ε
1852 3129 2009 3166 nens.
2042 3113 2120 3165 Tu
2157 3130 2283 3167 vero
2328 3120 2564 3181 quandiu
2620 3136 2809 3190 perges
2838 3138 2924 3175 me
2965 3135 3333 3194 contemnere,
3378 3146 3435 3199 ρι

171 3219 350 3273 Adam
382 3216 636 3278 solveret,
663 3226 863 3278 eosque
890 3210 981 3278 qui
1010 3211 1076 3262 ab
1098 3211 1300 3277 injuste
1325 3210 1738 3263 detinebantur.

170 3312 301 3381 Ipse
334 3309 498 3378 igitur
528 3304 689 3369 Deus,
739 3302 977 3355 Verbum
1037 3298 1153 3361 Dei,
1198 3314 1260 3352 ac
1315 3300 1491 3352 Patris
1542 3300 1738 3359 Filius,

170 3413 309 3458 ante
342 3400 537 3455 saecula
568 3396 750 3449 omnia
782 3404 864 3449 est
908 3392 1177 3462 sapientia
1228 3392 1422 3460 ipsius,
1457 3400 1511 3444 et
1564 3399 1749 3459 poten-

175 3495 255 3547 tia
298 3502 353 3545 et
398 3491 622 3543 dextera
674 3485 814 3553 :qui
851 3499 949 3551 per
1004 3484 1387 3552 archangelum
1444 3482 1749 3536 Gabt'ielem

172 3582 543 3638 annuntiatus
584 3578 688 3630 fttit
748 3585 954 3630 sanctae
1008 3576 1081 3627 illi
1138 3576 1341 3647 Virgini
1408 3592 1557 3641 purae
1593 3585 1753 3644 atque

170 3674 607 3735 honestissimae,
622 3686 687 3724 ex
708 3669 1028 3738 prophetico
1045 3676 1099 3721 et
1115 3670 1261 3737 regio
1275 3683 1473 3736 genere
1486 3668 1750 3734 originem

170 3767 422 3824 ducenti.
452 3766 508 3820 In
532 3764 686 3833 cujus
718 3772 869 3821 utero
901 3760 1041 3814 Deus
1079 3761 1211 3829 ipse,
1254 3758 1354 3813 hoc
1386 3770 1487 3823 est,
1536 3760 1755 3814 caeleste

171 3862 446 3923 Verbum,
472 3857 615 3928 quod
643 3856 814 3911 oculis
841 3853 1121 3923 corporeis
1161 3868 1268 3905 non
1299 3852 1563 3914 cernitur,
1600 3852 1755 3905 habi-

170 3964 325 4015 tans,
370 3950 845 4018 suscepitcorpus,
865 3962 987 4001 cum
1006 3945 1219 4001 Gabriel
1251 3944 1322 3997 ita
1342 3943 1560 3997 Mariam
1586 3944 1755 4010 ipsam

168 4046 380 4101 aﬂ‘atus
422 4049 571 4096 esset
612 4057 627 4093 :
666 4043 791 4096 Αυε.
833 4040 1011 4107 gratia
1030 4038 1187 4101 plena
1218 4052 1234 4087 :
1270 4037 1521 4089 Dominus
1555 4046 1758 4095 tecum;

169 4149 235 4196 et
264 4136 424 4208 paulo
473 4142 594 4204 post
623 4150 636 4185 :
668 4130 894 4202 Spiritus
921 4138 1134 4183 sanctus
1164 4129 1492 4195 superveniet
1531 4129 1582 4179 in
1611 4136 1678 4188 te,
1710 4136 1757 4180 cl

172 4232 352 4287 virtus
410 4226 665 4283 ditissimi
716 4221 1045 4277 obumbrabit
1111 4220 1202 4272 tibi
1259 4234 1276 4271 :
1324 4218 1544 4288 ideoque
1623 4219 1760 4287 quod

172 4330 436 4379 nascetur
483 4335 547 4373 ex
595 4326 644 4371 te
712 4323 974 4377 sanctum,
1043 4310 1314 4366 vocabitur
1358 4307 1538 4363 I't'tius-
1603 4307 1759 4364 Dei“.

172 4412 416 4472 Genitos
461 4411 624 4480 igitur
674 4407 777 4464 fuit
822 4406 967 4462 Deus
1010 4412 1067 4459 et
1107 4404 1329 4459 cmleste
1382 4402 1618 4456 Verbum
1666 4417 1761 4470 per

1850 3205 1956 3258 diis
1978 3205 2514 3262 tiialedicere?Ntittc
2537 3209 2699 3279 igitur
2728 3212 2827 3266 nisi
2858 3214 2960 3268 diis
2997 3215 3431 3280 immolaveritis.

1862 3299 2114 3366 pessimis
2158 3301 2333 3353 modis
2362 3316 2460 3354 vos
2493 3304 2735 3371 perdam.
2771 3305 2844 3358 ita
2898 3317 2957 3359 ut
2988 3318 3147 3362 nemo
3185 3313 3357 3379 possit
3403 3328 3436 3367 e

1864 3391 2118 3445 manibus
2164 3394 2299 3445 meis
2346 3406 2444 3445 vos
2469 3398 2704 3463 eripere.
2728 3397 2863 3450 Tum
2899 3398 3094 3456 Paulus
3134 3412 3189 3458 et
3213 3404 3434 3467 Iuliana

1869 3485 2126 3539 concordi
2160 3484 2341 3539 animo
2393 3500 2443 3541 et
2476 3503 2667 3558 magna
2724 3505 2856 3544 voce
2922 3495 3219 3551 clamantes
3260 3500 3434 3566 :Nos,

1857 3578 2129 3645 inquiunt,
2171 3578 2466 3645 Christiani
2508 3596 2716 3645 sumus,
2750 3592 2806 3638 et
2841 3585 2892 3638 in
2923 3586 3139 3641 Christo
3163 3592 3279 3658 ipso
3312 3609 3439 3663 spes

1859 3678 2073 3721 nostras
2109 3670 2403 3723 collocatas
2440 3672 2701 3727 habemus
2736 3692 2750 3740 ;
2790 3676 3064 3733 daemones
3098 3696 3202 3735 non
3235 3683 3433 3739 adora-

1861 3773 2002 3821 mus,
2042 3757 2199 3810 idolis
2238 3758 2343 3811 tuis
2376 3774 2484 3812 non
2522 3762 2809 3825 servimus,
2861 3772 3129 3820 tormenta
3184 3778 3274 3822 tua
3321 3787 3432 3825 non

1861 3853 2134 3906 timemus.
2171 3851 2423 3919 Exc0gita
2459 3853 2619 3923 igitur
2673 3871 3030 3927 quoscunque
3080 3861 3160 3915 vis
3224 3865 3437 3917 crucia-

1863 3954 1948 3997 tus
1980 3986 1994 4007 ,
2031 3945 2189 3999 ﬁdem
2221 3944 2362 3997 enim
2395 3944 2447 3996 in
2486 3944 2593 3997 Deo
2630 3946 2916 4010 habemus,
2955 3951 3071 4005 fore
3102 3961 3160 4006 ut
3199 3969 3228 4007 a
3268 3955 3429 4009 nobis

1862 4037 2161 4102 supereris,
2206 4034 2663 4101 quemadmodum
2724 4047 2875 4107 pater
2937 4048 3062 4093 tuus
3118 4044 3366 4099 diabolus
3402 4064 3431 4103 ει

1862 4126 2079 4181 Christo
2119 4135 2407 4194 superatus
2438 4128 2564 4189 fuit,
2594 4128 2684 4195 qui
2717 4145 2820 4182 nos
2882 4132 3041 4183 etiam
3083 4136 3330 4189 robustos
3359 4137 3439 4191 fa-

1864 4220 1960 4284 cit,
1991 4228 2042 4273 et
2074 4234 2267 4288 pravas
2284 4228 2427 4273 artes
2464 4228 2583 4273 tuas
2616 4233 2910 4291 expugnat.
2941 4222 3065 4277 l-lrcc
3092 4240 3213 4279 cum
3249 4230 3437 4283 audis-

1868 4324 1950 4369 set
1982 4315 2322 4379 Aurelianus,
2383 4314 2548 4383 jussit
2599 4315 2802 4385 lignum
2861 4317 3130 4386 quoddam
3183 4337 3439 4393 magnum

1867 4405 2069 4459 afferri.
2106 4404 2260 4469 Quod
2313 4421 2435 4458 cum
2484 4406 2703 4458 allatum
2765 4405 2978 4469 fuisset,
3034 4407 3160 4461 fecit
3213 4410 3440 4467 Paulum

174 4501 658 4578 Virginem,omni
682 4500 801 4553 labe
822 4496 1195 4568 purissimam,
1224 4509 1475 4563 corpore,
1498 4504 1755 4561 tanquam
1793 4489 1834 4539 D
1866 4498 1917 4551 in
1952 4512 2017 4549 eo
2047 4495 2273 4565 alligari.
2322 4495 2619 4549 Camilli-es
2653 4510 2777 4549 vero
2826 4497 2945 4564 ejus
2992 4514 3185 4553 manus
3221 4503 3443 4572 colliga-

173 4612 343 4659 veste
389 4598 648 4669 quadam,
702 4592 928 4648 indutus
979 4598 1202 4661 propter
1258 4590 1510 4645 humana:
1567 4591 1758 4644 salutis

172 4694 674 4765 dispensationem.
716 4687 887 4741 Nemo
917 4685 1061 4740 enim
1099 4691 1311 4752 poterat
1344 4681 1511 4735 Deum
1546 4700 1754 4744 rerum.

174 4789 264 4843 ita
290 4793 352 4841 ut
398 4792 499 4843 est.
539 4787 869 4850 praesentem
903 4776 1111 4839 videre,
1148 4790 1272 4828 cum
1324 4771 1466 4828 Dens
1518 4773 1632 4842 ipse
1686 4775 1758 4827 sit

174 4878 333 4949 ignis
361 4886 689 4929 consumens
722 4869 763 4934 °,
797 4879 978 4937 neque
1018 4866 1182 4923 homo
1210 4864 1406 4932 aliquis
1444 4866 1632 4918 vivens
1658 4864 1754 4918 Dei

175 4971 386 5027 faciem
424 4966 608 5017 videre
645 4963 813 5033 possit
867 4997 882 5012 .
916 4958 1091 5026 Hujus
1145 4958 1307 5027 igitur
1338 4957 1759 5025 dispensationis

176 5074 356 5116 causa
407 5056 551 5111 Deus
609 5066 825 5117 noster,
891 5050 1032 5118 quod
1098 5048 1163 5100 ad
1220 5063 1440 5101 carnem
1503 5049 1761 5116 pertinet,

176 5156 410 5225 genitus
444 5148 569 5208 fuit,
608 5153 665 5199 et
697 5154 756 5197 ut
803 5144 985 5196 infans
1018 5141 1159 5194 lacte
1195 5139 1435 5193 nutritus
1482 5148 1587 5204 est,
1641 5155 1764 5193 cum

152 5238 346 5302 esset
377 5254 557 5298 tamen
582 5239 869 5294 divinitate
900 5236 1200 5306 perfectus.
1228 5232 1456 5302 Insuper
1480 5233 1659 5287 factus
1686 5242 1768 5286 est

173 5353 349 5413 puer,
399 5342 456 5389 et
493 5336 733 5405 juvenis,
788 5346 1020 5399 cumque
1068 5330 1408 5393 hominibus,
1472 5338 1530 5383 ut
1580 5329 1766 5391 homo,

172 5434 541 5487 conversatus
582 5433 666 5480 est
717 5438 891 5478 annos
942 5422 1156 5491 triginta
1195 5432 1324 5483 tres,
1370 5420 1553 5483 urbes,
1593 5419 1768 5491 regio-

174 5537 311 5585 nes,
356 5533 412 5574 et
462 5516 681 5570 eaStella
735 5516 887 5570 orbis
942 5524 1212 5570 terrarum
1266 5512 1667 5582 pertransiens,
1712 5520 1768 5566 et

288 5684 311 5716 '
340 5680 475 5737 Luc.
510 5695 549 5745 ι,
571 5676 771 5740 28,53.

186 5759 237 5795 υ
266 5756 288 5811 I
326 5755 475 5810 Petr.
509 5766 593 5813 m,
630 5748 717 5802 i9.

520 5842 790 5902 Ρλτιιοι.
845 5839 963 5898 Gn.
1002 5836 1175 5899 CXV.

884 5678 905 5709 ⁶
936 5677 1094 5731 Deut.
1123 5693 1196 5742 tv,
1229 5676 1336 5743 24;
1365 5674 1527 5731 Hebr.
1548 5690 1647 5739 xu,
1672 5673 1765 5728 29.

1866 4596 2013 4642 runt.
2050 4585 2203 4641 Tunc
2230 4586 2555 4640 Aurelianus
2584 4587 2839 4656 prmcepit
2869 4604 3127 4644 accensas
3168 4592 3444 4663 lampades

1869 4681 2076 4743 aﬂ'erri,
2110 4690 2164 4734 et
2198 4685 2249 4733 in
2282 4680 2401 4749 ejus
2429 4680 2621 4733 faciem
2675 4680 2844 4749 injici,
2878 4697 3127 4750 prarone
3176 4686 3249 4739 ita
3294 4690 3444 4743 voci-

1867 4773 2075 4826 ferante
2106 4790 2119 4825 :
2151 4770 2230 4824 Nc
2266 4770 2320 4824 in
2352 4770 2503 4823 onbis
2552 4779 2820 4826 terrarum
2870 4774 3119 4830 dominos
3151 4788 3439 4836 contume-

1864 4866 2031 4920 Iiosns
2057 4864 2152 4927 sis,
2184 4879 2317 4919 neve
2372 4867 2424 4918 in
2479 4864 2609 4919 deos
2648 4865 2794 4933 ipsos
2829 4868 3107 4922 maledicta
3161 4874 3442 4942 conjicias.

1940 4954 2128 5010 XXIV.
2157 4954 2369 5009 Iuliana
2402 4970 2522 5010 cum
2555 4955 2777 5011 fratrem
2817 4972 2975 5012 suum
3027 4960 3150 5030 igne
3196 4967 3442 5020 comburi

1866 5056 2154 5118 spectaret,
2205 5063 2416 5099 summa
2474 5064 2605 5102 voce
2652 5049 2949 5104 clamavit:
3006 5053 3047 5105 Ο
3096 5062 3322 5122 tyranne
3387 5071 3445 5112 et

1868 5142 2119 5203 sceleste,
2176 5140 2303 5211 quid
2336 5139 2461 5192 mali
2518 5140 2684 5193 frater
2727 5156 2881 5195 tueus
2921 5145 3215 5209 commisit,
3256 5158 3315 5201 ut
3369 5149 3442 5203 ita

1870 5232 2160 5288 crudeliter
2224 5246 2346 5283 eum
2412 5230 2663 5285 crueies?
2747 5230 2919 5287 Iussit
2991 5232 3325 5291 Aurelianus
3386 5246 3443 5293 ct

1872 5323 2141 5379 Julianam
2172 5323 2224 5375 in
2261 5322 2405 5391 ligno
2446 5322 2675 5391 alligari,
2716 5331 2769 5377 et
2804 5338 3065 5401 accensas
3107 5326 3252 5381 faces
3297 5327 3351 5383 in
3379 5345 3442 5382 os

1876 5420 2014 5489 eius,
2046 5428 2102 5473 et
2160 5419 2213 5472 in
2243 5427 2412 5471 totum
2460 5432 2658 5487 corpus
2688 5418 2941 5473 adhiberi
2974 5437 2989 5485 ;
3035 5420 3121 5474 cui
3153 5430 3211 5475 et
3257 5422 3391 5476 dixit
3425 5440 3441 5475 :

1878 5511 2354 5584 lmpudentissima
2397 5511 2612 5576 mulier,
2653 5513 2938 5576 erubesce,
2987 5515 3443 5582 quemadmodum

1876 5674 1897 5708 ⁷
1930 5671 2099 5726 Exod.
2134 5684 2324 5730 xum,
2352 5666 2423 5720 20
2541 5668 2561 5700 '
2591 5669 2711 5721 Act.
2746 5684 2797 5730 κ,
2822 5666 2911 5722 38.
3000 5669 3022 5701 ⁸
3046 5668 3183 5724 PsaI.
3216 5681 3325 5735 CVI,
3357 5668 3448 5725 l6.

3057 5828 3126 5891 19
