4170 6322
701 343 799 403 58,
1968 336 2250 396 MENSIS
2290 335 2720 401 arousrus.
3870 344 3959 405 58⁸

699 457 951 514 rnulietes
989 455 1164 510 decet.
1223 452 1359 528 Tum
1392 450 1605 503 Juliana
1648 446 1831 503 ridens
1866 447 2066 512 :Vere,
2097 449 2291 517 inquit,
2324 453 2372 508 Α
2405 451 2455 502 in
2494 452 2687 505 ctelum
2732 454 2925 516 erexit,
2962 464 3013 507 et
3054 453 3163 506 Deo
3202 454 3401 524 gratias
3428 454 3555 525 egit,
3590 469 3651 508 ac
3682 454 3857 507 crucis
3897 456 3961 509 si-

699 550 1006 609 Aureliane,
1043 557 1094 601 te
1170 546 1555 600 admonentem
1622 551 1906 609 acceptum
1965 542 2155 603 habeo,
2212 555 2277 595 eo

697 644 836 709 quod
879 643 1055 695 dixisti
1095 659 1107 695 :
1143 641 1276 693 Cum
1312 640 1388 692 sis
1415 638 1633 699 mulier,
1679 636 1939 689 erubesco
1976 653 1990 700 ;
2024 652 2278 689 revercor

694 740 862 798 enim,
914 745 967 787 et
1014 734 1281 787 erubesco
1334 730 1608 785 Christum
1655 729 1745 782 Dei
1775 729 2006 783 viventis
2057 727 2275 792 Filium,

696 828 787 895 qui
856 839 937 880 est
986 836 1112 880 ante
1157 826 1347 879 faciem
1386 839 1584 882 meam,
1615 837 1788 890 neque
1852 822 2001 875 illum
2053 838 2273 892 possum

696 918 1100 985 derelinquere,
1135 927 1187 968 et
1221 918 1497 968 dtemones
1531 915 1735 968 colere.
1773 912 1977 966 Furore
2011 929 2276 968 accensus

695 1020 775 1063 est
838 1009 1187 1066 Aurelianus.
1225 1024 1346 1062 cum
1410 1022 1466 1060 se
1492 1007 1560 1059 ab
1605 1006 1707 1059 illis
1769 1007 1981 1058 irrisum
2049 1006 2273 1061 videret.

697 1101 881 1169 Itaque
925 1101 1088 1168 jussit
1118 1101 1399 1154 carnifices
1469 1100 1645 1167 ignem
1683 1114 1779 1167 per
1837 1108 2006 1151 totum
2076 1114 2275 1167 corpus

695 1192 906 1244 illorum
938 1190 1311 1244 circumferre.
1342 1190 1494 1253 Quod
1527 1205 1652 1243 eum
1708 1189 1779 1241 illi
1815 1206 1937 1242 mox
1996 1190 2273 1254 fecissent,

695 1293 803 1336 tota
831 1282 1040 1339 civitas.
1082 1298 1200 1351 qua-
1237 1291 1549 1335 sant-torum
1615 1292 1909 1349 martyrum
1965 1286 2277 1351 spectaculo

694 1374 975 1431 intererat.
1019 1390 1151 1428 voce
1187 1390 1381 1444 magna
1414 1373 1683 1426 clamabat
1716 1391 1728 1425 :
1765 1372 2063 1441 Imperator
2102 1377 2276 1429 Aure-

697 1465 861 1529 liane,
898 1466 1097 1534 injuste
1124 1467 1358 1533 iudicas,
1392 1467 1591 1533 injuste
1630 1466 1748 1517 illos
1781 1468 2009 1519 crucias.
2069 1469 2123 1521 Si
2180 1484 2280 1523 no-

693 1562 814 1609 lunt
846 1557 951 1610 diis
998 1556 1328 1617 sacrificare.
1376 1558 1699 1611 sententiam
1730 1568 1913 1611 contra
1947 1560 2063 1612 illos
2114 1561 2272 1616 feras.

694 1648 833 1701 Tum
905 1650 1252 1715 Aurelianus,
1330 1666 1454 1704 cum
1529 1655 1820 1710 metueret,
1900 1667 1969 1704 ne
2049 1653 2278 1720 populus

692 1742 1015 1796 seditionem
1053 1744 1320 1797 adversus
1353 1744 1529 1811 ipsum
1585 1742 1907 1803 concitaret,
1953 1747 2278 1797 sententiam

2388 558 2491 612 gno
2510 560 2567 597 se
2599 545 2780 598 itidem
2815 547 3069 599 muniens
3100 548 3294 600 collum
3324 561 3481 600 suum
3509 546 3754 601 extendit
3785 562 3958 615 :quetn

2386 648 2437 688 et
2468 637 2763 703 spiculalor
2793 655 2913 691 mox
2948 640 3314 692 obtruncavit.

2459 725 2648 781 XXVI.
2699 726 2863 781 Erant
2932 729 3145 781 illorum
3206 745 3431 797 corpora
3476 737 3627 782 extra
3664 729 3848 782 urbem
3884 729 3955 795 ia-

2386 818 2587 877 centia,
2626 834 2749 872 cum
2787 836 2815 873 e
2845 822 2960 873 loco
2992 824 3080 874 illo
3120 838 3184 874 ea
3222 822 3410 875 tollere
3441 820 3742 873 Christiani
3796 822 3961 888 prohi-

2386 909 2665 962 berentur.
2711 910 2909 963 Milites
2944 911 3111 971 enim,
3141 911 3213 964 ita
3267 922 3327 964 ut
3359 914 3595 978 iusserat
3636 908 3959 962 Aurelianus.

2384 1005 2771 1066 observabant,
2811 1021 2877 1058 ne
2909 1007 3026 1074 quis
3056 1007 3307 1075 reliquias
3341 1007 3455 1059 illas
3482 1005 3749 1058 auferret.
3791 1003 3963 1055 Venio.

2385 1097 2515 1149 bant
2548 1106 2730 1150 autem
2766 1100 2818 1149 in
2850 1114 2973 1151 eum
3004 1098 3180 1150 locum
3220 1098 3352 1166 lupi.
3404 1112 3572 1150 canes
3604 1108 3656 1147 et
3707 1096 3957 1147 volucres.

2384 1202 2439 1245 et
2496 1191 2640 1247 circa
2696 1200 3014 1244 sanctorum
3076 1200 3371 1259 martyrum
3415 1203 3648 1257 corpora
3696 1186 3961 1245 sedentes,

2385 1284 2471 1337 illa
2535 1284 2969 1339 custodiebant:
3026 1298 3261 1351 cumque
3328 1297 3544 1335 muscas
3602 1290 3657 1332 et
3708 1278 3959 1347 ejusmodi

2386 1377 2639 1430 animalia
2673 1392 2834 1445 supra
2864 1391 3092 1444 corpora
3126 1375 3213 1427 illa
3266 1374 3515 1427 sedentia
3552 1373 3819 1433 viderent,
3853 1383 3963 1421 aves

2386 1470 2516 1539 ipsa:
2566 1471 2664 1523 alis
2711 1485 2773 1522 ea
2833 1469 3199 1536 expelle-bant,
3253 1484 3357 1519 non
3395 1466 3871 1530 permittentes,ut
3917 1462 3963 1513 in

2388 1562 2591 1615 sant-lis
2645 1560 2746 1614 illis
2799 1562 3122 1629 corporibus
3162 1560 3484 1612 insiderent.
3524 1558 3710 1625 Itaque
3775 1565 3963 1623 septem

2389 1654 2505 1707 dies
2540 1663 2594 1707 et
2627 1664 2834 1722 septem
2888 1662 3080 1707 noctes
3108 1652 3233 1705 ferae
3266 1666 3328 1704 ac
3378 1652 3629 1703 volucres
3669 1649 3787 1701 coeli
3837 1650 3965 1699 circa

2393 1753 2689 1813 martyrum
2728 1744 2987 1809 reliquias
3065 1744 3457 1796 consederunt.
3521 1739 3790 1792 (la-terum
3845 1752 3967 1789 nun-

694 1835 837 1898 tulit,
874 1844 931 1888 ut
981 1849 1170 1889 eorum
1225 1837 1407 1901 capita
1462 1844 1869 1897 truncarentur,
1928 1845 1982 1888 et
2045 1852 2277 1905 corpora
2318 1823 2359 1877 Β
2395 1839 2526 1891 tiata
2565 1851 2693 1893 sunt
2732 1839 2914 1893 omnia
2978 1838 3093 1892 ha>c
3127 1853 3155 1890 a
3215 1836 3480 1889 militibus
3531 1832 3844 1884 Aurelian".
3874 1828 3966 1893 ρυῖ

694 1928 920 1982 canibus
948 1943 1009 1980 ac
1046 1927 1175 1980 feris
1208 1938 1263 1980 et
1322 1927 1636 1980 volucribus
1671 1926 1792 1979 eteli
1869 1929 2288 1996 projicerentur-

765 2018 931 2073 XXV.
963 2018 1146 2085 Itaque
1193 2019 1405 2073 decimo
1438 2021 1670 2089 septimo
1711 2020 1799 2073 die
1832 2024 2035 2074 mensis
2066 2023 2289 2091 Augusti

696 2111 952 2164 exierunt
976 2112 1135 2165 simul
1174 2112 1444 2175 laetantes,
1475 2122 1637 2179 atque
1668 2128 1891 2164 versum
1930 2114 2072 2165 hunc
2099 2114 2288 2181 psalmi

694 2204 1046 2258 concinentes
1087 2219 1101 2254 :
1136 2202 1366 2258 Sulvasti
1423 2221 1532 2267 nos,
1562 2204 1797 2268 Domine,
1828 2208 1892 2259 ab
1934 2209 2286 2277 afﬂigentibus

694 2311 806 2355 nos,
843 2305 891 2346 et
932 2295 1162 2348 odieutes
1200 2312 1291 2349 nos
1327 2297 1789 2365 conjudisli.Cutn
1823 2313 1952 2352 vero
2004 2301 2066 2352 ad
2104 2299 2278 2353 locum

694 2386 939 2452 martyrii
962 2388 1402 2441 venisscntextra
1432 2390 1642 2448 urbem.
1668 2390 1864 2442 l’aulns
1886 2392 2086 2459 rogavit
2105 2391 2283 2444 carni-

697 2479 876 2544 ficem,
901 2490 957 2534 ut
978 2479 1245 2534 Julianam
1267 2482 1438 2550 prius,
1475 2500 1636 2552 quam
1671 2485 1864 2553 ipsum,
1887 2486 2060 2539 securi
2084 2501 2283 2553 percu-

696 2570 1094 2626 teretJuh‘ana
1142 2587 1438 2638 vero,cum
1462 2573 1652 2627 faciem
1702 2591 1852 2627 suam
1890 2576 2089 2629 Christi
2132 2580 2282 2646 signo

696 2664 996 2723 munlsset,
1045 2663 1342 2718 admodum
1374 2665 1491 2718 laeta
1515 2666 1714 2718 collum
1749 2669 2012 2730 extendit,
2056 2684 2283 2738 eamque

695 2753 994 2821 spiculator
1022 2757 1199 2809 securi
1225 2758 1515 2824 percussit.
1568 2758 1766 2813 Paulus
1800 2762 2096 2828 igiturcum
2128 2778 2279 2815 soro-

696 2859 813 2908 rem
871 2845 1073 2901 Christi
1110 2848 1370 2918 martyrio
1412 2848 1755 2918 perfunctam
1812 2854 2059 2914 vidisset,
2090 2856 2278 2909 oeulos

774 3027 813 3057 “
840 3026 983 3084 Psal.
1010 3045 1160 3097 mit,
1204 3032 1259 3088 8.

2396 1944 2519 1983 cum
2577 1944 2640 1982 ea
2674 1929 3012 1982 audivrsset:
3048 1925 3092 1980 Ο
3126 1926 3388 1984 furorem,
3432 1922 3630 1990 inquit,
3681 1919 3965 1989 peSsimum

2394 2021 2833 2077 Christianorum
2873 2022 3117 2077 istorum,
3152 2032 3289 2085 quos
3340 2032 3409 2067 ne
3462 2024 3710 2066 mortuos
3757 2011 3967 2071 quidem

2395 2127 2657 2180 superare
2719 2113 3023 2181 potuimus.
3064 2107 3202 2160 illisit
3260 2106 3440 2174 igitur,
3474 2114 3530 2157 et
3578 2103 3778 2155 milites
3832 2117 3970 2170 ipsos

2394 2216 2561 2262 noetu
2612 2206 2759 2259 illinc
2825 2202 3049 2257 abduxit
3084 2219 3096 2254 :
3128 2215 3306 2268 neque
3362 2181 3504 2251 enim
3534 2196 3749 2251 volebat
3780 2196 3845 2247 de
3889 2195 3971 2247 die

2391 2316 2484 2352 eos
2517 2299 2666 2352 illinc
2701 2308 3003 2355 removere,
3043 2309 3109 2346 ne
3141 2308 3169 2344 a
3215 2290 3543 2344 Christianis
3571 2288 3969 2340 ‘irriderentur.

2391 2388 2527 2441 Cum
2586 2402 2715 2439 vero
2760 2387 2877 2437 dies
2908 2384 3193 2443 illuxisset,
3259 2381 3512 2432 exierunt
3560 2377 3883 2437 Christiani,
3922 2384 3971 2429 et

2392 2492 2687 2550 martyrum
2740 2490 2967 2544 corpora
3012 2480 3292 2529 curantes.
3344 2480 3663 2536 sumptuose
3728 2469 3783 2520 in
3847 2482 3971 2535 pace

2389 2573 2773 2632 condiderunt,
2805 2578 3065 2637 regnante
3091 2564 3319 2618 Domino
3352 2573 3539 2619 nostro
3566 2559 3698 2613 Jesu
3722 2559 3971 2623 Christo,

2391 2683 2514 2723 cum
2546 2684 2654 2736 quo
2688 2664 2832 2717 Patri
2872 2663 3033 2715 simul
3067 2669 3121 2714 et
3167 2667 3357 2712 sancto
3390 2653 3619 2725 Spiritui
3666 2653 3738 2705 sit
3790 2653 3971 2722 gloria,

2391 2762 2567 2814 honor
2593 2767 2647 2810 et
2677 2755 2967 2824 imperium
3008 2766 3155 2805 nunc
3196 2760 3250 2803 et
3316 2762 3556 2816 semper,
3589 2757 3646 2801 et
3682 2746 3739 2801 in
3778 2747 3973 2801 saecula

2392 2851 2739 2903 saeculorum.
2770 2847 2965 2900 Arnen.

1789 3210 2280 3220 ...-—_—.———..—-.—_.-..._

1334 3390 1534 3516 DE
1646 3388 1774 3516 s.
1884 3389 2525 3513 ANDREA
2625 3388 3326 3542 TRIBUNO

2046 3646 2183 3733 AC
2264 3641 2649 3735 SOCIIS

1813 3846 2341 3908 MARTYBIBUS
2379 3850 2459 3910 IN
2508 3849 2827 3915 ClLlCIA.

704 3204 1203 3237 ’.ετξ-...ξπ

1210 3207 1859 3237 ===__—=;=_——':

2536 3208 3937 3241 Μ

1866 3226 2220 3238 —-—.———

1756 4010 1903 4070 (Acta
2050 4009 2278 4057 Bolland.
2304 4010 2363 4056 ad
2397 4010 2529 4058 diem
2565 4010 2621 4058 19
2649 4009 2905 4075 Augusti.)

698 4324 797 4393 g1.
830 4322 1047 4397 Publica
1081 4337 1259 4397 eorum
1288 4318 1578 4381 veneratio,
1611 4334 1798 4373 nomen
1824 4318 1882 4375 S.
1910 4319 2132 4373 Andrea:
2160 4336 2282 4372 con-
2307 4318 2351 4378 C
2388 4321 2516 4388 tyris
2546 4335 2782 4374 necnon
2808 4324 3026 4377 eosdem
3048 4339 3276 4379 numero
3310 4324 3492 4380 socios
3523 4327 3756 4397 signant
3787 4331 3985 4387 Mensa

985 4393 1180 4460 fusum,
1219 4389 1373 4455 Acta,
1404 4401 1697 4458 martyrum
1729 4408 1996 4445 numerus.

2390 4425 2581 4480 magna
2607 4411 2893 4483 impressa,
2917 4430 2980 4469 ac
3009 4425 3302 4487 sequentes
3342 4415 3453 4472 illis
3504 4422 3785 4478 aceinunt
3821 4426 3988 4479 versi-

2387 4503 2537 4557 culos
2566 4521 2578 4556 :

2392 4599 2660 4679 :Egtnos
2696 4601 2942 4679 τμηθεὶς
2970 4605 3231 4679 αιμάτῳν
3254 4610 3475 4679 λίμνας
3506 4612 3704 4679 ὄχλος

2391 4668 2491 4740 {oi
2522 4668 2602 4740 τῷ
2636 4668 3100 4740 παρᾳστήσαιλτι
3127 4668 3346 4740 ityn-ai;
3374 4668 3636 4736 ὑδάτίξῖν.

771 4505 977 4561 Nomen
1013 4504 1175 4574 hujus
1205 4503 1549 4557 celeberrimi
1606 4504 1859 4574 martyris
1889 4518 1953 4557 ac
2008 4506 2283 4560 sociorum

700 4614 865 4669 quam
915 4598 986 4653 sit
1038 4597 1417 4661 memorabile,
1466 4608 1779 4666 quantaque
1831 4597 1974 4666 apud
2039 4607 2286 4666 posteros

708 4694 969 4748 manserit
1001 4693 1057 4747 in
1108 4691 1514 4752 benedictione,
1543 4699 1815 4742 testantur
1849 4691 2054 4744 affatim
2089 4708 2284 4746 monu-

700 4795 881 4842 menta
905 4786 1147 4853 antiqua,
1179 4797 1296 4853 qure
1313 4782 1378 4836 ad
1402 4797 1499 4835 nos
1518 4797 1688 4850 usque
1712 4782 1777 4835 de
1813 4781 1915 4835 illis
1953 4794 2081 4838 Sunt
2107 4796 2283 4839 trans.

702 4879 892 4932 missa.
942 4876 1270 4944 Incipiamus
1305 4891 1334 4927 a
1358 4873 1535 4929 Fastis
1568 4873 1792 4927 Graicis.
1830 4872 2112 4943 Typicum,
2142 4876 2285 4943 quod

702 4970 807 5025 sub
855 4966 911 5019 S.
950 4967 1141 5021 Sabbte
1203 4965 1428 5019 nomine
1478 4965 1699 5029 citatur,
1764 4965 2013 5019 meminit
2048 4965 2149 5019 hoc
2201 4966 2288 5019 die

712 5076 730 5109 r
769 5057 952 5112 Sancti
984 5060 1235 5127 martyris
1268 5058 1517 5122 Andrem,
1544 5057 1702 5111 ducis
1726 5060 1991 5121 militaris,
2022 5075 2084 5115 ac
2116 5064 2290 5114 socio-

704 5168 823 5205 rum
854 5149 936 5203 bis
961 5150 1104 5203 mille
1130 5152 1552 5219 quingentorum
1574 5161 1627 5205 et
1660 5151 2152 5220 nonagintatrium.
2178 5152 2287 5205 Me-

2402 4736 2612 4788 Ἐννέα
2641 4739 2737 4789 καὶ
2767 4738 2993 4805 δεκάτῳ
3022 4736 3210 4813 τάμοι)
3245 4736 3531 4815 Ἀἰ-ὃρέου
3564 4752 3825 4821 αὐχένα
3853 4756 3997 4819 ,ιαμ-

2397 4882 2659 4954 ῑιδειιιεαια
2687 4889 2820 4932 rIros
2843 4884 3116 4954 sanguinis
3147 4903 3243 4954 pro
3267 4896 3314 4939 te
3343 4885 3485 4940 dedit
3724 4822 3901 4895 [πρόι
3921 4862 3933 4874 -

2394 4947 2567 5027 [iuba
2598 4954 2727 5013 ἠως,
2757 4947 3042 5027 equarum,
3063 4947 3288 5027 Christe,
3319 4960 3402 5009 cui
3432 4962 3568 5012 rivos
3600 4962 3824 5017 dabas.

2395 5019 2553 5072 Λόιια
2590 5033 2703 5088 post
2738 5019 2997 5075 decimam
3034 5026 3227 5079 collum
3256 5019 3479 5083 Andrea‘
3528 5034 3785 5086 abscidit
3853 5035 4004 5088 ensis.

2463 5120 2677 5186 Cénseo
2708 5133 2950 5190 alludere
2977 5118 3193 5204 poetam
3232 5138 3296 5192 ad
3328 5156 3501 5210 genus
3529 5147 3839 5215 martyrii,
3868 5154 3924 5200 et
3947 5142 4006 5197 ad

702 5243 978 5313 nol03ium
994 5240 1177 5294 Sirleti
1207 5241 1285 5294 sic
1315 5240 1473 5294 habet
1499 5259 1543 5295 ιι
1578 5242 1779 5295 Natalis
1810 5254 2121 5297 sanetorum
2142 5260 2289 5297 mar-

704 5332 1150 5405 tyrumAndreze,
1183 5331 1338 5387 ducis
1355 5332 1650 5395 exercitus,
1673 5342 1727 5386 et
1755 5332 2026 5389 sociarum
2056 5336 2287 5389 duorum

704 5425 934 5479 millium
965 5424 1391 5494 quingentorum
1417 5426 1715 5494 nonaginta
1751 5428 1935 5488 triutn,
1979 5428 2072 5497 qui
2125 5428 2289 5482 Maxi-

707 5518 875 5573 miani
905 5517 1275 5585 persecutoris
1314 5515 1653 5587 temporibus
1682 5518 1846 5572 delati
1921 5520 2061 5589 apud
2095 5522 2289 5575 Antio-

704 5614 870 5668 chum
937 5610 1128 5664 ducem
1196 5609 1467 5665 exercitus
1517 5611 1662 5681 quod
1739 5622 1924 5666 essent
1971 5614 2284 5681 Christiani,

703 5712 1117 5777 perseverantes
1141 5704 1194 5757 in
1224 5703 1424 5760 Christi
1453 5705 1821 5769 confessione,
1854 5723 1985 5762 ense
2039 5712 2284 5777 percussi

702 5790 1169 5854 suntaEutndcm
1189 5812 1313 5852 cum
1346 5796 1650 5856 honorifico
1680 5798 1900 5855 nomine
1930 5800 2288 5869 megalomar-

2393 5593 2549 5660 cujus
2585 5592 2699 5645 haec
2728 5596 3146 5653 estacrostichis
3173 5616 3187 5651 :

2322 5664 2363 5719 ῦ
2400 5708 2634 5776 Ὕμνοις
2697 5706 2886 5777 κροτῶ
2915 5728 3007 5775 σε,
3033 5712 3299 5781 Ἀνδρέα,
3339 5721 3800 5789 Στρατηλὰτα.

2396 5800 2600 5856 Laudes
2644 5811 2786 5870 tuas,
2827 5820 2854 5857 ο
2899 5803 3100 5859 Ductor
3131 5807 3367 5873 Andrea,
3395 5828 3553 5868 cano.

2392 5220 2685 5276 salutarem
2707 5224 2911 5280 fontem
2944 5242 2958 5282 :
2985 5230 3051 5282 de
3082 5246 3192 5298 quo
3210 5230 3329 5285 vide
3356 5233 3490 5287 Acta
3542 5248 3729 5290 nutu.
3758 5238 3855 5299 11.
3875 5237 3942 5289 η
3965 5242 4013 5286 et

2394 5315 2476 5367 15.
2513 5314 2659 5369 Dicta
2694 5315 2893 5372 Menaea
2920 5321 3251 5387 peculiarem
3308 5340 3375 5380 ac
3416 5327 3752 5384 solemnem
3812 5329 4013 5384 faciunt

2392 5406 2457 5459 de
2492 5406 2549 5461 S.
2606 5408 2821 5462 Andrea
2879 5414 3199 5467 meritoriam
3261 5415 3313 5470 in
3368 5416 3569 5474 Ollicio
3603 5436 3801 5477 sacro
3857 5421 4015 5490 hujus

2392 5500 2519 5563 diei,
2545 5500 2766 5557 condito
2817 5503 2980 5555 etiam
3042 5507 3268 5567 Canone
3312 5511 3365 5562 in
3434 5510 3735 5570 honorem
3808 5509 4014 5571 SanCli.

4092 116 4119 451 l

4104 480 4119 743 l

4109 783 4121 889 Ι

4110 938 4119 1077 l

4110 1088 4121 1223 l

4112 1236 4119 1323 ι

4109 1534 4121 1929 ί
