4170 6322
202 375 290 439 589
1450 377 1625 437 νιΤΑ
1668 376 1732 437 5.
1776 372 2123 435 ΑΝΒΙὶΕᾹῖ.

3302 378 3414 440 590

261 488 304 539 ἓ.
335 484 494 536 l‘urro
520 482 765 537 hodierni
804 486 970 538 noStri
1019 485 1223 556 pugiles
1287 487 1337 539 in
1396 487 1559 540 variis
1617 486 1737 540 aliis
1771 494 1807 547 Α
1839 485 1920 539 cia
1952 486 2144 539 natalis
2177 488 2349 540 sancti
2394 486 2618 543 Andreae
2645 485 2868 551 tribuni,
2914 497 2968 541 et
2991 484 3259 543 sociorum
3311 490 3416 543 nii-

203 577 349 629 Fastis
376 578 542 629 sacris
602 591 1006 634 memorantur:
1054 580 1253 632 etenim
1309 578 1361 631 in
1415 578 1739 631 Kalendario

203 666 542 721 Rtitlienorum
574 670 713 736 apud
766 669 1117 723 Possevinnm
1181 672 1237 723 lit
1260 671 1465 722 mentio
1496 670 1551 723 S.
1580 670 1731 723 Mart.

198 760 391 813 Andreie
418 778 430 811 :
459 760 509 812 in
554 762 752 815 Menam
773 760 1040 823 Cliillletii,
1065 760 1313 827 Ἀνδρέου
1370 760 1736 829 Σρατηὶάτου,

197 854 395 905 Andriae
459 854 709 905 militaris
760 854 932 906 ducis.
989 853 1425 922 Martyrologium
1482 852 1739 905 Arabico-

196 942 476 1013 :Egyptinm
508 960 568 996 ac
589 960 690 997 ins.
722 945 1059 997 Taurinense
1085 962 1206 998 cum
1252 945 1423 1012 ipsius
1479 954 1589 996 tum
1653 958 1740 995 so-

194 1040 375 1089 ciorum
402 1040 453 1090 iii
486 1053 685 1106 genere
748 1040 1093 1103 meminere;
1156 1053 1388 1106 quorum
1440 1052 1731 1090 numerum

206 1129 512 1188 determinat
590 1128 950 1196 Menulogiunt
1042 1127 1519 1183 Sluvo-Russicunt
1576 1126 1739 1196 Spar-

192 1221 585 1275 “‘Cllfeldlallum
664 1220 853 1271 eodem
923 1219 1114 1283 modo,
1183 1235 1289 1285 quo
1357 1217 1615 1286 Typicuin
1675 1232 1735 1269 ac

190 1310 524 1379 Menologium
555 1309 752 1362 Sirleti.
786 1308 1140 1377 Synaxarium
1164 1325 1193 1361 e
1216 1307 1529 1378 Menologio,
1582 1308 1736 1376 jussu

188 1402 351 1454 Basilii
407 1401 746 1470 imperatoris
807 1400 1053 1459 collecto,
1112 1408 1235 1468 post
1288 1400 1434 1453 hunc
1500 1400 1736 1463 titulum,

189 1492 457 1547 Certamen
507 1493 677 1545 sancti
742 1493 1210 1561 mcgalomartyris
1262 1492 1491 1545 Andreae
1538 1491 1741 1544 militia:

187 1583 345 1644 ducis,
377 1598 438 1636 ac
466 1584 735 1636 sociorum
769 1585 907 1649 ejus,
974 1583 1123 1650 ponit
1160 1583 1419 1635 Actorum
1479 1597 1737 1649 compen-

184 1677 340 1737 dium,
367 1678 516 1744 cujus
549 1685 726 1730 textus
764 1676 981 1729 Graecus
1005 1691 1237 1728 excusas
1268 1678 1426 1727 datur
1443 1675 1506 1727 ad
1538 1675 1738 1727 calcem

185 1768 303 1821 tomi
338 1770 355 1820 l
393 1768 593 1822 mensis
648 1768 895 1836 Augusti,
950 1767 1140 1820 Latine
1209 1774 1385 1818 autem
1432 1766 1507 1817 sic
1534 1773 1737 1818 sonat:

1849 578 2020 641 litum,
2056 577 2143 645 qui
2178 578 2402 632 victoria
2463 580 2529 631 de
2581 578 2761 632 Persis
2787 579 3050 632 divinitus
3103 582 3320 650 adepta,
3349 582 3415 635 ad

1846 668 2003 721 fidem
2036 668 2235 721 Christi
2267 670 2537 728 conversi.
2562 680 2613 724 et
2645 671 2747 724 hoc.
2776 672 2992 723 nomine
3018 673 3276 733 accusati,
3316 675 3419 727 sub

1850 756 2173 812 Maximiano
2210 761 2535 828 imperatore
2596 762 2646 813 in
2678 761 2946 830 angustiis
2994 762 3155 815 Tauri
3218 766 3420 817 montis

1848 849 1916 899 ab
1947 849 2182 902 exercitu
2202 850 2411 903 Seleuci
2434 851 2677 919 praesidis
2708 853 2958 905 trucidati
2985 862 3129 906 sunt.
3161 875 3179 903 ιι

1918 943 1973 997 4.
2006 941 2139 1007 Quia
2168 958 2298 996 vero
2345 943 2488 997 circa
2524 945 2996 997 annuntiatiouem
3031 947 3169 1012 apud
3210 944 3422 1001 Galesi-

1847 1032 1997 1085 nium
2030 1034 2289 1086 nonnulla
2342 1050 2464 1087 mox
2494 1044 2653 1089 erunt
2711 1036 2967 1099 notanda,
2998 1037 3142 1089 illam
3204 1053 3421 1106 quoque

1847 1116 1934 1172 hic
1955 1123 2282 1189 prremittere
2316 1123 2489 1175 visum
2525 1133 2630 1177 est.
2692 1123 2780 1177 Sic
2819 1124 2977 1191 igitur
3025 1134 3218 1178 sonat:
3254 1144 3273 1175 ι
3303 1128 3420 1179 Ca:-

1846 1227 2038 1275 sareae,
2070 1224 2381 1268 sanctorum
2409 1222 2702 1284 martyrum
2731 1214 2925 1285 Magni,
2952 1216 3201 1279 Andreae,
3244 1226 3299 1271 et
3334 1233 3423 1272 so-

1846 1303 2077 1365 ciorum,
2102 1306 2383 1375 quingenti
2420 1316 2475 1359 et
2528 1306 2822 1376 nonaginta
2848 1315 3079 1374 septem.
3126 1325 3247 1361 cum
3307 1309 3423 1363 leo-

1847 1410 1971 1448 nem
2003 1397 2418 1462 conspexissent
2448 1397 2501 1449 in
2541 1396 2790 1450 homines
2826 1412 2854 1449 a
2904 1398 3007 1451 title
3055 1398 3262 1452 alienos
3318 1415 3419 1453 sa:-

1849 1487 2103 1547 vientem,
2140 1487 2204 1539 ad
2240 1489 2380 1541 beati
2407 1490 2655 1559 martyris
2686 1489 2859 1558 Magni
2884 1490 3051 1559 pedes
3074 1502 3422 1549 mansuetum

1849 1589 1901 1630 et
1930 1586 2253 1646 prostratum
2291 1579 2501 1646 jacere;
2564 1582 2645 1633 rei
2684 1580 3112 1637 admirabilitate
3140 1584 3422 1648 commoti,

1850 1668 1914 1721 ad
1950 1669 2151 1723 Christi
2185 1670 2341 1726 Iidem
2371 1684 2428 1721 se
2463 1671 2835 1724 contulerunt.
2886 1672 3256 1735 Quamobrem
3299 1674 3425 1728 Ale-

1850 1762 2039 1814 xandri
2073 1763 2315 1829 praesidis
2334 1764 2485 1832 jussu
2511 1764 2685 1831 capite
2703 1762 3032 1830 plectuntur,
3054 1761 3277 1838 Magnus
3294 1778 3424 1817 vero

189 1880 205 1912 t
250 1863 362 1913 Erat
391 1863 497 1921 hic,
537 1862 837 1929 imperante
858 1860 1201 1921 Maximiano,
1255 1859 1363 1911 dux
1395 1858 1628 1911 militum
1686 1858 1739 1910 in
1766 1847 1816 1905 ’Β
1847 1850 2115 1920 lapidibus
2154 1855 2424 1906 obruitur.
2463 1872 2481 1903 ι
2512 1855 2870 1908 Annuntiatio
2916 1858 3029 1909 huic
3077 1857 3335 1910 convenit
3360 1854 3419 1909 S.

183 1954 418 2008 orientali
448 1953 665 2022 regione
706 1953 807 2005 sub
834 1951 1122 2015 Antiocho,
1150 1950 1241 2019 qui
1296 1949 1551 2005 universo
1602 1950 1742 2003 iiiili-

183 2054 289 2101 tum
322 2045 521 2116 agmini
562 2052 815 2113 praaerat.
868 2045 910 2095 A
943 2058 1050 2111 quo
1101 2054 1389 2111 postquam
1448 2058 1551 2096 una
1618 2058 1741 2096 cum

182 2138 298 2191 aliis
325 2137 526 2190 militia:
548 2137 777 2190 ducibus
810 2136 1008 2189 missus
1039 2144 1183 2189 esset
1233 2135 1491 2188 adversus
1526 2133 1742 2196 Persas,

180 2240 235 2285 et
256 2230 526 2282 Christum
555 2233 888 2291 invocasset,
910 2227 962 2280 in
993 2226 1171 2296 fugam
1188 2227 1295 2294 egit
1317 2226 1529 2285 Persas,
1552 2232 1607 2277 et
1626 2232 1746 2291 post

181 2320 501 2386 insperatam
537 2318 814 2370 victoriam
874 2318 1048 2371 soeios
1075 2332 1171 2371 nos
1229 2316 1291 2369 ad
1342 2314 1542 2370 Christi
1585 2313 1744 2367 fidem

180 2412 453 2479 pertraxit.
487 2410 738 2464 Acciisati
768 2426 893 2463 vero
925 2410 1066 2478 apud
1100 2408 1445 2471 Antiochum,
1495 2418 1747 2476 tanquam

179 2503 255 2555 rei
280 2503 500 2569 judicio,
527 2518 707 2557 coram
740 2503 856 2571 ipso
894 2502 1116 2555 astitere
1145 2521 1156 2553 :
1223 2512 1276 2555 et
1306 2503 1419 2569 ipse
1447 2502 1663 2568 quidem
1695 2500 1748 2552 in

179 2592 319 2650 lecto
356 2597 533 2648 ferreo
560 2595 728 2661 ignito
760 2594 859 2644 fuit
911 2602 1207 2655 extensus;
1253 2592 1525 2643 sociorum
1560 2600 1739 2643 autem

179 2702 209 2738 e
275 2686 557 2753 quadratis
615 2684 771 2755 lignis
833 2699 1023 2736 manus
1095 2682 1333 2735 transﬁxi
1386 2690 1513 2735 sunt
1562 2681 1749 2737 clavis.

183 2776 386 2831 Deinde
419 2788 599 2834 autem
628 2793 690 2831 ex
723 2777 840 2831 aliis
893 2777 1060 2838 mille,
1087 2777 1314 2844 jubente
1364 2775 1654 2841 Antiocho,
1721 2790 1752 2828 e

174 2871 419 2940 regionis
481 2870 680 2924 finibus
706 2871 877 2923 exacti
915 2885 927 2919 :
961 2885 1095 2936 quos
1126 2870 1215 2921 ubi
1246 2869 1587 2921 instruxisset
1618 2868 1755 2920 San-

172 2972 323 3025 ctus,
351 2963 416 3015 ad
445 2961 645 3014 Christi
689 2962 845 3012 tidem
877 2956 1126 3011 adduxit.
1196 2959 1324 3009 ιὶριιι
1384 2956 1470 3012 tibi
1530 2973 1751 3024 compc-

173 3054 337 3105 rissct
379 3052 705 3113 Antiochus,
762 3064 963 3119 eosque
1011 3050 1171 3102 simul
1238 3065 1360 3101 eum
1423 3046 1507 3101 his
1556 3050 1753 3117 quibus

170 3151 597 3217 prmerat,_esset
626 3143 921 3205 insecutus,
955 3158 1144 3196 omnes
1172 3158 1301 3195 ense
1329 3141 1620 3201 interemit,
1641 3156 1755 3194 0m-

170 3236 437 3303 niumque
481 3243 815 3303 postremum
877 3237 1171 3295 Andream,
1238 3236 1501 3286 illustrem
1547 3232 1747 3285 Christi

168 3338 491 3396 martyrem,
526 3335 580 3377 et
610 3325 751 3377 inter
774 3324 1006 3376 athletas
1037 3323 1175 3375 fama
1199 3321 1487 3375 celebrem.
1524 3339 1542 3370 ι

243 3417 418 3483 Quam
459 3417 806 3471 memorabile
847 3417 1008 3484 hujus
1062 3414 1227 3468 nostri
1296 3413 1751 3485 Megaloniartyris

157 3526 266 3573 seu
306 3510 479 3577 Magni
516 3511 763 3575 mattyi-is
832 3522 1029 3560 nomen
1060 3517 1138 3560 est
1205 3507 1346 3575 apud
1384 3507 1617 3569 Graecos,
1646 3516 1753 3559 tam

164 3603 391 3655 celebre
431 3602 590 3651 etiam
617 3608 699 3650 est
727 3599 869 3664 apud
924 3597 1160 3659 Latinos,
1205 3597 1597 3664 antiquissimis
1652 3598 1756 3648 titi—

163 3708 279 3760 que
315 3707 380 3743 at:
413 3691 597 3759 prima:
631 3701 770 3742 nota.-
794 3688 1185 3759 Martyrologtis
1220 3686 1563 3756 inscriptum.
1623 3685 1754 3739 Nam

169 3784 587 3839 llsuardusliac
625 3783 710 3835 dic
740 3783 812 3834 ita
841 3797 962 3840 eum
1021 3781 1227 3834 refert:
1271 3798 1288 3830 ι
1331 3778 1536 3834 Natalis
1581 3781 1757 3835 sancti

1844 1940 2060 2011 Magno,
2097 1943 2255 2012 cujus
2283 1945 2598 2013 martyrium
2645 1947 2894 2015 pluribus
2920 1947 3184 2001 describit
3230 1947 3425 2002 Petrus

1846 2034 1913 2089 de
1939 2034 2219 2089 Nalalibus
2239 2035 2333 2089 lib.
2376 2037 2431 2098 7,
2474 2051 2594 2104 cap.
2664 2037 2779 2101 76,-
2823 2039 2875 2089 in
2899 2052 3008 2104 quo
3062 2046 3242 2090 tamen
3298 2052 3423 2091 cum

1851 2128 2061 2181 nullum
2092 2131 2157 2181 de
2193 2125 2251 2180 S.
2282 2128 2501 2181 Andrea
2545 2128 2816 2182 inveniam
2851 2127 3165 2197 vestigium,
3225 2130 3422 2183 mirum

1847 2218 1983 2270 mihi
2040 2218 2258 2279 accidit,
2350 2219 2521 2285 ipsius
2604 2236 2802 2275 nomen
2889 2222 3160 2276 intrusum
3216 2222 3317 2291 legi
3369 2224 3425 2277 in

1847 2311 1989 2365 dicta
2029 2310 2465 2363 annuntiatione.
2491 2310 2596 2364 Sed
2625 2328 2711 2365 res
2738 2314 2850 2366 haec
2879 2314 3126 2382 pluribus
3170 2325 3428 2369 tractatur

1850 2404 1994 2475 apud
2025 2419 2125 2458 nos
2152 2404 2253 2457 hac
2284 2402 2393 2465 die,
2429 2418 2533 2472 qua
2566 2404 2633 2456 de
2659 2414 2850 2459 sancto
2890 2404 3084 2476 Magno
3104 2406 3427 2477 Cappadoce

1852 2500 2047 2570 agitur,
2073 2516 2193 2569 pag.
2228 2496 2352 2550 7l7.
2371 2494 2527 2550 Nunc
2558 2497 2625 2550 de
2651 2497 3073 2554 hallucinatione
3112 2499 3429 2573 Martyrolo-

1852 2608 2042 2662 gortim
2076 2591 2329 2658 superius
2362 2590 2597 2641 indicata
2631 2599 2684 2644 et
2713 2590 2799 2644 hic
2819 2592 3069 2660 pluribus
3130 2596 3426 2651 refellenda

1855 2683 2211 2737 tractabimus
2243 2695 2257 2745 ;
2286 2696 2314 2733 c
2340 2695 2445 2748 qua
2472 2681 2688 2734 videtur
2712 2682 2978 2751 originem
3032 2686 3261 2742 traxisse
3324 2688 3430 2744 Ga-

1854 2774 2138 2828 lcsiniana.

1925 2868 1977 2922 5.
2017 2868 2083 2921 Et
2117 2884 2176 2921 ea
2218 2867 2432 2936 quidem
2473 2879 2553 2921 est
2587 2866 2784 2937 duplex
2823 2886 2837 2933 ;
2873 2867 3042 2925 altera
3086 2872 3140 2926 in
3192 2888 3259 2927 eo
3290 2890 3421 2929 vcr-

1858 2970 2029 3023 satur,
2080 2962 2239 3028 qttod'
2280 2962 2339 3013 ὃ.
2397 2961 2638 3015 Andrca:
2693 2961 2998 3018 addiderint
3056 2980 3252 3021 nomen
3320 2985 3430 3023 non

1857 3066 2037 3113 suum,
2103 3052 2277 3120 Magni
2332 3053 2629 3112 videlicet;
2689 3056 2857 3107 altera
2923 3059 3185 3110 incertior
3225 3062 3430 3127 priore,

1859 3141 2001 3211 quod
2044 3141 2241 3195 alicubi
2294 3142 2431 3196 forte
2456 3142 2514 3196 S.
2568 3142 2793 3214 Magnus
2846 3147 3006 3200 aliter
3050 3152 3431 3216 annuntiettir,

1858 3250 2018 3302 quam
2053 3234 2267 3297 debeat,
2301 3236 2376 3287 uti
2428 3251 2549 3290 mox
2578 3237 2841 3294 referam.
2878 3241 2957 3294 Ad
2986 3243 3219 3311 priorem
3282 3247 3425 3315 quod

1856 3327 2074 3387 attinet,
2104 3336 2299 3393 praeter
2332 3325 2418 3377 illa
2442 3365 2456 3389 ,
2483 3342 2602 3393 qua:
2669 3329 2830 3395 paulo
2880 3341 3004 3383 ante
3052 3334 3433 3399 prmiiiisimtis,

1856 3418 1971 3472 haec
2003 3418 2140 3471 addo
2169 3417 2235 3471 ad
2269 3419 2525 3486 majorem
2552 3416 2767 3472 illorum
2805 3422 3299 3481 confirmationem.
3334 3428 3437 3481 Ba-

1859 3514 2047 3565 ronius
2089 3512 2140 3563 in
2176 3512 2553 3566 natationibus
2590 3512 2691 3566 hac
2729 3513 2817 3567 die
2846 3514 2912 3566 l9
2968 3518 3195 3585 Augusti
3230 3520 3295 3572 ad
3328 3532 3428 3573 an~

1857 3606 2252 3658 nuntiationem
2290 3604 2645 3675 Martyrologii
2694 3604 2920 3660 Romani
2954 3594 3183 3663 Andreae
3226 3612 3428 3666 tribuni

1858 3705 2074 3757 etsoe.,
2121 3714 2137 3742 ι
2172 3695 2243 3745 De
2299 3696 2404 3754 his,
2453 3696 2544 3755 ait,
2585 3696 2685 3747 hac
2738 3695 2824 3750 die
2887 3695 3120 3751 Usuard.
3170 3709 3224 3753 et
3273 3702 3433 3763 Ado;

1859 3784 1986 3838 licet
2022 3784 2290 3837 Andream
2345 3798 2466 3835 cum
2498 3781 2554 3835 S.
2593 3781 2782 3851 Magno
2815 3784 3177 3838 confundant.
3221 3805 3237 3836 ι
3278 3788 3435 3840 Hnno

166 3879 382 3947 Magni,
410 3892 503 3929 seu
561 3878 732 3928 sancti
798 3874 1026 3926 Andreae
1089 3872 1361 3941 martyris.
1417 3887 1539 3925 cum
1595 3872 1758 3926 sociis

162 3971 294 4022 suis
326 3968 544 4021 duobus
584 3966 823 4019 millibus
870 3964 1178 4031 quingentis
1229 3964 1519 4027 nonaginta
1548 3972 1603 4014 et
1633 3977 1758 4029 sep-

166 4070 311 4114 teni.
359 4078 376 4108 ι
417 4058 494 4111 Ad
524 4073 684 4124 quam
714 4056 1189 4108 annutitiationein
1254 4054 1486 4122 istajain
1549 4052 1758 4119 pridem

162 4150 225 4202 in
269 4148 530 4204 Usuardo
562 4163 591 4199 a
664 4146 818 4199 nobis
868 4146 1013 4199 edito
1070 4144 1416 4197 etillustrato
1475 4144 1759 4197 observata

157 4254 308 4299 sunt
336 4286 350 4299 .
395 4262 412 4293 ι
445 4242 715 4297 Andream
739 4241 878 4309 apud
906 4238 1119 4293 Graecos
1143 4239 1554 4308 inclytissimttm
1576 4239 1764 4305 Mega-

160 4341 534 4405 loniartyrem
577 4331 922 4402 Martyrologi
950 4330 1118 4381 nostri
1147 4330 1319 4382 Latini
1352 4327 1763 4383 verosituillltne
1866 4347 2010 4394 rum,
2053 4341 2277 4384 auctore
2316 4330 2587 4400 Symeone
2622 4329 3011 4398 Metaphraste.
3047 4330 3284 4389 Vocatur
3339 4350 3437 4388 ati-

155 4445 231 4482 ex
251 4428 445 4481 Graeca
464 4424 818 4494 appellatione
843 4422 1136 4475 binomium
1159 4417 1649 4485 fecerintMagnum
1668 4430 1763 4468 seu
1870 4434 1974 4478 teni
2013 4425 2100 4476 hic
2128 4423 2372 4475 Andreas
2404 4422 2567 4473 etiam
2603 4436 2854 4489 magnus.
2878 4440 2895 4473 ³
2933 4433 3068 4484 εισι»
3099 4424 3179 4478 δίο
3205 4427 3394 4482 scribit
3419 4445 3435 4483 Ξ

156 4520 482 4573 Andream.
519 4518 608 4567 Sic
632 4517 834 4567 etenim
865 4514 1029 4573 Beda,
1066 4520 1227 4578 prout
1250 4509 1390 4578 apud
1425 4523 1525 4562 nos
1584 4509 1763 4562 editus
1798 4542 1839 4596 ο
1876 4535 1894 4568 ι
1932 4516 2047 4571 Hoc
2075 4530 2183 4569 non
2214 4522 2298 4569 est
2340 4513 2750 4582 intelligendum
2805 4514 2872 4568 de
2935 4521 3159 4571 nomine
3214 4521 3441 4590 pr0prio

152 4623 282 4672 εει,
308 4619 368 4662 ct
414 4623 481 4662 ex
516 4622 582 4661 eo
637 4605 914 4662 litabanus.
969 4603 1273 4656 Romanum
1324 4617 1569 4670 parvum,
1625 4600 1761 4663 Ado,
1868 4608 2043 4677 Magni
2074 4625 2088 4673 ;
2124 4608 2325 4677 quippe
2375 4607 2519 4676 quod
2568 4606 2625 4660 S.
2679 4606 2922 4661 Andreas
2954 4606 3273 4665 Stratelates
3329 4626 3441 4667 ηοη

152 4715 249 4765 et,
311 4708 477 4772 cujus
511 4704 621 4770 jam
682 4702 845 4752 verba
869 4698 1139 4759 dedimus,
1201 4695 1508 4750 Usuardus.
1575 4691 1753 4746 Melius

1871 4701 2083 4764 habuit,
2123 4700 2217 4753 sed
2242 4707 2450 4751 tantum
2506 4697 2574 4750 de
2607 4697 2761 4751 titulo
2796 4698 3295 4769 Μεγαλομάρτυρος
3324 4704 3442 4758 sive

153 4795 427 4845 fortasse
452 4786 731 4858 legissent,
767 4786 943 4855 magni
974 4787 1205 4839 Andreae
1242 4800 1463 4853 :neque
1497 4784 1640 4837 enim
1667 4798 1764 4837 ve-
1868 4790 2055 4860 Magni
2089 4788 2363 4857 martyris.
2404 4786 2495 4855 qui
2521 4785 2597 4839 illi
2647 4786 2701 4839 in
2732 4787 2897 4855 hujus
2952 4790 3289 4846 narrationis
3347 4794 3437 4847 in-

155 4882 436 4940 t‘OSitItlle
458 4890 610 4949 puto,
647 4878 1035 4946 Martyrologos
1065 4887 1284 4931 nostros
1340 4878 1611 4930 Andream
1669 4874 1766 4927 ll'l-
1869 4864 2166 4952 scriptione
2213 4881 2397 4936 Greca
2458 4882 2684 4935 honoris
2733 4896 2900 4936 causa
2962 4885 3238 4938 tribuitur,
3308 4887 3441 4942 Per-

153 4976 399 5027 bunum
430 4973 662 5025 militum
711 4985 835 5024 cum
901 4970 1092 5040 Magno
1155 4971 1413 5039 episcopo
1479 4968 1763 5039 Anagnino
1869 4989 2052 5043 perant
2085 4974 2244 5043 igitur
2299 4982 2354 5025 et
2392 4971 2625 5026 absurde
2673 4972 2729 5024 in
2775 4971 2983 5025 Adonis
3036 4974 3439 5045 archiepisc0pi

150 5066 529 5121 confundere
555 5066 810 5118 voluisse.
852 5082 872 5115 ι
909 5062 1061 5116 Hanc
1090 5063 1527 5115 observationem
1564 5063 1631 5113 de
1662 5062 1765 5114 du-
1874 5054 2196 5119 Viennensis
2210 5063 2581 5133 Martyrologio
2609 5062 2699 5117 die
2727 5061 2792 5117 19
2811 5064 3301 5136 Augustilegitur:
3331 5070 3442 5126 Na.

154 5159 316 5225 plici
349 5156 575 5211 nomine
590 5155 765 5208 eidem
791 5166 980 5210 nostro
1002 5158 1221 5223 martyri
1247 5166 1532 5223 perperam
1570 5153 1764 5217 indito,
1871 5158 1994 5212 talis
2026 5157 2197 5211 sancti
2224 5155 2396 5224 Magni
2422 5171 2519 5210 seu
2546 5156 2719 5210 sancti
2748 5157 3005 5221 Andreae,
3044 5179 3064 5210 ι
3090 5170 3195 5215 etc.
3241 5163 3435 5223 Merito

150 5250 423 5303 inferius
456 5246 777 5303 confirmare
818 5248 1159 5304 conabimur.
1216 5246 1489 5302 Habemus
1550 5247 1764 5301 interim
1873 5253 2056 5320 itaque
2082 5250 2206 5308 ista,
2246 5267 2264 5299 ι
2321 5248 2559 5305 Vocatur
2610 5259 2794 5304 autem
2844 5248 2935 5306 hic
2975 5251 3216 5309 Andreas
3269 5257 3435 5313 etiam

149 5355 238 5394 ex
278 5341 457 5395 dictis
486 5344 503 5410 (
536 5340 669 5393 nihil
692 5344 891 5409 quippe
924 5340 1070 5410 cegit
1096 5355 1287 5395 omnes
1319 5340 1437 5393 illas
1469 5339 1764 5393 annuntia-
1872 5342 2112 5411 Magnus,
2149 5359 2166 5392 ι
2201 5343 2399 5396 omissa
2430 5352 2560 5396 sunt
2589 5342 2644 5395 in
2672 5343 2913 5398 editione
2930 5344 3099 5406 Surii,
3122 5361 3267 5400 anno
3298 5350 3437 5405 1618

150 5433 373 5485 tiones
408 5432 514 5485 huc
545 5433 783 5502 integras
847 5434 1210 5487 transcribere
1242 5438 1260 5495 )
1291 5432 1468 5503 magni
1529 5433 1766 5487 nominis
1872 5432 2108 5488 Coloniae.
2136 5433 2301 5489 edita.
2336 5431 2463 5486 Ιίκο
2488 5432 2555 5488 de
2590 5448 2777 5488 errore
2816 5434 2946 5488 isto.
3001 5433 3061 5489 ιιι
3090 5437 3256 5492 alium
3298 5440 3438 5495 forte

149 5525 488 5589 martyrem
525 5525 689 5578 luisse
716 5524 772 5577 S.
826 5527 1092 5579 Andream
1149 5525 1200 5577 in
1259 5524 1494 5579 Ecclesia
1554 5523 1765 5577 Latina.
1876 5522 2057 5590 lapsus
2106 5532 2191 5576 est
2246 5520 2689 5588 Wandelbertus,
2724 5523 2857 5578 dum
2910 5523 3093 5581 eidem
3141 5539 3437 5598 martyrum

156 5615 253 5668 De
308 5608 710 5667 Wandelberto
774 5625 959 5683 postea
1014 5629 1257 5685 agemus.
1324 5614 1766 5684 Martyrologiutn
1876 5612 2155 5681 manipulo
2205 5611 2418 5665 videtur
2471 5611 2791 5679 adjunxisse
2838 5611 2897 5667 S.
2938 5614 3187 5685 Magnum
3222 5615 3438 5685 Cappa-

152 5705 507 5759 Rmnanum
553 5704 871 5759 moderatim
924 5706 997 5758 ita
1044 5708 1111 5759 de
1165 5707 1254 5760 illo
1306 5706 1513 5776 legit-ac
1584 5706 1766 5768 sociis,
1876 5702 2088 5765 decem,
2125 5704 2210 5755 cui
2259 5702 2417 5757 aliam
2452 5704 2691 5772 martyrii
2732 5705 3032 5775 palaestram
3094 5721 3255 5776 supra
3297 5713 3438 5766 assi-

148 5813 435 5868 quoruin
468 5804 649 5850 tamen
679 5812 966 5853 numerum
993 5814 1097 5854 non
1119 5800 1442 5855 determinat
1478 5814 1491 5850 :
1532 5798 1617 5849 tln
1639 5796 1768 5853 Cili-
1878 5796 2185 5863 gnsvimus.
2228 5794 2319 5853 Sic
2367 5797 2509 5850 enim
2545 5797 2691 5852 canit

1860 3893 2101 3931 errorem
2117 3880 2278 3930 etiam
2310 3875 2539 3946 castigat
2562 3874 2883 3930 Lambecius
2905 3874 3433 3934 Commentariorum

1862 3971 1927 4022 dc
1952 3970 2279 4022 bibliotheca
2302 3968 2546 4020 Caesarea
2580 3967 3015 4031 Vindobonensi,
3038 3968 3130 4023 lib.
3164 3986 3281 4033 vni,
3312 3988 3435 4042 pag.

1861 4061 1988 4123 (ἰοὶ,
2012 4060 2099 4115 ubi
2140 4061 2426 4114 occasione
2454 4058 2718 4111 versionis
2748 4057 2951 4112 Latina:
2981 4070 3036 4113 et
3060 4060 3267 4116 exordii
3328 4063 3439 4118 Ac-

1867 4158 2041 4203 torum
2077 4150 2135 4203 S.
2162 4149 2388 4203 Andreae
2410 4163 2471 4201 ac
2494 4147 2761 4201 sociorum
2792 4145 2932 4216 apud
2953 4146 3169 4202 Surium
3206 4151 3305 4204 hac
3327 4156 3436 4216 die,

1871 4258 1889 4289 ‹
1930 4240 2238 4309 Martyrium
2269 4237 2326 4291 S.
2356 4237 2603 4300 Andreze,
2632 4238 2785 4293 ducis
2824 4241 3119 4305 exercitus,
3173 4252 3228 4295 et
3264 4243 3441 4298 socio-
