4170 6322
734 403 825 475 581

742 519 962 584 Magn”
997 519 1051 565 et
1077 508 1311 584 Andreas
1343 507 1533 584 quarta
1563 498 1808 580 denaque.
1833 496 2109 584 coruscant
2148 503 2163 540 :

737 565 956 657 sapient
979 581 1263 650 nonaginta
1299 565 1645 657 et'guinlg‘e'ntt;
1663 565 2018 657 .comif'antnr,

739 631 1310 724 D-uroi'paiit‘terysuncti
1338 631 1596 697 sintutvhit
1622 639 1699 690 bis
1735 631 1878 687 mille
1912 637 2219 700 sequuntur.

811 768 865 821 6.
881 763 1041 819 Varia
1066 768 1191 814 sunt
1218 758 1475 809 Aet-orum
1496 746 1841 817 exemplaria.
1860 737 2316 797 Lambeciusloco

745 864 911 918 citato
930 872 1049 927 pag.
1078 854 1173 907 201
1202 860 1247 904 et
1275 848 1382 902 202
1412 858 1580 898 unum
1613 840 1766 899 affert
1788 840 1890 891 hoc
1919 836 2072 890 titulo
2090 849 2151 885 ac
2170 830 2317 900 prin-

738 951 885 1020 cipio
913 922 945 1003 ς’
969 922 1046 1017 Ίῖῇ
1079 945 1218 1019 αὐτῇ
1262 942 1464 1010 ἡμέρᾳ.
1504 934 1760 999 "Attium;
1805 931 1897 982 τοῦ
1932 928 2089 993 ἁγίου
2120 924 2213 974 καὶ
2236 922 2319 973 ὲν-

737 1015 886 1110 δὸξθυ
932 1015 1417 1111 μεέαλομάρτυρος
1474 1026 1725 1093 Ἀνδρέου
1776 1021 1870 1073 τοῦ
1899 1015 2317 1086 Στρςιτηλάτηυ⁹

746 1140 842 1191 καὶ
871 1135 981 1187 τῶν
1025 1132 1121 1183 σὺν
1170 1125 1316 1194 αὐτῷ
1365 1118 1757 1174 τελειωθέντων
1799 1112 2074 1181 δισχιλίων
2127 1123 2323 1159 πεντα-

750 1229 951 1283 κοσίων
982 1223 1333 1289 ἐννενήκοντα
1362 1216 1550 1286 τριῶν.
1584 1212 1671 1263 Ἐν
1700 1211 1814 1269 τοῖς
1861 1205 2069 1275 χρόνοις
2104 1200 2200 1267 τῆς
2229 1196 2321 1249 τοῦ

746 1317 1116 1374 ἀσεϐεστάτου
1167 1305 1509 1374 Μαξιμιανοῦ
1567 1301 1839 1371 βασιλείας
1893 1293 2129 1361 διωγμὸς
2183 1290 2323 1342 κατᾶ

755 1407 1098 1481 Χριστιανῶν
1130 1405 1347 1471 ἐγένετο
1386 1398 1580 1468 μέγας,
1617 1393 1709 1444 καὶ
1746 1390 1976 1458 μάλιστα
2015 1387 2069 1436 ἐν
2095 1385 2203 1442 τοῖς
2231 1380 2326 1449 μὲ-

753 1518 872 1575 ρεσι
895 1500 994 1568 τῆς
1033 1495 1231 1565 Συρίας
1256 1509 1271 1524 ο
1313 1485 1458 1558 εἶχεν
1487 1487 1541 1538 δὲ
1576 1485 1694 1535 τότε
1735 1481 1833 1549 τῆς
1876 1479 2052 1528 ὲκεῑτε
2088 1487 2324 1541 στρατη-

749 1589 1146 1664 γικῆς¹τάξεως
1176 1586 1275 1653 τὴν
1302 1580 1476 1648 ἀρχὴν
1525 1573 1792 1641 Ἀντίοχός
1842 1587 1943 1629 τις,
1982 1563 2327 1628 δεισιδαίμων

749 1652 1034 1755 ὲαοέῷποξ
1076 1680 1172 1743 ὢν,
1209 1652 1305 1729 etc.
1339 1671 1392 1725 Id
1440 1680 1559 1723 cst:
1604 1667 1804 1719 Eadem
1848 1664 1929 1713 die
1958 1657 2050 1727 (l9
2082 1652 2327 1723 Augusti)

754 1789 1020 1833 certamen
1042 1770 1209 1825 sancti
1239 1777 1285 1821 et
1310 1763 1519 1837 gloriosi
1569 1757 1745 1827 magni
1794 1751 2039 1817 martyris
2090 1749 2325 1813 Andron;

757 1871 905 1925 ducis
938 1866 1214 1925 exercitus,
1243 1872 1289 1911 et
1331 1858 1406 1910 bis
1434 1854 1580 1909 mille
1610 1852 2003 1918 quingentorum
2032 1842 2315 1910 nonaginta
2351 1837 2393 1895 Β

758 1962 922 2015 trium
961 1971 1077 2009 cum
1108 1969 1165 2006 eo
1194 1957 1600 2019 peremptorum.
1655 1938 1989 2006 Temporibus
2036 1932 2327 2001 rmpiissinti

764 2046 1077 2107 Maximiani
1105 2037 1443 2109 imperatoris
1474 2047 1663 2101 magna
1696 2030 1941 2082 adversus
2004 2023 2327 2078 Christianos

763 2152 908 2198 mota
946 2150 1018 2192 est
1058 2134 1624 2206 persecutio,rna:t:tme
1646 2126 1695 2175 in
1730 2123 1966 2189 partibus
1993 2112 2331 2184 Syriw.Qui-

758 2235 883 2287 dant
911 2239 1088 2282 autem
1122 2223 1426 2277 Antiochus.
1455 2211 2043 2285 superstitionideorum
2089 2205 2328 2256 addictus

758 2324 930 2385 homo,
955 2318 1140 2372 ibidem
1175 2323 1300 2367 tunc
1328 2312 1527 2365 ordinis
1568 2303 1816 2358 militaris
1849 2301 2125 2369 imperium
2192 2307 2333 2348 tene-

758 2414 869 2475 bat,
925 2420 1030 2465 etc.
1082 2407 1349 2461 Observat
1398 2396 1723 2454 Lambecius
1771 2393 1909 2445 hanc
1962 2388 2329 2443 narrationem

760 2474 953 2559 Latine
1000 2505 1215 2551 exstare
1266 2492 1408 2561 apud
1444 2486 1797 2540 Laurentium
1854 2480 2092 2536 Surium,
2130 2492 2193 2528 ac
2232 2474 2333 2543 Sy-

761 2587 941 2647 meoui
978 2584 1357 2653 Metaphrastze
1386 2576 1586 2631 ibidem
1629 2573 1815 2633 tribui,
1848 2578 1905 2621 ut
1933 2567 2094 2621 modo
2124 2564 2336 2617 indica-

766 2692 883 2736 tum
935 2686 1042 2734 est.
1083 2673 1190 2728 Sed
1227 2670 1433 2725 nullum
1476 2665 1719 2734 eiusdem
1774 2660 2058 2728 vestigium
2115 2654 2334 2709 invenio

768 2771 915 2841 apud
956 2766 1211 2821 Allatium
1247 2763 1301 2813 in
1341 2760 1579 2813 Diatriba
1626 2756 1691 2807 de
1722 2753 2047 2823 Symeonum
2077 2748 2336 2815 scriptisa

764 2839 888 2939 pag.
929 2862 1047 2925 124,
1074 2858 1160 2913 ubi
1183 2855 1332 2912 Vitas
1359 2856 1667 2907 enumerat,
1703 2858 1841 2913 quas
1878 2853 2136 2908 tanquam
2171 2839 2339 2890 Mela-

766 2932 1003 3030 par-astte
1056 2949 1300 3021 proprias
1339 2947 1534 3011 signal.
1570 2936 1807 2991 Consule
1858 2948 1978 3000 quae
2017 2932 2159 2982 dicta
2210 2936 2340 2981 sunt

768 3021 915 3104 ionio
941 3045 1009 3099 Ill
1041 3042 1202 3113 hujus
1233 3036 1439 3091 tnensis
1486 3050 1605 3102 pag.
1656 3030 1756 3082 7I9
1786 3028 1852 3081 de
1904 3025 2051 3078 Actis
2084 3023 2139 3076 S.
2179 3021 2337 3091 EUpli

770 3139 1042 3210 martyris.
1116 3133 1390 3186 Habemus
1444 3127 1608 3179 etiam
1674 3118 1949 3189 exemplar
1986 3115 2228 3171 Grascuttt
2284 3117 2338 3167 in

768 3207 959 3288 nostro
996 3224 1243 3293 codice-i-
1284 3238 1385 3275 ms.
1422 3220 1545 3280 194,
1582 3216 1739 3284 cujus
1799 3211 2127 3279 exemplaris
2185 3207 2341 3259 titulo

769 3324 1106 3395 praenotatur
1153 3316 1342 3371 eadem
1384 3313 1437 3365 iu
1491 3324 1593 3363 ms.
1631 3308 1832 3360 Caesar.
1867 3303 1935 3355 45
1961 3318 2081 3371 pag.
2120 3300 2216 3352 Em
2254 3314 2347 3353 ex-

777 3431 947 3473 stare.
981 3412 1141 3470 Aliud
1169 3411 1418 3465 Graecum
1452 3400 1818 3471 apographum
1851 3411 2194 3451 assert-amas
2244 3395 2345 3447 hoc

774 3513 935 3568 titulo
966 3525 982 3564 :
1014 3503 1327 3574 Μαρτύριον
1365 3498 1458 3551 τοῦ
1489 3496 1643 3563 ἁγίου
1679 3496 1948 3563 μάρτυρος
1979 3491 2070 3543 τοῦ
2104 3490 2343 3557 Στρατη,

774 3606 965 3664 λάτον,
993 3614 1056 3652 ex
1082 3596 1206 3650 cod.
1233 3592 1480 3645 Ambros.
1510 3588 1575 3640 N.
1600 3586 1636 3639 Γ.
1670 3583 1865 3646 n.15'2,
1894 3585 2030 3635 sicut
2057 3581 2273 3635 additur
2292 3581 2344 3634 in

774 3694 965 3748 eodem
991 3684 1325 3758 apographo.
1354 3680 1549 3747 Incipit
1578 3697 1591 3732 :
1618 3676 1719 3728 Τὸν
1744 3675 2052 3744 Θαυμαστὸν
2093 3674 2346 3741 Ἀνδρέαν

773 3789 866 3841 τὸν
899 3782 1299 3856 στρατηλάτην.
1332 3772 1627 3830 Mirabilem
1658 3770 1921 3824 Andream
1954 3769 2208 3820 exercitus
2246 3768 2348 3818 (ln-

774 3895 907 3939 cem,
940 3885 1045 3929 etc.

848 3992 898 4044 7.
945 3985 1209 4041 Baronius
1237 3997 1381 4038 anno
1433 3979 1633 4035 Christi
1694 3979 1790 4034 501
1828 3976 2205 4032 collectionem
2264 3971 2347 4023 hi-

777 4083 1031 4139 storicam
1071 4078 1332 4132 Actorum
1380 4075 1615 4127 intexuit
1647 4089 1660 4125 :
1692 4088 1813 4140 quo:
1842 4070 2085 4139 quidem,
2120 4065 2197 4118 ait
2243 4065 2349 4118 ibi.

778 4178 900 4231 dem
938 4187 1088 4227 num.
1121 4171 1175 4237 5,
1205 4183 1464 4239 germana
1501 4173 1822 4220 noscuntur.
1878 4168 1967 4226 At,
2017 4160 2157 4214 bona
2207 4157 2348 4211 eud-

779 4262 1091 4322 nentissimi
1130 4259 1428 4314 cardinalis
1461 4259 1641 4318 venia,
1667 4270 1776 4306 nou
1826 4267 2009 4319 paucae
2054 4255 2351 4302 occurrunt

778 4357 1146 4416 diliicultates,
1190 4348 1441 4420 quasillis
1470 4344 1897 4399 incommodaut.
1971 4338 2103 4393 Nam
2152 4340 2348 4407 primo,

781 4468 845 4507 ea
878 4466 987 4504 non
1038 4460 1164 4501 esse
1216 4452 1435 4498 exarata
1477 4457 1506 4495 a
1547 4440 1812 4508 scriptore
1867 4448 2345 4505 contemporaneo,

1974 370 2253 434 MENSIS
2294 364 2719 426 AUGUSTUS.

2333 479 2636 549 Aiutligni,
2698 478 2925 532 nomina
2980 476 3373 539 invocaverint,
3430 481 3630 545 praesta
3688 468 3987 540 petitiones

3876 353 3980 419 592

2417 568 2555 632 illas,
2592 583 2712 636 quae
2752 566 2817 620 ad
2853 566 3081 620 salutem
3120 564 3439 634 pertinent;
3470 561 3673 631 quique
3702 557 3768 610 ad
3809 556 3987 610 locum

2418 659 2563 713 hunc
2598 657 2963 727 confugerint,
3000 671 3096 710 eos
3136 666 3355 725 protege
3382 693 3397 708 .
3428 692 3443 706 .
3494 662 3547 706 et
3575 668 3687 720 quo
3718 652 3838 703 loco
3888 650 3988 701 hu-

2419 750 2563 803 milis
2593 748 2816 817 sanguis
2844 756 3034 799 noster
3071 744 3278 799 effusus
3310 744 3496 802 fuerit.
3526 742 3618 795 ﬁat
3677 740 3789 793 illis
3826 753 3987 792 cura-

2422 843 2629 894 tionum
2661 842 2811 899 l'ons,
2864 857 2882 890 ι
2913 846 3020 892 etc.
3043 837 3247 898 Oratio,
3284 838 3524 905 inquam.
3556 833 3641 885 illa
3670 845 3880 883 merum
3915 838 3995 881 est

2422 934 2747 1002 episodium,
2783 948 2905 986 cum
2932 948 2959 985 a
2987 931 3203 984 nemine
3227 928 3462 1002 potuerit
3501 926 3673 978 auditi
3704 923 3807 975 nisi
3836 937 3863 973 a
3907 935 3991 973 so-

2424 1025 2488 1077 lis
2525 1025 2655 1093 ipsis
2683 1024 3033 1091 martyribus,
3068 1023 3267 1089 quibus
3301 1035 3397 1088 per
3428 1028 3643 1083 tempus
3675 1029 3785 1067 non
3844 1010 3993 1061 licuit

2423 1134 2543 1171 eam
2589 1118 2709 1169 aliis
2748 1116 2975 1169 referre.
3018 1115 3240 1167 Aet-edit
3278 1127 3362 1172 eo,
3393 1110 3537 1180 quod
3584 1122 3693 1160 non
3741 1104 3877 1157 satis
3922 1101 3997 1151 vi-

2424 1210 2617 1262 deatur
2653 1215 3023 1259 consentanea
3068 1201 3365 1255 humilitati
3413 1198 3759 1257 Christianar,
3796 1207 3916 1261 qua:
3949 1190 4003 1241 iu

2425 1298 2754 1367 martyribus
2791 1299 3007 1349 elucere
3039 1293 3219 1347 debet.

2497 1392 2546 1444 8.
2594 1392 2801 1451 Tertio,
2864 1391 3060 1441 tnirum
3132 1389 3294 1439 etiam
3330 1382 3496 1436 videri
3541 1389 3741 1449 potest,
3795 1375 3854 1429 S.
3894 1375 4005 1427 An~

2429 1487 2638 1541 dream.
2672 1483 2874 1541 Christi
2910 1483 3067 1534 tidem
3098 1481 3427 1547 amplexum,
3471 1478 3658 1545 prtetio
3715 1473 3837 1527 uni.
3876 1468 4006 1534 quin

2431 1578 2539 1630 imo
2593 1574 2881 1643 pluribus.
2947 1578 3108 1638 prout
3166 1575 3410 1636 apparet,
3479 1578 3600 1616 sese
3654 1558 4002 1627 exposuisse,

2430 1680 2723 1736 antequam
2759 1667 3008 1733 petiissct
3059 1673 3222 1729 atque
3274 1656 3599 1711 obtinuisset
3651 1651 4003 1718 baptismum.

2430 1762 2745 1825 Audiautur
2784 1762 2914 1811 Acta
2947 1775 2961 1807 :
3004 1774 3020 1805 ι
3058 1757 3206 1806 Inter
3243 1751 3509 1803 idolorum
3549 1746 3795 1797 cultores
3864 1738 4006 1787 Velut

2428 1870 2545 1908 rosa
2573 1853 2797 1906 ﬂorebat
2832 1851 2974 1902 inter
3018 1848 3204 1915 Spinas
3241 1882 3254 1895 .
3296 1885 3308 1896 .
3347 1837 3701 1895 ﬁdelissimus
3749 1831 3842 1887 Dei
3891 1844 4006 1881 ser-

2429 1961 2527 1997 vus
2552 1954 2605 1997 et
2641 1954 2845 2010 martyr
2867 1940 3111 1993 Andreas
3137 1976 3174 1989 ..
3212 1934 3307 1987 Hic
3335 1970 3348 1985 .
3378 1971 3389 1983 .
3410 1932 3538 1983 .lesu
3577 1925 3781 1981 Christi
3852 1932 4004 1987 opem

2429 2048 2719 2093 assecutus
2749 2033 3157 2089 adversantium
3191 2026 3659 2083 bellorumhnstcs
3686 2020 4005 2085 snperabat.

2431 2143 2484 2187 et
2516 2133 2700 2185 multis
2733 2128 2966 2198 egregiis
3015 2143 3077 2179 ac
3111 2124 3349 2179 strenuis
3379 2119 3716 2174 facinoribus
3776 2110 4009 2164 excelle-

2432 2227 2546 2281 bat.
2585 2225 2732 2278 Bello
2766 2233 2946 2276 autem
2977 2230 3165 2273 contra
3197 2218 3392 2270 Persas
3428 2213 3527 2283 ipsi
3566 2208 3889 2264 commisso,
3924 2216 4013 2255 eos

2433 2318 2598 2381 solos,
2636 2332 2774 2384 quos
2823 2313 3111 2367 timuiieste
3170 2309 3409 2361 cmlcStls
3465 2304 3632 2373 gratia
3666 2303 3713 2354 ei
3767 2299 4015 2363 designa-

2435 2411 2533 2471 vit,
2565 2424 2747 2461 secum
2787 2408 3012 2462 habens,
3047 2400 3315 2469 oppositis
3347 2396 3595 2449 hostibus
3634 2392 3887 2461 pra-lium
3942 2391 4015 2438 in—

2438 2503 2579 2555 tulit.
2613 2500 2730 2553 Jam
2769 2514 2899 2550 vero
2935 2510 3056 2549 cum
3088 2500 3232 2547 esset
3261 2501 3654 2558 congressurus
3689 2498 3819 2535 cum
3861 2478 4018 2533 hosti-

2438 2596 2559 2658 bus,
2597 2605 2784 2645 corum
2806 2591 3079 2659 ingentem
3106 2583 3506 2638 multitudinem
3532 2578 3735 2631 divinae
3766 2572 4020 2641 cngnitio-

2438 2686 2521 2738 nis
2551 2694 2931 2751 argumentum
2970 2679 3083 2731 suis
3119 2674 3381 2728 militibus
3414 2669 3699 2739 proposuit
3736 2681 3753 2719 :
3781 2666 4017 2716 nondum

2440 2777 2585 2835 enim
2616 2776 2817 2828 Christi
2876 2772 2965 2824 Dei
3010 2767 3183 2820 nostri
3237 2765 3338 2818 [ide
3388 2760 3574 2815 donati
3624 2760 3849 2811 Inerant
3890 2794 3904 2816 ,
3936 2752 4019 2822 qui

2441 2870 2706 2921 illustrem
2739 2867 2804 2918 de
2844 2863 3094 2929 hosribus
3121 2859 3249 2926 ipsis
3278 2856 3561 2909 victoriam
3592 2854 4014 2921 depcrtaruntn

2444 2960 2707 3030 Sequitur
2746 2969 2931 3027 postea
2965 2957 3020 3010 S.
3045 2955 3277 3008 Andrcze
3312 2948 3606 3005 confessio,
3648 2946 3937 2997 cruciatus
3975 2941 4020 2991 in

2442 3054 2609 3125 ignito
2650 3058 2789 3105 lecto
2832 3064 3003 3110 teuco,
3059 3047 3327 3099 sociorum
3390 3040 3622 3092 militum
3657 3033 4021 3102 supplicium,

2449 3158 2536 3200 etc.
2559 3187 2571 3198 .
2592 3187 2605 3206 ,
2636 3144 2834 3212 quibus
2860 3142 3083 3192 tandem
3120 3153 3243 3189 cum
3288 3132 3464 3202 ipsius
3491 3140 3603 3181 tum
3628 3124 3872 3181 militum
3903 3124 4023 3182 sub«

2452 3240 2600 3293 ditur
2626 3236 2945 3306 haptismus.
2982 3246 3140 3300 quem
3163 3230 3423 3282 dicuntur
3444 3223 3765 3288 suscepisse
3812 3235 3841 3270 a
3875 3217 4024 3269 Petro

2450 3332 2600 3385 urbis
2641 3328 2926 3381 Tarsensis
2986 3328 3261 3392 episcopo,
3307 3328 3591 3386 postquam
3632 3328 3700 3363 eo
3750 3312 3897 3363 clam
3926 3310 4026 3359 dis—

2450 3422 2765 3475 cessissent.
2806 3416 2911 3468 Nos
2939 3414 3155 3466 interim
3202 3425 3265 3462 ex
3292 3407 3454 3461 dictis
3518 3403 3935 3459 concludimus,
3981 3398 4025 3448 in

2451 3510 2762 3586 huiusmodi
2793 3511 3055 3560 Actorum
3085 3503 3309 3558 historia
3345 3516 3451 3554 non
3489 3509 3596 3553 tam
3631 3499 3895 3550 relucere
3926 3493 4025 3545 siu-

2451 3621 2630 3661 ccram
2686 3603 3076 3661 narrationem,
3136 3610 3297 3663 quam
3344 3592 3575 3647 Graeculi
3618 3587 4025 3647 Scribiilatnris,

2450 3695 2692 3765 quisquis
2709 3694 2925 3746 domum
2960 3691 3048 3742 ille
3073 3685 3726 3754 fuerit,compositionmu
3763 3699 3777 3735 :
3818 3681 3870 3734 id
3892 3679 4023 3747 quod

2450 3789 2863 3845 Conﬁrmabitur
2893 3802 2957 3839 ex
2989 3784 3105 3837 aliis
3132 3780 3455 3849 Quibusdam
3486 3774 3885 3835 incommodis,
3916 3787 4025 3837 qua:

2452 3883 2679 3935 inferius
2710 3885 3105 3946 proponentur.
3146 3872 3277 3925 Vide
3313 3872 3604 3922 Adnotata.

2522 3969 3204 4026 9.Numerussauctorum
3246 3972 3541 4032 martyrum
3612 3974 3723 4013 non
3804 3957 4029 4027 ponitur

2452 4064 2643 4117 eodem
2699 4061 2859 4113 modo
2897 4056 3037 4126 apud
3087 4054 3304 4108 (ἱππί-οε
3336 4068 3399 4106 ac
3449 4052 3687 4106 Latinos.
3723 4049 3790 4102 Hi
3834 4051 4029 4118 quippe

2452 4157 2723 4209 exstitisse
2750 4153 2871 4205 illos
2917 4158 3221 4202 metnorant
3257 4147 3339 4199 bis
3392 4144 3534 4198 mille
3568 4142 3904 4211 quingentos
3935 4157 4029 4192 uo-

2454 4247 2673 4316 ttagiula
2708 4254 2938 4310 septem,
2979 4257 3043 4293 ex
3084 4239 3378 4308 praetulissis
3406 4250 3565 4302 supra
3598 4249 3759 4286 num.
3802 4234 3855 4293 5,
3900 4230 4031 4282 Mar-

2455 4327 2774 4409 tyrologium
2839 4333 3142 4385 Ruinanum
3202 4348 3309 4381 non
3343 4331 3517 4396 signat
3575 4337 3924 4377 numerum:
3982 4323 4031 4374 in

2456 4431 2611 4499 cujus
2643 4426 3095 4481 detcrntiuatione
3158 4419 3303 4475 Fasti
3351 4418 3546 4477 Grzeci.
3602 4433 3761 4471 num.
3811 4421 3829 4471 i
3891 4414 4033 4470 citati

780 4544 913 4601 illud
943 4551 1027 4595 est
1072 4538 1299 4594 indicio.
1326 4535 1471 4602 quod
1503 4534 1556 4585 in
1589 4532 1858 4600 principio
1888 4531 2103 4581 illorum
2154 4528 2343 4580 dican-
2380 4525 2424 4581 D
2458 4525 2569 4577 fere
2603 4537 2723 4574 cum
2751 4519 2955 4573 Latinis
2986 4515 3223 4584 antiquis
3248 4511 3618 4568 consentiunt.
3658 4508 3793 4562 Acta
3828 4510 4032 4560 nullum

781 4647 875 4691 tur
896 4636 1030 4687 ista:
1070 4649 1087 4681 ι
1119 4628 1433 4683 Persecutio
1470 4624 1714 4693 quaedam
1747 4637 1939 4691 magna
1976 4630 2164 4673 contra
2194 4617 2347 4670 Chri-

791 4728 999 4783 stianos
1036 4732 1307 4779 commota
1344 4727 1429 4772 est
1453 4759 1465 4771 .
1502 4718 1623 4770 Erat
1662 4727 1905 4783 tetnpore
1932 4714 2023 4767 illo
2050 4714 2355 4767 Antiochus

785 4819 1027 4892 quidam.
1075 4833 1095 4867 ι
1154 4811 1224 4866 Ει
1256 4810 1521 4865 inferius:
1588 4825 1607 4859 ι
1641 4808 2040 4863 Celeberrimos
2087 4817 2293 4877 martyr
2331 4825 2349 4857 ι

786 4925 1013 4971 vocatur
1045 4908 1304 4964 Sanctus.
1348 4902 1538 4955 Postea
1572 4916 1704 4953 vero
1747 4900 2043 4967 sequitur:
2099 4918 2117 4949 ι
2159 4900 2355 4952 Statim

789 5017 994 5067 autem,
1040 4996 1496 5072 quemadmodum
1530 5003 1751 5048 sanctus
1810 5003 2017 5062 martyr
2100 4991 2357 5061 precibus

789 5100 908 5156 suis
941 5095 1334 5165 postulaverat,
1359 5087 1517 5141 locus
1546 5089 1599 5138 in
1638 5099 1799 5152 quem
1854 5083 2195 5138 venerandus
2237 5096 2362 5134 san-

792 5190 916 5262 guis
941 5186 1033 5240 ille
1073 5192 1369 5252 martyrum
1417 5172 1737 5239 deﬂuxerat,
1786 5174 1908 5226 fons
1965 5173 2187 5241 quidam
2229 5168 2364 5223 eﬂ‘e-

790 5284 919 5339 ci’us
965 5288 1070 5341 est,
1125 5274 1539 5344 omnigenarum
1590 5269 2013 5337 aegrotationum
2070 5266 2360 5319 sanitatem

794 5373 1048 5431 atterens,
1082 5371 1179 5440 qui
1220 5364 1342 5421 iuns
1389 5364 1455 5418 ad
1496 5362 1817 5416 hodiernum
1856 5376 2027 5430 usque
2047 5358 2191 5414 diem
2241 5372 2361 5429 gra-

795 5470 886 5527 tiis
914 5464 1209 5521 redundat.
1249 5480 1268 5513 ι
1297 5462 1381 5515 An
1414 5458 1503 5512 illa
1536 5454 1747 5511 auctori
1812 5454 2122 5525 synchrono
2160 5467 2362 5509 conve-

797 5557 1007 5617 niunt?
1036 5553 1310 5618 Secundo,
1368 5550 1544 5607 oratio
1582 5548 1640 5605 S.
1684 5546 1934 5607 Andreas,
1978 5547 2029 5600 in
2063 5563 2169 5617 qua
2188 5546 2361 5602 dicit:

799 5668 823 5706 ι
860 5651 1086 5708 Βοωὶιιε
1121 5645 1293 5701 Deus.
1322 5683 1337 5698 .
1387 5644 1571 5716 accipe
1603 5641 1707 5696 mei
1737 5640 2072 5711 peccatoris.
2094 5678 2108 5693 .
2150 5654 2362 5709 preces,

796 5757 1091 5821 eorumque
1119 5740 1363 5793 omnium
1402 5736 1498 5807 qui
1533 5751 1745 5790 mecum
1792 5742 1923 5790 sunt
1959 5772 1973 5789 .
1999 5776 2011 5790 .
2075 5734 2364 5788 omnibus-

790 5852 903 5903 que
946 5836 1030 5890 bis
1058 5832 1150 5905 qui
1173 5830 1514 5890 necessitatis
1548 5839 1789 5901 tempore
1818 5837 2023 5895 nostra,
2048 5827 2141 5898 qui
2176 5841 2367 5884 sumus

2460 4616 2676 4685 quidem
2705 4614 2865 4665 etiam
2898 4623 3178 4662 numerum
3234 4605 3630 4658 determiuant:
3660 4603 3753 4653 sed
3814 4614 4037 4670 magnus

2460 4711 2622 4764 fuerit
2648 4720 2869 4760 necesse
2897 4715 2998 4765 est,
3024 4715 3147 4754 cum
3190 4698 3465 4765 ingentem
3541 4694 3833 4749 Persarum
3900 4692 4036 4746 mul-

2460 4803 2741 4856 titudinem
2784 4797 3086 4853 debellarit.
3122 4806 3177 4847 et
3237 4811 3256 4843 ί
3294 4791 3535 4844 Andreas
3585 4800 3707 4840 cum
3763 4794 3876 4836 tota
3946 4798 4037 4837 sua

2461 4895 2655 4948 iortict
2689 4908 2716 4943 a
2740 4891 2847 4940 Deo
2876 4890 3042 4940 electa
3066 4886 3353 4953 phalange.
3392 4900 3410 4931 ι
3446 4879 3518 4932 uti
3553 4879 3859 4942 loquuntur
3888 4877 4037 4937 Acta,

2461 4985 2780 5054 martyrium
2814 4982 2883 5037 sit
2912 4985 3242 5034 consecutus
3275 4990 3290 5040 ;
3324 4970 3569 5039 quamvis
3599 4989 3616 5018 α
3656 4968 3813 5022 illum
3846 4966 4039 5019 milites

2462 5083 2552 5153 qui
2582 5098 2647 5135 ex
2681 5079 2747 5132 iis
2777 5078 2864 5146 qui
2899 5090 3021 5129 cum
3058 5075 3177 5141 ipso
3208 5069 3460 5122 fuerant:
3500 5064 3641 5131 apud
3704 5060 4037 5114 Antiochum

2462 5174 2799 5234 detulerunt,
2818 5169 2961 5239 quod
2992 5167 3162 5218 Deum
3198 5198 3236 5212 ..
3257 5157 3608 5212 conﬁteretur
3636 5165 3694 5209 et
3717 5154 4037 5214 celebraret,

2465 5271 2521 5325 in
2592 5282 2755 5321 cruce
2813 5262 3037 5317 sufﬁxus
3089 5256 3288 5311 fuerat.
3347 5271 3366 5306 ι
3432 5250 3629 5305 Verum
3705 5262 3820 5314 quo
3890 5255 4041 5315 parte

2466 5373 2656 5421 tantus
2699 5359 2936 5414 cohaeret
2965 5365 3225 5407 numerus
3284 5362 3408 5403 cum
3433 5340 3691 5401 Eusebio,
3711 5338 3810 5405 qui
3870 5336 4041 5390 Eccle-

2466 5458 2692 5513 siasticre
2717 5452 3019 5507 Ilistoriwa
3047 5444 3259 5499 Valesio
3288 5439 3447 5493 edita:
3497 5434 3594 5486 lib.
3639 5446 3764 5493 vui,
3816 5446 3943 5498 cap.
3994 5425 4039 5485 ι,

2467 5567 2589 5622 pag.
2618 5549 2745 5612 296,
2773 5549 2887 5600 hac
2942 5543 3109 5595 refert
3143 5554 3158 5591 :
3194 5553 3212 5585 ι
3246 5534 3535 5600 POStquam
3567 5563 3604 5579 ..
3666 5526 3776 5579 dux
3820 5514 4042 5577 Romani

2467 5645 2741 5700 exercitus
2764 5639 2949 5694 nescio
3005 5634 3128 5705 quis
3185 5628 3449 5702 (intelligo
3508 5623 3901 5679 Maxituianum
3947 5615 4042 5668 Ga—

2470 5736 2687 5806 lerium)
2742 5728 3085 5788 Christianos
3140 5723 3343 5777 milites
3408 5715 3661 5786 persequi
3728 5721 4041 5780 aggressus,

2471 5846 2589 5893 eos,
2620 5827 2715 5896 qui
2746 5825 2800 5878 in
2830 5820 3074 5877 exercitu
3125 5813 3429 5877 merebant,
3488 5809 3727 5862 lustrare
3793 5800 4043 5868 carpisset
