4170 6322
189 415 278 477 593

1438 418 1615 478 VlTA
1658 418 1718 476 S.
1761 415 2120 475 ANDREJE.

3292 408 3400 472 594

181 548 236 587 ac
291 546 588 595 recensere,
647 540 701 586 et
770 531 1099 587 Christianis
1164 533 1392 587 liberam
1482 532 1717 605 eligendi
1749 538 1793 594 Α
1821 547 2024 585 annum
2041 530 2243 584 Christi
2272 530 2395 594 501,
2422 545 2575 584 num.
2608 531 2656 593 l,
2682 529 3078 586 Diocletianum
3106 530 3402 599 imperato-

180 633 478 692 porestatem
536 624 774 687 fecisset,
831 632 892 678 ut
950 624 1033 677 vel
1080 625 1470 695 imperatorum
1550 627 1721 694 jussis

178 717 590 783 obtemperantes
626 716 847 770 honoris
865 716 945 769 sui
978 716 1201 784 gradum
1257 721 1601 779 retinerent,
1637 717 1721 771 vel

177 811 218 864 si
248 826 418 878 parere
448 811 672 872 nollent,
697 810 903 863 honore
926 811 1128 863 militiae
1160 811 1496 864 nudarentur
1528 829 1540 875 ;
1570 825 1720 863 eom-

179 902 342 972 plures
373 902 516 971 regni
560 902 687 956 Jesu
744 902 938 955 Christi
1000 903 1219 965 milites,
1281 903 1518 955 nominis
1579 903 1722 955 illius

175 992 545 1046 confessionem
578 995 823 1047 saeculari
854 995 1037 1061 gloriae
1066 1010 1127 1046 ac
1160 994 1420 1053 felicitati,
1443 1010 1545 1059 qua
1576 994 1722 1051 frue—

176 1086 371 1140 bantur.
407 1086 611 1153 absque
649 1087 749 1136 tilla
798 1087 1148 1138 cunctatione
1207 1088 1579 1154 praetulerunt.
1644 1086 1721 1140 Ex

175 1178 351 1244 quibUs
400 1180 553 1245 pauci
614 1177 899 1229 admodum
925 1179 998 1245 tiu
1030 1178 1218 1231 Graeco
1242 1186 1324 1230 est
1355 1173 1434 1239 εἷς
1464 1196 1565 1229 που
1622 1180 1716 1231 καὶ

195 1269 444 1336 δεύτερος.
476 1271 526 1322 id
555 1280 653 1329 est.
688 1285 826 1322 unus
846 1280 900 1322 et
927 1273 1099 1335 alter)
1140 1284 1245 1322 non
1272 1271 1431 1323 modo
1484 1271 1720 1339 dignita-

175 1369 294 1419 tem.
327 1377 503 1414 rerum
536 1362 697 1413 etiam
738 1363 897 1412 vitam
932 1361 1181 1413 amittere
1248 1377 1346 1428 pro
1401 1361 1720 1414 defensione

171 1451 372 1519 pietatis
401 1453 811 1505 sustinuerunt:
845 1467 964 1504 cum
1003 1453 1047 1504 is
1080 1452 1170 1519 qui
1237 1453 1481 1522 religioni
1524 1463 1719 1506 nostr-.0

170 1541 395 1594 Struebat
433 1542 678 1603 insidias,
712 1559 874 1611 parce
906 1544 1081 1596 adhuc
1107 1552 1160 1596 et
1230 1558 1354 1595 raro
1403 1546 1719 1613 Sanguinem

168 1635 508 1703 quorumdam
544 1636 778 1689 fundere
827 1635 1069 1687 auderet.
1104 1636 1303 1687 Verum
1355 1636 1444 1688 ubi
1474 1636 1721 1704 apertius

166 1741 223 1779 se
252 1727 311 1778 ad
345 1727 539 1779 bellum
604 1725 861 1787 accinxit,
916 1724 1021 1777 dici
1080 1740 1187 1778 non
1249 1734 1447 1793 potest,
1490 1733 1619 1795 quot
1670 1734 1723 1778 et

167 1828 385 1885 quantos
414 1816 614 1869 Christi
648 1826 914 1884 martyres
969 1818 1022 1869 in
1066 1818 1325 1869 omnibus
1389 1817 1521 1871 locis
1560 1826 1721 1882 atque

168 1912 379 1966 urbibus
412 1908 608 1976 passim
674 1924 903 1963 cernere
945 1910 1180 1972 licuerit,
1223 1929 1239 1959 ›
1272 1919 1393 1977 post
1456 1909 1723 1962 famosum
1760 1901 1796 1954 Β

167 2006 403 2059 videlicet
436 2004 674 2057 edictum
710 2015 898 2058 contra
930 2005 1189 2058 ecclesias
1250 2006 1587 2072 prepositum
1635 2004 1725 2056 Ni-

163 2097 428 2151 comediae.
457 2098 523 2149 tle
555 2112 664 2164 quo
723 2114 841 2163 cap.
877 2098 909 2150 5
943 2097 1188 2149 meminit
1244 2097 1387 2149 idem
1435 2088 1720 2150 Eusebius.

234 2190 315 2243 lO.
366 2188 420 2243 Si
476 2190 658 2255 itaque
707 2191 948 2259 pugilum
1019 2199 1336 2242 nostrorum
1409 2190 1722 2259 martyrium

158 2280 370 2334 dillerrc
427 2281 612 2337 liceret
693 2289 855 2349 atque
930 2279 994 2333 ad
1062 2280 1207 2331 illam
1291 2278 1724 2332 crudelissimam

160 2371 730 2441 persecutionem,qua
759 2372 810 2423 in
849 2387 1009 2426 onine
1054 2386 1225 2439 genus
1250 2371 1527 2425 hominum
1580 2389 1606 2424 a
1647 2381 1726 2439 ty-

162 2460 346 2509 rannis
371 2459 615 2510 san-itum
646 2468 749 2520 est,
778 2465 956 2509 textus
986 2458 1198 2510 Eusebii
1228 2474 1335 2510 non
1356 2469 1565 2513 crearet
1588 2459 1727 2513 dilli-

158 2544 407 2596 cultatem
436 2561 451 2606 ;
484 2545 577 2598 sed
609 2560 729 2598 cum
754 2561 819 2598 eo
852 2562 1021 2613 usque
1043 2562 1149 2598 non
1181 2547 1426 2600 videatur
1467 2549 1728 2602 differen-

158 2634 309 2696 dum,
345 2637 533 2688 saltem
604 2638 910 2691 secundum
940 2640 1093 2701 Acta,
1155 2649 1313 2708 prout
1344 2640 1596 2694 videlicet
1662 2656 1725 2695 ca

156 2738 304 2777 nunc
340 2735 555 2779 exstant
590 2744 603 2791 ς
632 2743 738 2785 non
770 2729 1068 2783 videamus.
1094 2745 1201 2796 quo
1233 2743 1388 2798 pacto
1420 2732 1550 2784 satis
1576 2745 1725 2785 com-

157 2815 315 2869 mode
340 2818 404 2871 ad
434 2820 593 2872 verba
622 2820 835 2872 Eusebii
881 2820 1195 2888 responderi
1230 2831 1416 2888 queat.
1458 2822 1726 2888 Diximus,

156 2912 345 2962 saltem
378 2913 675 2963 secundum
703 2913 832 2963 Acta
864 2920 993 2972 etc.,
1027 2928 1144 2979 quae
1185 2912 1241 2967 S.
1290 2913 1520 2968 Andrea:
1541 2930 1603 2967 ac
1635 2930 1725 2967 so-

153 2998 361 3049 ciorum
425 3002 653 3051 militum
709 3000 912 3054 credent
971 3010 1193 3055 narrant
1285 3003 1545 3058 accidisse
1605 3012 1726 3073 post

154 3085 355 3139 bellum
391 3086 664 3141 Persicum
702 3106 716 3153 ;
775 3092 1185 3146 circumstantia
1217 3110 1346 3147 vero
1378 3095 1462 3146 illa
1492 3094 1725 3150 fortasse

151 3176 363 3245 adjecta
390 3178 490 3231 fuit
528 3196 557 3231 a
598 3195 706 3233 non
739 3182 869 3235 satis
900 3193 1056 3235 cauto
1082 3193 1406 3236 exornatore
1436 3184 1719 3244 Actorum,

152 3284 276 3337 quae
301 3270 518 3325 aliunde
557 3289 665 3328 non
706 3285 831 3328 situt
864 3291 1067 3345 magnae
1098 3277 1389 3333 admodum
1431 3279 1722 3332 auctorita-
1751 3247 1795 3305 ο

153 3363 243 3417 tis.
302 3364 575 3433 Quidquid
629 3370 720 3430 sit,
792 3386 891 3422 nos
952 3371 1221 3437 ingentem
1260 3372 1408 3425 illum
1458 3372 1724 3425 sociorum

147 3464 448 3521 martyrum
482 3470 790 3517 numerum,
830 3458 881 3508 in
914 3458 1118 3510 Griecis
1153 3462 1351 3525 pariter
1396 3477 1460 3513 ac
1517 3461 1725 3515 Latinis

146 3543 329 3598 Fastis
390 3548 792 3617 consignatum,
842 3551 1200 3620 relinquimus
1236 3553 1287 3604 in
1358 3553 1578 3621 antiqua
1632 3569 1726 3607 sua

146 3641 522 3710 possessione,
556 3645 625 3697 ita
655 3657 833 3699 tamen
862 3658 939 3707 ut,
965 3647 1398 3717 Martyrologium
1422 3649 1725 3705 Rutnanum

142 3736 351 3796 secuti,
386 3751 508 3789 eum
575 3737 626 3789 in
676 3737 835 3790 titulo
894 3750 1022 3791 ante
1056 3738 1200 3793 hunc
1258 3741 1724 3796 Commentarium

143 3841 405 3880 nosrrum
439 3844 544 3880 non
576 3830 1142 3884 determinaverimus.
1193 3832 1345 3885 Nunc
1408 3850 1437 3885 a
1500 3851 1730 3901 numero

144 3927 458 3986 martyrum
492 3935 778 3988 pergamus
811 3922 877 3974 ad
916 3932 1127 3989 tempus
1164 3924 1425 3992 martyrii.

878 4011 996 4081 §ll.

520 4103 742 4171 Tempus
781 4105 1033 4174 martyrii
1070 4122 1376 4175 expensum.

230 4215 250 4246 ι
290 4196 549 4259 Cursum,
583 4198 835 4266 inquiunt
866 4200 1017 4263 Acta,
1072 4202 1309 4272 martyrii
1342 4205 1425 4257 sui
1479 4206 1732 4259 beatissi-

137 4300 280 4339 mus
312 4286 558 4339 Andreas
589 4302 711 4338 cum
738 4296 845 4338 tota
897 4304 989 4341 sua
1049 4288 1173 4342 forti
1207 4301 1261 4344 et
1324 4308 1352 4343 a
1390 4293 1497 4345 Deo
1559 4296 1731 4349 electa

139 4376 431 4447 phalange
455 4378 680 4445 perfecit
713 4377 925 4431 decimo
952 4393 1095 4431 nono
1120 4380 1207 4434 die
1242 4384 1445 4436 mensis
1470 4383 1726 4453 Augusti,

134 4468 239 4520 die
277 4467 581 4520 Dominico.
620 4486 638 4516 ›
674 4466 871 4519 Littera
925 4466 988 4527 G,
1022 4484 1139 4537 quae
1185 4470 1270 4524 hic
1302 4482 1386 4526 cst
1428 4474 1603 4527 littera
1626 4475 1729 4528 diei

1828 639 1942 677 rem
1975 639 2097 677 cum
2126 637 2225 676 suo
2258 622 2460 692 collega
2489 620 2814 675 Maximiano
2847 632 2975 677 tunc
3034 620 3400 691 triumphasse

1825 718 1891 771 de
1932 715 2113 770 Persis
2175 713 2405 767 affirmat
2440 729 2455 777 ;
2488 721 2542 767 et
2596 713 2794 767 ibidem
2860 728 3007 780 num.
3055 713 3110 766 2.
3152 728 3171 762 ι
3214 711 3401 776 Porro,

1826 807 1921 868 ait,
1960 805 2154 859 enituit
2182 804 2235 856 in
2265 804 2407 857 bello
2439 802 2656 858 Persico
2707 803 2908 858 eximia
2946 804 3115 859 virtus
3174 803 3402 856 Andree

1829 897 2037 951 tribuni
2072 895 2328 960 militum,
2369 913 2387 943 ›
2419 903 2527 948 etc.

1900 1030 1980 1084 ll.
2015 1030 2117 1085 Sed
2140 1008 2334 1101 Pagius
2373 1031 2437 1083 ad
2470 1030 2671 1083 dictum
2703 1045 2931 1091 annum,
2976 1044 3130 1084 num.
3160 1029 3215 1092 2,
3253 1028 3398 1083 illum

1824 1123 2159 1192 triumphum
2208 1123 2543 1176 celebratum
2585 1122 2816 1175 aflirmat
2853 1140 2870 1171 ι
2905 1138 3050 1175 anno
3101 1122 3207 1175 303
3247 1140 3266 1173 ι
3293 1136 3402 1190 quo

1825 1214 2139 1268 Lactantius
2161 1214 2257 1267 lib.
2300 1214 2373 1267 De
2401 1214 2651 1266 mortibus
2679 1222 3090 1281 persecutorum,
3148 1228 3267 1283 cap.
3308 1212 3402 1275 l7.

1823 1306 2435 1360 Diocletianumllomm
2461 1306 2773 1360 Vicenualia
2845 1304 3152 1359 celebrasse
3212 1304 3401 1358 tradit.

1822 1395 1957 1449 Nam
1996 1413 2119 1449 cum
2148 1397 2458 1464 triumphus
2499 1396 2585 1449 ille
2641 1394 2827 1449 Roma
2874 1394 3153 1448 exhibitus
3213 1393 3401 1465 fuerit,

1824 1498 1879 1540 ut
1916 1489 2182 1541 Eusebius
2209 1488 2261 1541 in
2298 1487 2594 1550 Chronico,
2630 1486 2925 1556 Eutropius
2958 1496 3010 1541 et
3043 1486 3405 1541 Cassiodorus
3440 1558 3441 1561 η

1824 1589 2113 1642 testantur,
2189 1588 2242 1632 et
2310 1588 2438 1632 ante
2489 1594 2692 1632 annum
2744 1578 2847 1631 503
2905 1587 3025 1648 post
3120 1577 3402 1631 victoriam

1823 1667 2094 1721 Persicam
2123 1669 2489 1723 Diocletianus
2520 1668 2706 1722 Roniae
2732 1684 2838 1722 non
2900 1668 3084 1733 fuerit,
3138 1667 3309 1738 liquet
3337 1682 3403 1721 eo

1825 1775 1970 1813 anno
2001 1763 2337 1829 triumphum
2362 1764 2505 1816 hunc
2527 1774 2706 1817 actum
2738 1778 2878 1816 esse.
2914 1762 3181 1817 Praterea
3211 1761 3402 1817 trium-

1830 1853 1967 1920 phos
2000 1868 2123 1905 cum
2160 1852 2543 1908 Vicennalibns
2568 1864 2621 1908 et
2662 1856 2713 1908 id
2746 1870 2918 1923 genus
2944 1854 3101 1908 festis
3158 1855 3227 1908 de
3255 1868 3405 1909 more

1828 1944 2093 2009 exhibitas
2112 1942 2297 2011 fuisse.
2317 1960 2567 2015 saepeque
2586 1945 2779 1999 dilatos
2800 1960 2907 1999 non
2926 1945 3095 1999 semel
3111 1944 3405 2000 insinuavi.

1826 2032 2004 2098 Quare
2035 2035 2162 2087 licet
2192 2052 2290 2104 pax
2341 2038 2484 2089 inter
2535 2036 2806 2090 Romanos
2854 2047 2907 2091 et
2931 2035 3125 2091 Persas
3182 2037 3294 2105 jam
3337 2036 3406 2091 ab

1827 2140 1972 2179 anno
2000 2126 2100 2179 ~297
2153 2129 2361 2181 sancita
2445 2126 2656 2191 fuisset,
2723 2138 2899 2181 tamen
2976 2127 3285 2196 triumphus
3336 2131 3405 2182 do

1830 2215 2009 2271 Persis
2042 2234 2187 2271 anno
2212 2228 2417 2272 tantum
2451 2220 2554 2273 503
2582 2229 2757 2273 actus.
2786 2219 2873 2284 Et,
2912 2220 3192 2275 nonnullis
3230 2220 3402 2275 inter-

1824 2308 2009 2375 jectis,
2072 2314 2137 2361 ad
2198 2310 2324 2361 anni
2383 2309 2481 2363 501
2535 2325 2822 2364 numerum
2880 2310 3405 2378 2,quoseBaronio

1830 2400 2083 2461 citabam,
2137 2410 2191 2452 et
2244 2414 2396 2468 seqq.
2454 2400 2707 2453 observat
2765 2400 2902 2453 ista:
2934 2419 2951 2450 ι
2994 2400 3401 2456 Diocletianus...

1828 2488 2041 2542 nullum
2080 2489 2183 2543 hoc
2212 2504 2357 2542 anno
2425 2489 2492 2544 de
2553 2493 2931 2559 persecutione
2969 2489 3401 2545 Christianorum

1833 2580 2197 2648 promulgarit
2226 2581 2485 2647 edictum,
2514 2582 2607 2635 sed
2641 2591 2850 2635 tantum
2879 2583 2931 2635 in
2997 2581 3199 2635 milites
3246 2583 3404 2636 εξενί-

1833 2682 1969 2725 tum.
2002 2671 2181 2738 Quare
2213 2687 2502 2744 martyres,
2564 2673 2631 2728 de
2683 2675 2882 2743 quibus
2933 2674 3219 2736 Barouius.
3276 2683 3406 2730 ante

1829 2781 2031 2819 annum
2087 2767 2189 2820 505
2245 2768 2386 2836 passi
2444 2782 2553 2821 non
2603 2776 2751 2822 sunt.
2791 2785 2808 2817 ι
2842 2766 2945 2820 Alii
3005 2778 3270 2838 martyres
3315 2766 3403 2822 isti

1830 2858 1936 2911 huc
1968 2875 2075 2911 non
2100 2869 2366 2928 spectant,
2394 2860 2487 2913 sed
2525 2858 2583 2911 L.
2616 2858 2866 2913 Andreas
2896 2875 3017 2911 cum
3080 2861 3192 2913 suis
3257 2858 3404 2912 mili-

1828 2949 1995 3009 tibus,
2026 2963 2257 3016 quorum
2290 2948 2608 3018 martyrium
2637 2964 2699 3002 ex
2723 2950 2831 3018 jam
2872 2946 3030 3001 dictis
3089 2944 3230 3015 apud
3301 2944 3406 3000 Ba-

1827 3041 2068 3107 rouium,
2099 3056 2162 3095 ac
2193 3042 2444 3095 criticum
2492 3041 2635 3111 eius,
2696 3050 3134 3095 consummatum
3167 3039 3408 3095 sitianno

1827 3132 1950 3187 501.

1899 3267 1983 3318 12.
2024 3266 2128 3319 Sed
2153 3282 2259 3334 quo
2290 3267 2473 3325 minus
2494 3281 2682 3320 eorum
2732 3267 3129 3337 adstipulemur
3187 3275 3411 3325 senten-

1829 3356 1936 3417 tise,
1961 3356 2214 3411 obstatt°
2243 3373 2257 3408 :
2289 3355 2397 3409 Pax
2429 3358 2571 3411 inter
2596 3358 2871 3413 Romanos
2901 3370 2956 3414 et
2993 3360 3184 3418 Persas
3203 3361 3314 3430 jam
3338 3363 3406 3417 ab

1829 3466 1973 3502 anno
1995 3450 2097 3505 297
2127 3449 2336 3503 sancita
2358 3449 2555 3515 fuerat,
2592 3455 2671 3505 uti
2696 3451 2857 3505 modo
2888 3452 3160 3507 fatebatur
3189 3452 3405 3523 Pagius,

1828 3545 2007 3598 Persis
2068 3548 2325 3601 videlicet
2354 3563 2383 3602 a
2438 3548 2653 3604 Galerio
2706 3549 2922 3605 Caesare
2961 3558 3093 3605 tunc
3126 3550 3303 3616 victis,
3339 3566 3406 3606 ex

1829 3640 2020 3695 eodem
2053 3650 2276 3694 auctore
2307 3640 2373 3692 ad
2395 3640 2557 3696 istum
2600 3656 2805 3693 annum
2860 3657 3014 3695 num.
3068 3639 3101 3694 6
3128 3652 3183 3695 et
3215 3643 3266 3695 7.
3298 3641 3408 3697 Cur

1831 3751 1960 3805 ergo
1983 3745 2293 3789 sanctorum
2323 3741 2634 3788 nostrorum
2661 3732 2894 3787 militum
2924 3733 3243 3805 martyrium
3295 3734 3395 3790 dif-

1834 3827 1959 3879 ferri
1994 3828 2186 3881 delicat
2213 3828 2277 3878 ad
2336 3842 2537 3878 annum
2591 3826 2792 3879 Chrisri
2848 3827 2999 3881 50Ιῖ
3051 3828 3161 3881 Cur
3217 3826 3407 3898 l‘agius

1833 3920 2129 3974 secundum
2196 3934 2291 3973 sua
2330 3917 2635 3988 'priucipia'
2675 3918 2805 3972 illud
2868 3934 2977 3972 non
3027 3920 3181 3988 ponit
3226 3920 3409 3983 citius.

1834 4030 1955 4066 cum
1991 4028 2133 4065 anno
2155 4013 2259 4066 9.98
2292 4013 2522 4065 militum
2588 4012 3029 4080 persecutionem
3080 4012 3280 4083 alligat,
3328 4012 3412 4067 di-

1834 4122 1963 4158 cens
1988 4110 2051 4156 ad
2078 4104 2331 4156 eumdem
2356 4118 2558 4155 annum
2589 4119 2743 4155 num.
2771 4104 2839 4157 2:
2880 4122 2897 4153 ι
2966 4104 3282 4159 Persecutio
3314 4102 3413 4157 ad-

1823 4214 2024 4265 ,rersus
2060 4198 2258 4249 milites
2294 4197 2394 4248 hoc
2430 4212 2574 4248 anno
2606 4196 2883 4260 inchoata,
2948 4204 3009 4250 ut
3048 4205 3197 4251 recte
3248 4195 3415 4253 Pros-

1836 4308 1935 4359 per
1959 4292 2012 4344 in
2045 4290 2335 4345 Chronico.
2359 4290 2511 4343 Sicut
2541 4288 2706 4358 igitur
2722 4290 3029 4357 persecutio
3064 4290 3331 4359 generalis
3357 4288 3413 4344 in

1839 4382 1970 4450 ipsis
1997 4382 2278 4448 utriusque
2316 4380 2538 4449 Augusti
2564 4381 2766 4448 (sermo
2802 4388 2889 4432 est
2912 4380 2977 4433 de
3003 4377 3340 4434 Diocletiano
3357 4388 3413 4436 et

1841 4471 2163 4524 Maximiano
2191 4469 2462 4530 Herculio)
2494 4468 2880 4523 Vicennalibus
2948 4470 3149 4537 coepit;
3217 4469 3297 4523 sic
3357 4478 3417 4523 et

134 4555 216 4608 19
242 4556 496 4623 Augusti,
532 4570 637 4607 non
669 4554 943 4608 invenitur
971 4569 1222 4626 tanquam
1258 4563 1431 4615 littera
1466 4565 1734 4616 .Domini-
1762 4597 1817 4655 Β
1844 4564 2221 4632 ejusquzedam
2277 4562 2517 4617 velitatio
2559 4561 2611 4613 in
2668 4560 2950 4628 utriusque
3001 4559 3417 4624 Quindeceuna-

134 4648 291 4702 calis
323 4647 532 4716 signata
577 4647 643 4701 ad
696 4658 941 4702 nostrum
1001 4652 1359 4721 prepositum,
1416 4655 1519 4707 nisi
1589 4672 1733 4710 anno

130 4741 260 4794 294
297 4751 356 4794 et
383 4742 529 4806 505;
570 4743 710 4796 unde
767 4759 1110 4813 Consequens
1142 4756 1242 4807 est,
1312 4756 1370 4801 ut
1428 4750 1730 4803 secundum

132 4836 293 4887 Arta
326 4834 528 4886 innecti
557 4836 751 4887 debeat
782 4838 1099 4905 martyrium
1137 4839 1265 4891 illud
1294 4856 1437 4894 anno
1453 4842 1729 4897 alterutri.

129 4926 197 4981 Si
232 4935 432 4980 autem
485 4943 627 4980 anno
657 4928 761 4981 503
812 4928 860 4981 irl
886 4928 1088 4999 alligas,
1146 4935 1503 5003 satagcndum
1528 4946 1631 5000 est,
1680 4946 1737 4991 ut

129 5018 344 5073 dictus
368 5033 544 5071 annus
572 5032 931 5090 componatur
961 5038 1083 5075 eum
1110 5027 1291 5081 modo.
1323 5045 1432 5097 quo
1459 5030 1737 5085 Maximia-

129 5124 261 5161 nus
307 5121 575 5179 martyres
630 5114 850 5165 tractari
886 5114 1117 5184 jussisse
1165 5116 1337 5171 fertur
1370 5120 1420 5171 in
1456 5122 1629 5186 Actis,
1684 5131 1739 5175 et

126 5214 285 5254 cum
316 5199 529 5271 reliqua
559 5204 880 5258 eorumdem
927 5206 1186 5262 Actorum
1239 5211 1402 5274 serie,
1440 5214 1601 5269 rebus
1636 5214 1741 5267 ibi-

126 5293 281 5349 dem
329 5294 405 5347 ita
428 5295 716 5364 expositis.
755 5305 815 5350 ut
840 5296 986 5351 dictu
1047 5299 1265 5356 difﬁcile
1320 5303 1594 5373 videatur,
1650 5322 1742 5361 eas

125 5384 438 5441 accidisse
469 5396 711 5456 tempore
735 5390 1138 5458 persecutionis
1166 5396 1437 5463 generalis
1461 5396 1743 5453 Diocletia-

126 5492 304 5534 neae.
338 5476 515 5539 Adde,
537 5480 682 5546 quod
703 5494 1003 5535 memorent
1024 5486 1290 5540 accidisse
1319 5488 1553 5556 palmam
1602 5506 1746 5543 mar-

127 5570 283 5643 tyrii
317 5571 544 5637 quando
572 5571 910 5627 eratbellum
950 5573 1079 5628 illud
1144 5588 1333 5631 contra
1390 5579 1607 5643 Persas,
1638 5596 1745 5650 quo

122 5678 161 5714 a
192 5663 263 5715 S.
296 5661 521 5715 Andrea
544 5660 769 5730 ejusque
796 5666 957 5720 sociis
984 5664 1214 5737 insignis
1241 5669 1465 5723 victoria
1494 5672 1659 5727 relata
1678 5672 1746 5728 de

126 5755 299 5823 ipsis
332 5753 441 5808 fuit
475 5772 489 5819 ;
526 5755 671 5809 unde
707 5753 785 5817 ﬁt,
845 5767 903 5813 ut
956 5766 1170 5829 tempus
1236 5763 1481 5833 martyrii
1509 5764 1746 5833 pendeat

123 5864 160 5899 a
200 5856 478 5915 tempore
510 5847 666 5902 istius
702 5845 829 5901 belli
866 5851 1170 5907 secundum
1191 5851 1345 5909 Acta.
1380 5854 1649 5914 Baronius
1678 5857 1746 5913 ad

1841 4655 2006 4707 libus.
2038 4672 2054 4703 ι
2083 4654 2137 4706 2°
2175 4669 2187 4705 :
2235 4652 2370 4705 Cum
2412 4653 2591 4705 dicant
2626 4652 2946 4709 Acta.num.
2972 4650 3007 4704 ‘2
3041 4666 3054 4703 :
3094 4668 3113 4702 ι
3151 4649 3417 4719 Tempore

1842 4746 1933 4798 illo
1961 4744 2175 4809 accidit,
2205 4752 2263 4796 ut
2292 4742 2627 4797 Persiearum
2658 4743 2937 4813 copiarum
2983 4758 3108 4813 pars
3163 4743 3417 4813 quaedam

1842 4833 1977 4890 fines
2030 4834 2346 4898 transiliret,
2402 4841 2457 4886 et
2507 4833 2705 4888 bellum
2772 4832 3035 4885 adversus
3083 4832 3414 4885 Antiochum

1843 4929 2172 4991 suscitaret;
2215 4945 2233 4977 ι
2275 4940 2507 4995 cumque
2538 4924 2738 4977 bellum
2769 4922 2901 4977 illud
2949 4919 3005 4976 S.
3070 4922 3300 4979 Andree
3349 4924 3417 4980 ab

1845 5019 2112 5073 Antiocho
2143 5018 2525 5072 demandatum
2555 5016 2743 5081 fuerit,
2807 5031 2918 5070 non
2953 5016 3138 5086 utique
3160 5030 3225 5069 ex
3258 5015 3417 5071 dictis

1846 5120 1967 5181 post
1996 5126 2199 5164 annum
2222 5110 2349 5174 297,
2379 5125 2485 5178 quo
2526 5127 2544 5159 ‹
2587 5123 2693 5178 pax
2724 5108 2869 5161 inter
2894 5106 3173 5183 Romanos
3208 5112 3263 5159 et
3283 5105 3415 5161 Per-

1845 5220 1931 5259 sas
1977 5204 2184 5259 sancita
2219 5221 2235 5267 ;
2273 5222 2292 5253 ι
2324 5202 2584 5271 quidnam
2618 5200 2764 5270 cogit
2826 5198 2973 5253 illius
3028 5214 3094 5253 ac
3142 5199 3414 5253 sociorum

1846 5297 2164 5368 martyrium
2198 5298 2599 5367 procrastinare
2624 5308 2796 5363 usque
2827 5293 2893 5348 ad
2947 5307 3149 5347 annum
3213 5292 3417 5348 Christi

1847 5390 1941 5445 30|
1973 5391 1996 5444 i
2024 5392 2086 5444 5°
2128 5408 2141 5446 :
2184 5390 2320 5444 Cum
2367 5390 2599 5459 denique
2627 5386 2717 5441 hic
2770 5401 2948 5442 annus
3007 5385 3262 5456 componi
3310 5400 3419 5440 non

1847 5484 2023 5553 possit
2055 5499 2178 5537 cum
2205 5482 2410 5537 ratione
2437 5479 2720 5550 temporis,
2747 5462 2855 5549 quo
2904 5479 3222 5549 martyrium
3271 5478 3419 5531 acci-

1847 5572 1993 5630 disse
2029 5577 2506 5633 memorantActa,
2541 5571 2798 5625 nimirum
2835 5588 2853 5622 ι
2896 5570 3110 5625 decimo
3164 5582 3310 5622 nono
3333 5568 3420 5624 die

1849 5668 2052 5721 mensis
2082 5666 2332 5736 Augusti,
2365 5663 2451 5718 die
2474 5662 2776 5727 Dominico,
2816 5679 2834 5713 ι
2877 5662 3200 5730 sicutsupra
3225 5660 3421 5715 obsero

1850 5769 2033 5815 vatum
2062 5768 2183 5824 est;
2216 5757 2411 5813 melius
2452 5755 2670 5824 quidem
2725 5754 2883 5809 nobis
2940 5752 3235 5824 rideretur,
3294 5752 3422 5805 Acta

1852 5853 1905 5908 in
1958 5852 2060 5907 hoc
2098 5849 2414 5915 defendere,
2469 5857 2523 5904 et
2572 5846 2773 5905 erroris
2797 5859 2907 5902 non
2955 5832 3341 5909 condemnare,
3373 5843 3439 5903 si,
