4170 6322
766 393 877 453 595

2023 394 2309 453 MENSIS
2341 394 2774 457 AUGUSTUS.

3924 396 4024 458 596

768 499 1043 569 probabili
1070 500 1253 568 aliquo
1276 515 1597 571 argumento
1633 518 1699 558 eo
1731 519 1838 557 non
1875 505 2349 573 compelleremur.
2383 512 2427 566 Α
2458 507 2713 577 gentibus
2745 506 2991 559 barbaris
3019 506 3271 569 luctaret,
3308 520 3430 559 cum
3483 507 3572 560 alii
3612 508 3757 561 intra
3792 507 4025 562 laxiores

766 587 865 643 Est
898 599 1084 645 autem
1105 591 1272 645 illud:

839 771 925 825 15.
961 770 1340 824 Theodericus
1380 769 1706 822 Ruinartius
1736 769 1881 822 inter
1939 770 2074 822 Acta
2131 768 2345 821 sincera

769 875 823 919 et
853 863 1053 917 selecta
1086 879 1115 916 a
1151 878 1211 915 se
1235 864 1471 932 vulgata,
1510 878 1630 932 pag.
1662 863 1766 917 309
1795 871 1851 915 et
1891 876 2047 930 seqq.
2088 862 2346 915 editionis

769 956 977 1025 primae,
1004 954 1225 1009 exhibet
1276 956 1410 1009 Acta
1458 955 1513 1009 S.
1570 953 1919 1007 Maximiliani
1976 954 2246 1021 martyris,
2291 951 2343 1004 in

766 1048 965 1116 quibus
1008 1057 1204 1117 prmter
1241 1047 1368 1111 alia,
1422 1062 1567 1101 anno
1597 1047 1804 1100 Christi
1839 1046 1945 1100 295
1974 1042 2171 1113 quarto
2223 1044 2345 1097 ldus

766 1140 944 1194 Martii
975 1156 1100 1194 enm
1167 1142 1501 1209 impellentia
1540 1152 1598 1195 ut
1642 1142 1849 1195 militia:
1901 1157 2101 1195 nomen
2168 1141 2341 1202 daret,

763 1232 1025 1286 dicuntur
1084 1232 1187 1285 ista
1222 1250 1233 1285 :
1291 1251 1309 1284 ‹
1348 1233 1749 1287 Maximilianus
1791 1233 2071 1301 respondit
2117 1230 2344 1285 :lllilitia

730 1320 733 1321 ⁷
764 1339 883 1377 mea
911 1324 976 1377 ad
1014 1323 1301 1378 Dominum
1338 1342 1519 1380 meum
1552 1335 1655 1381 est.
1698 1324 1814 1379 Non
1869 1340 2091 1395 possum
2147 1324 2345 1378 szeculo

764 1415 1019 1470 militare.
1051 1414 1169 1470 Jam
1217 1418 1353 1482 dixi,
1415 1418 1762 1472 Christianus
1813 1434 1953 1473 sum.
2012 1416 2158 1471 Dixit
2209 1416 2342 1470 Dion

764 1511 1059 1577 proconsul
1099 1528 1111 1563 :
1149 1511 1203 1563 ln
1239 1527 1399 1567 sacro
1431 1512 1693 1566 comitatu
1755 1512 2101 1565 dominorum
2126 1521 2344 1563 nostro-

765 1617 884 1655 rum
922 1602 1237 1658 Diocletiani
1261 1615 1314 1659 et
1338 1605 1673 1671 Maximiani,
1695 1604 2003 1660 Constantii
2024 1614 2079 1656 et
2104 1602 2340 1662 Maximi,

763 1694 967 1748 milites
1026 1697 1327 1750 Christiani
1395 1707 1524 1770 sunt
1577 1706 1633 1751 et
1673 1698 1931 1749 militant.
1974 1713 1991 1745 ι
2056 1693 2343 1759 Quomodo

762 1787 950 1855 igitur,
983 1788 1027 1841 si
1065 1804 1212 1843 anno
1238 1788 1343 1844 295
1374 1791 1575 1845 milites
1609 1790 1904 1845 Christiani
1941 1788 2148 1842 fuerint
2200 1786 2345 1838 inter

2452 608 2507 651 et
2541 598 2838 668 quietiores
2875 608 3048 651 terras
3073 597 3304 651 delicate
3333 597 3689 666 imperarent.
3731 618 3749 649 ι

2524 693 2609 743 lt.
2639 691 2814 760 Atque
2847 691 2930 744 ha:
2964 701 3091 744 sunt
3142 690 3512 754 dillicultates,
3544 706 3669 757 quae
3724 692 3779 742 in
3815 690 4027 759 ﬁgendo

2451 792 2697 851 tempore
2762 782 3008 851 martyrii
3072 797 3196 835 sese
3243 780 3501 834 oﬂerttnt.
3567 782 4024 849 Quandoquidem

2449 890 2578 928 vero
2611 890 2718 927 non
2752 884 2834 927 est
2862 874 2994 926 mihi
3031 884 3340 941 promptum
3371 873 3581 925 solvere
3614 876 3766 925 hunc.
3825 875 4022 925 nodum

2450 967 2641 1021 saltem
2679 964 3001 1018 inhaerendo
3026 966 3201 1029 Actis,
3236 968 3407 1018 satius
3426 980 3545 1017 esse
3585 965 3713 1016 duxi
3770 965 4021 1019 eumdem

2448 1059 2717 1113 scindere.
2746 1067 2802 1118 et
2835 1066 3148 1109 nostrorum
3181 1054 3429 1124 Pugilnm
3467 1059 3793 1125 martyrium
3826 1071 4023 1123 ponere

2446 1164 2569 1202 cum
2598 1148 2749 1201 Actis
2779 1147 2878 1201 sub
2915 1147 3269 1207 Maximiano,
3303 1147 3407 1199 sub
3433 1162 3541 1215 quo
3583 1147 3752 1199 etiam
3800 1147 3931 1198 illud
3960 1150 4024 1199 si-

2446 1248 2573 1307 gnat
2616 1238 3052 1310 Martyrologium
3103 1238 3430 1301 Romanum,
3498 1255 3602 1291 non
3659 1240 4025 1293 determinato

2446 1331 2689 1399 ejusdem
2732 1332 2973 1399 martyrii
3012 1346 3180 1384 anno.
3235 1332 3350 1383 Dixi
3388 1349 3406 1380 ι
3445 1332 3637 1383 saltem
3706 1332 4023 1385 inluerendo

2445 1421 2632 1483 Actis;
2686 1440 2704 1472 ι
2738 1437 2863 1473 nam
2901 1422 2943 1474 si
2987 1422 3304 1474 eornmdem
3335 1422 3573 1489 scriptor
3603 1422 3866 1474 habuerit
3903 1434 4022 1476 ante

2444 1530 2501 1569 se
2528 1514 2856 1567 documenta
2918 1512 3157 1567 melioris
3200 1524 3362 1570 noue.
3396 1514 3594 1582 illaque
3657 1517 3729 1566 ita
3768 1516 4025 1567 transfor-

2445 1605 2607 1659 marit
2640 1615 2835 1658 ornatu
2860 1620 2923 1657 ac
2961 1605 3406 1672 interpolatione,
3444 1614 3502 1657 ut
3545 1606 3897 1657 incommoda
3938 1623 4023 1659 su-

2444 1696 2637 1765 perius
2670 1712 2909 1764 expensa
2943 1697 3009 1750 ad
3060 1698 3216 1749 istam
3263 1712 3482 1750 causam
3532 1701 3642 1748 sint
3690 1696 4020 1760 referenda;

2446 1800 2575 1843 tunc
2605 1807 2711 1844 non
2737 1791 2893 1845 video
2956 1806 3054 1842 cur
3095 1801 3309 1860 tempus
3359 1789 3599 1860 martyrii
3659 1790 3866 1843 innecti
3920 1804 4023 1841 non

760 1890 972 1934 turmas
989 1880 1299 1937 Maximiani
1326 1884 1450 1937 etin
1478 1885 1598 1939 aula
1628 1884 1767 1954 ejus,
1796 1884 2091 1955 quomodo,
2122 1884 2341 1949 inquam
2372 1890 2420 1949 Β
2449 1886 2619 1954 possit
2680 1883 3041 1953 persecutioni
3094 1883 3477 1935 Diocletianeae
3509 1898 3523 1944 ;
3570 1897 3669 1935 cur
3723 1896 3838 1933 non
3897 1881 4021 1933 item

762 1971 817 2023 in
857 1972 1057 2025 milites
1091 1982 1312 2027 nostros
1333 1974 1676 2029 Christianos
1703 1991 1845 2027 anno
1868 1973 2072 2029 Christi
2107 1972 2214 2027 ΞΜ
2239 1971 2340 2026 sub

760 2062 1089 2118 Maximiano
1118 2066 1365 2119 saevitum
1394 2068 1519 2121 est?
1549 2068 1773 2122 Accedit
1805 2085 1891 2129 eo,
1925 2070 2067 2138 quod
2093 2085 2200 2122 non
2240 2086 2339 2125 sa-

762 2156 834 2208 tis
868 2156 1185 2211 verosimile
1239 2157 1515 2219 videatur,
1575 2162 1920 2229 tyrannidem
1977 2164 2337 2230 persequendi

758 2247 1106 2303 Christianos
1162 2265 1191 2301 a
1248 2250 1363 2301 solo
1422 2248 1747 2303 Maximiano
1796 2267 1917 2304 esse
2001 2256 2341 2306 exsecutioni

760 2339 1102 2402 mandatam,
1137 2341 1243 2395 nisi
1293 2352 1414 2411 post
1452 2343 1759 2405 victoriam,
1793 2360 1915 2413 quae
1947 2360 2092 2399 anno
2147 2346 2250 2398 297
2275 2346 2341 2399 de

760 2433 945 2487 Persis
980 2435 1149 2487 relata
1184 2435 1369 2501 fuerit,
1405 2452 1635 2505 quaeque
1658 2438 1901 2491 animum
1962 2437 2081 2504 ejus
2118 2437 2336 2502 inllarit,

758 2525 1066 2593 cristasque
1097 2527 1221 2593 ejus
1249 2528 1488 2582 erexerit
1509 2528 1575 2581 ad
1609 2529 1920 2582 audendum
1950 2530 2239 2596 quidlibet.
2274 2530 2339 2584 Et

760 2632 893 2671 vero
924 2627 1213 2672 contextus
1250 2621 1508 2672 Actorum
1544 2618 1598 2672 S.
1644 2620 1877 2673 Andreae
1940 2636 2050 2673 non
2108 2621 2339 2674 obscure

763 2709 1028 2773 insinuat,
1061 2710 1453 2764 Maximianum
1490 2720 1620 2765 tunc
1654 2712 1919 2779 temporis
1945 2726 2059 2764 rem
2102 2712 2340 2780 gessisse

762 2801 817 2852 in
850 2798 1116 2854 Oriente:
1163 2811 1216 2855 et
1242 2811 1390 2854 extra
1453 2811 1665 2870 tempus
1720 2800 1841 2854 belli
1875 2801 2077 2855 Persici
2125 2803 2341 2857 videtur

762 2908 984 2963 semper
1030 2894 1208 2961 egisse
1241 2909 1370 2948 suas
1404 2905 1585 2964 partes
1633 2894 1901 2965 Illyricum
1942 2910 2156 2955 versus.
2215 2912 2339 2950 cum

760 2986 903 3055 apud
926 2984 1271 3041 Lactantiutn
1294 2987 1388 3041 lib.
1411 2988 1484 3041 De
1513 2987 1765 3041 mortibus
1788 2998 2195 3055 persecutorum,
2216 3004 2336 3059 cap.

763 3079 831 3130 18
864 3077 1052 3130 dicat:
1086 3096 1101 3127 ι
1140 3077 1256 3130 .lam
1290 3080 1511 3131 ﬂuxisse
1556 3095 1730 3131 annos
1777 3080 2087 3146 quindecim
2126 3084 2178 3131 in
2222 3080 2339 3150 Illy-

763 3169 881 3223 rico
938 3170 1021 3224 vel
1055 3170 1120 3223 ad
1154 3171 1325 3241 ripam
1365 3170 1618 3233 Danubii,
1674 3171 1874 3240 quibus
1909 3169 2177 3241 relegatus
2214 3187 2338 3225 cum

2445 1976 2552 2030 diei
2586 1975 2890 2036 Doniiuico,
2919 1981 3081 2041 atque
3110 1973 3246 2025 adeo
3277 1985 3421 2023 anno
3455 1986 3577 2022 aet-ae
3608 1970 3853 2041 vulgaris
3900 1969 4020 2033 505,

2443 2077 2565 2138 post
2608 2068 2952 2134 imperatoria
3025 2066 3278 2119 videlicet
3330 2064 3417 2115 illa
3478 2062 3652 2114 edicta
3691 2064 3839 2129 (vide
3894 2063 4021 2116 Acta

2443 2176 2595 2213 num.
2628 2162 2816 2227 8)quze
2842 2160 2964 2211 inde
2986 2174 3129 2209 anno
3163 2159 3228 2209 ab
3258 2158 3361 2209 305
3390 2156 3651 2208 adversus
3681 2154 4022 2209 Christianos

2446 2252 2741 2319 prodiere;
2806 2266 2901 2302 cur
2959 2250 3195 2318 denique
3244 2265 3366 2302 cum
3420 2248 3569 2300 Actis
3622 2248 3727 2300 dici
3789 2257 4023 2313 nequeat

2444 2343 2573 2395 illud
2615 2342 2878 2395 accidisse
2908 2342 3234 2409 imperatore
3266 2340 3609 2396 Maximiano.
3656 2356 3855 2407 nempe
3912 2340 4021 2391 veri

2442 2452 2504 2490 ac
2543 2435 2746 2505 proprii
2788 2437 3024 2488 nominis
3074 2436 3458 2501 imperatorem
3509 2433 3888 2501 intelligendo,
3934 2433 4020 2499 qui

2443 2534 2567 2579 ante
2600 2526 2803 2578 dictum
2834 2541 3036 2577 annum
3102 2527 3204 2578 505
3235 2527 3414 2579 Caesar
3477 2524 3742 2577 dttntaxat
3794 2524 3971 2577 fuerat
3996 2566 4010 2587 ,

2444 2632 2767 2685 quamquam
2789 2633 2909 2668 cum
2930 2619 3271 2684 adjectojam
3301 2633 3413 2669 tum
3444 2619 3515 2669 ab
3540 2635 3684 2669 anno
3719 2617 3825 2669 29?.
3852 2620 4018 2673 etiam

2447 2709 2604 2762 titulo
2640 2708 3006 2775 imperatoris,
3036 2712 3109 2759 nti
3152 2709 3348 2775 legitur
3397 2709 3539 2775 apud
3574 2722 3853 2760 auctorem
3894 2724 4019 2759 ueoo

2449 2804 2673 2856 tericum
2706 2802 2914 2855 Gallum
2969 2801 3215 2854 Historim
3267 2803 3671 2863 iumentorum,
3712 2810 3845 2855 tom.
3880 2816 3931 2853 tv
3967 2800 4016 2852 in

2447 2896 2806 2958 Diocletiano,
2846 2904 2948 2949 art.
2986 2896 3040 2958 9,
3078 2910 3197 2965 pug.
3228 2896 3316 2947 9.1.
3373 2894 3509 2959 Quia
3543 2910 3675 2947 vero
3712 2876 3874 2961 plane
3934 2907 4020 2945 su-

2443 3006 2839 3059 pervacaneum
2897 2990 3093 3055 judico,
3178 2992 3500 3047 alterutrum
3556 2992 3849 3049 etluobns,
3900 3003 4017 3055 qua:

2444 3080 2583 3146 apud
2620 3094 2702 3130 me
2732 3088 2877 3143 sunt,
2908 3080 3113 3134 Graecis
3133 3084 3537 3147 exemplaribus
3566 3072 3730 3152 Supra
3758 3082 4008 3136 indicatis

2447 3169 2499 3222 in
2544 3168 2792 3224 Latinum
2818 3183 3155 3235 convertere,
3188 3175 3443 3228 exhibeo,

1734 3343 3998 3377 mm

1047 3514 1923 3633 ΜΑΡΤΥΡΙΟΝ

2497 3365 2695 3375 _———-‘

2051 3515 2356 3632 ΤΟΥ
2466 3516 2930 3632 ΑΓΙΟΥ
3042 3513 3738 3631 ΑΝΔΡΕΟΥ

1846 3742 2074 3828 ΤΟΥ
2150 3739 2955 3826 ΣΤΡΑΤΙΙΛΑΤΟΥ

2029 3932 2146 3983 KAI
2197 3931 2333 3985 ΤΩΝ
2391 3929 2528 3980 ΣΥΝ
2578 3929 2778 3983 ΑΥΤΩ.

770 4307 1929 4461 MARTYRIUM
2048 4306 2205 4460 S.
2308 4303 3134 4459 ANDREZE
3229 4300 4011 4459 TRIBUNI

1886 4632 2063 4742 ΕΤ
2148 4627 2914 4739 SOCIORUM.

1494 4853 1686 4915 (Grece
1708 4866 1837 4902 nunc
1864 4854 2075 4914 primum
2104 4853 2273 4901 editur
2297 4866 2359 4902 ex
2389 4853 2498 4903 cod.
2526 4865 2617 4904 ms.
2650 4848 2831 4911 Paris.,
2856 4865 2905 4903 n.
2932 4850 3042 4911 548,
3077 4864 3189 4902 sae.
3224 4849 3337 4915 xu.)

836 5190 880 5244 l.
911 5185 1250 5258 Imperatore
1290 5187 1649 5252 Maximiano,
1686 5187 1907 5241 homine
1938 5187 2093 5243 valde
2145 5184 2335 5255 impio,

2514 5188 2593 5239 A'.
2615 5186 2705 5239 'Ev
2726 5187 2838 5245 τοῖς
2866 5182 3080 5254 χρόνοις
3100 5180 3200 5249 τῆς
3220 5180 3314 5232 τοῦ
3340 5177 3725 5232 chasma-decu
3758 5181 4015 5247 Maﬁtpu-

765 5280 1075 5352 persecutio
1107 5279 1355 5348 quaedam
1381 5295 1575 5349 magna
1607 5293 1797 5337 contra
1827 5282 2167 5335 Christianos
2188 5296 2339 5335 com-

764 5384 911 5427 mota
942 5382 1045 5435 est,
1109 5372 1385 5441 prmeipue
1430 5380 1616 5426 autem
1674 5372 1725 5425 in
1773 5372 2089 5440 regionibus
2145 5372 2335 5441 Syriae.

765 5469 895 5523 Erat
934 5477 1179 5535 tempore
1211 5464 1300 5521 illo
1330 5464 1634 5521 Antiochus
1664 5466 1905 5534 quidam,
1964 5466 2341 5532 superstitioni

764 5558 1057 5629 plurimum
1092 5557 1330 5621 deditus,
1370 5559 1635 5612 militares
1692 5559 1912 5612 ordines
1964 5559 2066 5611 sub
2113 5560 2341 5625 imperio

763 5662 865 5700 suo
898 5663 1089 5717 regens
1126 5665 1141 5702 :
1190 5649 1283 5717 qui
1318 5660 1540 5719 propter
1574 5650 1845 5704 idolorum
1885 5649 2177 5711 insaniam,
2208 5667 2341 5702 con-

762 5748 843 5795 tra
879 5738 997 5809 pios
1026 5740 1277 5795 homines
1306 5740 1550 5795 furorem
1581 5758 1763 5795 acrem
1811 5744 2074 5809 spirabat.
2135 5740 2249 5795 Sub
2277 5756 2340 5797 eo

764 5830 900 5899 viro,
934 5848 1094 5902 quem
1128 5835 1457 5889 Antiochum
1499 5835 2121 5899 nominatumdiximus,
2180 5834 2337 5887 multi

2448 5280 2539 5332 νοῦ
2562 5278 2859 5347 βασιλείας,
2882 5275 3117 5343 διωγμὸς
3144 5274 3285 5325 κατὰ
3310 5272 3419 5323 τῶν
3442 5272 3803 5336 Χριστιανῶν
3824 5276 4017 5337 ἐγένετς

2451 5368 2645 5439 μέγας,
2679 5369 2770 5420 καὶ
2799 5368 3030 5435 μάλιστα
3054 5368 3107 5417 ἐν
3129 5367 3239 5427 τοῖς
3274 5363 3465 5430 μέρεσι
3488 5361 3590 5428 τῆς
3622 5364 3848 5431 Συρίαις.
3883 5361 4016 5429 Εἴχεια

2446 5462 2503 5514 δὲ
2536 5462 2654 5513 τότε
2694 5462 2791 5527 τῆς
2832 5462 3008 5512 ὲκείσε
3052 5457 3427 5529 στρατηγικῆς
3462 5456 3679 5521 τάξεως
3714 5457 3814 5524 τὴν
3866 5458 4016 5524 ἀρχὴν

2462 5555 2729 5623 Ἀντίοχος
2754 5554 3097 5621 δεισιδαίμων
3125 5568 3228 5612 τις,
3259 5551 3351 5603 καὶ
3378 5551 3613 5621 σφοδρὸν
3643 5550 3754 5601 τῶν
3772 5551 3909 5619 ὑπὲρ
3936 5550 4016 5611 τῆς

2451 5646 2842 5715 εἱὸωλομανίας
2885 5647 3021 5698 κατὰ
3060 5646 3166 5698 τῶν
3202 5644 3580 5697 εὐσεϐούντων
3631 5644 3803 5696 πνέων
3842 5642 4015 5708 θυμόν.

2464 5741 2599 5794 Ὑπὸ
2633 5739 2819 5793 τοῦτον
2852 5735 2945 5792 οὖν
2985 5740 3073 5791 τὸν
3122 5738 3393 5807 ’Λντίοχον
3434 5738 3625 5791 πολλοὶ
3664 5738 4012 5809 στρατηλάται

2447 5836 2539 5909 τῆς
2586 5834 2752 5903 αὐτῆς
2797 5834 3228 5903 συμμετέχοντες
3281 5834 3498 5904 πλάνης
3549 5834 3856 5887 ἐτάττοντο.
3904 5828 4012 5881 Ἀ·θὰ
