4170 6322
734 342 835 408 611

1958 348 2242 410 MENSIS
2283 349 2761 411 SEPTEMBER.

3880 348 3979 411 612

737 458 1008 514 sociorum
1046 455 1191 509 mille
1231 464 1448 509 centum
1490 463 1545 509 et
1576 465 1830 523 quatuor,
1871 458 1959 525 qui
1988 458 2312 526 abjicientes
2342 465 2385 519 Α
2415 461 2481 514 ad
2520 470 2761 531 tempora
2794 458 3142 514 Maximiani?
3171 454 3318 513 Vidit
3348 458 3486 514 haud
3514 458 3678 515 dubie
3742 459 3978 516 Nolanus

739 548 945 602 militiae
974 546 1270 613 cingulum,
1302 546 1354 597 in
1387 543 1768 614 persecutione
1837 546 2150 602 Diocletiani
2217 565 2312 617 pro

742 639 1082 694 confessione
1102 637 1301 689 Christi
1328 637 1502 690 necati
1529 647 1708 693 sunt.»
1740 636 1891 691 l’atet
1911 640 1995 692 hic
2028 640 2311 693 Itinnulum

745 733 957 799 sejiingi
989 748 1016 782 a
1059 730 1279 796 reliquis
1316 748 1330 795 ;
1365 742 1418 783 et
1447 741 1608 785 recte.
1646 732 1717 782 uti
1742 733 1866 782 Acta
1893 731 2117 785 inferius
2136 734 2312 785 danda

743 824 1053 876 ostendent.
1107 822 1330 874 Fallitur
1368 833 1545 873 tamen
1580 822 1862 885 Baronius,
1896 824 2022 875 dum
2072 832 2123 876 in
2153 822 2317 876 Nota-

747 917 984 967 tionibns
1022 917 1085 967 ad
1126 914 1557 983 Martyrologium
1591 916 1683 975 ait,
1730 934 1747 964 ε
1780 916 1948 968 Grrcci
2006 917 2072 967 dc
2122 919 2311 968 eodem

743 1008 1019 1071 (Romulo)
1057 1009 1184 1063 item
1223 1010 1322 1061 hac
1354 1011 1434 1061 die
1465 1010 1515 1060 in
1552 1010 1850 1077 Menologio
1892 1020 2057 1077 agunt
2090 1027 2102 1060 :
2145 1031 2161 1058 ι
2190 1026 2311 1062 nam

744 1099 1108 1167 Menologium
1170 1100 1357 1153 Latine
1427 1117 1707 1154 versuma
1772 1101 1968 1153 Sirleto
2022 1102 2310 1162 cardinale,

746 1192 886 1257 quod
921 1188 1032 1257 ipse
1076 1190 1335 1243 Baronius
1364 1192 1428 1244 ad
1461 1194 1492 1245 5
1520 1192 1759 1246 Januarii
1802 1194 2084 1259 prolitetur
2115 1210 2173 1245 se
2206 1193 2314 1247 Me-

746 1280 939 1346 nulogii
976 1283 1192 1334 nomine
1220 1299 1430 1347 semper
1463 1284 1787 1348 intelligam,
1840 1285 2036 1353 aliique
2105 1285 2317 1339 Graeco-

748 1389 863 1425 rum
926 1373 1044 1425 fasti
1106 1376 1457 1430 ecclesiastici
1511 1373 1648 1427 nihil
1682 1392 1904 1445 prorsus
1965 1380 2065 1430 hac
2092 1379 2180 1433 die
2248 1379 2316 1435 de

750 1465 977 1515 Romqu
1004 1466 1206 1517 habent
1240 1468 1371 1529 ;sed
1410 1482 1532 1518 eum
1567 1484 1666 1519 una
1706 1484 1826 1521 cum
1862 1471 2072 1523 caeteris
2117 1479 2317 1539 marty-

748 1554 900 1608 ribus
932 1557 1206 1608 celebrant
1230 1548 1263 1610 6
1289 1559 1652 1625 Septembris.

818 1649 869 1701 Ω.
902 1649 1103 1717 Accipe
1157 1650 1319 1703 verba
1367 1652 1560 1703 laudati
1607 1652 1887 1723 Menologii
1940 1656 2191 1708 Sirlctani
2250 1656 2317 1708 al)

749 1738 981 1796 Henrico
1001 1741 1215 1794 Canisio
1250 1743 1418 1795 editi:
1459 1760 1476 1791 ε
1524 1744 1721 1794 Eodem
1778 1746 1863 1795 die
1908 1744 1984 1814 [li]
2036 1756 2309 1799 certamen

749 1843 1060 1886 Sanctorum
1097 1842 1387 1900 martyrum
1476 1832 1722 1893 Eudoxii,
1777 1832 2028 1897 Zenonis,
2083 1836 2319 1897 Romuli,

750 1921 970 1975 Macarii
1035 1934 1093 1974 et
1145 1921 1499 1989 reliquorum.
1564 1920 1797 1976 Sanctus
1843 1922 2100 1977 Romulus
2149 1926 2324 1992 capite

750 2016 1104 2067 obtruncatus
1133 2024 1214 2067 est
1250 2032 1276 2065 ει
1311 2013 1543 2076 Traiano
1596 2015 1963 2082 iitiperalorc,
2020 2018 2108 2083 qui
2169 2016 2322 2069 Chri-

752 2107 928 2159 tianos
965 2106 1222 2172 plurimos
1254 2107 1565 2158 indivcrsas
1620 2107 1865 2174 regiones
1895 2107 2109 2160 exsules
2157 2110 2322 2170 misit.

751 2208 833 2251 set
886 2197 941 2248 in
990 2195 1311 2248 Christianae
1370 2195 1489 2249 ﬁdei
1556 2194 1896 2250 confessione
1945 2210 2324 2267 permanentes

752 2290 949 2343 mortis
974 2290 1240 2355 supplicio
1272 2290 1520 2357 subjecit.
1557 2287 1828 2342 Eudoxius
1857 2306 1983 2343 vero
2013 2305 2194 2342 comes
2222 2291 2324 2343 sub

754 2382 1084 2434 Diocletiano
1113 2382 1367 2433 detentus
1400 2396 1426 2431 a
1461 2381 1687 2448 pra-side
1728 2381 1977 2432 Melitina:
2039 2381 2325 2436 obtrunca-

756 2482 943 2525 tusest
999 2486 1231 2540 cumque
1286 2486 1353 2524 eo
1405 2472 1606 2524 milites
1649 2486 1876 2523 nurnero
1934 2470 2087 2526 “04.
2132 2473 2323 2526 Paucis

753 2564 1091 2631 pustdiebus
1126 2563 1185 2616 B.
1218 2563 1363 2615 Zeno
1390 2578 1512 2615 cum
1549 2564 1774 2631 reliquis
1795 2565 1851 2617 S.
1886 2564 2113 2620 Eudoxii
2136 2566 2319 2630 sociis,

753 2655 994 2723 martyrii
1028 2670 1283 2710 coronam
1317 2657 1542 2722 accepit.
1594 2676 1611 2706 ι
1651 2658 1809 2708 (.‘lara
1847 2658 1960 2710 lucc
1992 2667 2043 2709 et
2068 2658 2320 2710 distincta

752 2756 880 2799 sunt
907 2763 919 2796 :
951 2756 1007 2798 at
1034 2745 1564 2813 Menologiuinjussu
1596 2746 1777 2799 Basilii
1812 2748 2154 2814 imperatoris
2186 2747 2319 2800 Por-

751 2840 1175 2909 phyrogenncta:
1211 2839 1408 2892 szeculo
1435 2854 1463 2890 x
1498 2839 1805 2903 collectum,
1844 2850 1897 2892 et
1934 2838 2124 2892 Urnini
2177 2852 2320 2891 anno

756 2932 891 2984 179.7
963 2932 1291 2997 impressum
1348 2930 1803 2993 Grzeco-Latine,
1882 2942 2155 2982 certamen
2223 2928 2317 2981 SS.

751 3023 877 3076 MM.
905 3022 1154 3080 Eudoxii,
1189 3019 1427 3080 Ruinuli,
1458 3030 1511 3073 et
1544 3023 1810 3074 sociorum
1843 3021 1907 3074 ad
1942 3022 2145 3075 dictum
2178 3022 2317 3074 diem

2415 555 2514 606 ista
2551 569 2660 605 non
2712 553 3035 618 colimrcrc;
3091 551 3320 618 ideoque
3371 551 3426 604 in
3492 552 3870 605 additionibus
3919 550 3978 607 ad

2416 642 2715 696 llsnardum
2752 645 2783 698 5
2836 643 3173 712 Septembris
3214 643 3540 707 scripserit:
3584 662 3603 694 ι
3646 646 3850 697 Eodem
3894 646 3974 698 die

2418 732 2516 786 SS.
2551 735 2677 787 MM.
2713 734 2965 797 Eudoxii,
2997 736 3089 803 qni
3112 745 3165 786 et
3206 735 3498 798 Marianos,
3528 733 3766 789 Romuli.
3819 737 3980 789 Zeno-

2416 824 2519 883 nis,
2561 833 2615 875 et
2669 808 2917 879 Macarii.
2952 826 3040 892 qui
3106 825 3207 876 sub
3241 824 3473 891 Trajano
3540 827 3805 894 martyrio
3838 843 3983 879 coro-

2416 927 2638 968 nantur.
2678 936 2694 968 ι
2733 915 2835 969 Sed
2875 915 3285 981 Metaphrastcs,
3318 932 3480 984 quem
3529 916 3751 985 allegat.
3792 922 3981 973 (Περι-ιε

2418 1009 2575 1060 tradit
2608 1008 2901 1060 Romulum
2927 1009 3080 1074 ju5su
3122 1007 3337 1078 Trajani
3373 1020 3646 1071 necatum,
3679 1009 3973 1062 Endoxiam

2418 1115 2545 1151 vero
2573 1099 2815 1167 aliosque
2849 1099 2939 1154 ditt
3000 1109 3119 1167 post
3159 1099 3415 1166 martyrio
3465 1098 3686 1152 affectos
3736 1117 3855 1157 esse
3892 1102 3983 1153 sub

2418 1189 2772 1243 Diocletiano.
2802 1189 3082 1245 Ferrarius
3119 1191 3172 1242 in
3206 1190 3461 1257 Catalogo
3498 1191 3743 1258 generali
3774 1203 3983 1245 sancto-

2416 1296 2535 1333 rum
2561 1284 2625 1334 ad
2663 1282 2693 1334 6
2717 1281 3053 1348 Septembris
3087 1281 3294 1332 videtur
3323 1290 3583 1347 martyres
3619 1280 3761 1333 velle
3821 1280 3985 1348 gemi-

2419 1389 2585 1427 nare:
2618 1375 2895 1440 priemissa
2937 1373 3081 1424 enim
3121 1371 3220 1425 hac
3278 1374 3719 1435 ainiuntiatione,
3782 1392 3798 1419 ι
3844 1372 3988 1425 Meli-

2420 1476 2559 1519 tenae
2603 1466 2655 1518 in
2681 1466 2933 1517 Armenia
2970 1462 3069 1516 SS.
3108 1464 3398 1533 Martyrum
3456 1463 3711 1526 Eudoxii,
3749 1465 3982 1526 Romuli,

2390 1570 2472 1615 ,οι
2504 1560 2777 1610 sociorum
2819 1556 2920 1611 sub
2951 1554 3206 1622 Trajano,
3260 1573 3277 1604 ι
3316 1571 3479 1621 quam
3520 1566 3674 1607 notat
3739 1571 3803 1607 ex
3839 1555 3987 1609 Gale-

2421 1651 2560 1703 sinio
2614 1650 2954 1718 desutnptam
3016 1662 3153 1708 esse,
3189 1648 3409 1699 subdit:
3468 1666 3484 1694 ι
3521 1646 3593 1699 De
3658 1648 3905 1700 Eudoxio
3941 1658 3989 1700 ct

2422 1757 2534 1794 soc.
2566 1741 2827 1799 Melitenm
2862 1740 3035 1808 passis
3062 1738 3238 1807 agitur
3276 1739 3326 1791 in
3362 1737 3631 1806 Martyrol.
3694 1738 3855 1791 Rom.
3893 1741 3979 1792 die

2427 1834 2655 1902 praeccd.
2690 1848 2704 1897 ;
2746 1832 2837 1885 sed
2880 1836 2981 1885 sub
3014 1828 3350 1883 Diodetiano
3380 1844 3393 1880 :
3425 1828 3477 1881 hi
3546 1844 3675 1881 vero
3730 1829 3838 1881 sub
3866 1828 3992 1881 Tra-

2422 1925 2551 1992 jano
2581 1924 2720 1991 passi
2784 1922 3100 1975 traduntur.
3160 1923 3233 1974 De
3294 1921 3521 1974 Romulo
3576 1921 3845 1974 duntaxat
3895 1922 3995 1991 agit

2428 2015 2701 2082 Martyrol.
2741 2014 2897 2071 Rom,
2931 2014 3258 2083 pra-cedenti
3319 2013 3424 2065 die.
3461 2032 3477 2062 ι
3508 2013 3733 2065 Nicolao
3767 2012 3995 2065 Antonio

2427 2106 2561 2161 infra
2583 2106 2799 2158 citando
2827 2105 3079 2157 videntur
3105 2116 3295 2156 omnes
3318 2103 3561 2170 ejusdem
3591 2108 3784 2170 agunis
3814 2106 3997 2156 trium-

2426 2200 2684 2268 phatores
2705 2211 2862 2260 esse;
2903 2206 2957 2248 at
3017 2210 3123 2249 non
3172 2195 3422 2247 edisserit
3476 2194 3577 2247 sub
3606 2209 3717 2262 quo
3770 2194 4000 2259 impera-

2426 2299 2558 2343 tore.

2496 2383 2547 2430 4.
2581 2378 2802 2432 Festum
2844 2377 2900 2430 S.
2946 2377 3171 2430 Eudoxii
3204 2387 3257 2430 et
3284 2379 3551 2431 sociorum
3589 2378 3642 2429 in
3670 2377 3884 2447 Typieo
3912 2393 3995 2431 seu

2424 2469 2626 2523 Ritnali
2668 2470 2725 2523 S.
2759 2469 2915 2524 Sabzn
2974 2471 3259 2523 colendum
3290 2472 3659 2538 praescribitur
3691 2474 3725 2520 6
3759 2470 4000 2538 Septem-

2423 2565 2535 2619 bris
2566 2565 2650 2618 his
2680 2567 2856 2617 verbis
2887 2580 2899 2615 :
2936 2566 3038 2615 Καὶ
3073 2562 3166 2614 τοῦ
3196 2564 3353 2631 ἁγίου
3394 2565 3676 2633 μάρτυρος
3726 2561 3998 2627 Εὑδθξιου,

2425 2660 2518 2709 καὶ
2547 2658 2655 2707 τῶν
2686 2657 2782 2708 σὺν
2825 2656 2971 2724 αὐτῷ
3026 2655 3378 2722 ἀθλησάντων
3430 2657 3602 2718 ἁγίων
3661 2655 3998 2722 Μαρτύρων,

2423 2748 2473 2800 id
2505 2755 2611 2805 est,
2639 2744 2703 2797 Et
2746 2747 2804 2800 S.
2858 2744 2932 2796 Μ.
2979 2742 3234 2810 Eudoxii,
3295 2761 3355 2795 ac
3387 2742 3483 2796 SS.
3526 2742 3837 2811 Martyrum
3898 2759 4002 2793 cum

2422 2839 2532 2907 ipso
2564 2855 2834 2907 passorum
2861 2876 2875 2891 .
2919 2837 3117 2890 Mena'a
3146 2852 3337 2905 magna
3366 2836 3626 2903 impressa
3661 2838 3728 2887 ad
3760 2838 4000 2889 eumdem

2421 2930 2561 2983 diem
2583 2930 2763 2983 ϐιωρρ
2783 2933 2859 2983 sic
2891 2929 3087 2982 habent
3119 2944 3132 2981 :
3175 2950 3191 2977 ι
3222 2932 3506 2981 Certamen
3534 2927 3635 2980 SS.
3664 2927 3713 2979 M
3728 2928 3801 2981 Μ.
3834 2927 4001 2980 Eudo-

2422 3021 2516 3083 xii,
2545 3021 2800 3082 Zenonis,
2855 3020 3068 3073 [tantuli
3095 3030 3149 3073 ct
3200 3018 3444 3084 Macarii,
3484 3036 3502 3069 ›
3538 3030 3592 3072 et
3647 3022 4005 3089 sequentibus

753 3115 908 3168 valde
954 3114 1201 3166 intricate
1251 3124 1302 3165 et
1371 3112 1598 3165 confuse
1661 3122 1846 3166 narrat
1915 3115 2018 3167 hoc
2107 3116 2267 3167 modo
2302 3129 2314 3164 :
2347 3146 2387 3199 ε
2424 3126 2518 3164 eos
2545 3110 3088 3164 ornantvcrsiculis:

762 3226 779 3256 ι
820 3206 1098 3258 Eudoxius
1166 3203 1366 3255 Christi
1455 3213 1679 3271 martyr,
1751 3202 1983 3268 Trajano
2047 3202 2320 3253 Romano-

755 3312 876 3349 rum
940 3297 1287 3365 imperatore,
1375 3308 1560 3349 comes
1642 3294 1836 3347 ordine
1892 3294 2010 3358 fuit,
2103 3295 2318 3351 multis-

752 3405 859 3457 que
887 3388 1115 3442 militum
1146 3388 1382 3440 millibus
1417 3387 1624 3455 (Grmce
1677 3388 1906 3455 μυρίους
1970 3386 2060 3436 καὶ
2092 3386 2316 3455 χιλίους,

754 3482 807 3535 id
837 3492 938 3539 est,
970 3495 1022 3531 xi
1064 3479 1229 3543 mille)
1266 3480 1320 3529 in
1355 3477 1524 3532 Gallia
1579 3478 1883 3545 imperarit.
1928 3476 2188 3529 Romulus
2223 3492 2318 3529 au-

756 3584 862 3625 tem
891 3575 1023 3624 aulae
1057 3570 1420 3639 imperatoria:
1463 3572 1806 3638 pt'mposilus,
1867 3580 2057 3623 auctor
2101 3570 2201 3623 fuit
2245 3570 2323 3624 ei-

754 3665 876 3716 dem
917 3663 1175 3729 Trajano,
1210 3672 1268 3713 tit
1299 3662 1350 3712 in
1390 3662 1617 3712 Galliam
1651 3664 1907 3719 mitteret.
1940 3666 2030 3728 qui
2056 3661 2323 3712 Christia-

755 3770 858 3809 nos
889 3754 1088 3807 milites
1111 3752 1212 3806 diis
1247 3752 1528 3804 immolare
1558 3752 1964 3821 compellerent.
2040 3750 2158 3816 Quo
2199 3767 2322 3820 per-

756 3854 1036 3913 acto,cum
1074 3846 1271 3898 milites
1294 3844 1428 3897 adid
1459 3843 1762 3897 faciendum
1797 3844 1975 3897 induci
2013 3844 2320 3911 nequirent,

762 3944 817 3993 in
885 3940 1181 3992 Melitinam
1216 3938 1483 3991 Armenia:
1516 3938 1700 3991 urbem
1751 3937 1969 4006 relegati
2014 3947 2160 3989 sunt.
2198 3935 2325 3989 Post

762 4030 875 4083 haec
902 4028 1165 4081 limnulus
1201 4028 1515 4095 pcnnitentia
1557 4028 1773 4087 ductus,
1818 4040 1940 4076 cum
1972 4026 2022 4076 in
2050 4027 2323 4078 ChriStum

761 4120 1107 4181 credidisset,
1147 4118 1548 4185 'l'rajanuinque
1580 4117 1942 4183 objurgasset,
1981 4113 2162 4181 capite
2211 4118 2324 4180 ple-

760 4229 860 4268 xus
879 4224 980 4267 est.
1015 4211 1213 4264 Deinde
1239 4226 1357 4263 cum
1396 4208 1624 4275 imperio
1652 4208 1855 4276 potitus
1878 4215 2023 4262 esset
2050 4204 2329 4258 Maximia-

761 4322 884 4369 nus,
918 4304 1284 4370 edixissetque
1327 4299 1670 4353 Christianos
1728 4298 1984 4358 interﬁci,
2045 4298 2329 4351 mandavit

762 4414 855 4469 per
882 4399 1085 4450 litteras
1124 4405 1179 4449 et
1212 4393 1463 4446 Melitinae
1497 4390 1771 4460 prazl'ecto,
1834 4400 1891 4443 ut
1919 4391 2122 4444 Christi
2148 4392 2330 4444 culto-

2402 3226 2757 3292 ’Τμηθέντες
2792 3226 3104 3290 Εἰιδόειης,
3142 3226 3467 3294 Ῥωμύλος,
3498 3225 3713 3289 Ζήνων

2425 3299 2533 3350 Καὶ
2560 3300 2875 3363 Μακάριος,
2896 3297 3249 3364 μακαριστοὶ
3294 3296 3400 3346 τοῦ
3451 3299 3689 3358 τέλους.

2429 3387 2616 3455 Capite
2646 3390 2835 3438 minuti
2873 3387 3160 3440 Eudoa’ius.
3200 3386 3474 3443 Romulus.
3504 3384 3687 3437 Zenon

2430 3462 2501 3510 Ac
2526 3457 2795 3509 Macarius
2833 3458 2987 3525 ﬁnem
3012 3458 3217 3508 beatum
3252 3460 3499 3509 obtinent.

2428 3572 2735 3641 Μακάριος,
2770 3582 2826 3623 et
2889 3571 3221 3640 μακαριστὸς
3275 3581 3475 3625 sonant
3535 3576 3722 3624 beatus
3759 3589 3779 3636 ;
3812 3573 3866 3625 in
3912 3586 4012 3641 quo

2430 3664 2559 3716 lusit
2634 3672 2825 3730 poeta,
2882 3662 3240 3730 signiﬁcatum
3296 3664 3534 3713 nominis
3590 3666 3803 3731 proprii
3864 3667 4013 3717 unius

2430 3756 2681 3825 martyris
2737 3768 2833 3823 per
2891 3753 3272 3821 appellativum
3334 3752 3589 3806 omnibus
3673 3756 4007 3806 attribuens.

2431 3846 2696 3901 Subditur
2737 3846 2968 3919 elogium
3002 3846 3132 3900 satis
3150 3846 3439 3913 prolixum,
3470 3847 3626 3913 cujus
3661 3845 3770 3898 hoc
3803 3845 4012 3897 initium

2432 3950 2513 3993 est
2545 3958 2559 3993 :
2596 3932 2762 3999 Οὗτος
2804 3938 2958 4006 ἅγιος
3003 3936 3281 4006 Ῥωμύλος
3330 3938 3747 4004 ὲπὶ-Τραῐανοῦ
3786 3938 3890 4005 τὴν
3926 3951 4014 3987 κε-

2438 4031 2609 4101 φαλὴν
2646 4032 2914 4101 ἀφῃρέθη.
2949 4029 3046 4081 llic
3085 4030 3145 4083 S.
3200 4030 3450 4082 Romulus
3507 4036 3595 4081 sub
3632 4029 3872 4095 Trojano
3930 4046 4015 4082 ca-

2433 4128 2537 4191 pite
2569 4131 2843 4176 truncatus
2878 4138 2972 4178 est.
3015 4123 3143 4175 Dein
3173 4124 3349 4193 agitur
3375 4123 3442 4176 de
3497 4122 3747 4175 Eudoxio
3794 4141 3822 4173 a
3852 4124 4017 4191 iisque

2436 4223 2676 4281 tempore
2732 4214 3049 4267 Diocletiani
3101 4215 3394 4267 coronatis.
3438 4213 3615 4269 Pauca
3672 4212 3767 4270 illa
3808 4217 4015 4268 ideirco

2437 4305 2545 4359 huc
2587 4306 2949 4367 transtuli,ne
2976 4308 3097 4372 quis
3142 4308 3287 4357 Solos
3336 4306 3638 4357 versiculos
3679 4321 3747 4357 ac
3801 4308 4018 4358 titulum

2436 4400 2623 4471 legens
2654 4398 3009 4459 existimaret,
3041 4398 3091 4451 in
3123 4397 3341 4451 Menaeis
3390 4396 3645 4466 conjungi
3674 4397 3847 4451 hosce
3883 4398 4019 4450 Mar-

761 4506 851 4543 res
880 4491 1168 4543 ttCCidt’l‘Cl.
1197 4486 1374 4551 Quare
1408 4485 1705 4537 Eudoxium
1752 4483 2028 4545 comitem,
2099 4484 2326 4551 ejusque
2359 4480 2401 4533 θ
2433 4504 2575 4564 tyres
2633 4504 2886 4561 umquam
2959 4492 3010 4544 in
3086 4491 3275 4546 eadem
3336 4496 3718 4560 persecutione
3783 4506 4015 4563 passos;

763 4584 939 4637 socios
962 4584 1163 4635 milites
1193 4580 1639 4647 comprehensos,
1696 4576 1838 4643 quod
1899 4576 2039 4628 idola
2100 4576 2327 4628 adorare

765 4677 986 4733 nollent,
1023 4674 1252 4742 primum
1288 4671 1507 4740 quidem
1541 4669 1723 4721 multis
1757 4667 2037 4736 suppliciis
2086 4666 2326 4731 vexavit,

766 4768 983 4820 demum
1010 4767 1186 4833 capite
1213 4763 1578 4817 obtruncavit.
1606 4782 1623 4812 ι

836 4857 889 4908 5.
918 4856 1105 4909 Versio
1134 4853 1357 4906 Arcudli
1386 4854 1485 4904 col.
1517 4852 1620 4903 250
1648 4854 1790 4905 inter
1818 4851 2095 4906 Anecdota
2126 4849 2326 4919 Ughcl-

766 4950 909 5001 liana
946 4959 1093 5002 tumo
1134 4947 1173 4998 Χ
1208 4947 1384 5000 Italia:
1420 4961 1584 4998 sucrw
1617 4942 1859 4997 Venetiis
1902 4958 2125 5005 recusas,
2153 4942 2325 5009 quoad

768 5056 987 5094 sensum
1014 5042 1199 5093 eadem
1228 5038 1341 5091 fere
1374 5050 1476 5102 cst,
1511 5041 1724 5107 qualem
1759 5046 1812 5090 et
1857 5035 2162 5090 Galesinius
2206 5045 2331 5087 ante

766 5132 992 5185 dederat
1018 5130 1071 5181 in
1102 5147 1200 5182 suo
1234 5130 1610 5198 Martyrologiu
1638 5148 1649 5181 :
1688 5139 1932 5181 nostrum
1982 5142 2197 5195 quoque
2229 5141 2328 5178 ms.

768 5224 1045 5292 exemplar
1069 5220 1313 5275 Graecum
1377 5221 1665 5290 Menologii
1699 5221 1952 5272 Basiliani
1985 5220 2175 5271 statuit
2226 5219 2333 5271 Eu-

769 5316 985 5367 doxium
1031 5312 1284 5368 camitem
1316 5313 1418 5363 sub
1449 5313 1703 5381 Trajanu,
1753 5322 2043 5380 martyrem
2092 5311 2192 5364 sub
2227 5309 2336 5361 Ma-

772 5407 1091 5463 xiniiniano.
1149 5404 1439 5462 Conciliari
1477 5404 1592 5457 haec
1638 5404 1817 5459 forsan
1881 5413 2159 5473 utcunque
2214 5417 2336 5471 pos-

776 5510 918 5564 sent,
954 5498 1000 5551 si
1045 5514 1140 5565 per
1166 5497 1465 5565 Trajanum
1510 5494 1848 5564 signiﬁcetur
1877 5496 2096 5556 Decius,
2147 5504 2335 5563 utpote

774 5593 1043 5659 Traianus
1084 5593 1459 5659 prtenomine;
1500 5598 1556 5643 at
1586 5587 1630 5641 si
1675 5585 1969 5647 Eudoxius,
2033 5588 2338 5656 imperante

780 5683 1014 5751 Trajano
1047 5681 1294 5751 proximo
1318 5680 1506 5735 Nervae
1554 5692 1895 5742 successore,
1936 5678 2091 5733 initio
2150 5678 2337 5734 saeculi

781 5788 818 5826 n
850 5789 1032 5830 comes
1059 5777 1181 5839 luit,
1214 5772 1336 5843 quis
1388 5773 1576 5827 credat
1622 5772 1773 5827 illum
1812 5768 1975 5825 vitam
2017 5773 2338 5841 produxisse

2432 4585 2573 4651 quod
2596 4599 2726 4637 sane
2757 4599 2987 4652 pronum
3016 4593 3159 4636 esset
3187 4584 3395 4653 opinari
3444 4596 3508 4636 ex
3563 4583 3750 4648 titulo,
3815 4583 4019 4637 Romu-

2431 4674 2541 4728 lum
2588 4674 2705 4726 aliis
2731 4673 3163 4727 intertniseente.

2502 4767 2553 4821 5.
2589 4766 2718 4821 Post
2745 4779 3106 4822 memoratum
3129 4768 3362 4836 elogium
3386 4768 3638 4836 sequitur
3660 4768 3773 4822 alia
3802 4784 4020 4823 annun-

2431 4856 2581 4910 tiatio
2609 4876 2620 4909 :
2649 4857 2725 4927 Τῇ
2782 4859 2916 4927 αὐτῇ
2966 4859 3148 4926 ἡμέρᾳ
3185 4858 3378 4909 ἑκατὸν
3402 4859 3670 4929 τέσσαρες
3722 4868 3826 4913 καὶ
3862 4862 4017 4932 χίλιοι

2434 4948 2822 5017 στρατιῶται..
2848 4991 2861 5002 .
2890 4949 3032 5016 ξίφει
3064 4948 3415 5002 τελειοῦνται.
3456 4950 3511 5003 ld
3556 4962 3665 5015 est,
3719 4957 3908 5009 eodem
3945 4954 4023 5007 dis

2433 5050 2635 5092 centum
2667 5051 2893 5111 quatuor
2913 5060 2976 5093 ai:
3010 5042 3153 5093 mille
3202 5041 3462 5096 milites...
3494 5042 3681 5112 gladio
3716 5050 3845 5100 αττί
3912 5062 4024 5098 coit-

2432 5144 2695 5183 summam
2724 5137 3056 5203 martyrium.
3108 5130 3201 5185 llis
3260 5133 3460 5188 deinde
3515 5136 3639 5191 bini
3696 5143 4023 5193 accinuntur

2435 5224 2691 5276 versiculi
2728 5235 2743 5275 :

2435 5336 2609 5410 ᾼεκὰς
2642 5336 2883 5406 δεκαπλῆ
2917 5340 3012 5392 καὶ
3041 5340 3219 5410 χιλιὰς
3264 5341 3565 5410 μαρτύρων

2436 5409 2544 5459 Καὶ
2568 5410 2762 5476 τετρὰς
2794 5411 2939 5477 ἁπλῆ
2973 5409 3360 5463 aureisaureis:
3387 5410 3557 5478 ξίᾳει.

2507 5496 2654 5561 Quos
2695 5497 2886 5554 Latine
2927 5501 3005 5555 sic
3027 5511 3247 5553 vertas:

2440 5589 2603 5664 Decus
2626 5592 2843 5664 derupta
2873 5603 2921 5664 et
2952 5591 3135 5664 cltilias
3165 5590 3488 5664 Martyrum,

2440 5658 2824 5730 Quaiei'nioq'ue
2849 5660 3009 5714 simul
3040 5678 3158 5716 ensi:
3179 5658 3339 5718 vitam
3368 5665 3588 5731 ﬁnium.

2511 5773 2630 5828 Istis
2668 5774 2948 5830 versiculis
3007 5776 3216 5831 addunt
3264 5776 3463 5831 Mcnzea
3518 5780 3813 5836 distichon
3871 5773 4033 5839 aliud,
