4170 6322
191 352 290 415 613

189 470 499 539 exprimens
548 466 724 521 simile
755 465 1074 537 martyrium
1106 464 1165 520 8.
1224 464 1534 529 Calodotes,
1601 482 1767 536 quam
1797 475 1843 531 Α

190 572 239 615 et
264 563 314 613 in
342 560 764 614 annuntiatione
792 574 913 613 mox
951 558 1076 612 data
1135 559 1477 629 conjungunt
1529 559 1764 613 laudatis

191 655 474 715 militibus,
508 654 599 706 sed
670 668 1001 722 perperam:
1054 669 1177 706 nam
1209 663 1395 707 sancta
1447 653 1534 705 illa
1563 662 1768 722 martyr

187 748 248 801 ad
285 746 423 798 hanc
446 746 677 798 classem
703 760 811 797 non
881 745 1135 814 pertinet.
1198 744 1426 797 Dabitur
1448 759 1571 798 cum
1602 744 1767 799 sociis

188 840 300 893 suis
328 840 415 890 die
443 837 474 890 6
510 838 869 904 Septembris.
940 837 1201 906 Martyres
1271 845 1451 891 autem
1506 837 1660 899 1104,
1699 836 1768 890 de

187 922 383 1001 quibus
417 932 501 982 hic
531 939 780 998 separate
811 930 1009 999 agitur,
1058 932 1198 985 haud
1257 930 1421 983 dubie
1488 940 1614 984 surit
1690 928 1763 981 illi

187 1021 402 1086 milites,
466 1037 603 1090 quos
662 1022 898 1091 elogium
961 1023 1185 1075 citatum
1234 1031 1419 1074 narrat
1466 1022 1765 1092 proiecisse

187 1095 391 1167 balteos
419 1130 599 1167 rorant
628 1113 862 1182 praeside
894 1115 1146 1180 exemplo
1181 1111 1236 1168 S.
1265 1113 1490 1166 Eudoxii
1517 1132 1529 1178 ;
1563 1113 1767 1165 utrobi-

184 1226 287 1276 que
317 1210 485 1271 enim,
528 1208 687 1258 etiam
724 1208 774 1258 in
801 1206 948 1261 Λαίς
970 1216 1022 1260 et
1066 1222 1167 1259 ms.
1213 1205 1514 1275 Mcnologio
1580 1206 1767 1258 Slaro—

186 1300 435 1360 Russico,
468 1316 529 1351 ac
562 1298 859 1368 Synaxario
897 1294 1172 1351 Ruthenio
1204 1297 1345 1350 infra
1411 1297 1765 1350 memorando

184 1392 326 1444 idem
358 1400 439 1443 est
472 1406 732 1443 numerus
770 1390 924 1454 libi,
955 1404 1057 1442 nec
1096 1390 1263 1442 ullum
1286 1400 1513 1458 apparet
1571 1390 1767 1443 distin—

184 1483 387 1536 ctionis
410 1486 846 1539 fundamentum.

251 1575 305 1625 6.
344 1575 735 1628 Desiderantur
763 1578 939 1630 sancti
966 1578 1138 1630 nostri
1175 1578 1228 1630 in
1251 1578 1463 1632 duobus
1493 1580 1762 1635 Aruleno-

181 1681 300 1716 rum
334 1663 650 1735 Menologiis
670 1667 738 1721 ab
776 1668 1078 1720 Assemano
1105 1668 1265 1719 editis
1288 1676 1433 1720 l0an
1466 1668 1533 1721 ΙΙΙ
1572 1667 1767 1723 Biblio-

180 1757 353 1811 theca:
420 1759 714 1811 Orientalis
753 1757 1422 1821 Clementiuo-Vaticanm,
1477 1776 1602 1831 pag.
1659 1762 1765 1816 645

176 1863 233 1905 et
282 1835 419 1913 659;
473 1863 527 1903 at
570 1855 621 1903 in
692 1866 773 1906 ms
865 1850 1125 1919 Cnialtlgo
1165 1863 1479 1904 sanctorum
1513 1854 1764 1907 Armeniis

176 1946 768 2011 celebratorum,quem
804 1944 1174 2013 l’apehrocliio
1234 1944 1379 1998 misit
1418 1946 1477 2000 ί).
1532 1946 1768 1999 Ludovi-

175 2049 278 2087 cus
341 2034 569 2103 Pit‘ques
627 2036 818 2090 doctor
872 2035 1227 2101 Sorbonicus,
1287 2038 1405 2093 lucc
1473 2055 1628 2092 num.
1699 2038 1766 2093 50

177 2127 481 2195 leguntur:
546 2148 562 2179 ‹
608 2129 1005 2183 Testimonium
1068 2132 1127 2183 8.
1195 2130 1443 2183 Euductii
1494 2131 1763 2201 (Εὑδξίου)

172 2218 269 2286 qui
300 2219 534 2272 Marinus
565 2228 787 2272 vocatus
814 2231 918 2273 est.
978 2220 1110 2272 Item
1176 2220 1381 2272 Romeli
1434 2228 1488 2273 et
1541 2221 1761 2285 Maeari,

171 2311 267 2378 qui
304 2321 569 2379 martyres
613 2322 854 2380 tempore
881 2312 1121 2379 Traiani,
1160 2311 1495 2379 Septembris
1533 2323 1706 2368 sexto.
1738 2332 1757 2364 ι

173 2404 441 2457 (llemens
494 2403 755 2469 Gaianas,
815 2404 907 2473 qui
972 2405 1363 2458 multosanuos
1397 2408 1449 2457 in
1504 2405 1763 2459 Armenia

174 2496 562 2549 missionarius
626 2498 745 2559 fuit,
801 2510 953 2563 parte
1003 2497 1463 2549 tCouciliationis
1515 2495 1767 2548 Ecclesia:

171 2589 434 2639 Artuenm
456 2603 578 2640 cum
602 2588 841 2637 Romana
864 2587 915 2638 in
939 2590 1379 2641 Annotationead
1398 2598 1562 2656 caput
1585 2590 1619 2640 2
1640 2604 1762 2657 pag.

168 2677 267 2738 16,
303 2679 447 2730 inter
478 2690 742 2749 martyres
785 2678 986 2731 ibidem
1057 2695 1245 2747 passus
1277 2690 1523 2732 recenset
1585 2679 1768 2732 Eudo-

166 2769 353 2829 xium,
386 2768 687 2830 Zenonem,
717 2771 1007 2824 Macarium
1073 2772 1359 2840 sociosque
1413 2772 1515 2826 sth
1559 2770 1768 2825 Diocle-

167 2863 333 2915 tiano
367 2872 461 2928 ;at
494 2862 704 2915 Romuli
738 2880 1004 2932 nusquam
1041 2864 1314 2916 meminit.
1339 2862 1508 2917 Porro
1533 2864 1767 2918 eximius

165 2953 504 3021 Picquesius
550 2964 758 3017 monet,
816 2952 1135 3022 pnedictum
1184 2954 1505 3020 (latalogum
1569 2952 1766 3008 Latine

172 3060 411 3097 versum
465 3060 590 3098 esse
641 3062 707 3098 ex
756 3047 962 3116 ingenti
996 3048 1159 3114 regire
1210 3045 1556 3099 bibliotheca:
1578 3046 1767 3099 codice

164 3136 451 3190 Armenio
476 3137 542 3188 N°
590 3137 717 3202 3M,
784 3140 1092 3191 uncialibus
1141 3139 1336 3191 litteris
1378 3138 1580 3208 scripto
1639 3117 1834 3239 antcé

160 3243 361 3283 annos
380 3232 447 3282 ab
472 3233 574 3283 hoc
598 3229 726 3283 1687
754 3231 972 3283 circiter
1000 3240 1289 3282 sexcentos
1317 3246 1329 3294 ;
1366 3231 1459 3282 sed
1492 3232 1766 3297 interpre-

160 3335 312 3387 tem,
340 3324 611 3378 t)scanum
638 3324 1110 3391 arehiepiscoiium
1130 3322 1447 3382 Armenum,
1472 3320 1613 3373 haud
1632 3323 1765 3373 satis

158 3418 416 3483 peritum
446 3418 631 3470 titulos
667 3417 946 3470 incondite
997 3417 1243 3470 dictasse
1280 3414 1623 3477 amanuensi,
1655 3414 1766 3467 imo

154 3518 218 3560 et
249 3508 554 3560 nonnullos
574 3509 846 3560 omisisse.
874 3508 1036 3559 Addit
1065 3508 1115 3558 in
1142 3508 1338 3560 litteris
1364 3507 1767 3577 posterioribus

156 3600 427 3665 ejusdem
459 3601 591 3652 anni
637 3598 795 3654 1687.
834 3614 891 3651 sc
920 3598 1203 3651 dumtaxat
1252 3613 1423 3665 usque
1475 3614 1764 3651 numerum

152 3696 234 3749 55
287 3695 558 3748 inclusive
623 3692 877 3747 Latinam
936 3692 1242 3745 versionem
1294 3705 1419 3744 cum
1454 3699 1607 3744 textu
1667 3692 1768 3743 Ar-

153 3802 349 3839 meno
418 3785 716 3839 contulisse
768 3801 780 3835 :
850 3784 992 3853 quod
1042 3785 1251 3836 utinam
1308 3782 1389 3835 vir
1431 3782 1677 3837 eruditus
1711 3789 1767 3836 et

149 3876 614 3931 humanissimus
664 3875 892 3943 reliquis
940 3875 1035 3927 111
1096 3872 1341 3927 numeris
1396 3874 1635 3935 fecisset,
1690 3873 1766 3925 si-

148 3968 404 4033 mulque
456 3966 658 4018 omissa
698 3966 766 4017 ab
818 3964 1033 4018 Oscano
1078 3965 1460 4032 supplevisset.
1520 3962 1768 4016 Meminit

140 4073 395 4130 quoque
431 4059 497 4111 ad
558 4059 805 4111 eamdem
843 4058 985 4111 diem
1018 4057 1074 4111 8.
1117 4056 1185 4109 M.
1229 4057 1457 4112 Eudoxii
1512 4056 1768 4126 Synaxa-

145 4155 314 4208 rium
336 4152 708 4207 Ruthenicunt
740 4167 821 4205 ms
854 4192 866 4214 ,
892 4152 1036 4216 quod
1073 4167 1217 4203 anno
1241 4150 1378 4205 1688
1405 4149 1620 4205 Moscua
1640 4150 1768 4203 sub-

138 4248 326 4301 misit
385 4255 573 4298 noster
615 4245 726 4298 illic
756 4243 1136 4297 missionarius
1168 4241 1228 4298 P.
1272 4242 1539 4313 Georgius
1573 4242 1762 4305 David,

137 4334 391 4394 addens
450 4340 503 4391 in
559 4337 664 4391 [ine
707 4337 1065 4407 Synaxarium
1103 4337 1247 4391 istud
1303 4352 1425 4391 esse
1473 4350 1767 4390 commune

142 4431 261 4484 toti
304 4429 558 4482 ecclesiae
599 4427 935 4481 Rutheniczn.
984 4428 1141 4480 Aliud
1197 4428 1470 4495 peculiare
1508 4428 1763 4480 dioecesis

134 4520 532 4582 Kiioviensis,
586 4520 776 4574 eodem
820 4519 1136 4588 interprete,
1174 4518 1247 4571 ita
1279 4518 1436 4572 habet
1472 4532 1485 4569 :
1547 4531 1569 4569 ι
1609 4516 1672 4572 Ει
1703 4518 1761 4574 8.
1797 4532 1842 4589 ι)

134 4615 221 4669 Μ.
257 4612 531 4672 Eudoxii.
563 4621 619 4666 et
647 4627 769 4665 cum
801 4626 865 4665 eo
915 4610 1071 4665 1104.
1111 4630 1129 4661 ι

214 4704 282 4763 7.
333 4704 466 4757 Mss.
503 4703 701 4756 Menam
766 4703 949 4755 Graeca
999 4704 1337 4756 bibliotheca:
1389 4703 1764 4757 Ambrosiame

130 4810 197 4855 ct
235 4797 370 4851 PP.
404 4796 881 4849 Dominicanorum
909 4803 1213 4848 Conventus
1254 4794 1311 4846 8.
1334 4796 1497 4849 Marci
1533 4796 1764 4849 Floren-

132 4893 266 4954 tiae,
307 4906 385 4940 ac
425 4889 868 4954 supplementum
907 4889 970 4941 ad
1002 4887 1201 4941 Mentca
1254 4901 1451 4941 excusa
1475 4888 1763 4941 collectum

128 5003 211 5040 ex
239 4984 364 5037 Ms.
389 4982 684 5051 Synaxario
699 4983 1116 5033 membranaceo
1134 4982 1357 5046 antiquo
1378 4981 1435 5032 l’.
1461 4978 1764 5043 Sirmondi,

127 5082 199 5134 S.
237 5075 561 5132 Romulum
591 5080 717 5127 ante
752 5070 884 5125 alios
904 5074 1256 5132 aunuutiant,
1313 5072 1487 5138 prima
1545 5071 1762 5140 quidem

128 5174 262 5232 hoc
303 5168 525 5222 modo:
573 5184 590 5214 ι
626 5164 857 5234 liomyli,
910 5163 1164 5226 Eudoxii,
1230 5163 1488 5225 Zenonis,
1551 5164 1764 5217 Macarii

127 5267 217 5320 Μ,
266 5302 286 5326 ,
330 5278 365 5309 ιλ
421 5256 589 5311 altera
628 5258 843 5310 titulum
877 5255 1106 5317 addunt,
1151 5274 1168 5305 ‹
1209 5254 1473 5309 Romulus
1506 5259 1763 5326 praeposi-

131 5371 270 5421 tus,
313 5348 632 5412 Eudoxius,
689 5347 899 5412 Zenon,
958 5348 1263 5411 Macarius;
1302 5366 1319 5397 ι
1357 5348 1580 5401 tertium
1632 5364 1764 5403 vero

123 5452 371 5504 Graece
425 5441 497 5495 ita
556 5441 764 5505 habet;
822 5458 840 5490 ι
876 5438 1062 5492 Passio
1145 5436 1245 5491 SS.
1306 5438 1429 5493 MM.
1521 5437 1759 5502 Romuli,

124 5533 441 5597 Eudoxii,
470 5530 707 5584 Zenonis
760 5541 816 5585 et
877 5529 1114 5584 Macarii.
1156 5549 1175 5580 ι
1208 5530 1449 5599 Elogium
1506 5530 1764 5599 subjunc-

122 5647 268 5688 tum
317 5626 583 5697 quardam
619 5623 688 5677 ab
750 5625 899 5677 Actis
965 5627 1177 5677 diversa
1233 5624 1498 5681 continet.
1535 5624 1762 5692 proinde

119 5728 186 5781 in
228 5733 437 5793 pauca
476 5717 526 5770 id
546 5713 834 5769 contrahe.
877 5735 894 5765 ι
937 5714 1009 5767 Ex
1052 5714 1199 5767 hisce
1258 5713 1463 5765 sanctis
1503 5711 1763 5766 Romulus

117 5810 510 5889 praepositus
539 5809 644 5863 sub
668 5806 904 5877 Traiano
933 5809 1265 5877 imperatore
1327 5806 1625 5861 decollatus
1656 5813 1759 5861 est.

1148 349 1335 410 ACTA
1377 350 1482 409 SS.
1528 348 1884 421 EUDOXII,
1932 348 2254 421 ROMULl,
2293 352 2451 411 ETC.

3344 349 3449 414 6H

1872 478 1976 523 est.
2002 467 2134 523 Post
2169 467 2466 540 Trajanum
2499 477 2679 524 autem
2716 478 2767 523 et
2794 469 3029 538 reliquos
3095 470 3450 541 imperatores

1869 576 1978 616 non
2018 560 2211 630 paucis
2238 563 2400 615 annis
2420 561 2639 631 elapsis,
2678 577 2802 615 cum
2869 562 3235 617 Diocletianus
3276 564 3450 633 impe-

1871 653 2010 706 rium
2048 654 2277 720 adeptus
2310 666 2474 715 esset,
2504 654 2778 708 Eudoxius
2809 669 2993 709 comes
3026 657 3202 722 capite
3261 658 3450 725 plexos

1870 755 1951 800 est
1981 764 2101 800 cum
2129 747 2349 801 Zenone
2383 757 2438 802 et
2467 748 2721 810 Macario,
2747 748 2857 817 ἅμα
2890 749 2987 800 σὺν
3012 752 3123 808 τοῖς
3148 750 3236 802 ὑπ’
3271 753 3449 803 αὐτῶν

1873 839 2249 907 στρατιώταις,
2298 841 2389 891 τὸν
2422 840 2653 908 ἀριθμὸν
2691 840 2807 893 οὖσι
2843 842 3034 909 χιλίοις
3072 844 3267 893 ἑκατὸν
3290 846 3443 913 τριὰ-

1871 946 2035 982 κοντα
2068 927 2366 998 τέσσαρσιν
2410 932 2459 983 id
2491 939 2592 1002 est.
2630 947 2732 983 una
2770 948 2892 984 cum
2933 932 3215 989 militibus.
3245 936 3335 995 qui
3370 937 3448 987 eis

1871 1022 2158 1091 parebant,
2199 1038 2427 1075 numero
2457 1022 2602 1101 mille
2651 1006 2889 1075 centum
2925 1023 3140 1093 triginta
3192 1034 3447 1091 quatuor.

1885 1114 1946 1166 Ἦ
1991 1116 2043 1166 δὲ
2071 1115 2249 1167 αὐτῶν
2289 1113 2508 1177 conﬁt;
2540 1114 2771 1165 τελεῖται
2812 1116 2867 1165 ἐν
2894 1114 2973 1181 τῷ
3003 1119 3319 1185 μαρτυρείῳ
3349 1114 3443 1167 τοῦ

1870 1207 1960 1273 ἀγ.
1993 1207 2298 1275 Προκοηὲου
2336 1206 2484 1258 ἔνδον
2535 1205 2625 1257 τοῦ
2661 1207 2748 1272 ἀγ.
2790 1222 2848 1273 μ.
2911 1206 3090 1273 Μηνᾶ.
3127 1206 3450 1258 Cclebratur

1870 1306 2051 1354 autem
2084 1299 2327 1365 ipsorum
2362 1302 2623 1350 memoria
2654 1299 2706 1349 in
2766 1297 3006 1352 oratorio
3067 1296 3125 1350 S.
3169 1298 3448 1367 Procopii,

1868 1389 2012 1455 quod
2048 1396 2127 1441 est
2164 1389 2215 1441 in
2253 1389 2454 1457 templo
2495 1388 2550 1443 S.
2589 1390 2656 1442 Μ.
2684 1391 2882 1445 Mena.
2925 1407 2945 1442 l
2992 1390 3066 1444 De
3090 1404 3241 1445 sacra
3276 1396 3389 1445 ade
3417 1407 3450 1447 a

1867 1480 2230 1535 Constantino
2262 1482 2453 1551 Magno
2507 1482 2685 1536 dicata
2747 1491 2938 1536 sancto
2980 1482 3151 1537 Mense
3226 1485 3448 1553 martyri

1868 1582 2045 1641 potest
2081 1574 2249 1627 rideri
2311 1574 2549 1644 Cangius
2585 1615 2598 1639 ,
2656 1576 2796 1628 libro
2858 1593 2910 1630 IV
2968 1577 3452 1646 Constantinopolis

1869 1664 2206 1732 Christianis,
2263 1679 2398 1720 seet.
2442 1666 2495 1731 6,
2551 1683 2702 1721 num.
2763 1669 2870 1735 62;
2930 1670 3126 1723 ibidem
3160 1685 3310 1723 unm.
3360 1672 3449 1729 58.

1872 1758 2199 1827 templuan
2254 1759 2481 1814 Eudoxii
2539 1773 2919 1816 consecratum
2966 1763 3131 1817 fuisse
3173 1765 3371 1819 saeculo
3400 1782 3452 1818 iv

1872 1853 1952 1904 vel
1978 1870 2029 1916 ν,
2052 1863 2232 1907 narrat
2253 1852 2338 1906 his
2364 1854 2551 1908 verbis
2577 1874 2587 1905 :
2618 1874 2636 1907 ι
2663 1854 2717 1908 8.
2743 1857 2989 1909 Eudoxio
3013 1859 3160 1911 aedes
3179 1868 3452 1911 exstructa

1867 1946 2096 2013 patricio
2153 1955 2206 1999 et
2242 1947 2520 2015 praefecto,
2551 1946 2913 2001 Constantino
2947 1946 3014 1999 M.
3049 1947 3371 2016 imperante.
3406 1950 3452 2004 si

1867 2052 1972 2104 qua
2032 2036 2164 2090 ﬁdes
2184 2038 2395 2091 (Σοάὶηο
2427 2054 2548 2107 pag.
2584 2038 2686 2093 594
2715 2049 2863 2092 certe
2910 2039 3211 2093 Eudoxium
3270 2040 3456 2109 praefe‘

1830 2140 1831 2143 ‘
1868 2135 2013 2182 ctum
2062 2128 2317 2196 pmtorio
2348 2128 2450 2182 sub
2482 2126 3021 2197 Tlieodtisiojuniore
3071 2129 3271 2194 vixisse
3307 2128 3455 2181 iudi-

1867 2230 1995 2275 cant
2038 2223 2182 2292 leges
2217 2222 2425 2291 aliquot
2449 2222 2503 2275 in
2528 2222 2659 2275 Cod.
2688 2221 2791 2275 Th.

1942 2337 2061 2403 §ll.
2096 2339 2172 2389 Au
2227 2340 2435 2390 sanatio
2472 2337 2767 2390 Jusliuimti
2820 2337 3149 2405 imperatoris
3202 2337 3457 2405 martyri-

1868 2409 1959 2459 bus
1977 2409 2112 2459 hisce
2145 2411 2451 2459 ascribemla
2494 2413 2577 2459 sit.
2612 2412 2632 2458 1
2672 2408 2934 2459 Numerus
2962 2407 3016 2459 S.
3052 2408 3456 2459 EtldO.‘t‘it80€iO-

1868 2495 2019 2541 rum;
2045 2477 2291 2546 ﬁgmenta
2311 2480 2374 2531 de
2399 2478 2435 2531 S
2480 2477 2733 2538 Romulo;
2763 2479 2877 2545 ejus
2899 2479 3066 2531 cultus
3091 2480 3143 2529 in
3169 2479 3452 2540 Hispania,

1868 2553 2073 2617 quando
2104 2560 2149 2601 et
2180 2550 2263 2601 ubi
2297 2561 2553 2617 martyres
2608 2549 2768 2613 passi.
2812 2552 2942 2600 Acta
2996 2548 3200 2611 Cra’ca,
3234 2556 3282 2601 et
3347 2547 3447 2600 Ba-

1867 2619 2005 2670 ronii
2026 2620 2331 2686 conjectura
2363 2622 2426 2671 de
2458 2618 2604 2671 mille
2642 2618 2922 2670 militibus.

1944 2755 2209 2811 Baronius
2233 2758 2285 2810 in
2324 2756 2712 2811 Notationibus
2742 2760 2806 2812 ad
2840 2759 3281 2830 Martyrol0gium
3340 2755 3455 2812 Ro-

1870 2867 2087 2904 manum
2115 2852 2216 2905 hac
2248 2848 2334 2905 die
2361 2852 2554 2905 scribit
2577 2851 2896 2920 sequentia:
2934 2870 2952 2903 ι
2985 2850 3059 2904 Ex
3093 2852 3287 2905 horum
3345 2852 3451 2905 mi-

1868 2944 2023 2996 litum
2054 2960 2301 3007 numero,
2341 2945 2432 3013 qui
2476 2943 2732 2998 Melitina:
2774 2946 2823 2997 in
2883 2944 3142 2998 Armenia
3211 2946 3454 2999 coronati

1870 3045 2017 3097 sunt,
2052 3046 2285 3104 quatuor
2334 3052 2487 3089 sacra
2543 3051 2773 3104 corpora
2837 3037 3014 3090 delata
3064 3037 3457 3091 Constantino-

1871 3128 2060 3197 polim.
2103 3116 2325 3197 reperta
2351 3142 2479 3182 sunt
2525 3131 2867 3198 temperibus
2923 3130 3216 3184 Iustiniani
3274 3132 3453 3202 imp.,

1868 3236 2098 3289 quorum
2131 3221 2397 3275 beneﬁcio
2424 3220 2718 3290 imperator
2740 3222 2926 3275 letbali
2990 3226 3180 3284 morbo
3229 3234 3455 3279 curatus

1869 3321 1972 3363 est.
2006 3312 2138 3364 Rem
2200 3321 2403 3379 gestam
2454 3315 2738 3381 perpetuis
2787 3316 3007 3383 dignam
3078 3318 3455 3372 monumentis

1862 3403 2198 3473 conscripsit
2224 3403 2539 3473 Procopius,
2570 3405 2662 3459 lib.
2694 3422 2708 3460 ι
2736 3405 2811 3459 De
2867 3408 3105 3477 (ediﬁciis
3156 3407 3453 3464 Iustiniani

1871 3497 2228 3565 imperatoris.
2265 3517 2283 3548 ι
2320 3498 2703 3553 luvennonem
2751 3499 2944 3553 harum
2984 3501 3338 3569 reliquiarum
3395 3506 3451 3559 in

1869 3590 2070 3656 templo
2114 3592 2171 3641 S.
2208 3590 2395 3643 lrenes
2427 3591 2496 3643 M.
2534 3630 2550 3655 ,
2583 3603 2638 3646 et
2672 3593 2997 3647 benelicium
3026 3597 3324 3648 sanationis
3354 3612 3453 3666 per

1870 3696 1962 3733 eas
2020 3675 2337 3735 JuStiniano
2424 3687 2726 3751 praestitum
2786 3701 2848 3737 ex
2927 3688 3119 3739 eodem
3187 3687 3452 3756 Procopio

1868 3772 2195 3826 Caesariensi
2227 3773 2393 3827 refert
2417 3774 2484 3828 ad
2535 3789 2739 3828 annum
2806 3775 3008 3829 Christi
3080 3777 3185 3831 500
3239 3778 3452 3834 num.2

1870 3863 2072 3920 Verum
2108 3866 2434 3939 Procopius,
2466 3884 2613 3923 anno
2653 3869 2789 3922 1665
2816 3885 2939 3923 cum
2994 3870 3450 3939 interpretatione

1867 3957 2042 4011 nostri
2078 3958 2289 4009 Claudii
2325 3958 2558 4009 Maltrcti
2594 3956 2816 4009 Parisiis
2842 3960 3046 4018 editus.
3086 3960 3285 4021 librat,
3322 3976 3445 4032 cap.

1869 4048 1897 4101 7
1920 4064 2026 4101 non
2053 4049 2215 4103 habet
2238 4058 2491 4119 quatuor,
2512 4049 2605 4103 sed
2633 4050 2730 4119 οὑχ
2746 4046 2912 4119 ἧσσον
2943 4051 2975 4118 ἢ
3002 4058 3437 4123 τεσσαράκοντα,

1871 4142 1923 4196 Id
1961 4152 2063 4202 cst,
2100 4158 2204 4195 non
2271 4143 2452 4196 minus
2528 4158 2690 4210 quam
2752 4144 3159 4213 quadraginta;
3211 4158 3263 4200 et
3321 4149 3450 4202 licet.

1869 4234 2065 4286 subdat
2097 4234 2197 4284 hos
2232 4233 2400 4285 fuisse
2433 4230 2709 4285 Romanos
2751 4234 2954 4286 milites
2984 4235 3212 4305 legionis
3235 4238 3449 4294 duode-

1869 4325 2045 4387 citum,
2091 4340 2251 4392 quam
2272 4324 2401 4377 olim
2458 4326 2837 4378 stationariam
2877 4327 3065 4380 habuit
3090 4327 3222 4381 urbs
3249 4331 3447 4385 Arme-

1872 4418 1971 4469 niae
1999 4416 2251 4469 Mclilctle
2281 4435 2295 4482 ;
2327 4433 2433 4468 non
2471 4428 2652 4470 tamen
2680 4418 2818 4469 dicit
2857 4419 2909 4469 in
2934 4434 2996 4470 ea
3056 4420 3188 4473 urbe
3241 4434 3449 4493 marty-

1871 4508 2009 4561 rium
2034 4522 2155 4562 esse
2176 4523 2382 4575 passos.
2410 4507 2549 4562 Hinc
2582 4510 2807 4562 dubium
2843 4520 2947 4574 est,
2976 4525 3043 4565 an
3080 4527 3309 4582 corpora
3354 4513 3449 4570 illa

1866 4603 2073 4656 fuerint
2105 4603 2408 4672 aliquorum
2437 4618 2501 4657 ex
2528 4603 2810 4657 bodiernis
2844 4604 3125 4665 militlbus.
3168 4617 3221 4660 et
3256 4623 3449 4663 conse-

1865 4703 2098 4762 quenter
2124 4710 2190 4746 an
2247 4695 2383 4762 ipsis
2438 4695 2633 4747 ascribi
2686 4696 2881 4748 debeat
2942 4707 3211 4764 patratum
3280 4702 3448 4753 mira-

1865 4788 2070 4843 culum.
2113 4787 2519 4853 Tillemontius,
2556 4798 2703 4841 tomo
2726 4786 2765 4839 Il
2796 4786 3446 4847 Monumentorumcccle-

1865 4882 2200 4933 siasticorum
2233 4882 2487 4935 secundae
2538 4880 2815 4943 editionis,
2850 4896 2969 4951 pag.
3006 4882 3111 4935 574
3136 4886 3449 4952 suspicatur

1866 4972 2033 5026 fuisse
2061 4975 2317 5040 reliquias
2348 4972 2644 5025 celebrium
2673 4972 2741 5023 40
2767 4971 3059 5039 Martyrum
3120 4969 3449 5026 Sebasteno-

1868 5081 2011 5129 rum,
2037 5080 2158 5134 quae
2188 5080 2356 5133 prOpe
2378 5062 2911 5132 Constantinopolim
2975 5065 3077 5117 sub
3127 5062 3443 5120 Theodosio

1866 5157 1912 5211 ll
1941 5158 2175 5211 inventa:
2205 5166 2353 5218 sunt,
2375 5156 2441 5209 de
2470 5156 2675 5224 quibus
2702 5156 2770 5207 ad
2796 5155 2945 5208 diem
2972 5172 3000 5207 ι
3032 5154 3229 5209 Martii.

1937 5251 1990 5303 9.
2024 5251 2402 5303 Tillemontius
2428 5250 2624 5303 citatus
2660 5263 2947 5301 numerum
2975 5246 3031 5302 S.
3059 5248 3291 5303 Eudoxii
3356 5265 3447 5303 so-

1867 5343 2075 5396 ciorum
2132 5351 2293 5412 auget
2349 5343 2632 5395 trecentis.
2688 5340 2889 5393 Scribit
2941 5343 3087 5394 enim
3132 5340 3291 5403 1404,
3346 5358 3445 5412 pro

1867 5434 2026 5497 1104,
2086 5433 2248 5501 idque
2305 5433 2390 5486 bis
2449 5434 2670 5503 reperit,
2701 5431 2939 5501 allegatis
2991 5432 3191 5486 Menzea
3248 5448 3444 5503 magna

1864 5526 2185 5582 Graecorum
2233 5526 2492 5579 editionis
2553 5524 2767 5579 Veneta:
2826 5527 2956 5579 anni
3028 5523 3187 5579 1528.
3260 5525 3442 5579 Editio

1864 5619 1953 5673 illa
1968 5617 2175 5671 mihiad
2196 5633 2415 5671 manum
2435 5632 2544 5670 non
2574 5628 2694 5683 est;
2719 5620 2810 5671 sed
2839 5616 3092 5685 quoniam
3114 5620 3166 5673 in
3196 5618 3439 5682 Menaeis.

1866 5728 1986 5782 qua:
2025 5726 2167 5766 anno
2201 5712 2338 5768 1595
2360 5711 2606 5765 Venetiis
2632 5712 2973 5782 prodierunt,
3030 5713 3083 5765 in
3138 5713 3443 5784 Menologio

1868 5806 2160 5863 cardinalis
2195 5803 2398 5873 Sirleti,
2463 5809 2615 5863 Actis
2646 5824 2676 5861 a
2704 5805 3067 5879 Metaphrastc
3116 5806 3441 5891 conscriptis
