4170 6322
751 338 857 402 615

1976 334 2264 397 MENSIS
2302 335 2592 399 SEPTEM
2603 336 2772 398 BER-

3899 343 3992 407 616

752 481 806 523 et
828 466 955 522 alibi
982 473 1369 538 computantur
1402 466 1668 522 duntaxat
1698 464 1835 520 1104
1869 466 2161 531 ;existimo
2210 464 2312 520 Til-

2426 450 2551 505 huic
2599 460 2677 505 tot
2711 451 3071 507 adversantur
3097 465 3434 524 argumenta,
3461 465 3593 527 quot
3624 456 3858 513 Romulo
3888 476 3993 515 εετο

750 557 1066 612 lemontium
1114 571 1399 628 perperam
1450 556 1635 612 Gmca
1683 558 1935 612 vertisse.
1962 556 2318 612 Undeautem

746 649 801 703 in
828 649 1217 718 Supplemento
1261 650 1327 704 ad
1393 648 1596 703 Menam
1666 664 1886 712 excusa,
1949 650 2106 718 cuius
2150 650 2315 704 verba

746 737 872 793 dedi
902 754 1056 793 num.
1079 740 1130 803 7,
1151 740 1215 793 ad
1231 738 1519 807 praedictos
1546 738 1684 793 1104
1704 739 2038 793 accesserint
2072 740 2317 810 triginta,

747 843 1087 900 compertum
1122 847 1227 885 non
1262 832 1437 885 habeo
1470 849 1483 885 :
1518 846 1693 901 neque
1720 832 1789 885 ob
1821 831 1989 885 solam
2036 831 2317 902 Synaxarii

746 925 1113 979 Sirmondiani
1136 926 1519 979 auctoritatem
1546 940 1836 978 numerum
1886 924 1939 976 in
1998 923 2319 994 Martyrolo-

744 1016 830 1086 gio
900 1017 1146 1070 Romano
1202 1017 1537 1085 descriptum
1613 1031 1811 1085 augere
1885 1016 2049 1079 volui,
2118 1017 2196 1069 Ad
2258 1016 2317 1073 S.

751 1105 1045 1161 Romulum
1105 1112 1248 1175 quod
1308 1111 1523 1171 attinet,
1580 1121 1705 1162 eum
1769 1108 1977 1161 Pseudo
2012 1107 2208 1161 Dexter
2265 1110 2318 1161 in

743 1198 1015 1253 Chronico
1043 1199 1108 1253 ad
1141 1216 1344 1252 annum
1375 1200 1571 1254 Christi
1627 1199 1725 1253 100
1753 1216 1908 1252 num.
1946 1198 1979 1251 ἓ
2022 1200 2319 1268 Hispanum

746 1288 876 1344 facit
923 1306 987 1344 ac
1039 1290 1273 1359 Traiano
1324 1291 1696 1360 homopolum,
1753 1292 1825 1343 ita
1868 1292 2161 1345 seribens:
2203 1310 2219 1340 ι
2259 1290 2316 1343 S.

744 1382 1010 1437 Romulus
1033 1379 1251 1450 Traiani
1293 1382 1522 1436 Cmsnris
1589 1382 1896 1451 praefectus,
1944 1382 2119 1451 patria
2177 1381 2322 1433 Itali-

743 1473 943 1533 ci-usis,
980 1471 1247 1540 Hispanus
1283 1475 1335 1525 in
1365 1473 1675 1541 Hispaniam
1705 1475 1769 1525 ab
1827 1474 2019 1527 eodem
2054 1473 2320 1542 relegatus

742 1564 796 1617 in
830 1563 1119 1619 Celtiberia
1154 1567 1376 1635 patitur.
1418 1586 1436 1617 ι
1476 1565 1683 1635 Nempe
1718 1566 1986 1620 innumeri
2057 1574 2319 1634 martyres

741 1657 809 1710 ad
835 1656 1112 1710 Orientem
1150 1660 1319 1727 passi.
1354 1676 1583 1727 quorum
1617 1661 1886 1713 duntaxat
1954 1660 2202 1718 meminit
2250 1673 2314 1711 ex

742 1750 980 1817 antiquis
1011 1750 1324 1804 Graecorum
1372 1751 1755 1820 Mcnologium,
1790 1751 2317 1805 PseudmArchime-

2423 543 2515 597 illo
2548 559 2708 614 pares
2742 561 2869 602 esse
2906 557 3216 617 potuerunt,
3260 550 3459 604 nedum
3514 566 3675 620 pares
3725 554 3988 609 vixerunt.

2423 633 2697 690 Habemus
2760 638 3018 692 Actorum
3049 641 3213 694 verba
3251 657 3350 710 pro
3377 642 3522 697 mille
3552 644 3830 700 testibus:
3865 646 3991 700 Tunc

2422 726 2707 779 adductum
2759 727 3147 809 (Onesimum)
3187 732 3255 785 ad
3312 733 3549 786 tribunal
3602 734 3829 789 Tertulli
3885 755 3988 791 eum

2420 814 2645 871 Romulo
2682 819 2923 886 adjttfore
2975 831 3021 873 et
3077 820 3249 891 Papia
3303 824 3571 890 spirituali
3625 830 3985 893 rommilitone,

2420 907 2761 977 interrogavit
2796 910 3070 976 Tertullus,
3107 916 3278 968 dicens
3309 931 3326 967 :
3360 916 3488 980 Quis
3519 933 3572 969 es
3599 918 3621 969 Ρ

2498 1001 2589 1053 12.
2627 1020 2643 1050 ι
2697 1000 2860 1057 Plane
2909 1006 2993 1057 vel
3050 1005 3139 1059 hic
3190 1006 3481 1061 Onesimus
3521 1010 3609 1063 ille
3668 1008 3991 1064 Philemonis

2421 1094 2783 1148 Collosscnsis
2816 1111 3024 1158 servus,
3058 1099 3125 1150 de
3173 1115 3283 1167 quo
3309 1101 3419 1168 agit
3462 1099 3664 1154 Paulus
3709 1104 3991 1169 Apostolus

2425 1186 2669 1255 Epistula
2712 1188 2777 1241 ad
2820 1187 3058 1244 Philem.
3102 1203 3263 1260 atque
3294 1192 3432 1245 idem
3470 1192 3783 1259 Ephesiuus
3819 1204 3992 1263 postea

2421 1281 2735 1348 episcopus,
2794 1290 2852 1333 ut
2902 1294 3129 1349 apparet
3157 1299 3221 1336 ex
3299 1284 3538 1351 Epistula
3571 1284 3626 1338 S.
3686 1286 3881 1353 Ignatii
3937 1287 3993 1338 ad

2423 1360 2734 1437 Ephesios;
2776 1371 2859 1424 vel
2898 1384 3097 1441 martyr
3137 1374 3273 1426 alius
3331 1373 3427 1426 SS.
3485 1376 3663 1441 Alpliii
3730 1376 3996 1428 Philadel-

2422 1463 2533 1529 phii
2576 1462 2844 1532 ctCyriui
2884 1467 3204 1532 priecepior.
3263 1465 3508 1520 Puteolis
3565 1478 3659 1519 aut
3719 1468 3773 1519 in
3828 1469 3995 1524 Sicilia

2423 1569 2526 1606 una
2587 1570 2707 1607 eum
2771 1554 3074 1622 iispassus.
3111 1557 3250 1622 quod
3310 1561 3479 1625 magis
3541 1559 3716 1626 placet
3751 1558 3996 1612 Ferrario

2422 1644 2475 1696 in
2503 1642 2675 1697 Catal.
2727 1650 3051 1700 Sanctorum
3109 1649 3171 1698 l6
3210 1647 3485 1700 Februarii
3533 1661 3587 1703 et
3639 1651 3698 1702 51
3768 1650 3915 1713 Julii,
3948 1664 3996 1704 et

2422 1735 2775 1789 Henschenio
2838 1746 2967 1790 tum.
2998 1737 3040 1789 ll
3091 1737 3372 1790 Februarii
3435 1756 3551 1807 pag.
3583 1740 3707 1799 858,
3750 1743 3992 1805 num.l5,

739 1839 826 1894 dis
853 1843 1011 1908 hujus
1050 1842 1278 1910 (Dextri)
1307 1858 1468 1911 opera
1502 1843 1551 1895 in
1579 1844 1676 1896 hos
1696 1852 1899 1897 tractus
1931 1853 2312 1910 terrarumque

2420 1828 2837 1896 conl'udisseque.
2868 1830 3282 1899 Metaphrastein
3345 1832 3629 1899 ntriusquc
3682 1847 3770 1885 res
3803 1840 3993 1901 gestas.

741 1931 947 1999 ﬁnem,
988 1932 1163 1988 Gades
1235 1934 1608 1997 transferunt,
1670 1936 1847 2003 inquit
1923 1937 2004 1989 vir
2059 1945 2313 2005 spectata:

739 2025 1065 2079 eruditionis
1142 2024 1201 2078 Ι).
1250 2026 1501 2082 Νἰοοῐθυε
1552 2028 1823 2080 Antonius
1872 2027 1924 2080 in
1987 2027 2185 2080 litteris
2244 2027 2313 2081 ad

739 2113 1062 2171 Bollandum
1086 2115 1224 2169 datis
1252 2132 1399 2170 anno
1425 2116 1577 2171 1658.
1598 2117 1741 2181 Quid
1771 2133 1896 2171 vero
1925 2118 2203 2185 speciatim
2245 2119 2314 2172 de

739 2206 799 2262 S.
857 2208 1093 2262 Romulo
1144 2209 1400 2272 senserit,
1463 2212 1646 2278 accipe
1682 2225 1746 2263 ex
1798 2224 1926 2273 mss.
1964 2210 2135 2276 ipsius
2166 2218 2316 2279 post-

738 2301 943 2365 hnmis,
989 2316 1109 2371 qua:
1155 2300 1405 2371 Cuperus
1445 2315 1633 2356 noster
1700 2317 1845 2355 anno
1911 2301 2040 2355 1721
2102 2302 2311 2356 .‘lladriti

739 2407 934 2462 magna
959 2408 1024 2445 ex
1058 2402 1209 2461 parte
1231 2392 1546 2460 descripsit.

812 2484 901 2541 10.
940 2502 958 2533 ι
999 2483 1286 2537 Romulum
1342 2492 1557 2551 oportet
1606 2484 1823 2552 quidem
1879 2484 2019 2553 apud
2070 2482 2285 2538 Graecos

740 2578 1000 2646 martyrio
1035 2578 1306 2629 sublatum
1344 2593 1357 2627 :
1388 2574 1623 2643 quomilo
1648 2576 1792 2629 enim
1825 2576 1989 2628 homo
2016 2574 2308 2644 Hispanus,

741 2677 798 2724 et
829 2672 883 2722 in
940 2668 1194 2734 HiSpania
1232 2684 1328 2737 pro
1364 2683 1487 2720 vera
1542 2667 1645 2721 ﬁde
1694 2668 1924 2731 occisus,
1963 2683 2177 2720 omnem
2231 2667 2313 2721 sui

739 2761 1060 2816 memoriam
1126 2760 1192 2814 ad
1272 2758 1490 2814 Graecos
1574 2760 2049 2829 transportaverit.
2112 2759 2311 2812 nullam

740 2852 885 2907 domi
922 2861 977 2904 et
1007 2852 1147 2919 apud
1177 2867 1304 2906 suos
1339 2850 1621 2919 reliquerit
1648 2851 1672 2904 ?
1705 2851 1777 2903 De.
1808 2850 1912 2904 hoc
1958 2851 2153 2905 docere
2206 2862 2315 2900 non

743 2941 1045 2996 debuerunt
1070 2940 1214 3010 gravi
1244 2948 1673 3009 propugnatores
1703 2940 2105 2994 mendaeissimi
2137 2938 2313 2991 Chro-

740 3032 875 3087 nici.
911 3034 977 3088 Et
1023 3034 1265 3087 referunt
1300 3032 1400 3085 hoc
1449 3046 1702 3087 sermone
1757 3032 1924 3086 Gril‘Ci
1988 3031 2313 3087 occisionem

746 3125 1018 3196 martyris,
1059 3124 1265 3180 nullum
1312 3134 1371 3177 ut
1414 3125 1683 3192 relinquat
1739 3125 1913 3179 locum
1975 3124 2311 3191 relegationi.

745 3216 1009 3271 Romulus
1037 3214 1257 3277 dicitur,
1289 3223 1569 3281 postquam
1613 3217 1875 3268 suasisset
1919 3214 2155 3267 Traiano
2207 3213 2311 3267 mi-

742 3305 895 3360 litum
926 3304 1360 3363 Cbrisﬁanorum
1386 3303 1612 3370 ςτειιρω,
1644 3305 1695 3359 in
1727 3320 1784 3359 se
1810 3318 2108 3360 conversus
2133 3304 2311 3358 credi-

738 3396 883 3451 disse
912 3397 966 3450 in
985 3396 1282 3455 Christum,
1307 3395 1798 3466 imperatoremque
1827 3395 2123 3463 impietatis
2149 3409 2312 3450 accu-

743 3503 911 3543 sasse.
942 3506 960 3539 ι
1021 3488 1160 3541 Tum
1192 3487 1375 3541 subdit
1408 3488 1569 3541 verba
1597 3488 1842 3556 quaedam
1889 3500 1952 3539 es
2005 3484 2312 3554 Menologio

740 3579 925 3635 Basilii
969 3587 1023 3633 et
1076 3594 1155 3650 ex
1202 3577 1586 3649 Metapliraste,
1641 3578 1764 3632 dein
1796 3578 1873 3631 sic
1934 3591 2309 3647 prosequens:

745 3691 765 3726 ι
799 3672 1016 3727 Nullum
1043 3672 1133 3726 hic
1162 3670 1319 3725 fateri
1346 3686 1485 3739 opus
1508 3680 1590 3727 est
1629 3670 1975 3739 Hispaniensi
2032 3668 2315 3736 relegatio-

739 3764 851 3824 nis,
911 3760 1277 3827 Celtiberique
1343 3760 1586 3829 martyrii
1648 3759 1985 3826 Vestigium;
2047 3757 2311 3826 siquidem

740 3850 1029 3921 Traianum
1062 3852 1112 3903 in
1147 3849 1456 3918 Hispaniam
1486 3849 1697 3905 venisse
1722 3864 2020 3918 nunquam,
2046 3864 2108 3901 ex
2138 3848 2312 3903 Dione

740 3950 793 3995 et
820 3942 938 3997 aliis
964 3943 1462 4011 compertissimum
1492 3950 1596 3994 est.
1627 3958 1645 3990 ι
1683 3940 1952 3995 Hactenus
1981 3940 2048 3993 dc
2081 3939 2312 3993 adducto

739 4032 993 4086 Chronici
1044 4034 1203 4098 loco;
1260 4036 1405 4100 quod
1470 4032 1716 4100 sequitur
1775 4031 1900 4084 ferit
1966 4028 2327 4098 potissimum

737 4123 1004 4177 Joannem
1039 4121 1337 4194 Tamayum
1392 4121 1610 4177 Salazar
1652 4122 2070 4192 martyrologmu
2121 4122 2314 4191 llispa-

738 4228 892 4275 num,
953 4212 1045 4281 qui
1100 4212 1151 4265 in
1207 4210 1360 4266 Notis
1399 4213 1464 4265 ad
1527 4212 1561 4265 5
1615 4210 1948 4281 Septembris
2019 4210 2122 4266 alia
2176 4210 2310 4264 ialsa

737 4320 803 4359 ex
860 4303 1075 4357 Bivario
1128 4302 1518 4372 superaddidit.

810 4410 898 4467 11.
941 4427 960 4462 ι
995 4407 1112 4464 Non
1147 4419 1328 4463 autem
1380 4409 1619 4464 contenti
1666 4409 1896 4466 Romulo
1932 4410 2049 4467 cive
2078 4418 2134 4465 et
2166 4426 2311 4466 mar-

2421 1921 2477 1975 Si
2539 1926 2774 1993 primum
2828 1926 3053 1990 dixeris,
3097 1929 3250 1979 lateri
3306 1939 3519 1994 oportet
3577 1938 3993 1995 consequenter,

2418 2015 2731 2079 Romulum,
2763 2033 2921 2085 quem
2953 2020 3193 2086 apellant
3244 2020 3547 2087 adiutorem
3576 2024 3820 2089 cpiswpi
3870 2026 3993 2077 Acta

2416 2108 2681 2171 Onesimi,
2715 2110 2880 2163 alium
2934 2128 3154 2178 prorsus
3197 2112 3264 2165 ab
3297 2127 3362 2164 eo
3392 2112 3580 2178 fuisse,
3631 2116 3726 2182 qui
3782 2127 3997 2183 propter

2416 2201 2801 2271 Opprubratam
2868 2202 3103 2272 Trajano
3184 2205 3547 2274 impietatem,
3637 2208 3800 2274 cujus
3865 2209 3996 2262 aula:

2416 2296 2671 2364 magister
2718 2307 2853 2360 erat,
2897 2313 3115 2351 causam
3157 2313 3336 2350 coram
3374 2314 3440 2353 eo
3487 2300 3641 2353 dixit.
3696 2299 3802 2365 Qui
3855 2304 3992 2354 enim

2417 2388 2580 2441 simul
2612 2403 2738 2441 esse
2775 2398 2987 2451 poterat
3039 2390 3271 2457 praetorii
3323 2390 3547 2459 Augusti
3607 2394 3902 2460 pia’leetus
3945 2400 3995 2445 et

2418 2478 2673 2548 Ephesini
2760 2480 2999 2548 episcopi
3066 2480 3397 2547 coadjutor?
3470 2478 3666 2549 Neque
3725 2484 3856 2535 item
3919 2484 3994 2536 sic

2411 2572 2599 2641 jejune
2630 2573 2761 2625 Acta
2793 2573 2859 2627 de
2893 2571 3126 2626 Romulo
3164 2582 3329 2628 tanta:
3360 2575 3413 2627 in
3467 2575 3670 2629 szeculo
3716 2575 3994 2644 dignitatis

2418 2664 2533 2716 viro
2612 2674 2858 2734 agerent,
2926 2675 2984 2717 ut
3033 2666 3313 2733 quaerendi
3368 2666 3543 2719 locum
3601 2667 3991 2735 relinquerent,

2415 2754 2541 2822 quis
2588 2754 2672 2806 ille
2701 2763 2866 2807 esset.
2898 2753 2950 2806 Si
2988 2769 3111 2808 vere
3142 2754 3492 2808 Puteolanum
3526 2767 3823 2827 martyrem
3854 2760 3992 2813 hunc

2420 2846 2639 2906 dixeris,
2697 2846 2829 2898 nihil
2879 2846 2946 2899 ad
2975 2862 3097 2899 eum
3157 2849 3431 2914 pertinere
3488 2850 3580 2919 qui
3636 2852 3739 2904 sub
3793 2852 3992 2905 ultimis

2418 2937 2649 2994 ethnicis
2689 2940 3252 3007 imperatoribus,hoc
3278 2952 3379 3004 est,
3415 2945 3494 2995 vel
3531 2944 3698 2996 Decio
3729 2945 3812 2997 vel
3860 2943 3995 2999 Lici-

2421 3032 2510 3085 nio
2548 3032 2923 3100 triumphavit,
2959 3033 3247 3086 llornulum
3273 3033 3490 3102 Trajani
3516 3045 3811 3106 martyrem
3840 3037 3991 3092 fateri

2420 3124 2824 3187 compellantur.
2866 3124 3037 3177 Porro
3081 3126 3210 3193 quid
3240 3126 3436 3180 mirum
3484 3128 3538 3181 in
3574 3126 3672 3182 has
3716 3135 3995 3193 angustias

2419 3213 2681 3277 deveniri,
2718 3215 2937 3285 quando
2966 3218 3201 3287 undique
3242 3219 3476 3274 corrasis
3513 3221 3679 3274 etiam
3704 3221 3993 3275 levissimis

2417 3307 2753 3377 argumentis
2784 3317 2891 3361 tam
2926 3324 3092 3363 sacra:
3129 3326 3216 3365 res
3275 3312 3627 3365 tractantur?
3680 3311 3815 3377 Quae
3866 3311 3991 3365 falsa

2417 3408 2561 3460 sunt,
2605 3408 2751 3451 certe
2794 3409 3072 3465 nequeunt
3101 3400 3441 3468 comprobari
3474 3401 3596 3453 aliis
3627 3404 3733 3454 nisi
3771 3402 3991 3470 inepte;

2417 3496 2475 3541 et
2522 3501 2743 3540 m0vere
2794 3487 2995 3554 aliquid
3059 3492 3293 3555 oportet,
3333 3497 3390 3542 ut
3446 3490 3577 3544 nihil
3636 3493 3749 3543 tiat.
3789 3509 3809 3542 ι
3874 3490 3991 3545 Hac

2416 3588 2607 3633 contra
2642 3577 2973 3633 labulatores
3009 3579 3127 3634 illos
3159 3580 3405 3635 eruditus
3443 3582 3738 3652 l‘liSpanus.

2490 3671 2575 3728 15.
2604 3673 2867 3726 Caeterum
2902 3674 3002 3727 ista
3030 3676 3313 3741 persuasio
3339 3676 3406 3729 de
3429 3680 3603 3744 patria
3641 3676 3706 3731 S.
3773 3677 3989 3733 Romuli

2416 3763 2756 3817 occasionem
2793 3763 2944 3815 dedit
2990 3762 3217 3815 solemni
3279 3765 3397 3831 ejus
3431 3767 3600 3819 cultui
3666 3771 3770 3822 huc
3806 3770 3897 3823 die
3944 3771 3993 3821 in

2417 3853 2639 3927 diteccsi
2666 3852 2993 3921 Hispalensi.
3023 3861 3179 3920 prout
3210 3862 3393 3905 narrat
3425 3853 3719 3924 Tamayus,
3754 3871 3881 3924 pag.
3931 3856 3986 3907 61

2418 3943 2502 3996 liis
2530 3942 2751 3995 verbis:
2793 3958 2812 3991 ι
2866 3941 3109 4011 Denique
3134 3957 3257 3996 cum
3311 3943 3660 4012 arcliipraesul
3694 3944 3758 3997 D.
3793 3945 3857 3998 D.
3896 3942 3994 3999 Pe-

2420 4043 2534 4087 trus
2557 4033 2624 4087 de
2650 4033 2840 4089 Castro
2871 4044 2926 4088 et
2954 4036 3257 4099 Quinones,
3285 4035 3622 4106 Hispalensis
3682 4039 3834 4093 sedis
3881 4054 3987 4092 me-

2419 4128 2691 4196 tropulita,
2738 4128 3105 4181 referentibus
3151 4126 3367 4181 Decano
3457 4138 3511 4187 et
3571 4132 3820 4198 capitulo
3886 4146 3993 4186 sua

2417 4216 2799 4270 illustrissima:
2850 4218 3108 4272 Ecclesia:
3163 4229 3217 4272 et
3277 4220 3395 4273 aliis
3442 4220 3778 4274 doctissimis
3842 4222 3990 4285 viris,

2416 4310 2761 4377 cognovisset
2792 4309 2940 4361 hunc
3012 4319 3261 4361 sanctum
3329 4323 3622 4378 martyrem
3664 4326 3731 4363 ex
3784 4311 3989 4372 Italica,

2416 4412 2529 4454 sua:
2560 4400 2810 4455 dimeesis
2845 4401 2978 4455 urbe
3029 4402 3317 4457 oriundum
3370 4402 3582 4468 fuisse;
3639 4419 3793 4458 anno
3858 4406 3991 4462 um

739 4511 855 4572 tyre
884 4500 1066 4553 Dextri
1100 4500 1346 4554 vindices
1387 4498 1630 4555 Bivarius
1660 4510 1715 4555 et
1745 4501 2000 4571 Tamajus
2042 4505 2308 4573 progressi

2416 4493 2492 4546 illi
2526 4496 2732 4548 cultum
2760 4510 2884 4548 cum
2923 4493 3112 4549 Oliicio
3133 4496 3341 4564 duplici
3377 4498 3431 4550 in
3492 4497 3742 4563 dioecesi,
3797 4510 3856 4553 et
3904 4514 3992 4554 se-

739 4600 870 4644 sunt
928 4588 1173 4653 ulterius,
1245 4598 1301 4643 et
1361 4591 1503 4660 quod
1575 4591 1627 4643 in
1675 4591 1821 4646 Actis
1872 4587 2110 4648 Onesimi
2155 4611 2185 4653 a
2224 4595 2312 4649 Si-

736 4696 929 4736 meoue
958 4682 1217 4749 Scriptum
1269 4681 1436 4735 fuerit
1489 4679 2213 4754 MetaphrastelFebruario
2244 4684 2311 4739 16

745 4772 891 4841 apud
921 4770 1141 4824 Suriuin
1176 4781 1309 4825 tum.
1340 4774 1383 4835 l,
1415 4778 1432 4843 )
1474 4775 1711 4830 oblatum
1746 4790 1869 4828 eum
1905 4773 2144 4831 Tertullo
2176 4791 2313 4845 pra:-

737 4866 838 4919 sidi
873 4880 975 4918 una
998 4880 1121 4918 cum
1151 4866 1313 4919 sociis
1344 4865 1576 4920 Romulo
1606 4878 1659 4920 et
1687 4866 1845 4936 Papia
1880 4885 1895 4934 ;
1925 4869 2126 4932 statim,
2156 4868 2309 4937 quasi

734 4957 1034 5013 revelatum
1090 4957 1192 5010 sibi
1228 4958 1490 5009 divinitus
1532 4959 1741 5017 luisset,
1784 4959 2028 5010 Bivarins
2061 4973 2169 5013 non
2209 4960 2309 5012 du-

734 5049 974 5104 bitanter
1011 5048 1277 5102 allirinare
1323 5063 1487 5101 ausus
1533 5059 1641 5112 est,
1702 5050 1955 5102 eumdem
2015 5049 2157 5109 hunc
2187 5064 2310 5103 esse

739 5158 865 5196 cum
907 5152 1093 5196 nostro
1121 5141 1395 5203 Romulo;
1432 5143 1516 5194 cui
1555 5144 1842 5195 temerario
1873 5142 2029 5195 ausui
2063 5147 2307 5197 obstrin-

737 5247 864 5302 gere
934 5231 1010 5283 nil
1062 5232 1268 5284 veritus
1316 5229 1552 5285 Joannes
1594 5232 1871 5300 Tamajus,
1912 5235 1962 5285 in
2014 5234 2145 5286 Acta
2189 5237 2304 5302 ipsa

734 5323 976 5387 Romuli,
1015 5337 1133 5392 qua
1168 5322 1238 5375 ad
1290 5323 1548 5376 ubruzam
1602 5324 1715 5377 veri
1768 5331 1822 5379 et.
1875 5326 2138 5393 comperti
2193 5340 2300 5380 non

733 5414 869 5469 alias
914 5412 1135 5465 formari
1166 5411 1246 5464 l'as
1273 5423 1329 5466 et
1355 5429 1567 5482 acquum
1597 5414 1720 5478 fuit,
1753 5416 2099 5469 vanissimam
2131 5414 2303 5469 admi-

732 5505 803 5559 sit
829 5502 1026 5557 Bivarii
1054 5504 1419 5571 conjecturam
1447 5521 1462 5570 ;
1495 5505 1894 5576 Romulumque
1918 5505 2134 5575 Trajani
2158 5508 2303 5563 hunc

737 5595 1051 5677 prefectum
1090 5594 1332 5648 Onesimi
1380 5596 1589 5650 socium
1642 5595 1791 5649 illum
1854 5598 2155 5653 constituit.
2196 5596 2301 5652 Sed

732 5706 1001 5759 quamam,
1043 5689 1143 5755 ais,
1196 5689 1501 5760 iniecerunt
1563 5691 1702 5747 hanc
1754 5703 1989 5749 mentem
2043 5693 2303 5748 liii-ario?

734 5782 815 5835 An
864 5784 1033 5839 solam
1066 5784 1308 5840 nominis
1367 5785 1633 5841 rationem
1690 5799 1912 5842 secutus
1971 5786 2118 5842 iuit?
2160 5788 2298 5842 Nam

2419 4586 2613 4639 cundze
2644 4586 2834 4639 classis
2859 4590 2913 4638 in
2937 4587 3079 4650 loco,
3123 4589 3211 4642 ubi
3251 4588 3381 4641 olim
3419 4589 3597 4642 Italica
3621 4590 3748 4656 luit,
3798 4592 3991 4645 detulit

2415 4686 2469 4730 et
2496 4676 2676 4730 hocin
2737 4687 3019 4747 posterum
3083 4680 3367 4733 observari
3438 4680 3721 4750 praacepit,
3782 4683 3989 4736 virtute

2413 4766 2814 4836 privilegioruin
2846 4784 2877 4822 a
2907 4769 3137 4824 summis
3192 4771 3539 4841 pontificibus
3590 4788 3989 4828 concessurum

2412 4860 2733 4931 pnesulibus
2790 4861 3137 4927 Hispanias.»
3197 4862 3302 4916 Sed
3366 4878 3568 4918 novum
3631 4866 3726 4919 hic
3796 4880 3992 4943 rursus

2411 4967 2651 5004 errorem
2675 4952 3171 5018 admiscuit;nam
3231 4953 3533 5009 Bodericus
3598 4960 3763 5020 Caro,
3827 4973 3991 5029 quem

2410 5047 2565 5109 citat,
2638 5048 2691 5096 in
2741 5048 3152 5114 Antiquitatibus
3230 5048 3655 5113 Hispalensibus,
3723 5052 3821 5109 fol.
3892 5053 3992 5106 106

2408 5141 2773 5208 quadriennio
2803 5143 2962 5195 citius
2986 5142 3036 5193 id
3075 5143 3275 5194 laetum
3313 5143 3495 5204 tradit,
3541 5145 3808 5196 nimirum
3844 5158 3992 5198 anno

2410 5233 2587 5287 16Ξοε
2627 5246 2773 5288 certe
2809 5235 2922 5288 lieri
2952 5235 3142 5296 debuit
3170 5243 3296 5289 ante
3334 5234 3406 5288 20
3444 5234 3762 5291 Decembris
3826 5237 3985 5299 1623,

2408 5342 2515 5395 quo
2554 5328 2868 5396 praedictum
2910 5329 3376 5398 archiepiscopum
3412 5329 3633 5383 Petrum
3694 5333 3763 5385 de
3790 5332 3987 5386 Castra

2407 5432 2436 5471 a
2465 5418 2598 5471 vivis
2614 5418 2916 5472 excessisse
2943 5419 3211 5488 Tamayus
3235 5420 3350 5488 ipse
3398 5420 3466 5473 ad
3499 5420 3556 5474 11
3626 5418 3808 5474 Martii
3860 5436 3987 5493 pag.

2404 5509 2529 5572 201,
2568 5509 2766 5579 aliique
2797 5522 3046 5565 auctores
3067 5514 3292 5581 Hispani
3329 5522 3602 5569 asserunt.

2479 5602 2562 5655 14.
2600 5602 2670 5654 De
2711 5612 2951 5673 tempore
2979 5645 2993 5670 ,
3018 5619 3126 5673 quo
3158 5604 3300 5675 passi
3358 5604 3533 5669 luere,
3583 5606 3843 5661 observat
3881 5607 3987 5663 Pa-

2404 5696 2523 5766 gius
2583 5696 2635 5749 in
2689 5696 2885 5752 Critica
2949 5697 3165 5753 Baronii
3213 5698 3278 5752 ad
3308 5714 3512 5753 annum
3575 5699 3700 5765 106,
3735 5716 3892 5754 num.
3923 5702 3977 5760 5.

2408 5788 2725 5856 contingere
2752 5804 2857 5841 non
2889 5791 3134 5857 potuisse
3163 5791 3482 5857 martyrium
3532 5791 3589 5847 S.
3654 5792 3877 5847 Romuli
3926 5802 3983 5846 et
