4170 6322
180 350 281 415 617

1154 345 1341 405 ACTA
1383 344 1485 405 SS.
1523 341 1868 417 EUDOXH,
1914 340 2233 414 ROMULI,
2278 341 2436 405 ETC.

3297 348 3406 413 618

180 468 342 523 esset,
376 455 539 511 morti
578 454 939 517 addictorum,
970 463 1094 507 ante
1129 468 1332 506 annum
1363 453 1487 515 “‘2,
1549 467 1656 522 quo
1704 455 1747 505 is
1777 456 1818 511 Α
1851 462 1906 507 ut
1942 453 2040 523 ipsi
2070 454 2306 516 tradunt,
2343 468 2624 523 passorum
2659 468 2743 509 res
2782 465 2957 525 gestas
2985 457 3036 511 in
3072 474 3234 516 unam
3262 478 3408 519 eam.

184 556 471 621 imperator
509 549 557 601 in
596 547 872 600 Orientem
928 545 1250 599 transmisit.
1306 545 1648 598 Castellanus
1687 544 1740 597 in

180 642 552 713 Martyrologio
589 638 900 700 universali,
944 652 1061 706 pag.
1086 636 1190 691 979
1241 647 1513 690 certamen
1543 636 1599 689 S.
1639 636 1747 688 Ro-

178 737 306 790 muli
349 736 627 805 consignat
681 733 794 801 ipso
844 745 988 784 anno
1042 728 1186 784 “2:
1224 738 1400 783 utrum
1435 741 1601 791 recte,
1636 744 1742 782 non

175 828 345 881 ausim
381 840 656 881 asserere:
683 821 1063 877 Tillemontius
1115 821 1259 875 enim
1299 830 1430 876 tom.
1473 821 1512 874 ll
1570 820 1744 889 Impe-

176 930 436 982 ratorum,
470 917 604 970 Nota
633 916 694 970 17
721 926 778 969 et
795 915 866 968 22
912 914 964 967 in
1015 912 1331 978 Traianum,
1389 913 1744 982 probabiliter

175 1013 364 1064 statuit
392 1008 658 1076 duplicem
690 1006 1079 1075 profectionem
1105 1004 1325 1070 Traiani
1364 1004 1414 1056 in
1437 1002 1736 1069 Orientem,

175 1103 401 1170 primam
430 1114 572 1153 anno
606 1098 969 1163 106,alteram
1005 1112 1111 1150 non
1162 1096 1266 1149 nisi
1295 1110 1439 1149 anno
1486 1095 1603 1149 tu.
1661 1096 1742 1151 Ad

173 1189 268 1245 SS.
297 1189 598 1244 Eudoxium
631 1189 885 1244 etsocios
944 1186 1093 1255 quod
1139 1194 1369 1254 spectat,
1432 1186 1739 1256 martyrium

173 1287 227 1341 hi
258 1294 709 1341 consummarunt
762 1284 862 1339 sub
896 1282 1226 1337 Diocletiano
1291 1295 1359 1335 ex
1413 1281 1737 1347 antedictis,

171 1396 335 1445 anno,
366 1388 423 1434 ut
444 1379 633 1434 Surius
653 1385 825 1438 notat,
860 1375 986 1430 290.
1021 1373 1286 1428 Baronius
1315 1383 1497 1428 autem
1544 1375 1596 1428 in
1623 1373 1735 1427 An—

170 1470 385 1523 nalibus
413 1468 644 1537 primum
680 1466 747 1520 de
782 1464 916 1534 ipsis
955 1462 1203 1517 meminit
1252 1462 1319 1516 ad
1369 1477 1572 1514 annum
1613 1462 1736 1527 511,

166 1574 321 1611 num.
352 1558 441 1611 2|.
474 1555 678 1610 Horum
714 1554 962 1624 palmstra
1020 1552 1123 1606 fuit
1155 1551 1393 1605 Melitina
1422 1566 1517 1604 seu
1586 1550 1738 1605 Meli-

166 1658 291 1701 tene
315 1646 369 1699 in
400 1645 654 1699 Armenia
673 1644 863 1697 Minori
896 1643 962 1697 ad
1011 1642 1340 1709 Euphratem
1404 1638 1650 1693 ﬂuvium.
1678 1640 1736 1694 S.

166 1738 433 1792 Romulus
466 1753 591 1792 vero
629 1752 818 1807 passus
844 1735 1056 1789 videtur
1079 1735 1133 1788 in
1154 1732 1380 1796 Graecia,
1405 1734 1567 1787 sicuti
1611 1749 1736 1788 eum

1850 546 2083 614 demque
2138 545 2511 600 narrationem
2566 545 2921 615 conjecerint.
2981 547 3058 602 Ex
3117 551 3407 607 collatione

1852 639 2109 692 Actorum
2140 652 2263 693 cum
2300 637 2509 708 Elegio,
2529 637 2674 707 quod
2694 648 2870 695 exstat
2891 641 2944 694 in
2966 640 3182 697 Menaeis
3196 648 3408 715 magnis

1849 729 2148 798 impressis,
2206 738 2350 798 patet
2387 729 2477 784 illa
2512 746 2575 786 es
2628 730 2732 786 hoc
2774 734 3102 788 concinnata
3153 750 3294 800 esse,
3350 748 3408 791 at

1848 820 2079 874 multum
2131 820 2350 875 aliunde
2407 820 2732 892 ampliﬁcata
2787 839 2802 876 :
2850 837 2913 877 ex
2972 825 3170 894 quibus
3223 835 3404 883 autem

1846 911 2235 973 monumentis,
2268 912 2480 981 ignoro.

1918 1002 2006 1056 16.
2052 1003 2209 1058 Certe
2229 1004 2446 1073 quidem
2499 1004 2587 1059 illa
2630 1004 2978 1075 ampliﬁcatio
3019 1008 3154 1062 facta
3181 1023 3290 1063 non
3319 1020 3405 1065 est

1844 1108 1910 1147 ex
1967 1093 2276 1148 narratione
2326 1109 2423 1148 seu
2465 1095 2642 1166 elogio
2685 1094 2971 1167 Menologii
3001 1095 3257 1153 Basiliani
3297 1098 3406 1154 :in

1846 1185 1951 1238 hoc
1975 1199 2210 1253 namque
2269 1185 2467 1241 dicitur
2522 1186 2580 1242 S.
2619 1187 2878 1243 Romulus
2922 1198 3114 1243 auctor
3167 1192 3403 1259 primum

1845 1276 2015 1331 fuisse
2047 1275 2304 1345 Traiano,
2334 1279 2657 1332 ἀποστεῖλαι
2684 1280 2767 1343 εις
2790 1280 2885 1351 τὴν
2932 1280 3160 1334 Γαλλίαν
3185 1292 3315 1349 etc.,
3344 1297 3404 1337 ut

1803 1382 1811 1389 ·
1844 1368 2107 1430 mitteret,
2137 1367 2243 1432 vel,
2286 1367 2363 1421 uti
2390 1367 2696 1423 Galesinius
2715 1378 2769 1424 et
2793 1368 3068 1426 Arcudius
3097 1382 3398 1439 verterunt,

1844 1458 1944 1512 iret
1970 1459 2022 1512 in
2057 1458 2302 1524 Galliam,
2328 1459 2620 1515 Asiaticam
2640 1475 2861 1531 nempe,
2897 1462 2950 1516 id
2978 1471 3083 1527 est,
3110 1462 3399 1530 Galatiam,

1842 1551 2149 1620 militesque
2191 1550 2535 1607 Christianos
2566 1552 2673 1607 diis
2701 1552 2985 1609 immolare
3018 1556 3400 1625 compelleret;

1841 1641 2037 1697 deinde
2075 1642 2396 1712 pmnitentia
2424 1642 2623 1698 ductus
2644 1644 2941 1701 credidisse
2985 1644 3039 1699 in
3100 1646 3400 1702 Christum.

1842 1733 2237 1801 Metaphrastes
2268 1751 2416 1801 vero,
2448 1735 2713 1791 mirabilia
2736 1738 2988 1793 omittere
3013 1738 3155 1794 haud
3187 1739 3397 1802 solitus.

170 1830 485 1884 Galesinins
515 1796 823 1889 annuntiat,
861 1840 984 1878 cum
1004 1824 1124 1877 aliis
1141 1824 1359 1893 quidem
1389 1825 1733 1893 martyribus,
1764 1796 1811 1854 Β
1841 1826 2065 1894 impium
2095 1827 2226 1880 illud
2280 1825 2495 1881 Romuli
2525 1827 2830 1894 consilium,
2860 1837 3098 1884 secutam
3131 1832 3401 1899 pteniten-

164 1922 260 1975 sed
285 1937 423 1990 quos
449 1930 633 1991 postea
664 1917 855 1972 scribit
875 1915 1003 1969 alibi
1040 1923 1330 1969 coronatos
1388 1928 1530 1979 esse,
1578 1916 1735 1971 vide-

162 2013 287 2067 licet
323 2014 375 2067 in
409 2012 743 2066 Armenia-et
768 2018 1012 2078 tempore
1047 2005 1381 2061 Maximiani.
1413 2005 1543 2061 Vide
1574 2022 1734 2077 supra

163 2121 329 2162 num.
352 2106 406 2168 2,
440 2100 823 2172 Menologium.

241 2197 329 2249 15.
362 2196 493 2248 Acta
561 2192 767 2257 Graeca,
806 2193 1058 2262 'quorum
1110 2192 1503 2264 apographum,
1550 2191 1735 2248 nescio

162 2286 315 2340 unde
362 2293 664 2354 acceptum,
703 2284 973 2339 habemus
1022 2283 1123 2339 hoc
1173 2284 1329 2339 titulo
1374 2282 1736 2354 ιΜαρτύριον

157 2377 271 2430 τῶν
306 2376 477 2444 ἁγίων
501 2378 593 2429 καὶ
615 2376 841 2441 ἐνδόξων
868 2375 963 2428 τοῦ
984 2374 1222 2445 Χριστοῦ
1248 2376 1545 2446 μαρτύρων
1575 2375 1735 2427 E060-

158 2469 303 2535 ξίου,
357 2468 658 2539 Ῥωμύλου,
697 2469 944 2538 Ζήνωνος
989 2467 1084 2520 καὶ
1131 2468 1445 2536 Μακαρίου,
1510 2466 1565 2521 id
1595 2474 1731 2521 est:

159 2562 486 2630 Martyrium
524 2569 822 2614 sanctorum
855 2566 903 2610 et
930 2556 1278 2628 gloriosorum
1302 2556 1499 2612 Christi
1535 2565 1736 2626 marty-

158 2666 287 2704 rum
314 2650 565 2715 Eudoxii,
600 2649 830 2712 Romuli,
877 2649 1101 2702 Zenonis
1160 2658 1208 2703 et
1261 2650 1514 2715 Macarii,
1545 2664 1611 2704 ex
1638 2664 1735 2702 an-

164 2741 336 2809 tiquis
366 2741 733 2795 monumentis
758 2740 1088 2807 conscripsit
1124 2740 1543 2810 Metaphrastes,
1575 2740 1735 2809 eique

161 2829 259 2883 illa
294 2826 670 2883 indubitanter
695 2829 941 2883 attribuit
967 2829 1078 2883 Leo
1122 2826 1352 2883 Allatius
1397 2828 1452 2883 in
1492 2828 1733 2882 Diatriba

162 2921 234 2975 de
268 2921 601 2991 Symeonum
644 2919 884 2990 scriptis,
928 2935 1051 2990 pag.
1086 2919 1187 2975 129
1228 2919 1439 2974 initium
1475 2920 1730 2977 recitatis.

157 3013 364 3067 Latine
404 3028 556 3067 versa
582 3011 747 3068 edidit
778 3014 1028 3082 Aloysius
1081 3012 1414 3080 Lipomanus
1443 3013 1734 3083 episcopus

1838 1916 1967 1974 tiam
2015 1927 2070 1971 et
2089 1918 2509 1973 conversionem
2559 1934 2629 1973 ne
2671 1919 2840 1974 verbo
2875 1922 3094 1990 quidem
3132 1922 3396 1992 attingit:

1839 2008 1946 2063 imo
1996 2019 2182 2064 contra
2230 2011 2486 2076 insinuat,
2543 2024 2667 2066 eum
2721 2012 2829 2082 jam
2871 2022 2998 2068 ante
3029 2014 3397 2069 Christianum

1840 2097 2028 2155 fuisse.
2062 2101 2212 2155 Mitto
2237 2102 2370 2154 alias
2414 2090 2832 2171 discrepantias,
2884 2102 3044 2158 facile
3082 2105 3153 2158 ab
3184 2106 3398 2161 erudito

1838 2192 2040 2246 lectore
2115 2193 2504 2251 observandas.
2566 2192 2718 2259 Quod
2779 2204 2983 2265 spectat
3031 2197 3098 2251 ad
3145 2198 3396 2253 undecim

1838 2282 1994 2337 mille
2022 2283 2286 2353 relegatos
2309 2284 2530 2349 milites,
2576 2303 2595 2336 ι
2633 2282 2959 2355 Coniectura
2995 2286 3265 2353 ducimur,
3309 2289 3395 2343 in-

1837 2375 1959 2443 quit
1994 2374 2257 2429 Baronius
2287 2375 2354 2429 ad
2390 2389 2592 2429 annum
2627 2374 2749 2441 108,
2798 2385 2855 2430 ut
2885 2377 3259 2433 existimemus
3298 2380 3396 2433 hos

1837 2464 1955 2520 illos
2003 2466 2147 2535 ipsos
2167 2480 2287 2519 esse
2318 2466 2507 2521 decem
2540 2467 2685 2522 mille
2715 2467 3193 2536 praestantissimos
3246 2486 3396 2523 mar-

1838 2565 1999 2625 tyres,
2040 2556 2128 2625 qui
2162 2556 2215 2609 in
2247 2557 2395 2612 silvis
2429 2559 2629 2612 montis
2657 2557 2847 2613 Ararat
2882 2559 2938 2613 in
2978 2559 3234 2615 Armenia
3269 2572 3396 2617 sunt

1836 2646 2101 2701 crucitixi.
2152 2666 2170 2699 ›
2209 2647 2322 2703 Hoc
2363 2648 2407 2703 si
2444 2663 2631 2702 verum
2684 2649 2773 2713 sit,
2816 2650 3117 2706 manifestae
3152 2651 3395 2708 falsitatis

1835 2738 2236 2793 convincuntur
2297 2739 2522 2793 istorum
2581 2739 2959 2795 cruciﬁxorum
3011 2740 3179 2807 Acta;
3229 2742 3394 2797 Baro-

1836 2830 1960 2884 nius
2008 2830 2205 2899 quippe
2244 2829 2364 2884 loco
2411 2829 2575 2884 citato
2616 2829 2917 2899 pramittit,
2954 2828 3205 2885 undecim
3247 2831 3394 2886 mille

1836 2922 2037 2975 milites
2068 2922 2320 2977 inventos
2359 2920 2531 2976 fuisse
2558 2921 2899 2977 Christianos
2924 2937 2954 2975 a
2979 2921 3212 2991 Trajano
3232 2939 3393 2977 exer-

1835 3013 2000 3067 citum
2049 3012 2312 3066 lustrante
2358 3022 2659 3081 :martyres
2692 3021 2869 3066 autem
2924 3011 3181 3067 Crucilixi
3220 3014 3390 3068 idolo-

157 3103 502 3157 Veronensis
532 3111 676 3156 torno
710 3102 774 3156 Vl
809 3102 1049 3154 Vitarum
1092 3100 1217 3164 SS.,
1258 3117 1419 3168 quam
1456 3103 1729 3171 interpre-
1758 3128 1799 3186 ε
1834 3104 1981 3158 latras
2004 3102 2181 3157 adhuc
2202 3111 2354 3157 erant
2398 3110 2640 3172 tempore
2662 3101 2906 3167 Adriani,
2930 3104 3147 3175 quando
3171 3104 3394 3175 angelus

154 3196 428 3248 tationem
458 3192 683 3248 interius
706 3194 980 3259 recudam,
1014 3193 1107 3247 sed
1132 3202 1478 3247 morenostro
1500 3192 1729 3247 divisam
1836 3195 1890 3247 in
1932 3206 2125 3263 campo
2164 3208 2433 3262 apparens
2477 3193 2634 3247 [idem
2688 3192 2892 3248 Christi
2941 3194 3017 3248 eis
3056 3194 3391 3263 prmdicavit,

156 3286 214 3339 in
250 3288 429 3357 capita
454 3297 507 3342 et
541 3304 820 3353 numeros,
848 3296 907 3343 ut
929 3286 1127 3343 ercze
1152 3284 1451 3340 narrationi
1486 3283 1739 3339 similiter
1836 3280 1915 3335 uti
1948 3288 2203 3335 narratur
2237 3290 2368 3334 tom.
2403 3278 2466 3332 IV
2495 3279 2639 3334 Junii
2677 3280 2744 3335 ad
2778 3281 2923 3336 diem
2953 3282 3022 3335 22
3057 3283 3106 3334 in
3149 3282 3391 3352 ipsorum

152 3376 476 3431 dividendus
513 3381 855 3448 respondeat.
909 3378 1177 3431 Baronius
1210 3375 1277 3429 ad
1321 3376 1468 3431 hunc
1490 3374 1633 3429 diem
1672 3388 1735 3428 ea
1836 3373 2007 3439 Actis,
2035 3390 2155 3442 qua:
2195 3373 2419 3436 ibidem,
2462 3387 2492 3427 a
2526 3387 2649 3441 pag.
2694 3372 2815 3437 175,
2849 3373 3250 3429 Commentario
3288 3377 3392 3429 cri-

151 3480 328 3521 vocat
355 3468 483 3522 Acta
517 3471 573 3522 S.
632 3471 870 3532 Romuli,
930 3468 1053 3536 quia
1103 3482 1297 3533 nempe
1351 3468 1417 3519 de
1468 3467 1585 3534 ipso
1627 3467 1738 3533 agit
1840 3465 1947 3519 tieo
2002 3465 2243 3519 excussit
2281 3463 2689 3535 Papebrochius
2720 3477 2783 3517 ac
2826 3461 3065 3517 fabulosa
3087 3477 3208 3517 esse
3235 3478 3389 3516 mon-

152 3556 318 3629 νῆσε·
353 3559 565 3612 illorum
596 3575 748 3628 pars;
785 3567 841 3611 at
884 3558 1086 3611 rectius
1120 3555 1187 3609 ab
1231 3555 1353 3608 aliis
1389 3555 1733 3625 appellantur
1837 3553 2047 3609 stravit.
2082 3553 2391 3609 Verisimile
2423 3554 2587 3607 etiam
2631 3568 2737 3608 non
2778 3562 2883 3617 est,
2937 3552 3199 3634 undecim
3226 3553 3391 3607 millia

154 3648 507 3717 reliquorum
539 3648 700 3703 etiam
734 3656 1028 3718 martyrum
1076 3645 1319 3712 nomine,
1346 3660 1575 3716 quorum
1602 3659 1732 3715 ago.
1832 3644 2110 3697 hominum
2154 3644 2317 3697 simul
2353 3643 2471 3697 neci
2508 3647 2630 3697 data
2661 3643 2829 3697 fuisse
2862 3658 2891 3695 a
2932 3641 3166 3712 Trajano
3197 3660 3211 3697 :
3242 3658 3390 3698 certe

155 3753 322 3803 nem,
354 3735 411 3789 S.
449 3736 677 3791 Eudoxii
713 3737 1013 3807 praesertim
1059 3736 1227 3805 magis
1262 3736 1378 3789 fuse
1410 3735 1732 3791 describunt
1830 3734 1882 3789 id
1908 3734 2305 3802 Metaphrastes
2350 3751 2456 3791 non
2484 3736 2740 3803 siluisset,
2766 3736 2812 3790 si
2851 3734 2903 3788 in
2932 3735 3168 3807 antiquis
3198 3750 3391 3789 monua

155 3842 294 3897 post
338 3840 616 3883 narratum
662 3828 877 3885 Romuli
936 3827 1275 3897 martyrium.
1314 3825 1480 3880 Miror
1529 3835 1731 3890 tamen,
1832 3828 2031 3882 mentis
2056 3826 2371 3897 reperisset.

150 3917 316 3985 quod
373 3917 541 3971 Graeci
577 3927 889 3972 sanctorum
939 3926 1047 3971 tam
1102 3916 1334 3970 diversis
1378 3914 1727 3983 temporibus,

145 4064 3382 4112 Μ

1468 4196 2092 4285 ΜΑΡΤΥΡΙΟΝ

326 4344 672 4477 ΤΟΥ
771 4343 1284 4480 ΑΓΙΟΥ
1374 4340 2274 4480 ΜΑΡΤΥΡΟΣ
2371 4334 3231 4474 ΕΥΔΟΞΙΟΥ

758 4535 878 4589 ΚΑΙ
931 4534 1062 4589 ἸὩΝ
1125 4534 1261 4589 ΣΥΝ
1318 4534 1502 4602 ΑΥΤῼ
1552 4532 2009 4587 ΔΘΛΒΣΑΝΤΩΝ
2063 4529 2261 4585 ΑῙἸΩΝ
2316 4529 2712 4585 ΜΑΡΤΥΡΩΝ.

556 4792 1706 4952 MARTYRIUM

1877 4789 2035 4947 S.
2207 4784 3014 4947 EUDOXII

1334 5042 1477 5130 ET
1587 5036 2235 5131 SOCIORUM.

1621 5310 1845 5368 CAPUT
1908 5311 1951 5369 1.

140 5406 356 5470 Milites
393 5402 712 5463 Christianos
768 5407 820 5461 in
866 5404 1105 5461 exsilium
1149 5405 1294 5473 petiit
1350 5404 1653 5475 Trajanus:
1689 5407 1740 5459 id
1796 5406 2099 5475 improbans
2155 5402 2214 5457 S.
2259 5400 2508 5456 Romulus
2535 5408 2583 5455 et
2609 5406 2788 5466 aperto
2828 5395 3092 5453 Christum
3140 5398 3387 5467 conﬁtens

1384 5477 1663 5544 gloriosum
1685 5476 1817 5528 subit
1840 5476 2174 5546 martyrium.

218 5594 323 5652 A'.
358 5592 624 5667 Τραῖανοῦ
656 5589 747 5645 τοῦ
777 5591 1068 5657 δυσσεϐοῦς
1107 5592 1367 5662 βασιλέως
1405 5592 1603 5663 πολλὴν
1636 5590 1735 5662 μὲν

1914 5593 1955 5647 1.
1987 5590 2219 5660 Trajano
2251 5588 2327 5661 (1)
2363 5588 2527 5660 impio
2557 5588 2883 5656 imperatore
2913 5586 2967 5642 in
2990 5583 3380 5643 exsecrandum

228 5708 318 5783 (1)
341 5706 610 5779 Traianus
642 5703 922 5766 imperium
970 5706 1208 5774 suscepit
1246 5719 1388 5762 anno
1414 5701 1613 5762 Christi
1630 5703 1717 5772 98,
1748 5714 1991 5763 mortuus
2029 5713 2109 5759 est
2145 5703 2258 5758 H7.

498 5803 769 5861 Psrnoc.
802 5801 912 5860 Gn.
946 5799 1126 5861 CXV.
3038 5790 3113 5849 20
