  <div class='ocr_page' id='page_1' title='image "/cluster/home/n/w/nwhite01/storage/ocr_20150623/115/pst.000005714285/386.png"; bbox 0 0 4170 6322; ppageno 0'>
   <div class='ocr_carea' id='block_1_1' title="bbox 228 375 329 442">
    <p class='ocr_par' dir='ltr' id='par_1_1' title="bbox 228 375 329 442">
     <span class='ocr_line' id='line_1_1' title="bbox 228 375 329 442; baseline 0 0"><span class='ocrx_word' id='word_1_1' title='bbox 228 375 329 442; x_wconf 77' lang='lat'><strong>621</strong></span> 
     </span>
    </p>
   </div>
   <div class='ocr_carea' id='block_1_2' title="bbox 1183 372 2487 450">
    <p class='ocr_par' dir='ltr' id='par_1_2' title="bbox 1183 372 2487 450">
     <span class='ocr_line' id='line_1_2' title="bbox 1183 372 2487 450; baseline -0.002 -13"><span class='ocrx_word' id='word_1_2' title='bbox 1183 377 1369 439; x_wconf 80' lang='lat' dir='ltr'><strong>ACTA</strong></span> <span class='ocrx_word' id='word_1_3' title='bbox 1410 377 1513 439; x_wconf 89' lang='lat' dir='ltr'><strong>SS.</strong></span> <span class='ocrx_word' id='word_1_4' title='bbox 1556 372 1917 450; x_wconf 78' lang='lat' dir='ltr'><strong>EUDOXII,</strong></span> <span class='ocrx_word' id='word_1_5' title='bbox 1960 372 2286 448; x_wconf 82' lang='lat' dir='ltr'><strong>ROMULI,</strong></span> <span class='ocrx_word' id='word_1_6' title='bbox 2328 374 2487 437; x_wconf 83' lang='lat' dir='ltr'><strong>ETC.</strong></span> 
     </span>
    </p>
   </div>
   <div class='ocr_carea' id='block_1_3' title="bbox 3363 379 3469 441">
    <p class='ocr_par' dir='ltr' id='par_1_3' title="bbox 3363 379 3469 441">
     <span class='ocr_line' id='line_1_3' title="bbox 3363 379 3469 441; baseline 0.009 -1"><span class='ocrx_word' id='word_1_7' title='bbox 3363 379 3469 441; x_wconf 79' lang='grc'><strong>622</strong></span> 
     </span>
    </p>
   </div>
   <div class='ocr_carea' id='block_1_4' title="bbox 226 486 1782 567">
    <p class='ocr_par' dir='ltr' id='par_1_4' title="bbox 226 489 1782 567">
     <span class='ocr_line' id='line_1_4' title="bbox 226 489 1782 567; baseline -0.005 -18"><span class='ocrx_word' id='word_1_8' title='bbox 226 497 498 567; x_wconf 75' lang='grc' dir='ltr'>ιξυϐρίζει</span> <span class='ocrx_word' id='word_1_9' title='bbox 525 496 621 565; x_wconf 74' lang='grc' dir='ltr'>μὲν</span> <span class='ocrx_word' id='word_1_10' title='bbox 646 497 721 558; x_wconf 81' lang='lat' dir='ltr'><strong>si;</strong></span> <span class='ocrx_word' id='word_1_11' title='bbox 752 494 877 559; x_wconf 79' lang='grc' dir='ltr'>τοὺς</span> <span class='ocrx_word' id='word_1_12' title='bbox 901 493 1107 548; x_wconf 79' lang='grc' dir='ltr'>ἐκείνου</span> <span class='ocrx_word' id='word_1_13' title='bbox 1137 493 1291 555; x_wconf 83' lang='grc' dir='ltr'>θεοὺς</span> <span class='ocrx_word' id='word_1_14' title='bbox 1312 491 1533 561; x_wconf 85' lang='grc' dir='ltr'>άναίδην</span> <span class='ocrx_word' id='word_1_15' title='bbox 1558 507 1571 522; x_wconf 78' lang='grc'><strong>’</strong></span> <span class='ocrx_word' id='word_1_16' title='bbox 1599 489 1782 560; x_wconf 82' lang='grc' dir='ltr'>ὁμολο-</span> 
     </span>
    </p>
   </div>
   <div class='ocr_carea' id='block_1_5' title="bbox 1881 486 3468 567">
    <p class='ocr_par' dir='ltr' id='par_1_5' title="bbox 1903 486 3468 556">
     <span class='ocr_line' id='line_1_5' title="bbox 1903 486 3468 556; baseline 0.003 -16"><span class='ocrx_word' id='word_1_17' title='bbox 1903 496 1954 541; x_wconf 90' lang='lat' dir='ltr'><strong>ct</strong></span> <span class='ocrx_word' id='word_1_18' title='bbox 1984 486 2374 542; x_wconf 87' lang='lat' dir='ltr'><strong>ardentissimo</strong></span> <span class='ocrx_word' id='word_1_19' title='bbox 2397 486 2515 556; x_wconf 86' lang='lat' dir='ltr'><strong>ejus</strong></span> <span class='ocrx_word' id='word_1_20' title='bbox 2544 486 2659 541; x_wconf 83' lang='lat' dir='ltr'><strong>zelo</strong></span> <span class='ocrx_word' id='word_1_21' title='bbox 2688 486 2741 541; x_wconf 92' lang='lat' dir='ltr'><strong>iu</strong></span> <span class='ocrx_word' id='word_1_22' title='bbox 2778 488 2967 544; x_wconf 88' lang='lat' dir='ltr'><strong>animo</strong></span> <span class='ocrx_word' id='word_1_23' title='bbox 2988 503 3274 553; x_wconf 87' lang='lat' dir='ltr'><strong>accensus,</strong></span> <span class='ocrx_word' id='word_1_24' title='bbox 3298 488 3468 545; x_wconf 83' lang='lat' dir='ltr'><strong>libere</strong></span> 
     </span>
    </p>
   </div>
   <div class='ocr_carea' id='block_1_6' title="bbox 232 581 1792 657">
    <p class='ocr_par' dir='ltr' id='par_1_6' title="bbox 232 581 1792 657">
     <span class='ocr_line' id='line_1_6' title="bbox 232 581 1792 657; baseline -0.006 -16"><span class='ocrx_word' id='word_1_25' title='bbox 232 591 314 655; x_wconf 70' lang='grc' dir='ltr'>γεῖ</span> <span class='ocrx_word' id='word_1_26' title='bbox 348 588 402 641; x_wconf 77' lang='grc' dir='ltr'>δὲ</span> <span class='ocrx_word' id='word_1_27' title='bbox 437 588 687 656; x_wconf 79' lang='grc' dir='ltr'>φανερῶς</span> <span class='ocrx_word' id='word_1_28' title='bbox 722 588 810 640; x_wconf 74' lang='grc' dir='ltr'><strong>τὸν</strong></span> <span class='ocrx_word' id='word_1_29' title='bbox 843 586 1077 657; x_wconf 82' lang='grc' dir='ltr'>Χριστὸν</span> <span class='ocrx_word' id='word_1_30' title='bbox 1112 586 1203 638; x_wconf 70' lang='grc' dir='ltr'><strong>καὶ</strong></span> <span class='ocrx_word' id='word_1_31' title='bbox 1233 582 1668 654; x_wconf 72' lang='grc' dir='ltr'>παρρησιάζεται</span> <span class='ocrx_word' id='word_1_32' title='bbox 1694 581 1792 652; x_wconf 78' lang='grc' dir='ltr'><strong>τὴν</strong></span> 
     </span>
    </p>
   </div>
   <div class='ocr_carea' id='block_1_7' title="bbox 222 674 1790 753">
    <p class='ocr_par' dir='ltr' id='par_1_7' title="bbox 222 674 1790 753">
     <span class='ocr_line' id='line_1_7' title="bbox 222 674 1790 753; baseline -0.004 -20"><span class='ocrx_word' id='word_1_33' title='bbox 222 683 525 737; x_wconf 75' lang='grc' dir='ltr'>εὐσέϐειαν.</span> <span class='ocrx_word' id='word_1_34' title='bbox 594 681 885 753; x_wconf 78' lang='grc' dir='ltr'>Ἀγριᾶνας</span> <span class='ocrx_word' id='word_1_35' title='bbox 942 680 1116 733; x_wconf 78' lang='grc' dir='ltr'>τοίνυν</span> <span class='ocrx_word' id='word_1_36' title='bbox 1176 677 1432 730; x_wconf 81' lang='grc' dir='ltr'>ἐπιπλέον</span> <span class='ocrx_word' id='word_1_37' title='bbox 1492 674 1790 741; x_wconf 80' lang='grc' dir='ltr'>Τραϊανὸς,</span> 
     </span>
    </p>
   </div>
   <div class='ocr_carea' id='block_1_8' title="bbox 223 763 1654 847">
    <p class='ocr_par' dir='ltr' id='par_1_8' title="bbox 223 763 1654 847">
     <span class='ocr_line' id='line_1_8' title="bbox 223 763 1654 847; baseline -0.006 -21"><span class='ocrx_word' id='word_1_38' title='bbox 223 774 434 828; x_wconf 81' lang='grc' dir='ltr'><strong>κελεύει</strong></span> <span class='ocrx_word' id='word_1_39' title='bbox 467 773 699 847; x_wconf 76' lang='grc' dir='ltr'>ταθῆναι</span> <span class='ocrx_word' id='word_1_40' title='bbox 728 771 916 825; x_wconf 80' lang='grc' dir='ltr'>τοῦτον</span> <span class='ocrx_word' id='word_1_41' title='bbox 945 770 1038 823; x_wconf 66' lang='grc' dir='ltr'><strong>κα)⁵</strong></span> <span class='ocrx_word' id='word_1_42' title='bbox 1078 768 1297 837; x_wconf 73' lang='grc' dir='ltr'>ῥάϐδοις</span> <span class='ocrx_word' id='word_1_43' title='bbox 1324 763 1654 830; x_wconf 76' lang='grc' dir='ltr'><strong>αἰκίζεσθαι.</strong></span> 
     </span>
    </p>
   </div>
   <div class='ocr_carea' id='block_1_9' title="bbox 292 938 1791 1018">
    <p class='ocr_par' dir='ltr' id='par_1_9' title="bbox 292 938 1791 1018">
     <span class='ocr_line' id='line_1_9' title="bbox 292 938 1791 1018; baseline -0.007 -16"><span class='ocrx_word' id='word_1_44' title='bbox 292 946 365 1004; x_wconf 83' lang='grc' dir='ltr'><strong>Δ’.</strong></span> <span class='ocrx_word' id='word_1_45' title='bbox 420 950 480 1004; x_wconf 88' lang='lat'><strong>&#39;0</strong></span> <span class='ocrx_word' id='word_1_46' title='bbox 533 949 715 1018; x_wconf 82' lang='grc' dir='ltr'>μέντοι</span> <span class='ocrx_word' id='word_1_47' title='bbox 769 945 1044 1016; x_wconf 81' lang='grc' dir='ltr'><strong>Ῥωμύλος</strong></span> <span class='ocrx_word' id='word_1_48' title='bbox 1077 944 1326 1013; x_wconf 75' lang='grc' dir='ltr'>εὐψύχως</span> <span class='ocrx_word' id='word_1_49' title='bbox 1360 942 1646 1012; x_wconf 82' lang='grc' dir='ltr'>δεχόμενος</span> <span class='ocrx_word' id='word_1_50' title='bbox 1694 938 1791 1000; x_wconf 85' lang='grc' dir='ltr'>τὰς</span> 
     </span>
    </p>
   </div>
   <div class='ocr_carea' id='block_1_10' title="bbox 219 1029 1794 1110">
    <p class='ocr_par' dir='ltr' id='par_1_10' title="bbox 219 1029 1794 1110">
     <span class='ocr_line' id='line_1_10' title="bbox 219 1029 1794 1110; baseline -0.01 -15"><span class='ocrx_word' id='word_1_51' title='bbox 219 1041 455 1110; x_wconf 81' lang='grc' dir='ltr'>πληγὰς,</span> <span class='ocrx_word' id='word_1_52' title='bbox 506 1040 621 1095; x_wconf 79' lang='grc' dir='ltr'><strong>Νῦν</strong></span> <span class='ocrx_word' id='word_1_53' title='bbox 657 1038 960 1107; x_wconf 82' lang='grc' dir='ltr'>εὐεργετῶν</span> <span class='ocrx_word' id='word_1_54' title='bbox 1003 1055 1070 1107; x_wconf 88' lang='grc' dir='ltr'><strong>με</strong></span> <span class='ocrx_word' id='word_1_55' title='bbox 1122 1038 1231 1091; x_wconf 85' lang='grc' dir='ltr'>ἴσθι</span> <span class='ocrx_word' id='word_1_56' title='bbox 1266 1038 1332 1090; x_wconf 71' lang='grc' dir='ltr'>τὰ</span> <span class='ocrx_word' id='word_1_57' title='bbox 1377 1034 1630 1108; x_wconf 76' lang='grc' dir='ltr'>μέγιστα,</span> <span class='ocrx_word' id='word_1_58' title='bbox 1658 1029 1794 1100; x_wconf 81' lang='grc' dir='ltr'>πρὸς</span> 
     </span>
    </p>
   </div>
   <div class='ocr_carea' id='block_1_11' title="bbox 217 1119 1793 1203">
    <p class='ocr_par' dir='ltr' id='par_1_11' title="bbox 217 1119 1793 1203">
     <span class='ocr_line' id='line_1_11' title="bbox 217 1119 1793 1203; baseline -0.011 -15"><span class='ocrx_word' id='word_1_59' title='bbox 217 1133 487 1203; x_wconf 79' lang='grc' dir='ltr'>Τραϊανὸν</span> <span class='ocrx_word' id='word_1_60' title='bbox 529 1133 676 1185; x_wconf 73' lang='grc' dir='ltr'>ἐϐόα.</span> <span class='ocrx_word' id='word_1_61' title='bbox 706 1130 780 1184; x_wconf 87' lang='grc' dir='ltr'>Τό</span> <span class='ocrx_word' id='word_1_62' title='bbox 818 1148 875 1184; x_wconf 86' lang='grc' dir='ltr'><strong>τε</strong></span> <span class='ocrx_word' id='word_1_63' title='bbox 916 1130 1025 1201; x_wconf 88' lang='grc' dir='ltr'>γὰρ</span> <span class='ocrx_word' id='word_1_64' title='bbox 1087 1130 1244 1199; x_wconf 85' lang='grc' dir='ltr'>σῶμα</span> <span class='ocrx_word' id='word_1_65' title='bbox 1287 1126 1411 1196; x_wconf 75' lang='grc' dir='ltr'>ἐμοὶ</span> <span class='ocrx_word' id='word_1_66' title='bbox 1456 1123 1534 1193; x_wconf 81' lang='grc' dir='ltr'>τῷ</span> <span class='ocrx_word' id='word_1_67' title='bbox 1578 1119 1793 1192; x_wconf 82' lang='grc' dir='ltr'>ἐρυθρῷ</span> 
     </span>
    </p>
   </div>
   <div class='ocr_carea' id='block_1_12' title="bbox 214 1213 1791 1294">
    <p class='ocr_par' dir='ltr' id='par_1_12' title="bbox 214 1213 1791 1294">
     <span class='ocr_line' id='line_1_12' title="bbox 214 1213 1791 1294; baseline 0 -19"><span class='ocrx_word' id='word_1_68' title='bbox 214 1224 391 1293; x_wconf 86' lang='grc' dir='ltr'>τούτῳ</span> <span class='ocrx_word' id='word_1_69' title='bbox 447 1223 870 1294; x_wconf 74' lang='grc' dir='ltr'>περιρρεόμενον</span> <span class='ocrx_word' id='word_1_70' title='bbox 929 1223 1122 1291; x_wconf 81' lang='grc' dir='ltr'>αἵματι</span> <span class='ocrx_word' id='word_1_71' title='bbox 1163 1221 1251 1273; x_wconf 82' lang='grc' dir='ltr'><strong>τὸν</strong></span> <span class='ocrx_word' id='word_1_72' title='bbox 1281 1223 1343 1272; x_wconf 83' lang='grc' dir='ltr'>ὲκ</span> <span class='ocrx_word' id='word_1_73' title='bbox 1371 1219 1470 1287; x_wconf 80' lang='grc' dir='ltr'>τῆς</span> <span class='ocrx_word' id='word_1_74' title='bbox 1508 1213 1791 1281; x_wconf 74' lang='grc' dir='ltr'>εἰδωλικῆς</span> 
     </span>
    </p>
   </div>
   <div class='ocr_carea' id='block_1_13' title="bbox 215 1302 1790 1386">
    <p class='ocr_par' dir='ltr' id='par_1_13' title="bbox 215 1302 1790 1386">
     <span class='ocr_line' id='line_1_13' title="bbox 215 1302 1790 1386; baseline -0.003 -19"><span class='ocrx_word' id='word_1_75' title='bbox 215 1302 439 1382; x_wconf 81' lang='grc' dir='ltr'>κνίσσης</span> <span class='ocrx_word' id='word_1_76' title='bbox 476 1314 688 1386; x_wconf 84' lang='grc' dir='ltr'>δυσώδη</span> <span class='ocrx_word' id='word_1_77' title='bbox 740 1315 1014 1386; x_wconf 82' lang='grc' dir='ltr'><strong>μολυσμὸν</strong></span> <span class='ocrx_word' id='word_1_78' title='bbox 1063 1312 1407 1376; x_wconf 80' lang='grc' dir='ltr'>ἀπολούεται,</span> <span class='ocrx_word' id='word_1_79' title='bbox 1454 1310 1546 1362; x_wconf 74' lang='grc' dir='ltr'><strong>καὶ</strong></span> <span class='ocrx_word' id='word_1_80' title='bbox 1579 1308 1790 1377; x_wconf 76' lang='grc' dir='ltr'>ἡψυχὴ</span> 
     </span>
    </p>
   </div>
   <div class='ocr_carea' id='block_1_14' title="bbox 214 1397 1793 1477">
    <p class='ocr_par' dir='ltr' id='par_1_14' title="bbox 214 1397 1793 1477">
     <span class='ocr_line' id='line_1_14' title="bbox 214 1397 1793 1477; baseline -0.006 -19"><span class='ocrx_word' id='word_1_81' title='bbox 214 1406 270 1458; x_wconf 82' lang='grc' dir='ltr'>δὲ</span> <span class='ocrx_word' id='word_1_82' title='bbox 319 1406 625 1477; x_wconf 79' lang='grc' dir='ltr'><strong>ἀφθαρσίας</strong></span> <span class='ocrx_word' id='word_1_83' title='bbox 674 1407 875 1477; x_wconf 86' lang='grc' dir='ltr'>χιτῶνα</span> <span class='ocrx_word' id='word_1_84' title='bbox 923 1405 1164 1477; x_wconf 83' lang='grc' dir='ltr'>καθαρὸν</span> <span class='ocrx_word' id='word_1_85' title='bbox 1218 1401 1626 1474; x_wconf 86' lang='grc' dir='ltr'>περιϐάλλεται.</span> <span class='ocrx_word' id='word_1_86' title='bbox 1679 1397 1793 1449; x_wconf 74' lang='grc' dir='ltr'>Οὐκ</span> 
     </span>
    </p>
   </div>
   <div class='ocr_carea' id='block_1_15' title="bbox 211 1487 1792 1569">
    <p class='ocr_par' dir='ltr' id='par_1_15' title="bbox 211 1487 1792 1569">
     <span class='ocr_line' id='line_1_15' title="bbox 211 1487 1792 1569; baseline -0.008 -18"><span class='ocrx_word' id='word_1_87' title='bbox 211 1497 412 1567; x_wconf 68' lang='grc' dir='ltr'>ἤνεγκε</span> <span class='ocrx_word' id='word_1_88' title='bbox 453 1500 622 1553; x_wconf 78' lang='grc' dir='ltr'>ταῦτα</span> <span class='ocrx_word' id='word_1_89' title='bbox 656 1500 941 1569; x_wconf 72' lang='grc' dir='ltr'>Τραϊανὸς,</span> <span class='ocrx_word' id='word_1_90' title='bbox 981 1497 1094 1552; x_wconf 82' lang='grc' dir='ltr'>ἀλλ’</span> <span class='ocrx_word' id='word_1_91' title='bbox 1126 1498 1204 1560; x_wconf 83' lang='grc' dir='ltr'><strong>είς</strong></span> <span class='ocrx_word' id='word_1_92' title='bbox 1243 1495 1464 1548; x_wconf 79' lang='grc' dir='ltr'>πλείονα</span> <span class='ocrx_word' id='word_1_93' title='bbox 1491 1492 1580 1544; x_wconf 76' lang='grc' dir='ltr'>τὸν</span> <span class='ocrx_word' id='word_1_94' title='bbox 1624 1487 1792 1559; x_wconf 79' lang='grc' dir='ltr'>θυμὸν</span> 
     </span>
    </p>
   </div>
   <div class='ocr_carea' id='block_1_16' title="bbox 212 1582 1793 1663">
    <p class='ocr_par' dir='ltr' id='par_1_16' title="bbox 212 1582 1793 1663">
     <span class='ocr_line' id='line_1_16' title="bbox 212 1582 1793 1663; baseline -0.01 -14"><span class='ocrx_word' id='word_1_95' title='bbox 212 1591 532 1662; x_wconf 78' lang='grc' dir='ltr'>προαχθεὶς,</span> <span class='ocrx_word' id='word_1_96' title='bbox 565 1595 787 1663; x_wconf 82' lang='grc' dir='ltr'>ταχεῖαν</span> <span class='ocrx_word' id='word_1_97' title='bbox 818 1592 996 1645; x_wconf 82' lang='grc' dir='ltr'>αὐτῶν</span> <span class='ocrx_word' id='word_1_98' title='bbox 1022 1590 1343 1659; x_wconf 80' lang='grc' dir='ltr'>ἀπαλλαγὴν</span> <span class='ocrx_word' id='word_1_99' title='bbox 1368 1586 1626 1654; x_wconf 83' lang='grc' dir='ltr'>ἐπίτομόν</span> <span class='ocrx_word' id='word_1_100' title='bbox 1650 1599 1707 1635; x_wconf 90' lang='grc' dir='ltr'><strong>τε</strong></span> <span class='ocrx_word' id='word_1_101' title='bbox 1733 1582 1793 1634; x_wconf 87' lang='grc' dir='ltr'><strong>τὸ</strong></span> 
     </span>
    </p>
   </div>
   <div class='ocr_carea' id='block_1_17' title="bbox 219 1674 1793 1757">
    <p class='ocr_par' dir='ltr' id='par_1_17' title="bbox 219 1674 1793 1757">
     <span class='ocr_line' id='line_1_17' title="bbox 219 1674 1793 1757; baseline -0.018 -6"><span class='ocrx_word' id='word_1_102' title='bbox 219 1684 523 1755; x_wconf 75' lang='grc' dir='ltr'>μαρτύριον</span> <span class='ocrx_word' id='word_1_103' title='bbox 554 1686 884 1757; x_wconf 81' lang='grc' dir='ltr'>διεπράξατο</span> <span class='ocrx_word' id='word_1_104' title='bbox 907 1701 923 1717; x_wconf 78' lang='grc' dir='ltr'><strong><em>ο</em></strong></span> <span class='ocrx_word' id='word_1_105' title='bbox 970 1686 1062 1738; x_wconf 73' lang='grc' dir='ltr'>καὶ</span> <span class='ocrx_word' id='word_1_106' title='bbox 1095 1681 1368 1753; x_wconf 82' lang='grc' dir='ltr'><strong>τμηθῆναι</strong></span> <span class='ocrx_word' id='word_1_107' title='bbox 1413 1678 1513 1749; x_wconf 82' lang='grc' dir='ltr'><strong>τὴν</strong></span> <span class='ocrx_word' id='word_1_108' title='bbox 1548 1674 1793 1743; x_wconf 74' lang='grc' dir='ltr'>κεφαλὴν</span> 
     </span>
    </p>
   </div>
   <div class='ocr_carea' id='block_1_18' title="bbox 226 1762 1792 1843">
    <p class='ocr_par' dir='ltr' id='par_1_18' title="bbox 226 1762 1792 1843">
     <span class='ocr_line' id='line_1_18' title="bbox 226 1762 1792 1843; baseline -0.009 -16"><span class='ocrx_word' id='word_1_109' title='bbox 226 1774 506 1843; x_wconf 78' lang='grc' dir='ltr'>Ῥωμύλου</span> <span class='ocrx_word' id='word_1_110' title='bbox 546 1775 860 1843; x_wconf 74' lang='grc' dir='ltr'>ψηφίζεται.</span> <span class='ocrx_word' id='word_1_111' title='bbox 921 1774 981 1827; x_wconf 85' lang='grc'><strong>⁸0</strong></span> <span class='ocrx_word' id='word_1_112' title='bbox 1018 1774 1116 1842; x_wconf 87' lang='grc' dir='ltr'>μὲν</span> <span class='ocrx_word' id='word_1_113' title='bbox 1165 1772 1257 1823; x_wconf 78' lang='grc' dir='ltr'><strong>οὖν</strong></span> <span class='ocrx_word' id='word_1_114' title='bbox 1309 1770 1544 1836; x_wconf 83' lang='grc' dir='ltr'>ἄσμενος</span> <span class='ocrx_word' id='word_1_115' title='bbox 1600 1765 1660 1815; x_wconf 86' lang='grc' dir='ltr'><strong>τὸ</strong></span> <span class='ocrx_word' id='word_1_116' title='bbox 1704 1762 1792 1815; x_wconf 76' lang='grc' dir='ltr'>διὰ</span> 
     </span>
    </p>
   </div>
   <div class='ocr_carea' id='block_1_19' title="bbox 1896 577 3466 649">
    <p class='ocr_par' dir='ltr' id='par_1_19' title="bbox 1896 577 3466 649">
     <span class='ocr_line' id='line_1_19' title="bbox 1896 577 3466 649; baseline 0.003 -18"><span class='ocrx_word' id='word_1_117' title='bbox 1896 578 2116 644; x_wconf 83' lang='lat' dir='ltr'><strong>quidem</strong></span> <span class='ocrx_word' id='word_1_118' title='bbox 2163 587 2217 633; x_wconf 91' lang='lat' dir='ltr'><strong>ct</strong></span> <span class='ocrx_word' id='word_1_119' title='bbox 2266 577 2438 634; x_wconf 79' lang='lat' dir='ltr'><strong>eiluse</strong></span> <span class='ocrx_word' id='word_1_120' title='bbox 2482 577 2628 633; x_wconf 92' lang='lat' dir='ltr'><strong>illius</strong></span> <span class='ocrx_word' id='word_1_121' title='bbox 2683 578 2814 633; x_wconf 89' lang='lat' dir='ltr'><strong>deos</strong></span> <span class='ocrx_word' id='word_1_122' title='bbox 2857 578 3073 649; x_wconf 82' lang='lat' dir='ltr'><strong>probris</strong></span> <span class='ocrx_word' id='word_1_123' title='bbox 3120 580 3466 644; x_wconf 86' lang='lat' dir='ltr'><strong>insectatur,</strong></span> 
     </span>
    </p>
   </div>
   <div class='ocr_carea' id='block_1_20' title="bbox 1896 668 3465 741">
    <p class='ocr_par' dir='ltr' id='par_1_20' title="bbox 1896 668 3465 741">
     <span class='ocr_line' id='line_1_20' title="bbox 1896 668 3465 741; baseline 0.003 -19"><span class='ocrx_word' id='word_1_124' title='bbox 1896 668 2175 723; x_wconf 75' lang='lat' dir='ltr'><strong>Christum</strong></span> <span class='ocrx_word' id='word_1_125' title='bbox 2252 681 2439 724; x_wconf 88' lang='lat' dir='ltr'><strong>autem</strong></span> <span class='ocrx_word' id='word_1_126' title='bbox 2495 680 2679 739; x_wconf 87' lang='lat' dir='ltr'><strong>aperte</strong></span> <span class='ocrx_word' id='word_1_127' title='bbox 2744 670 3053 734; x_wconf 83' lang='lat' dir='ltr'><strong>conﬁtetur,</strong></span> <span class='ocrx_word' id='word_1_128' title='bbox 3107 679 3163 727; x_wconf 89' lang='lat' dir='ltr'><strong>et</strong></span> <span class='ocrx_word' id='word_1_129' title='bbox 3204 672 3465 741; x_wconf 72' lang='lat' dir='ltr'><strong>pietatem</strong></span> 
     </span>
    </p>
   </div>
   <div class='ocr_carea' id='block_1_21' title="bbox 1888 758 3465 832">
    <p class='ocr_par' dir='ltr' id='par_1_21' title="bbox 1888 758 3465 832">
     <span class='ocr_line' id='line_1_21' title="bbox 1888 758 3465 832; baseline 0.004 -20"><span class='ocrx_word' id='word_1_130' title='bbox 1888 759 2159 813; x_wconf 84' lang='lat' dir='ltr'><strong>audacter</strong></span> <span class='ocrx_word' id='word_1_131' title='bbox 2191 758 2500 828; x_wconf 81' lang='lat' dir='ltr'><strong>proﬁtetur.</strong></span> <span class='ocrx_word' id='word_1_132' title='bbox 2526 760 2693 830; x_wconf 76' lang='lat' dir='ltr'><strong>Magis</strong></span> <span class='ocrx_word' id='word_1_133' title='bbox 2725 761 2908 830; x_wconf 87' lang='lat' dir='ltr'><strong>itaque</strong></span> <span class='ocrx_word' id='word_1_134' title='bbox 2926 760 3171 817; x_wconf 90' lang='lat' dir='ltr'><strong>irritatus</strong></span> <span class='ocrx_word' id='word_1_135' title='bbox 3196 763 3465 832; x_wconf 73' lang='lat' dir='ltr'><strong>Traianus</strong></span> 
     </span>
    </p>
   </div>
   <div class='ocr_carea' id='block_1_22' title="bbox 1892 852 2951 923">
    <p class='ocr_par' dir='ltr' id='par_1_22' title="bbox 1892 852 2951 923">
     <span class='ocr_line' id='line_1_22' title="bbox 1892 852 2951 923; baseline 0.003 -17"><span class='ocrx_word' id='word_1_136' title='bbox 1892 853 2048 922; x_wconf 84' lang='lat' dir='ltr'><strong>jubet</strong></span> <span class='ocrx_word' id='word_1_137' title='bbox 2086 867 2210 906; x_wconf 90' lang='lat' dir='ltr'><strong>eum</strong></span> <span class='ocrx_word' id='word_1_138' title='bbox 2243 852 2463 906; x_wconf 76' lang='lat' dir='ltr'><strong>extendi</strong></span> <span class='ocrx_word' id='word_1_139' title='bbox 2501 862 2554 906; x_wconf 92' lang='lat' dir='ltr'><strong>et</strong></span> <span class='ocrx_word' id='word_1_140' title='bbox 2599 853 2762 923; x_wconf 82' lang='lat' dir='ltr'><strong>virgis</strong></span> <span class='ocrx_word' id='word_1_141' title='bbox 2796 855 2951 909; x_wconf 68' lang='lat' dir='ltr'><strong>czetli.</strong></span> 
     </span>
    </p>
   </div>
   <div class='ocr_carea' id='block_1_23' title="bbox 1966 942 3471 1022">
    <p class='ocr_par' dir='ltr' id='par_1_23' title="bbox 1966 942 3471 1022">
     <span class='ocr_line' id='line_1_23' title="bbox 1966 942 3471 1022; baseline 0.006 -25"><span class='ocrx_word' id='word_1_142' title='bbox 1966 942 2063 997; x_wconf 86' lang='lat' dir='ltr'><strong>IV.</strong></span> <span class='ocrx_word' id='word_1_143' title='bbox 2093 943 2359 999; x_wconf 82' lang='lat' dir='ltr'><strong>Romulus</strong></span> <span class='ocrx_word' id='word_1_144' title='bbox 2389 951 2575 999; x_wconf 89' lang='lat' dir='ltr'><strong>autem</strong></span> <span class='ocrx_word' id='word_1_145' title='bbox 2610 961 2807 1015; x_wconf 87' lang='lat' dir='ltr'><strong>magno</strong></span> <span class='ocrx_word' id='word_1_146' title='bbox 2838 956 2894 1001; x_wconf 91' lang='lat' dir='ltr'><strong>et</strong></span> <span class='ocrx_word' id='word_1_147' title='bbox 2917 946 3043 1002; x_wconf 82' lang='lat' dir='ltr'><strong>forti</strong></span> <span class='ocrx_word' id='word_1_148' title='bbox 3074 948 3258 1003; x_wconf 91' lang='lat' dir='ltr'><strong>animo</strong></span> <span class='ocrx_word' id='word_1_149' title='bbox 3284 951 3471 1022; x_wconf 77' lang='lat' dir='ltr'><strong>plagas</strong></span> 
     </span>
    </p>
   </div>
   <div class='ocr_carea' id='block_1_24' title="bbox 1895 1032 3470 1103">
    <p class='ocr_par' dir='ltr' id='par_1_24' title="bbox 1895 1032 3470 1103">
     <span class='ocr_line' id='line_1_24' title="bbox 1895 1032 3470 1103; baseline 0.006 -16"><span class='ocrx_word' id='word_1_150' title='bbox 1895 1034 2175 1103; x_wconf 88' lang='lat' dir='ltr'><strong>accipiens</strong></span> <span class='ocrx_word' id='word_1_151' title='bbox 2232 1054 2245 1085; x_wconf 93' lang='lat'><strong>:</strong></span> <span class='ocrx_word' id='word_1_152' title='bbox 2299 1032 2455 1090; x_wconf 85' lang='lat' dir='ltr'><strong>Nunc</strong></span> <span class='ocrx_word' id='word_1_153' title='bbox 2487 1035 2652 1101; x_wconf 87' lang='lat' dir='ltr'><strong>scias,</strong></span> <span class='ocrx_word' id='word_1_154' title='bbox 2688 1053 2772 1091; x_wconf 89' lang='lat' dir='ltr'><strong>me</strong></span> <span class='ocrx_word' id='word_1_155' title='bbox 2808 1039 3045 1094; x_wconf 79' lang='lat' dir='ltr'><strong>maximo</strong></span> <span class='ocrx_word' id='word_1_156' title='bbox 3083 1039 3219 1094; x_wconf 74' lang='lat' dir='ltr'><strong>allici</strong></span> <span class='ocrx_word' id='word_1_157' title='bbox 3261 1041 3470 1096; x_wconf 79' lang='lat' dir='ltr'><strong>benefi-</strong></span> 
     </span>
    </p>
   </div>
   <div class='ocr_carea' id='block_1_25' title="bbox 1894 1126 3465 1203">
    <p class='ocr_par' dir='ltr' id='par_1_25' title="bbox 1894 1126 3465 1203">
     <span class='ocr_line' id='line_1_25' title="bbox 1894 1126 3465 1203; baseline 0.006 -23"><span class='ocrx_word' id='word_1_158' title='bbox 1894 1126 2039 1192; x_wconf 80' lang='lat' dir='ltr'><strong>iicio,</strong></span> <span class='ocrx_word' id='word_1_159' title='bbox 2072 1127 2416 1181; x_wconf 81' lang='lat' dir='ltr'><strong>exclamabat</strong></span> <span class='ocrx_word' id='word_1_160' title='bbox 2449 1127 2516 1182; x_wconf 90' lang='lat' dir='ltr'><strong>ad</strong></span> <span class='ocrx_word' id='word_1_161' title='bbox 2539 1126 2857 1197; x_wconf 87' lang='lat' dir='ltr'><strong>Trajanum.</strong></span> <span class='ocrx_word' id='word_1_162' title='bbox 2890 1129 3099 1201; x_wconf 90' lang='lat' dir='ltr'><strong>Corpus</strong></span> <span class='ocrx_word' id='word_1_163' title='bbox 3124 1134 3292 1200; x_wconf 91' lang='lat' dir='ltr'><strong>enim,</strong></span> <span class='ocrx_word' id='word_1_164' title='bbox 3318 1135 3465 1203; x_wconf 91' lang='lat' dir='ltr'><strong>quod</strong></span> 
     </span>
    </p>
   </div>
   <div class='ocr_carea' id='block_1_26' title="bbox 1896 1218 3465 1294">
    <p class='ocr_par' dir='ltr' id='par_1_26' title="bbox 1896 1218 3465 1294">
     <span class='ocr_line' id='line_1_26' title="bbox 1896 1218 3465 1294; baseline 0.007 -22"><span class='ocrx_word' id='word_1_165' title='bbox 1896 1218 2001 1272; x_wconf 92' lang='lat' dir='ltr'><strong>hoc</strong></span> <span class='ocrx_word' id='word_1_166' title='bbox 2030 1220 2197 1275; x_wconf 89' lang='lat' dir='ltr'><strong>rubro</strong></span> <span class='ocrx_word' id='word_1_167' title='bbox 2219 1220 2355 1274; x_wconf 89' lang='lat' dir='ltr'><strong>mihi</strong></span> <span class='ocrx_word' id='word_1_168' title='bbox 2378 1221 2641 1292; x_wconf 79' lang='lat' dir='ltr'><strong>sanguine</strong></span> <span class='ocrx_word' id='word_1_169' title='bbox 2668 1222 3022 1288; x_wconf 85' lang='lat' dir='ltr'><strong>circumﬂuit,</strong></span> <span class='ocrx_word' id='word_1_170' title='bbox 3051 1226 3224 1280; x_wconf 90' lang='lat' dir='ltr'><strong>abluit</strong></span> <span class='ocrx_word' id='word_1_171' title='bbox 3253 1229 3465 1294; x_wconf 89' lang='lat' dir='ltr'><strong>sordes,</strong></span> 
     </span>
    </p>
   </div>
   <div class='ocr_carea' id='block_1_27' title="bbox 1893 1312 3466 1379">
    <p class='ocr_par' dir='ltr' id='par_1_27' title="bbox 1893 1312 3466 1379">
     <span class='ocr_line' id='line_1_27' title="bbox 1893 1312 3466 1379; baseline 0.006 -16"><span class='ocrx_word' id='word_1_172' title='bbox 1893 1326 2027 1379; x_wconf 89' lang='lat' dir='ltr'><strong>quas</strong></span> <span class='ocrx_word' id='word_1_173' title='bbox 2056 1312 2301 1364; x_wconf 82' lang='lat' dir='ltr'><strong>contraxi</strong></span> <span class='ocrx_word' id='word_1_174' title='bbox 2324 1327 2390 1366; x_wconf 82' lang='lat' dir='ltr'><strong>ex</strong></span> <span class='ocrx_word' id='word_1_175' title='bbox 2418 1313 2608 1367; x_wconf 85' lang='lat' dir='ltr'><strong>nidore</strong></span> <span class='ocrx_word' id='word_1_176' title='bbox 2629 1314 3084 1377; x_wconf 82' lang='lat' dir='ltr'><strong>simulacrorum;</strong></span> <span class='ocrx_word' id='word_1_177' title='bbox 3126 1327 3182 1371; x_wconf 90' lang='lat' dir='ltr'><strong>et</strong></span> <span class='ocrx_word' id='word_1_178' title='bbox 3218 1319 3466 1373; x_wconf 88' lang='lat' dir='ltr'><strong>induitur</strong></span> 
     </span>
    </p>
   </div>
   <div class='ocr_carea' id='block_1_28' title="bbox 1895 1403 3465 1478">
    <p class='ocr_par' dir='ltr' id='par_1_28' title="bbox 1895 1403 3465 1478">
     <span class='ocr_line' id='line_1_28' title="bbox 1895 1403 3465 1478; baseline 0.008 -23"><span class='ocrx_word' id='word_1_179' title='bbox 1895 1403 2077 1457; x_wconf 89' lang='lat' dir='ltr'><strong>anima</strong></span> <span class='ocrx_word' id='word_1_180' title='bbox 2099 1405 2302 1458; x_wconf 88' lang='lat' dir='ltr'><strong>munda</strong></span> <span class='ocrx_word' id='word_1_181' title='bbox 2332 1406 2516 1460; x_wconf 90' lang='lat' dir='ltr'><strong>tunica</strong></span> <span class='ocrx_word' id='word_1_182' title='bbox 2551 1408 3005 1478; x_wconf 86' lang='lat' dir='ltr'><strong>incorruptiouis.</strong></span> <span class='ocrx_word' id='word_1_183' title='bbox 3039 1407 3157 1464; x_wconf 87' lang='lat' dir='ltr'><strong>Non</strong></span> <span class='ocrx_word' id='word_1_184' title='bbox 3188 1411 3312 1465; x_wconf 87' lang='lat' dir='ltr'><strong>tulit</strong></span> <span class='ocrx_word' id='word_1_185' title='bbox 3348 1412 3465 1468; x_wconf 84' lang='lat' dir='ltr'><strong>haec</strong></span> 
     </span>
    </p>
   </div>
   <div class='ocr_carea' id='block_1_29' title="bbox 1896 1493 3467 1568">
    <p class='ocr_par' dir='ltr' id='par_1_29' title="bbox 1896 1493 3467 1568">
     <span class='ocr_line' id='line_1_29' title="bbox 1896 1493 3467 1568; baseline 0.006 -20"><span class='ocrx_word' id='word_1_186' title='bbox 1896 1493 2186 1564; x_wconf 64' lang='lat' dir='ltr'><strong>Traianus,</strong></span> <span class='ocrx_word' id='word_1_187' title='bbox 2251 1496 2347 1549; x_wconf 92' lang='lat' dir='ltr'><strong>sed</strong></span> <span class='ocrx_word' id='word_1_188' title='bbox 2391 1496 2587 1564; x_wconf 86' lang='lat' dir='ltr'><strong>majori</strong></span> <span class='ocrx_word' id='word_1_189' title='bbox 2656 1498 2737 1552; x_wconf 89' lang='lat' dir='ltr'><strong>ira</strong></span> <span class='ocrx_word' id='word_1_190' title='bbox 2784 1499 3049 1568; x_wconf 87' lang='lat' dir='ltr'><strong>percitus,</strong></span> <span class='ocrx_word' id='word_1_191' title='bbox 3114 1500 3161 1555; x_wconf 93' lang='lat' dir='ltr'><strong>ei</strong></span> <span class='ocrx_word' id='word_1_192' title='bbox 3228 1503 3467 1559; x_wconf 87' lang='lat' dir='ltr'><strong>celerem</strong></span> 
     </span>
    </p>
   </div>
   <div class='ocr_carea' id='block_1_30' title="bbox 1895 1587 3466 1665">
    <p class='ocr_par' dir='ltr' id='par_1_30' title="bbox 1895 1587 3466 1665">
     <span class='ocr_line' id='line_1_30' title="bbox 1895 1587 3466 1665; baseline 0.004 -22"><span class='ocrx_word' id='word_1_193' title='bbox 1895 1596 2183 1658; x_wconf 85' lang='lat' dir='ltr'><strong>comparat</strong></span> <span class='ocrx_word' id='word_1_194' title='bbox 2204 1587 2621 1654; x_wconf 90' lang='lat' dir='ltr'><strong>liberationem,</strong></span> <span class='ocrx_word' id='word_1_195' title='bbox 2657 1599 2713 1644; x_wconf 89' lang='lat' dir='ltr'><strong>et</strong></span> <span class='ocrx_word' id='word_1_196' title='bbox 2747 1590 2915 1646; x_wconf 85' lang='lat' dir='ltr'><strong>breve</strong></span> <span class='ocrx_word' id='word_1_197' title='bbox 2938 1590 3466 1665; x_wconf 78' lang='lat' dir='ltr'><strong>eﬂicitmartyrium;</strong></span> 
     </span>
    </p>
   </div>
   <div class='ocr_carea' id='block_1_31' title="bbox 1893 1680 3470 1761">
    <p class='ocr_par' dir='ltr' id='par_1_31' title="bbox 1893 1680 3470 1761">
     <span class='ocr_line' id='line_1_31' title="bbox 1893 1680 3470 1761; baseline 0.005 -27"><span class='ocrx_word' id='word_1_198' title='bbox 1893 1688 1948 1734; x_wconf 88' lang='lat' dir='ltr'><strong>et</strong></span> <span class='ocrx_word' id='word_1_199' title='bbox 1993 1680 2264 1745; x_wconf 90' lang='lat' dir='ltr'><strong>decernit,</strong></span> <span class='ocrx_word' id='word_1_200' title='bbox 2315 1691 2374 1735; x_wconf 90' lang='lat' dir='ltr'><strong>ut</strong></span> <span class='ocrx_word' id='word_1_201' title='bbox 2433 1690 2599 1751; x_wconf 90' lang='lat' dir='ltr'><strong>caput</strong></span> <span class='ocrx_word' id='word_1_202' title='bbox 2642 1681 2863 1738; x_wconf 81' lang='lat' dir='ltr'><strong>Romuli</strong></span> <span class='ocrx_word' id='word_1_203' title='bbox 2916 1694 3249 1755; x_wconf 84' lang='lat' dir='ltr'><strong>amputetur.</strong></span> <span class='ocrx_word' id='word_1_204' title='bbox 3288 1688 3470 1761; x_wconf 77' lang='lat' dir='ltr'><strong>Atque</strong></span> 
     </span>
    </p>
   </div>
   <div class='ocr_carea' id='block_1_32' title="bbox 1892 1769 3466 1844">
    <p class='ocr_par' dir='ltr' id='par_1_32' title="bbox 1892 1769 3466 1844">
     <span class='ocr_line' id='line_1_32' title="bbox 1892 1769 3466 1844; baseline 0.004 -22"><span class='ocrx_word' id='word_1_205' title='bbox 1892 1769 1983 1823; x_wconf 86' lang='lat' dir='ltr'><strong>ille</strong></span> <span class='ocrx_word' id='word_1_206' title='bbox 2004 1771 2226 1840; x_wconf 88' lang='lat' dir='ltr'><strong>quidem</strong></span> <span class='ocrx_word' id='word_1_207' title='bbox 2279 1770 2514 1827; x_wconf 88' lang='lat' dir='ltr'><strong>libenter</strong></span> <span class='ocrx_word' id='word_1_208' title='bbox 2543 1786 2733 1827; x_wconf 86' lang='lat' dir='ltr'><strong>ensem</strong></span> <span class='ocrx_word' id='word_1_209' title='bbox 2797 1772 3007 1843; x_wconf 81' lang='lat' dir='ltr'><strong>aspexit</strong></span> <span class='ocrx_word' id='word_1_210' title='bbox 3044 1783 3268 1844; x_wconf 88' lang='lat' dir='ltr'><strong>propter</strong></span> <span class='ocrx_word' id='word_1_211' title='bbox 3309 1771 3466 1830; x_wconf 89' lang='lat' dir='ltr'><strong>Chri-</strong></span> 
     </span>
    </p>
   </div>
   <div class='ocr_carea' id='block_1_33' title="bbox 211 1852 1782 1934">
    <p class='ocr_par' dir='ltr' id='par_1_33' title="bbox 211 1852 1782 1934">
     <span class='ocr_line' id='line_1_33' title="bbox 211 1852 1782 1934; baseline -0.008 -20"><span class='ocrx_word' id='word_1_212' title='bbox 211 1863 449 1934; x_wconf 75' lang='grc' dir='ltr'>Χριστὺν</span> <span class='ocrx_word' id='word_1_213' title='bbox 497 1857 602 1915; x_wconf 83' lang='grc' dir='ltr'>εἶδε</span> <span class='ocrx_word' id='word_1_214' title='bbox 652 1863 823 1931; x_wconf 77' lang='grc' dir='ltr'>ξίφος,</span> <span class='ocrx_word' id='word_1_215' title='bbox 859 1864 955 1916; x_wconf 84' lang='grc' dir='ltr'>καὶ</span> <span class='ocrx_word' id='word_1_216' title='bbox 1007 1862 1197 1931; x_wconf 75' lang='grc' dir='ltr'>ἥδιστα</span> <span class='ocrx_word' id='word_1_217' title='bbox 1245 1858 1305 1911; x_wconf 83' lang='grc' dir='ltr'><strong>τὸ</strong></span> <span class='ocrx_word' id='word_1_218' title='bbox 1354 1856 1449 1910; x_wconf 80' lang='grc' dir='ltr'>τοῦ</span> <span class='ocrx_word' id='word_1_219' title='bbox 1488 1852 1782 1925; x_wconf 75' lang='grc' dir='ltr'>μαρτυρίου</span> 
     </span>
    </p>
   </div>
   <div class='ocr_carea' id='block_1_34' title="bbox 1881 1852 3358 1934">
    <p class='ocr_par' dir='ltr' id='par_1_34' title="bbox 1892 1860 3358 1934">
     <span class='ocr_line' id='line_1_34' title="bbox 1892 1860 3358 1934; baseline 0.005 -22"><span class='ocrx_word' id='word_1_220' title='bbox 1892 1866 2061 1923; x_wconf 88' lang='lat' dir='ltr'><strong>stum,</strong></span> <span class='ocrx_word' id='word_1_221' title='bbox 2096 1867 2151 1913; x_wconf 90' lang='lat' dir='ltr'><strong>et</strong></span> <span class='ocrx_word' id='word_1_222' title='bbox 2185 1861 2587 1929; x_wconf 71' lang='lat' dir='ltr'><strong>iucundissime</strong></span> <span class='ocrx_word' id='word_1_223' title='bbox 2613 1860 2785 1918; x_wconf 79' lang='lat' dir='ltr'><strong>subiit</strong></span> <span class='ocrx_word' id='word_1_224' title='bbox 2809 1862 3050 1918; x_wconf 85' lang='lat' dir='ltr'><strong>stadium</strong></span> <span class='ocrx_word' id='word_1_225' title='bbox 3087 1863 3358 1934; x_wconf 84' lang='lat' dir='ltr'><strong>martyrii.</strong></span> 
     </span>
    </p>
   </div>
   <div class='ocr_carea' id='block_1_35' title="bbox 208 1952 683 2022">
    <p class='ocr_par' dir='ltr' id='par_1_35' title="bbox 208 1952 683 2022">
     <span class='ocr_line' id='line_1_35' title="bbox 208 1952 683 2022; baseline 0.008 -19"><span class='ocrx_word' id='word_1_226' title='bbox 208 1952 413 2022; x_wconf 79' lang='grc' dir='ltr'>ἐπῆλθε</span> <span class='ocrx_word' id='word_1_227' title='bbox 450 1954 683 2007; x_wconf 82' lang='grc' dir='ltr'>στάδιον.</span> 
     </span>
    </p>
   </div>
   <div class='ocr_carea' id='block_1_36' title="bbox 1630 2042 1995 2101">
    <p class='ocr_par' dir='ltr' id='par_1_36' title="bbox 1630 2042 1995 2101">
     <span class='ocr_line' id='line_1_36' title="bbox 1630 2042 1995 2101; baseline -0.011 0"><span class='ocrx_word' id='word_1_228' title='bbox 1630 2042 1877 2101; x_wconf 83' lang='lat' dir='ltr'><strong>CAPUT.</strong></span> <span class='ocrx_word' id='word_1_229' title='bbox 1927 2042 1995 2098; x_wconf 86' lang='lat' dir='ltr'><strong>Il.</strong></span> 
     </span>
    </p>
   </div>
   <div class='ocr_carea' id='block_1_37' title="bbox 208 2135 3532 2222">
    <p class='ocr_par' dir='ltr' id='par_1_37' title="bbox 208 2135 3532 2222">
     <span class='ocr_line' id='line_1_37' title="bbox 208 2135 3532 2222; baseline 0.003 -27"><span class='ocrx_word' id='word_1_230' title='bbox 208 2138 276 2196; x_wconf 83' lang='lat' dir='ltr'><strong>S.</strong></span> <span class='ocrx_word' id='word_1_231' title='bbox 337 2141 605 2196; x_wconf 74' lang='lat' dir='ltr'><strong>Eudoxius</strong></span> <span class='ocrx_word' id='word_1_232' title='bbox 659 2145 842 2198; x_wconf 82' lang='lat' dir='ltr'><strong>missos</strong></span> <span class='ocrx_word' id='word_1_233' title='bbox 892 2148 961 2199; x_wconf 86' lang='lat' dir='ltr'><strong>ad</strong></span> <span class='ocrx_word' id='word_1_234' title='bbox 1012 2162 1065 2199; x_wconf 84' lang='lat' dir='ltr'><strong>se</strong></span> <span class='ocrx_word' id='word_1_235' title='bbox 1113 2144 1426 2222; x_wconf 66' lang='lat' dir='ltr'><strong>capiendum</strong></span> <span class='ocrx_word' id='word_1_236' title='bbox 1448 2137 1923 2222; x_wconf 32' lang='lat' dir='ltr'><strong>coiit&#39;ivio‘efr‘cipit,</strong></span> <span class='ocrx_word' id='word_1_237' title='bbox 1946 2135 2070 2222; x_wconf 46' lang='lat' dir='ltr'><strong>.dnein</strong></span> <span class='ocrx_word' id='word_1_238' title='bbox 2104 2148 2287 2222; x_wconf 65' lang='lat' dir='ltr'><strong>sponte</strong></span> <span class='ocrx_word' id='word_1_239' title='bbox 2318 2141 2425 2194; x_wconf 82' lang='lat' dir='ltr'><strong>adit</strong></span> <span class='ocrx_word' id='word_1_240' title='bbox 2454 2143 2980 2222; x_wconf 71' lang='lat' dir='ltr'><strong>_prcesidem,_t_:oram</strong></span> <span class='ocrx_word' id='word_1_241' title='bbox 3007 2163 3107 2217; x_wconf 87' lang='lat' dir='ltr'><strong>quo</strong></span> <span class='ocrx_word' id='word_1_242' title='bbox 3144 2147 3303 2216; x_wconf 77' lang='lat' dir='ltr'><strong>ﬁdem</strong></span> <span class='ocrx_word' id='word_1_243' title='bbox 3341 2165 3466 2217; x_wconf 82' lang='lat' dir='ltr'><strong>pro-</strong></span> <span class='ocrx_word' id='word_1_244' title='bbox 3528 2201 3532 2204; x_wconf 14' lang='grc' dir='ltr'><strong>ί</strong></span> 
     </span>
    </p>
   </div>
   <div class='ocr_carea' id='block_1_38' title="bbox 793 2204 2913 2284">
    <p class='ocr_par' dir='ltr' id='par_1_38' title="bbox 793 2204 2913 2284">
     <span class='ocr_line' id='line_1_38' title="bbox 793 2204 2913 2284; baseline 0.001 -18"><span class='ocrx_word' id='word_1_245' title='bbox 793 2215 979 2284; x_wconf 81' lang='lat' dir='ltr'><strong>ﬁtetur</strong></span> <span class='ocrx_word' id='word_1_246' title='bbox 1005 2204 1336 2283; x_wconf 58' lang='lat' dir='ltr'><strong>balteu&#39;mque</strong></span> <span class='ocrx_word' id='word_1_247' title='bbox 1374 2210 1579 2279; x_wconf 76' lang='lat' dir='ltr'><strong>objicit,</strong></span> <span class='ocrx_word' id='word_1_248' title='bbox 1608 2206 1864 2260; x_wconf 77' lang='lat' dir='ltr'><strong>militibus</strong></span> <span class='ocrx_word' id='word_1_249' title='bbox 1903 2204 2041 2257; x_wconf 72' lang='grc'><strong>1104</strong></span> <span class='ocrx_word' id='word_1_250' title='bbox 2082 2204 2379 2273; x_wconf 61' lang='lat' dir='ltr'><strong>exemplum</strong></span> <span class='ocrx_word' id='word_1_251' title='bbox 2412 2204 2527 2278; x_wconf 66' lang='lat' dir='ltr'><strong>ejus</strong></span> <span class='ocrx_word' id='word_1_252' title='bbox 2558 2204 2913 2270; x_wconf 69' lang='lat' dir='ltr'><strong>imitantibus.</strong></span> 
     </span>
    </p>
   </div>
   <div class='ocr_carea' id='block_1_39' title="bbox 282 2316 1786 2402">
    <p class='ocr_par' dir='ltr' id='par_1_39' title="bbox 282 2316 1786 2402">
     <span class='ocr_line' id='line_1_39' title="bbox 282 2316 1786 2402; baseline -0.006 -20"><span class='ocrx_word' id='word_1_253' title='bbox 282 2330 357 2383; x_wconf 88' lang='lat' dir='ltr'><strong>E’.</strong></span> <span class='ocrx_word' id='word_1_254' title='bbox 397 2316 600 2401; x_wconf 84' lang='grc' dir='ltr'>Συχνοῦ</span> <span class='ocrx_word' id='word_1_255' title='bbox 640 2331 697 2384; x_wconf 77' lang='grc' dir='ltr'>δὲ</span> <span class='ocrx_word' id='word_1_256' title='bbox 739 2332 940 2402; x_wconf 75' lang='grc' dir='ltr'>μεταξὺ</span> <span class='ocrx_word' id='word_1_257' title='bbox 975 2330 1274 2392; x_wconf 80' lang='grc' dir='ltr'>διελθόντος</span> <span class='ocrx_word' id='word_1_258' title='bbox 1314 2329 1528 2399; x_wconf 79' lang='grc' dir='ltr'>χρόνου,</span> <span class='ocrx_word' id='word_1_259' title='bbox 1562 2323 1786 2391; x_wconf 76' lang='grc' dir='ltr'>Διοκλη-</span> 
     </span>
    </p>
   </div>
   <div class='ocr_carea' id='block_1_40' title="bbox 202 2413 1789 2494">
    <p class='ocr_par' dir='ltr' id='par_1_40' title="bbox 202 2413 1789 2494">
     <span class='ocr_line' id='line_1_40' title="bbox 202 2413 1789 2494; baseline -0.004 -21"><span class='ocrx_word' id='word_1_260' title='bbox 202 2422 390 2485; x_wconf 80' lang='grc' dir='ltr'>τιανὸς</span> <span class='ocrx_word' id='word_1_261' title='bbox 419 2422 518 2492; x_wconf 79' lang='grc' dir='ltr'>μὲν</span> <span class='ocrx_word' id='word_1_262' title='bbox 544 2424 735 2494; x_wconf 75' lang='grc' dir='ltr'>αἵματι</span> <span class='ocrx_word' id='word_1_263' title='bbox 757 2424 1004 2493; x_wconf 63' lang='grc' dir='ltr'>ἐμφυλίῳ</span> <span class='ocrx_word' id='word_1_264' title='bbox 1029 2422 1123 2475; x_wconf 72' lang='grc' dir='ltr'>καὶ</span> <span class='ocrx_word' id='word_1_265' title='bbox 1152 2420 1423 2491; x_wconf 81' lang='grc' dir='ltr'>τυραννίδι</span> <span class='ocrx_word' id='word_1_266' title='bbox 1444 2419 1667 2473; x_wconf 75' lang='grc' dir='ltr'>κλέπτει</span> <span class='ocrx_word' id='word_1_267' title='bbox 1690 2413 1789 2485; x_wconf 83' lang='grc' dir='ltr'><strong>τὴν</strong></span> 
     </span>
    </p>
   </div>
   <div class='ocr_carea' id='block_1_41' title="bbox 204 2508 1790 2584">
    <p class='ocr_par' dir='ltr' id='par_1_41' title="bbox 204 2508 1790 2584">
     <span class='ocr_line' id='line_1_41' title="bbox 204 2508 1790 2584; baseline -0.006 -18"><span class='ocrx_word' id='word_1_268' title='bbox 204 2514 485 2584; x_wconf 83' lang='grc' dir='ltr'>βασιλείαν</span> <span class='ocrx_word' id='word_1_269' title='bbox 509 2533 524 2546; x_wconf 77' lang='grc' dir='ltr'><strong><em>ο</em></strong></span> <span class='ocrx_word' id='word_1_270' title='bbox 564 2516 859 2583; x_wconf 86' lang='grc' dir='ltr'>φιλονεικεῖ</span> <span class='ocrx_word' id='word_1_271' title='bbox 892 2514 948 2566; x_wconf 85' lang='grc' dir='ltr'>δὲ</span> <span class='ocrx_word' id='word_1_272' title='bbox 982 2514 1109 2574; x_wconf 81' lang='grc' dir='ltr'>τοὺς</span> <span class='ocrx_word' id='word_1_273' title='bbox 1148 2514 1253 2583; x_wconf 82' lang='grc' dir='ltr'><strong>πρὸ</strong></span> <span class='ocrx_word' id='word_1_274' title='bbox 1291 2511 1455 2562; x_wconf 83' lang='grc' dir='ltr'>αὑτοῦ</span> <span class='ocrx_word' id='word_1_275' title='bbox 1490 2508 1790 2580; x_wconf 77' lang='grc' dir='ltr'>τυράννους</span> 
     </span>
    </p>
   </div>
   <div class='ocr_carea' id='block_1_42' title="bbox 202 2594 1789 2674">
    <p class='ocr_par' dir='ltr' id='par_1_42' title="bbox 202 2594 1789 2674">
     <span class='ocr_line' id='line_1_42' title="bbox 202 2594 1789 2674; baseline -0.008 -16"><span class='ocrx_word' id='word_1_276' title='bbox 202 2606 352 2658; x_wconf 82' lang='grc' dir='ltr'>κατά</span> <span class='ocrx_word' id='word_1_277' title='bbox 371 2622 434 2673; x_wconf 83' lang='grc' dir='ltr'>γε</span> <span class='ocrx_word' id='word_1_278' title='bbox 468 2605 558 2657; x_wconf 81' lang='grc' dir='ltr'><strong>τὸν</strong></span> <span class='ocrx_word' id='word_1_279' title='bbox 587 2605 683 2674; x_wconf 80' lang='grc' dir='ltr'>τῆς</span> <span class='ocrx_word' id='word_1_280' title='bbox 717 2604 998 2674; x_wconf 77' lang='grc' dir='ltr'>ὠμότητος</span> <span class='ocrx_word' id='word_1_281' title='bbox 1030 2604 1123 2656; x_wconf 75' lang='grc' dir='ltr'>καὶ</span> <span class='ocrx_word' id='word_1_282' title='bbox 1155 2601 1245 2655; x_wconf 77' lang='grc' dir='ltr'><strong>τὸν</strong></span> <span class='ocrx_word' id='word_1_283' title='bbox 1284 2600 1382 2669; x_wconf 79' lang='grc' dir='ltr'>τῆς</span> <span class='ocrx_word' id='word_1_284' title='bbox 1409 2596 1663 2659; x_wconf 77' lang='grc' dir='ltr'>ἀσεϐείας</span> <span class='ocrx_word' id='word_1_285' title='bbox 1697 2594 1789 2646; x_wconf 88' lang='grc' dir='ltr'>λό-</span> 
     </span>
    </p>
   </div>
   <div class='ocr_carea' id='block_1_43' title="bbox 201 2687 1784 2770">
    <p class='ocr_par' dir='ltr' id='par_1_43' title="bbox 201 2687 1784 2770">
     <span class='ocr_line' id='line_1_43' title="bbox 201 2687 1784 2770; baseline -0.006 -21"><span class='ocrx_word' id='word_1_286' title='bbox 201 2712 306 2764; x_wconf 84' lang='grc' dir='ltr'><strong>γον</strong></span> <span class='ocrx_word' id='word_1_287' title='bbox 332 2696 677 2766; x_wconf 85' lang='grc' dir='ltr'>ὑπερϐαλεῖν,</span> <span class='ocrx_word' id='word_1_288' title='bbox 711 2701 804 2750; x_wconf 74' lang='grc' dir='ltr'><strong>καὶ</strong></span> <span class='ocrx_word' id='word_1_289' title='bbox 828 2696 926 2770; x_wconf 81' lang='grc' dir='ltr'>τὴν</span> <span class='ocrx_word' id='word_1_290' title='bbox 961 2696 1183 2749; x_wconf 74' lang='grc' dir='ltr'>ἐκείνων</span> <span class='ocrx_word' id='word_1_291' title='bbox 1213 2695 1512 2764; x_wconf 77' lang='grc' dir='ltr'>ἀγριότητα</span> <span class='ocrx_word' id='word_1_292' title='bbox 1544 2687 1784 2759; x_wconf 74' lang='grc' dir='ltr'>φανερὰν</span> 
     </span>
    </p>
   </div>
   <div class='ocr_carea' id='block_1_44' title="bbox 198 2778 1780 2860">
    <p class='ocr_par' dir='ltr' id='par_1_44' title="bbox 198 2778 1780 2860">
     <span class='ocr_line' id='line_1_44' title="bbox 198 2778 1780 2860; baseline -0.007 -17"><span class='ocrx_word' id='word_1_293' title='bbox 198 2789 376 2855; x_wconf 78' lang='grc' dir='ltr'>δεῖξαι</span> <span class='ocrx_word' id='word_1_294' title='bbox 420 2791 863 2860; x_wconf 83' lang='grc' dir='ltr'>φιλανθρωπίαν·</span> <span class='ocrx_word' id='word_1_295' title='bbox 913 2790 1033 2843; x_wconf 79' lang='grc' dir='ltr'>ὅθεν</span> <span class='ocrx_word' id='word_1_296' title='bbox 1083 2789 1148 2853; x_wconf 83' lang='grc' dir='ltr'>δὴ</span> <span class='ocrx_word' id='word_1_297' title='bbox 1191 2787 1538 2854; x_wconf 76' lang='grc' dir='ltr'>διατάγματα</span> <span class='ocrx_word' id='word_1_298' title='bbox 1578 2778 1780 2849; x_wconf 84' lang='grc' dir='ltr'>συνεχῆ</span> 
     </span>
    </p>
   </div>
   <div class='ocr_carea' id='block_1_45' title="bbox 199 2873 1782 2952">
    <p class='ocr_par' dir='ltr' id='par_1_45' title="bbox 199 2873 1782 2952">
     <span class='ocr_line' id='line_1_45' title="bbox 199 2873 1782 2952; baseline -0.007 -19"><span class='ocrx_word' id='word_1_299' title='bbox 199 2881 583 2951; x_wconf 80' lang='grc' dir='ltr'>κατελάμϐανε</span> <span class='ocrx_word' id='word_1_300' title='bbox 615 2883 675 2934; x_wconf 83' lang='grc' dir='ltr'>τὸ</span> <span class='ocrx_word' id='word_1_301' title='bbox 708 2882 967 2952; x_wconf 78' lang='grc' dir='ltr'>ὑπήκοον,</span> <span class='ocrx_word' id='word_1_302' title='bbox 992 2881 1024 2949; x_wconf 81' lang='grc' dir='ltr'>ἢ</span> <span class='ocrx_word' id='word_1_303' title='bbox 1054 2882 1266 2938; x_wconf 81' lang='grc' dir='ltr'>πάντας</span> <span class='ocrx_word' id='word_1_304' title='bbox 1289 2876 1436 2944; x_wconf 83' lang='grc' dir='ltr'>αὐτῴ</span> <span class='ocrx_word' id='word_1_305' title='bbox 1458 2873 1782 2940; x_wconf 78' lang='grc' dir='ltr'>κοινωνῆσαι</span> 
     </span>
    </p>
   </div>
   <div class='ocr_carea' id='block_1_46' title="bbox 196 2963 1781 3039">
    <p class='ocr_par' dir='ltr' id='par_1_46' title="bbox 196 2963 1781 3039">
     <span class='ocr_line' id='line_1_46' title="bbox 196 2963 1781 3039; baseline -0.006 -16"><span class='ocrx_word' id='word_1_306' title='bbox 196 2972 302 3039; x_wconf 81' lang='grc' dir='ltr'>τῆς</span> <span class='ocrx_word' id='word_1_307' title='bbox 335 2971 586 3033; x_wconf 81' lang='grc' dir='ltr'>ἀσεϐείας</span> <span class='ocrx_word' id='word_1_308' title='bbox 609 3010 623 3036; x_wconf 90' lang='grc'><strong>,</strong></span> <span class='ocrx_word' id='word_1_309' title='bbox 655 2971 688 3038; x_wconf 85' lang='grc' dir='ltr'>ἢ</span> <span class='ocrx_word' id='word_1_310' title='bbox 724 2969 950 3023; x_wconf 86' lang='grc' dir='ltr'>θάνατον</span> <span class='ocrx_word' id='word_1_311' title='bbox 982 2970 1164 3031; x_wconf 79' lang='grc' dir='ltr'>αὐτοῖς</span> <span class='ocrx_word' id='word_1_312' title='bbox 1194 2964 1332 3021; x_wconf 80' lang='grc' dir='ltr'>εἶναι</span> <span class='ocrx_word' id='word_1_313' title='bbox 1366 2967 1424 3018; x_wconf 85' lang='grc' dir='ltr'><strong>τὸ</strong></span> <span class='ocrx_word' id='word_1_314' title='bbox 1458 2963 1557 3033; x_wconf 78' lang='grc' dir='ltr'>τῆς</span> <span class='ocrx_word' id='word_1_315' title='bbox 1604 2977 1781 3031; x_wconf 87' lang='grc' dir='ltr'>παρα-</span> 
     </span>
    </p>
   </div>
   <div class='ocr_carea' id='block_1_47' title="bbox 198 3058 1779 3134">
    <p class='ocr_par' dir='ltr' id='par_1_47' title="bbox 198 3058 1779 3134">
     <span class='ocr_line' id='line_1_47' title="bbox 198 3058 1779 3134; baseline -0.004 -17"><span class='ocrx_word' id='word_1_316' title='bbox 198 3064 339 3132; x_wconf 82' lang='grc' dir='ltr'>κοῆς</span> <span class='ocrx_word' id='word_1_317' title='bbox 374 3063 668 3131; x_wconf 75' lang='grc' dir='ltr'>ἐπιτίμιον.</span> <span class='ocrx_word' id='word_1_318' title='bbox 706 3063 1024 3134; x_wconf 75' lang='grc' dir='ltr'>Χριστιανοὶ</span> <span class='ocrx_word' id='word_1_319' title='bbox 1055 3063 1236 3116; x_wconf 78' lang='grc' dir='ltr'>τοίνυν</span> <span class='ocrx_word' id='word_1_320' title='bbox 1264 3061 1351 3115; x_wconf 79' lang='grc' dir='ltr'>διὰ</span> <span class='ocrx_word' id='word_1_321' title='bbox 1386 3060 1446 3113; x_wconf 90' lang='lat' dir='ltr'><strong>rb</strong></span> <span class='ocrx_word' id='word_1_322' title='bbox 1475 3061 1572 3129; x_wconf 78' lang='grc' dir='ltr'><strong>τῆς</strong></span> <span class='ocrx_word' id='word_1_323' title='bbox 1609 3058 1779 3129; x_wconf 81' lang='grc' dir='ltr'>ὀργῆς</span> 
     </span>
    </p>
   </div>
   <div class='ocr_carea' id='block_1_48' title="bbox 195 3151 1780 3226">
    <p class='ocr_par' dir='ltr' id='par_1_48' title="bbox 195 3151 1780 3226">
     <span class='ocr_line' id='line_1_48' title="bbox 195 3151 1780 3226; baseline -0.003 -19"><span class='ocrx_word' id='word_1_324' title='bbox 195 3154 298 3207; x_wconf 82' lang='grc' dir='ltr'><strong>τοῦ</strong></span> <span class='ocrx_word' id='word_1_325' title='bbox 326 3155 519 3226; x_wconf 78' lang='grc' dir='ltr'>ἀνδρὸς</span> <span class='ocrx_word' id='word_1_326' title='bbox 552 3156 761 3226; x_wconf 81' lang='grc' dir='ltr'>ἄμαχόν</span> <span class='ocrx_word' id='word_1_327' title='bbox 791 3173 849 3209; x_wconf 91' lang='grc' dir='ltr'><strong>τε</strong></span> <span class='ocrx_word' id='word_1_328' title='bbox 882 3156 977 3209; x_wconf 72' lang='grc' dir='ltr'><strong>καὶ</strong></span> <span class='ocrx_word' id='word_1_329' title='bbox 1013 3155 1197 3217; x_wconf 87' lang='grc' dir='ltr'>δεινῶς</span> <span class='ocrx_word' id='word_1_330' title='bbox 1227 3154 1439 3222; x_wconf 82' lang='grc' dir='ltr'>ἄγριον,</span> <span class='ocrx_word' id='word_1_331' title='bbox 1479 3154 1525 3203; x_wconf 80' lang='grc' dir='ltr'>οἱ</span> <span class='ocrx_word' id='word_1_332' title='bbox 1558 3151 1656 3219; x_wconf 84' lang='grc' dir='ltr'>μὲν</span> <span class='ocrx_word' id='word_1_333' title='bbox 1682 3151 1780 3212; x_wconf 74' lang='grc' dir='ltr'>τὰς</span> 
     </span>
    </p>
   </div>
   <div class='ocr_carea' id='block_1_49' title="bbox 198 3242 1779 3318">
    <p class='ocr_par' dir='ltr' id='par_1_49' title="bbox 198 3242 1779 3318">
     <span class='ocr_line' id='line_1_49' title="bbox 198 3242 1779 3318; baseline -0.004 -19"><span class='ocrx_word' id='word_1_334' title='bbox 198 3247 346 3318; x_wconf 82' lang='grc' dir='ltr'>μετὰ</span> <span class='ocrx_word' id='word_1_335' title='bbox 371 3248 478 3300; x_wconf 85' lang='grc' dir='ltr'>τῶν</span> <span class='ocrx_word' id='word_1_336' title='bbox 503 3249 704 3318; x_wconf 82' lang='grc' dir='ltr'>θηρίων</span> <span class='ocrx_word' id='word_1_337' title='bbox 738 3250 796 3300; x_wconf 86' lang='grc' dir='ltr'>ὲν</span> <span class='ocrx_word' id='word_1_338' title='bbox 824 3249 1051 3318; x_wconf 74' lang='grc' dir='ltr'>ἐρήμοις</span> <span class='ocrx_word' id='word_1_339' title='bbox 1073 3246 1353 3316; x_wconf 75' lang='grc' dir='ltr'>διατριϐάς</span> <span class='ocrx_word' id='word_1_340' title='bbox 1380 3244 1475 3313; x_wconf 84' lang='grc' dir='ltr'>τῆς</span> <span class='ocrx_word' id='word_1_341' title='bbox 1503 3242 1643 3312; x_wconf 82' lang='grc' dir='ltr'>μετὰ</span> <span class='ocrx_word' id='word_1_342' title='bbox 1669 3242 1779 3293; x_wconf 83' lang='grc' dir='ltr'><strong>τῶν</strong></span> 
     </span>
    </p>
   </div>
   <div class='ocr_carea' id='block_1_50' title="bbox 194 3321 1776 3411">
    <p class='ocr_par' dir='ltr' id='par_1_50' title="bbox 194 3321 1776 3411">
     <span class='ocr_line' id='line_1_50' title="bbox 194 3321 1776 3411; baseline -0.003 -18"><span class='ocrx_word' id='word_1_343' title='bbox 194 3340 509 3409; x_wconf 77' lang='grc' dir='ltr'>ἀνθρώπων</span> <span class='ocrx_word' id='word_1_344' title='bbox 546 3321 746 3409; x_wconf 75' lang='grc' dir='ltr'>μᾶλλον</span> <span class='ocrx_word' id='word_1_345' title='bbox 780 3340 1104 3411; x_wconf 78' lang='grc' dir='ltr'>προέκρινον</span> <span class='ocrx_word' id='word_1_346' title='bbox 1142 3340 1420 3402; x_wconf 69' lang='grc' dir='ltr'>συνοικίας</span> <span class='ocrx_word' id='word_1_347' title='bbox 1446 3355 1459 3369; x_wconf 80' lang='grc'><strong>·</strong></span> <span class='ocrx_word' id='word_1_348' title='bbox 1498 3339 1550 3391; x_wconf 77' lang='grc' dir='ltr'><strong>οἱ</strong></span> <span class='ocrx_word' id='word_1_349' title='bbox 1584 3336 1639 3390; x_wconf 78' lang='grc' dir='ltr'>δὲ</span> <span class='ocrx_word' id='word_1_350' title='bbox 1674 3336 1776 3407; x_wconf 79' lang='grc' dir='ltr'>ὄρη</span> 
     </span>
    </p>
   </div>
   <div class='ocr_carea' id='block_1_51' title="bbox 194 3430 1777 3503">
    <p class='ocr_par' dir='ltr' id='par_1_51' title="bbox 194 3430 1777 3503">
     <span class='ocr_line' id='line_1_51' title="bbox 194 3430 1777 3503; baseline -0.004 -18"><span class='ocrx_word' id='word_1_351' title='bbox 194 3434 299 3485; x_wconf 81' lang='grc' dir='ltr'><strong>καὶ</strong></span> <span class='ocrx_word' id='word_1_352' title='bbox 330 3430 587 3502; x_wconf 86' lang='grc' dir='ltr'>σπήλαια,</span> <span class='ocrx_word' id='word_1_353' title='bbox 612 3433 708 3486; x_wconf 73' lang='grc' dir='ltr'>καὶ</span> <span class='ocrx_word' id='word_1_354' title='bbox 732 3432 831 3486; x_wconf 84' lang='grc' dir='ltr'>ὅσα</span> <span class='ocrx_word' id='word_1_355' title='bbox 857 3431 1081 3486; x_wconf 81' lang='grc' dir='ltr'>δύναται</span> <span class='ocrx_word' id='word_1_356' title='bbox 1103 3432 1390 3503; x_wconf 83' lang='grc' dir='ltr'>κρύπτειν,</span> <span class='ocrx_word' id='word_1_357' title='bbox 1423 3431 1777 3499; x_wconf 80' lang='grc' dir='ltr'>ὑποδυόμενοι</span> 
     </span>
    </p>
   </div>
   <div class='ocr_carea' id='block_1_52' title="bbox 193 3519 1774 3593">
    <p class='ocr_par' dir='ltr' id='par_1_52' title="bbox 193 3519 1774 3593">
     <span class='ocr_line' id='line_1_52' title="bbox 193 3519 1774 3593; baseline -0.003 -14"><span class='ocrx_word' id='word_1_358' title='bbox 193 3525 299 3579; x_wconf 77' lang='grc' dir='ltr'><strong>καὶ</strong></span> <span class='ocrx_word' id='word_1_359' title='bbox 332 3526 493 3578; x_wconf 81' lang='grc' dir='ltr'>αὑτὸν</span> <span class='ocrx_word' id='word_1_360' title='bbox 515 3565 530 3592; x_wconf 90' lang='grc'><strong>,</strong></span> <span class='ocrx_word' id='word_1_361' title='bbox 567 3525 643 3589; x_wconf 80' lang='grc' dir='ltr'>ὡς</span> <span class='ocrx_word' id='word_1_362' title='bbox 669 3519 840 3579; x_wconf 76' lang='grc' dir='ltr'>οἷόντε</span> <span class='ocrx_word' id='word_1_363' title='bbox 860 3566 874 3593; x_wconf 83' lang='lat'><strong>,</strong></span> <span class='ocrx_word' id='word_1_364' title='bbox 908 3526 998 3579; x_wconf 80' lang='grc' dir='ltr'><strong>τὸν</strong></span> <span class='ocrx_word' id='word_1_365' title='bbox 1024 3525 1173 3593; x_wconf 71' lang='grc' dir='ltr'>ἥλιον</span> <span class='ocrx_word' id='word_1_366' title='bbox 1199 3523 1471 3575; x_wconf 83' lang='grc' dir='ltr'>διαλαθεῖν</span> <span class='ocrx_word' id='word_1_367' title='bbox 1499 3521 1774 3574; x_wconf 80' lang='grc' dir='ltr'>ἔσπευδον.</span> 
     </span>
    </p>
   </div>
   <div class='ocr_carea' id='block_1_53' title="bbox 276 3694 1776 3775">
    <p class='ocr_par' dir='ltr' id='par_1_53' title="bbox 276 3694 1776 3775">
     <span class='ocr_line' id='line_1_53' title="bbox 276 3694 1776 3775; baseline -0.005 -18"><span class='ocrx_word' id='word_1_368' title='bbox 276 3711 367 3775; x_wconf 70' lang='grc' dir='ltr'><strong>ς’.</strong></span> <span class='ocrx_word' id='word_1_369' title='bbox 411 3704 678 3758; x_wconf 79' lang='grc' dir='ltr'>Ἐνταῦθα</span> <span class='ocrx_word' id='word_1_370' title='bbox 717 3701 983 3774; x_wconf 77' lang='grc' dir='ltr'>μηνύεται</span> <span class='ocrx_word' id='word_1_371' title='bbox 1026 3716 1110 3767; x_wconf 88' lang='grc' dir='ltr'><strong>τις</strong></span> <span class='ocrx_word' id='word_1_372' title='bbox 1156 3699 1406 3771; x_wconf 79' lang='grc' dir='ltr'>εὐσεϐὴς,</span> <span class='ocrx_word' id='word_1_373' title='bbox 1433 3697 1527 3752; x_wconf 79' lang='grc' dir='ltr'>καὶ</span> <span class='ocrx_word' id='word_1_374' title='bbox 1570 3694 1663 3750; x_wconf 80' lang='grc' dir='ltr'><strong>τοῦ</strong></span> <span class='ocrx_word' id='word_1_375' title='bbox 1703 3696 1776 3766; x_wconf 82' lang='grc' dir='ltr'>μὴ</span> 
     </span>
    </p>
   </div>
   <div class='ocr_carea' id='block_1_54' title="bbox 190 3790 1778 3866">
    <p class='ocr_par' dir='ltr' id='par_1_54' title="bbox 190 3790 1778 3866">
     <span class='ocr_line' id='line_1_54' title="bbox 190 3790 1778 3866; baseline -0.008 -13"><span class='ocrx_word' id='word_1_376' title='bbox 190 3799 387 3854; x_wconf 75' lang='grc' dir='ltr'>λαθεῖν</span> <span class='ocrx_word' id='word_1_377' title='bbox 432 3793 602 3860; x_wconf 77' lang='grc' dir='ltr'>ὅντως</span> <span class='ocrx_word' id='word_1_378' title='bbox 655 3796 829 3862; x_wconf 80' lang='grc' dir='ltr'>ἄξιος,</span> <span class='ocrx_word' id='word_1_379' title='bbox 885 3795 1134 3860; x_wconf 80' lang='grc' dir='ltr'>Εὑδὸξιος</span> <span class='ocrx_word' id='word_1_380' title='bbox 1189 3794 1221 3866; x_wconf 77' lang='grc' dir='ltr'>ἢ</span> <span class='ocrx_word' id='word_1_381' title='bbox 1272 3792 1553 3863; x_wconf 82' lang='grc' dir='ltr'>Μαριανὸς</span> <span class='ocrx_word' id='word_1_382' title='bbox 1607 3790 1778 3859; x_wconf 71' lang='grc' dir='ltr'>ὄνομα</span> 
     </span>
    </p>
   </div>
   <div class='ocr_carea' id='block_1_55' title="bbox 190 3884 1772 3963">
    <p class='ocr_par' dir='ltr' id='par_1_55' title="bbox 190 3884 1772 3963">
     <span class='ocr_line' id='line_1_55' title="bbox 190 3884 1772 3963; baseline -0.009 -16"><span class='ocrx_word' id='word_1_383' title='bbox 190 3893 374 3963; x_wconf 74' lang='grc' dir='ltr'>ἀνὴρ·</span> <span class='ocrx_word' id='word_1_384' title='bbox 402 3893 733 3963; x_wconf 76' lang='grc' dir='ltr'>ἀμφοτέροις</span> <span class='ocrx_word' id='word_1_385' title='bbox 769 3889 874 3959; x_wconf 81' lang='grc' dir='ltr'><strong>γὰρ</strong></span> <span class='ocrx_word' id='word_1_386' title='bbox 901 3888 1301 3959; x_wconf 82' lang='grc' dir='ltr'>ὲκυριολογεῖτο</span> <span class='ocrx_word' id='word_1_387' title='bbox 1335 3888 1444 3948; x_wconf 85' lang='grc' dir='ltr'>τοῖς</span> <span class='ocrx_word' id='word_1_388' title='bbox 1475 3884 1738 3952; x_wconf 84' lang='grc' dir='ltr'>ὀνόμασιν</span> <span class='ocrx_word' id='word_1_389' title='bbox 1758 3898 1772 3913; x_wconf 78' lang='grc' dir='ltr'><strong>ο</strong></span> 
     </span>
    </p>
   </div>
   <div class='ocr_carea' id='block_1_56' title="bbox 187 3974 1773 4053">
    <p class='ocr_par' dir='ltr' id='par_1_56' title="bbox 187 3974 1773 4053">
     <span class='ocr_line' id='line_1_56' title="bbox 187 3974 1773 4053; baseline -0.008 -14"><span class='ocrx_word' id='word_1_390' title='bbox 187 3986 308 4039; x_wconf 78' lang='grc' dir='ltr'><strong>ἀπὸ</strong></span> <span class='ocrx_word' id='word_1_391' title='bbox 337 3984 711 4053; x_wconf 84' lang='grc' dir='ltr'>πριμικηρὶων</span> <span class='ocrx_word' id='word_1_392' title='bbox 734 3980 792 4033; x_wconf 69' lang='grc' dir='ltr'>δὲ</span> <span class='ocrx_word' id='word_1_393' title='bbox 812 3979 909 4051; x_wconf 80' lang='grc' dir='ltr'>τὴν</span> <span class='ocrx_word' id='word_1_394' title='bbox 931 3979 1108 4045; x_wconf 79' lang='grc' dir='ltr'>ἀξίαν,</span> <span class='ocrx_word' id='word_1_395' title='bbox 1135 3974 1199 4051; x_wconf 79' lang='grc' dir='ltr'>ἧς</span> <span class='ocrx_word' id='word_1_396' title='bbox 1220 3978 1305 4031; x_wconf 82' lang='grc' dir='ltr'>διὰ</span> <span class='ocrx_word' id='word_1_397' title='bbox 1332 3977 1419 4029; x_wconf 76' lang='grc' dir='ltr'><strong>τὸν</strong></span> <span class='ocrx_word' id='word_1_398' title='bbox 1444 3979 1520 4037; x_wconf 83' lang='grc' dir='ltr'><strong>είς</strong></span> <span class='ocrx_word' id='word_1_399' title='bbox 1542 3974 1773 4043; x_wconf 83' lang='grc' dir='ltr'>Χριστὸν</span> 
     </span>
    </p>
   </div>
   <div class='ocr_carea' id='block_1_57' title="bbox 187 4068 1770 4146">
    <p class='ocr_par' dir='ltr' id='par_1_57' title="bbox 187 4068 1770 4146">
     <span class='ocr_line' id='line_1_57' title="bbox 187 4068 1770 4146; baseline -0.007 -16"><span class='ocrx_word' id='word_1_400' title='bbox 187 4078 367 4131; x_wconf 67' lang='grc' dir='ltr'><strong>1πόθον</strong></span> <span class='ocrx_word' id='word_1_401' title='bbox 385 4075 818 4146; x_wconf 82' lang='grc' dir='ltr'>ἀπεληλαμένος,</span> <span class='ocrx_word' id='word_1_402' title='bbox 838 4076 895 4125; x_wconf 86' lang='grc' dir='ltr'>ὲν</span> <span class='ocrx_word' id='word_1_403' title='bbox 911 4075 976 4143; x_wconf 77' lang='grc' dir='ltr'>τῇ</span> <span class='ocrx_word' id='word_1_404' title='bbox 996 4073 1106 4125; x_wconf 75' lang='grc' dir='ltr'><strong>τῶν</strong></span> <span class='ocrx_word' id='word_1_405' title='bbox 1126 4073 1382 4144; x_wconf 80' lang='grc' dir='ltr'>κυμήτων</span> <span class='ocrx_word' id='word_1_406' title='bbox 1400 4068 1737 4137; x_wconf 79' lang='grc' dir='ltr'>ὑπεϐιϐάσθη</span> <span class='ocrx_word' id='word_1_407' title='bbox 1759 4083 1770 4096; x_wconf 87' lang='grc'><em>’</em></span> 
     </span>
    </p>
   </div>
   <div class='ocr_carea' id='block_1_58' title="bbox 187 4161 1777 4242">
    <p class='ocr_par' dir='ltr' id='par_1_58' title="bbox 187 4161 1777 4242">
     <span class='ocr_line' id='line_1_58' title="bbox 187 4161 1777 4242; baseline -0.006 -19"><span class='ocrx_word' id='word_1_408' title='bbox 187 4169 298 4223; x_wconf 74' lang='grc' dir='ltr'><strong>καὶ</strong></span> <span class='ocrx_word' id='word_1_409' title='bbox 322 4168 522 4242; x_wconf 81' lang='grc' dir='ltr'>ταύτης</span> <span class='ocrx_word' id='word_1_410' title='bbox 550 4169 606 4223; x_wconf 71' lang='grc' dir='ltr'>δὲ</span> <span class='ocrx_word' id='word_1_411' title='bbox 641 4168 715 4239; x_wconf 79' lang='grc' dir='ltr'>μὴ</span> <span class='ocrx_word' id='word_1_412' title='bbox 743 4166 943 4238; x_wconf 79' lang='grc' dir='ltr'>τυχὼν,</span> <span class='ocrx_word' id='word_1_413' title='bbox 972 4165 1228 4239; x_wconf 78' lang='grc' dir='ltr'>ἔστερξεν</span> <span class='ocrx_word' id='word_1_414' title='bbox 1257 4166 1325 4220; x_wconf 83' lang='grc' dir='ltr'><strong>ἂν</strong></span> <span class='ocrx_word' id='word_1_415' title='bbox 1351 4164 1430 4236; x_wconf 82' lang='grc' dir='ltr'>τῷ</span> <span class='ocrx_word' id='word_1_416' title='bbox 1456 4161 1777 4232; x_wconf 83' lang='grc' dir='ltr'>ποθουμένῳ</span> 
     </span>
    </p>
   </div>
   <div class='ocr_carea' id='block_1_59' title="bbox 190 4256 1777 4335">
    <p class='ocr_par' dir='ltr' id='par_1_59' title="bbox 190 4256 1777 4335">
     <span class='ocr_line' id='line_1_59' title="bbox 190 4256 1777 4335; baseline -0.005 -20"><span class='ocrx_word' id='word_1_417' title='bbox 190 4263 352 4335; x_wconf 82' lang='grc' dir='ltr'>μόνῳ</span> <span class='ocrx_word' id='word_1_418' title='bbox 400 4261 914 4333; x_wconf 82' lang='grc' dir='ltr'>παρακαλούμενος.</span> <span class='ocrx_word' id='word_1_419' title='bbox 964 4261 1247 4331; x_wconf 83' lang='grc' dir='ltr'>Μηνύεται</span> <span class='ocrx_word' id='word_1_420' title='bbox 1283 4258 1339 4315; x_wconf 82' lang='grc' dir='ltr'>δὲ</span> <span class='ocrx_word' id='word_1_421' title='bbox 1374 4258 1434 4310; x_wconf 79' lang='lat' dir='ltr'><strong>rb</strong></span> <span class='ocrx_word' id='word_1_422' title='bbox 1474 4256 1777 4327; x_wconf 82' lang='grc' dir='ltr'>τηνικαῦτα</span> 
     </span>
    </p>
   </div>
   <div class='ocr_carea' id='block_1_60' title="bbox 184 4348 1777 4425">
    <p class='ocr_par' dir='ltr' id='par_1_60' title="bbox 184 4348 1777 4425">
     <span class='ocr_line' id='line_1_60' title="bbox 184 4348 1777 4425; baseline -0.006 -16"><span class='ocrx_word' id='word_1_423' title='bbox 184 4356 508 4425; x_wconf 76' lang='grc' dir='ltr'>Μελιτηνῆς</span> <span class='ocrx_word' id='word_1_424' title='bbox 542 4354 771 4423; x_wconf 73' lang='grc' dir='ltr'>ἡγεμόνι</span> <span class='ocrx_word' id='word_1_425' title='bbox 799 4372 812 4385; x_wconf 72' lang='grc' dir='ltr'><strong>ο</strong></span> <span class='ocrx_word' id='word_1_426' title='bbox 852 4354 911 4419; x_wconf 84' lang='grc' dir='ltr'>ὃς</span> <span class='ocrx_word' id='word_1_427' title='bbox 960 4354 1143 4425; x_wconf 75' lang='grc' dir='ltr'>ἐπειδὴ</span> <span class='ocrx_word' id='word_1_428' title='bbox 1174 4352 1243 4406; x_wconf 75' lang='grc' dir='ltr'>τὰ</span> <span class='ocrx_word' id='word_1_429' title='bbox 1282 4352 1411 4421; x_wconf 71' lang='grc' dir='ltr'>περὶ</span> <span class='ocrx_word' id='word_1_430' title='bbox 1447 4350 1543 4403; x_wconf 83' lang='grc' dir='ltr'>τοῦ</span> <span class='ocrx_word' id='word_1_431' title='bbox 1584 4348 1777 4419; x_wconf 81' lang='grc' dir='ltr'>ἀνδρὸς</span> 
     </span>
    </p>
   </div>
   <div class='ocr_carea' id='block_1_61' title="bbox 186 4442 1849 4521">
    <p class='ocr_par' dir='ltr' id='par_1_61' title="bbox 186 4442 1849 4521">
     <span class='ocr_line' id='line_1_61' title="bbox 186 4442 1849 4521; baseline -0.005 -21"><span class='ocrx_word' id='word_1_432' title='bbox 186 4450 411 4501; x_wconf 73' lang='grc' dir='ltr'>ἕκαστα</span> <span class='ocrx_word' id='word_1_433' title='bbox 450 4447 787 4517; x_wconf 82' lang='grc' dir='ltr'>μεμαθήκοι,</span> <span class='ocrx_word' id='word_1_434' title='bbox 818 4448 943 4507; x_wconf 84' lang='grc' dir='ltr'>τοὺς</span> <span class='ocrx_word' id='word_1_435' title='bbox 977 4447 1205 4510; x_wconf 77' lang='grc' dir='ltr'>ἄξοντας</span> <span class='ocrx_word' id='word_1_436' title='bbox 1239 4445 1402 4494; x_wconf 82' lang='grc' dir='ltr'>αὑτὸν</span> <span class='ocrx_word' id='word_1_437' title='bbox 1429 4442 1771 4513; x_wconf 81' lang='grc' dir='ltr'>παραχρῆμα</span> <span class='ocrx_word' id='word_1_438' title='bbox 1807 4467 1849 4521; x_wconf 79' lang='lat' dir='ltr'><strong>D</strong></span> 
     </span>
    </p>
   </div>
   <div class='ocr_carea' id='block_1_62' title="bbox 183 4533 1777 4607">
    <p class='ocr_par' dir='ltr' id='par_1_62' title="bbox 183 4533 1777 4607">
     <span class='ocr_line' id='line_1_62' title="bbox 183 4533 1777 4607; baseline -0.004 -16"><span class='ocrx_word' id='word_1_439' title='bbox 183 4539 494 4606; x_wconf 79' lang='grc' dir='ltr'>ἐκπέμπει.</span> <span class='ocrx_word' id='word_1_440' title='bbox 556 4537 728 4589; x_wconf 82' lang='grc' dir='ltr'>Τοῦτο</span> <span class='ocrx_word' id='word_1_441' title='bbox 777 4536 833 4591; x_wconf 81' lang='grc' dir='ltr'><strong>δὲ</strong></span> <span class='ocrx_word' id='word_1_442' title='bbox 887 4538 964 4607; x_wconf 79' lang='grc' dir='ltr'>μὴ</span> <span class='ocrx_word' id='word_1_443' title='bbox 1014 4535 1104 4590; x_wconf 81' lang='grc' dir='ltr'><strong>τὸν</strong></span> <span class='ocrx_word' id='word_1_444' title='bbox 1150 4534 1399 4597; x_wconf 75' lang='grc' dir='ltr'>Εὑδόξιον</span> <span class='ocrx_word' id='word_1_445' title='bbox 1444 4533 1630 4597; x_wconf 85' lang='grc' dir='ltr'>λαθὸν,</span> <span class='ocrx_word' id='word_1_446' title='bbox 1687 4533 1777 4586; x_wconf 79' lang='grc' dir='ltr'>εὑ-</span> 
     </span>
    </p>
   </div>
   <div class='ocr_carea' id='block_1_63' title="bbox 182 4628 1774 4704">
    <p class='ocr_par' dir='ltr' id='par_1_63' title="bbox 182 4628 1774 4704">
     <span class='ocr_line' id='line_1_63' title="bbox 182 4628 1774 4704; baseline -0.004 -19"><span class='ocrx_word' id='word_1_447' title='bbox 182 4632 519 4704; x_wconf 73' lang='grc' dir='ltr'>τελεστέραν</span> <span class='ocrx_word' id='word_1_448' title='bbox 551 4631 909 4702; x_wconf 76' lang='grc' dir='ltr'>περιθέμενο,</span> <span class='ocrx_word' id='word_1_449' title='bbox 935 4630 1035 4701; x_wconf 82' lang='grc' dir='ltr'>τὴν</span> <span class='ocrx_word' id='word_1_450' title='bbox 1061 4628 1273 4701; x_wconf 76' lang='grc' dir='ltr'>στολὴν,</span> <span class='ocrx_word' id='word_1_451' title='bbox 1299 4629 1385 4682; x_wconf 80' lang='grc' dir='ltr'><strong>ἵνα</strong></span> <span class='ocrx_word' id='word_1_452' title='bbox 1412 4628 1486 4699; x_wconf 82' lang='grc' dir='ltr'><strong>μὴ</strong></span> <span class='ocrx_word' id='word_1_453' title='bbox 1511 4628 1659 4692; x_wconf 83' lang='grc' dir='ltr'>ὅστις</span> <span class='ocrx_word' id='word_1_454' title='bbox 1689 4629 1774 4695; x_wconf 81' lang='grc' dir='ltr'><strong>εἴη</strong></span> 
     </span>
    </p>
   </div>
   <div class='ocr_carea' id='block_1_64' title="bbox 181 4722 1771 4794">
    <p class='ocr_par' dir='ltr' id='par_1_64' title="bbox 181 4722 1771 4794">
     <span class='ocr_line' id='line_1_64' title="bbox 181 4722 1771 4794; baseline -0.001 -18"><span class='ocrx_word' id='word_1_455' title='bbox 181 4724 433 4793; x_wconf 73' lang='grc' dir='ltr'>φανερὸς</span> <span class='ocrx_word' id='word_1_456' title='bbox 486 4725 716 4793; x_wconf 70' lang='grc' dir='ltr'>γένοιτο,</span> <span class='ocrx_word' id='word_1_457' title='bbox 768 4722 1123 4794; x_wconf 71' lang='grc' dir='ltr'>ἐμφανίζεται</span> <span class='ocrx_word' id='word_1_458' title='bbox 1156 4727 1268 4784; x_wconf 85' lang='grc' dir='ltr'>τοῖς</span> <span class='ocrx_word' id='word_1_459' title='bbox 1320 4722 1771 4792; x_wconf 81' lang='grc' dir='ltr'>ἀπεσταλμένοις.</span> 
     </span>
    </p>
   </div>
   <div class='ocr_carea' id='block_1_65' title="bbox 178 4813 1775 4887">
    <p class='ocr_par' dir='ltr' id='par_1_65' title="bbox 178 4813 1775 4887">
     <span class='ocr_line' id='line_1_65' title="bbox 178 4813 1775 4887; baseline -0.001 -19"><span class='ocrx_word' id='word_1_460' title='bbox 178 4817 546 4885; x_wconf 81' lang='grc' dir='ltr'>Ἐντυχόντες</span> <span class='ocrx_word' id='word_1_461' title='bbox 588 4813 769 4869; x_wconf 84' lang='grc' dir='ltr'>τοίνυν</span> <span class='ocrx_word' id='word_1_462' title='bbox 831 4816 1012 4875; x_wconf 76' lang='grc' dir='ltr'>αὐτοῖς</span> <span class='ocrx_word' id='word_1_463' title='bbox 1073 4813 1218 4887; x_wconf 85' lang='lat' dir='ltr'><strong>[imo</strong></span> <span class='ocrx_word' id='word_1_464' title='bbox 1248 4815 1418 4886; x_wconf 82' lang='grc' dir='ltr'>αὐτῷ]</span> <span class='ocrx_word' id='word_1_465' title='bbox 1468 4817 1561 4868; x_wconf 74' lang='grc' dir='ltr'><strong>καὶ</strong></span> <span class='ocrx_word' id='word_1_466' title='bbox 1611 4820 1775 4885; x_wconf 79' lang='grc' dir='ltr'>μήπω</span> 
     </span>
    </p>
   </div>
   <div class='ocr_carea' id='block_1_66' title="bbox 175 4907 1771 4981">
    <p class='ocr_par' dir='ltr' id='par_1_66' title="bbox 175 4907 1771 4981">
     <span class='ocr_line' id='line_1_66' title="bbox 175 4907 1771 4981; baseline -0.002 -20"><span class='ocrx_word' id='word_1_467' title='bbox 175 4909 385 4962; x_wconf 77' lang='grc' dir='ltr'>τοῦτον</span> <span class='ocrx_word' id='word_1_468' title='bbox 419 4913 625 4965; x_wconf 82' lang='grc' dir='ltr'>ἐκεῖνον</span> <span class='ocrx_word' id='word_1_469' title='bbox 658 4910 797 4965; x_wconf 78' lang='grc' dir='ltr'>εἶναι</span> <span class='ocrx_word' id='word_1_470' title='bbox 840 4911 1183 4981; x_wconf 77' lang='grc' dir='ltr'>νομίσαντες,</span> <span class='ocrx_word' id='word_1_471' title='bbox 1224 4909 1332 4980; x_wconf 82' lang='grc' dir='ltr'>ὅπη</span> <span class='ocrx_word' id='word_1_472' title='bbox 1363 4909 1470 4980; x_wconf 79' lang='grc' dir='ltr'>ἄρα</span> <span class='ocrx_word' id='word_1_473' title='bbox 1504 4907 1771 4978; x_wconf 85' lang='grc' dir='ltr'>διατρίϐοι</span> 
     </span>
    </p>
   </div>
   <div class='ocr_carea' id='block_1_67' title="bbox 174 5002 1769 5076">
    <p class='ocr_par' dir='ltr' id='par_1_67' title="bbox 174 5002 1769 5076">
     <span class='ocr_line' id='line_1_67' title="bbox 174 5002 1769 5076; baseline -0.003 -18"><span class='ocrx_word' id='word_1_474' title='bbox 174 5009 215 5060; x_wconf 84' lang='grc' dir='ltr'>ὁ</span> <span class='ocrx_word' id='word_1_475' title='bbox 265 5005 442 5076; x_wconf 79' lang='grc' dir='ltr'>κόμης</span> <span class='ocrx_word' id='word_1_476' title='bbox 480 5004 749 5075; x_wconf 72' lang='grc' dir='ltr'>Εὐδόξιος,</span> <span class='ocrx_word' id='word_1_477' title='bbox 792 5004 995 5063; x_wconf 80' lang='grc' dir='ltr'>εὐθέως</span> <span class='ocrx_word' id='word_1_478' title='bbox 1037 5002 1283 5072; x_wconf 74' lang='grc' dir='ltr'>ἠρώτων.</span> <span class='ocrx_word' id='word_1_479' title='bbox 1346 5002 1404 5055; x_wconf 85' lang='grc' dir='ltr'>Ὀ</span> <span class='ocrx_word' id='word_1_480' title='bbox 1434 5002 1524 5054; x_wconf 84' lang='grc' dir='ltr'><strong>δέ·</strong></span> <span class='ocrx_word' id='word_1_481' title='bbox 1573 5002 1638 5053; x_wconf 83' lang='grc' dir='ltr'>Εἰ</span> <span class='ocrx_word' id='word_1_482' title='bbox 1680 5018 1769 5069; x_wconf 90' lang='grc' dir='ltr'><strong>μοι</strong></span> 
     </span>
    </p>
   </div>
   <div class='ocr_carea' id='block_1_68' title="bbox 175 5092 1769 5168">
    <p class='ocr_par' dir='ltr' id='par_1_68' title="bbox 175 5092 1769 5168">
     <span class='ocr_line' id='line_1_68' title="bbox 175 5092 1769 5168; baseline -0.005 -17"><span class='ocrx_word' id='word_1_483' title='bbox 175 5097 495 5168; x_wconf 76' lang='grc' dir='ltr'>παρε&gt;.θεῖν“</span> <span class='ocrx_word' id='word_1_484' title='bbox 533 5097 815 5167; x_wconf 75' lang='grc' dir='ltr'>ἐθελήσετε</span> <span class='ocrx_word' id='word_1_485' title='bbox 854 5098 932 5160; x_wconf 84' lang='grc' dir='ltr'><strong>είς</strong></span> <span class='ocrx_word' id='word_1_486' title='bbox 972 5095 1068 5166; x_wconf 82' lang='grc' dir='ltr'>τὴν</span> <span class='ocrx_word' id='word_1_487' title='bbox 1130 5094 1332 5161; x_wconf 86' lang='grc' dir='ltr'>στάγην</span> <span class='ocrx_word' id='word_1_488' title='bbox 1387 5092 1460 5163; x_wconf 82' lang='grc' dir='ltr'>[ι.</span> <span class='ocrx_word' id='word_1_489' title='bbox 1521 5092 1769 5164; x_wconf 81' lang='grc' dir='ltr'>στέγην],</span> 
     </span>
    </p>
   </div>
   <div class='ocr_carea' id='block_1_69' title="bbox 173 5184 1769 5262">
    <p class='ocr_par' dir='ltr' id='par_1_69' title="bbox 173 5184 1769 5262">
     <span class='ocr_line' id='line_1_69' title="bbox 173 5184 1769 5262; baseline -0.004 -20"><span class='ocrx_word' id='word_1_490' title='bbox 173 5194 529 5262; x_wconf 78' lang='grc' dir='ltr'>ἡμερώτατα</span> <span class='ocrx_word' id='word_1_491' title='bbox 560 5191 697 5261; x_wconf 61' lang='grc' dir='ltr'>πρὶς</span> <span class='ocrx_word' id='word_1_492' title='bbox 728 5192 923 5252; x_wconf 53' lang='grc' dir='ltr'>αὐτοις</span> <span class='ocrx_word' id='word_1_493' title='bbox 960 5190 1086 5259; x_wconf 79' lang='grc' dir='ltr'>ἔφη,</span> <span class='ocrx_word' id='word_1_494' title='bbox 1128 5188 1223 5240; x_wconf 74' lang='grc' dir='ltr'><strong>καὶ</strong></span> <span class='ocrx_word' id='word_1_495' title='bbox 1256 5186 1427 5257; x_wconf 77' lang='grc' dir='ltr'>βραχὺ</span> <span class='ocrx_word' id='word_1_496' title='bbox 1461 5184 1551 5238; x_wconf 80' lang='grc' dir='ltr'><strong>τὸν</strong></span> <span class='ocrx_word' id='word_1_497' title='bbox 1581 5187 1645 5237; x_wconf 79' lang='grc' dir='ltr'>ὲκ</span> <span class='ocrx_word' id='word_1_498' title='bbox 1675 5185 1769 5252; x_wconf 75' lang='grc' dir='ltr'>τῆς</span> 
     </span>
    </p>
   </div>
   <div class='ocr_carea' id='block_1_70' title="bbox 171 5276 1769 5349">
    <p class='ocr_par' dir='ltr' id='par_1_70' title="bbox 171 5276 1769 5349">
     <span class='ocr_line' id='line_1_70' title="bbox 171 5276 1769 5349; baseline -0.008 -10"><span class='ocrx_word' id='word_1_499' title='bbox 171 5283 313 5339; x_wconf 74' lang='grc' dir='ltr'>ὁδοῦ</span> <span class='ocrx_word' id='word_1_500' title='bbox 366 5286 534 5337; x_wconf 85' lang='grc' dir='ltr'>κόπον</span> <span class='ocrx_word' id='word_1_501' title='bbox 582 5279 970 5341; x_wconf 51' lang='grc' dir='ltr'>διαναπαῦσαι,</span> <span class='ocrx_word' id='word_1_502' title='bbox 1018 5280 1112 5331; x_wconf 77' lang='grc' dir='ltr'>καὶ</span> <span class='ocrx_word' id='word_1_503' title='bbox 1163 5281 1443 5349; x_wconf 73' lang='grc' dir='ltr'>τραπέζης</span> <span class='ocrx_word' id='word_1_504' title='bbox 1490 5278 1583 5330; x_wconf 77' lang='grc' dir='ltr'>καὶ</span> <span class='ocrx_word' id='word_1_505' title='bbox 1627 5276 1769 5328; x_wconf 80' lang='grc' dir='ltr'>ἁλῶν</span> 
     </span>
    </p>
   </div>
   <div class='ocr_carea' id='block_1_71' title="bbox 170 5367 1652 5443">
    <p class='ocr_par' dir='ltr' id='par_1_71' title="bbox 170 5367 1652 5443">
     <span class='ocr_line' id='line_1_71' title="bbox 170 5367 1652 5443; baseline -0.008 -10"><span class='ocrx_word' id='word_1_506' title='bbox 170 5374 546 5443; x_wconf 80' lang='grc' dir='ltr'>κοινωνῆσαι,</span> <span class='ocrx_word' id='word_1_507' title='bbox 584 5372 693 5442; x_wconf 71' lang='grc' dir='ltr'><strong>ἐγὼ</strong></span> <span class='ocrx_word' id='word_1_508' title='bbox 723 5372 854 5442; x_wconf 83' lang='grc' dir='ltr'>ὑμῖν</span> <span class='ocrx_word' id='word_1_509' title='bbox 877 5370 967 5425; x_wconf 84' lang='grc' dir='ltr'><strong>τὸν</strong></span> <span class='ocrx_word' id='word_1_510' title='bbox 1002 5369 1337 5441; x_wconf 76' lang='grc' dir='ltr'>ζητούμενον</span> <span class='ocrx_word' id='word_1_511' title='bbox 1371 5367 1652 5432; x_wconf 78' lang='grc' dir='ltr'>ὑποδείξω.</span> 
     </span>
    </p>
   </div>
   <div class='ocr_carea' id='block_1_72' title="bbox 263 5611 1769 5695">
    <p class='ocr_par' dir='ltr' id='par_1_72' title="bbox 263 5611 1769 5695">
     <span class='ocr_line' id='line_1_72' title="bbox 263 5611 1769 5695; baseline -0.003 -24"><span class='ocrx_word' id='word_1_512' title='bbox 263 5614 1038 5695; x_wconf 52' lang='lat' dir='ltr'><strong>(6)5nnortimseilicetti”.</strong></span> <span class='ocrx_word' id='word_1_513' title='bbox 1101 5613 1370 5695; x_wconf 71' lang='lat' dir='ltr'><strong>Traianus</strong></span> <span class='ocrx_word' id='word_1_514' title='bbox 1430 5612 1577 5695; x_wconf 78' lang='lat' dir='ltr'><strong>enim</strong></span> <span class='ocrx_word' id='word_1_515' title='bbox 1635 5611 1769 5667; x_wconf 90' lang='lat' dir='ltr'><strong>obiit</strong></span> 
     </span>
    </p>
   </div>
   <div class='ocr_carea' id='block_1_73' title="bbox 169 5686 1769 5755">
    <p class='ocr_par' dir='ltr' id='par_1_73' title="bbox 169 5686 1769 5755">
     <span class='ocr_line' id='line_1_73' title="bbox 169 5686 1769 5755; baseline -0.008 -7"><span class='ocrx_word' id='word_1_516' title='bbox 169 5686 338 5748; x_wconf 75' lang='lat' dir='ltr'><strong>anno</strong></span> <span class='ocrx_word' id='word_1_517' title='bbox 356 5686 554 5744; x_wconf 77' lang='lat' dir='ltr'><strong>Christi</strong></span> <span class='ocrx_word' id='word_1_518' title='bbox 591 5686 715 5751; x_wconf 74' lang='lat'><strong>“&#39;1,</strong></span> <span class='ocrx_word' id='word_1_519' title='bbox 742 5686 1107 5743; x_wconf 87' lang='lat' dir='ltr'><strong>Diocletianus</strong></span> <span class='ocrx_word' id='word_1_520' title='bbox 1130 5701 1258 5740; x_wconf 91' lang='lat' dir='ltr'><strong>vero</strong></span> <span class='ocrx_word' id='word_1_521' title='bbox 1275 5686 1560 5755; x_wconf 90' lang='lat' dir='ltr'><strong>imperium</strong></span> <span class='ocrx_word' id='word_1_522' title='bbox 1580 5696 1769 5740; x_wconf 81' lang='lat' dir='ltr'><strong>susce-</strong></span> 
     </span>
    </p>
   </div>
   <div class='ocr_carea' id='block_1_74' title="bbox 173 5755 1539 5839">
    <p class='ocr_par' dir='ltr' id='par_1_74' title="bbox 173 5755 1539 5839">
     <span class='ocr_line' id='line_1_74' title="bbox 173 5755 1539 5839; baseline 0.001 -4"><span class='ocrx_word' id='word_1_523' title='bbox 173 5755 631 5839; x_wconf 14' lang='lat' dir='ltr'><strong>piltjtnﬂttma</strong></span> <span class='ocrx_word' id='word_1_524' title='bbox 716 5826 728 5839; x_wconf 94' lang='lat'><strong>.</strong></span> <span class='ocrx_word' id='word_1_525' title='bbox 884 5835 893 5839; x_wconf 89' lang='lat'>_</span> <span class='ocrx_word' id='word_1_526' title='bbox 967 5825 979 5839; x_wconf 93' lang='lat'><strong>.</strong></span> <span class='ocrx_word' id='word_1_527' title='bbox 1162 5824 1185 5839; x_wconf 89' lang='lat'><strong>.</strong></span> <span class='ocrx_word' id='word_1_528' title='bbox 1253 5824 1285 5839; x_wconf 88' lang='lat'><strong>_.</strong></span> <span class='ocrx_word' id='word_1_529' title='bbox 1443 5824 1456 5839; x_wconf 93' lang='lat'><strong>.</strong></span> <span class='ocrx_word' id='word_1_530' title='bbox 1528 5824 1539 5836; x_wconf 94' lang='lat'><strong>.</strong></span> 
     </span>
    </p>
   </div>
   <div class='ocr_carea' id='block_1_75' title="bbox 260 5824 1757 5901">
    <p class='ocr_par' dir='ltr' id='par_1_75' title="bbox 260 5824 1757 5901">
     <span class='ocr_line' id='line_1_75' title="bbox 260 5824 1757 5901; baseline -0.006 -14"><span class='ocrx_word' id='word_1_531' title='bbox 260 5827 578 5901; x_wconf 80' lang='lat' dir='ltr'><strong>(7)Crimen</strong></span> <span class='ocrx_word' id='word_1_532' title='bbox 604 5826 729 5897; x_wconf 83' lang='lat' dir='ltr'><strong>Apri</strong></span> <span class='ocrx_word' id='word_1_533' title='bbox 763 5825 1017 5897; x_wconf 83' lang='lat' dir='ltr'><strong>praetorio</strong></span> <span class='ocrx_word' id='word_1_534' title='bbox 1046 5824 1309 5897; x_wconf 56' lang='lat' dir='ltr'><strong>praefecti,</strong></span> <span class='ocrx_word' id='word_1_535' title='bbox 1366 5824 1459 5895; x_wconf 85' lang='lat' dir='ltr'><strong>qui</strong></span> <span class='ocrx_word' id='word_1_536' title='bbox 1526 5824 1757 5895; x_wconf 86' lang='lat' dir='ltr'><strong>imperio</strong></span> 
     </span>
    </p>
   </div>
   <div class='ocr_carea' id='block_1_76' title="bbox 1958 2318 3463 2405">
    <p class='ocr_par' dir='ltr' id='par_1_76' title="bbox 1958 2318 3463 2405">
     <span class='ocr_line' id='line_1_76' title="bbox 1958 2318 3463 2405; baseline 0.013 -34"><span class='ocrx_word' id='word_1_537' title='bbox 1958 2318 2022 2373; x_wconf 77' lang='grc' dir='ltr'>ν.</span> <span class='ocrx_word' id='word_1_538' title='bbox 2053 2318 2187 2376; x_wconf 90' lang='lat' dir='ltr'><strong>Cum</strong></span> <span class='ocrx_word' id='word_1_539' title='bbox 2203 2322 2431 2379; x_wconf 91' lang='lat' dir='ltr'><strong>multum</strong></span> <span class='ocrx_word' id='word_1_540' title='bbox 2447 2334 2624 2381; x_wconf 90' lang='lat' dir='ltr'><strong>autem</strong></span> <span class='ocrx_word' id='word_1_541' title='bbox 2644 2329 3037 2388; x_wconf 78' lang='lat' dir='ltr'><strong>intercessisset</strong></span> <span class='ocrx_word' id='word_1_542' title='bbox 3076 2335 3335 2403; x_wconf 88' lang='lat' dir='ltr'><strong>temporis</strong></span> <span class='ocrx_word' id='word_1_543' title='bbox 3364 2334 3463 2405; x_wconf 79' lang='lat'><strong>(6),</strong></span> 
     </span>
    </p>
   </div>
   <div class='ocr_carea' id='block_1_77' title="bbox 1889 2407 3468 2499">
    <p class='ocr_par' dir='ltr' id='par_1_77' title="bbox 1889 2407 3468 2499">
     <span class='ocr_line' id='line_1_77' title="bbox 1889 2407 3468 2499; baseline 0.011 -33"><span class='ocrx_word' id='word_1_544' title='bbox 1889 2407 2273 2470; x_wconf 86' lang='lat' dir='ltr'><strong>Diocletianus</strong></span> <span class='ocrx_word' id='word_1_545' title='bbox 2301 2417 2522 2486; x_wconf 88' lang='lat' dir='ltr'><strong>quidem</strong></span> <span class='ocrx_word' id='word_1_546' title='bbox 2578 2422 2841 2491; x_wconf 82' lang='lat' dir='ltr'><strong>sanguine</strong></span> <span class='ocrx_word' id='word_1_547' title='bbox 2907 2416 3166 2480; x_wconf 78' lang='lat' dir='ltr'><strong>iniestino</strong></span> <span class='ocrx_word' id='word_1_548' title='bbox 3198 2436 3251 2482; x_wconf 90' lang='lat' dir='ltr'><strong>et</strong></span> <span class='ocrx_word' id='word_1_549' title='bbox 3284 2438 3468 2499; x_wconf 80' lang='lat' dir='ltr'><strong>tyran-</strong></span> 
     </span>
    </p>
   </div>
   <div class='ocr_carea' id='block_1_78' title="bbox 1886 2505 3465 2588">
    <p class='ocr_par' dir='ltr' id='par_1_78' title="bbox 1886 2505 3465 2588">
     <span class='ocr_line' id='line_1_78' title="bbox 1886 2505 3465 2588; baseline 0.01 -30"><span class='ocrx_word' id='word_1_550' title='bbox 1886 2505 2011 2559; x_wconf 92' lang='lat' dir='ltr'><strong>nide</strong></span> <span class='ocrx_word' id='word_1_551' title='bbox 2042 2506 2249 2561; x_wconf 88' lang='lat' dir='ltr'><strong>invadit</strong></span> <span class='ocrx_word' id='word_1_552' title='bbox 2285 2509 2572 2578; x_wconf 89' lang='lat' dir='ltr'><strong>imperium</strong></span> <span class='ocrx_word' id='word_1_553' title='bbox 2608 2511 2707 2581; x_wconf 83' lang='lat'><strong>(7),</strong></span> <span class='ocrx_word' id='word_1_554' title='bbox 2734 2515 3013 2569; x_wconf 84' lang='lat' dir='ltr'><strong>contendit</strong></span> <span class='ocrx_word' id='word_1_555' title='bbox 3041 2525 3221 2570; x_wconf 88' lang='lat' dir='ltr'><strong>autem</strong></span> <span class='ocrx_word' id='word_1_556' title='bbox 3249 2533 3341 2571; x_wconf 90' lang='lat' dir='ltr'><strong>eos</strong></span> <span class='ocrx_word' id='word_1_557' title='bbox 3370 2522 3465 2588; x_wconf 86' lang='lat' dir='ltr'><strong>qui</strong></span> 
     </span>
    </p>
   </div>
   <div class='ocr_carea' id='block_1_79' title="bbox 1886 2603 3465 2674">
    <p class='ocr_par' dir='ltr' id='par_1_79' title="bbox 1886 2603 3465 2674">
     <span class='ocr_line' id='line_1_79' title="bbox 1886 2603 3465 2674; baseline 0.011 -27"><span class='ocrx_word' id='word_1_558' title='bbox 1886 2604 2278 2664; x_wconf 58' lang='lat' dir='ltr'><strong>praeesse-rant</strong></span> <span class='ocrx_word' id='word_1_559' title='bbox 2311 2607 2568 2668; x_wconf 79' lang='lat' dir='ltr'><strong>tyrannos</strong></span> <span class='ocrx_word' id='word_1_560' title='bbox 2600 2603 2923 2657; x_wconf 85' lang='lat' dir='ltr'><strong>crudelitate</strong></span> <span class='ocrx_word' id='word_1_561' title='bbox 2954 2620 3216 2674; x_wconf 87' lang='lat' dir='ltr'><strong>superare</strong></span> <span class='ocrx_word' id='word_1_562' title='bbox 3258 2619 3314 2661; x_wconf 89' lang='lat' dir='ltr'><strong>et</strong></span> <span class='ocrx_word' id='word_1_563' title='bbox 3362 2610 3465 2663; x_wconf 91' lang='lat' dir='ltr'><strong>im-</strong></span> 
     </span>
    </p>
   </div>
   <div class='ocr_carea' id='block_1_80' title="bbox 1904 2684 3465 2755">
    <p class='ocr_par' dir='ltr' id='par_1_80' title="bbox 1904 2684 3465 2755">
     <span class='ocr_line' id='line_1_80' title="bbox 1904 2684 3465 2755; baseline 0.012 -19"><span class='ocrx_word' id='word_1_564' title='bbox 1904 2684 2127 2755; x_wconf 87' lang='lat' dir='ltr'><strong>pietate,</strong></span> <span class='ocrx_word' id='word_1_565' title='bbox 2155 2696 2211 2741; x_wconf 90' lang='lat' dir='ltr'><strong>et</strong></span> <span class='ocrx_word' id='word_1_566' title='bbox 2240 2688 2529 2743; x_wconf 89' lang='lat' dir='ltr'><strong>ostendere</strong></span> <span class='ocrx_word' id='word_1_567' title='bbox 2574 2688 2792 2746; x_wconf 78' lang='lat' dir='ltr'><strong>illdrum</strong></span> <span class='ocrx_word' id='word_1_568' title='bbox 2844 2694 3103 2749; x_wconf 66' lang='lat' dir='ltr'><strong>saevitiam</strong></span> <span class='ocrx_word' id='word_1_569' title='bbox 3154 2695 3322 2753; x_wconf 76' lang='lat' dir='ltr'><strong>fuisse</strong></span> <span class='ocrx_word' id='word_1_570' title='bbox 3363 2700 3465 2754; x_wconf 82' lang='lat' dir='ltr'><strong>hu-</strong></span> 
     </span>
    </p>
   </div>
   <div class='ocr_carea' id='block_1_81' title="bbox 1890 2779 3463 2859">
    <p class='ocr_par' dir='ltr' id='par_1_81' title="bbox 1890 2779 3463 2859">
     <span class='ocr_line' id='line_1_81' title="bbox 1890 2779 3463 2859; baseline 0.006 -23"><span class='ocrx_word' id='word_1_571' title='bbox 1890 2779 2231 2852; x_wconf 82' lang='lat' dir='ltr'><strong>mauitatem.</strong></span> <span class='ocrx_word' id='word_1_572' title='bbox 2264 2779 2419 2836; x_wconf 90' lang='lat' dir='ltr'><strong>Unde</strong></span> <span class='ocrx_word' id='word_1_573' title='bbox 2452 2783 2612 2837; x_wconf 90' lang='lat' dir='ltr'><strong>etiam</strong></span> <span class='ocrx_word' id='word_1_574' title='bbox 2652 2785 2718 2840; x_wconf 91' lang='lat' dir='ltr'><strong>ad</strong></span> <span class='ocrx_word' id='word_1_575' title='bbox 2748 2801 2840 2840; x_wconf 92' lang='lat' dir='ltr'><strong>eos</strong></span> <span class='ocrx_word' id='word_1_576' title='bbox 2880 2786 2971 2855; x_wconf 93' lang='lat' dir='ltr'><strong>qui</strong></span> <span class='ocrx_word' id='word_1_577' title='bbox 3020 2788 3166 2843; x_wconf 91' lang='lat' dir='ltr'><strong>illius</strong></span> <span class='ocrx_word' id='word_1_578' title='bbox 3200 2794 3463 2859; x_wconf 87' lang='lat' dir='ltr'><strong>parebant</strong></span> 
     </span>
    </p>
   </div>
   <div class='ocr_carea' id='block_1_82' title="bbox 1889 2871 3465 2950">
    <p class='ocr_par' dir='ltr' id='par_1_82' title="bbox 1889 2871 3465 2950">
     <span class='ocr_line' id='line_1_82' title="bbox 1889 2871 3465 2950; baseline 0.009 -26"><span class='ocrx_word' id='word_1_579' title='bbox 1889 2871 2147 2940; x_wconf 89' lang='lat' dir='ltr'><strong>imperio,</strong></span> <span class='ocrx_word' id='word_1_580' title='bbox 2206 2873 2387 2928; x_wconf 90' lang='lat' dir='ltr'><strong>edicta</strong></span> <span class='ocrx_word' id='word_1_581' title='bbox 2427 2876 2721 2932; x_wconf 85' lang='lat' dir='ltr'><strong>veniebant</strong></span> <span class='ocrx_word' id='word_1_582' title='bbox 2779 2877 3114 2950; x_wconf 82' lang='lat' dir='ltr'><strong>frequentia,</strong></span> <span class='ocrx_word' id='word_1_583' title='bbox 3159 2890 3218 2935; x_wconf 93' lang='lat' dir='ltr'><strong>ut</strong></span> <span class='ocrx_word' id='word_1_584' title='bbox 3271 2898 3465 2938; x_wconf 86' lang='lat' dir='ltr'><strong>omnes</strong></span> 
     </span>
    </p>
   </div>
   <div class='ocr_carea' id='block_1_83' title="bbox 1885 2960 3459 3042">
    <p class='ocr_par' dir='ltr' id='par_1_83' title="bbox 1885 2960 3459 3042">
     <span class='ocr_line' id='line_1_83' title="bbox 1885 2960 3459 3042; baseline 0.011 -31"><span class='ocrx_word' id='word_1_585' title='bbox 1885 2960 1969 3013; x_wconf 87' lang='lat' dir='ltr'><strong>Vel</strong></span> <span class='ocrx_word' id='word_1_586' title='bbox 1999 2975 2121 3014; x_wconf 92' lang='lat' dir='ltr'><strong>cum</strong></span> <span class='ocrx_word' id='word_1_587' title='bbox 2159 2977 2226 3015; x_wconf 93' lang='lat' dir='ltr'><strong>eo</strong></span> <span class='ocrx_word' id='word_1_588' title='bbox 2274 2965 2716 3019; x_wconf 87' lang='lat' dir='ltr'><strong>communionem</strong></span> <span class='ocrx_word' id='word_1_589' title='bbox 2762 2967 3055 3037; x_wconf 87' lang='lat' dir='ltr'><strong>impietatis</strong></span> <span class='ocrx_word' id='word_1_590' title='bbox 3099 2972 3459 3042; x_wconf 84' lang='lat' dir='ltr'><strong>susciperent.</strong></span> 
     </span>
    </p>
   </div>
   <div class='ocr_carea' id='block_1_84' title="bbox 1882 3050 3459 3122">
    <p class='ocr_par' dir='ltr' id='par_1_84' title="bbox 1882 3050 3459 3122">
     <span class='ocr_line' id='line_1_84' title="bbox 1882 3050 3459 3122; baseline 0.01 -20"><span class='ocrx_word' id='word_1_591' title='bbox 1882 3050 1967 3104; x_wconf 91' lang='lat' dir='ltr'><strong>vel</strong></span> <span class='ocrx_word' id='word_1_592' title='bbox 2000 3065 2145 3104; x_wconf 89' lang='lat' dir='ltr'><strong>mors</strong></span> <span class='ocrx_word' id='word_1_593' title='bbox 2178 3061 2323 3106; x_wconf 91' lang='lat' dir='ltr'><strong>esset</strong></span> <span class='ocrx_word' id='word_1_594' title='bbox 2362 3054 2441 3106; x_wconf 89' lang='lat' dir='ltr'><strong>eis</strong></span> <span class='ocrx_word' id='word_1_595' title='bbox 2487 3069 2646 3122; x_wconf 75' lang='lat' dir='ltr'><strong>pcena</strong></span> <span class='ocrx_word' id='word_1_596' title='bbox 2701 3056 3105 3116; x_wconf 63' lang='lat' dir='ltr'><strong>inobedientias.</strong></span> <span class='ocrx_word' id='word_1_597' title='bbox 3161 3061 3459 3119; x_wconf 83' lang='lat' dir='ltr'><strong>Christiani</strong></span> 
     </span>
    </p>
   </div>
   <div class='ocr_carea' id='block_1_85' title="bbox 1807 3129 3461 3217">
    <p class='ocr_par' dir='ltr' id='par_1_85' title="bbox 1807 3129 3461 3217">
     <span class='ocr_line' id='line_1_85' title="bbox 1807 3129 3461 3217; baseline 0.006 -18"><span class='ocrx_word' id='word_1_598' title='bbox 1807 3129 1852 3190; x_wconf 72' lang='grc' dir='ltr'>ο</span> <span class='ocrx_word' id='word_1_599' title='bbox 1886 3145 2068 3215; x_wconf 85' lang='lat' dir='ltr'><strong>itaque</strong></span> <span class='ocrx_word' id='word_1_600' title='bbox 2098 3156 2322 3216; x_wconf 85' lang='lat' dir='ltr'><strong>propter</strong></span> <span class='ocrx_word' id='word_1_601' title='bbox 2358 3162 2556 3201; x_wconf 67' lang='lat' dir='ltr'><strong>saevam</strong></span> <span class='ocrx_word' id='word_1_602' title='bbox 2587 3158 2643 3201; x_wconf 90' lang='lat' dir='ltr'><strong>et</strong></span> <span class='ocrx_word' id='word_1_603' title='bbox 2674 3148 2967 3204; x_wconf 87' lang='lat' dir='ltr'><strong>immanem</strong></span> <span class='ocrx_word' id='word_1_604' title='bbox 2999 3152 3143 3207; x_wconf 89' lang='lat' dir='ltr'><strong>illius</strong></span> <span class='ocrx_word' id='word_1_605' title='bbox 3179 3155 3333 3217; x_wconf 84' lang='lat' dir='ltr'><strong>iram,</strong></span> <span class='ocrx_word' id='word_1_606' title='bbox 3369 3158 3461 3211; x_wconf 89' lang='lat' dir='ltr'><strong>alii</strong></span> 
     </span>
    </p>
   </div>
   <div class='ocr_carea' id='block_1_86' title="bbox 1880 3238 3466 3305">
    <p class='ocr_par' dir='ltr' id='par_1_86' title="bbox 1880 3238 3466 3305">
     <span class='ocr_line' id='line_1_86' title="bbox 1880 3238 3466 3305; baseline 0.01 -17"><span class='ocrx_word' id='word_1_607' title='bbox 1880 3238 2099 3305; x_wconf 85' lang='lat' dir='ltr'><strong>quidem</strong></span> <span class='ocrx_word' id='word_1_608' title='bbox 2139 3240 2412 3294; x_wconf 85' lang='lat' dir='ltr'><strong>malebant</strong></span> <span class='ocrx_word' id='word_1_609' title='bbox 2442 3256 2565 3294; x_wconf 90' lang='lat' dir='ltr'><strong>cum</strong></span> <span class='ocrx_word' id='word_1_610' title='bbox 2611 3240 2742 3295; x_wconf 78' lang='lat' dir='ltr'><strong>feris</strong></span> <span class='ocrx_word' id='word_1_611' title='bbox 2772 3242 3014 3297; x_wconf 76' lang='lat' dir='ltr'><strong>habitare</strong></span> <span class='ocrx_word' id='word_1_612' title='bbox 3052 3246 3105 3299; x_wconf 92' lang='lat' dir='ltr'><strong>in</strong></span> <span class='ocrx_word' id='word_1_613' title='bbox 3155 3249 3466 3304; x_wconf 84' lang='lat' dir='ltr'><strong>solitudini-</strong></span> 
     </span>
    </p>
   </div>
   <div class='ocr_carea' id='block_1_87' title="bbox 1880 3326 3465 3398">
    <p class='ocr_par' dir='ltr' id='par_1_87' title="bbox 1880 3326 3465 3398">
     <span class='ocr_line' id='line_1_87' title="bbox 1880 3326 3465 3398; baseline 0.008 -18"><span class='ocrx_word' id='word_1_614' title='bbox 1880 3326 2002 3393; x_wconf 89' lang='lat' dir='ltr'><strong>bus,</strong></span> <span class='ocrx_word' id='word_1_615' title='bbox 2038 3344 2198 3398; x_wconf 85' lang='lat' dir='ltr'><strong>quam</strong></span> <span class='ocrx_word' id='word_1_616' title='bbox 2231 3330 2392 3382; x_wconf 89' lang='lat' dir='ltr'><strong>simul</strong></span> <span class='ocrx_word' id='word_1_617' title='bbox 2419 3344 2541 3383; x_wconf 91' lang='lat' dir='ltr'><strong>cum</strong></span> <span class='ocrx_word' id='word_1_618' title='bbox 2572 3331 2920 3385; x_wconf 88' lang='lat' dir='ltr'><strong>hominibus:</strong></span> <span class='ocrx_word' id='word_1_619' title='bbox 2961 3333 3051 3389; x_wconf 84' lang='lat' dir='ltr'><strong>alii</strong></span> <span class='ocrx_word' id='word_1_620' title='bbox 3095 3346 3273 3390; x_wconf 85' lang='lat' dir='ltr'><strong>autem</strong></span> <span class='ocrx_word' id='word_1_621' title='bbox 3308 3354 3465 3393; x_wconf 84' lang='lat' dir='ltr'><strong>mon-</strong></span> 
     </span>
    </p>
   </div>
   <div class='ocr_carea' id='block_1_88' title="bbox 1883 3419 3463 3499">
    <p class='ocr_par' dir='ltr' id='par_1_88' title="bbox 1883 3419 3463 3499">
     <span class='ocr_line' id='line_1_88' title="bbox 1883 3419 3463 3499; baseline 0.009 -27"><span class='ocrx_word' id='word_1_622' title='bbox 1883 3426 1965 3473; x_wconf 88' lang='lat' dir='ltr'><strong>tes</strong></span> <span class='ocrx_word' id='word_1_623' title='bbox 1998 3428 2051 3474; x_wconf 90' lang='lat' dir='ltr'><strong>et</strong></span> <span class='ocrx_word' id='word_1_624' title='bbox 2103 3419 2390 3489; x_wconf 87' lang='lat' dir='ltr'><strong>speluncas</strong></span> <span class='ocrx_word' id='word_1_625' title='bbox 2434 3429 2489 3476; x_wconf 88' lang='lat' dir='ltr'><strong>et</strong></span> <span class='ocrx_word' id='word_1_626' title='bbox 2568 3436 2907 3492; x_wconf 78' lang='lat' dir='ltr'><strong>qua-cunque</strong></span> <span class='ocrx_word' id='word_1_627' title='bbox 2976 3425 3153 3481; x_wconf 88' lang='lat' dir='ltr'><strong>celare</strong></span> <span class='ocrx_word' id='word_1_628' title='bbox 3212 3439 3463 3499; x_wconf 87' lang='lat' dir='ltr'><strong>poterant</strong></span> 
     </span>
    </p>
   </div>
   <div class='ocr_carea' id='block_1_89' title="bbox 1882 3512 3458 3590">
    <p class='ocr_par' dir='ltr' id='par_1_89' title="bbox 1882 3512 3458 3590">
     <span class='ocr_line' id='line_1_89' title="bbox 1882 3512 3458 3590; baseline 0.009 -25"><span class='ocrx_word' id='word_1_629' title='bbox 1882 3512 2177 3567; x_wconf 88' lang='lat' dir='ltr'><strong>subeuntes</strong></span> <span class='ocrx_word' id='word_1_630' title='bbox 2220 3512 2546 3578; x_wconf 88' lang='lat' dir='ltr'><strong>studebant,</strong></span> <span class='ocrx_word' id='word_1_631' title='bbox 2587 3515 2766 3585; x_wconf 88' lang='lat' dir='ltr'><strong>quoad</strong></span> <span class='ocrx_word' id='word_1_632' title='bbox 2796 3519 2915 3587; x_wconf 89' lang='lat' dir='ltr'><strong>ejus</strong></span> <span class='ocrx_word' id='word_1_633' title='bbox 2945 3517 3060 3574; x_wconf 83' lang='lat' dir='ltr'><strong>ﬁeri</strong></span> <span class='ocrx_word' id='word_1_634' title='bbox 3105 3530 3337 3590; x_wconf 88' lang='lat' dir='ltr'><strong>poterat,</strong></span> <span class='ocrx_word' id='word_1_635' title='bbox 3377 3526 3458 3579; x_wconf 88' lang='lat' dir='ltr'><strong>vel</strong></span> 
     </span>
    </p>
   </div>
   <div class='ocr_carea' id='block_1_90' title="bbox 1880 3602 2482 3671">
    <p class='ocr_par' dir='ltr' id='par_1_90' title="bbox 1880 3602 2482 3671">
     <span class='ocr_line' id='line_1_90' title="bbox 1880 3602 2482 3671; baseline 0.018 -17"><span class='ocrx_word' id='word_1_636' title='bbox 1880 3602 2057 3671; x_wconf 85' lang='lat' dir='ltr'><strong>ipsum</strong></span> <span class='ocrx_word' id='word_1_637' title='bbox 2088 3604 2254 3658; x_wconf 90' lang='lat' dir='ltr'><strong>solem</strong></span> <span class='ocrx_word' id='word_1_638' title='bbox 2292 3605 2482 3665; x_wconf 87' lang='lat' dir='ltr'><strong>latere.</strong></span> 
     </span>
    </p>
   </div>
   <div class='ocr_carea' id='block_1_91' title="bbox 1952 3690 3460 3780">
    <p class='ocr_par' dir='ltr' id='par_1_91' title="bbox 1952 3690 3460 3780">
     <span class='ocr_line' id='line_1_91' title="bbox 1952 3690 3460 3780; baseline 0.015 -36"><span class='ocrx_word' id='word_1_639' title='bbox 1952 3690 2037 3747; x_wconf 84' lang='lat' dir='ltr'><strong>Vl.</strong></span> <span class='ocrx_word' id='word_1_640' title='bbox 2070 3694 2147 3747; x_wconf 87' lang='lat' dir='ltr'><strong>Eo</strong></span> <span class='ocrx_word' id='word_1_641' title='bbox 2186 3696 2432 3766; x_wconf 83' lang='lat' dir='ltr'><strong>tempore</strong></span> <span class='ocrx_word' id='word_1_642' title='bbox 2462 3697 2703 3756; x_wconf 84' lang='lat' dir='ltr'><strong>defertur</strong></span> <span class='ocrx_word' id='word_1_643' title='bbox 2722 3699 2938 3768; x_wconf 89' lang='lat' dir='ltr'><strong>quidam</strong></span> <span class='ocrx_word' id='word_1_644' title='bbox 2975 3705 3057 3756; x_wconf 85' lang='lat' dir='ltr'><strong>vir</strong></span> <span class='ocrx_word' id='word_1_645' title='bbox 3080 3707 3233 3774; x_wconf 89' lang='lat' dir='ltr'><strong>pius,</strong></span> <span class='ocrx_word' id='word_1_646' title='bbox 3262 3721 3317 3763; x_wconf 90' lang='lat' dir='ltr'><strong>et</strong></span> <span class='ocrx_word' id='word_1_647' title='bbox 3346 3713 3460 3780; x_wconf 87' lang='lat' dir='ltr'><strong>pla-</strong></span> 
     </span>
    </p>
   </div>
   <div class='ocr_carea' id='block_1_92' title="bbox 1883 3791 3457 3874">
    <p class='ocr_par' dir='ltr' id='par_1_92' title="bbox 1883 3791 3457 3874">
     <span class='ocr_line' id='line_1_92' title="bbox 1883 3791 3457 3874; baseline 0.011 -29"><span class='ocrx_word' id='word_1_648' title='bbox 1883 3804 1954 3845; x_wconf 89' lang='lat' dir='ltr'><strong>ne</strong></span> <span class='ocrx_word' id='word_1_649' title='bbox 1990 3791 2243 3864; x_wconf 87' lang='lat' dir='ltr'><strong>indignus</strong></span> <span class='ocrx_word' id='word_1_650' title='bbox 2281 3792 2373 3863; x_wconf 92' lang='lat' dir='ltr'><strong>qui</strong></span> <span class='ocrx_word' id='word_1_651' title='bbox 2401 3793 2612 3851; x_wconf 91' lang='lat' dir='ltr'><strong>lateret.</strong></span> <span class='ocrx_word' id='word_1_652' title='bbox 2661 3794 2721 3850; x_wconf 88' lang='lat' dir='ltr'><strong>Ei</strong></span> <span class='ocrx_word' id='word_1_653' title='bbox 2746 3812 2947 3853; x_wconf 88' lang='lat' dir='ltr'><strong>nomen</strong></span> <span class='ocrx_word' id='word_1_654' title='bbox 2984 3811 3109 3856; x_wconf 70' lang='lat' dir='ltr'><strong>erat</strong></span> <span class='ocrx_word' id='word_1_655' title='bbox 3159 3802 3457 3874; x_wconf 77' lang='lat' dir='ltr'><strong>Eudoxius,</strong></span> 
     </span>
    </p>
   </div>
   <div class='ocr_carea' id='block_1_93' title="bbox 1883 3886 3461 3969">
    <p class='ocr_par' dir='ltr' id='par_1_93' title="bbox 1883 3886 3461 3969">
     <span class='ocr_line' id='line_1_93' title="bbox 1883 3886 3461 3969; baseline 0.01 -30"><span class='ocrx_word' id='word_1_656' title='bbox 1883 3896 1976 3939; x_wconf 88' lang='lat' dir='ltr'><strong>aut</strong></span> <span class='ocrx_word' id='word_1_657' title='bbox 2008 3886 2277 3940; x_wconf 80' lang='lat' dir='ltr'><strong>Marianus</strong></span> <span class='ocrx_word' id='word_1_658' title='bbox 2301 3903 2316 3951; x_wconf 87' lang='lat'>;</span> <span class='ocrx_word' id='word_1_659' title='bbox 2337 3898 2456 3941; x_wconf 74' lang='lat' dir='ltr'><strong>erat</strong></span> <span class='ocrx_word' id='word_1_660' title='bbox 2502 3889 2647 3942; x_wconf 92' lang='lat' dir='ltr'><strong>enim</strong></span> <span class='ocrx_word' id='word_1_661' title='bbox 2680 3899 2971 3960; x_wconf 86' lang='lat' dir='ltr'><strong>utrumque</strong></span> <span class='ocrx_word' id='word_1_662' title='bbox 2998 3893 3047 3948; x_wconf 90' lang='lat' dir='ltr'><strong>ei</strong></span> <span class='ocrx_word' id='word_1_663' title='bbox 3107 3912 3303 3951; x_wconf 89' lang='lat' dir='ltr'><strong>nomen</strong></span> <span class='ocrx_word' id='word_1_664' title='bbox 3334 3916 3461 3969; x_wconf 84' lang='lat' dir='ltr'><strong>pro—</strong></span> 
     </span>
    </p>
   </div>
   <div class='ocr_carea' id='block_1_94' title="bbox 1880 3976 3460 4059">
    <p class='ocr_par' dir='ltr' id='par_1_94' title="bbox 1880 3976 3460 4059">
     <span class='ocr_line' id='line_1_94' title="bbox 1880 3976 3460 4059; baseline 0.011 -31"><span class='ocrx_word' id='word_1_665' title='bbox 1880 3978 2101 4046; x_wconf 88' lang='lat' dir='ltr'><strong>prium.</strong></span> <span class='ocrx_word' id='word_1_666' title='bbox 2132 3976 2176 4031; x_wconf 81' lang='lat' dir='ltr'><strong>A</strong></span> <span class='ocrx_word' id='word_1_667' title='bbox 2209 3979 2472 4047; x_wconf 78' lang='lat' dir='ltr'><strong>dignitate</strong></span> <span class='ocrx_word' id='word_1_668' title='bbox 2518 3988 2696 4034; x_wconf 88' lang='lat' dir='ltr'><strong>autem</strong></span> <span class='ocrx_word' id='word_1_669' title='bbox 2745 3982 3148 4050; x_wconf 86' lang='lat' dir='ltr'><strong>primiceriatus</strong></span> <span class='ocrx_word' id='word_1_670' title='bbox 3199 3992 3460 4059; x_wconf 80' lang='lat' dir='ltr'><strong>expulsus</strong></span> 
     </span>
    </p>
   </div>
   <div class='ocr_carea' id='block_1_95' title="bbox 1885 4059 3455 4140">
    <p class='ocr_par' dir='ltr' id='par_1_95' title="bbox 1885 4059 3455 4140">
     <span class='ocr_line' id='line_1_95' title="bbox 1885 4059 3455 4140; baseline 0.01 -18"><span class='ocrx_word' id='word_1_671' title='bbox 1885 4078 2112 4140; x_wconf 81' lang='lat' dir='ltr'><strong>propter</strong></span> <span class='ocrx_word' id='word_1_672' title='bbox 2142 4085 2380 4125; x_wconf 86' lang='lat' dir='ltr'><strong>amorem</strong></span> <span class='ocrx_word' id='word_1_673' title='bbox 2416 4070 2619 4127; x_wconf 88' lang='lat' dir='ltr'><strong>Christi</strong></span> <span class='ocrx_word' id='word_1_674' title='bbox 2657 4113 2672 4137; x_wconf 97' lang='lat'><strong>,</strong></span> <span class='ocrx_word' id='word_1_675' title='bbox 2715 4073 3071 4132; x_wconf 84' lang='lat' dir='ltr'><strong>descenderat</strong></span> <span class='ocrx_word' id='word_1_676' title='bbox 3116 4079 3183 4133; x_wconf 90' lang='lat' dir='ltr'><strong>ad</strong></span> <span class='ocrx_word' id='word_1_677' title='bbox 3231 4059 3455 4138; x_wconf 59' lang='lat' dir='ltr'><strong>inferio-</strong></span> 
     </span>
    </p>
   </div>
   <div class='ocr_carea' id='block_1_96' title="bbox 1881 4162 3453 4237">
    <p class='ocr_par' dir='ltr' id='par_1_96' title="bbox 1881 4162 3453 4237">
     <span class='ocr_line' id='line_1_96' title="bbox 1881 4162 3453 4237; baseline 0.008 -21"><span class='ocrx_word' id='word_1_678' title='bbox 1881 4178 1995 4217; x_wconf 90' lang='lat' dir='ltr'><strong>rem</strong></span> <span class='ocrx_word' id='word_1_679' title='bbox 2058 4164 2318 4219; x_wconf 89' lang='lat' dir='ltr'><strong>comitum</strong></span> <span class='ocrx_word' id='word_1_680' title='bbox 2359 4162 2681 4232; x_wconf 80' lang='lat' dir='ltr'><strong>diguitatem</strong></span> <span class='ocrx_word' id='word_1_681' title='bbox 2716 4183 2730 4232; x_wconf 89' lang='lat'>;</span> <span class='ocrx_word' id='word_1_682' title='bbox 2774 4183 2935 4234; x_wconf 90' lang='lat' dir='ltr'><strong>quam</strong></span> <span class='ocrx_word' id='word_1_683' title='bbox 2968 4170 3187 4237; x_wconf 87' lang='lat' dir='ltr'><strong>quidem</strong></span> <span class='ocrx_word' id='word_1_684' title='bbox 3245 4176 3453 4230; x_wconf 83' lang='lat' dir='ltr'><strong>etiamsi</strong></span> 
     </span>
    </p>
   </div>
   <div class='ocr_carea' id='block_1_97' title="bbox 1880 4254 3458 4323">
    <p class='ocr_par' dir='ltr' id='par_1_97' title="bbox 1880 4254 3458 4323">
     <span class='ocr_line' id='line_1_97' title="bbox 1880 4254 3458 4323; baseline 0.008 -14"><span class='ocrx_word' id='word_1_685' title='bbox 1880 4270 1989 4309; x_wconf 91' lang='lat' dir='ltr'><strong>non</strong></span> <span class='ocrx_word' id='word_1_686' title='bbox 2020 4254 2214 4310; x_wconf 80' lang='lat' dir='ltr'><strong>fuisset</strong></span> <span class='ocrx_word' id='word_1_687' title='bbox 2268 4267 2598 4311; x_wconf 89' lang='lat' dir='ltr'><strong>consecutus</strong></span> <span class='ocrx_word' id='word_1_688' title='bbox 2631 4296 2645 4323; x_wconf 90' lang='lat'><strong>,</strong></span> <span class='ocrx_word' id='word_1_689' title='bbox 2714 4257 2849 4312; x_wconf 88' lang='lat' dir='ltr'><strong>satis</strong></span> <span class='ocrx_word' id='word_1_690' title='bbox 2911 4266 3093 4315; x_wconf 90' lang='lat' dir='ltr'><strong>tamen</strong></span> <span class='ocrx_word' id='word_1_691' title='bbox 3175 4264 3458 4323; x_wconf 78' lang='lat' dir='ltr'><strong>habuisset</strong></span> 
     </span>
    </p>
   </div>
   <div class='ocr_carea' id='block_1_98' title="bbox 1880 4349 3456 4421">
    <p class='ocr_par' dir='ltr' id='par_1_98' title="bbox 1880 4349 3456 4421">
     <span class='ocr_line' id='line_1_98' title="bbox 1880 4349 3456 4421; baseline 0.006 -18"><span class='ocrx_word' id='word_1_692' title='bbox 1880 4363 2004 4403; x_wconf 87' lang='lat' dir='ltr'><strong>eum</strong></span> <span class='ocrx_word' id='word_1_693' title='bbox 2066 4349 2241 4404; x_wconf 91' lang='lat' dir='ltr'><strong>solum</strong></span> <span class='ocrx_word' id='word_1_694' title='bbox 2316 4351 2506 4421; x_wconf 86' lang='lat' dir='ltr'><strong>sequi,</strong></span> <span class='ocrx_word' id='word_1_695' title='bbox 2556 4366 2716 4419; x_wconf 89' lang='lat' dir='ltr'><strong>quem</strong></span> <span class='ocrx_word' id='word_1_696' title='bbox 2775 4351 3136 4410; x_wconf 86' lang='lat' dir='ltr'><strong>desiderabat.</strong></span> <span class='ocrx_word' id='word_1_697' title='bbox 3202 4358 3456 4415; x_wconf 83' lang='lat' dir='ltr'><strong>Defertur</strong></span> 
     </span>
    </p>
   </div>
   <div class='ocr_carea' id='block_1_99' title="bbox 1881 4439 3450 4513">
    <p class='ocr_par' dir='ltr' id='par_1_99' title="bbox 1881 4439 3450 4513">
     <span class='ocr_line' id='line_1_99' title="bbox 1881 4439 3450 4513; baseline 0.008 -21"><span class='ocrx_word' id='word_1_698' title='bbox 1881 4450 2061 4494; x_wconf 87' lang='lat' dir='ltr'><strong>autem</strong></span> <span class='ocrx_word' id='word_1_699' title='bbox 2098 4441 2162 4493; x_wconf 87' lang='lat' dir='ltr'><strong>ad</strong></span> <span class='ocrx_word' id='word_1_700' title='bbox 2205 4456 2328 4494; x_wconf 91' lang='lat' dir='ltr'><strong>eum</strong></span> <span class='ocrx_word' id='word_1_701' title='bbox 2358 4479 2374 4503; x_wconf 95' lang='lat'><strong>,</strong></span> <span class='ocrx_word' id='word_1_702' title='bbox 2425 4442 2515 4509; x_wconf 90' lang='lat' dir='ltr'><strong>qui</strong></span> <span class='ocrx_word' id='word_1_703' title='bbox 2548 4452 2675 4494; x_wconf 90' lang='lat' dir='ltr'><strong>tunc</strong></span> <span class='ocrx_word' id='word_1_704' title='bbox 2728 4439 2859 4495; x_wconf 76' lang='lat' dir='ltr'><strong>erat</strong></span> <span class='ocrx_word' id='word_1_705' title='bbox 2895 4460 3097 4513; x_wconf 67' lang='lat' dir='ltr'><strong>praeses</strong></span> <span class='ocrx_word' id='word_1_706' title='bbox 3154 4448 3450 4509; x_wconf 67' lang='lat' dir='ltr'><strong>Melitente.</strong></span> 
     </span>
    </p>
   </div>
   <div class='ocr_carea' id='block_1_100' title="bbox 1878 4529 3451 4610">
    <p class='ocr_par' dir='ltr' id='par_1_100' title="bbox 1878 4529 3451 4610">
     <span class='ocr_line' id='line_1_100' title="bbox 1878 4529 3451 4610; baseline 0.009 -28"><span class='ocrx_word' id='word_1_707' title='bbox 1878 4529 1980 4595; x_wconf 84' lang='lat' dir='ltr'><strong>Qui</strong></span> <span class='ocrx_word' id='word_1_708' title='bbox 2014 4545 2135 4583; x_wconf 89' lang='lat' dir='ltr'><strong>cum</strong></span> <span class='ocrx_word' id='word_1_709' title='bbox 2169 4530 2236 4585; x_wconf 90' lang='lat' dir='ltr'><strong>de</strong></span> <span class='ocrx_word' id='word_1_710' title='bbox 2282 4544 2347 4585; x_wconf 89' lang='lat' dir='ltr'><strong>eo</strong></span> <span class='ocrx_word' id='word_1_711' title='bbox 2407 4529 2617 4601; x_wconf 87' lang='lat' dir='ltr'><strong>singula</strong></span> <span class='ocrx_word' id='word_1_712' title='bbox 2677 4531 3074 4602; x_wconf 84' lang='lat' dir='ltr'><strong>intellexisset,</strong></span> <span class='ocrx_word' id='word_1_713' title='bbox 3114 4537 3206 4607; x_wconf 91' lang='lat' dir='ltr'><strong>qui</strong></span> <span class='ocrx_word' id='word_1_714' title='bbox 3275 4540 3451 4610; x_wconf 90' lang='lat' dir='ltr'><strong>ipsum</strong></span> 
     </span>
    </p>
   </div>
   <div class='ocr_carea' id='block_1_101' title="bbox 1875 4622 3450 4694">
    <p class='ocr_par' dir='ltr' id='par_1_101' title="bbox 1875 4622 3450 4694">
     <span class='ocr_line' id='line_1_101' title="bbox 1875 4622 3450 4694; baseline 0.01 -19"><span class='ocrx_word' id='word_1_715' title='bbox 1875 4622 2162 4676; x_wconf 71' lang='lat' dir='ltr'><strong>adducturi</strong></span> <span class='ocrx_word' id='word_1_716' title='bbox 2219 4632 2445 4688; x_wconf 91' lang='lat' dir='ltr'><strong>essent,</strong></span> <span class='ocrx_word' id='word_1_717' title='bbox 2502 4626 2703 4678; x_wconf 86' lang='lat' dir='ltr'><strong>emittit</strong></span> <span class='ocrx_word' id='word_1_718' title='bbox 2754 4628 3024 4694; x_wconf 88' lang='lat' dir='ltr'><strong>protinus.</strong></span> <span class='ocrx_word' id='word_1_719' title='bbox 3090 4630 3203 4686; x_wconf 87' lang='lat' dir='ltr'><strong>Hoc</strong></span> <span class='ocrx_word' id='word_1_720' title='bbox 3270 4645 3450 4690; x_wconf 87' lang='lat' dir='ltr'><strong>autem</strong></span> 
     </span>
    </p>
   </div>
   <div class='ocr_carea' id='block_1_102' title="bbox 1874 4715 3451 4782">
    <p class='ocr_par' dir='ltr' id='par_1_102' title="bbox 1874 4715 3451 4782">
     <span class='ocr_line' id='line_1_102' title="bbox 1874 4715 3451 4782; baseline 0.009 -15"><span class='ocrx_word' id='word_1_721' title='bbox 1874 4728 1998 4767; x_wconf 90' lang='lat' dir='ltr'><strong>cum</strong></span> <span class='ocrx_word' id='word_1_722' title='bbox 2026 4729 2136 4769; x_wconf 92' lang='lat' dir='ltr'><strong>non</strong></span> <span class='ocrx_word' id='word_1_723' title='bbox 2174 4716 2421 4768; x_wconf 88' lang='lat' dir='ltr'><strong>latuisset</strong></span> <span class='ocrx_word' id='word_1_724' title='bbox 2464 4715 2767 4771; x_wconf 76' lang='lat' dir='ltr'><strong>Eudoxium</strong></span> <span class='ocrx_word' id='word_1_725' title='bbox 2800 4756 2814 4782; x_wconf 91' lang='lat'><strong>,</strong></span> <span class='ocrx_word' id='word_1_726' title='bbox 2862 4720 3036 4773; x_wconf 84' lang='lat' dir='ltr'><strong>viliori</strong></span> <span class='ocrx_word' id='word_1_727' title='bbox 3088 4733 3239 4779; x_wconf 84' lang='lat' dir='ltr'><strong>veste</strong></span> <span class='ocrx_word' id='word_1_728' title='bbox 3290 4727 3451 4781; x_wconf 91' lang='lat' dir='ltr'><strong>indu-</strong></span> 
     </span>
    </p>
   </div>
   <div class='ocr_carea' id='block_1_103' title="bbox 1876 4804 3451 4880">
    <p class='ocr_par' dir='ltr' id='par_1_103' title="bbox 1876 4804 3451 4880">
     <span class='ocr_line' id='line_1_103' title="bbox 1876 4804 3451 4880; baseline 0.008 -23"><span class='ocrx_word' id='word_1_729' title='bbox 1876 4812 1998 4869; x_wconf 90' lang='lat' dir='ltr'><strong>tus,</strong></span> <span class='ocrx_word' id='word_1_730' title='bbox 2042 4818 2109 4859; x_wconf 88' lang='lat' dir='ltr'><strong>ne</strong></span> <span class='ocrx_word' id='word_1_731' title='bbox 2135 4813 2281 4860; x_wconf 89' lang='lat' dir='ltr'><strong>esset</strong></span> <span class='ocrx_word' id='word_1_732' title='bbox 2312 4804 2665 4861; x_wconf 82' lang='lat' dir='ltr'><strong>manifestum</strong></span> <span class='ocrx_word' id='word_1_733' title='bbox 2691 4846 2706 4871; x_wconf 90' lang='lat'><strong>,</strong></span> <span class='ocrx_word' id='word_1_734' title='bbox 2754 4810 3003 4878; x_wconf 84' lang='lat' dir='ltr'><strong>quisnam</strong></span> <span class='ocrx_word' id='word_1_735' title='bbox 3048 4823 3193 4867; x_wconf 80' lang='lat' dir='ltr'><strong>esset</strong></span> <span class='ocrx_word' id='word_1_736' title='bbox 3221 4855 3236 4880; x_wconf 94' lang='lat'><strong>,</strong></span> <span class='ocrx_word' id='word_1_737' title='bbox 3270 4831 3327 4870; x_wconf 86' lang='lat' dir='ltr'><strong>se</strong></span> <span class='ocrx_word' id='word_1_738' title='bbox 3360 4833 3451 4873; x_wconf 84' lang='lat' dir='ltr'><strong>os-</strong></span> 
     </span>
    </p>
   </div>
   <div class='ocr_carea' id='block_1_104' title="bbox 1874 4896 3447 4976">
    <p class='ocr_par' dir='ltr' id='par_1_104' title="bbox 1874 4896 3447 4976">
     <span class='ocr_line' id='line_1_104' title="bbox 1874 4896 3447 4976; baseline 0.003 -28"><span class='ocrx_word' id='word_1_739' title='bbox 1874 4896 2048 4949; x_wconf 87' lang='lat' dir='ltr'><strong>tendit</strong></span> <span class='ocrx_word' id='word_1_740' title='bbox 2077 4896 2143 4949; x_wconf 86' lang='lat' dir='ltr'><strong>iis</strong></span> <span class='ocrx_word' id='word_1_741' title='bbox 2170 4897 2260 4966; x_wconf 90' lang='lat' dir='ltr'><strong>qui</strong></span> <span class='ocrx_word' id='word_1_742' title='bbox 2318 4898 2468 4950; x_wconf 88' lang='lat' dir='ltr'><strong>missi</strong></span> <span class='ocrx_word' id='word_1_743' title='bbox 2506 4901 2717 4951; x_wconf 75' lang='lat' dir='ltr'><strong>fuerant</strong></span> <span class='ocrx_word' id='word_1_744' title='bbox 2742 4938 2757 4952; x_wconf 95' lang='lat'><strong>.</strong></span> <span class='ocrx_word' id='word_1_745' title='bbox 2802 4900 2936 4955; x_wconf 91' lang='lat' dir='ltr'><strong>Cum</strong></span> <span class='ocrx_word' id='word_1_746' title='bbox 2970 4919 3092 4957; x_wconf 88' lang='lat' dir='ltr'><strong>eum</strong></span> <span class='ocrx_word' id='word_1_747' title='bbox 3155 4921 3284 4976; x_wconf 88' lang='lat' dir='ltr'><strong>ergo</strong></span> <span class='ocrx_word' id='word_1_748' title='bbox 3312 4924 3447 4964; x_wconf 79' lang='lat' dir='ltr'><strong>corr-</strong></span> 
     </span>
    </p>
   </div>
   <div class='ocr_carea' id='block_1_105' title="bbox 1871 4986 3441 5068">
    <p class='ocr_par' dir='ltr' id='par_1_105' title="bbox 1871 4986 3441 5068">
     <span class='ocr_line' id='line_1_105' title="bbox 1871 4986 3441 5068; baseline 0.011 -28"><span class='ocrx_word' id='word_1_749' title='bbox 1871 4986 2151 5042; x_wconf 82' lang='lat' dir='ltr'><strong>venissent</strong></span> <span class='ocrx_word' id='word_1_750' title='bbox 2184 4997 2241 5041; x_wconf 92' lang='lat' dir='ltr'><strong>et</strong></span> <span class='ocrx_word' id='word_1_751' title='bbox 2299 4989 2541 5044; x_wconf 88' lang='lat' dir='ltr'><strong>nondum</strong></span> <span class='ocrx_word' id='word_1_752' title='bbox 2594 5005 2717 5046; x_wconf 88' lang='lat' dir='ltr'><strong>eum</strong></span> <span class='ocrx_word' id='word_1_753' title='bbox 2760 4992 2913 5048; x_wconf 89' lang='lat' dir='ltr'><strong>illum</strong></span> <span class='ocrx_word' id='word_1_754' title='bbox 2966 5010 3086 5052; x_wconf 85' lang='lat' dir='ltr'><strong>esse</strong></span> <span class='ocrx_word' id='word_1_755' title='bbox 3127 5008 3441 5068; x_wconf 72' lang='lat' dir='ltr'><strong>putassent,</strong></span> 
     </span>
    </p>
   </div>
   <div class='ocr_carea' id='block_1_106' title="bbox 1871 5078 3439 5163">
    <p class='ocr_par' dir='ltr' id='par_1_106' title="bbox 1871 5078 3439 5163">
     <span class='ocr_line' id='line_1_106' title="bbox 1871 5078 3439 5163; baseline 0.011 -30"><span class='ocrx_word' id='word_1_756' title='bbox 1871 5078 2091 5133; x_wconf 90' lang='lat' dir='ltr'><strong>ubinam</strong></span> <span class='ocrx_word' id='word_1_757' title='bbox 2120 5090 2431 5136; x_wconf 86' lang='lat' dir='ltr'><strong>versaretur</strong></span> <span class='ocrx_word' id='word_1_758' title='bbox 2463 5099 2647 5138; x_wconf 89' lang='lat' dir='ltr'><strong>comes</strong></span> <span class='ocrx_word' id='word_1_759' title='bbox 2668 5085 2964 5154; x_wconf 79' lang='lat' dir='ltr'><strong>Eudoxius,</strong></span> <span class='ocrx_word' id='word_1_760' title='bbox 2995 5105 3120 5143; x_wconf 91' lang='lat' dir='ltr'><strong>eum</strong></span> <span class='ocrx_word' id='word_1_761' title='bbox 3158 5106 3439 5163; x_wconf 73' lang='lat' dir='ltr'><strong>rogarunt.</strong></span> 
     </span>
    </p>
   </div>
   <div class='ocr_carea' id='block_1_107' title="bbox 1870 5170 3442 5249">
    <p class='ocr_par' dir='ltr' id='par_1_107' title="bbox 1870 5170 3442 5249">
     <span class='ocr_line' id='line_1_107' title="bbox 1870 5170 3442 5249; baseline 0.011 -25"><span class='ocrx_word' id='word_1_762' title='bbox 1870 5170 1963 5224; x_wconf 91' lang='lat' dir='ltr'><strong>llle</strong></span> <span class='ocrx_word' id='word_1_763' title='bbox 1990 5178 2195 5235; x_wconf 89' lang='lat' dir='ltr'><strong>autem,</strong></span> <span class='ocrx_word' id='word_1_764' title='bbox 2250 5172 2304 5227; x_wconf 89' lang='lat' dir='ltr'><strong>Si</strong></span> <span class='ocrx_word' id='word_1_765' title='bbox 2328 5188 2508 5228; x_wconf 90' lang='lat' dir='ltr'><strong>meum</strong></span> <span class='ocrx_word' id='word_1_766' title='bbox 2547 5183 2749 5229; x_wconf 91' lang='lat' dir='ltr'><strong>tectum</strong></span> <span class='ocrx_word' id='word_1_767' title='bbox 2783 5177 2965 5232; x_wconf 90' lang='lat' dir='ltr'><strong>subire</strong></span> <span class='ocrx_word' id='word_1_768' title='bbox 3001 5179 3285 5238; x_wconf 88' lang='lat' dir='ltr'><strong>volueritis</strong></span> <span class='ocrx_word' id='word_1_769' title='bbox 3309 5225 3323 5249; x_wconf 91' lang='lat'><strong>,</strong></span> <span class='ocrx_word' id='word_1_770' title='bbox 3359 5188 3442 5242; x_wconf 89' lang='lat' dir='ltr'><strong>eis</strong></span> 
     </span>
    </p>
   </div>
   <div class='ocr_carea' id='block_1_108' title="bbox 1869 5262 3439 5345">
    <p class='ocr_par' dir='ltr' id='par_1_108' title="bbox 1869 5262 3439 5345">
     <span class='ocr_line' id='line_1_108' title="bbox 1869 5262 3439 5345; baseline 0.011 -30"><span class='ocrx_word' id='word_1_771' title='bbox 1869 5262 2007 5316; x_wconf 86' lang='lat' dir='ltr'><strong>dixit</strong></span> <span class='ocrx_word' id='word_1_772' title='bbox 2038 5262 2424 5334; x_wconf 74' lang='lat' dir='ltr'><strong>benignissime</strong></span> <span class='ocrx_word' id='word_1_773' title='bbox 2448 5304 2462 5331; x_wconf 92' lang='lat'><strong>,</strong></span> <span class='ocrx_word' id='word_1_774' title='bbox 2493 5275 2550 5320; x_wconf 91' lang='lat' dir='ltr'><strong>et</strong></span> <span class='ocrx_word' id='word_1_775' title='bbox 2582 5282 2613 5320; x_wconf 89' lang='lat' dir='ltr'><strong>a</strong></span> <span class='ocrx_word' id='word_1_776' title='bbox 2659 5268 2845 5323; x_wconf 87' lang='lat' dir='ltr'><strong>labore</strong></span> <span class='ocrx_word' id='word_1_777' title='bbox 2873 5270 3085 5326; x_wconf 90' lang='lat' dir='ltr'><strong>itineris</strong></span> <span class='ocrx_word' id='word_1_778' title='bbox 3120 5289 3214 5328; x_wconf 89' lang='lat' dir='ltr'><strong>vos</strong></span> <span class='ocrx_word' id='word_1_779' title='bbox 3248 5291 3439 5345; x_wconf 89' lang='lat' dir='ltr'><strong>parum</strong></span> 
     </span>
    </p>
   </div>
   <div class='ocr_carea' id='block_1_109' title="bbox 1878 5359 3445 5435">
    <p class='ocr_par' dir='ltr' id='par_1_109' title="bbox 1878 5359 3445 5435">
     <span class='ocr_line' id='line_1_109' title="bbox 1878 5359 3445 5435; baseline 0.01 -27"><span class='ocrx_word' id='word_1_780' title='bbox 1878 5368 2158 5420; x_wconf 88' lang='lat' dir='ltr'><strong>recreare,</strong></span> <span class='ocrx_word' id='word_1_781' title='bbox 2190 5368 2500 5426; x_wconf 68' lang='lat' dir='ltr'><strong>mensaeque</strong></span> <span class='ocrx_word' id='word_1_782' title='bbox 2543 5366 2598 5413; x_wconf 90' lang='lat' dir='ltr'><strong>et</strong></span> <span class='ocrx_word' id='word_1_783' title='bbox 2638 5359 2767 5415; x_wconf 89' lang='lat' dir='ltr'><strong>salis</strong></span> <span class='ocrx_word' id='word_1_784' title='bbox 2816 5375 3030 5416; x_wconf 88' lang='lat' dir='ltr'><strong>mecum</strong></span> <span class='ocrx_word' id='word_1_785' title='bbox 3067 5377 3190 5419; x_wconf 90' lang='lat' dir='ltr'><strong>esse</strong></span> <span class='ocrx_word' id='word_1_786' title='bbox 3224 5370 3445 5435; x_wconf 82' lang='lat' dir='ltr'><strong>partici-</strong></span> 
     </span>
    </p>
   </div>
   <div class='ocr_carea' id='block_1_110' title="bbox 1881 5449 3331 5527">
    <p class='ocr_par' dir='ltr' id='par_1_110' title="bbox 1881 5449 3331 5527">
     <span class='ocr_line' id='line_1_110' title="bbox 1881 5449 3331 5527; baseline 0.008 -25"><span class='ocrx_word' id='word_1_787' title='bbox 1881 5462 1978 5518; x_wconf 87' lang='lat' dir='ltr'><strong>pes</strong></span> <span class='ocrx_word' id='word_1_788' title='bbox 2002 5487 2017 5511; x_wconf 84' lang='lat'><em>.</em></span> <span class='ocrx_word' id='word_1_789' title='bbox 2052 5462 2150 5517; x_wconf 84' lang='lat' dir='ltr'><strong>ego</strong></span> <span class='ocrx_word' id='word_1_790' title='bbox 2189 5449 2475 5504; x_wconf 87' lang='lat' dir='ltr'><strong>ostendam</strong></span> <span class='ocrx_word' id='word_1_791' title='bbox 2518 5453 2673 5508; x_wconf 86' lang='lat' dir='ltr'><strong>vobis</strong></span> <span class='ocrx_word' id='word_1_792' title='bbox 2706 5466 2832 5507; x_wconf 90' lang='lat' dir='ltr'><strong>eum</strong></span> <span class='ocrx_word' id='word_1_793' title='bbox 2876 5470 3039 5525; x_wconf 85' lang='lat' dir='ltr'><strong>quem</strong></span> <span class='ocrx_word' id='word_1_794' title='bbox 3068 5459 3331 5527; x_wconf 79' lang='lat' dir='ltr'><strong>quaeritis.</strong></span> 
     </span>
    </p>
   </div>
   <div class='ocr_carea' id='block_1_111' title="bbox 1876 5612 3444 5690">
    <p class='ocr_par' dir='ltr' id='par_1_111' title="bbox 1876 5612 3444 5690">
     <span class='ocr_line' id='line_1_111' title="bbox 1876 5612 3444 5690; baseline 0.006 -22"><span class='ocrx_word' id='word_1_795' title='bbox 1876 5612 2094 5690; x_wconf 85' lang='lat' dir='ltr'><strong>inhians</strong></span> <span class='ocrx_word' id='word_1_796' title='bbox 2131 5612 2521 5690; x_wconf 71' lang='lat' dir='ltr'><strong>Numerianum</strong></span> <span class='ocrx_word' id='word_1_797' title='bbox 2577 5630 2833 5690; x_wconf 83' lang='lat' dir='ltr'><strong>generum</strong></span> <span class='ocrx_word' id='word_1_798' title='bbox 2869 5633 3028 5672; x_wconf 91' lang='lat' dir='ltr'><strong>suum</strong></span> <span class='ocrx_word' id='word_1_799' title='bbox 3082 5634 3178 5690; x_wconf 87' lang='lat' dir='ltr'><strong>per</strong></span> <span class='ocrx_word' id='word_1_800' title='bbox 3218 5620 3444 5690; x_wconf 84' lang='lat' dir='ltr'><strong>insidias</strong></span> 
     </span>
    </p>
   </div>
   <div class='ocr_carea' id='block_1_112' title="bbox 1874 5684 3442 5756">
    <p class='ocr_par' dir='ltr' id='par_1_112' title="bbox 1874 5684 3442 5756">
     <span class='ocr_line' id='line_1_112' title="bbox 1874 5684 3442 5756; baseline 0.006 -20"><span class='ocrx_word' id='word_1_801' title='bbox 1874 5685 2111 5756; x_wconf 66' lang='lat' dir='ltr'><strong>necavit,</strong></span> <span class='ocrx_word' id='word_1_802' title='bbox 2173 5684 2753 5754; x_wconf 32' lang='lat' dir='ltr'><strong>Metaphrastes&#39;male</strong></span> <span class='ocrx_word' id='word_1_803' title='bbox 2804 5689 3036 5756; x_wconf 88' lang='lat' dir='ltr'><strong>imputat</strong></span> <span class='ocrx_word' id='word_1_804' title='bbox 3083 5684 3442 5745; x_wconf 77' lang='lat' dir='ltr'><strong>Diocletiano.</strong></span> 
     </span>
    </p>
   </div>
   <div class='ocr_carea' id='block_1_113' title="bbox 1873 5752 3442 5829">
    <p class='ocr_par' dir='ltr' id='par_1_113' title="bbox 1873 5752 3442 5829">
     <span class='ocr_line' id='line_1_113' title="bbox 1873 5752 3442 5829; baseline 0.003 -21"><span class='ocrx_word' id='word_1_805' title='bbox 1873 5752 1974 5829; x_wconf 80' lang='lat' dir='ltr'><strong>Hic</strong></span> <span class='ocrx_word' id='word_1_806' title='bbox 1994 5759 2137 5829; x_wconf 82' lang='lat' dir='ltr'><strong>enim</strong></span> <span class='ocrx_word' id='word_1_807' title='bbox 2176 5770 2283 5809; x_wconf 90' lang='lat' dir='ltr'><strong>non</strong></span> <span class='ocrx_word' id='word_1_808' title='bbox 2308 5752 2455 5829; x_wconf 63' lang='grc' dir='ltr'>ὀίεαο</span> <span class='ocrx_word' id='word_1_809' title='bbox 2485 5768 2578 5810; x_wconf 89' lang='lat' dir='ltr'><strong>aut</strong></span> <span class='ocrx_word' id='word_1_810' title='bbox 2606 5752 3198 5829; x_wconf 34' lang='lat' dir='ltr'><strong>tyrannide-imperium</strong></span> <span class='ocrx_word' id='word_1_811' title='bbox 3222 5760 3442 5827; x_wconf 84' lang='lat' dir='ltr'><strong>invasit,</strong></span> 
     </span>
    </p>
   </div>
   <div class='ocr_carea' id='block_1_114' title="bbox 1871 5825 3446 5898">
    <p class='ocr_par' dir='ltr' id='par_1_114' title="bbox 1871 5825 3446 5898">
     <span class='ocr_line' id='line_1_114' title="bbox 1871 5825 3446 5898; baseline 0.006 -20"><span class='ocrx_word' id='word_1_812' title='bbox 1871 5825 1965 5878; x_wconf 90' lang='lat' dir='ltr'><strong>sed</strong></span> <span class='ocrx_word' id='word_1_813' title='bbox 1992 5825 2059 5878; x_wconf 85' lang='lat' dir='ltr'><strong>ab</strong></span> <span class='ocrx_word' id='word_1_814' title='bbox 2079 5831 2322 5880; x_wconf 78' lang='lat' dir='ltr'><strong>exercitu</strong></span> <span class='ocrx_word' id='word_1_815' title='bbox 2343 5826 2550 5881; x_wconf 85' lang='lat' dir='ltr'><strong>electus</strong></span> <span class='ocrx_word' id='word_1_816' title='bbox 2574 5830 2870 5898; x_wconf 80' lang='lat' dir='ltr'><strong>imperator</strong></span> <span class='ocrx_word' id='word_1_817' title='bbox 2897 5825 3123 5883; x_wconf 72' lang='lat' dir='ltr'><strong>mortem</strong></span> <span class='ocrx_word' id='word_1_818' title='bbox 3154 5825 3446 5887; x_wconf 54' lang='lat' dir='ltr'><strong>Numeria4</strong></span> 
     </span>
    </p>
   </div>
  </div>
