4170 6322
775 349 878 413 623

777 554 1065 610 liberaliter
1089 596 1103 610 .
1140 554 1250 609 Illis
1294 562 1474 608 autem
1514 566 1701 607 mensa
1753 553 1882 606 satis
1907 550 2253 617 exhilaratis,
2286 559 2341 605 et

772 646 1101 713 promissum
1133 643 1327 699 deinde
1366 642 1709 714 exigentibus
1740 648 1797 696 et
1861 639 2176 711 rogantibus
2208 681 2220 705 ,
2281 647 2341 692 ut

771 753 897 793 eum
944 735 1259 791 ostenderet
1315 749 1478 805 quem
1526 732 1883 803 qumrebant;
1944 732 2033 787 ille
2076 733 2338 787 continuo

768 845 932 892 eum,
983 828 1074 897 qui
1110 837 1229 882 erat
1274 826 1425 881 intus
1453 866 1467 890 ,
1516 825 1693 896 aperit
1738 823 2075 891 Eudoximn,
2117 825 2335 879 dicens:

767 918 876 990 Ego
909 935 1028 973 sum
1060 958 1074 981 ,
1105 934 1267 988 quem
1299 919 1564 987 quaeritis.
1600 916 1713 971 Hoc
1743 917 1920 988 gladio
1960 914 2338 971 vehementius

766 1013 983 1066 illorum
1021 1010 1257 1081 perculit
1291 1012 1535 1065 animum
1582 1029 1597 1077 ;
1644 1021 1699 1065 et
1750 1009 2145 1080 respondentes
2191 1007 2339 1061 dixe-

764 1114 891 1157 runt
925 1120 938 1156 :
972 1101 1088 1157 Non
1127 1112 1177 1158 te
1213 1101 1527 1171 prodemus,
1586 1101 1678 1172 qui
1722 1115 1823 1157 nos
1860 1098 2120 1169 accepisti
2150 1098 2337 1153 convi-

763 1194 849 1249 vio
877 1209 1073 1264 ,neque
1105 1209 1203 1263 pro
1262 1192 1633 1264 hospitalitate
1688 1202 1799 1247 tam
1848 1193 1988 1246 male
2036 1190 2334 1245 referemus

762 1286 1008 1355 gratiam.
1032 1284 1136 1340 Sed
1162 1287 1260 1340 hoc
1282 1286 1347 1340 ad
1371 1295 1610 1339 nostram
1633 1283 1864 1338 sufficiet
1904 1282 2331 1345 excusationem,

760 1378 903 1445 quod
937 1392 1061 1432 cum
1114 1377 1171 1431 in
1223 1378 1520 1447 quaerendo
1576 1378 1806 1432 multum
1864 1376 2333 1437 laboraverimus,

759 1483 868 1523 non
902 1469 1175 1537 potuimus
1219 1477 1397 1522 tamen
1435 1469 1683 1523 invenire
1713 1469 2017 1524 Eudoxium
2048 1506 2062 1520 .
2093 1466 2178 1521 Illi
2208 1465 2333 1535 qui-

759 1562 883 1614 dem
906 1577 1005 1631 pro
1028 1560 1269 1631 hospitio
1301 1562 1399 1616 has
1427 1560 1675 1616 Eudoxio
1713 1563 1949 1616 retulere
1984 1558 2207 1630 gratias.

830 1735 963 1793 Vill.
993 1738 1085 1793 Ille
1110 1746 1289 1794 autem
1318 1781 1331 1804 ,
1364 1739 1457 1808 qui
1489 1746 1544 1793 et
1580 1737 1786 1793 sciebat
1832 1737 2001 1792 latere
2029 1752 2152 1792 cum
2193 1752 2330 1807 opus

1997 340 2279 403 MENSIS
2315 337 2605 399 SEPTEM
2618 339 2787 401 BER.

844 464 958 519 VII.
988 464 1125 521 Cum
1166 476 1303 537 ergo
1334 471 1572 535 parasset
1616 459 1925 516 convivium
1963 499 1978 524 ,
2029 474 2120 514 eos
2149 458 2321 529 excipi

2420 510 2426 520 _
2520 458 2592 511 Ζ¹.
2630 458 3194 529 Παρασκευασάμενος
3240 456 3333 516 οὖν
3378 464 3444 517 τὰ
3482 465 3615 535 πρὸς
3645 467 3743 536 τὴν
3780 464 4032 519 ἑστίασιν

3922 350 4030 413 οει

2447 547 2764 617 φιλοτίμως,
2794 549 3061 615 δεξιοῦται
3090 553 3216 614 τοὺς
3243 553 3462 623 ἄνδρας.
3498 555 3617 609 Τῶν
3650 557 3705 610 δὲ
3747 557 4029 627 ἡσθέντων

2444 639 2637 701 ἱκανῶς
2681 642 2748 710 τῇ
2774 641 3039 713 τραπέζῃ,
3091 638 3209 695 εἶτα
3238 646 3330 697 καὶ
3376 646 3475 717 τὴν
3516 648 3811 718 ὑπόσχεσιν
3856 652 4027 702 ἁπαι-

2451 727 2686 783 τούντων
2715 730 2809 783 καὶ
2832 730 3101 799 δεομένων
3124 733 3357 804 φανερὸν
3388 735 3551 789 αὑτὸν
3575 738 3903 807 ποιήσεσθαι
3932 740 4025 792 τὸν

2444 820 2800 890 ζητούμενον,
2851 823 3059 884 ἐκεῖνος
3098 824 3258 888 εὐθὺς
3286 826 3377 878 τὸν
3420 827 3566 880 ἔνδον
3599 828 3783 890 αὐτοῖς
3811 828 4021 881 ἀνακα-

2439 911 2627 965 λύπτει
2676 912 2962 976 Εὐδόξιονο
3029 914 3171 983 Ἐγώ
3220 918 3336 986 ειμι
3389 917 3449 970 ὃν
3522 918 3763 988 ζητεῖτε,
3826 920 4017 972 εἰπών.

2441 1002 2609 1057 Τοῦτο
2644 1006 2916 1075 μαχαίρας
2954 1005 3209 1077 ὀξύτερον
3243 1008 3496 1063 καθίκετο
3524 1011 3619 1080 τῆς
3654 1012 3885 1064 ἐκείνων
3916 1011 4021 1077 ψυ-

2439 1096 2538 1165 χῆς
2559 1112 2575 1129 ο
2608 1097 2699 1149 καὶ
2727 1097 3108 1161 ὑπολαϐόντες,
3134 1100 3205 1152 Ού
3238 1100 3585 1169 προδώσομεν
3615 1118 3675 1154 σε
3697 1103 3791 1154 τὸν
3822 1103 4020 1172 ἡμέτε-

2442 1205 2533 1257 ρον
2559 1190 2869 1260 ἑστιάτορα,
2903 1185 3076 1255 εἷπον⁹
3107 1193 3227 1247 οὐδὲ
3263 1191 3409 1246 οὕτω
3440 1193 3536 1262 τὴν
3571 1194 3883 1261 φιλοξενίαν
3920 1213 4017 1247 κα-

2436 1279 2547 1344 κῶς
2588 1281 2940 1350 ἀμειψόμεθα
2968 1300 2981 1315 ·
3029 1268 3165 1338 ἀλλὰ
3217 1283 3376 1338 τοῦτο
3424 1285 3553 1355 ἡμῖν
3594 1285 3673 1349 εἰς
3718 1286 4018 1353 ἀπολογίαν

2436 1371 2664 1440 ἀρκέσει
2693 1372 2754 1423 τὸ
2787 1372 2957 1425 πολλὰ
2984 1375 3111 1443 περὶ
3143 1374 3239 1443 τὴν
3269 1374 3496 1444 ζήτησιν
3533 1377 3835 1445 καμόντας,
3866 1377 4014 1444 ὅμως

2437 1462 2511 1532 μὴ
2562 1462 2857 1532 δυνηθῆναι
2905 1464 3041 1528 ὅλως
3066 1464 3158 1517 τὸν
3193 1465 3438 1532 Εὑδόξιον
3471 1468 3739 1534 ἀνευρεῖν.
3787 1468 4014 1521 Ἐκεῖνοι

2436 1554 2533 1622 μὲν
2585 1550 2680 1607 οὖν
2724 1554 2926 1619 ταύτας
2974 1556 3211 1627 Εὺδοξιῳ
3254 1556 3350 1626 τῆς
3408 1558 3583 1623 ξενίας
3625 1560 3725 1623 τὰς
3780 1560 4013 1631 χάριτας

2432 1645 2781 1699 ἀπεδίδοσαν.

2502 1737 2581 1793 H'.
2631 1738 2688 1789 '0
2721 1736 2777 1789 δὲ
2811 1735 2909 1790 καὶ
2940 1737 3120 1792 λαθεῖν
3157 1739 3311 1802 εἰδὼς
3376 1740 3466 1792 ὅτε
3502 1739 3641 1803 δέον,
3676 1740 3773 1791 καὶ
3809 1739 3886 1808 μὴ
3916 1740 4008 1792 λα-

756 1836 936 1889 esset,
972 1838 1027 1885 et
1056 1846 1247 1885 rursus
1285 1846 1396 1885 non
1443 1831 1611 1885 latere
1645 1828 1859 1899 quando
1890 1829 2050 1898 hujus
2084 1829 2158 1882 rei
2185 1837 2321 1883 esset

2430 1822 2542 1879 θεῖν
2563 1821 2629 1881 αὗ
2666 1827 2753 1878 ὅτι
2778 1826 2966 1880 τούτου
2994 1829 3185 1900 καιρός
3206 1846 3219 1860 ⁸
3240 1830 3355 1883 θεία
3389 1829 3496 1899 γὰρ
3518 1826 3584 1900 ἦν
3616 1833 3778 1899 χάρις
3810 1832 3841 1900 ή
3874 1847 4011 1900 mp-

756 1928 970 1989 tempus
1003 1920 1020 1989 (
1051 1920 1233 1975 divina
1267 1920 1413 1975 enim
1439 1959 1453 1985 ,
1486 1934 1604 1990 qua:
1648 1920 1837 1973 aderat
1866 1919 2032 1989 gratia
2068 1929 2122 1973 et
2160 1918 2327 1973 doce-

754 2010 847 2065 bat
879 2009 1149 2064 Athletam
1175 2050 1189 2074 ,
1240 2011 1404 2081 jussit
1435 2023 1605 2066 uteos
1646 2015 2007 2079 sequeretur),
2040 2025 2163 2063 cum
2194 2026 2329 2063 uxo—

754 2116 870 2156 rem
919 2111 1165 2156 vocasset
1199 2101 1508 2155 Basilissam
1547 2110 1663 2165 aut,
1696 2100 1738 2153 si
1780 2100 1945 2163 velis,
1979 2100 2323 2165 Mandanem,

753 2207 878 2247 nam
927 2206 989 2246 ea
1020 2206 1236 2262 quoque
1269 2190 1469 2261 duplici
1503 2191 1732 2245 nomine
1766 2190 2081 2255 vocabatur,
2103 2192 2148 2245 ei
2176 2207 2328 2245 man-

756 2282 848 2338 dat
882 2298 1002 2352 qua:
1031 2290 1282 2351 spectant
1313 2280 1380 2335 ad
1414 2280 1669 2334 familiam
1700 2319 1713 2333 .
1739 2278 1803 2333 Et
1830 2294 1950 2333 cum
1996 2280 2176 2333 omnia
2207 2285 2326 2348 ejus

752 2388 899 2429 cum
924 2371 1317 2435 commisisset,
1345 2369 1448 2425 hoc
1489 2383 1705 2438 quoque
1770 2378 2100 2437 postremum
2122 2379 2176 2422 et
2209 2384 2327 2439 ger-

753 2479 972 2519 manum
1013 2463 1064 2518 ei
1094 2462 1186 2517 dat
1235 2465 1547 2516 mandatum
1575 2502 1590 2527 ,
1623 2477 1692 2516 ne
1723 2460 1842 2529 ejus
1895 2459 2088 2515 defleat
2135 2461 2326 2516 deces-

751 2570 870 2610 sum
904 2568 1079 2623 neque
1131 2561 1351 2623 propter
1406 2560 1635 2608 mortem
1684 2552 1803 2621 ejus
1842 2551 2187 2617 lamentetur,
2228 2553 2321 2607 sed

750 2646 1093 2715 lampadibus
1132 2644 1236 2714 (9)
1283 2653 1338 2698 et
1366 2645 1469 2699 alia
1523 2642 1706 2698 laetitia
1756 2644 1933 2714 potius
1973 2644 2122 2698 illum
2176 2645 2321 2699 diem

749 2738 1019 2795 honoret.
1051 2736 1245 2792 Statim
1286 2752 1414 2809 ergo
1444 2752 1597 2793 suam
1650 2737 1874 2806 quidem
1940 2736 2319 2804 cegnationem

747 2829 978 2899 despicit
1069 2827 1378 2882 Eudoxius:
1437 2827 1777 2883 obliviscitur
1842 2835 2025 2880 autem
2099 2834 2321 2896 prapter

746 2905 1024 2974 Christum
1074 2919 1157 2973 sui
1187 2918 1388 2973 amoris
1416 2919 1469 2971 in
1519 2918 1697 2981 filios,
1732 2917 1893 2972 validi
1934 2926 1989 2971 et
2027 2918 2316 2973 inevitabi-

747 3011 813 3065 lis
862 3011 1062 3066 vinculi
1119 3010 1440 3080 parentibus
1464 3048 1479 3065 .
1516 3008 1584 3065 Ut
1612 3010 1758 3064 enim
1787 3010 1938 3064 illum
1966 3010 2271 3065 lucrifaciat
2299 3051 2313 3075 ,

2427 1915 2560 1969 οὖσα
2611 1918 2704 1970 καὶ
2769 1917 3091 1971 διδάσκουσι
3138 1919 3230 1970 τὸν
3285 1920 3513 1989 άθλητδν
3605 1919 3687 1992 [ι.
3722 1918 4007 1992 anima-.1-

2426 2006 2788 2073 ἀκολουθῆσαι
2808 2008 2918 2069 τοῖς
2936 2008 3193 2076 ἀνδράσιν
3212 2007 3477 2075 ἐσκέψατο
3504 2008 3584 2075 (8)
3607 2024 3618 2035 ·
3666 2010 3759 2059 καὶ
3781 2011 3881 2079 τὴν
3922 2028 4011 2078 γνο

2428 2098 2589 2149 ναῖκα
2620 2099 2853 2161 καλέσας
2886 2099 3233 2159 Βασίλισσαν,
3267 2099 3299 2169 ἢ
3332 2101 3424 2151 καὶ
3454 2099 3765 2168 Μανδάνην,
3802 2105 3848 2151 εἰ
3887 2101 4006 2169 βού-

2427 2188 2507 2241 λει
2533 2205 2547 2220 ο
2589 2188 2794 2252 διπλοῖς
2822 2191 2929 2259 γὰρ
2968 2191 3063 2243 καὶ
3101 2191 3238 2259 αὐτῇ
3269 2192 3380 2252 τοῖς
3429 2190 3688 2259 ὀνόμασιν
3719 2191 4001 2244 ὲκαλεῖτο’

2425 2281 2526 2333 ὅσα
2573 2298 2631 2333 τε
2679 2281 2784 2334 ἔδει
2830 2282 2938 2333 τῶν
2981 2281 3103 2335 κατ’
3148 2277 3295 2334 οἶκον
3338 2282 3484 2349 αὒτὴ
3534 2281 3859 2343 ἐντέλλεται,
3920 2283 4007 2335 καὶ

2427 2372 2603 2424 πάντα
2635 2374 2700 2441 τῇ
2726 2373 2893 2441 αὐτῆς
2910 2373 3126 2436 ἀναθεὶς
3153 2371 3414 2441 φροντίδι,
3447 2373 3687 2441 ἐσχάτην
3726 2374 3891 2425 τοῦτο
3919 2379 4006 2424 καὶ

2424 2464 2654 2534 γνησίαν
2700 2464 2923 2535 ἐντολὴν
2962 2465 3142 2518 δίδωσι
3168 2481 3182 2495 ο
3221 2466 3297 2536 μὴ
3328 2463 3688 2533 ἐπιδακρῦσαι
3738 2466 3805 2533 τῇ
3846 2465 4005 2515 αὑτοῦ

2425 2555 2698 2625 ὲκδημίᾳ,
2766 2556 2840 2625 μὴ
2910 2554 3324 2625 ἀποδύρασθαι,
3390 2556 3465 2624 μὴ
3533 2553 3805 2624 θρηνῆσαι
3874 2553 4004 2612 ὅλως

2421 2648 2519 2718 τὴν
2547 2648 2838 2719 τελευτήν·
2891 2648 3025 2702 ἁλλὰ
3055 2648 3150 2701 καὶ
3188 2648 3576 2718 λαμπροφορίᾳ
3619 2648 3713 2699 καὶ
3760 2649 3825 2716 τῇ
3866 2647 3997 2716 ἄλλῃ

2424 2740 2746 2811 φαιδρότητι
2811 2740 3026 2808 ἐκείνην
3074 2738 3303 2806 τιμῆσαι
3352 2738 3587 2806 μάλιστα
3626 2738 3725 2805 τὴν
3771 2738 3999 2806 ἡμέραν.

2424 2831 2600 2895 Εὐθὺς
2642 2827 2732 2884 οὖν
2774 2832 3104 2901 καταφρονεῖ
3146 2830 3244 2899 μὲν
3292 2829 3389 2898 τῆς
3429 2827 3635 2890 οἰκείας
3679 2828 4000 2894 συγγενείας

2421 2923 2668 2987 Eaedem;
2690 2939 2703 2954 ·
2738 2922 3157 2977 ἐπιλανθάνεται
3184 2920 3239 2973 δὲ
3272 2921 3357 2973 διὰ
3387 2918 3621 2990 Χριστὸν
3646 2918 3745 2989 τῆς
3775 2918 3909 2990 πρὸς
3937 2920 4001 2969 τα

2418 3018 2582 3068 τέκνα
2605 3015 2856 3085 στοργῆς.
2890 3015 2981 3066 τοῦ
3017 3012 3235 3082 ἰσχυροῦ
3259 3012 3324 3081 δὴ
3353 3012 3537 3064 τούτου
3564 3016 3656 3063 καὶ
3683 3013 3996 3081 ἀπαραιτήο

745 3103 927 3156 omnia
959 3105 1219 3157 damnum
1269 3103 1540 3157 existimat
1578 3110 1633 3157 et
1665 3111 1905 3156 stercora
1927 3140 1940 3154 .
1973 3103 2038 3155 Et
2068 3102 2218 3155 vadit
2245 3103 2310 3156 ad

2420 3121 2511 3157 του
2545 3106 2656 3166 τοῖς
2692 3105 2927 3175 πατράσι
2954 3103 3157 3173 δεσμοῦ
3185 3118 3199 3133 ο
3233 3103 3317 3154 ἵνα
3347 3105 3455 3171 γάρ
3490 3103 3700 3155 ἐκεῖνον
3735 3102 3997 3172 κερδήσῃ,

746 3193 1027 3261 praesidem
1055 3233 1068 3247 .

814 3369 885 3424 ιχ
908 3409 921 3424 .
954 3371 1000 3425 ls
1019 3378 1199 3425 autem
1223 3386 1346 3425 cum
1381 3372 1557 3440 ipsum
1584 3371 1824 3435 vidisset,
1880 3371 2064 3435 Salve,
2117 3371 2313 3439 inquit,

742 3474 926 3517 comes
981 3458 1212 3513 Eudoxi.
1273 3458 1365 3513 Ille
1413 3467 1593 3512 autem
1649 3458 1882 3512 vicissim
1940 3459 2113 3512 reddit
2164 3459 2312 3513 salu-

743 3560 885 3613 tem,
934 3548 1163 3603 diccns:
1225 3547 1304 3601 Tu
1343 3562 1559 3618 quoque
1589 3546 1736 3602 salve
1761 3587 1777 3613 ,
1838 3564 2066 3620 praeses.
2103 3549 2311 3605 Prmses

742 3650 923 3696 autem
952 3656 1179 3695 rursus:
1211 3638 1404 3703 Tuam,
1438 3639 1646 3707 inquit,
1676 3641 2061 3693 accersivimus
2094 3642 2308 3694 clarita-

743 3742 849 3785 tem
879 3768 893 3794 ,
946 3737 1006 3784 ut
1054 3729 1222 3797 jussis
1288 3742 1484 3799 parans
1536 3727 1912 3797 imperatoris,
1959 3739 2013 3784 et
2058 3731 2195 3796 diis,
2253 3740 2310 3786 ut

742 3836 840 3893 par
863 3831 975 3887 est,
1006 3819 1203 3875 offeras
1242 3819 1606 3887 sacrificium,
1640 3830 1697 3875 et
1720 3822 1953 3876 maxime
2009 3828 2147 3893 patri
2188 3840 2307 3882 om-

738 3915 889 3969 nium
944 3914 1169 3971 deorum
1231 3928 1424 3984 magno
1480 3913 1620 3976 Jovi,
1672 3927 1725 3969 et
1785 3913 1986 3970 Phoebo
2037 3916 2306 3983 Apollini,

738 4015 796 4063 et
848 4011 1029 4065 charte
1088 4002 1292 4076 Virgini
1370 4004 1570 4060 Dianai.
1645 4006 1843 4076 Martyr
1906 4012 2087 4062 autent
2129 4025 2142 4063 :
2178 4008 2307 4063 Mihi

742 4115 908 4154 unum
950 4107 1065 4162 est,
1120 4099 1332 4168 inquit,
1396 4098 1724 4154 sacrificium
1755 4099 1868 4153 veri
1904 4098 1995 4154 Dei
2021 4142 2035 4164 ,
2067 4104 2153 4172 qui
2204 4105 2305 4158 hoc

740 4191 992 4263 produxit
1040 4192 1394 4256 universum;
1429 4199 1482 4244 et
1530 4192 1577 4244 ei
1626 4191 1937 4246 sacrificabo
1982 4195 2304 4248 sacrificium

740 4283 954 4345 laudis,
1008 4281 1099 4352 qui
1155 4289 1239 4337 est
1298 4281 1441 4335 Deus
1484 4281 1538 4334 in
1610 4283 1848 4335 trinitate
1911 4298 2301 4351 personarum,

740 4374 863 4428 vita:
884 4382 1065 4427 autem
1087 4372 1460 4443 suppeditator
1487 4382 1542 4425 et
1569 4387 1708 4425 vene
1736 4373 1923 4428 salutis
1942 4373 2300 4443 dispensator.

2420 3191 2620 3262 ζημίαν
2651 3194 2836 3263 ἡγεῖτο
2859 3195 3034 3246 πάντα
3069 3193 3162 3244 καί
3197 3191 3472 3245 σκύϐαλα·
3504 3192 3598 3244 καὶ
3623 3190 3815 3243 ἄπεισι
3850 3197 3990 3261 πρὸς

2417 3284 2509 3335 τὸν
2538 3285 2632 3351 ήγε
2644 3283 2801 3352 μόνα.

2486 3373 2563 3426 0'.
2597 3374 2706 3425 Καὶ
2740 3372 2899 3435 αὐτὸς
2928 3372 3017 3424 τὸν
3045 3372 3212 3442 ἄνδρα
3244 3371 3367 3424 ἰδὼν
3389 3412 3403 3434 ,
3438 3372 3690 3440 Χαίροις,
3722 3372 3828 3441 ἔφη
3854 3414 3868 3433 ,
3903 3376 3993 3424 κὸο

2420 3484 2524 3537 μης
2543 3465 2781 3532 Εὐδόξιε.
2818 3465 2875 3518 ’0
2898 3466 2953 3519 δὲ
2977 3468 3087 3528 τοῖς
3113 3465 3247 3528 ἴσοις
3276 3464 3435 3527 εὐθὺς
3457 3463 3742 3533 ἠμείϐετο,
3770 3465 3993 3535 Χαίροις

2415 3562 2510 3613 καὶ
2541 3560 2723 3624 αὐτὸς,
2775 3560 2965 3622 εἰπὼν,
3002 3553 3047 3612 ὦ
3081 3558 3325 3629 ἡγεμών.
3361 3559 3471 3611 Καὶ
3497 3556 3555 3621 ὃς
3588 3558 3773 3621 πάλιν,
3822 3560 3995 3611 Μετε-

2414 3653 2744 3720 στειλάμεθά
2768 3668 2885 3716 σου,
2910 3653 3036 3720 ἔφη,
3065 3651 3160 3720 τὴν
3182 3650 3559 3720 περιφάνειαν,
3590 3652 3733 3704 ὥστε
3766 3654 3861 3705 καὶ
3886 3656 3993 3713 τοῖς

2415 3741 2710 3813 βασιλικοῖς
2744 3742 3088 3811 ὑπηρετῆσαι
3125 3741 3535 3809 προστάγμασι,
3569 3742 3663 3792 καὶ
3696 3743 3810 3802 τοῖς
3850 3742 3987 3803 θεοῖς

2409 3834 2506 3904 τὴν
2540 3837 2922 3904 προσήκουσαν
2960 3832 3152 3886 θυσίαν
3193 3834 3602 3902 προσενεγκεῖν,
3651 3832 3892 3901 μάλιστα
3921 3833 3993 3902 τῷ

2410 3927 2575 3995 πατρὶ
2601 3926 2817 3979 πάντων
2847 3922 2985 3977 θεῶν
3006 3924 3084 3995 τῷ
3110 3925 3331 3994 μεγάλῳ
3362 3926 3466 3989 Διὶ,
3506 3924 3811 3976 Ἀπόλλωνί
3835 3941 3892 3976 τε
3919 3925 3989 3993 τῷ

2407 4018 2603 4088 Φοίϐῳ,
2638 4019 2735 4071 καὶ
2765 4020 2829 4087 τῇ
2864 4017 2992 4088 φίλῃ
3029 4016 3283 4086 παρθένῳ
3322 4017 3616 4086 Ἀρτέμιδι.
3656 4018 3769 4069 Καὶ
3800 4020 3827 4070 ὁ
3860 4019 3990 4086 μὰρ·

2407 4125 2537 4170 τνςο
2578 4110 2733 4177 Ἑμοὶ
2778 4110 2898 4178 μία,
2924 4109 3050 4179 ἔφη,
3097 4107 3279 4174 θυσία,
3330 4109 3363 4179 ή
3403 4109 3496 4161 τοῦ
3523 4109 3789 4179 ἀληθινοῦ
3837 4110 3983 4171 Θεοῦ.

2409 4201 2502 4253 τοῦ
2524 4202 2584 4252 τὸ
2604 4201 2713 4253 πᾶν
2735 4202 2855 4253 τόδε
2877 4202 3288 4272 παραγαγόντος
3304 4217 3320 4233 ⁶
3348 4203 3439 4254 καὶ
3459 4200 3608 4270 αὐτῷ
3629 4201 3783 4254 θύσω
3805 4203 3986 4254 θυσίαν

2409 4293 2669 4357 αἰνέσεως
2693 4332 2707 4358 ,
2753 4292 2809 4357 ὃς
2843 4296 2900 4346 ὲν
2944 4295 3125 4365 τριάδι
3156 4294 3573 4363 θεολογούμενος
3610 4295 3981 4357 ὑποστάσεων,

2407 4385 2563 4457 ζωῆς,
2587 4386 2790 4453 ταμίας
2824 4387 2916 4437 καὶ
2954 4386 3237 4455 οἰκονόμος
3267 4385 3505 4455 ἀληῦίιῦς
3534 4390 3823 4457 σωτηρίας
3852 4386 3985 4455 γνῶ·

740 4462 886 4529 Quos
920 4472 1099 4517 autem
1139 4465 1269 4517 deos
1298 4463 1581 4525 nominas,
1621 4463 1764 4533 ligna
1804 4478 1897 4518 eos
1948 4465 2105 4520 video
2139 4479 2191 4521 et
2216 4468 2303 4521 la—

2420 4456 2641 4543 ρξζεέαι.
2675 4475 2778 4538 Οὓς
2800 4476 2855 4529 δὲ
2888 4475 3041 4539 θεοὺς
3068 4467 3351 4546 ὄνομάζεις
3377 4476 3507 4543 ξύλα
3537 4456 3767 4539 τούτους
3795 4480 3889 4530 καὶ
3917 4480 3985 4529 λί-

741 4559 891 4627 pides
913 4597 927 4623 ,
992 4555 1129 4609 nihil
1179 4552 1491 4608 differentes
1523 4554 1742 4622 penitus
1764 4570 1792 4606 a
1826 4556 2014 4623 quavis
2064 4558 2164 4611 alia
2193 4560 2309 4613 ina-

744 4765 797 4818 ni
839 4766 979 4816 ultus
1003 4768 1108 4827 est,
1145 4759 1328 4816 occiso
1358 4758 1636 4830 Aperduelli
1664 4761 1835 4830 _Apro
1903 4760 1969 4815 Et
2037 4764 2306 4830 prioribus

743 4835 957 4901 quidem
1011 4830 1222 4901 imperii
1287 4828 1587 4901 suiuamiis
1660 4828 2054 4901 Diocletianum
2110 4832 2304 4889 f‘avisse

791 4898 1339 4971 hristianis'testatur
1386 4899 1671 4971 Eusebius,
1717 4898 2130 4971 _lib.viit,cap.t.
2171 4902 2304 4957 Pcr-

741 4972 949 5027 secutio
976 4979 1152 5021 autem
1188 4970 1448 5020 advchus
1487 4969 1681 5019 milites
1717 4969 1965 5021 inchoata
2029 4969 2110 5023 est
2161 4989 2305 5027 anno

739 5045 845 5097 298
887 5040 1187 5093 secundum
1249 5036 1491 5106 l’agium,
1537 5051 1600 5090 ac
1662 5038 1857 5091 deinde
1892 5055 2034 5103 anno
2086 5042 2187 5095 5θὸ
2237 5043 2304 5097 ad

741 5112 1079 5166 Christianos
1096 5124 1284 5162 omnes
1311 5118 1555 5161 extensa.

812 5181 889 5249 (8)
926 5179 1223 5251 Ἐσ-κὲψατο
1254 5195 1279 5228 a
1306 5180 1471 5251 verbo
1513 5177 1815 5246 σκέπτομαι
1867 5196 1973 5233 non
2038 5181 2305 5251 significat

736 5246 910 5321 jussit,
935 5248 1027 5302 sed
1061 5246 1378 5321 deliberavit,
1411 5248 1524 5299 sive
1548 5319 1553 5321 _
1577 5256 1781 5321 statuit,
1823 5262 1875 5321 et
1916 5246 2111 5304 referri
2143 5254 2305 5306 debet

742 5318 807 5374 ad
839 5332 1122 5388 personant
1158 5318 1308 5390 initio
1354 5319 1581 5390 periodi,
1611 5319 1754 5384 quod
1781 5320 1943 5371 etiam
1979 5323 2142 5390 exigit
2174 5325 2302 5375 sub-

742 5385 1297 5461 sequenscoujunctio
1315 5388 1613 5461 copulativa
1634 5391 1747 5453 καὶ,
1768 5399 1840 5449 et,
1861 5406 2020 5457 quam
2041 5385 2307 5461 iiiterpres

740 5455 941 5515 omisit.
971 5457 1192 5529 liectius
1216 5455 1390 5525 itaque
1425 5456 1501 5507 sic
1521 5468 1693 5510 vertes
1713 5478 1723 5511 :
1747 5479 1764 5509 ι
1793 5455 2109 5524 ille—autem,
2134 5455 2221 5529 qui
2254 5474 2308 5515 et

739 5532 944 5585 sciebat
970 5527 1135 5580 latere
1169 5543 1289 5578 cum
1320 5540 1456 5594 opus
1478 5535 1642 5585 esset,
1670 5536 1724 5579 et
1766 5544 1951 5583 rursus
1986 5547 2091 5585 ιιοιι
2136 5527 2301 5585 mare

738 5603 951 5668 quando
993 5598 1153 5667 hujus
1193 5596 1266 5647 rei
1302 5609 1441 5668 esset
1463 5607 1671 5666 tempus
1691 5598 1890 5665 (divina
1920 5600 2063 5652 enim
2114 5606 2300 5656 aderat

738 5666 904 5737 gratia
956 5666 1289 5736 docebatque
1338 5666 1589 5721 athletam
1622 5684 1638 5737 )
1672 5670 1825 5737 sequi
1867 5670 2011 5722 viros
2069 5676 2291 5726 statuit:

736 5740 794 5795 et
834 5753 954 5792 cum
985 5751 1204 5795 uxorem
1242 5748 1534 5797 vocasset,i
1571 5752 1673 5791 cie.
1730 5742 1929 5795 Meuaaa
1962 5740 2166 5808 dicunt,
2208 5758 2293 5797 sa-

2417 4564 2539 4627 Oop;
2575 4567 2687 4635 ὁρῶ
2741 4569 2836 4638 τῆς
2870 4568 3063 4637 λοιπῆς
3099 4568 3307 4639 ἀψύχου
3348 4569 3476 4638 ὕλης
3512 4569 3650 4639 μηδὲ
3695 4569 3841 4641 βαρὺ
3879 4572 3981 4624 δια-

2405 4767 2601 4824 tellites
2630 4770 2866 4825 suasisse
2896 4780 3102 4835 sancto,
3147 4781 3205 4823 ut
3234 4770 3467 4841 fugeret;
3496 4772 3639 4839 quod
3670 4772 3803 4827 licet
3824 4776 3981 4829 ἀίδρι-

2406 4842 2473 4904 tis
2545 4842 2726 4894 verbis
2760 4857 2865 4893 mm
2934 4843 3261 4909 expresserit
3326 4841 3749 4915 blietaphrastes,
3819 4846 3981 4915 colligi

2406 4920 2799 4981 tameirputest
2823 4926 2886 4963 ex
2912 4927 3138 4963 numero
3172 4914 3530 4981 praecedente.

2484 4980 2559 5047 (9)
2586 4979 2768 5057 Graece
2804 4979 3207 5057 λαμπροςξορίᾲ,
3253 4984 3307 5035 id
3338 4994 3420 5057 est
3469 4984 3765 5057 gestatione
3799 4989 3979 5057 facium

2407 5048 2488 5102 vel
2518 5051 2803 5117 splendida:
2832 5048 3006 5104 uestra.
3044 5048 3107 5105 lii
3140 5048 3307 5119 prima
3359 5048 3764 5119 significatione
3799 5048 3975 5109 i‘ocem

2406 5119 2549 5173 illam
2608 5122 2825 5175 adhibet
2852 5125 2907 5174 5.
2948 5122 3240 5188 Gregm'ius
3268 5118 3643 5175 Nazianzenus
3673 5126 3977 5179 orationes:

2402 5188 2455 5265 i_n
2494 5190 3285 5265 l’asclia,_exinterpretatione
3306 5192 3490 5245 Jacobi
3530 5192 3696 5265 Billii,
3733 5199 3978 5265 pag.b7b.

2403 5258 2507 5335 Pro
2533 5260 2771 5335 secundo
2796 5258 3120 5335 significatu,
3160 5263 3413 5335 nimirum
3454 5258 3754 5335 gestatione
3806 5258 3974 5335 ἔρισι-

2403 5330 2733 5402 didievestis,
2766 5334 2965 5383 citetur
2994 5334 3154 5386 etiam
3184 5330 3474 5402 Gregorius
3506 5348 3561 5385 tn
3595 5330 3975 5395 LexicoJoau-

2404 5401 2487 5451 nis
2516 5398 2900 5475 Scaptila:_,_col.
2929 5398 3357 5475 Ηῦϋηυειιειῐιδ
3385 5403 3448 5454 ad
3482 5418 3673 5456 vocem
3734 5407 3975 5475 λαμπρὸς

2404 5473 2641 5522 ostendit
2672 5471 2837 5524 variis
2890 5473 3176 5539 exemplis,
3240 5474 3654 5542 λαμπροφορείν
3706 5471 3973 5534 interdum

2406 5553 2544 5611 esse
2574 5542 2793 5611 vestibus
2844 5543 3148 5611 splendidis,
3181 5542 3444 5594 interdum
3486 5547 3618 5596 albis
3673 5552 3894 5611 vestiri;
3928 5555 3973 5594 ιι

2404 5624 2502 5677 pro
2532 5608 2877 5685 ilOEAtidducit
2908 5610 3351 5685 lucu_tti_Grc_gorii
3400 5611 3733 5666 Nazranzent
3792 5608 3969 5685 p.157.

2402 5682 2543 5755 apud
2594 5677 2807 5755 Billium
2835 5680 2985 5755 ρος.Δ
3012 5680 3137 5747 409,
3176 5677 3261 5737 ubi
3303 5682 3697 5755 λαμπροφορία
3748 5677 3970 5740 vertitur

2401 5749 2588 5803 Latine
2613 5752 2819 5805 vestitus
2838 5749 3066 5805 candor.

4104 5874 4135 6205 Α
