4170 6322
182 390 286 455 625

1158 395 1348 455 ACTA
1390 393 1495 454 SS.
1529 389 1880 454 EUDOXII.
1909 388 2232 459 ROMULI.
2273 394 2435 457 ETC.

3302 395 3406 459 626

182 514 461 579 φέροντας.
509 506 653 577 "pb;
698 504 870 558 ταῦτα
902 505 1181 576 διαϐλέψαι
1211 508 1310 559 οὐκ
1352 506 1489 575 ἔχων
1531 505 1737 564 ἰκεῖνος

1852 502 1984 557 aima
2010 506 2256 561 materia.
2296 506 2374 561 Ad
2401 508 2513 562 hate
2540 507 2626 561 ille
2655 521 2765 561 non
2780 506 2967 587 valens
2999 506 3225 573 intueri,
3256 505 3415 577 (quo-

182 600 368 669 (πόθεν
390 600 516 665 ὅσγε
541 598 642 650 ὑπὸ
668 597 858 669 βαθείᾳ
883 598 977 667 τῆς
998 598 1249 660 ἀσεϐείας
1266 598 1521 651 ἐκάθευδε
1553 596 1742 667 μέθῃς)

198 690 332 756 Ἐγώ
354 706 410 741 σε
428 689 523 750 τὰς
548 688 638 740 τοῦ
674 689 933 759 βασιλέως
965 689 1243 742 ἐκτελέσαι
1272 689 1618 759 προστάξεις.
1649 688 1744 741 καὶ

183 780 319 849 πρὸς
349 780 470 840 τοὺς
494 779 648 840 θεοὺς
675 779 742 831 τὰ
760 779 1037 849 εἰθισμένα
1060 780 1259 849 δρᾶσαι
1283 780 1706 849 προετρεψάμην
1726 822 1740 845 ,

180 873 282 942 εφη
310 889 322 903 ο
356 871 488 926 ἀλλὰ
511 872 573 923 σὺ
602 872 695 924 καὶ
724 871 878 933 θεῶν,
904 871 977 934 ὼς
1004 872 1132 942 ὁρῶ,
1165 872 1258 925 καὶ
1282 873 1544 941 βασιλέως
1577 874 1742 939 ὑπερ-

182 966 338 1035 ορᾷς,
387 963 531 1021 οῦτω
563 964 659 1031 μὲν
691 964 911 1033 ἀναίδην
944 967 1025 1028 εἰς
1068 965 1161 1027 οὓς
1187 968 1391 1027 ἐκεῖνος
1418 966 1562 1018 σέϐει
1588 965 1744 1025 θεοὺς

180 1055 489 1125 ἐνυϐρίσας,
534 1054 676 1107 οὕτω
704 1054 757 1107 δὲ
799 1056 1096 1128 καινοφανῆ
1125 1074 1247 1112 τινα
1294 1056 1547 1124 λατρείαν
1596 1056 1746 1124 παρὰ

177 1146 384 1217 ταύτην
418 1146 743 1217 νομοθετῶν,
775 1150 867 1199 καὶ
895 1148 1084 1221 ταύτῃ,
1118 1148 1191 1210 ὡς
1220 1150 1297 1209 είς
1326 1149 1432 1217 ἐμὰ
1458 1143 1568 1200 ὦτα
1598 1149 1743 1217 ἥκει,

180 1242 312 1305 τοὺς
345 1241 575 1303 πολλοὺς
610 1241 937 1293 ἀναπείθων.

257 1415 310 1472 I'.
373 1416 588 1479 Ταῦτα,
650 1415 860 1467 πολλῶν
930 1415 1316 1485 περιεστώτων
1375 1416 1748 1484 στρατιωτῶν.

177 1510 207 1558 ὁ
246 1505 468 1576 ἡγεμὼν
510 1506 801 1573 διελέγετο.
845 1507 951 1559 Καὶ
993 1509 1195 1576 μεταξὺ
1231 1509 1422 1577 ἄγριον
1456 1508 1548 1560 καὶ
1586 1509 1747 1577 δριμὺ

174 1598 385 1650 τούτων
412 1595 432 1668 [
463 1600 595 1667 forte
650 1598 882 1670 τούτοις]
916 1599 1220 1668 ὲμὸλέιξαας·
1255 1601 1408 1653 Ὅσοι
1448 1601 1539 1653 καὶ
1576 1601 1748 1671 ὑμῶν,

177 1690 306 1756 ἔφη,
354 1688 427 1758 μὴ
480 1691 591 1752 τοῖς
641 1689 937 1759 βασιλικοῖς
976 1690 1338 1761 θεσπίσμασιν
1388 1692 1606 1758 ἕπεσθε,
1656 1692 1754 1755 τὰς

180 1781 578 1848 στρατιωτικὰς
615 1780 994 1847 διαλυσάμενοι
1044 1782 1219 1845 ζώνας
1253 1786 1491 1852 γυμνοὺς
1526 1785 1754 1847 ἑαυτοὺς

1849 597 2009 651 modo
2048 599 2235 662 enim,
2303 601 2392 668 qui
2438 599 2740 655 dormiebat
2788 614 3084 670 oppressus
3142 600 3410 668 profunda

1844 690 2060 757 crapula
2102 690 2473 761 impietatis?)
2502 692 2611 762 Ego
2638 701 2710 756 te,
2736 691 2907 761 inquit
2932 731 2946 757 ,
2981 706 3103 746 sum
3131 691 3375 747 hortatus
3397 731 3410 754 ,

1848 790 1907 835 ut
1943 781 2312 850 exsequereris
2343 783 2494 850 jussa
2527 784 2902 853 imperatoris,
2951 793 3007 840 et
3055 784 3161 840 diis
3206 783 3413 840 faceres

1846 885 1907 923 ea
1960 885 2080 938 quae
2109 871 2289 925 solent
2333 871 2445 925 lieri
2482 890 2494 925 :
2539 874 2635 927 sed
2689 881 2747 928 tu
2774 912 2787 937 ,
2847 884 2906 928 ut
2960 873 3151 938 video,
3182 881 3237 927 et
3284 873 3416 927 deos

1846 958 2082 1027 despicis
2114 967 2168 1013 et
2212 959 2611 1028 imperatorem.
2652 972 2711 1015 ut
2743 963 2856 1032 qui,
2884 978 3020 1031 quos
3051 963 3140 1018 ille
3197 963 3414 1032 quidem

1847 1047 1997 1111 colit,
2062 1048 2195 1103 deos
2241 1056 2348 1103 tam
2404 1050 2743 1118 impudenter
2795 1053 3008 1121 probris
3064 1052 3309 1108 aﬂeceris
3358 1060 3416 1106 et

1849 1141 2227 1206 contumeliis;
2263 1157 2452 1196 novam
2483 1142 2595 1212 (l0)
2627 1152 2805 1197 autem
2838 1152 3037 1212 praeter
3075 1146 3213 1200 hanc
3248 1146 3417 1199 intro-

1850 1231 2014 1285 ducas
2038 1233 2347 1301 religionem
2369 1275 2383 1299 ,
2417 1244 2471 1288 et
2498 1244 2555 1289 ut
2586 1250 2706 1289 eam
2736 1234 3070 1304 suscipiaut(
3093 1244 3152 1289 ut
3176 1238 3240 1291 ad
3270 1248 3417 1290 meas

1851 1337 2010 1378 aures
2045 1326 2334 1396 pervenit)
2365 1326 2548 1381 multis
2596 1327 2945 1396 persuadeas.

1924 1417 1988 1469 Χ.
2038 1420 2162 1472 Haec
2217 1418 2433 1473 diccbat
2495 1433 2729 1488 prases,
2791 1420 2976 1474 multis
3027 1418 3286 1474 militibus
3316 1419 3420 1473 cir-

1852 1506 2342 1573 cumsistentibus;
2378 1523 2515 1576 quos
2555 1509 2641 1563 ille
2678 1508 2892 1563 interim
2924 1517 3077 1563 torve
3131 1516 3185 1562 et
3216 1508 3416 1562 feroci-

1854 1606 1935 1653 ter
1967 1599 2196 1654 intuitus
2231 1617 2244 1652 :
2281 1600 2602 1670 Quicunque
2662 1616 2729 1656 ex
2795 1600 2984 1665 vobis,
3029 1602 3236 1671 inquit,
3265 1601 3418 1670 jussu

1856 1693 2002 1763 regia
2034 1708 2142 1747 non
2166 1693 2453 1763 sequimini
2480 1736 2495 1759 ,
2515 1708 2612 1748 vos
2634 1692 2959 1748 militaribus
2988 1694 3187 1748 tunicis
3212 1707 3415 1747 exuen-

1860 1792 1944 1838 tes
1963 1825 1975 1847 ,
2009 1786 2317 1854 cognoscite
2349 1799 2469 1839 esse
2499 1784 2676 1839 nudos
2700 1784 2767 1839 ab
2795 1784 3098 1855 insignibus
3119 1783 3414 1855 dignitatis.

177 1845 291 1923 τών
322 1872 422 1941 τῆς
451 1873 604 1935 ἀξίας
637 1845 920 1941 συμϐόλων
951 1845 1275 1941 γνωρίσατεί
1298 1845 1363 1926 ’έί
1393 1874 1548 1927 τοῦτο
1576 1845 1747 1941 λέγων

1857 1845 1971 1926 Cur
1995 1845 2103 1927 hoc
2158 1883 2339 1928 autem
2386 1874 2599 1929 dicebat
2630 1874 2720 1928 ille
2766 1845 3081 1944 improbus?
3106 1845 3209 1938 Ut‘,
3249 1874 3295 1928 si
3324 1872 3419 1942 qui

182 1964 213 2014 ὸ
246 1964 480 2033 πονηρὸς
508 1964 745 2027 ὲκεῖνος;
776 1962 961 2023 Ὅπως
991 1963 1043 2015 εί
1063 1980 1203 2027 τινες
1227 1965 1313 2018 διὰ
1337 1964 1433 2036 τὴν
1460 1966 1555 2036 τῆς
1587 1984 1747 2036 στρα·

182 2054 335 2116 τείας
368 2054 655 2106 κοινωνίαν
686 2054 874 2121 φιλίως
904 2054 980 2124 τῷ
1012 2055 1242 2125 Εὔδοξίῳ
1276 2056 1485 2127 ἔχοντες
1506 2099 1520 2123 ,
1553 2074 1746 2111 κοινω-

184 2149 297 2197 νεῖν
328 2145 472 2212 αὐτῷ
502 2146 594 2198 καὶ
622 2147 720 2213 τῆς
748 2146 971 2216 γνώμης
1007 2148 1297 2218 βούλοιντο,
1327 2151 1646 2204 αίδεσθῶσιν
1690 2154 1748 2205 ὲν

182 2234 423 2302 τοσούτῳ
456 2233 647 2305 πλήθει
680 2236 1106 2301 ἁποστατοῦντες
1134 2240 1286 2293 αὐτοὶ
1318 2241 1467 2309 μόνοι
1493 2259 1507 2275 ο
1537 2241 1748 2310 ὀλίγους

184 2324 295 2395 γὰρ
317 2320 453 2377 εἶναι
485 2326 826 2381 παντάπασιν
864 2329 1059 2392 αὐτοὺς
1091 2328 1225 2399 ᾤετο
1250 2348 1263 2361 ·
1296 2331 1586 2385 κάντεῦθεν
1612 2332 1747 2400 όμοῦ

184 2416 291 2484 μὲν
319 2416 410 2470 τὸν
440 2414 688 2482 Εὑδόξιον
714 2419 977 2487 αἰσχύνοι,
1008 2420 1260 2489 ἀλλότρια
1288 2421 1427 2475 οῦτω
1457 2423 1554 2490 τῆς
1584 2442 1749 2495 στρα-

180 2508 310 2571 τιᾶς
347 2508 527 2576 πάσης
564 2507 863 2575 φρονοῦντα
888 2524 902 2539 ·
952 2507 1086 2577 ὁμοῦ
1130 2509 1185 2561 δὲ
1214 2511 1306 2562 καὶ
1356 2512 1511 2579 μόνον
1541 2514 1749 2583 εὑρὼν,

180 2599 447 2667 χρήσαιτο
471 2598 617 2666 αὐτῷ
650 2601 745 2652 ὅτι
778 2599 872 2651 καὶ
906 2598 1163 2666 βούλοιτο.
1213 2600 1350 2653 Ἀλλ’
1385 2604 1411 2654 ὁ
1446 2603 1749 2674 δρασσόμεο

178 2706 273 2749 νος
299 2689 423 2752 τοὺς
475 2691 668 2756 σοφοὺς
704 2693 760 2745 ὲν
795 2694 860 2761 τῇ
898 2696 1201 2766 πανουργίᾳ
1245 2695 1444 2762 αὐτῶν,
1488 2698 1626 2751 κατὰ
1658 2700 1755 2770 τῆς

177 2777 395 2831 ἐκείνου
450 2781 647 2849 μᾶλλον
695 2784 932 2853 κεφαλῆς
970 2787 1068 2853 τὴν
1101 2786 1378 2855 μεθοδείαν
1423 2791 1752 2860 περιέτρεπε

180 2870 414 2940 ταύτην.
451 2873 616 2927 Οῦπω
646 2873 751 2944 γὰρ
790 2878 816 2927 ὁ
844 2877 949 2938 πᾶς
982 2876 1137 2943 λόγος
1166 2877 1315 2947 αύτῷ
1358 2879 1565 2946 εἴρητο,
1609 2882 1701 2933 καὶ
1729 2886 1756 2935 ὁ

178 2964 434 3026 γενναῖος
463 2963 710 3030 Εὐδόξιος
741 2966 1024 3035 (ἐτύγχανε
1078 2966 1184 3037 γὰρ
1214 2966 1330 3020 τότε
1360 2967 1427 3021 τὰ
1456 2971 1755 3040 παράσημα

176 3054 284 3120 τῆς
311 3054 491 3120 ἀρχῆς
526 3057 922 3126 περικείμενος)
947 3058 1041 3128 τὴν
1058 3057 1233 3130 ζώνην
1262 3059 1421 3123 εὐθὺς
1444 3062 1656 3130 ἀφελὼν
1680 3063 1758 3133 τῷ

1848 1973 2073 2034 propter
2099 1965 2303 2019 militia:
2323 1967 2636 2020 societatem
2660 1966 2800 2020 bene
2825 1966 3025 2019 vellent
3057 1963 3298 2021 Eudoxio
3319 2005 3331 2028 ,
3365 1974 3421 2020 et

1850 2067 2033 2111 essent
2052 2056 2104 2110 in
2127 2056 2335 2119 eadem,
2366 2056 2417 2110 in
2444 2072 2546 2125 qua
2571 2058 2689 2125 ipse
2715 2057 3006 2121 sententia,
3032 2057 3420 2110 erubescerent

1850 2144 1954 2214 ipsi
1971 2144 2065 2199 soli
2085 2143 2397 2199 deﬁcientes
2424 2145 2477 2197 in
2498 2151 2643 2199 tanta
2669 2142 3048 2210 multitudine;
3073 2142 3420 2198 existimabat

1851 2236 1993 2291 enim
2009 2251 2101 2290 eos
2118 2237 2339 2290 omnino
2357 2251 2475 2295 esse
2496 2251 2693 2302 paucos
2712 2276 2726 2298 ,
2749 2245 2801 2288 et
2822 2236 2981 2288 simul
2996 2236 3213 2304 quidem
3232 2235 3419 2288 volens

1852 2327 2056 2396 pudore
2094 2327 2305 2381 allicere
2338 2326 2637 2380 Eudoxium
2658 2326 2783 2395 ,qui
2809 2326 2888 2381 sic
2922 2326 3192 2384 videretur
3216 2326 3420 2379 sentire

1855 2418 2065 2473 diversa
2099 2433 2129 2471 a
2157 2426 2266 2472 toto
2282 2418 2557 2483 exercitu;
2585 2429 2640 2475 et
2664 2418 2709 2473 si
2730 2420 2905 2473 solum
2930 2433 3053 2472 eum
3096 2416 3416 2482 invenisset,

1855 2510 1921 2565 de
1934 2524 1999 2565 eo
2014 2509 2235 2575 faceret,
2254 2511 2393 2579 quod
2410 2511 2586 2565 vellet.
2607 2510 2711 2565 Sed
2725 2511 2815 2579 qui
2834 2509 3189 2580 apprehendit
3203 2509 3418 2578 sapien-

1858 2609 1938 2654 tes
1964 2602 2017 2654 in
2048 2602 2247 2655 astutia
2290 2617 2515 2667 eorum,
2551 2602 2602 2655 id
2626 2653 2641 2675 ,
2696 2602 2840 2672 quod
2886 2601 3257 2671 excogitarat,
3285 2616 3423 2654 con-

1858 2690 2018 2744 vertit
2046 2690 2098 2743 in
2131 2690 2249 2759 ejus
2278 2699 2468 2760 caput.
2508 2691 2761 2745 Nondum
2819 2692 2967 2745 enim
3018 2698 3187 2745 totam
3240 2687 3423 2743 absol-

1857 2792 2008 2840 verat
2035 2782 2339 2841 orationem
2362 2825 2376 2847 ,
2416 2792 2470 2837 et
2500 2784 2746 2853 egregius
2776 2783 2864 2837 ille
2910 2781 3188 2836 Eudoxius
3242 2781 3261 2851 (
3288 2790 3421 2836 tunc

1858 2880 2002 2932 enim
2032 2886 2151 2932 erat
2195 2876 2418 2931 indutus
2470 2876 2667 2947 insigni
2718 2874 3101 2945 magistratus)
3136 2889 3273 2927 zona
3306 2882 3419 2928 sta-

1861 2970 1953 3024 tim
1988 2969 2192 3030 ablata,
2236 2981 2354 3021 eam
2404 2965 2615 3036 projicit
2640 2966 2691 3019 in
2743 2966 2935 3020 faciem
2980 2965 3226 3034 prasidis
3269 2965 3378 3031 (11)
3404 3002 3419 3016 .

1861 3056 1975 3112 Hoc
2001 3064 2181 3110 autem
2221 3055 2395 3109 visum
2418 3062 2500 3108 est
2529 3054 2649 3108 aliis
2674 3053 2982 3109 adhortatio
3015 3062 3070 3108 et
3094 3054 3241 3107 zelus
3272 3053 3419 3122 (12);

179 3145 462 3215 προσώπῳ
477 3146 568 3198 τοῦ
585 3148 837 3216 ἄρχοντος
861 3153 1191 3222 ὲπιρρίπτει.
1212 3151 1378 3204 Τοῦτο
1395 3154 1450 3205 δὲ
1479 3158 1757 3226 προτροπὴ

1863 3157 1937 3212 et,
1973 3157 2122 3204 totus
2148 3188 2161 3212 ,
2200 3147 2293 3216 qui
2344 3146 2728 3202 circumstabat
2768 3161 3069 3210 numerus,
3130 3145 3222 3216 qui
3261 3153 3417 3200 erant

177 3236 295 3296 τοῖς
348 3235 524 3300 ἄλλοις
577 3238 788 3306 ἐγένετο
840 3240 935 3291 καὶ
972 3238 1129 3309 ζῆλον
1189 3238 1366 3310 [adde
1396 3242 1625 3313 ἀνῆψεΓ
1670 3250 1761 3298 καὶ

179 3328 212 3380 ό
247 3328 546 3400 περιεστὼς
574 3329 716 3393 ἄπας
742 3331 1062 3398 κατάλογος,
1096 3331 1358 3403 τέσσαρες
1385 3333 1475 3385 ἐπὶ
1500 3336 1611 3398 τοῖς
1638 3336 1763 3391 ἑκα-

182 3423 279 3474 τὸν
310 3425 402 3474 καὶ
426 3423 585 3491 χίλιοι
606 3424 777 3491 ὄντες,
818 3426 1007 3495 ἀγαθῷ
1037 3426 1392 3496 ὑποδείγματι
1424 3427 1500 3497 τῷ
1531 3430 1763 3501 Εύδοξίῳ

179 3512 387 3563 αὐτίκα
435 3512 728 3579 χρώμενοι,
771 3517 867 3575 τὰς
917 3516 1090 3578 ζώνας
1132 3518 1225 3569 καὶ
1271 3517 1415 3569 οῦτοι
1469 3521 1607 3573 κατὰ
1654 3523 1762 3575 τῶν

186 3599 403 3650 ἐκείνου
437 3600 610 3667 ὅψεων
641 3602 1029 3672 ἀπέρῤίπτουν.

260 3687 365 3742 IA'.
395 3689 740 3761 ’Υποπτήξας
771 3689 863 3747 οὖν
885 3698 946 3749 τὸ
977 3695 1177 3766 πλῆθος
1204 3701 1231 3752 ὁ
1258 3697 1481 3770 ἡγεμὼν
1504 3701 1761 3773 ἀναφέρει

188 3783 568 3856 Διοκλητιανῷ
595 3787 664 3841 τὰ
696 3788 789 3841 τοῦ
826 3790 1169 3859 πράγματος.
1211 3793 1270 3846 '0
1303 3793 1356 3846 δὲ
1386 3794 1509 3858 τοὺς
1528 3798 1634 3865 ,μὲν
1666 3798 1765 3866 τῆς

185 3875 449 3943 τοιαύτης
493 3877 694 3948 τόλμης
740 3881 947 3943 αἰτίους
993 3883 1086 3933 καὶ
1134 3884 1403 3952 ἀρχηγοὺς
1459 3888 1763 3954 βαρυτάτας

189 3960 379 4013 δοῦναι
401 3963 497 4023 τὰς
526 3965 793 4034 τιμωρίας
820 3967 1030 4021 κελεύει
1057 3983 1071 3998 ⁶
1099 3969 1197 4038 τὴν
1218 3971 1274 4023 δὲ
1300 3972 1426 4040 περὶ
1455 3973 1563 4025 τῶν
1591 3975 1764 4031 ἄλλων

184 4054 373 4122 ψῆφον
406 4058 469 4122 τῇ
505 4056 666 4127 βουλῇ
713 4059 1033 4132 ἐπιτρέψαι.
1070 4063 1339 4133 Τοιαύτην
1371 4066 1572 4129 ἐκεῖνος
1617 4069 1765 4136 παρά

188 4146 296 4215 τῆς
343 4145 625 4217 βασιλικῆς
679 4152 935 4215 ἀπονοίας
982 4154 1081 4221 τὴν
1127 4157 1370 4221 ἐξουσίαν
1416 4158 1614 4227 λαϐὼν,
1675 4160 1765 4214 τὸν

187 4243 444 4307 γενναῖον
482 4241 730 4308 Εύδόξιον
766 4242 845 4313 τῷ
898 4240 1092 4297 ἑαυτοῦ
1126 4251 1617 4318 παραστησάμενος
1669 4254 1767 4321 κή-

195 4346 332 4398 ματι
377 4328 437 4399 [ι.
486 4331 732 4402 βήματι],
802 4335 911 4399 Τὰς
958 4336 1167 4409 μωρὰς,
1213 4339 1335 4411 ἔφη,
1377 4339 1631 4412 ζητήσεις
1674 4346 1767 4397 καὶ

191 4418 506 4485 ἀντιλογίας
556 4423 650 4475 καὶ
699 4422 795 4490 τῆς
827 4426 1059 4489 διανοίας
1106 4429 1241 4498 ὁμοῦ
1284 4433 1379 4484 καὶ
1400 4432 1495 4498 τῆς
1521 4433 1765 4505 γλώττης

1864 3239 2031 3303 mille,
2058 3250 2274 3294 centum
2298 3247 2351 3293 et
2383 3245 2613 3306 quatuor
2641 3236 2775 3305 (15),
2806 3235 2948 3291 bono
2977 3235 3227 3304 exemplo
3249 3232 3422 3301 proti-

1862 3343 1966 3383 nus
2005 3337 2218 3383 utentes
2266 3325 2527 3392 Eudoxio,
2562 3327 2599 3381 ii
2634 3341 2850 3399 quoque
2886 3327 3232 3398 proiecerunt
3258 3339 3424 3382 zonas

1864 3426 1918 3480 in
1953 3424 2143 3481 faciem
2171 3423 2316 3479 illius
2338 3462 2353 3478 .

1933 3700 2025 3754 XI.
2063 3702 2327 3757 Dubitans
2361 3709 2541 3756 autem
2576 3715 2777 3771 praeses
2808 3701 2875 3755 de
2904 3700 3250 3756 multitudine
3270 3738 3285 3764 ,
3310 3714 3425 3754 rem

1863 3789 2036 3845 defert
2082 3788 2150 3843 ad
2192 3789 2607 3846 Diocletianum.
2653 3790 2748 3846 Ille
2785 3800 2966 3847 autem
3009 3796 3262 3846 auctores
3300 3792 3425 3859 qui—

1863 3882 1987 3936 dem
2020 3887 2183 3937 tantaa
2225 3879 2461 3935 audacia“:
2487 3880 2641 3948 jubet
2679 3882 3013 3950 gravissimis
3051 3881 3184 3936 allici
3218 3880 3427 3949 suppli-

1865 3973 2001 4040 ciis;
2033 3963 2360 4028 sententiam
2388 3979 2571 4026 autem
2617 3970 2685 4025 de
2716 3969 2837 4026 aliis
2884 3969 3161 4025 ferendam
3192 3968 3428 4038 relinqui

1867 4064 2118 4117 senatui.
2155 4061 2305 4115 Hanc
2338 4077 2459 4116 cum
2509 4062 2598 4115 ille
2650 4060 2950 4130 accepisset
2990 4068 3314 4132 potestatem
3360 4058 3429 4114 ab

1866 4150 2208 4220 imperatoris
2268 4151 2540 4214 amentia,
2608 4165 2931 4219 generosum
3010 4150 3311 4203 Eudoxium
3357 4149 3430 4203 si-

1866 4246 2115 4303 stendum
2155 4259 2352 4300 curans
2382 4258 2480 4314 pro
2502 4257 2602 4297 suo
2625 4240 2882 4296 tribunali
2905 4281 2919 4308 ,
2952 4238 3187 4305 Stultas,
3214 4240 3391 4309 inquit
3411 4282 3425 4303 .

1869 4338 2196 4411 quastiones
2223 4346 2277 4392 et
2310 4335 2509 4390 mentis
2542 4342 2597 4389 et
2629 4333 2827 4405 lingua:
2880 4333 3106 4388 mittens
3152 4332 3431 4408 contradi-

1870 4430 2098 4488 ctiones,
2128 4436 2216 4480 tua
2265 4434 2460 4493 sponte
2490 4424 2592 4477 diis
2633 4423 2909 4475 sacriﬁca:
2941 4428 3063 4475 ham
3110 4420 3309 4491 alioqui
3373 4430 3431 4477 ut

191 4508 510 4577 ἁποόαλὼν,
539 4512 697 4567 θῦσον
719 4517 828 4579 τοῖς
846 4515 986 4580 θεοῖς
1009 4517 1150 4572 ἑκών
1178 4536 1192 4552 ·
1229 4522 1350 4573 ἐπεὶ
1372 4525 1463 4575 καὶ
1488 4527 1685 4579 ἄκοντά
1703 4543 1758 4577 σε

1873 4519 1922 4572 id
1963 4519 2162 4572 invitus
2189 4516 2353 4571 facias
2389 4515 2614 4570 omnino
2647 4522 2803 4584 coget
2839 4512 3110 4567 acerbitas
3139 4513 3431 4581 supplicio-

192 4601 259 4653 τὸ
292 4602 560 4672 αὐστηρὸν
615 4606 832 4671 πάντως
884 4608 991 4661 τῶν
1047 4609 1292 4680 βασάνων
1332 4616 1758 4683 παρασκευάσει.

194 4690 314 4743 Καὶ
333 4690 525 4744 αὐτίκα
547 4692 739 4761 δεσμὰ,
762 4698 855 4748 καὶ
879 4699 1109 4769 πληγὰς,
1135 4706 1227 4757 καὶ
1248 4704 1490 4773 εἱρκτὴν,
1514 4706 1609 4760 καὶ
1628 4705 1761 4776 πῦρ,

198 4782 299 4835 καὶ
325 4781 491 4836 τᾶλλ]⁸
534 4784 591 4839 δὲ
641 4786 707 4841 τὰ
760 4787 1032 4857 βαρύτατα
1076 4795 1167 4844 καὶ
1213 4795 1348 4862 πρὸς
1388 4797 1555 4867 ἀκοὴν
1600 4799 1766 4869 μόνην

198 4872 587 4940 ἀπηριθμεῖτο.
654 4877 1004 4945 Ἰλιγγιάσατε
1062 4883 1154 4935 καὶ
1203 4882 1360 4953 ὑμεῖς
1415 4886 1763 4956 ἀκούσαντες,

199 4960 347 5026 οἶδα,
393 4964 487 5018 καὶ
518 4967 643 5035 περὶ
679 4968 786 5022 τῶν
825 4970 951 5038 ἑξῆς
980 4974 1245 5040 ἁγωνιᾶτε
1277 4977 1367 5029 τοῦ
1402 4978 1733 5048 διηγήματος
1754 4995 1769 5010 ⁸

203 5062 343 5130 μήτι
390 5060 481 5115 καὶ
534 5063 561 5113 ὁ
602 5062 755 5130 λόγος
807 5066 897 5123 τὸν
946 5066 1181 5137 ἀθλητὴν
1224 5070 1570 5139 ἐθορύόησεν.
1619 5072 1775 5125 Ἀλλὰ

283 5241 395 5310 (l0)
422 5241 605 5299 (ἴε-περ
639 5248 957 5315 καινοφανῆ,
994 5248 1046 5302 id
1074 5256 1156 5301 est
1184 5249 1401 5307 ,noviter
1431 5258 1769 5316 apparentem

201 5314 325 5368 sive
340 5326 454 5379 quae
472 5330 601 5384 nova
614 5323 853 5383 apparet,
878 5329 907 5367 a
929 5314 1110 5375 καινὸς
1129 5325 1184 5371 et
1201 5320 1392 5384 φαίνω.
1414 5314 1607 5372 νοὸοιιι
1625 5317 1766 5371 illam

204 5381 541 5448 καινοφανὴς
569 5385 620 5436 in
650 5381 799 5438 nullo
832 5384 1011 5440 inveni
1041 5381 1254 5441 Lexico.

281 5451 393 5531 (ll)
425 5449 479 5531 id
510 5461 610 5515 est,
644 5458 1083 5531 coram_p_ra:sigle.
1118 5457 1176 5510 P.
1212 5455 1491 5511 Matthmus
1515 5455 1772 5531 Baderus

208 5521 501 5597 Socigtatis
528 5524 792 5597 nostrznin
822 5521 1053 5597 Historia
1081 5542 1229 5581 sacra
1253 5543 1315 5581 ex
1346 5530 1556 5597 magnis
1587 5530 1771 5587 Eccle-

209 5594 310 5652 siae
338 5592 538 5649 Graeca!
564 5589 778 5648 Menmis
802 5610 958 5653 quam
994 5596 1134 5649 inter
1161 5612 1291 5650 mss.
1319 5589 1599 5651 servamus
1629 5616 1774 5653 eam-

210 5665 334 5716 dem
378 5661 596 5741 phrasin
625 5660 780 5743 eIOgii
814 5660 1005 5716 horum
1045 5676 1337 5745 titartyrtttn
1366 5667 1440 5735 τῷ
1470 5669 1766 5734 προσώπιε),

211 5740 345 5804 _etc..
401 5733 585 5804 vertit,
622 5733 675 5804 in
722 5744 989 5804 conspectu
1041 5733 1273 5801 prasidi:
1324 5733 1532 5804 (Infecit.
1583 5738 1770 5796 Testa-

214 5801 415 5855 bantur
458 5800 751 5857 Christiani
809 5802 892 5855 illa
946 5800 1091 5857 zonae
1156 5800 1453 5872 abjecliorte
1521 5822 1576 5861 se
1635 5810 1773 5861 nolle

1870 4624 1988 4665 rum
2010 4648 2023 4665 .
2055 4608 2119 4665 Et
2153 4609 2335 4665 statim
2363 4605 2703 4663 enumeravit
2746 4603 2981 4667 vincula,
3022 4612 3077 4657 et
3122 4602 3305 4672 plagas
3330 4641 3344 4667 ,
3375 4613 3431 4657 et

1870 4717 2143 4758 carcerem
2164 4741 2179 4765 ,
2214 4711 2268 4756 et
2299 4702 2479 4770 ignem
2504 4738 2519 4762 ,
2561 4707 2618 4752 et
2673 4711 3012 4767 quaecunque
3043 4695 3127 4750 vel
3171 4694 3287 4749 solo
3318 4708 3430 4747 au—

1871 4796 1986 4852 ditu
2018 4802 2144 4849 sunt
2199 4792 2537 4863 gravissima.
2583 4788 2866 4862 Caligastis
2918 4804 3017 4844 vos
3067 4802 3319 4856 quoque,
3348 4795 3432 4841 sat

1874 4886 2019 4953 scio,
2055 4886 2170 4943 haec
2200 4885 2484 4940 audientes
2505 4925 2520 4947 ,
2553 4892 2608 4937 et
2655 4881 2800 4935 anxii
2832 4880 2965 4935 estis
3007 4878 3077 4932 de
3111 4878 3428 4932 narratione

1870 4992 2056 5031 eorum
2100 4991 2219 5043 quae
2269 4975 2526 5042 deinceps
2572 4978 2873 5041 sequuntur
2908 4987 2919 5022 :
2950 4984 3080 5022 num
3117 4968 3327 5024 scilicet
3366 4983 3428 5022 ea

1872 5068 2046 5123 oratio
2078 5067 2416 5123 conturbarit
2460 5064 2743 5119 athletam.
2780 5061 2886 5117 Sed
2926 5069 3098 5116 estote
3131 5061 3276 5115 bono
3306 5058 3427 5113 ani-

1872 5254 2030 5304 lidem
2061 5250 2343 5313 abnegarc,
2375 5248 2599 5317 ideoque
2631 5244 2769 5317 ultro
2796 5239 3109 5317 renuntiare
3130 5237 3427 5317 honoribus

1872 5332 1982 5377 tum
2011 5306 2339 5387 militaribus.
2358 5326 2471 5387 tum
2498 5306 2941 5387 palatinis-quod
3073 5306 3427 5387 Basilius.th-

1870 5400 1955 5446 cet
1984 5391 2051 5445 de
2081 5388 2136 5442 S.
2168 5385 2366 5441 Gordio
2396 5384 2463 5437 Μ.
2492 5377 2634 5439 [omo
2667 5377 3034 5458 lll_{atttlarii,
3070 5377 3355 5458 pag:__151_.

1946 5462 2055 5533 (12)
2081 5458 2267 5512 Melius
2309 5458 2395 5533 _sic
2427 5464 2646 5508 vertas:
2688 5472 2705 5503 ι
2733 5450 2861 5533 .l'loc
2909 5457 3085 5533 autem
3140 5448 3258 5533 aliis
3290 5448 3422 5533 _fuit

1873 5521 2213 5585 hortamento
2243 5523 2833 5597 zelumqueracccndit;
2867 5541 2883 5573 ι
2921 5530 3041 5571 nam
3090 5521 3430 5597 accusativus

1872 5603 2033 5670 ζῆλον
2058 5600 2164 5670 regi
2192 5598 2353 5670 debet
2378 5589 2452 5649 ab'
2499 5596 2676 5659 aliquo
2727 5594 2909 5655 verbo,
2976 5589 3117 5656 quod
3169 5589 3428 5644 omissum

1877 5668 1959 5730 est
1993 5672 2042 5723 in
2074 5668 2384 5739 apographo
2417 5673 2621 5739 nostro.

1952 5740 2059 5809 (l5)
2086 5734 2209 5793 Vide
2234 5735 2710 5798 (lommentarium,
2749 5749 2893 5788 num.
2922 5734 2976 5787 9.
