  <div class='ocr_page' id='page_1' title='image "/cluster/home/n/w/nwhite01/storage/ocr_20150623/115/pst.000005714285/390.png"; bbox 0 0 4170 6322; ppageno 0'>
   <div class='ocr_carea' id='block_1_1' title="bbox 171 424 268 489">
    <p class='ocr_par' dir='ltr' id='par_1_1' title="bbox 171 424 268 489">
     <span class='ocr_line' id='line_1_1' title="bbox 171 424 268 489; baseline -0.041 -1"><span class='ocrx_word' id='word_1_1' title='bbox 171 424 268 489; x_wconf 78' lang='lat'><strong>529</strong></span> 
     </span>
    </p>
   </div>
   <div class='ocr_carea' id='block_1_2' title="bbox 1112 413 2417 489">
    <p class='ocr_par' dir='ltr' id='par_1_2' title="bbox 1112 413 2417 489">
     <span class='ocr_line' id='line_1_2' title="bbox 1112 413 2417 489; baseline 0 -12"><span class='ocrx_word' id='word_1_2' title='bbox 1112 416 1301 477; x_wconf 78' lang='lat' dir='ltr'><strong>ACTA</strong></span> <span class='ocrx_word' id='word_1_3' title='bbox 1337 416 1441 477; x_wconf 91' lang='lat' dir='ltr'><strong>SS.</strong></span> <span class='ocrx_word' id='word_1_4' title='bbox 1486 414 1836 489; x_wconf 80' lang='lat' dir='ltr'><strong>EUDOXII,</strong></span> <span class='ocrx_word' id='word_1_5' title='bbox 1886 413 2208 488; x_wconf 81' lang='lat' dir='ltr'><strong>ROMULI,</strong></span> <span class='ocrx_word' id='word_1_6' title='bbox 2257 414 2417 477; x_wconf 86' lang='lat' dir='ltr'><strong>ETC.</strong></span> 
     </span>
    </p>
   </div>
   <div class='ocr_carea' id='block_1_3' title="bbox 3283 422 3387 485">
    <p class='ocr_par' dir='ltr' id='par_1_3' title="bbox 3283 422 3387 485">
     <span class='ocr_line' id='line_1_3' title="bbox 3283 422 3387 485; baseline -0.106 1"><span class='ocrx_word' id='word_1_7' title='bbox 3283 422 3387 485; x_wconf 74' lang='lat'>630</span> 
     </span>
    </p>
   </div>
   <div class='ocr_carea' id='block_1_4' title="bbox 168 530 1759 607">
    <p class='ocr_par' dir='ltr' id='par_1_4' title="bbox 168 530 1759 605">
     <span class='ocr_line' id='line_1_4' title="bbox 168 530 1759 605; baseline -0.006 -12"><span class='ocrx_word' id='word_1_8' title='bbox 168 539 263 593; x_wconf 84' lang='grc' dir='ltr'><strong>οὐκ</strong></span> <span class='ocrx_word' id='word_1_9' title='bbox 310 534 564 605; x_wconf 76' lang='grc' dir='ltr'>ἐνεγκὼν,</span> <span class='ocrx_word' id='word_1_10' title='bbox 610 534 741 588; x_wconf 77' lang='grc' dir='ltr'>ἀλλὰ</span> <span class='ocrx_word' id='word_1_11' title='bbox 781 530 1123 603; x_wconf 82' lang='grc' dir='ltr'>Θερμότερος.</span> <span class='ocrx_word' id='word_1_12' title='bbox 1150 532 1345 585; x_wconf 76' lang='grc' dir='ltr'>ἑαυτοῦ</span> <span class='ocrx_word' id='word_1_13' title='bbox 1402 531 1580 598; x_wconf 81' lang='grc' dir='ltr'>πολλῷ</span> <span class='ocrx_word' id='word_1_14' title='bbox 1628 531 1759 602; x_wconf 80' lang='grc' dir='ltr'>τὴν,</span> 
     </span>
    </p>
   </div>
   <div class='ocr_carea' id='block_1_5' title="bbox 1850 530 3387 607">
    <p class='ocr_par' dir='ltr' id='par_1_5' title="bbox 1850 531 3387 607">
     <span class='ocr_line' id='line_1_5' title="bbox 1850 531 3387 607; baseline 0.009 -24"><span class='ocrx_word' id='word_1_15' title='bbox 1850 545 2029 585; x_wconf 70' lang='lat' dir='ltr'><strong>irzescs</strong></span> <span class='ocrx_word' id='word_1_16' title='bbox 2070 531 2398 597; x_wconf 84' lang='lat' dir='ltr'><strong>lrrisionem,</strong></span> <span class='ocrx_word' id='word_1_17' title='bbox 2441 533 2533 588; x_wconf 87' lang='lat' dir='ltr'><strong>sed</strong></span> <span class='ocrx_word' id='word_1_18' title='bbox 2578 533 2734 605; x_wconf 74' lang='lat' dir='ltr'><strong>longe</strong></span> <span class='ocrx_word' id='word_1_19' title='bbox 2768 531 2976 592; x_wconf 80' lang='lat' dir='ltr'><strong>acriore</strong></span> <span class='ocrx_word' id='word_1_20' title='bbox 3016 537 3255 607; x_wconf 73' lang='lat' dir='ltr'><strong>percitus</strong></span> <span class='ocrx_word' id='word_1_21' title='bbox 3304 541 3387 597; x_wconf 90' lang='lat' dir='ltr'><strong>in-</strong></span> 
     </span>
    </p>
   </div>
   <div class='ocr_carea' id='block_1_6' title="bbox 170 624 1723 700">
    <p class='ocr_par' dir='ltr' id='par_1_6' title="bbox 170 624 1723 700">
     <span class='ocr_line' id='line_1_6' title="bbox 170 624 1723 700; baseline -0.004 -17"><span class='ocrx_word' id='word_1_22' title='bbox 170 631 357 700; x_wconf 83' lang='grc' dir='ltr'>μανίαν</span> <span class='ocrx_word' id='word_1_23' title='bbox 390 629 699 696; x_wconf 83' lang='grc' dir='ltr'>γενόμενος,</span> <span class='ocrx_word' id='word_1_24' title='bbox 737 626 993 695; x_wconf 81' lang='grc' dir='ltr'>σφαίραις</span> <span class='ocrx_word' id='word_1_25' title='bbox 1021 625 1110 678; x_wconf 80' lang='grc' dir='ltr'>τὸν</span> <span class='ocrx_word' id='word_1_26' title='bbox 1142 625 1362 678; x_wconf 82' lang='grc' dir='ltr'><strong>τένοντα</strong></span> <span class='ocrx_word' id='word_1_27' title='bbox 1397 624 1723 694; x_wconf 81' lang='grc' dir='ltr'>μολιϐδίναις</span> 
     </span>
    </p>
   </div>
   <div class='ocr_carea' id='block_1_7' title="bbox 172 716 1726 788">
    <p class='ocr_par' dir='ltr' id='par_1_7' title="bbox 172 716 1726 788">
     <span class='ocr_line' id='line_1_7' title="bbox 172 716 1726 788; baseline -0.004 -13"><span class='ocrx_word' id='word_1_28' title='bbox 172 721 494 782; x_wconf 83' lang='grc' dir='ltr'>συνθλάττει,</span> <span class='ocrx_word' id='word_1_29' title='bbox 519 721 612 772; x_wconf 70' lang='grc' dir='ltr'>καὶ</span> <span class='ocrx_word' id='word_1_30' title='bbox 640 716 995 788; x_wconf 81' lang='grc' dir='ltr'>ἀναμοχλεύει</span> <span class='ocrx_word' id='word_1_31' title='bbox 1026 716 1216 769; x_wconf 89' lang='grc' dir='ltr'>τούτου</span> <span class='ocrx_word' id='word_1_32' title='bbox 1247 718 1313 770; x_wconf 80' lang='grc' dir='ltr'>τὰ</span> <span class='ocrx_word' id='word_1_33' title='bbox 1345 717 1544 786; x_wconf 77' lang='grc' dir='ltr'>ἄρθρα.</span> <span class='ocrx_word' id='word_1_34' title='bbox 1573 718 1601 770; x_wconf 83' lang='grc' dir='ltr'><strong>ὃ</strong></span> <span class='ocrx_word' id='word_1_35' title='bbox 1627 719 1726 770; x_wconf 76' lang='grc' dir='ltr'>θα-</span> 
     </span>
    </p>
   </div>
   <div class='ocr_carea' id='block_1_8' title="bbox 168 805 1727 877">
    <p class='ocr_par' dir='ltr' id='par_1_8' title="bbox 168 805 1727 877">
     <span class='ocr_line' id='line_1_8' title="bbox 168 805 1727 877; baseline -0.005 -12"><span class='ocrx_word' id='word_1_36' title='bbox 168 812 335 865; x_wconf 84' lang='grc' dir='ltr'>νάτων</span> <span class='ocrx_word' id='word_1_37' title='bbox 365 812 617 864; x_wconf 83' lang='grc' dir='ltr'>ἁπάντων</span> <span class='ocrx_word' id='word_1_38' title='bbox 639 810 979 877; x_wconf 87' lang='grc' dir='ltr'>πικρότερον.</span> <span class='ocrx_word' id='word_1_39' title='bbox 1012 808 1325 875; x_wconf 83' lang='grc' dir='ltr'>Προσήγετο</span> <span class='ocrx_word' id='word_1_40' title='bbox 1354 806 1642 873; x_wconf 74' lang='grc' dir='ltr'>τοιγαροῦν</span> <span class='ocrx_word' id='word_1_41' title='bbox 1667 805 1727 858; x_wconf 70' lang='grc' dir='ltr'>τὸ</span> 
     </span>
    </p>
   </div>
   <div class='ocr_carea' id='block_1_9' title="bbox 172 894 1726 969">
    <p class='ocr_par' dir='ltr' id='par_1_9' title="bbox 172 894 1726 969">
     <span class='ocr_line' id='line_1_9' title="bbox 172 894 1726 969; baseline -0.005 -16"><span class='ocrx_word' id='word_1_42' title='bbox 172 901 330 968; x_wconf 77' lang='grc' dir='ltr'>ἄηθες</span> <span class='ocrx_word' id='word_1_43' title='bbox 358 901 506 953; x_wconf 74' lang='grc' dir='ltr'>τουτὶ</span> <span class='ocrx_word' id='word_1_44' title='bbox 539 902 833 969; x_wconf 83' lang='grc' dir='ltr'>μηχάνημα</span> <span class='ocrx_word' id='word_1_45' title='bbox 877 898 955 967; x_wconf 82' lang='grc' dir='ltr'>τῷ</span> <span class='ocrx_word' id='word_1_46' title='bbox 980 897 1183 967; x_wconf 81' lang='grc' dir='ltr'>ἀθλητῇ</span> <span class='ocrx_word' id='word_1_47' title='bbox 1220 898 1311 949; x_wconf 77' lang='grc' dir='ltr'>καὶ</span> <span class='ocrx_word' id='word_1_48' title='bbox 1362 896 1543 947; x_wconf 82' lang='grc' dir='ltr'>καινόν</span> <span class='ocrx_word' id='word_1_49' title='bbox 1565 912 1577 923; x_wconf 91' lang='grc'><strong>·</strong></span> <span class='ocrx_word' id='word_1_50' title='bbox 1611 897 1637 946; x_wconf 98' lang='lat'><strong>6</strong></span> <span class='ocrx_word' id='word_1_51' title='bbox 1669 894 1726 946; x_wconf 78' lang='grc' dir='ltr'><strong>δὲ</strong></span> 
     </span>
    </p>
   </div>
   <div class='ocr_carea' id='block_1_10' title="bbox 170 985 1727 1060">
    <p class='ocr_par' dir='ltr' id='par_1_10' title="bbox 170 985 1727 1060">
     <span class='ocr_line' id='line_1_10' title="bbox 170 985 1727 1060; baseline -0.006 -16"><span class='ocrx_word' id='word_1_52' title='bbox 170 992 352 1060; x_wconf 84' lang='grc' dir='ltr'>ὥσπερ</span> <span class='ocrx_word' id='word_1_53' title='bbox 374 1009 453 1053; x_wconf 89' lang='grc' dir='ltr'><strong>τις</strong></span> <span class='ocrx_word' id='word_1_54' title='bbox 480 992 752 1051; x_wconf 83' lang='grc' dir='ltr'>ἀνάλωτος</span> <span class='ocrx_word' id='word_1_55' title='bbox 775 989 971 1057; x_wconf 72' lang='grc' dir='ltr'>ἕστηκε</span> <span class='ocrx_word' id='word_1_56' title='bbox 1001 989 1227 1057; x_wconf 84' lang='grc' dir='ltr'>πύργος,</span> <span class='ocrx_word' id='word_1_57' title='bbox 1257 986 1391 1055; x_wconf 75' lang='grc' dir='ltr'>μηδὲ</span> <span class='ocrx_word' id='word_1_58' title='bbox 1416 985 1586 1053; x_wconf 79' lang='grc' dir='ltr'>βραχὺ</span> <span class='ocrx_word' id='word_1_59' title='bbox 1610 987 1727 1045; x_wconf 81' lang='grc' dir='ltr'>ταῖς</span> 
     </span>
    </p>
   </div>
   <div class='ocr_carea' id='block_1_11' title="bbox 168 1079 1726 1152">
    <p class='ocr_par' dir='ltr' id='par_1_11' title="bbox 168 1079 1726 1152">
     <span class='ocr_line' id='line_1_11' title="bbox 168 1079 1726 1152; baseline -0.008 -15"><span class='ocrx_word' id='word_1_60' title='bbox 168 1086 368 1137; x_wconf 76' lang='grc' dir='ltr'>ἐκείνου</span> <span class='ocrx_word' id='word_1_61' title='bbox 392 1082 677 1152; x_wconf 80' lang='grc' dir='ltr'>προϐολαῖς</span> <span class='ocrx_word' id='word_1_62' title='bbox 699 1082 1167 1150; x_wconf 79' lang='grc' dir='ltr'>διασαλευόμενος.</span> <span class='ocrx_word' id='word_1_63' title='bbox 1203 1080 1259 1132; x_wconf 85' lang='grc' dir='ltr'>Ὀ</span> <span class='ocrx_word' id='word_1_64' title='bbox 1285 1081 1505 1147; x_wconf 83' lang='grc' dir='ltr'>ἡγεμὼν</span> <span class='ocrx_word' id='word_1_65' title='bbox 1527 1079 1726 1139; x_wconf 73' lang='grc' dir='ltr'>τοίνυν,</span> 
     </span>
    </p>
   </div>
   <div class='ocr_carea' id='block_1_12' title="bbox 169 1167 1724 1244">
    <p class='ocr_par' dir='ltr' id='par_1_12' title="bbox 169 1167 1724 1244">
     <span class='ocr_line' id='line_1_12' title="bbox 169 1167 1724 1244; baseline -0.007 -17"><span class='ocrx_word' id='word_1_66' title='bbox 169 1176 288 1227; x_wconf 71' lang='grc' dir='ltr'>ἐπεὶ</span> <span class='ocrx_word' id='word_1_67' title='bbox 310 1175 382 1244; x_wconf 81' lang='grc' dir='ltr'>μὴ</span> <span class='ocrx_word' id='word_1_68' title='bbox 404 1173 594 1241; x_wconf 73' lang='grc' dir='ltr'>ἔφερεν</span> <span class='ocrx_word' id='word_1_69' title='bbox 615 1175 850 1243; x_wconf 67' lang='grc' dir='ltr'>αἰσχρῶς</span> <span class='ocrx_word' id='word_1_70' title='bbox 880 1171 1019 1225; x_wconf 69' lang='grc' dir='ltr'>οὕτω</span> <span class='ocrx_word' id='word_1_71' title='bbox 1048 1171 1368 1237; x_wconf 62' lang='grc' dir='ltr'>διὰξπάντων</span> <span class='ocrx_word' id='word_1_72' title='bbox 1399 1167 1724 1235; x_wconf 75' lang='grc' dir='ltr'><strong>ἡττώμενος,</strong></span> 
     </span>
    </p>
   </div>
   <div class='ocr_carea' id='block_1_13' title="bbox 169 1258 1728 1336">
    <p class='ocr_par' dir='ltr' id='par_1_13' title="bbox 169 1258 1728 1336">
     <span class='ocr_line' id='line_1_13' title="bbox 169 1258 1728 1336; baseline -0.008 -15"><span class='ocrx_word' id='word_1_73' title='bbox 169 1268 389 1321; x_wconf 82' lang='grc' dir='ltr'>θάνατον</span> <span class='ocrx_word' id='word_1_74' title='bbox 417 1266 579 1320; x_wconf 84' lang='grc' dir='ltr'>αὑτοῦ</span> <span class='ocrx_word' id='word_1_75' title='bbox 616 1266 969 1336; x_wconf 78' lang='grc' dir='ltr'>κατακρίνειο</span> <span class='ocrx_word' id='word_1_76' title='bbox 1003 1264 1191 1333; x_wconf 78' lang='grc' dir='ltr'>ἠγάπα</span> <span class='ocrx_word' id='word_1_77' title='bbox 1233 1264 1340 1330; x_wconf 72' lang='grc' dir='ltr'><strong>γάρ</strong></span> <span class='ocrx_word' id='word_1_78' title='bbox 1379 1263 1424 1312; x_wconf 84' lang='grc' dir='ltr'>εἰ</span> <span class='ocrx_word' id='word_1_79' title='bbox 1461 1260 1553 1313; x_wconf 70' lang='grc' dir='ltr'><strong>καὶ</strong></span> <span class='ocrx_word' id='word_1_80' title='bbox 1587 1258 1728 1310; x_wconf 67' lang='grc' dir='ltr'>οὕτω</span> 
     </span>
    </p>
   </div>
   <div class='ocr_carea' id='block_1_14' title="bbox 168 1358 865 1426">
    <p class='ocr_par' dir='ltr' id='par_1_14' title="bbox 168 1358 865 1426">
     <span class='ocr_line' id='line_1_14' title="bbox 168 1358 865 1426; baseline -0.004 -16"><span class='ocrx_word' id='word_1_81' title='bbox 168 1360 260 1421; x_wconf 82' lang='grc' dir='ltr'><strong>τοῦ</strong></span> <span class='ocrx_word' id='word_1_82' title='bbox 288 1358 476 1426; x_wconf 73' lang='grc' dir='ltr'>ἀνδρὸς</span> <span class='ocrx_word' id='word_1_83' title='bbox 505 1358 865 1425; x_wconf 73' lang='grc' dir='ltr'><strong>ἀπαλλαγείη.</strong></span> 
     </span>
    </p>
   </div>
   <div class='ocr_carea' id='block_1_15' title="bbox 242 1443 1732 1516">
    <p class='ocr_par' dir='ltr' id='par_1_15' title="bbox 242 1443 1732 1516">
     <span class='ocr_line' id='line_1_15' title="bbox 242 1443 1732 1516; baseline -0.003 -15"><span class='ocrx_word' id='word_1_84' title='bbox 242 1450 337 1502; x_wconf 86' lang='lat' dir='ltr'><strong>IE&#39;.</strong></span> <span class='ocrx_word' id='word_1_85' title='bbox 364 1449 569 1516; x_wconf 75' lang='grc' dir='ltr'>Πλῆθος</span> <span class='ocrx_word' id='word_1_86' title='bbox 587 1443 677 1500; x_wconf 84' lang='grc' dir='ltr'><strong>οὖν</strong></span> <span class='ocrx_word' id='word_1_87' title='bbox 699 1447 860 1500; x_wconf 79' lang='grc' dir='ltr'>αὑτὸν</span> <span class='ocrx_word' id='word_1_88' title='bbox 881 1446 1089 1515; x_wconf 84' lang='grc' dir='ltr'>δημίων</span> <span class='ocrx_word' id='word_1_89' title='bbox 1116 1446 1522 1515; x_wconf 77' lang='grc' dir='ltr'>παραλαϐόντες</span> <span class='ocrx_word' id='word_1_90' title='bbox 1546 1444 1732 1514; x_wconf 80' lang='grc' dir='ltr'>ἐπειδὴ</span> 
     </span>
    </p>
   </div>
   <div class='ocr_carea' id='block_1_16' title="bbox 169 1536 1734 1609">
    <p class='ocr_par' dir='ltr' id='par_1_16' title="bbox 169 1536 1734 1609">
     <span class='ocr_line' id='line_1_16' title="bbox 169 1536 1734 1609; baseline -0.004 -16"><span class='ocrx_word' id='word_1_91' title='bbox 169 1552 263 1597; x_wconf 77' lang='grc' dir='ltr'>τον,</span> <span class='ocrx_word' id='word_1_92' title='bbox 286 1540 382 1607; x_wconf 80' lang='grc' dir='ltr'>τῆς</span> <span class='ocrx_word' id='word_1_93' title='bbox 410 1538 677 1609; x_wconf 76' lang='grc' dir='ltr'><strong>τιμωρίας</strong></span> <span class='ocrx_word' id='word_1_94' title='bbox 706 1537 997 1591; x_wconf 86' lang='grc' dir='ltr'>κατέλαϐον</span> <span class='ocrx_word' id='word_1_95' title='bbox 1030 1538 1213 1599; x_wconf 84' lang='grc' dir='ltr'>τόπον,</span> <span class='ocrx_word' id='word_1_96' title='bbox 1246 1539 1431 1605; x_wconf 85' lang='grc' dir='ltr'>χεῖρας</span> <span class='ocrx_word' id='word_1_97' title='bbox 1464 1537 1490 1588; x_wconf 90' lang='lat'><strong>6</strong></span> <span class='ocrx_word' id='word_1_98' title='bbox 1525 1536 1734 1603; x_wconf 77' lang='grc' dir='ltr'><strong>μάρτυς</strong></span> 
     </span>
    </p>
   </div>
   <div class='ocr_carea' id='block_1_17' title="bbox 170 1626 1733 1698">
    <p class='ocr_par' dir='ltr' id='par_1_17' title="bbox 170 1626 1733 1698">
     <span class='ocr_line' id='line_1_17' title="bbox 170 1626 1733 1698; baseline -0.004 -17"><span class='ocrx_word' id='word_1_99' title='bbox 170 1630 261 1682; x_wconf 75' lang='grc' dir='ltr'>καὶ</span> <span class='ocrx_word' id='word_1_100' title='bbox 287 1629 508 1697; x_wconf 79' lang='grc' dir='ltr'>ὄμματα</span> <span class='ocrx_word' id='word_1_101' title='bbox 550 1630 686 1696; x_wconf 80' lang='grc' dir='ltr'>πρὸς</span> <span class='ocrx_word' id='word_1_102' title='bbox 725 1629 949 1698; x_wconf 77' lang='grc' dir='ltr'>οὐρανὸν</span> <span class='ocrx_word' id='word_1_103' title='bbox 984 1628 1249 1697; x_wconf 80' lang='grc' dir='ltr'>ἀνασχὼν,</span> <span class='ocrx_word' id='word_1_104' title='bbox 1285 1628 1527 1679; x_wconf 82' lang='grc' dir='ltr'>Δέσποτα</span> <span class='ocrx_word' id='word_1_105' title='bbox 1564 1626 1733 1694; x_wconf 81' lang='grc' dir='ltr'>Κύριε</span> 
     </span>
    </p>
   </div>
   <div class='ocr_carea' id='block_1_18' title="bbox 168 1718 1730 1790">
    <p class='ocr_par' dir='ltr' id='par_1_18' title="bbox 168 1718 1730 1790">
     <span class='ocr_line' id='line_1_18' title="bbox 168 1718 1730 1790; baseline -0.001 -20"><span class='ocrx_word' id='word_1_106' title='bbox 168 1724 199 1771; x_wconf 86' lang='grc' dir='ltr'><strong>ό</strong></span> <span class='ocrx_word' id='word_1_107' title='bbox 249 1720 398 1785; x_wconf 75' lang='grc' dir='ltr'>Θεὸς,</span> <span class='ocrx_word' id='word_1_108' title='bbox 456 1718 598 1785; x_wconf 84' lang='grc' dir='ltr'>εἷπε,</span> <span class='ocrx_word' id='word_1_109' title='bbox 629 1723 656 1773; x_wconf 93' lang='lat'><strong>6</strong></span> <span class='ocrx_word' id='word_1_110' title='bbox 689 1721 1123 1790; x_wconf 78' lang='grc' dir='ltr'>προσδεξάμενος</span> <span class='ocrx_word' id='word_1_111' title='bbox 1178 1720 1343 1772; x_wconf 81' lang='grc' dir='ltr'>Ἀϐελ</span> <span class='ocrx_word' id='word_1_112' title='bbox 1371 1721 1466 1789; x_wconf 82' lang='grc' dir='ltr'>τὴν</span> <span class='ocrx_word' id='word_1_113' title='bbox 1523 1719 1730 1781; x_wconf 84' lang='grc' dir='ltr'>θυσίαν,</span> 
     </span>
    </p>
   </div>
   <div class='ocr_carea' id='block_1_19' title="bbox 182 1809 1732 1881">
    <p class='ocr_par' dir='ltr' id='par_1_19' title="bbox 182 1809 1732 1881">
     <span class='ocr_line' id='line_1_19' title="bbox 182 1809 1732 1881; baseline -0.001 -19"><span class='ocrx_word' id='word_1_114' title='bbox 182 1810 433 1881; x_wconf 82' lang='grc' dir='ltr'>Ἀϐραάμ</span> <span class='ocrx_word' id='word_1_115' title='bbox 466 1811 891 1880; x_wconf 78' lang='grc' dir='ltr'>ὁλοκαρπώσεις,</span> <span class='ocrx_word' id='word_1_116' title='bbox 913 1813 1018 1864; x_wconf 81' lang='grc' dir='ltr'><strong>τῶν</strong></span> <span class='ocrx_word' id='word_1_117' title='bbox 1052 1813 1146 1864; x_wconf 83' lang='grc' dir='ltr'>ἀπ’</span> <span class='ocrx_word' id='word_1_118' title='bbox 1176 1812 1371 1872; x_wconf 85' lang='grc' dir='ltr'>αίῶνος</span> <span class='ocrx_word' id='word_1_119' title='bbox 1404 1828 1496 1862; x_wconf 85' lang='grc' dir='ltr'><strong>σου</strong></span> <span class='ocrx_word' id='word_1_120' title='bbox 1526 1809 1732 1879; x_wconf 78' lang='grc' dir='ltr'>μαρτύ-</span> 
     </span>
    </p>
   </div>
   <div class='ocr_carea' id='block_1_20' title="bbox 172 1903 1735 1971">
    <p class='ocr_par' dir='ltr' id='par_1_20' title="bbox 172 1903 1735 1971">
     <span class='ocr_line' id='line_1_20' title="bbox 172 1903 1735 1971; baseline 0 -16"><span class='ocrx_word' id='word_1_121' title='bbox 172 1921 281 1969; x_wconf 84' lang='grc' dir='ltr'><strong>ρων</strong></span> <span class='ocrx_word' id='word_1_122' title='bbox 315 1903 406 1956; x_wconf 79' lang='grc' dir='ltr'>καὶ</span> <span class='ocrx_word' id='word_1_123' title='bbox 438 1903 731 1970; x_wconf 80' lang='grc' dir='ltr'>προφητῶν</span> <span class='ocrx_word' id='word_1_124' title='bbox 761 1904 852 1955; x_wconf 78' lang='grc' dir='ltr'><strong>καὶ</strong></span> <span class='ocrx_word' id='word_1_125' title='bbox 878 1904 1100 1956; x_wconf 82' lang='grc' dir='ltr'>δικαίων</span> <span class='ocrx_word' id='word_1_126' title='bbox 1132 1905 1196 1954; x_wconf 74' lang='grc' dir='ltr'><strong>τὰ</strong></span> <span class='ocrx_word' id='word_1_127' title='bbox 1227 1904 1454 1971; x_wconf 79' lang='grc' dir='ltr'>αἵματα,</span> <span class='ocrx_word' id='word_1_128' title='bbox 1493 1904 1585 1955; x_wconf 74' lang='grc' dir='ltr'><strong>καὶ</strong></span> <span class='ocrx_word' id='word_1_129' title='bbox 1612 1904 1735 1963; x_wconf 74' lang='grc' dir='ltr'>τοὺς</span> 
     </span>
    </p>
   </div>
   <div class='ocr_carea' id='block_1_21' title="bbox 172 1994 1736 2064">
    <p class='ocr_par' dir='ltr' id='par_1_21' title="bbox 172 1994 1736 2064">
     <span class='ocr_line' id='line_1_21' title="bbox 172 1994 1736 2064; baseline -0.002 -17"><span class='ocrx_word' id='word_1_130' title='bbox 172 1995 413 2063; x_wconf 83' lang='grc' dir='ltr'>μακροὺς</span> <span class='ocrx_word' id='word_1_131' title='bbox 444 1994 657 2059; x_wconf 81' lang='grc' dir='ltr'>πόνους,</span> <span class='ocrx_word' id='word_1_132' title='bbox 692 1998 785 2046; x_wconf 76' lang='grc' dir='ltr'><strong>καὶ</strong></span> <span class='ocrx_word' id='word_1_133' title='bbox 811 1995 909 2064; x_wconf 77' lang='grc' dir='ltr'><strong>τὴν</strong></span> <span class='ocrx_word' id='word_1_134' title='bbox 938 1995 1191 2063; x_wconf 70' lang='grc' dir='ltr'>ὑπερφυᾶ</span> <span class='ocrx_word' id='word_1_135' title='bbox 1221 1995 1514 2062; x_wconf 70' lang='grc' dir='ltr'>καρτερίαν</span> <span class='ocrx_word' id='word_1_136' title='bbox 1534 2009 1547 2024; x_wconf 86' lang='grc'>⁶</span> <span class='ocrx_word' id='word_1_137' title='bbox 1578 1994 1736 2058; x_wconf 80' lang='grc' dir='ltr'>αὐτὸς</span> 
     </span>
    </p>
   </div>
   <div class='ocr_carea' id='block_1_22' title="bbox 171 2086 1737 2155">
    <p class='ocr_par' dir='ltr' id='par_1_22' title="bbox 171 2086 1737 2155">
     <span class='ocr_line' id='line_1_22' title="bbox 171 2086 1737 2155; baseline 0 -16"><span class='ocrx_word' id='word_1_138' title='bbox 171 2089 390 2155; x_wconf 73' lang='grc' dir='ltr'>ευμενεῖ</span> <span class='ocrx_word' id='word_1_139' title='bbox 421 2088 513 2139; x_wconf 76' lang='grc' dir='ltr'><strong>καὶ</strong></span> <span class='ocrx_word' id='word_1_140' title='bbox 554 2087 645 2138; x_wconf 91' lang='grc' dir='ltr'><strong>νῦν</strong></span> <span class='ocrx_word' id='word_1_141' title='bbox 676 2086 935 2155; x_wconf 76' lang='grc' dir='ltr'>ὀφθαλμῷ</span> <span class='ocrx_word' id='word_1_142' title='bbox 969 2086 1065 2155; x_wconf 80' lang='grc' dir='ltr'>τὴν</span> <span class='ocrx_word' id='word_1_143' title='bbox 1101 2087 1239 2155; x_wconf 77' lang='grc' dir='ltr'>ἐμὴν</span> <span class='ocrx_word' id='word_1_144' title='bbox 1275 2088 1349 2139; x_wconf 61' lang='lat' dir='ltr'><strong>ias</strong></span> <span class='ocrx_word' id='word_1_145' title='bbox 1387 2086 1577 2139; x_wconf 67' lang='grc' dir='ltr'>θυσίαν</span> <span class='ocrx_word' id='word_1_146' title='bbox 1599 2126 1612 2147; x_wconf 88' lang='grc'><strong>,</strong></span> <span class='ocrx_word' id='word_1_147' title='bbox 1646 2090 1737 2139; x_wconf 73' lang='grc' dir='ltr'><strong>καὶ</strong></span> 
     </span>
    </p>
   </div>
   <div class='ocr_carea' id='block_1_23' title="bbox 172 2174 1737 2251">
    <p class='ocr_par' dir='ltr' id='par_1_23' title="bbox 172 2174 1737 2251">
     <span class='ocr_line' id='line_1_23' title="bbox 172 2174 1737 2251; baseline 0 -20"><span class='ocrx_word' id='word_1_148' title='bbox 172 2179 251 2247; x_wconf 82' lang='grc' dir='ltr'>μὴ</span> <span class='ocrx_word' id='word_1_149' title='bbox 281 2174 556 2251; x_wconf 76' lang='grc' dir='ltr'>ῦπερίδῃς,</span> <span class='ocrx_word' id='word_1_150' title='bbox 594 2179 783 2247; x_wconf 81' lang='grc' dir='ltr'>Κύριε,</span> <span class='ocrx_word' id='word_1_151' title='bbox 815 2177 906 2229; x_wconf 89' lang='grc' dir='ltr'><strong>τοῦ</strong></span> <span class='ocrx_word' id='word_1_152' title='bbox 929 2178 1014 2229; x_wconf 81' lang='grc' dir='ltr'>διὰ</span> <span class='ocrx_word' id='word_1_153' title='bbox 1034 2180 1090 2229; x_wconf 80' lang='grc' dir='ltr'>σὲ</span> <span class='ocrx_word' id='word_1_154' title='bbox 1123 2178 1402 2246; x_wconf 81' lang='grc' dir='ltr'>μέλλοντος</span> <span class='ocrx_word' id='word_1_155' title='bbox 1434 2180 1624 2247; x_wconf 74' lang='grc' dir='ltr'>ῥυῆναι</span> <span class='ocrx_word' id='word_1_156' title='bbox 1651 2196 1737 2245; x_wconf 88' lang='grc' dir='ltr'>μι-</span> 
     </span>
    </p>
   </div>
   <div class='ocr_carea' id='block_1_24' title="bbox 171 2270 1734 2343">
    <p class='ocr_par' dir='ltr' id='par_1_24' title="bbox 171 2270 1734 2343">
     <span class='ocr_line' id='line_1_24' title="bbox 171 2270 1734 2343; baseline 0.001 -22"><span class='ocrx_word' id='word_1_157' title='bbox 171 2271 306 2339; x_wconf 81' lang='grc' dir='ltr'>κροῦ</span> <span class='ocrx_word' id='word_1_158' title='bbox 334 2272 582 2340; x_wconf 79' lang='grc' dir='ltr'>αἵματος,</span> <span class='ocrx_word' id='word_1_159' title='bbox 614 2272 676 2322; x_wconf 84' lang='grc' dir='ltr'><strong>ἐκ</strong></span> <span class='ocrx_word' id='word_1_160' title='bbox 710 2270 1049 2339; x_wconf 81' lang='grc' dir='ltr'>θερμοτάτης</span> <span class='ocrx_word' id='word_1_161' title='bbox 1067 2288 1147 2322; x_wconf 90' lang='grc' dir='ltr'><strong>σοι</strong></span> <span class='ocrx_word' id='word_1_162' title='bbox 1171 2271 1543 2343; x_wconf 73' lang='grc' dir='ltr'>προαιρέσεως</span> <span class='ocrx_word' id='word_1_163' title='bbox 1570 2287 1734 2322; x_wconf 87' lang='grc' dir='ltr'>κατα-</span> 
     </span>
    </p>
   </div>
   <div class='ocr_carea' id='block_1_25' title="bbox 175 2362 1740 2433">
    <p class='ocr_par' dir='ltr' id='par_1_25' title="bbox 175 2362 1740 2433">
     <span class='ocr_line' id='line_1_25' title="bbox 175 2362 1740 2433; baseline -0.001 -19"><span class='ocrx_word' id='word_1_164' title='bbox 175 2363 438 2431; x_wconf 80' lang='grc' dir='ltr'>θυομένου</span> <span class='ocrx_word' id='word_1_165' title='bbox 461 2380 474 2394; x_wconf 92' lang='grc'><strong>·</strong></span> <span class='ocrx_word' id='word_1_166' title='bbox 510 2362 616 2415; x_wconf 81' lang='grc' dir='ltr'>ἰδοὺ</span> <span class='ocrx_word' id='word_1_167' title='bbox 648 2362 756 2432; x_wconf 82' lang='grc' dir='ltr'><strong>γάρ</strong></span> <span class='ocrx_word' id='word_1_168' title='bbox 777 2407 791 2421; x_wconf 65' lang='grc'><strong>,</strong></span> <span class='ocrx_word' id='word_1_169' title='bbox 817 2363 890 2424; x_wconf 85' lang='grc' dir='ltr'>ὡς</span> <span class='ocrx_word' id='word_1_170' title='bbox 926 2363 1078 2432; x_wconf 78' lang='grc' dir='ltr'>ὁρᾷς,</span> <span class='ocrx_word' id='word_1_171' title='bbox 1109 2362 1206 2433; x_wconf 81' lang='grc' dir='ltr'><strong>τὴν</strong></span> <span class='ocrx_word' id='word_1_172' title='bbox 1239 2362 1414 2431; x_wconf 64' lang='grc' dir='ltr'>ψυχὴν</span> <span class='ocrx_word' id='word_1_173' title='bbox 1438 2362 1524 2414; x_wconf 68' lang='grc' dir='ltr'><strong>διὰ</strong></span> <span class='ocrx_word' id='word_1_174' title='bbox 1556 2362 1612 2413; x_wconf 78' lang='grc' dir='ltr'><strong>σὲ</strong></span> <span class='ocrx_word' id='word_1_175' title='bbox 1647 2362 1740 2429; x_wconf 88' lang='grc' dir='ltr'><strong>σή-</strong></span> 
     </span>
    </p>
   </div>
   <div class='ocr_carea' id='block_1_26' title="bbox 175 2451 1743 2524">
    <p class='ocr_par' dir='ltr' id='par_1_26' title="bbox 175 2451 1743 2524">
     <span class='ocr_line' id='line_1_26' title="bbox 175 2451 1743 2524; baseline -0.001 -18"><span class='ocrx_word' id='word_1_176' title='bbox 175 2472 343 2522; x_wconf 71' lang='grc' dir='ltr'>μερον</span> <span class='ocrx_word' id='word_1_177' title='bbox 370 2456 718 2523; x_wconf 85' lang='grc' dir='ltr'>ἀποτίθεμαι.</span> <span class='ocrx_word' id='word_1_178' title='bbox 742 2451 874 2508; x_wconf 74' lang='grc' dir='ltr'>Εἶτα</span> <span class='ocrx_word' id='word_1_179' title='bbox 894 2454 1055 2507; x_wconf 85' lang='grc' dir='ltr'>πάλιν</span> <span class='ocrx_word' id='word_1_180' title='bbox 1082 2454 1356 2524; x_wconf 74' lang='grc' dir='ltr'>προσθεὶς,</span> <span class='ocrx_word' id='word_1_181' title='bbox 1375 2452 1743 2507; x_wconf 83' lang='grc' dir='ltr'>Ἀπολαυέτω-</span> 
     </span>
    </p>
   </div>
   <div class='ocr_carea' id='block_1_27' title="bbox 174 2544 1743 2614">
    <p class='ocr_par' dir='ltr' id='par_1_27' title="bbox 174 2544 1743 2614">
     <span class='ocr_line' id='line_1_27' title="bbox 174 2544 1743 2614; baseline -0.002 -14"><span class='ocrx_word' id='word_1_182' title='bbox 174 2559 300 2612; x_wconf 84' lang='grc' dir='ltr'>σαν,</span> <span class='ocrx_word' id='word_1_183' title='bbox 345 2546 689 2614; x_wconf 82' lang='grc' dir='ltr'>φιλάνθρωπε</span> <span class='ocrx_word' id='word_1_184' title='bbox 744 2547 1011 2605; x_wconf 78' lang='grc' dir='ltr'>Δέσποτα,</span> <span class='ocrx_word' id='word_1_185' title='bbox 1042 2544 1167 2613; x_wconf 80' lang='grc' dir='ltr'>ἔφη,</span> <span class='ocrx_word' id='word_1_186' title='bbox 1195 2545 1290 2611; x_wconf 79' lang='grc' dir='ltr'><strong>τῆς</strong></span> <span class='ocrx_word' id='word_1_187' title='bbox 1314 2548 1463 2612; x_wconf 73' lang='grc' dir='ltr'>παρὰ</span> <span class='ocrx_word' id='word_1_188' title='bbox 1496 2545 1589 2597; x_wconf 85' lang='grc' dir='ltr'><strong>σοῦ</strong></span> <span class='ocrx_word' id='word_1_189' title='bbox 1619 2545 1743 2614; x_wconf 81' lang='grc' dir='ltr'>βοη-</span> 
     </span>
    </p>
   </div>
   <div class='ocr_carea' id='block_1_28' title="bbox 172 2634 1743 2705">
    <p class='ocr_par' dir='ltr' id='par_1_28' title="bbox 172 2634 1743 2705">
     <span class='ocr_line' id='line_1_28' title="bbox 172 2634 1743 2705; baseline -0.011 -13"><span class='ocrx_word' id='word_1_190' title='bbox 172 2638 326 2700; x_wconf 81' lang='grc' dir='ltr'>Θείας</span> <span class='ocrx_word' id='word_1_191' title='bbox 354 2638 482 2691; x_wconf 83' lang='grc' dir='ltr'>οίδι⁹</span> <span class='ocrx_word' id='word_1_192' title='bbox 507 2636 639 2705; x_wconf 80' lang='grc' dir='ltr'>ἐμοῦ</span> <span class='ocrx_word' id='word_1_193' title='bbox 655 2636 712 2687; x_wconf 82' lang='grc' dir='ltr'>τὸ</span> <span class='ocrx_word' id='word_1_194' title='bbox 746 2636 834 2687; x_wconf 81' lang='grc' dir='ltr'><strong>σὺν</strong></span> <span class='ocrx_word' id='word_1_195' title='bbox 863 2634 1156 2697; x_wconf 80' lang='grc' dir='ltr'>καλοῦντες</span> <span class='ocrx_word' id='word_1_196' title='bbox 1194 2636 1343 2701; x_wconf 79' lang='grc' dir='ltr'>ἅγιον</span> <span class='ocrx_word' id='word_1_197' title='bbox 1369 2636 1537 2702; x_wconf 76' lang='grc' dir='ltr'>ὄνομα</span> <span class='ocrx_word' id='word_1_198' title='bbox 1560 2651 1571 2662; x_wconf 90' lang='grc'><strong>·</strong></span> <span class='ocrx_word' id='word_1_199' title='bbox 1606 2635 1743 2703; x_wconf 64' lang='grc' dir='ltr'>μνῆ.</span> 
     </span>
    </p>
   </div>
   <div class='ocr_carea' id='block_1_29' title="bbox 174 2721 1740 2799">
    <p class='ocr_par' dir='ltr' id='par_1_29' title="bbox 174 2721 1740 2799">
     <span class='ocr_line' id='line_1_29' title="bbox 174 2721 1740 2799; baseline -0.003 -21"><span class='ocrx_word' id='word_1_200' title='bbox 174 2729 337 2796; x_wconf 84' lang='grc' dir='ltr'>σθητι</span> <span class='ocrx_word' id='word_1_201' title='bbox 360 2725 452 2778; x_wconf 90' lang='grc' dir='ltr'><strong>τοῦ</strong></span> <span class='ocrx_word' id='word_1_202' title='bbox 481 2725 609 2777; x_wconf 87' lang='grc' dir='ltr'>λαοῦ</span> <span class='ocrx_word' id='word_1_203' title='bbox 647 2742 760 2789; x_wconf 83' lang='grc' dir='ltr'>σου,</span> <span class='ocrx_word' id='word_1_204' title='bbox 801 2723 1064 2799; x_wconf 83' lang='grc' dir='ltr'>μνήσθητι</span> <span class='ocrx_word' id='word_1_205' title='bbox 1093 2724 1193 2792; x_wconf 76' lang='grc' dir='ltr'>τῆς</span> <span class='ocrx_word' id='word_1_206' title='bbox 1220 2721 1581 2795; x_wconf 76' lang='grc' dir='ltr'>κληρονομίας</span> <span class='ocrx_word' id='word_1_207' title='bbox 1613 2740 1704 2775; x_wconf 78' lang='grc' dir='ltr'><strong>σον</strong></span> <span class='ocrx_word' id='word_1_208' title='bbox 1725 2763 1740 2786; x_wconf 86' lang='grc'><strong>,</strong></span> 
     </span>
    </p>
   </div>
   <div class='ocr_carea' id='block_1_30' title="bbox 171 2814 1745 2889">
    <p class='ocr_par' dir='ltr' id='par_1_30' title="bbox 171 2814 1745 2889">
     <span class='ocr_line' id='line_1_30' title="bbox 171 2814 1745 2889; baseline -0.003 -16"><span class='ocrx_word' id='word_1_209' title='bbox 171 2814 245 2889; x_wconf 71' lang='grc' dir='ltr'>ἧς</span> <span class='ocrx_word' id='word_1_210' title='bbox 297 2820 515 2887; x_wconf 77' lang='grc' dir='ltr'>ἐκτήσω</span> <span class='ocrx_word' id='word_1_211' title='bbox 543 2832 557 2849; x_wconf 78' lang='grc'><strong><em>³</em></strong></span> <span class='ocrx_word' id='word_1_212' title='bbox 603 2819 696 2871; x_wconf 77' lang='grc' dir='ltr'><strong>καὶ</strong></span> <span class='ocrx_word' id='word_1_213' title='bbox 731 2819 804 2887; x_wconf 83' lang='grc' dir='ltr'>μὴ</span> <span class='ocrx_word' id='word_1_214' title='bbox 845 2818 1084 2870; x_wconf 76' lang='grc' dir='ltr'>ἐπιλίποι</span> <span class='ocrx_word' id='word_1_215' title='bbox 1119 2817 1339 2881; x_wconf 71' lang='grc' dir='ltr'>τούτους</span> <span class='ocrx_word' id='word_1_216' title='bbox 1374 2817 1433 2869; x_wconf 79' lang='grc' dir='ltr'>τὸ</span> <span class='ocrx_word' id='word_1_217' title='bbox 1465 2817 1614 2887; x_wconf 65' lang='grc' dir='ltr'>παρὰ</span> <span class='ocrx_word' id='word_1_218' title='bbox 1651 2814 1745 2869; x_wconf 76' lang='grc' dir='ltr'><strong>σοῦ</strong></span> 
     </span>
    </p>
   </div>
   <div class='ocr_carea' id='block_1_31' title="bbox 177 2910 1748 2983">
    <p class='ocr_par' dir='ltr' id='par_1_31' title="bbox 177 2910 1748 2983">
     <span class='ocr_line' id='line_1_31' title="bbox 177 2910 1748 2983; baseline -0.001 -18"><span class='ocrx_word' id='word_1_219' title='bbox 177 2914 349 2977; x_wconf 74' lang='grc' dir='ltr'>ἕλεος,</span> <span class='ocrx_word' id='word_1_220' title='bbox 380 2913 571 2983; x_wconf 81' lang='grc' dir='ltr'>Κύριε.</span> <span class='ocrx_word' id='word_1_221' title='bbox 599 2913 781 2965; x_wconf 85' lang='grc' dir='ltr'>Ταῦτα</span> <span class='ocrx_word' id='word_1_222' title='bbox 809 2912 1109 2981; x_wconf 78' lang='grc' dir='ltr'>διαλεχθεὶς</span> <span class='ocrx_word' id='word_1_223' title='bbox 1129 2910 1204 2981; x_wconf 81' lang='grc' dir='ltr'><strong>τῷ</strong></span> <span class='ocrx_word' id='word_1_224' title='bbox 1234 2911 1371 2979; x_wconf 82' lang='grc' dir='ltr'>Θεῷ,</span> <span class='ocrx_word' id='word_1_225' title='bbox 1396 2910 1492 2981; x_wconf 81' lang='grc' dir='ltr'>τὴν</span> <span class='ocrx_word' id='word_1_226' title='bbox 1517 2910 1748 2979; x_wconf 72' lang='grc' dir='ltr'>σύζυγον</span> 
     </span>
    </p>
   </div>
   <div class='ocr_carea' id='block_1_32' title="bbox 179 2994 1745 3071">
    <p class='ocr_par' dir='ltr' id='par_1_32' title="bbox 179 2994 1745 3071">
     <span class='ocr_line' id='line_1_32' title="bbox 179 2994 1745 3071; baseline -0.001 -18"><span class='ocrx_word' id='word_1_227' title='bbox 179 3003 587 3071; x_wconf 76' lang='grc' dir='ltr'>μεταστραφεὶς</span> <span class='ocrx_word' id='word_1_228' title='bbox 634 3002 839 3052; x_wconf 85' lang='grc' dir='ltr'>ἐκεῖθεν</span> <span class='ocrx_word' id='word_1_229' title='bbox 872 3002 973 3070; x_wconf 74' lang='grc' dir='ltr'>ὁρᾷ</span> <span class='ocrx_word' id='word_1_230' title='bbox 1001 3019 1011 3029; x_wconf 91' lang='grc'>·</span> <span class='ocrx_word' id='word_1_231' title='bbox 1043 3002 1137 3052; x_wconf 76' lang='grc' dir='ltr'>καὶ</span> <span class='ocrx_word' id='word_1_232' title='bbox 1176 2994 1248 3053; x_wconf 81' lang='grc' dir='ltr'>ὧν</span> <span class='ocrx_word' id='word_1_233' title='bbox 1281 3000 1579 3053; x_wconf 85' lang='grc' dir='ltr'>ἐνετείλατο</span> <span class='ocrx_word' id='word_1_234' title='bbox 1611 3002 1745 3069; x_wconf 75' lang='grc' dir='ltr'>αὐτῇ</span> 
     </span>
    </p>
   </div>
   <div class='ocr_carea' id='block_1_33' title="bbox 177 3089 1747 3166">
    <p class='ocr_par' dir='ltr' id='par_1_33' title="bbox 177 3089 1747 3166">
     <span class='ocr_line' id='line_1_33' title="bbox 177 3089 1747 3166; baseline -0.002 -19"><span class='ocrx_word' id='word_1_235' title='bbox 177 3096 445 3166; x_wconf 70' lang='grc' dir='ltr'>πρότερον</span> <span class='ocrx_word' id='word_1_236' title='bbox 484 3095 823 3163; x_wconf 80' lang='grc' dir='ltr'>ἀναμνήσας,</span> <span class='ocrx_word' id='word_1_237' title='bbox 871 3096 966 3146; x_wconf 73' lang='grc' dir='ltr'><strong>καὶ</strong></span> <span class='ocrx_word' id='word_1_238' title='bbox 994 3092 1210 3162; x_wconf 86' lang='grc' dir='ltr'>ἀσφαλῆ</span> <span class='ocrx_word' id='word_1_239' title='bbox 1250 3092 1317 3146; x_wconf 85' lang='grc' dir='ltr'>τὰ</span> <span class='ocrx_word' id='word_1_240' title='bbox 1361 3091 1527 3145; x_wconf 87' lang='grc' dir='ltr'>πιστά</span> <span class='ocrx_word' id='word_1_241' title='bbox 1566 3089 1747 3145; x_wconf 86' lang='grc' dir='ltr'>λαϐὼν</span> 
     </span>
    </p>
   </div>
   <div class='ocr_carea' id='block_1_34' title="bbox 1772 1876 1808 1931">
    <p class='ocr_par' dir='ltr' id='par_1_34' title="bbox 1772 1876 1808 1931">
     <span class='ocr_line' id='line_1_34' title="bbox 1772 1876 1808 1931; baseline 0 0"><span class='ocrx_word' id='word_1_242' title='bbox 1772 1876 1808 1931; x_wconf 82' lang='grc' dir='ltr'><strong>Β</strong></span> 
     </span>
    </p>
   </div>
   <div class='ocr_carea' id='block_1_35' title="bbox 1826 623 3390 696">
    <p class='ocr_par' dir='ltr' id='par_1_35' title="bbox 1826 623 3390 696">
     <span class='ocr_line' id='line_1_35' title="bbox 1826 623 3390 696; baseline 0.006 -19"><span class='ocrx_word' id='word_1_243' title='bbox 1826 623 1994 687; x_wconf 87' lang='lat' dir='ltr'><strong>sania,</strong></span> <span class='ocrx_word' id='word_1_244' title='bbox 2020 623 2209 678; x_wconf 80' lang='lat' dir='ltr'><strong>ferreis</strong></span> <span class='ocrx_word' id='word_1_245' title='bbox 2237 623 2549 696; x_wconf 77' lang='lat' dir='ltr'><strong>[plumbeis]</strong></span> <span class='ocrx_word' id='word_1_246' title='bbox 2591 626 2763 696; x_wconf 78' lang='lat' dir='ltr'><strong>globis</strong></span> <span class='ocrx_word' id='word_1_247' title='bbox 2823 628 3051 682; x_wconf 87' lang='lat' dir='ltr'><strong>conterit</strong></span> <span class='ocrx_word' id='word_1_248' title='bbox 3102 630 3390 696; x_wconf 84' lang='lat' dir='ltr'><strong>cervicem.</strong></span> 
     </span>
    </p>
   </div>
   <div class='ocr_carea' id='block_1_36' title="bbox 1826 714 3395 789">
    <p class='ocr_par' dir='ltr' id='par_1_36' title="bbox 1826 714 3395 789">
     <span class='ocr_line' id='line_1_36' title="bbox 1826 714 3395 789; baseline 0.006 -23"><span class='ocrx_word' id='word_1_249' title='bbox 1826 721 1879 767; x_wconf 90' lang='lat' dir='ltr'><strong>et</strong></span> <span class='ocrx_word' id='word_1_250' title='bbox 1916 714 2034 783; x_wconf 86' lang='lat' dir='ltr'><strong>ejus</strong></span> <span class='ocrx_word' id='word_1_251' title='bbox 2093 727 2305 770; x_wconf 81' lang='lat' dir='ltr'><strong>cmovct</strong></span> <span class='ocrx_word' id='word_1_252' title='bbox 2343 717 2621 780; x_wconf 74' lang='lat' dir='ltr'><strong>articulos,</strong></span> <span class='ocrx_word' id='word_1_253' title='bbox 2675 719 2818 787; x_wconf 89' lang='lat' dir='ltr'><strong>quod</strong></span> <span class='ocrx_word' id='word_1_254' title='bbox 2857 719 3073 789; x_wconf 86' lang='lat' dir='ltr'><strong>quidem</strong></span> <span class='ocrx_word' id='word_1_255' title='bbox 3104 731 3186 774; x_wconf 90' lang='lat' dir='ltr'><strong>est</strong></span> <span class='ocrx_word' id='word_1_256' title='bbox 3216 721 3395 776; x_wconf 83' lang='lat' dir='ltr'><strong>omni-</strong></span> 
     </span>
    </p>
   </div>
   <div class='ocr_carea' id='block_1_37' title="bbox 1829 806 3394 885">
    <p class='ocr_par' dir='ltr' id='par_1_37' title="bbox 1829 806 3394 885">
     <span class='ocr_line' id='line_1_37' title="bbox 1829 806 3394 885; baseline 0.008 -25"><span class='ocrx_word' id='word_1_257' title='bbox 1829 806 1930 860; x_wconf 90' lang='lat' dir='ltr'><strong>bus</strong></span> <span class='ocrx_word' id='word_1_258' title='bbox 2008 808 2279 861; x_wconf 75' lang='lat' dir='ltr'><strong>mortibus</strong></span> <span class='ocrx_word' id='word_1_259' title='bbox 2330 810 2599 863; x_wconf 86' lang='lat' dir='ltr'><strong>acerbius.</strong></span> <span class='ocrx_word' id='word_1_260' title='bbox 2658 810 2919 865; x_wconf 73' lang='lat' dir='ltr'><strong>Adhibita</strong></span> <span class='ocrx_word' id='word_1_261' title='bbox 2978 823 3064 867; x_wconf 85' lang='lat' dir='ltr'><strong>est</strong></span> <span class='ocrx_word' id='word_1_262' title='bbox 3106 828 3234 885; x_wconf 73' lang='lat' dir='ltr'><strong>ergo</strong></span> <span class='ocrx_word' id='word_1_263' title='bbox 3278 814 3394 872; x_wconf 62' lang='lat' dir='ltr'><strong>hac</strong></span> 
     </span>
    </p>
   </div>
   <div class='ocr_carea' id='block_1_38' title="bbox 1830 900 3393 962">
    <p class='ocr_par' dir='ltr' id='par_1_38' title="bbox 1830 900 3393 962">
     <span class='ocr_line' id='line_1_38' title="bbox 1830 900 3393 962; baseline 0.006 -12"><span class='ocrx_word' id='word_1_264' title='bbox 1830 914 1965 955; x_wconf 91' lang='lat' dir='ltr'><strong>nova</strong></span> <span class='ocrx_word' id='word_1_265' title='bbox 2005 909 2057 953; x_wconf 90' lang='lat' dir='ltr'><strong>et</strong></span> <span class='ocrx_word' id='word_1_266' title='bbox 2119 900 2332 955; x_wconf 84' lang='lat' dir='ltr'><strong>insolita</strong></span> <span class='ocrx_word' id='word_1_267' title='bbox 2400 903 2616 957; x_wconf 61' lang='lat' dir='ltr'><strong>athletae</strong></span> <span class='ocrx_word' id='word_1_268' title='bbox 2654 904 3003 958; x_wconf 84' lang='lat' dir='ltr'><strong>machinatio.</strong></span> <span class='ocrx_word' id='word_1_269' title='bbox 3068 904 3161 960; x_wconf 91' lang='lat' dir='ltr'><strong>Ille</strong></span> <span class='ocrx_word' id='word_1_270' title='bbox 3212 915 3393 962; x_wconf 87' lang='lat' dir='ltr'><strong>autem</strong></span> 
     </span>
    </p>
   </div>
   <div class='ocr_carea' id='block_1_39' title="bbox 1830 992 3392 1066">
    <p class='ocr_par' dir='ltr' id='par_1_39' title="bbox 1830 992 3392 1066">
     <span class='ocr_line' id='line_1_39' title="bbox 1830 992 3392 1066; baseline 0.004 -21"><span class='ocrx_word' id='word_1_271' title='bbox 1830 992 2283 1061; x_wconf 84' lang='lat' dir='ltr'><strong>stabattanquam</strong></span> <span class='ocrx_word' id='word_1_272' title='bbox 2325 999 2512 1057; x_wconf 86' lang='lat' dir='ltr'><strong>turris,</strong></span> <span class='ocrx_word' id='word_1_273' title='bbox 2538 1011 2659 1064; x_wconf 65' lang='lat' dir='ltr'><strong>quae</strong></span> <span class='ocrx_word' id='word_1_274' title='bbox 2696 1012 2800 1050; x_wconf 91' lang='lat' dir='ltr'><strong>non</strong></span> <span class='ocrx_word' id='word_1_275' title='bbox 2840 1004 3019 1065; x_wconf 83' lang='lat' dir='ltr'><strong>potest</strong></span> <span class='ocrx_word' id='word_1_276' title='bbox 3071 998 3392 1066; x_wconf 68' lang='lat' dir='ltr'><strong>expugnari,</strong></span> 
     </span>
    </p>
   </div>
   <div class='ocr_carea' id='block_1_40' title="bbox 1831 1087 3388 1156">
    <p class='ocr_par' dir='ltr' id='par_1_40' title="bbox 1831 1087 3388 1156">
     <span class='ocr_line' id='line_1_40' title="bbox 1831 1087 3388 1156; baseline 0.001 -16"><span class='ocrx_word' id='word_1_277' title='bbox 1831 1102 1899 1141; x_wconf 91' lang='lat' dir='ltr'><strong>ne</strong></span> <span class='ocrx_word' id='word_1_278' title='bbox 1932 1087 2199 1141; x_wconf 79' lang='lat' dir='ltr'><strong>tantillum</strong></span> <span class='ocrx_word' id='word_1_279' title='bbox 2240 1088 2457 1156; x_wconf 85' lang='lat' dir='ltr'><strong>quidem</strong></span> <span class='ocrx_word' id='word_1_280' title='bbox 2491 1087 2845 1141; x_wconf 83' lang='lat' dir='ltr'><strong>labefactatus</strong></span> <span class='ocrx_word' id='word_1_281' title='bbox 2876 1088 3024 1143; x_wconf 90' lang='lat' dir='ltr'><strong>illius</strong></span> <span class='ocrx_word' id='word_1_282' title='bbox 3067 1088 3388 1143; x_wconf 90' lang='lat' dir='ltr'><strong>insultibus.</strong></span> 
     </span>
    </p>
   </div>
   <div class='ocr_carea' id='block_1_41' title="bbox 1832 1177 3395 1250">
    <p class='ocr_par' dir='ltr' id='par_1_41' title="bbox 1832 1177 3395 1250">
     <span class='ocr_line' id='line_1_41' title="bbox 1832 1177 3395 1250; baseline 0.002 -19"><span class='ocrx_word' id='word_1_283' title='bbox 1832 1177 2037 1232; x_wconf 66' lang='lat' dir='ltr'><strong>Prmses</strong></span> <span class='ocrx_word' id='word_1_284' title='bbox 2081 1179 2258 1247; x_wconf 87' lang='lat' dir='ltr'><strong>itaque</strong></span> <span class='ocrx_word' id='word_1_285' title='bbox 2297 1193 2418 1232; x_wconf 93' lang='lat' dir='ltr'><strong>cum</strong></span> <span class='ocrx_word' id='word_1_286' title='bbox 2456 1194 2562 1231; x_wconf 90' lang='lat' dir='ltr'><strong>non</strong></span> <span class='ocrx_word' id='word_1_287' title='bbox 2602 1178 2766 1232; x_wconf 80' lang='lat' dir='ltr'><strong>ferret</strong></span> <span class='ocrx_word' id='word_1_288' title='bbox 2801 1194 2858 1233; x_wconf 87' lang='lat' dir='ltr'><strong>se</strong></span> <span class='ocrx_word' id='word_1_289' title='bbox 2897 1188 3007 1234; x_wconf 90' lang='lat' dir='ltr'><strong>tam</strong></span> <span class='ocrx_word' id='word_1_290' title='bbox 3068 1180 3299 1250; x_wconf 84' lang='lat' dir='ltr'><strong>turpiter</strong></span> <span class='ocrx_word' id='word_1_291' title='bbox 3326 1180 3395 1234; x_wconf 86' lang='lat' dir='ltr'><strong>ab</strong></span> 
     </span>
    </p>
   </div>
   <div class='ocr_carea' id='block_1_42' title="bbox 1830 1271 3394 1338">
    <p class='ocr_par' dir='ltr' id='par_1_42' title="bbox 1830 1271 3394 1338">
     <span class='ocr_line' id='line_1_42' title="bbox 1830 1271 3394 1338; baseline 0 -16"><span class='ocrx_word' id='word_1_292' title='bbox 1830 1285 1896 1322; x_wconf 81' lang='lat' dir='ltr'><strong>eo</strong></span> <span class='ocrx_word' id='word_1_293' title='bbox 1935 1271 2205 1338; x_wconf 88' lang='lat' dir='ltr'><strong>superari,</strong></span> <span class='ocrx_word' id='word_1_294' title='bbox 2266 1287 2389 1324; x_wconf 90' lang='lat' dir='ltr'><strong>eum</strong></span> <span class='ocrx_word' id='word_1_295' title='bbox 2444 1281 2617 1324; x_wconf 91' lang='lat' dir='ltr'><strong>morte</strong></span> <span class='ocrx_word' id='word_1_296' title='bbox 2654 1272 3025 1326; x_wconf 84' lang='lat' dir='ltr'><strong>condemnat:</strong></span> <span class='ocrx_word' id='word_1_297' title='bbox 3077 1274 3209 1327; x_wconf 88' lang='lat' dir='ltr'><strong>satis</strong></span> <span class='ocrx_word' id='word_1_298' title='bbox 3252 1273 3394 1328; x_wconf 86' lang='lat' dir='ltr'><strong>enim</strong></span> 
     </span>
    </p>
   </div>
   <div class='ocr_carea' id='block_1_43' title="bbox 1831 1356 2967 1420">
    <p class='ocr_par' dir='ltr' id='par_1_43' title="bbox 1831 1356 2967 1420">
     <span class='ocr_line' id='line_1_43' title="bbox 1831 1356 2967 1420; baseline 0.005 -10"><span class='ocrx_word' id='word_1_299' title='bbox 1831 1356 2082 1420; x_wconf 88' lang='lat' dir='ltr'><strong>ducebat,</strong></span> <span class='ocrx_word' id='word_1_300' title='bbox 2112 1360 2153 1412; x_wconf 91' lang='lat' dir='ltr'><strong>si</strong></span> <span class='ocrx_word' id='word_1_301' title='bbox 2194 1361 2276 1413; x_wconf 85' lang='lat' dir='ltr'><strong>vel</strong></span> <span class='ocrx_word' id='word_1_302' title='bbox 2309 1360 2386 1414; x_wconf 91' lang='lat' dir='ltr'><strong>sic</strong></span> <span class='ocrx_word' id='word_1_303' title='bbox 2417 1362 2483 1414; x_wconf 90' lang='lat' dir='ltr'><strong>ab</strong></span> <span class='ocrx_word' id='word_1_304' title='bbox 2523 1375 2586 1415; x_wconf 86' lang='lat' dir='ltr'><strong>eo</strong></span> <span class='ocrx_word' id='word_1_305' title='bbox 2622 1360 2967 1416; x_wconf 87' lang='lat' dir='ltr'><strong>liberaretur.</strong></span> 
     </span>
    </p>
   </div>
   <div class='ocr_carea' id='block_1_44' title="bbox 1904 1448 3397 1521">
    <p class='ocr_par' dir='ltr' id='par_1_44' title="bbox 1904 1448 3397 1521">
     <span class='ocr_line' id='line_1_44' title="bbox 1904 1448 3397 1521; baseline 0.003 -20"><span class='ocrx_word' id='word_1_306' title='bbox 1904 1448 2017 1501; x_wconf 69' lang='lat' dir='ltr'><strong>XV.</strong></span> <span class='ocrx_word' id='word_1_307' title='bbox 2045 1449 2179 1503; x_wconf 89' lang='lat' dir='ltr'><strong>Cum</strong></span> <span class='ocrx_word' id='word_1_308' title='bbox 2212 1467 2337 1503; x_wconf 91' lang='lat' dir='ltr'><strong>eum</strong></span> <span class='ocrx_word' id='word_1_309' title='bbox 2392 1468 2517 1521; x_wconf 82' lang='lat' dir='ltr'><strong>ergo</strong></span> <span class='ocrx_word' id='word_1_310' title='bbox 2545 1453 2844 1521; x_wconf 85' lang='lat' dir='ltr'><strong>accepisset</strong></span> <span class='ocrx_word' id='word_1_311' title='bbox 2892 1452 3187 1508; x_wconf 91' lang='lat' dir='ltr'><strong>multitudo</strong></span> <span class='ocrx_word' id='word_1_312' title='bbox 3246 1453 3397 1507; x_wconf 91' lang='lat' dir='ltr'><strong>licto-</strong></span> 
     </span>
    </p>
   </div>
   <div class='ocr_carea' id='block_1_45' title="bbox 1836 1545 3396 1613">
    <p class='ocr_par' dir='ltr' id='par_1_45' title="bbox 1836 1545 3396 1613">
     <span class='ocr_line' id='line_1_45' title="bbox 1836 1545 3396 1613; baseline 0.006 -20"><span class='ocrx_word' id='word_1_313' title='bbox 1836 1555 1954 1593; x_wconf 89' lang='lat' dir='ltr'><strong>rum</strong></span> <span class='ocrx_word' id='word_1_314' title='bbox 1986 1579 2002 1603; x_wconf 88' lang='lat'><strong>,</strong></span> <span class='ocrx_word' id='word_1_315' title='bbox 2054 1550 2333 1610; x_wconf 88' lang='lat' dir='ltr'><strong>postquam</strong></span> <span class='ocrx_word' id='word_1_316' title='bbox 2375 1552 2739 1611; x_wconf 89' lang='lat' dir='ltr'><strong>pervenerunt</strong></span> <span class='ocrx_word' id='word_1_317' title='bbox 2767 1545 2833 1598; x_wconf 89' lang='lat' dir='ltr'><strong>ad</strong></span> <span class='ocrx_word' id='word_1_318' title='bbox 2887 1545 3064 1598; x_wconf 93' lang='lat' dir='ltr'><strong>locum</strong></span> <span class='ocrx_word' id='word_1_319' title='bbox 3110 1545 3396 1613; x_wconf 85' lang='lat' dir='ltr'><strong>supplicii.</strong></span> 
     </span>
    </p>
   </div>
   <div class='ocr_carea' id='block_1_46' title="bbox 1836 1636 3395 1703">
    <p class='ocr_par' dir='ltr' id='par_1_46' title="bbox 1836 1636 3395 1703">
     <span class='ocr_line' id='line_1_46' title="bbox 1836 1636 3395 1703; baseline 0.002 -17"><span class='ocrx_word' id='word_1_320' title='bbox 1836 1644 2037 1703; x_wconf 83' lang='lat' dir='ltr'><strong>martyr</strong></span> <span class='ocrx_word' id='word_1_321' title='bbox 2080 1648 2270 1687; x_wconf 90' lang='lat' dir='ltr'><strong>manus</strong></span> <span class='ocrx_word' id='word_1_322' title='bbox 2306 1644 2362 1688; x_wconf 90' lang='lat' dir='ltr'><strong>et</strong></span> <span class='ocrx_word' id='word_1_323' title='bbox 2391 1639 2576 1691; x_wconf 87' lang='lat' dir='ltr'><strong>oculos</strong></span> <span class='ocrx_word' id='word_1_324' title='bbox 2630 1636 2791 1689; x_wconf 87' lang='lat' dir='ltr'><strong>simul</strong></span> <span class='ocrx_word' id='word_1_325' title='bbox 2833 1637 3026 1691; x_wconf 89' lang='lat' dir='ltr'><strong>tollens</strong></span> <span class='ocrx_word' id='word_1_326' title='bbox 3076 1636 3141 1690; x_wconf 85' lang='lat' dir='ltr'><strong>ad</strong></span> <span class='ocrx_word' id='word_1_327' title='bbox 3191 1636 3395 1690; x_wconf 63' lang='lat' dir='ltr'><strong>caelos:</strong></span> 
     </span>
    </p>
   </div>
   <div class='ocr_carea' id='block_1_47' title="bbox 1838 1727 3401 1798">
    <p class='ocr_par' dir='ltr' id='par_1_47' title="bbox 1838 1727 3401 1798">
     <span class='ocr_line' id='line_1_47' title="bbox 1838 1727 3401 1798; baseline 0.003 -19"><span class='ocrx_word' id='word_1_328' title='bbox 1838 1727 2066 1781; x_wconf 86' lang='lat' dir='ltr'><strong>Domine</strong></span> <span class='ocrx_word' id='word_1_329' title='bbox 2122 1728 2302 1793; x_wconf 91' lang='lat' dir='ltr'><strong>Deus,</strong></span> <span class='ocrx_word' id='word_1_330' title='bbox 2354 1729 2563 1797; x_wconf 82' lang='lat' dir='ltr'><strong>inquit,</strong></span> <span class='ocrx_word' id='word_1_331' title='bbox 2618 1729 2711 1798; x_wconf 83' lang='lat' dir='ltr'><strong>qui</strong></span> <span class='ocrx_word' id='word_1_332' title='bbox 2746 1728 2933 1784; x_wconf 88' lang='lat' dir='ltr'><strong>Abelis</strong></span> <span class='ocrx_word' id='word_1_333' title='bbox 2996 1728 3282 1797; x_wconf 85' lang='lat' dir='ltr'><strong>suscepisti</strong></span> <span class='ocrx_word' id='word_1_334' title='bbox 3313 1744 3401 1784; x_wconf 85' lang='lat' dir='ltr'><strong>sa-</strong></span> 
     </span>
    </p>
   </div>
   <div class='ocr_carea' id='block_1_48' title="bbox 1838 1816 3404 1887">
    <p class='ocr_par' dir='ltr' id='par_1_48' title="bbox 1838 1816 3404 1887">
     <span class='ocr_line' id='line_1_48' title="bbox 1838 1816 3404 1887; baseline 0 -16"><span class='ocrx_word' id='word_1_335' title='bbox 1838 1817 2099 1872; x_wconf 84' lang='lat' dir='ltr'><strong>criﬁcium</strong></span> <span class='ocrx_word' id='word_1_336' title='bbox 2127 1860 2140 1883; x_wconf 95' lang='lat'><strong>,</strong></span> <span class='ocrx_word' id='word_1_337' title='bbox 2169 1818 2398 1872; x_wconf 62' lang='lat' dir='ltr'><strong>Abrahae</strong></span> <span class='ocrx_word' id='word_1_338' title='bbox 2426 1819 2726 1873; x_wconf 84' lang='lat' dir='ltr'><strong>oblationes</strong></span> <span class='ocrx_word' id='word_1_339' title='bbox 2748 1859 2762 1881; x_wconf 91' lang='lat'><strong>,</strong></span> <span class='ocrx_word' id='word_1_340' title='bbox 2804 1832 2992 1873; x_wconf 89' lang='lat' dir='ltr'><strong>eorum</strong></span> <span class='ocrx_word' id='word_1_341' title='bbox 3034 1820 3126 1887; x_wconf 86' lang='lat' dir='ltr'><strong>qui</strong></span> <span class='ocrx_word' id='word_1_342' title='bbox 3186 1816 3404 1872; x_wconf 77' lang='lat' dir='ltr'><strong>fuerunt</strong></span> 
     </span>
    </p>
   </div>
   <div class='ocr_carea' id='block_1_49' title="bbox 1837 1910 3407 1983">
    <p class='ocr_par' dir='ltr' id='par_1_49' title="bbox 1837 1910 3407 1983">
     <span class='ocr_line' id='line_1_49' title="bbox 1837 1910 3407 1983; baseline -0.001 -19"><span class='ocrx_word' id='word_1_343' title='bbox 1837 1926 1866 1964; x_wconf 90' lang='lat' dir='ltr'><strong>a</strong></span> <span class='ocrx_word' id='word_1_344' title='bbox 1898 1910 2125 1970; x_wconf 86' lang='lat' dir='ltr'><strong>saeculo.</strong></span> <span class='ocrx_word' id='word_1_345' title='bbox 2170 1921 2465 1980; x_wconf 83' lang='lat' dir='ltr'><strong>martyrum</strong></span> <span class='ocrx_word' id='word_1_346' title='bbox 2502 1923 2557 1965; x_wconf 89' lang='lat' dir='ltr'><strong>et</strong></span> <span class='ocrx_word' id='word_1_347' title='bbox 2583 1912 2856 1979; x_wconf 73' lang='lat' dir='ltr'><strong>iustorum</strong></span> <span class='ocrx_word' id='word_1_348' title='bbox 2897 1912 3216 1983; x_wconf 81' lang='lat' dir='ltr'><strong>sanguinem</strong></span> <span class='ocrx_word' id='word_1_349' title='bbox 3238 1950 3252 1973; x_wconf 93' lang='lat'><strong>,</strong></span> <span class='ocrx_word' id='word_1_350' title='bbox 3286 1910 3407 1965; x_wconf 79' lang='lat' dir='ltr'><strong>lon-</strong></span> 
     </span>
    </p>
   </div>
   <div class='ocr_carea' id='block_1_50' title="bbox 1839 2005 3405 2078">
    <p class='ocr_par' dir='ltr' id='par_1_50' title="bbox 1839 2005 3405 2078">
     <span class='ocr_line' id='line_1_50' title="bbox 1839 2005 3405 2078; baseline -0.002 -18"><span class='ocrx_word' id='word_1_351' title='bbox 1839 2021 2040 2078; x_wconf 81' lang='lat' dir='ltr'><strong>gosque</strong></span> <span class='ocrx_word' id='word_1_352' title='bbox 2095 2005 2307 2059; x_wconf 88' lang='lat' dir='ltr'><strong>labores</strong></span> <span class='ocrx_word' id='word_1_353' title='bbox 2334 2042 2350 2069; x_wconf 90' lang='lat'><strong>,</strong></span> <span class='ocrx_word' id='word_1_354' title='bbox 2384 2012 2441 2058; x_wconf 85' lang='lat' dir='ltr'><strong>et</strong></span> <span class='ocrx_word' id='word_1_355' title='bbox 2489 2005 2864 2059; x_wconf 86' lang='lat' dir='ltr'><strong>admirabilem</strong></span> <span class='ocrx_word' id='word_1_356' title='bbox 2929 2006 3309 2070; x_wconf 80' lang='lat' dir='ltr'><strong>tolerantiam;</strong></span> <span class='ocrx_word' id='word_1_357' title='bbox 3346 2013 3405 2057; x_wconf 92' lang='lat' dir='ltr'><strong>tu</strong></span> 
     </span>
    </p>
   </div>
   <div class='ocr_carea' id='block_1_51' title="bbox 1839 2091 3407 2168">
    <p class='ocr_par' dir='ltr' id='par_1_51' title="bbox 1839 2091 3407 2168">
     <span class='ocr_line' id='line_1_51' title="bbox 1839 2091 3407 2168; baseline -0.006 -15"><span class='ocrx_word' id='word_1_358' title='bbox 1839 2114 2053 2168; x_wconf 88' lang='lat' dir='ltr'><strong>quoque</strong></span> <span class='ocrx_word' id='word_1_359' title='bbox 2087 2112 2232 2150; x_wconf 91' lang='lat' dir='ltr'><strong>nunc</strong></span> <span class='ocrx_word' id='word_1_360' title='bbox 2261 2096 2509 2166; x_wconf 85' lang='lat' dir='ltr'><strong>benignis</strong></span> <span class='ocrx_word' id='word_1_361' title='bbox 2579 2094 2750 2150; x_wconf 91' lang='lat' dir='ltr'><strong>oculis</strong></span> <span class='ocrx_word' id='word_1_362' title='bbox 2791 2110 2969 2149; x_wconf 89' lang='lat' dir='ltr'><strong>meum</strong></span> <span class='ocrx_word' id='word_1_363' title='bbox 3027 2094 3149 2149; x_wconf 83' lang='lat' dir='ltr'><strong>vide</strong></span> <span class='ocrx_word' id='word_1_364' title='bbox 3199 2091 3407 2147; x_wconf 84' lang='lat' dir='ltr'><strong>sacriﬁ-</strong></span> 
     </span>
    </p>
   </div>
   <div class='ocr_carea' id='block_1_52' title="bbox 1838 2187 3408 2257">
    <p class='ocr_par' dir='ltr' id='par_1_52' title="bbox 1838 2187 3408 2257">
     <span class='ocr_line' id='line_1_52' title="bbox 1838 2187 3408 2257; baseline -0.003 -16"><span class='ocrx_word' id='word_1_365' title='bbox 1838 2191 1981 2242; x_wconf 87' lang='lat' dir='ltr'><strong>cium</strong></span> <span class='ocrx_word' id='word_1_366' title='bbox 2011 2229 2025 2253; x_wconf 95' lang='lat'><strong>,</strong></span> <span class='ocrx_word' id='word_1_367' title='bbox 2064 2198 2118 2242; x_wconf 87' lang='lat' dir='ltr'><strong>et</strong></span> <span class='ocrx_word' id='word_1_368' title='bbox 2179 2204 2247 2242; x_wconf 90' lang='lat' dir='ltr'><strong>ne</strong></span> <span class='ocrx_word' id='word_1_369' title='bbox 2296 2189 2567 2257; x_wconf 88' lang='lat' dir='ltr'><strong>despicias</strong></span> <span class='ocrx_word' id='word_1_370' title='bbox 2594 2228 2607 2249; x_wconf 90' lang='lat'><strong>,</strong></span> <span class='ocrx_word' id='word_1_371' title='bbox 2671 2187 2930 2250; x_wconf 88' lang='lat' dir='ltr'><strong>Domine,</strong></span> <span class='ocrx_word' id='word_1_372' title='bbox 2993 2187 3138 2240; x_wconf 89' lang='lat' dir='ltr'><strong>hunc</strong></span> <span class='ocrx_word' id='word_1_373' title='bbox 3176 2199 3408 2254; x_wconf 86' lang='lat' dir='ltr'><strong>paucnnt</strong></span> 
     </span>
    </p>
   </div>
   <div class='ocr_carea' id='block_1_53' title="bbox 1838 2275 3410 2348">
    <p class='ocr_par' dir='ltr' id='par_1_53' title="bbox 1838 2275 3410 2348">
     <span class='ocr_line' id='line_1_53' title="bbox 1838 2275 3410 2348; baseline -0.001 -19"><span class='ocrx_word' id='word_1_374' title='bbox 1838 2289 2061 2348; x_wconf 89' lang='lat' dir='ltr'><strong>propter</strong></span> <span class='ocrx_word' id='word_1_375' title='bbox 2102 2289 2153 2332; x_wconf 92' lang='lat' dir='ltr'><strong>te</strong></span> <span class='ocrx_word' id='word_1_376' title='bbox 2186 2278 2577 2332; x_wconf 66' lang='lat' dir='ltr'><strong>effundendum</strong></span> <span class='ocrx_word' id='word_1_377' title='bbox 2634 2277 2950 2346; x_wconf 81' lang='lat' dir='ltr'><strong>sanguinem</strong></span> <span class='ocrx_word' id='word_1_378' title='bbox 2976 2316 2990 2338; x_wconf 89' lang='lat'><strong>,</strong></span> <span class='ocrx_word' id='word_1_379' title='bbox 3022 2276 3118 2344; x_wconf 89' lang='lat' dir='ltr'><strong>qui</strong></span> <span class='ocrx_word' id='word_1_380' title='bbox 3192 2275 3410 2328; x_wconf 84' lang='lat' dir='ltr'><strong>ferven-</strong></span> 
     </span>
    </p>
   </div>
   <div class='ocr_carea' id='block_1_54' title="bbox 1841 2365 3409 2428">
    <p class='ocr_par' dir='ltr' id='par_1_54' title="bbox 1841 2365 3409 2428">
     <span class='ocr_line' id='line_1_54' title="bbox 1841 2365 3409 2428; baseline -0.003 -4"><span class='ocrx_word' id='word_1_381' title='bbox 1841 2370 2051 2424; x_wconf 88' lang='lat' dir='ltr'><strong>tissimo</strong></span> <span class='ocrx_word' id='word_1_382' title='bbox 2081 2370 2264 2423; x_wconf 88' lang='lat' dir='ltr'><strong>animo</strong></span> <span class='ocrx_word' id='word_1_383' title='bbox 2305 2369 2399 2422; x_wconf 87' lang='lat' dir='ltr'><strong>tibi</strong></span> <span class='ocrx_word' id='word_1_384' title='bbox 2428 2367 2764 2422; x_wconf 90' lang='lat' dir='ltr'><strong>sacriﬁcatur</strong></span> <span class='ocrx_word' id='word_1_385' title='bbox 2786 2404 2799 2419; x_wconf 95' lang='lat'><strong>.</strong></span> <span class='ocrx_word' id='word_1_386' title='bbox 2846 2365 2983 2421; x_wconf 84' lang='lat' dir='ltr'><strong>Ecce</strong></span> <span class='ocrx_word' id='word_1_387' title='bbox 3013 2366 3158 2420; x_wconf 90' lang='lat' dir='ltr'><strong>enim</strong></span> <span class='ocrx_word' id='word_1_388' title='bbox 3187 2403 3203 2428; x_wconf 86' lang='lat'><strong>,</strong></span> <span class='ocrx_word' id='word_1_389' title='bbox 3236 2375 3297 2419; x_wconf 92' lang='lat' dir='ltr'><strong>ut</strong></span> <span class='ocrx_word' id='word_1_390' title='bbox 3327 2366 3409 2419; x_wconf 88' lang='lat' dir='ltr'><strong>vi-</strong></span> 
     </span>
    </p>
   </div>
   <div class='ocr_carea' id='block_1_55' title="bbox 1844 2455 3413 2530">
    <p class='ocr_par' dir='ltr' id='par_1_55' title="bbox 1844 2455 3413 2530">
     <span class='ocr_line' id='line_1_55' title="bbox 1844 2455 3413 2530; baseline -0.002 -16"><span class='ocrx_word' id='word_1_391' title='bbox 1844 2462 1972 2526; x_wconf 90' lang='lat' dir='ltr'><strong>des,</strong></span> <span class='ocrx_word' id='word_1_392' title='bbox 2033 2461 2267 2514; x_wconf 87' lang='lat' dir='ltr'><strong>animam</strong></span> <span class='ocrx_word' id='word_1_393' title='bbox 2309 2468 2530 2530; x_wconf 88' lang='lat' dir='ltr'><strong>propter</strong></span> <span class='ocrx_word' id='word_1_394' title='bbox 2584 2470 2636 2512; x_wconf 88' lang='lat' dir='ltr'><strong>te</strong></span> <span class='ocrx_word' id='word_1_395' title='bbox 2672 2457 2831 2512; x_wconf 78' lang='lat' dir='ltr'><strong>hodie</strong></span> <span class='ocrx_word' id='word_1_396' title='bbox 2900 2458 3149 2527; x_wconf 92' lang='lat' dir='ltr'><strong>depono.</strong></span> <span class='ocrx_word' id='word_1_397' title='bbox 3205 2455 3413 2511; x_wconf 82' lang='lat' dir='ltr'><strong>Deinde</strong></span> 
     </span>
    </p>
   </div>
   <div class='ocr_carea' id='block_1_56' title="bbox 1844 2549 3413 2624">
    <p class='ocr_par' dir='ltr' id='par_1_56' title="bbox 1844 2549 3413 2624">
     <span class='ocr_line' id='line_1_56' title="bbox 1844 2549 3413 2624; baseline -0.003 -17"><span class='ocrx_word' id='word_1_398' title='bbox 1844 2568 2031 2610; x_wconf 91' lang='lat' dir='ltr'><strong>rursus</strong></span> <span class='ocrx_word' id='word_1_399' title='bbox 2046 2554 2335 2624; x_wconf 87' lang='lat' dir='ltr'><strong>adjiciens:</strong></span> <span class='ocrx_word' id='word_1_400' title='bbox 2356 2553 2786 2621; x_wconf 87' lang='lat' dir='ltr'><strong>Consequantur,</strong></span> <span class='ocrx_word' id='word_1_401' title='bbox 2810 2552 3004 2620; x_wconf 87' lang='lat' dir='ltr'><strong>inquit,</strong></span> <span class='ocrx_word' id='word_1_402' title='bbox 3030 2550 3257 2620; x_wconf 78' lang='lat' dir='ltr'><strong>benigne</strong></span> <span class='ocrx_word' id='word_1_403' title='bbox 3305 2549 3413 2603; x_wconf 85' lang='lat' dir='ltr'><strong>Do-</strong></span> 
     </span>
    </p>
   </div>
   <div class='ocr_carea' id='block_1_57' title="bbox 1845 2644 3414 2713">
    <p class='ocr_par' dir='ltr' id='par_1_57' title="bbox 1845 2644 3414 2713">
     <span class='ocr_line' id='line_1_57' title="bbox 1845 2644 3414 2713; baseline -0.003 -15"><span class='ocrx_word' id='word_1_404' title='bbox 1845 2645 2013 2709; x_wconf 85' lang='lat' dir='ltr'><strong>mine,</strong></span> <span class='ocrx_word' id='word_1_405' title='bbox 2039 2660 2069 2699; x_wconf 91' lang='lat' dir='ltr'><strong>a</strong></span> <span class='ocrx_word' id='word_1_406' title='bbox 2102 2655 2153 2699; x_wconf 91' lang='lat' dir='ltr'><strong>te</strong></span> <span class='ocrx_word' id='word_1_407' title='bbox 2179 2646 2434 2698; x_wconf 81' lang='lat' dir='ltr'><strong>auxilium</strong></span> <span class='ocrx_word' id='word_1_408' title='bbox 2456 2687 2468 2708; x_wconf 93' lang='lat'><strong>,</strong></span> <span class='ocrx_word' id='word_1_409' title='bbox 2489 2644 2580 2713; x_wconf 92' lang='lat' dir='ltr'><strong>qui</strong></span> <span class='ocrx_word' id='word_1_410' title='bbox 2614 2653 2833 2711; x_wconf 90' lang='lat' dir='ltr'><strong>propter</strong></span> <span class='ocrx_word' id='word_1_411' title='bbox 2864 2656 2948 2695; x_wconf 91' lang='lat' dir='ltr'><strong>me</strong></span> <span class='ocrx_word' id='word_1_412' title='bbox 2983 2650 3134 2694; x_wconf 91' lang='lat' dir='ltr'><strong>tuum</strong></span> <span class='ocrx_word' id='word_1_413' title='bbox 3164 2648 3414 2694; x_wconf 85' lang='lat' dir='ltr'><strong>sanctum</strong></span> 
     </span>
    </p>
   </div>
   <div class='ocr_carea' id='block_1_58' title="bbox 1846 2734 3419 2804">
    <p class='ocr_par' dir='ltr' id='par_1_58' title="bbox 1846 2734 3419 2804">
     <span class='ocr_line' id='line_1_58' title="bbox 1846 2734 3419 2804; baseline -0.004 -13"><span class='ocrx_word' id='word_1_414' title='bbox 1846 2752 2043 2791; x_wconf 90' lang='lat' dir='ltr'><strong>nomen</strong></span> <span class='ocrx_word' id='word_1_415' title='bbox 2077 2738 2349 2792; x_wconf 82' lang='lat' dir='ltr'><strong>invocant.</strong></span> <span class='ocrx_word' id='word_1_416' title='bbox 2383 2736 2653 2790; x_wconf 84' lang='lat' dir='ltr'><strong>Memento</strong></span> <span class='ocrx_word' id='word_1_417' title='bbox 2702 2734 3032 2791; x_wconf 61' lang='lat' dir='ltr'><strong>haretlitatis</strong></span> <span class='ocrx_word' id='word_1_418' title='bbox 3063 2742 3200 2797; x_wconf 69' lang='lat' dir='ltr'><strong>ture,</strong></span> <span class='ocrx_word' id='word_1_419' title='bbox 3252 2748 3419 2804; x_wconf 72' lang='lat' dir='ltr'><strong>quam</strong></span> 
     </span>
    </p>
   </div>
   <div class='ocr_carea' id='block_1_59' title="bbox 1849 2824 3426 2899">
    <p class='ocr_par' dir='ltr' id='par_1_59' title="bbox 1849 2824 3426 2899">
     <span class='ocr_line' id='line_1_59' title="bbox 1849 2824 3426 2899; baseline -0.004 -15"><span class='ocrx_word' id='word_1_420' title='bbox 1849 2829 2147 2899; x_wconf 91' lang='lat' dir='ltr'><strong>acquisiisti</strong></span> <span class='ocrx_word' id='word_1_421' title='bbox 2177 2871 2191 2893; x_wconf 95' lang='lat'><strong>,</strong></span> <span class='ocrx_word' id='word_1_422' title='bbox 2223 2838 2278 2882; x_wconf 89' lang='lat' dir='ltr'><strong>et</strong></span> <span class='ocrx_word' id='word_1_423' title='bbox 2305 2843 2374 2881; x_wconf 90' lang='lat' dir='ltr'><strong>ne</strong></span> <span class='ocrx_word' id='word_1_424' title='bbox 2403 2827 2482 2883; x_wconf 90' lang='lat' dir='ltr'><strong>eis</strong></span> <span class='ocrx_word' id='word_1_425' title='bbox 2529 2826 2772 2890; x_wconf 87' lang='lat' dir='ltr'><strong>deﬁciat,</strong></span> <span class='ocrx_word' id='word_1_426' title='bbox 2829 2824 3060 2879; x_wconf 91' lang='lat' dir='ltr'><strong>Domine</strong></span> <span class='ocrx_word' id='word_1_427' title='bbox 3081 2866 3095 2889; x_wconf 95' lang='lat'><strong>,</strong></span> <span class='ocrx_word' id='word_1_428' title='bbox 3133 2834 3223 2879; x_wconf 87' lang='lat' dir='ltr'><strong>tua</strong></span> <span class='ocrx_word' id='word_1_429' title='bbox 3255 2824 3426 2878; x_wconf 86' lang='lat' dir='ltr'><strong>mise-</strong></span> 
     </span>
    </p>
   </div>
   <div class='ocr_carea' id='block_1_60' title="bbox 1850 2912 3418 2977">
    <p class='ocr_par' dir='ltr' id='par_1_60' title="bbox 1850 2912 3418 2977">
     <span class='ocr_line' id='line_1_60' title="bbox 1850 2912 3418 2977; baseline -0.007 -3"><span class='ocrx_word' id='word_1_430' title='bbox 1850 2920 2117 2975; x_wconf 90' lang='lat' dir='ltr'><strong>ricordia.</strong></span> <span class='ocrx_word' id='word_1_431' title='bbox 2152 2916 2277 2972; x_wconf 66' lang='lat' dir='ltr'><strong>Htcc</strong></span> <span class='ocrx_word' id='word_1_432' title='bbox 2303 2931 2429 2973; x_wconf 88' lang='lat' dir='ltr'><strong>cum</strong></span> <span class='ocrx_word' id='word_1_433' title='bbox 2461 2916 2573 2971; x_wconf 91' lang='lat' dir='ltr'><strong>Deo</strong></span> <span class='ocrx_word' id='word_1_434' title='bbox 2614 2914 2879 2977; x_wconf 85' lang='lat' dir='ltr'><strong>dixisset,</strong></span> <span class='ocrx_word' id='word_1_435' title='bbox 2922 2912 3069 2967; x_wconf 86' lang='lat' dir='ltr'><strong>illinc</strong></span> <span class='ocrx_word' id='word_1_436' title='bbox 3120 2924 3418 2967; x_wconf 89' lang='lat' dir='ltr'><strong>conversus</strong></span> 
     </span>
    </p>
   </div>
   <div class='ocr_carea' id='block_1_61' title="bbox 1851 3003 3416 3079">
    <p class='ocr_par' dir='ltr' id='par_1_61' title="bbox 1851 3003 3416 3079">
     <span class='ocr_line' id='line_1_61' title="bbox 1851 3003 3416 3079; baseline -0.006 -14"><span class='ocrx_word' id='word_1_437' title='bbox 1851 3011 1999 3066; x_wconf 83' lang='lat' dir='ltr'><strong>videt</strong></span> <span class='ocrx_word' id='word_1_438' title='bbox 2051 3010 2333 3079; x_wconf 77' lang='lat' dir='ltr'><strong>coniugem</strong></span> <span class='ocrx_word' id='word_1_439' title='bbox 2360 3051 2372 3073; x_wconf 88' lang='lat'><strong>,</strong></span> <span class='ocrx_word' id='word_1_440' title='bbox 2413 3017 2467 3062; x_wconf 92' lang='lat' dir='ltr'><strong>et</strong></span> <span class='ocrx_word' id='word_1_441' title='bbox 2521 3022 2641 3061; x_wconf 91' lang='lat' dir='ltr'><strong>cum</strong></span> <span class='ocrx_word' id='word_1_442' title='bbox 2673 3021 2794 3075; x_wconf 62' lang='lat' dir='ltr'><strong>qum,</strong></span> <span class='ocrx_word' id='word_1_443' title='bbox 2825 3005 2875 3059; x_wconf 89' lang='lat' dir='ltr'><strong>ei</strong></span> <span class='ocrx_word' id='word_1_444' title='bbox 2940 3003 3091 3074; x_wconf 90' lang='lat' dir='ltr'><strong>prius</strong></span> <span class='ocrx_word' id='word_1_445' title='bbox 3132 3004 3372 3073; x_wconf 89' lang='lat' dir='ltr'><strong>jusserat</strong></span> <span class='ocrx_word' id='word_1_446' title='bbox 3400 3042 3416 3068; x_wconf 93' lang='lat'><strong>,</strong></span> 
     </span>
    </p>
   </div>
   <div class='ocr_carea' id='block_1_62' title="bbox 1852 3094 3418 3161">
    <p class='ocr_par' dir='ltr' id='par_1_62' title="bbox 1852 3094 3418 3161">
     <span class='ocr_line' id='line_1_62' title="bbox 1852 3094 3418 3161; baseline -0.006 -5"><span class='ocrx_word' id='word_1_447' title='bbox 1852 3110 2163 3156; x_wconf 83' lang='lat' dir='ltr'><strong>revocasset</strong></span> <span class='ocrx_word' id='word_1_448' title='bbox 2194 3103 2249 3153; x_wconf 91' lang='lat' dir='ltr'><strong>in</strong></span> <span class='ocrx_word' id='word_1_449' title='bbox 2278 3099 2593 3153; x_wconf 87' lang='lat' dir='ltr'><strong>memoriam</strong></span> <span class='ocrx_word' id='word_1_450' title='bbox 2613 3106 2669 3149; x_wconf 89' lang='lat' dir='ltr'><strong>et</strong></span> <span class='ocrx_word' id='word_1_451' title='bbox 2701 3097 2859 3149; x_wconf 88' lang='lat' dir='ltr'><strong>ﬁdem</strong></span> <span class='ocrx_word' id='word_1_452' title='bbox 2893 3096 2959 3148; x_wconf 89' lang='lat' dir='ltr'><strong>ab</strong></span> <span class='ocrx_word' id='word_1_453' title='bbox 2988 3109 3051 3147; x_wconf 90' lang='lat' dir='ltr'><strong>ea</strong></span> <span class='ocrx_word' id='word_1_454' title='bbox 3084 3094 3381 3161; x_wconf 79' lang='lat' dir='ltr'><strong>accepisset</strong></span> <span class='ocrx_word' id='word_1_455' title='bbox 3402 3131 3418 3155; x_wconf 89' lang='lat'><strong>,</strong></span> 
     </span>
    </p>
   </div>
   <div class='ocr_carea' id='block_1_63' title="bbox 179 3181 1759 3289">
    <p class='ocr_par' dir='ltr' id='par_1_63' title="bbox 179 3184 1751 3255">
     <span class='ocr_line' id='line_1_63' title="bbox 179 3184 1751 3255; baseline 0 -18"><span class='ocrx_word' id='word_1_456' title='bbox 179 3187 325 3237; x_wconf 80' lang='grc' dir='ltr'>ὥστε</span> <span class='ocrx_word' id='word_1_457' title='bbox 368 3184 717 3255; x_wconf 79' lang='grc' dir='ltr'>καταπρᾶξαι</span> <span class='ocrx_word' id='word_1_458' title='bbox 760 3187 936 3240; x_wconf 89' lang='grc' dir='ltr'>πάντα</span> <span class='ocrx_word' id='word_1_459' title='bbox 975 3186 1067 3237; x_wconf 70' lang='grc' dir='ltr'>καὶ</span> <span class='ocrx_word' id='word_1_460' title='bbox 1111 3185 1284 3255; x_wconf 83' lang='grc' dir='ltr'>πέρας</span> <span class='ocrx_word' id='word_1_461' title='bbox 1323 3184 1504 3249; x_wconf 84' lang='grc' dir='ltr'>αὐτοῖς</span> <span class='ocrx_word' id='word_1_462' title='bbox 1550 3184 1751 3253; x_wconf 80' lang='grc' dir='ltr'>ἀγαθὸν</span> 
     </span>
    </p>
   </div>
   <div class='ocr_carea' id='block_1_64' title="bbox 1850 3181 3422 3289">
    <p class='ocr_par' dir='ltr' id='par_1_64' title="bbox 1858 3181 3422 3255">
     <span class='ocr_line' id='line_1_64' title="bbox 1858 3181 3422 3255; baseline -0.008 -6"><span class='ocrx_word' id='word_1_463' title='bbox 1858 3208 1917 3249; x_wconf 86' lang='lat' dir='ltr'><strong>se</strong></span> <span class='ocrx_word' id='word_1_464' title='bbox 1974 3192 2155 3247; x_wconf 88' lang='lat' dir='ltr'><strong>omnia</strong></span> <span class='ocrx_word' id='word_1_465' title='bbox 2220 3200 2366 3246; x_wconf 88' lang='lat' dir='ltr'><strong>recte</strong></span> <span class='ocrx_word' id='word_1_466' title='bbox 2424 3198 2845 3253; x_wconf 80' lang='lat' dir='ltr'><strong>exsecuturam,</strong></span> <span class='ocrx_word' id='word_1_467' title='bbox 2913 3185 3016 3241; x_wconf 91' lang='lat' dir='ltr'><strong>boc</strong></span> <span class='ocrx_word' id='word_1_468' title='bbox 3047 3194 3324 3255; x_wconf 87' lang='lat' dir='ltr'><strong>postremo</strong></span> <span class='ocrx_word' id='word_1_469' title='bbox 3371 3181 3422 3238; x_wconf 88' lang='lat' dir='ltr'><strong>ei</strong></span> 
     </span>
    </p>
   </div>
   <div class='ocr_carea' id='block_1_65' title="bbox 178 3278 1753 3350">
    <p class='ocr_par' dir='ltr' id='par_1_65' title="bbox 178 3278 1753 3350">
     <span class='ocr_line' id='line_1_65' title="bbox 178 3278 1753 3350; baseline 0.001 -18"><span class='ocrx_word' id='word_1_470' title='bbox 178 3278 476 3343; x_wconf 71' lang='grc' dir='ltr'>ἐπιθεῖναι,</span> <span class='ocrx_word' id='word_1_471' title='bbox 502 3279 814 3332; x_wconf 84' lang='grc' dir='ltr'>τελευταίαν</span> <span class='ocrx_word' id='word_1_472' title='bbox 839 3279 1057 3348; x_wconf 76' lang='grc' dir='ltr'>ἐντολὴν</span> <span class='ocrx_word' id='word_1_473' title='bbox 1079 3280 1211 3348; x_wconf 77' lang='grc' dir='ltr'>αὐτῇ</span> <span class='ocrx_word' id='word_1_474' title='bbox 1238 3281 1565 3350; x_wconf 81' lang='grc' dir='ltr'>ἐπισκήπτει</span> <span class='ocrx_word' id='word_1_475' title='bbox 1586 3280 1753 3348; x_wconf 72' lang='grc' dir='ltr'>τάφον</span> 
     </span>
    </p>
   </div>
   <div class='ocr_carea' id='block_1_66' title="bbox 180 3368 1752 3441">
    <p class='ocr_par' dir='ltr' id='par_1_66' title="bbox 180 3368 1752 3441">
     <span class='ocr_line' id='line_1_66' title="bbox 180 3368 1752 3441; baseline 0.001 -20"><span class='ocrx_word' id='word_1_476' title='bbox 180 3369 333 3441; x_wconf 78' lang='grc' dir='ltr'><strong>αὐτῷ</strong></span> <span class='ocrx_word' id='word_1_477' title='bbox 364 3373 420 3424; x_wconf 79' lang='grc' dir='ltr'><strong>ἐν</strong></span> <span class='ocrx_word' id='word_1_478' title='bbox 447 3370 523 3439; x_wconf 81' lang='grc' dir='ltr'><strong>τῷ</strong></span> <span class='ocrx_word' id='word_1_479' title='bbox 551 3371 734 3441; x_wconf 68' lang='grc' dir='ltr'>χωρίῳ</span> <span class='ocrx_word' id='word_1_480' title='bbox 780 3371 1026 3438; x_wconf 80' lang='grc' dir='ltr'>Ἀμιμνα</span> <span class='ocrx_word' id='word_1_481' title='bbox 1054 3368 1371 3439; x_wconf 83' lang='grc' dir='ltr'>καλουμένῳ</span> <span class='ocrx_word' id='word_1_482' title='bbox 1402 3370 1671 3439; x_wconf 78' lang='grc' dir='ltr'>ἐπιχῶσαι</span> <span class='ocrx_word' id='word_1_483' title='bbox 1695 3371 1752 3423; x_wconf 75' lang='grc' dir='ltr'><strong>ἐν</strong></span> 
     </span>
    </p>
   </div>
   <div class='ocr_carea' id='block_1_67' title="bbox 178 3462 1299 3534">
    <p class='ocr_par' dir='ltr' id='par_1_67' title="bbox 178 3462 1299 3534">
     <span class='ocr_line' id='line_1_67' title="bbox 178 3462 1299 3534; baseline -0.001 -18"><span class='ocrx_word' id='word_1_484' title='bbox 178 3467 363 3534; x_wconf 87' lang='grc' dir='ltr'>τούτῳ</span> <span class='ocrx_word' id='word_1_485' title='bbox 397 3481 452 3517; x_wconf 86' lang='grc' dir='ltr'><strong>τε</strong></span> <span class='ocrx_word' id='word_1_486' title='bbox 484 3462 645 3515; x_wconf 80' lang='grc' dir='ltr'>αὐτοῦ</span> <span class='ocrx_word' id='word_1_487' title='bbox 684 3462 996 3532; x_wconf 74' lang='grc' dir='ltr'>καταθάψαι</span> <span class='ocrx_word' id='word_1_488' title='bbox 1028 3462 1088 3515; x_wconf 82' lang='grc' dir='ltr'><strong>τὸ</strong></span> <span class='ocrx_word' id='word_1_489' title='bbox 1120 3463 1299 3533; x_wconf 84' lang='grc' dir='ltr'>σῶμα.</span> 
     </span>
    </p>
   </div>
   <div class='ocr_carea' id='block_1_68' title="bbox 260 3576 1757 3649">
    <p class='ocr_par' dir='ltr' id='par_1_68' title="bbox 260 3576 1757 3649">
     <span class='ocr_line' id='line_1_68' title="bbox 260 3576 1757 3649; baseline -0.001 -16"><span class='ocrx_word' id='word_1_490' title='bbox 260 3580 376 3646; x_wconf 64' lang='grc' dir='ltr'><strong>ΚΤ.</strong></span> <span class='ocrx_word' id='word_1_491' title='bbox 416 3579 660 3647; x_wconf 72' lang='grc' dir='ltr'>Πλήθους</span> <span class='ocrx_word' id='word_1_492' title='bbox 690 3579 780 3631; x_wconf 78' lang='grc' dir='ltr'><strong>οῦν</strong></span> <span class='ocrx_word' id='word_1_493' title='bbox 820 3579 979 3631; x_wconf 71' lang='grc' dir='ltr'>αὑτὸν</span> <span class='ocrx_word' id='word_1_494' title='bbox 1014 3578 1113 3630; x_wconf 79' lang='grc' dir='ltr'><strong>οὐκ</strong></span> <span class='ocrx_word' id='word_1_495' title='bbox 1147 3576 1327 3644; x_wconf 80' lang='grc' dir='ltr'>ὀλίγου</span> <span class='ocrx_word' id='word_1_496' title='bbox 1364 3578 1717 3649; x_wconf 74' lang='grc' dir='ltr'>περιστάντος</span> <span class='ocrx_word' id='word_1_497' title='bbox 1742 3618 1757 3645; x_wconf 84' lang='grc'><strong>,</strong></span> 
     </span>
    </p>
   </div>
   <div class='ocr_carea' id='block_1_69' title="bbox 181 3668 1759 3743">
    <p class='ocr_par' dir='ltr' id='par_1_69' title="bbox 181 3668 1759 3743">
     <span class='ocr_line' id='line_1_69' title="bbox 181 3668 1759 3743; baseline 0.001 -18"><span class='ocrx_word' id='word_1_498' title='bbox 181 3676 295 3742; x_wconf 70' lang='grc' dir='ltr'><strong>ὁρᾷ</strong></span> <span class='ocrx_word' id='word_1_499' title='bbox 336 3684 456 3724; x_wconf 85' lang='grc' dir='ltr'>τινα</span> <span class='ocrx_word' id='word_1_500' title='bbox 499 3672 659 3740; x_wconf 81' lang='grc' dir='ltr'>μέσον</span> <span class='ocrx_word' id='word_1_501' title='bbox 695 3670 904 3722; x_wconf 84' lang='grc' dir='ltr'>έστῶτα</span> <span class='ocrx_word' id='word_1_502' title='bbox 953 3669 1166 3738; x_wconf 82' lang='grc' dir='ltr'>Ζήνανα</span> <span class='ocrx_word' id='word_1_503' title='bbox 1197 3668 1273 3740; x_wconf 83' lang='grc' dir='ltr'><strong>[ί.</strong></span> <span class='ocrx_word' id='word_1_504' title='bbox 1317 3670 1560 3743; x_wconf 81' lang='grc' dir='ltr'>Ζήνωνα]</span> <span class='ocrx_word' id='word_1_505' title='bbox 1609 3673 1759 3740; x_wconf 81' lang='grc' dir='ltr'>φίλον</span> 
     </span>
    </p>
   </div>
   <div class='ocr_carea' id='block_1_70' title="bbox 183 3758 1762 3833">
    <p class='ocr_par' dir='ltr' id='par_1_70' title="bbox 183 3758 1762 3833">
     <span class='ocr_line' id='line_1_70' title="bbox 183 3758 1762 3833; baseline -0.003 -14"><span class='ocrx_word' id='word_1_506' title='bbox 183 3764 341 3833; x_wconf 77' lang='grc' dir='ltr'>αὐτῷ</span> <span class='ocrx_word' id='word_1_507' title='bbox 371 3764 603 3833; x_wconf 78' lang='grc' dir='ltr'>μάλιστα</span> <span class='ocrx_word' id='word_1_508' title='bbox 630 3762 721 3816; x_wconf 72' lang='grc' dir='ltr'><strong>καὶ</strong></span> <span class='ocrx_word' id='word_1_509' title='bbox 751 3762 955 3832; x_wconf 80' lang='grc' dir='ltr'>συνήθη</span> <span class='ocrx_word' id='word_1_510' title='bbox 984 3758 1282 3817; x_wconf 81' lang='grc' dir='ltr'>πενθοῦντα</span> <span class='ocrx_word' id='word_1_511' title='bbox 1310 3759 1407 3830; x_wconf 80' lang='grc' dir='ltr'><strong>τὴν</strong></span> <span class='ocrx_word' id='word_1_512' title='bbox 1433 3762 1640 3815; x_wconf 82' lang='grc' dir='ltr'>ἐκείνου</span> <span class='ocrx_word' id='word_1_513' title='bbox 1672 3780 1762 3815; x_wconf 85' lang='grc' dir='ltr'>τε-</span> 
     </span>
    </p>
   </div>
   <div class='ocr_carea' id='block_1_71' title="bbox 185 3850 1761 3927">
    <p class='ocr_par' dir='ltr' id='par_1_71' title="bbox 185 3850 1761 3927">
     <span class='ocr_line' id='line_1_71' title="bbox 185 3850 1761 3927; baseline -0.003 -16"><span class='ocrx_word' id='word_1_514' title='bbox 185 3858 390 3927; x_wconf 79' lang='grc' dir='ltr'>λευτὴν</span> <span class='ocrx_word' id='word_1_515' title='bbox 443 3858 536 3911; x_wconf 73' lang='grc' dir='ltr'>καὶ</span> <span class='ocrx_word' id='word_1_516' title='bbox 581 3856 953 3923; x_wconf 83' lang='grc' dir='ltr'>κοπτόμενον·</span> <span class='ocrx_word' id='word_1_517' title='bbox 1002 3850 1207 3917; x_wconf 72' lang='grc' dir='ltr'>καὶ,⁷Ω</span> <span class='ocrx_word' id='word_1_518' title='bbox 1255 3852 1374 3923; x_wconf 84' lang='grc' dir='ltr'>φίλε</span> <span class='ocrx_word' id='word_1_519' title='bbox 1418 3851 1624 3923; x_wconf 82' lang='grc' dir='ltr'>Ζήνων,</span> <span class='ocrx_word' id='word_1_520' title='bbox 1687 3856 1761 3927; x_wconf 83' lang='grc' dir='ltr'>μὴ</span> 
     </span>
    </p>
   </div>
   <div class='ocr_carea' id='block_1_72' title="bbox 184 3941 1764 4018">
    <p class='ocr_par' dir='ltr' id='par_1_72' title="bbox 184 3941 1764 4018">
     <span class='ocr_line' id='line_1_72' title="bbox 184 3941 1764 4018; baseline -0.013 -11"><span class='ocrx_word' id='word_1_521' title='bbox 184 3955 369 4015; x_wconf 82' lang='grc' dir='ltr'>κλαῖε,</span> <span class='ocrx_word' id='word_1_522' title='bbox 403 3950 540 4017; x_wconf 76' lang='grc' dir='ltr'>ἔφη’</span> <span class='ocrx_word' id='word_1_523' title='bbox 569 3947 632 3998; x_wconf 77' lang='grc' dir='ltr'><strong>σὺ</strong></span> <span class='ocrx_word' id='word_1_524' title='bbox 667 3946 764 4015; x_wconf 81' lang='grc' dir='ltr'><strong>μὲν</strong></span> <span class='ocrx_word' id='word_1_525' title='bbox 788 3945 914 4015; x_wconf 70' lang='grc' dir='ltr'>γὰρ,</span> <span class='ocrx_word' id='word_1_526' title='bbox 949 3941 1065 3998; x_wconf 75' lang='grc' dir='ltr'>οἴδα</span> <span class='ocrx_word' id='word_1_527' title='bbox 1087 3986 1099 4006; x_wconf 90' lang='lat'><strong>,</strong></span> <span class='ocrx_word' id='word_1_528' title='bbox 1128 3944 1217 3995; x_wconf 81' lang='grc' dir='ltr'>τὸν</span> <span class='ocrx_word' id='word_1_529' title='bbox 1250 3948 1515 4014; x_wconf 74' lang='grc' dir='ltr'>ἡμέτερον</span> <span class='ocrx_word' id='word_1_530' title='bbox 1547 3948 1764 4018; x_wconf 70' lang='grc' dir='ltr'>θρηνεῖς</span> 
     </span>
    </p>
   </div>
   <div class='ocr_carea' id='block_1_73' title="bbox 186 4031 1763 4115">
    <p class='ocr_par' dir='ltr' id='par_1_73' title="bbox 186 4031 1763 4115">
     <span class='ocr_line' id='line_1_73' title="bbox 186 4031 1763 4115; baseline 0.001 -24"><span class='ocrx_word' id='word_1_531' title='bbox 186 4043 506 4115; x_wconf 74' lang='grc' dir='ltr'>χωρισμόνο</span> <span class='ocrx_word' id='word_1_532' title='bbox 556 4039 668 4091; x_wconf 85' lang='grc' dir='ltr'>ἀλλ’</span> <span class='ocrx_word' id='word_1_533' title='bbox 722 4040 748 4091; x_wconf 92' lang='lat'><strong>6</strong></span> <span class='ocrx_word' id='word_1_534' title='bbox 794 4039 950 4103; x_wconf 70' lang='grc' dir='ltr'>Θεὸς,</span> <span class='ocrx_word' id='word_1_535' title='bbox 999 4031 1042 4105; x_wconf 81' lang='grc' dir='ltr'>ᾧ</span> <span class='ocrx_word' id='word_1_536' title='bbox 1089 4036 1198 4104; x_wconf 82' lang='grc' dir='ltr'>ἐγὼ</span> <span class='ocrx_word' id='word_1_537' title='bbox 1245 4036 1493 4106; x_wconf 82' lang='grc' dir='ltr'>λατρεύω</span> <span class='ocrx_word' id='word_1_538' title='bbox 1540 4040 1633 4090; x_wconf 77' lang='grc' dir='ltr'><strong>καὶ</strong></span> <span class='ocrx_word' id='word_1_539' title='bbox 1685 4043 1763 4104; x_wconf 86' lang='grc' dir='ltr'><strong>είς</strong></span> 
     </span>
    </p>
   </div>
   <div class='ocr_carea' id='block_1_74' title="bbox 185 4129 1765 4202">
    <p class='ocr_par' dir='ltr' id='par_1_74' title="bbox 185 4129 1765 4202">
     <span class='ocr_line' id='line_1_74' title="bbox 185 4129 1765 4202; baseline -0.004 -13"><span class='ocrx_word' id='word_1_540' title='bbox 185 4138 250 4189; x_wconf 78' lang='grc' dir='ltr'>ὃν</span> <span class='ocrx_word' id='word_1_541' title='bbox 282 4133 515 4186; x_wconf 66' lang='grc' dir='ltr'>πέποιθα</span> <span class='ocrx_word' id='word_1_542' title='bbox 537 4173 550 4195; x_wconf 87' lang='grc'><strong>,</strong></span> <span class='ocrx_word' id='word_1_543' title='bbox 580 4134 638 4186; x_wconf 73' lang='grc' dir='ltr'>οὖ</span> <span class='ocrx_word' id='word_1_544' title='bbox 671 4133 947 4200; x_wconf 78' lang='grc' dir='ltr'>διαστήσει</span> <span class='ocrx_word' id='word_1_545' title='bbox 979 4129 1221 4198; x_wconf 71' lang='grc' dir='ltr'>ἀλλήλων</span> <span class='ocrx_word' id='word_1_546' title='bbox 1257 4130 1436 4202; x_wconf 76' lang='grc' dir='ltr'>ἡμᾶς,</span> <span class='ocrx_word' id='word_1_547' title='bbox 1468 4129 1560 4191; x_wconf 83' lang='grc' dir='ltr'><strong>οὓς</strong></span> <span class='ocrx_word' id='word_1_548' title='bbox 1590 4130 1765 4201; x_wconf 82' lang='grc' dir='ltr'>θερμὴ</span> 
     </span>
    </p>
   </div>
   <div class='ocr_carea' id='block_1_75' title="bbox 188 4222 1764 4296">
    <p class='ocr_par' dir='ltr' id='par_1_75' title="bbox 188 4222 1764 4296">
     <span class='ocr_line' id='line_1_75' title="bbox 188 4222 1764 4296; baseline -0.002 -16"><span class='ocrx_word' id='word_1_549' title='bbox 188 4229 369 4282; x_wconf 79' lang='grc' dir='ltr'>πάλαι</span> <span class='ocrx_word' id='word_1_550' title='bbox 400 4228 570 4296; x_wconf 77' lang='grc' dir='ltr'>φιλία,</span> <span class='ocrx_word' id='word_1_551' title='bbox 614 4228 754 4279; x_wconf 77' lang='grc' dir='ltr'><strong>καὶὸ</strong></span> <span class='ocrx_word' id='word_1_552' title='bbox 790 4224 922 4293; x_wconf 63' lang='grc' dir='ltr'>προς</span> <span class='ocrx_word' id='word_1_553' title='bbox 967 4222 1127 4276; x_wconf 67' lang='grc' dir='ltr'>αὑτὸν</span> <span class='ocrx_word' id='word_1_554' title='bbox 1164 4222 1302 4294; x_wconf 71' lang='grc' dir='ltr'>ἔρως</span> <span class='ocrx_word' id='word_1_555' title='bbox 1346 4224 1609 4293; x_wconf 74' lang='grc' dir='ltr'>συνῆψεν·</span> <span class='ocrx_word' id='word_1_556' title='bbox 1651 4225 1764 4278; x_wconf 81' lang='grc' dir='ltr'>ἀλλ’</span> 
     </span>
    </p>
   </div>
   <div class='ocr_carea' id='block_1_76' title="bbox 186 4314 1753 4392">
    <p class='ocr_par' dir='ltr' id='par_1_76' title="bbox 186 4314 1753 4392">
     <span class='ocr_line' id='line_1_76' title="bbox 186 4314 1753 4392; baseline -0.004 -16"><span class='ocrx_word' id='word_1_557' title='bbox 186 4323 389 4392; x_wconf 78' lang='grc' dir='ltr'>ὥσπερ</span> <span class='ocrx_word' id='word_1_558' title='bbox 422 4323 500 4390; x_wconf 82' lang='grc' dir='ltr'>ἐφ’</span> <span class='ocrx_word' id='word_1_559' title='bbox 537 4320 651 4382; x_wconf 68' lang='grc' dir='ltr'>ἐνὸς</span> <span class='ocrx_word' id='word_1_560' title='bbox 693 4319 952 4383; x_wconf 83' lang='grc' dir='ltr'>σκάφους,</span> <span class='ocrx_word' id='word_1_561' title='bbox 992 4314 1132 4369; x_wconf 77' lang='grc' dir='ltr'>οὕτω</span> <span class='ocrx_word' id='word_1_562' title='bbox 1153 4317 1243 4368; x_wconf 71' lang='grc' dir='ltr'>τὸν</span> <span class='ocrx_word' id='word_1_563' title='bbox 1276 4316 1391 4386; x_wconf 83' lang='grc' dir='ltr'>βίον</span> <span class='ocrx_word' id='word_1_564' title='bbox 1412 4317 1753 4387; x_wconf 88' lang='grc' dir='ltr'>συμπλεύσο-</span> 
     </span>
    </p>
   </div>
   <div class='ocr_carea' id='block_1_77' title="bbox 193 4409 1766 4489">
    <p class='ocr_par' dir='ltr' id='par_1_77' title="bbox 193 4409 1766 4489">
     <span class='ocr_line' id='line_1_77' title="bbox 193 4409 1766 4489; baseline -0.003 -19"><span class='ocrx_word' id='word_1_565' title='bbox 193 4434 324 4489; x_wconf 80' lang='grc' dir='ltr'>μεν.</span> <span class='ocrx_word' id='word_1_566' title='bbox 363 4415 504 4483; x_wconf 79' lang='grc' dir='ltr'>Πρὸς</span> <span class='ocrx_word' id='word_1_567' title='bbox 528 4412 695 4466; x_wconf 82' lang='grc' dir='ltr'>ταῦτα</span> <span class='ocrx_word' id='word_1_568' title='bbox 724 4413 751 4462; x_wconf 91' lang='lat'><strong>6</strong></span> <span class='ocrx_word' id='word_1_569' title='bbox 778 4412 959 4479; x_wconf 84' lang='grc' dir='ltr'>Ζήνων</span> <span class='ocrx_word' id='word_1_570' title='bbox 980 4409 1393 4480; x_wconf 78' lang='grc' dir='ltr'>διαθερμανθεὶς</span> <span class='ocrx_word' id='word_1_571' title='bbox 1412 4410 1509 4478; x_wconf 79' lang='grc' dir='ltr'><strong>τὴν</strong></span> <span class='ocrx_word' id='word_1_572' title='bbox 1539 4410 1766 4480; x_wconf 80' lang='grc' dir='ltr'>καρδίαν</span> 
     </span>
    </p>
   </div>
   <div class='ocr_carea' id='block_1_78' title="bbox 184 4500 1769 4573">
    <p class='ocr_par' dir='ltr' id='par_1_78' title="bbox 184 4500 1769 4573">
     <span class='ocr_line' id='line_1_78' title="bbox 184 4500 1769 4573; baseline -0.006 -10"><span class='ocrx_word' id='word_1_573' title='bbox 184 4510 297 4564; x_wconf 76' lang='grc' dir='ltr'><strong>καὶ</strong></span> <span class='ocrx_word' id='word_1_574' title='bbox 331 4506 621 4569; x_wconf 73' lang='grc' dir='ltr'>ἀναζέσας,</span> <span class='ocrx_word' id='word_1_575' title='bbox 639 4503 907 4573; x_wconf 77' lang='grc' dir='ltr'>ἐθάρσησε</span> <span class='ocrx_word' id='word_1_576' title='bbox 935 4505 1026 4556; x_wconf 69' lang='grc' dir='ltr'><strong>καὶ</strong></span> <span class='ocrx_word' id='word_1_577' title='bbox 1048 4500 1372 4571; x_wconf 80' lang='grc' dir='ltr'>Χριστιανὸν</span> <span class='ocrx_word' id='word_1_578' title='bbox 1394 4500 1552 4563; x_wconf 82' lang='grc' dir='ltr'>εὐθὺς</span> <span class='ocrx_word' id='word_1_579' title='bbox 1578 4504 1769 4557; x_wconf 80' lang='grc' dir='ltr'>ἑαυτὸν</span> 
     </span>
    </p>
   </div>
   <div class='ocr_carea' id='block_1_79' title="bbox 190 4595 1423 4669">
    <p class='ocr_par' dir='ltr' id='par_1_79' title="bbox 190 4595 1423 4669">
     <span class='ocr_line' id='line_1_79' title="bbox 190 4595 1423 4669; baseline -0.006 -13"><span class='ocrx_word' id='word_1_580' title='bbox 190 4603 307 4657; x_wconf 75' lang='grc' dir='ltr'><strong>ὑπὸ</strong></span> <span class='ocrx_word' id='word_1_581' title='bbox 336 4602 403 4669; x_wconf 78' lang='grc' dir='ltr'>τῇ</span> <span class='ocrx_word' id='word_1_582' title='bbox 434 4599 647 4650; x_wconf 89' lang='grc' dir='ltr'>πάντων</span> <span class='ocrx_word' id='word_1_583' title='bbox 671 4596 791 4664; x_wconf 64' lang='grc' dir='ltr'>ὄψει</span> <span class='ocrx_word' id='word_1_584' title='bbox 826 4598 920 4648; x_wconf 69' lang='grc' dir='ltr'>καὶ</span> <span class='ocrx_word' id='word_1_585' title='bbox 943 4597 1077 4663; x_wconf 86' lang='grc' dir='ltr'>ἀκοῇ</span> <span class='ocrx_word' id='word_1_586' title='bbox 1105 4595 1423 4663; x_wconf 81' lang='grc' dir='ltr'>ἐμαρτύρει.</span> 
     </span>
    </p>
   </div>
   <div class='ocr_carea' id='block_1_80' title="bbox 188 4686 1770 4762">
    <p class='ocr_par' dir='ltr' id='par_1_80' title="bbox 188 4686 1770 4762">
     <span class='ocr_line' id='line_1_80' title="bbox 188 4686 1770 4762; baseline -0.009 -12"><span class='ocrx_word' id='word_1_587' title='bbox 188 4692 356 4756; x_wconf 65' lang='grc' dir='ltr'>οὗτος</span> <span class='ocrx_word' id='word_1_588' title='bbox 395 4693 531 4762; x_wconf 77' lang='grc' dir='ltr'><strong>μετά</strong></span> <span class='ocrx_word' id='word_1_589' title='bbox 571 4690 882 4760; x_wconf 77' lang='grc' dir='ltr'>παρρησίας</span> <span class='ocrx_word' id='word_1_590' title='bbox 904 4686 1059 4741; x_wconf 89' lang='grc' dir='ltr'>τοῦτο</span> <span class='ocrx_word' id='word_1_591' title='bbox 1093 4687 1241 4751; x_wconf 80' lang='grc' dir='ltr'>ἐϐόα,</span> <span class='ocrx_word' id='word_1_592' title='bbox 1282 4689 1633 4753; x_wconf 83' lang='grc' dir='ltr'>συλλαϐόντες</span> <span class='ocrx_word' id='word_1_593' title='bbox 1668 4691 1770 4743; x_wconf 77' lang='grc' dir='ltr'>αὖ.</span> 
     </span>
    </p>
   </div>
   <div class='ocr_carea' id='block_1_81' title="bbox 189 4778 1769 4851">
    <p class='ocr_par' dir='ltr' id='par_1_81' title="bbox 189 4778 1769 4851">
     <span class='ocr_line' id='line_1_81' title="bbox 189 4778 1769 4851; baseline -0.005 -12"><span class='ocrx_word' id='word_1_594' title='bbox 189 4791 295 4840; x_wconf 77' lang='grc' dir='ltr'><strong>τὸν</strong></span> <span class='ocrx_word' id='word_1_595' title='bbox 349 4786 401 4836; x_wconf 76' lang='lat' dir='ltr'><strong>ot</strong></span> <span class='ocrx_word' id='word_1_596' title='bbox 459 4782 642 4851; x_wconf 80' lang='grc' dir='ltr'>δήμιοι</span> <span class='ocrx_word' id='word_1_597' title='bbox 695 4780 833 4832; x_wconf 86' lang='grc' dir='ltr'><strong>κατά</strong></span> <span class='ocrx_word' id='word_1_598' title='bbox 884 4778 944 4833; x_wconf 84' lang='grc' dir='ltr'>τὸ</span> <span class='ocrx_word' id='word_1_599' title='bbox 999 4781 1469 4848; x_wconf 81' lang='grc' dir='ltr'>προστεταγμένον</span> <span class='ocrx_word' id='word_1_600' title='bbox 1526 4781 1627 4833; x_wconf 77' lang='grc' dir='ltr'>ὑπὸ</span> <span class='ocrx_word' id='word_1_601' title='bbox 1680 4779 1769 4832; x_wconf 83' lang='grc' dir='ltr'><strong>τοῦ</strong></span> 
     </span>
    </p>
   </div>
   <div class='ocr_carea' id='block_1_82' title="bbox 190 4870 1773 4949">
    <p class='ocr_par' dir='ltr' id='par_1_82' title="bbox 190 4870 1773 4949">
     <span class='ocr_line' id='line_1_82' title="bbox 190 4870 1773 4949; baseline -0.006 -16"><span class='ocrx_word' id='word_1_602' title='bbox 190 4878 491 4949; x_wconf 82' lang='grc' dir='ltr'>τυράννου.</span> <span class='ocrx_word' id='word_1_603' title='bbox 523 4875 663 4944; x_wconf 79' lang='grc' dir='ltr'>ξίφει</span> <span class='ocrx_word' id='word_1_604' title='bbox 684 4874 781 4942; x_wconf 81' lang='grc' dir='ltr'><strong>τὴν</strong></span> <span class='ocrx_word' id='word_1_605' title='bbox 807 4871 1047 4939; x_wconf 72' lang='grc' dir='ltr'>κεφαλὴν</span> <span class='ocrx_word' id='word_1_606' title='bbox 1077 4871 1469 4940; x_wconf 83' lang='grc' dir='ltr'>ἀφαιροῦνται·</span> <span class='ocrx_word' id='word_1_607' title='bbox 1504 4873 1597 4925; x_wconf 74' lang='grc' dir='ltr'><strong>καὶ</strong></span> <span class='ocrx_word' id='word_1_608' title='bbox 1626 4870 1773 4940; x_wconf 74' lang='grc' dir='ltr'>ήτοῦ</span> 
     </span>
    </p>
   </div>
   <div class='ocr_carea' id='block_1_83' title="bbox 194 4961 1775 5035">
    <p class='ocr_par' dir='ltr' id='par_1_83' title="bbox 194 4961 1775 5035">
     <span class='ocr_line' id='line_1_83' title="bbox 194 4961 1775 5035; baseline -0.005 -12"><span class='ocrx_word' id='word_1_609' title='bbox 194 4966 462 5030; x_wconf 75' lang='grc' dir='ltr'>Εὐϐοξὶου</span> <span class='ocrx_word' id='word_1_610' title='bbox 495 4966 801 5035; x_wconf 71' lang='grc' dir='ltr'>πρόρρησις</span> <span class='ocrx_word' id='word_1_611' title='bbox 832 4961 972 5014; x_wconf 70' lang='grc' dir='ltr'>οὕτω</span> <span class='ocrx_word' id='word_1_612' title='bbox 1002 4963 1139 5031; x_wconf 72' lang='grc' dir='ltr'>ταχὺ</span> <span class='ocrx_word' id='word_1_613' title='bbox 1172 4964 1231 5014; x_wconf 85' lang='grc' dir='ltr'><strong>τὸ</strong></span> <span class='ocrx_word' id='word_1_614' title='bbox 1266 4962 1437 5030; x_wconf 81' lang='grc' dir='ltr'>πέρας</span> <span class='ocrx_word' id='word_1_615' title='bbox 1473 4962 1737 5031; x_wconf 86' lang='grc' dir='ltr'>λαμϐάνει</span> <span class='ocrx_word' id='word_1_616' title='bbox 1762 5005 1775 5027; x_wconf 84' lang='grc'><strong>,</strong></span> 
     </span>
    </p>
   </div>
   <div class='ocr_carea' id='block_1_84' title="bbox 194 5048 1778 5122">
    <p class='ocr_par' dir='ltr' id='par_1_84' title="bbox 194 5048 1778 5122">
     <span class='ocr_line' id='line_1_84' title="bbox 194 5048 1778 5122; baseline -0.004 -12"><span class='ocrx_word' id='word_1_617' title='bbox 194 5058 305 5111; x_wconf 74' lang='grc' dir='ltr'><strong>καὶ</strong></span> <span class='ocrx_word' id='word_1_618' title='bbox 344 5056 435 5107; x_wconf 70' lang='grc' dir='ltr'><strong>τὸν</strong></span> <span class='ocrx_word' id='word_1_619' title='bbox 484 5053 634 5121; x_wconf 83' lang='grc' dir='ltr'>φίλον</span> <span class='ocrx_word' id='word_1_620' title='bbox 683 5053 784 5122; x_wconf 74' lang='grc' dir='ltr'><strong>ὁρᾷ</strong></span> <span class='ocrx_word' id='word_1_621' title='bbox 836 5048 1174 5120; x_wconf 85' lang='grc' dir='ltr'>Ζήνωνατῷ</span> <span class='ocrx_word' id='word_1_622' title='bbox 1232 5053 1515 5121; x_wconf 82' lang='grc' dir='ltr'>μαρτυρίῳ</span> <span class='ocrx_word' id='word_1_623' title='bbox 1558 5053 1778 5104; x_wconf 80' lang='grc' dir='ltr'>τελειω-</span> 
     </span>
    </p>
   </div>
   <div class='ocr_carea' id='block_1_85' title="bbox 197 5153 392 5206">
    <p class='ocr_par' dir='ltr' id='par_1_85' title="bbox 197 5153 392 5206">
     <span class='ocr_line' id='line_1_85' title="bbox 197 5153 392 5206; baseline -0.01 -1"><span class='ocrx_word' id='word_1_624' title='bbox 197 5153 392 5206; x_wconf 72' lang='grc' dir='ltr'>θέντα.</span> 
     </span>
    </p>
   </div>
   <div class='ocr_carea' id='block_1_86' title="bbox 279 5234 1781 5306">
    <p class='ocr_par' dir='ltr' id='par_1_86' title="bbox 279 5234 1781 5306">
     <span class='ocr_line' id='line_1_86' title="bbox 279 5234 1781 5306; baseline -0.004 -11"><span class='ocrx_word' id='word_1_625' title='bbox 279 5242 385 5295; x_wconf 86' lang='lat' dir='ltr'><strong>lZ&#39;.</strong></span> <span class='ocrx_word' id='word_1_626' title='bbox 422 5239 577 5293; x_wconf 73' lang='grc' dir='ltr'>Οὕτω</span> <span class='ocrx_word' id='word_1_627' title='bbox 616 5236 684 5290; x_wconf 71' lang='grc' dir='ltr'><strong>τά</strong></span> <span class='ocrx_word' id='word_1_628' title='bbox 716 5236 814 5306; x_wconf 82' lang='grc' dir='ltr'>τῆς</span> <span class='ocrx_word' id='word_1_629' title='bbox 850 5236 1029 5305; x_wconf 82' lang='grc' dir='ltr'>φιλίας</span> <span class='ocrx_word' id='word_1_630' title='bbox 1049 5234 1648 5306; x_wconf 83' lang='grc' dir='ltr'>πραγματευσάμενος,</span> <span class='ocrx_word' id='word_1_631' title='bbox 1686 5238 1781 5289; x_wconf 76' lang='grc' dir='ltr'><strong>καὶ</strong></span> 
     </span>
    </p>
   </div>
   <div class='ocr_carea' id='block_1_87' title="bbox 195 5326 1782 5404">
    <p class='ocr_par' dir='ltr' id='par_1_87' title="bbox 195 5326 1782 5404">
     <span class='ocr_line' id='line_1_87' title="bbox 195 5326 1782 5404; baseline -0.004 -17"><span class='ocrx_word' id='word_1_632' title='bbox 195 5334 437 5404; x_wconf 67' lang='grc' dir='ltr'>ωιούτῳ</span> <span class='ocrx_word' id='word_1_633' title='bbox 480 5326 620 5389; x_wconf 74' lang='grc' dir='ltr'>τέλει</span> <span class='ocrx_word' id='word_1_634' title='bbox 661 5330 751 5381; x_wconf 71' lang='grc' dir='ltr'><strong>τὸν</strong></span> <span class='ocrx_word' id='word_1_635' title='bbox 796 5331 1018 5398; x_wconf 87' lang='grc' dir='ltr'>Ζήνωνα</span> <span class='ocrx_word' id='word_1_636' title='bbox 1059 5327 1413 5380; x_wconf 83' lang='grc' dir='ltr'>τελειωθέντα</span> <span class='ocrx_word' id='word_1_637' title='bbox 1468 5327 1611 5393; x_wconf 82' lang='grc' dir='ltr'>ἰδὼν,</span> <span class='ocrx_word' id='word_1_638' title='bbox 1661 5330 1782 5381; x_wconf 68' lang='grc' dir='ltr'>ἐπεὶ</span> 
     </span>
    </p>
   </div>
   <div class='ocr_carea' id='block_1_88' title="bbox 202 5419 1778 5491">
    <p class='ocr_par' dir='ltr' id='par_1_88' title="bbox 202 5419 1778 5491">
     <span class='ocr_line' id='line_1_88' title="bbox 202 5419 1778 5491; baseline -0.006 -13"><span class='ocrx_word' id='word_1_639' title='bbox 202 5426 309 5479; x_wconf 71' lang='grc' dir='ltr'><strong>καὶ</strong></span> <span class='ocrx_word' id='word_1_640' title='bbox 340 5427 501 5477; x_wconf 68' lang='grc' dir='ltr'>αὐτὴν</span> <span class='ocrx_word' id='word_1_641' title='bbox 539 5424 687 5491; x_wconf 77' lang='grc' dir='ltr'>φωνὴ</span> <span class='ocrx_word' id='word_1_642' title='bbox 719 5438 799 5482; x_wconf 87' lang='grc' dir='ltr'><strong>τις</strong></span> <span class='ocrx_word' id='word_1_643' title='bbox 837 5420 1041 5472; x_wconf 81' lang='grc' dir='ltr'>ἄνωθεν</span> <span class='ocrx_word' id='word_1_644' title='bbox 1073 5419 1164 5472; x_wconf 79' lang='grc' dir='ltr'>καὶ</span> <span class='ocrx_word' id='word_1_645' title='bbox 1194 5420 1333 5473; x_wconf 75' lang='grc' dir='ltr'>κατὰ</span> <span class='ocrx_word' id='word_1_646' title='bbox 1370 5420 1531 5482; x_wconf 82' lang='grc' dir='ltr'>πόδας</span> <span class='ocrx_word' id='word_1_647' title='bbox 1564 5420 1778 5484; x_wconf 79' lang='grc' dir='ltr'>ἐκάλει,</span> 
     </span>
    </p>
   </div>
   <div class='ocr_carea' id='block_1_89' title="bbox 204 5508 1783 5585">
    <p class='ocr_par' dir='ltr' id='par_1_89' title="bbox 204 5508 1783 5585">
     <span class='ocr_line' id='line_1_89' title="bbox 204 5508 1783 5585; baseline -0.006 -14"><span class='ocrx_word' id='word_1_648' title='bbox 204 5519 312 5571; x_wconf 66' lang='grc' dir='ltr'><strong>καὶ</strong></span> <span class='ocrx_word' id='word_1_649' title='bbox 349 5516 537 5585; x_wconf 79' lang='grc' dir='ltr'>ὥσπερ</span> <span class='ocrx_word' id='word_1_650' title='bbox 572 5517 689 5567; x_wconf 76' lang='grc' dir='ltr'>τινα</span> <span class='ocrx_word' id='word_1_651' title='bbox 720 5514 816 5566; x_wconf 77' lang='grc' dir='ltr'>καὶ</span> <span class='ocrx_word' id='word_1_652' title='bbox 846 5508 997 5574; x_wconf 76' lang='grc' dir='ltr'>οὗτος</span> <span class='ocrx_word' id='word_1_653' title='bbox 1025 5511 1255 5579; x_wconf 69' lang='grc' dir='ltr'>εὐωχίαν</span> <span class='ocrx_word' id='word_1_654' title='bbox 1286 5510 1484 5580; x_wconf 70' lang='grc' dir='ltr'>ἀπῄτει</span> <span class='ocrx_word' id='word_1_655' title='bbox 1510 5511 1599 5561; x_wconf 77' lang='grc' dir='ltr'>τὸν</span> <span class='ocrx_word' id='word_1_656' title='bbox 1624 5510 1783 5561; x_wconf 86' lang='grc' dir='ltr'>θάνα-</span> 
     </span>
    </p>
   </div>
   <div class='ocr_carea' id='block_1_90' title="bbox 207 5603 1779 5677">
    <p class='ocr_par' dir='ltr' id='par_1_90' title="bbox 207 5603 1779 5677">
     <span class='ocr_line' id='line_1_90' title="bbox 207 5603 1779 5677; baseline -0.004 -14"><span class='ocrx_word' id='word_1_657' title='bbox 207 5622 344 5663; x_wconf 77' lang='grc' dir='ltr'>τον’</span> <span class='ocrx_word' id='word_1_658' title='bbox 392 5608 533 5672; x_wconf 75' lang='grc' dir='ltr'>ξίφει</span> <span class='ocrx_word' id='word_1_659' title='bbox 580 5608 678 5676; x_wconf 81' lang='grc' dir='ltr'>τὴν</span> <span class='ocrx_word' id='word_1_660' title='bbox 726 5607 1003 5677; x_wconf 86' lang='grc' dir='ltr'>μακαρίαν</span> <span class='ocrx_word' id='word_1_661' title='bbox 1056 5603 1219 5659; x_wconf 76' lang='grc' dir='ltr'>αὑτοῦ</span> <span class='ocrx_word' id='word_1_662' title='bbox 1268 5603 1506 5673; x_wconf 78' lang='grc' dir='ltr'>κεφαλὴν</span> <span class='ocrx_word' id='word_1_663' title='bbox 1545 5604 1779 5672; x_wconf 78' lang='grc' dir='ltr'>ἅσμενος</span> 
     </span>
    </p>
   </div>
   <div class='ocr_carea' id='block_1_91' title="bbox 286 5741 1781 5825">
    <p class='ocr_par' dir='ltr' id='par_1_91' title="bbox 286 5741 1781 5825">
     <span class='ocr_line' id='line_1_91' title="bbox 286 5741 1781 5825; baseline -0.005 -26"><span class='ocrx_word' id='word_1_664' title='bbox 286 5744 819 5825; x_wconf 46' lang='lat' dir='ltr'><strong>(iSjA‘mimnajuis</strong></span> <span class='ocrx_word' id='word_1_665' title='bbox 844 5747 992 5799; x_wconf 87' lang='lat' dir='ltr'><strong>locus</strong></span> <span class='ocrx_word' id='word_1_666' title='bbox 1024 5743 1202 5808; x_wconf 81' lang='lat' dir='ltr'><strong>fuerit,</strong></span> <span class='ocrx_word' id='word_1_667' title='bbox 1256 5743 1397 5825; x_wconf 69' lang='lat' dir='ltr'><strong>apud</strong></span> <span class='ocrx_word' id='word_1_668' title='bbox 1445 5741 1781 5825; x_wconf 27' lang='lat' dir='ltr'><strong>‘geogi&#39;aplms</strong></span> 
     </span>
    </p>
   </div>
   <div class='ocr_carea' id='block_1_92' title="bbox 207 5810 1784 5879">
    <p class='ocr_par' dir='ltr' id='par_1_92' title="bbox 207 5810 1784 5879">
     <span class='ocr_line' id='line_1_92' title="bbox 207 5810 1784 5879; baseline -0.007 -8"><span class='ocrx_word' id='word_1_669' title='bbox 207 5810 332 5876; x_wconf 75' lang='lat' dir='ltr'><strong>non</strong></span> <span class='ocrx_word' id='word_1_670' title='bbox 384 5810 605 5868; x_wconf 75' lang='lat' dir='ltr'><strong>inveni.</strong></span> <span class='ocrx_word' id='word_1_671' title='bbox 674 5810 872 5868; x_wconf 65' lang='lat' dir='ltr'><strong>M&#39;ettasa</strong></span> <span class='ocrx_word' id='word_1_672' title='bbox 939 5826 1144 5869; x_wconf 80' lang='lat' dir='ltr'><strong>tantum</strong></span> <span class='ocrx_word' id='word_1_673' title='bbox 1261 5810 1473 5866; x_wconf 67' lang='lat' dir='ltr'><strong>habent</strong></span> <span class='ocrx_word' id='word_1_674' title='bbox 1534 5816 1784 5879; x_wconf 75' lang='grc' dir='ltr'>ἀμνημον</span> 
     </span>
    </p>
   </div>
   <div class='ocr_carea' id='block_1_93' title="bbox 208 5880 1791 5958">
    <p class='ocr_par' dir='ltr' id='par_1_93' title="bbox 208 5880 1791 5958">
     <span class='ocr_line' id='line_1_93' title="bbox 208 5880 1791 5958; baseline -0.007 -14"><span class='ocrx_word' id='word_1_675' title='bbox 208 5889 414 5958; x_wconf 59' lang='grc' dir='ltr'>τάφον,</span> <span class='ocrx_word' id='word_1_676' title='bbox 453 5884 597 5957; x_wconf 77' lang='lat' dir='ltr'><strong>quod</strong></span> <span class='ocrx_word' id='word_1_677' title='bbox 635 5885 826 5941; x_wconf 67' lang='lat' dir='ltr'><strong>citatus</strong></span> <span class='ocrx_word' id='word_1_678' title='bbox 860 5886 1102 5940; x_wconf 78' lang='lat' dir='ltr'><strong>Itaderus</strong></span> <span class='ocrx_word' id='word_1_679' title='bbox 1136 5893 1543 5939; x_wconf 87' lang='lat' dir='ltr'><strong>monumentum</strong></span> <span class='ocrx_word' id='word_1_680' title='bbox 1590 5880 1791 5937; x_wconf 88' lang='lat' dir='ltr'><strong>humile</strong></span> 
     </span>
    </p>
   </div>
   <div class='ocr_carea' id='block_1_94' title="bbox 1860 3276 3421 3351">
    <p class='ocr_par' dir='ltr' id='par_1_94' title="bbox 1860 3276 3421 3351">
     <span class='ocr_line' id='line_1_94' title="bbox 1860 3276 3421 3351; baseline -0.008 -11"><span class='ocrx_word' id='word_1_681' title='bbox 1860 3285 2117 3351; x_wconf 86' lang='lat' dir='ltr'><strong>mandat,</strong></span> <span class='ocrx_word' id='word_1_682' title='bbox 2146 3294 2206 3339; x_wconf 92' lang='lat' dir='ltr'><strong>ut</strong></span> <span class='ocrx_word' id='word_1_683' title='bbox 2237 3284 2285 3338; x_wconf 89' lang='lat' dir='ltr'><strong>ei</strong></span> <span class='ocrx_word' id='word_1_684' title='bbox 2325 3282 2527 3338; x_wconf 81' lang='lat' dir='ltr'><strong>fossam</strong></span> <span class='ocrx_word' id='word_1_685' title='bbox 2576 3280 2743 3336; x_wconf 81' lang='lat' dir='ltr'><strong>fodiat</strong></span> <span class='ocrx_word' id='word_1_686' title='bbox 2775 3282 2829 3334; x_wconf 86' lang='lat' dir='ltr'><strong>in</strong></span> <span class='ocrx_word' id='word_1_687' title='bbox 2865 3278 2986 3333; x_wconf 89' lang='lat' dir='ltr'><strong>Ioco</strong></span> <span class='ocrx_word' id='word_1_688' title='bbox 3006 3319 3021 3344; x_wconf 97' lang='lat'><strong>,</strong></span> <span class='ocrx_word' id='word_1_689' title='bbox 3052 3276 3144 3347; x_wconf 93' lang='lat' dir='ltr'><strong>qui</strong></span> <span class='ocrx_word' id='word_1_690' title='bbox 3204 3276 3421 3340; x_wconf 83' lang='lat' dir='ltr'><strong>dicitur,</strong></span> 
     </span>
    </p>
   </div>
   <div class='ocr_carea' id='block_1_95' title="bbox 1853 3370 3188 3446">
    <p class='ocr_par' dir='ltr' id='par_1_95' title="bbox 1853 3370 3188 3446">
     <span class='ocr_line' id='line_1_95' title="bbox 1853 3370 3188 3446; baseline -0.008 -13"><span class='ocrx_word' id='word_1_691' title='bbox 1853 3376 2103 3433; x_wconf 79' lang='lat' dir='ltr'><strong>Amimna</strong></span> <span class='ocrx_word' id='word_1_692' title='bbox 2130 3376 2265 3446; x_wconf 87' lang='lat' dir='ltr'><strong>(l8),</strong></span> <span class='ocrx_word' id='word_1_693' title='bbox 2295 3384 2349 3429; x_wconf 91' lang='lat' dir='ltr'><strong>et</strong></span> <span class='ocrx_word' id='word_1_694' title='bbox 2379 3375 2433 3427; x_wconf 92' lang='lat' dir='ltr'><strong>in</strong></span> <span class='ocrx_word' id='word_1_695' title='bbox 2472 3388 2537 3427; x_wconf 88' lang='lat' dir='ltr'><strong>eo</strong></span> <span class='ocrx_word' id='word_1_696' title='bbox 2565 3387 2761 3441; x_wconf 88' lang='lat' dir='ltr'><strong>corpus</strong></span> <span class='ocrx_word' id='word_1_697' title='bbox 2800 3372 2915 3441; x_wconf 89' lang='lat' dir='ltr'><strong>ejus</strong></span> <span class='ocrx_word' id='word_1_698' title='bbox 2946 3370 3188 3440; x_wconf 87' lang='lat' dir='ltr'><strong>sepeliat.</strong></span> 
     </span>
    </p>
   </div>
   <div class='ocr_carea' id='block_1_96' title="bbox 1940 3549 3427 3623">
    <p class='ocr_par' dir='ltr' id='par_1_96' title="bbox 1940 3549 3427 3623">
     <span class='ocr_line' id='line_1_96' title="bbox 1940 3549 3427 3623; baseline -0.007 -9"><span class='ocrx_word' id='word_1_699' title='bbox 1940 3558 2079 3614; x_wconf 78' lang='lat' dir='ltr'><strong>XVI.</strong></span> <span class='ocrx_word' id='word_1_700' title='bbox 2110 3556 2245 3613; x_wconf 90' lang='lat' dir='ltr'><strong>Cum</strong></span> <span class='ocrx_word' id='word_1_701' title='bbox 2286 3565 2467 3611; x_wconf 86' lang='lat' dir='ltr'><strong>autem</strong></span> <span class='ocrx_word' id='word_1_702' title='bbox 2503 3570 2626 3609; x_wconf 89' lang='lat' dir='ltr'><strong>eum</strong></span> <span class='ocrx_word' id='word_1_703' title='bbox 2659 3568 2768 3607; x_wconf 91' lang='lat' dir='ltr'><strong>non</strong></span> <span class='ocrx_word' id='word_1_704' title='bbox 2799 3567 2964 3623; x_wconf 88' lang='lat' dir='ltr'><strong>parva</strong></span> <span class='ocrx_word' id='word_1_705' title='bbox 2999 3549 3427 3606; x_wconf 85' lang='lat' dir='ltr'><strong>circumsisteret</strong></span> 
     </span>
    </p>
   </div>
   <div class='ocr_carea' id='block_1_97' title="bbox 1861 3644 3426 3717">
    <p class='ocr_par' dir='ltr' id='par_1_97' title="bbox 1861 3644 3426 3717">
     <span class='ocr_line' id='line_1_97' title="bbox 1861 3644 3426 3717; baseline -0.009 -9"><span class='ocrx_word' id='word_1_706' title='bbox 1861 3652 2197 3715; x_wconf 87' lang='lat' dir='ltr'><strong>multitudo,</strong></span> <span class='ocrx_word' id='word_1_707' title='bbox 2267 3650 2401 3704; x_wconf 89' lang='lat' dir='ltr'><strong>vidit</strong></span> <span class='ocrx_word' id='word_1_708' title='bbox 2474 3647 2761 3717; x_wconf 91' lang='lat' dir='ltr'><strong>quemdam</strong></span> <span class='ocrx_word' id='word_1_709' title='bbox 2796 3646 2851 3698; x_wconf 94' lang='lat' dir='ltr'><strong>in</strong></span> <span class='ocrx_word' id='word_1_710' title='bbox 2916 3644 3098 3699; x_wconf 90' lang='lat' dir='ltr'><strong>medio</strong></span> <span class='ocrx_word' id='word_1_711' title='bbox 3156 3649 3426 3705; x_wconf 86' lang='lat' dir='ltr'><strong>stantem.</strong></span> 
     </span>
    </p>
   </div>
   <div class='ocr_carea' id='block_1_98' title="bbox 1862 3734 3427 3807">
    <p class='ocr_par' dir='ltr' id='par_1_98' title="bbox 1862 3734 3427 3807">
     <span class='ocr_line' id='line_1_98' title="bbox 1862 3734 3427 3807; baseline -0.008 -8"><span class='ocrx_word' id='word_1_712' title='bbox 1862 3745 2081 3799; x_wconf 88' lang='lat' dir='ltr'><strong>nomine</strong></span> <span class='ocrx_word' id='word_1_713' title='bbox 2108 3741 2380 3796; x_wconf 85' lang='lat' dir='ltr'><strong>Zenonem</strong></span> <span class='ocrx_word' id='word_1_714' title='bbox 2409 3783 2424 3807; x_wconf 91' lang='lat'><strong>,</strong></span> <span class='ocrx_word' id='word_1_715' title='bbox 2462 3741 2511 3795; x_wconf 91' lang='lat' dir='ltr'><strong>ei</strong></span> <span class='ocrx_word' id='word_1_716' title='bbox 2564 3740 2718 3793; x_wconf 87' lang='lat' dir='ltr'><strong>valde</strong></span> <span class='ocrx_word' id='word_1_717' title='bbox 2750 3738 2982 3791; x_wconf 90' lang='lat' dir='ltr'><strong>amicum</strong></span> <span class='ocrx_word' id='word_1_718' title='bbox 3013 3745 3068 3789; x_wconf 90' lang='lat' dir='ltr'><strong>et</strong></span> <span class='ocrx_word' id='word_1_719' title='bbox 3108 3734 3427 3789; x_wconf 81' lang='lat' dir='ltr'><strong>familiarem</strong></span> 
     </span>
    </p>
   </div>
   <div class='ocr_carea' id='block_1_99' title="bbox 1864 3826 3430 3904">
    <p class='ocr_par' dir='ltr' id='par_1_99' title="bbox 1864 3826 3430 3904">
     <span class='ocr_line' id='line_1_99' title="bbox 1864 3826 3430 3904; baseline -0.008 -13"><span class='ocrx_word' id='word_1_720' title='bbox 1864 3838 2007 3891; x_wconf 90' lang='lat' dir='ltr'><strong>illius</strong></span> <span class='ocrx_word' id='word_1_721' title='bbox 2044 3845 2271 3889; x_wconf 89' lang='lat' dir='ltr'><strong>mortem</strong></span> <span class='ocrx_word' id='word_1_722' title='bbox 2312 3834 2677 3904; x_wconf 80' lang='lat' dir='ltr'><strong>plangentem.</strong></span> <span class='ocrx_word' id='word_1_723' title='bbox 2709 3831 2805 3886; x_wconf 92' lang='lat' dir='ltr'><strong>Cui</strong></span> <span class='ocrx_word' id='word_1_724' title='bbox 2839 3831 2961 3885; x_wconf 84' lang='lat' dir='ltr'><strong>ille:</strong></span> <span class='ocrx_word' id='word_1_725' title='bbox 2997 3827 3040 3883; x_wconf 94' lang='grc' dir='ltr'><strong>Ο</strong></span> <span class='ocrx_word' id='word_1_726' title='bbox 3065 3826 3229 3883; x_wconf 85' lang='lat' dir='ltr'><strong>chare</strong></span> <span class='ocrx_word' id='word_1_727' title='bbox 3260 3826 3430 3892; x_wconf 88' lang='lat' dir='ltr'><strong>Zeno,</strong></span> 
     </span>
    </p>
   </div>
   <div class='ocr_carea' id='block_1_100' title="bbox 1868 3918 3433 3998">
    <p class='ocr_par' dir='ltr' id='par_1_100' title="bbox 1868 3918 3433 3998">
     <span class='ocr_line' id='line_1_100' title="bbox 1868 3918 3433 3998; baseline -0.01 -14"><span class='ocrx_word' id='word_1_728' title='bbox 1868 3940 1923 3984; x_wconf 89' lang='lat' dir='ltr'><strong>tu</strong></span> <span class='ocrx_word' id='word_1_729' title='bbox 1950 3927 2167 3998; x_wconf 86' lang='lat' dir='ltr'><strong>quidem</strong></span> <span class='ocrx_word' id='word_1_730' title='bbox 2195 3968 2208 3991; x_wconf 92' lang='lat'><strong>,</strong></span> <span class='ocrx_word' id='word_1_731' title='bbox 2246 3925 2458 3993; x_wconf 85' lang='lat' dir='ltr'><strong>inquit,</strong></span> <span class='ocrx_word' id='word_1_732' title='bbox 2490 3936 2572 3979; x_wconf 85' lang='lat' dir='ltr'><strong>sat</strong></span> <span class='ocrx_word' id='word_1_733' title='bbox 2625 3924 2737 3978; x_wconf 91' lang='lat' dir='ltr'><strong>scio</strong></span> <span class='ocrx_word' id='word_1_734' title='bbox 2758 3963 2771 3983; x_wconf 88' lang='lat'><strong><em>.</em></strong></span> <span class='ocrx_word' id='word_1_735' title='bbox 2801 3930 3039 3974; x_wconf 90' lang='lat' dir='ltr'><strong>nostram</strong></span> <span class='ocrx_word' id='word_1_736' title='bbox 3083 3918 3181 3973; x_wconf 87' lang='lat' dir='ltr'><strong>ﬂes</strong></span> <span class='ocrx_word' id='word_1_737' title='bbox 3213 3933 3433 3986; x_wconf 84' lang='lat' dir='ltr'><strong>separa-</strong></span> 
     </span>
    </p>
   </div>
   <div class='ocr_carea' id='block_1_101' title="bbox 1870 4009 3434 4084">
    <p class='ocr_par' dir='ltr' id='par_1_101' title="bbox 1870 4009 3434 4084">
     <span class='ocr_line' id='line_1_101' title="bbox 1870 4009 3434 4084; baseline -0.008 -10"><span class='ocrx_word' id='word_1_738' title='bbox 1870 4015 2067 4075; x_wconf 83' lang='lat' dir='ltr'><strong>tionem</strong></span> <span class='ocrx_word' id='word_1_739' title='bbox 2096 4036 2110 4084; x_wconf 88' lang='lat'><strong>;</strong></span> <span class='ocrx_word' id='word_1_740' title='bbox 2143 4016 2235 4071; x_wconf 87' lang='lat' dir='ltr'><strong>sed</strong></span> <span class='ocrx_word' id='word_1_741' title='bbox 2268 4014 2436 4077; x_wconf 90' lang='lat' dir='ltr'><strong>Deus,</strong></span> <span class='ocrx_word' id='word_1_742' title='bbox 2464 4014 2551 4070; x_wconf 90' lang='lat' dir='ltr'><strong>cui</strong></span> <span class='ocrx_word' id='word_1_743' title='bbox 2580 4029 2680 4084; x_wconf 81' lang='lat' dir='ltr'><strong>ego</strong></span> <span class='ocrx_word' id='word_1_744' title='bbox 2712 4012 2889 4068; x_wconf 88' lang='lat' dir='ltr'><strong>servio</strong></span> <span class='ocrx_word' id='word_1_745' title='bbox 2915 4018 2970 4065; x_wconf 90' lang='lat' dir='ltr'><strong>et</strong></span> <span class='ocrx_word' id='word_1_746' title='bbox 3024 4009 3076 4063; x_wconf 93' lang='lat' dir='ltr'><strong>in</strong></span> <span class='ocrx_word' id='word_1_747' title='bbox 3108 4024 3271 4079; x_wconf 88' lang='lat' dir='ltr'><strong>quem</strong></span> <span class='ocrx_word' id='word_1_748' title='bbox 3303 4024 3434 4062; x_wconf 88' lang='lat' dir='ltr'><strong>con-</strong></span> 
     </span>
    </p>
   </div>
   <div class='ocr_carea' id='block_1_102' title="bbox 1869 4103 3434 4179">
    <p class='ocr_par' dir='ltr' id='par_1_102' title="bbox 1869 4103 3434 4179">
     <span class='ocr_line' id='line_1_102' title="bbox 1869 4103 3434 4179; baseline -0.006 -13"><span class='ocrx_word' id='word_1_749' title='bbox 1869 4113 1995 4179; x_wconf 81' lang='lat' dir='ltr'><strong>ﬁdo,</strong></span> <span class='ocrx_word' id='word_1_750' title='bbox 2022 4127 2128 4165; x_wconf 85' lang='lat' dir='ltr'><strong>non</strong></span> <span class='ocrx_word' id='word_1_751' title='bbox 2162 4124 2262 4163; x_wconf 90' lang='lat' dir='ltr'><strong>nos</strong></span> <span class='ocrx_word' id='word_1_752' title='bbox 2286 4126 2314 4165; x_wconf 86' lang='lat' dir='ltr'><strong>a</strong></span> <span class='ocrx_word' id='word_1_753' title='bbox 2349 4108 2504 4163; x_wconf 88' lang='lat' dir='ltr'><strong>nobis</strong></span> <span class='ocrx_word' id='word_1_754' title='bbox 2537 4108 2768 4161; x_wconf 83' lang='lat' dir='ltr'><strong>invicem</strong></span> <span class='ocrx_word' id='word_1_755' title='bbox 2801 4107 3072 4175; x_wconf 78' lang='lat' dir='ltr'><strong>sejunget,</strong></span> <span class='ocrx_word' id='word_1_756' title='bbox 3108 4118 3244 4172; x_wconf 92' lang='lat' dir='ltr'><strong>quos</strong></span> <span class='ocrx_word' id='word_1_757' title='bbox 3270 4103 3434 4158; x_wconf 88' lang='lat' dir='ltr'><strong>vehe-</strong></span> 
     </span>
    </p>
   </div>
   <div class='ocr_carea' id='block_1_103' title="bbox 1867 4194 3430 4268">
    <p class='ocr_par' dir='ltr' id='par_1_103' title="bbox 1867 4194 3430 4268">
     <span class='ocr_line' id='line_1_103' title="bbox 1867 4194 3430 4268; baseline -0.005 -10"><span class='ocrx_word' id='word_1_758' title='bbox 1867 4220 2020 4259; x_wconf 90' lang='lat' dir='ltr'><strong>mens</strong></span> <span class='ocrx_word' id='word_1_759' title='bbox 2049 4202 2284 4255; x_wconf 90' lang='lat' dir='ltr'><strong>amicitia</strong></span> <span class='ocrx_word' id='word_1_760' title='bbox 2315 4210 2369 4253; x_wconf 92' lang='lat' dir='ltr'><strong>et</strong></span> <span class='ocrx_word' id='word_1_761' title='bbox 2398 4200 2592 4253; x_wconf 88' lang='lat' dir='ltr'><strong>ardens</strong></span> <span class='ocrx_word' id='word_1_762' title='bbox 2624 4200 2677 4253; x_wconf 93' lang='lat' dir='ltr'><strong>in</strong></span> <span class='ocrx_word' id='word_1_763' title='bbox 2712 4200 2888 4268; x_wconf 89' lang='lat' dir='ltr'><strong>ipsum</strong></span> <span class='ocrx_word' id='word_1_764' title='bbox 2921 4209 3073 4248; x_wconf 86' lang='lat' dir='ltr'><strong>amor</strong></span> <span class='ocrx_word' id='word_1_765' title='bbox 3108 4194 3430 4262; x_wconf 79' lang='lat' dir='ltr'><strong>conjunxit;</strong></span> 
     </span>
    </p>
   </div>
   <div class='ocr_carea' id='block_1_104' title="bbox 1870 4286 3437 4366">
    <p class='ocr_par' dir='ltr' id='par_1_104' title="bbox 1870 4286 3437 4366">
     <span class='ocr_line' id='line_1_104' title="bbox 1870 4286 3437 4366; baseline -0.007 -14"><span class='ocrx_word' id='word_1_766' title='bbox 1870 4296 1961 4352; x_wconf 87' lang='lat' dir='ltr'><strong>sed</strong></span> <span class='ocrx_word' id='word_1_767' title='bbox 1992 4294 2214 4366; x_wconf 87' lang='lat' dir='ltr'><strong>perinde</strong></span> <span class='ocrx_word' id='word_1_768' title='bbox 2253 4306 2317 4346; x_wconf 90' lang='lat' dir='ltr'><strong>ac</strong></span> <span class='ocrx_word' id='word_1_769' title='bbox 2371 4291 2427 4345; x_wconf 90' lang='lat' dir='ltr'><strong>in</strong></span> <span class='ocrx_word' id='word_1_770' title='bbox 2461 4305 2567 4345; x_wconf 91' lang='lat' dir='ltr'><strong>una</strong></span> <span class='ocrx_word' id='word_1_771' title='bbox 2622 4288 2827 4359; x_wconf 89' lang='lat' dir='ltr'><strong>scapha</strong></span> <span class='ocrx_word' id='word_1_772' title='bbox 2860 4302 2960 4342; x_wconf 91' lang='lat' dir='ltr'><strong>nos</strong></span> <span class='ocrx_word' id='word_1_773' title='bbox 3001 4287 3169 4342; x_wconf 84' lang='lat' dir='ltr'><strong>vitam</strong></span> <span class='ocrx_word' id='word_1_774' title='bbox 3194 4286 3437 4341; x_wconf 85' lang='lat' dir='ltr'><strong>trasmit-</strong></span> 
     </span>
    </p>
   </div>
   <div class='ocr_carea' id='block_1_105' title="bbox 1872 4378 3437 4444">
    <p class='ocr_par' dir='ltr' id='par_1_105' title="bbox 1872 4378 3437 4444">
     <span class='ocr_line' id='line_1_105' title="bbox 1872 4378 3437 4444; baseline -0.009 0"><span class='ocrx_word' id='word_1_775' title='bbox 1872 4399 2080 4444; x_wconf 90' lang='lat' dir='ltr'><strong>tcmus.</strong></span> <span class='ocrx_word' id='word_1_776' title='bbox 2117 4386 2208 4440; x_wconf 88' lang='lat' dir='ltr'><strong>His</strong></span> <span class='ocrx_word' id='word_1_777' title='bbox 2247 4384 2393 4438; x_wconf 86' lang='lat' dir='ltr'><strong>Zeno</strong></span> <span class='ocrx_word' id='word_1_778' title='bbox 2448 4382 2610 4438; x_wconf 87' lang='lat' dir='ltr'><strong>corde</strong></span> <span class='ocrx_word' id='word_1_779' title='bbox 2644 4396 2910 4436; x_wconf 87' lang='lat' dir='ltr'><strong>accensus</strong></span> <span class='ocrx_word' id='word_1_780' title='bbox 2979 4387 3035 4433; x_wconf 92' lang='lat' dir='ltr'><strong>et</strong></span> <span class='ocrx_word' id='word_1_781' title='bbox 3067 4378 3437 4432; x_wconf 80' lang='lat' dir='ltr'><strong>inﬂammatus</strong></span> 
     </span>
    </p>
   </div>
   <div class='ocr_carea' id='block_1_106' title="bbox 1872 4470 3439 4550">
    <p class='ocr_par' dir='ltr' id='par_1_106' title="bbox 1872 4470 3439 4550">
     <span class='ocr_line' id='line_1_106' title="bbox 1872 4470 3439 4550; baseline -0.01 -13"><span class='ocrx_word' id='word_1_782' title='bbox 1872 4482 2102 4550; x_wconf 86' lang='lat' dir='ltr'><strong>sumpsit</strong></span> <span class='ocrx_word' id='word_1_783' title='bbox 2134 4478 2448 4539; x_wconf 83' lang='lat' dir='ltr'><strong>audaciam,</strong></span> <span class='ocrx_word' id='word_1_784' title='bbox 2500 4485 2553 4528; x_wconf 89' lang='lat' dir='ltr'><strong>et</strong></span> <span class='ocrx_word' id='word_1_785' title='bbox 2607 4474 2868 4528; x_wconf 88' lang='lat' dir='ltr'><strong>continuo</strong></span> <span class='ocrx_word' id='word_1_786' title='bbox 2920 4472 3176 4526; x_wconf 89' lang='lat' dir='ltr'><strong>omnibus</strong></span> <span class='ocrx_word' id='word_1_787' title='bbox 3251 4470 3439 4523; x_wconf 80' lang='lat' dir='ltr'><strong>viden-</strong></span> 
     </span>
    </p>
   </div>
   <div class='ocr_carea' id='block_1_107' title="bbox 1471 4566 3436 4665">
    <p class='ocr_par' dir='ltr' id='par_1_107' title="bbox 1471 4566 3436 4665">
     <span class='ocr_line' id='line_1_107' title="bbox 1471 4566 3436 4665; baseline -0.008 -32"><span class='ocrx_word' id='word_1_788' title='bbox 1471 4593 1770 4665; x_wconf 65' lang='grc' dir='ltr'><strong>Ἐνδσῳδὲ</strong></span> <span class='ocrx_word' id='word_1_789' title='bbox 1804 4584 1846 4641; x_wconf 86' lang='lat' dir='ltr'><strong>D</strong></span> <span class='ocrx_word' id='word_1_790' title='bbox 1878 4577 2023 4630; x_wconf 88' lang='lat' dir='ltr'><strong>tibus</strong></span> <span class='ocrx_word' id='word_1_791' title='bbox 2089 4582 2143 4626; x_wconf 90' lang='lat' dir='ltr'><strong>ct</strong></span> <span class='ocrx_word' id='word_1_792' title='bbox 2201 4567 2549 4624; x_wconf 85' lang='lat' dir='ltr'><strong>audientibus</strong></span> <span class='ocrx_word' id='word_1_793' title='bbox 2597 4582 2657 4621; x_wconf 89' lang='lat' dir='ltr'><strong>se</strong></span> <span class='ocrx_word' id='word_1_794' title='bbox 2714 4566 2897 4621; x_wconf 84' lang='lat' dir='ltr'><strong>statim</strong></span> <span class='ocrx_word' id='word_1_795' title='bbox 2950 4579 3071 4620; x_wconf 89' lang='lat' dir='ltr'><strong>esse</strong></span> <span class='ocrx_word' id='word_1_796' title='bbox 3144 4572 3436 4635; x_wconf 83' lang='lat' dir='ltr'><strong>martyrem</strong></span> 
     </span>
    </p>
   </div>
   <div class='ocr_carea' id='block_1_108' title="bbox 1879 4655 3440 4742">
    <p class='ocr_par' dir='ltr' id='par_1_108' title="bbox 1879 4655 3440 4742">
     <span class='ocr_line' id='line_1_108' title="bbox 1879 4655 3440 4742; baseline -0.01 -19"><span class='ocrx_word' id='word_1_797' title='bbox 1879 4662 2300 4742; x_wconf 87' lang='lat' dir='ltr'><strong>[Christianum]</strong></span> <span class='ocrx_word' id='word_1_798' title='bbox 2341 4671 2423 4716; x_wconf 83' lang='lat' dir='ltr'><strong>est</strong></span> <span class='ocrx_word' id='word_1_799' title='bbox 2449 4666 2798 4730; x_wconf 80' lang='lat' dir='ltr'><strong>prOtestatus.</strong></span> <span class='ocrx_word' id='word_1_800' title='bbox 2825 4656 3044 4711; x_wconf 86' lang='lat' dir='ltr'><strong>Interim</strong></span> <span class='ocrx_word' id='word_1_801' title='bbox 3092 4664 3271 4709; x_wconf 90' lang='lat' dir='ltr'><strong>autem</strong></span> <span class='ocrx_word' id='word_1_802' title='bbox 3310 4655 3440 4709; x_wconf 90' lang='lat' dir='ltr'><strong>dum</strong></span> 
     </span>
    </p>
   </div>
   <div class='ocr_carea' id='block_1_109' title="bbox 1875 4748 3435 4819">
    <p class='ocr_par' dir='ltr' id='par_1_109' title="bbox 1875 4748 3435 4819">
     <span class='ocr_line' id='line_1_109' title="bbox 1875 4748 3435 4819; baseline -0.01 -1"><span class='ocrx_word' id='word_1_803' title='bbox 1875 4763 1952 4818; x_wconf 88' lang='lat' dir='ltr'><strong>sic</strong></span> <span class='ocrx_word' id='word_1_804' title='bbox 2004 4759 2268 4815; x_wconf 81' lang='lat' dir='ltr'><strong>clamabat</strong></span> <span class='ocrx_word' id='word_1_805' title='bbox 2323 4755 2534 4819; x_wconf 88' lang='lat' dir='ltr'><strong>libere,</strong></span> <span class='ocrx_word' id='word_1_806' title='bbox 2599 4766 2726 4806; x_wconf 91' lang='lat' dir='ltr'><strong>eum</strong></span> <span class='ocrx_word' id='word_1_807' title='bbox 2783 4750 3315 4819; x_wconf 85' lang='lat' dir='ltr'><strong>comprehendentes</strong></span> <span class='ocrx_word' id='word_1_808' title='bbox 3368 4748 3435 4803; x_wconf 92' lang='lat' dir='ltr'><strong>li-</strong></span> 
     </span>
    </p>
   </div>
   <div class='ocr_carea' id='block_1_110' title="bbox 1877 4842 3439 4916">
    <p class='ocr_par' dir='ltr' id='par_1_110' title="bbox 1877 4842 3439 4916">
     <span class='ocr_line' id='line_1_110' title="bbox 1877 4842 3439 4916; baseline -0.008 -7"><span class='ocrx_word' id='word_1_809' title='bbox 1877 4864 2080 4914; x_wconf 85' lang='lat' dir='ltr'><strong>ctores,</strong></span> <span class='ocrx_word' id='word_1_810' title='bbox 2112 4859 2169 4903; x_wconf 91' lang='lat' dir='ltr'><strong>ut</strong></span> <span class='ocrx_word' id='word_1_811' title='bbox 2201 4849 2278 4902; x_wconf 89' lang='lat' dir='ltr'><strong>eis</strong></span> <span class='ocrx_word' id='word_1_812' title='bbox 2310 4846 2546 4916; x_wconf 88' lang='lat' dir='ltr'><strong>jusserat</strong></span> <span class='ocrx_word' id='word_1_813' title='bbox 2571 4856 2850 4916; x_wconf 86' lang='lat' dir='ltr'><strong>tyrannus,</strong></span> <span class='ocrx_word' id='word_1_814' title='bbox 2875 4854 3036 4913; x_wconf 86' lang='lat' dir='ltr'><strong>caput</strong></span> <span class='ocrx_word' id='word_1_815' title='bbox 3062 4843 3138 4897; x_wconf 91' lang='lat' dir='ltr'><strong>illi</strong></span> <span class='ocrx_word' id='word_1_816' title='bbox 3173 4842 3439 4900; x_wconf 89' lang='lat' dir='ltr'><strong>adimunt.</strong></span> 
     </span>
    </p>
   </div>
   <div class='ocr_carea' id='block_1_111' title="bbox 1878 4935 3444 5015">
    <p class='ocr_par' dir='ltr' id='par_1_111' title="bbox 1878 4935 3444 5015">
     <span class='ocr_line' id='line_1_111' title="bbox 1878 4935 3444 5015; baseline -0.01 -15"><span class='ocrx_word' id='word_1_817' title='bbox 1878 4947 2061 5015; x_wconf 87' lang='lat' dir='ltr'><strong>Itaque</strong></span> <span class='ocrx_word' id='word_1_818' title='bbox 2099 4942 2326 4997; x_wconf 81' lang='lat' dir='ltr'><strong>Eudoxii</strong></span> <span class='ocrx_word' id='word_1_819' title='bbox 2390 4939 2663 5009; x_wconf 69' lang='lat' dir='ltr'><strong>praedictio</strong></span> <span class='ocrx_word' id='word_1_820' title='bbox 2719 4945 2828 4990; x_wconf 89' lang='lat' dir='ltr'><strong>tam</strong></span> <span class='ocrx_word' id='word_1_821' title='bbox 2889 4937 2998 4990; x_wconf 87' lang='lat' dir='ltr'><strong>cito</strong></span> <span class='ocrx_word' id='word_1_822' title='bbox 3057 4935 3305 4988; x_wconf 76' lang='lat' dir='ltr'><strong>eﬂ‘ectum</strong></span> <span class='ocrx_word' id='word_1_823' title='bbox 3359 4942 3444 4988; x_wconf 89' lang='lat' dir='ltr'><strong>est</strong></span> 
     </span>
    </p>
   </div>
   <div class='ocr_carea' id='block_1_112' title="bbox 1880 5028 3442 5103">
    <p class='ocr_par' dir='ltr' id='par_1_112' title="bbox 1880 5028 3442 5103">
     <span class='ocr_line' id='line_1_112' title="bbox 1880 5028 3442 5103; baseline -0.012 -7"><span class='ocrx_word' id='word_1_824' title='bbox 1880 5039 2067 5096; x_wconf 87' lang='lat' dir='ltr'><strong>sortita</strong></span> <span class='ocrx_word' id='word_1_825' title='bbox 2096 5077 2109 5100; x_wconf 87' lang='lat'><strong>,</strong></span> <span class='ocrx_word' id='word_1_826' title='bbox 2138 5045 2190 5089; x_wconf 89' lang='lat' dir='ltr'><strong>ct</strong></span> <span class='ocrx_word' id='word_1_827' title='bbox 2216 5036 2329 5103; x_wconf 88' lang='lat' dir='ltr'><strong>ipse</strong></span> <span class='ocrx_word' id='word_1_828' title='bbox 2359 5035 2594 5086; x_wconf 88' lang='lat' dir='ltr'><strong>amicum</strong></span> <span class='ocrx_word' id='word_1_829' title='bbox 2621 5030 2896 5084; x_wconf 85' lang='lat' dir='ltr'><strong>Zenonem</strong></span> <span class='ocrx_word' id='word_1_830' title='bbox 2930 5030 3115 5084; x_wconf 89' lang='lat' dir='ltr'><strong>statim</strong></span> <span class='ocrx_word' id='word_1_831' title='bbox 3137 5028 3280 5082; x_wconf 74' lang='lat' dir='ltr'><strong>videt</strong></span> <span class='ocrx_word' id='word_1_832' title='bbox 3304 5042 3442 5082; x_wconf 84' lang='lat' dir='ltr'><strong>cun-</strong></span> 
     </span>
    </p>
   </div>
   <div class='ocr_carea' id='block_1_113' title="bbox 1878 5124 2516 5195">
    <p class='ocr_par' dir='ltr' id='par_1_113' title="bbox 1878 5124 2516 5195">
     <span class='ocr_line' id='line_1_113' title="bbox 1878 5124 2516 5195; baseline -0.011 -9"><span class='ocrx_word' id='word_1_833' title='bbox 1878 5136 2205 5187; x_wconf 89' lang='lat' dir='ltr'><strong>summatum</strong></span> <span class='ocrx_word' id='word_1_834' title='bbox 2240 5124 2516 5195; x_wconf 83' lang='lat' dir='ltr'><strong>martyrio.</strong></span> 
     </span>
    </p>
   </div>
   <div class='ocr_carea' id='block_1_114' title="bbox 1951 5214 3442 5285">
    <p class='ocr_par' dir='ltr' id='par_1_114' title="bbox 1951 5214 3442 5285">
     <span class='ocr_line' id='line_1_114' title="bbox 1951 5214 3442 5285; baseline -0.003 -11"><span class='ocrx_word' id='word_1_835' title='bbox 1951 5219 2109 5274; x_wconf 74' lang='lat' dir='ltr'><strong>XVII.</strong></span> <span class='ocrx_word' id='word_1_836' title='bbox 2178 5218 2312 5274; x_wconf 88' lang='lat' dir='ltr'><strong>Cum</strong></span> <span class='ocrx_word' id='word_1_837' title='bbox 2375 5216 2453 5279; x_wconf 85' lang='lat' dir='ltr'><strong>sic</strong></span> <span class='ocrx_word' id='word_1_838' title='bbox 2524 5215 2699 5270; x_wconf 89' lang='lat' dir='ltr'><strong>amico</strong></span> <span class='ocrx_word' id='word_1_839' title='bbox 2767 5214 3126 5285; x_wconf 86' lang='lat' dir='ltr'><strong>providisset,</strong></span> <span class='ocrx_word' id='word_1_840' title='bbox 3189 5215 3442 5285; x_wconf 87' lang='lat' dir='ltr'><strong>quoniam</strong></span> 
     </span>
    </p>
   </div>
   <div class='ocr_carea' id='block_1_115' title="bbox 1879 5307 3445 5381">
    <p class='ocr_par' dir='ltr' id='par_1_115' title="bbox 1879 5307 3445 5381">
     <span class='ocr_line' id='line_1_115' title="bbox 1879 5307 3445 5381; baseline -0.005 -11"><span class='ocrx_word' id='word_1_841' title='bbox 1879 5332 2004 5371; x_wconf 91' lang='lat' dir='ltr'><strong>eum</strong></span> <span class='ocrx_word' id='word_1_842' title='bbox 2076 5326 2288 5381; x_wconf 89' lang='lat' dir='ltr'><strong>quoque</strong></span> <span class='ocrx_word' id='word_1_843' title='bbox 2362 5323 2465 5361; x_wconf 80' lang='lat' dir='ltr'><strong>vox</strong></span> <span class='ocrx_word' id='word_1_844' title='bbox 2544 5309 2789 5378; x_wconf 68' lang='lat' dir='ltr'><strong>quaedam</strong></span> <span class='ocrx_word' id='word_1_845' title='bbox 2868 5322 2898 5360; x_wconf 92' lang='lat' dir='ltr'><strong>e</strong></span> <span class='ocrx_word' id='word_1_846' title='bbox 2979 5307 3204 5377; x_wconf 79' lang='lat' dir='ltr'><strong>vestigio</strong></span> <span class='ocrx_word' id='word_1_847' title='bbox 3283 5324 3445 5362; x_wconf 86' lang='lat' dir='ltr'><strong>voca-</strong></span> 
     </span>
    </p>
   </div>
   <div class='ocr_carea' id='block_1_116' title="bbox 1883 5398 3442 5474">
    <p class='ocr_par' dir='ltr' id='par_1_116' title="bbox 1883 5398 3442 5474">
     <span class='ocr_line' id='line_1_116' title="bbox 1883 5398 3442 5474; baseline -0.006 -11"><span class='ocrx_word' id='word_1_848' title='bbox 1883 5410 1995 5468; x_wconf 89' lang='lat' dir='ltr'><strong>bat,</strong></span> <span class='ocrx_word' id='word_1_849' title='bbox 2074 5408 2187 5474; x_wconf 89' lang='lat' dir='ltr'><strong>ipse</strong></span> <span class='ocrx_word' id='word_1_850' title='bbox 2241 5416 2368 5455; x_wconf 90' lang='lat' dir='ltr'><strong>vero</strong></span> <span class='ocrx_word' id='word_1_851' title='bbox 2435 5409 2685 5469; x_wconf 90' lang='lat' dir='ltr'><strong>tanquam</strong></span> <span class='ocrx_word' id='word_1_852' title='bbox 2774 5399 3083 5453; x_wconf 86' lang='lat' dir='ltr'><strong>convivium</strong></span> <span class='ocrx_word' id='word_1_853' title='bbox 3173 5398 3442 5467; x_wconf 90' lang='lat' dir='ltr'><strong>quoddam</strong></span> 
     </span>
    </p>
   </div>
   <div class='ocr_carea' id='block_1_117' title="bbox 1884 5491 3443 5564">
    <p class='ocr_par' dir='ltr' id='par_1_117' title="bbox 1884 5491 3443 5564">
     <span class='ocr_line' id='line_1_117' title="bbox 1884 5491 3443 5564; baseline -0.006 -7"><span class='ocrx_word' id='word_1_854' title='bbox 1884 5509 2109 5557; x_wconf 87' lang='lat' dir='ltr'><strong>mortem</strong></span> <span class='ocrx_word' id='word_1_855' title='bbox 2163 5496 2448 5564; x_wconf 87' lang='lat' dir='ltr'><strong>poscebat;</strong></span> <span class='ocrx_word' id='word_1_856' title='bbox 2506 5495 2664 5547; x_wconf 88' lang='lat' dir='ltr'><strong>beato</strong></span> <span class='ocrx_word' id='word_1_857' title='bbox 2720 5507 2818 5545; x_wconf 92' lang='lat' dir='ltr'><strong>suo</strong></span> <span class='ocrx_word' id='word_1_858' title='bbox 2874 5491 3049 5558; x_wconf 89' lang='lat' dir='ltr'><strong>capite</strong></span> <span class='ocrx_word' id='word_1_859' title='bbox 3127 5492 3241 5545; x_wconf 91' lang='lat' dir='ltr'><strong>ensi</strong></span> <span class='ocrx_word' id='word_1_860' title='bbox 3296 5492 3443 5558; x_wconf 81' lang='lat' dir='ltr'><strong>dato,</strong></span> 
     </span>
    </p>
   </div>
   <div class='ocr_carea' id='block_1_118' title="bbox 1892 5582 3446 5654">
    <p class='ocr_par' dir='ltr' id='par_1_118' title="bbox 1892 5582 3446 5654">
     <span class='ocr_line' id='line_1_118' title="bbox 1892 5582 3446 5654; baseline -0.009 -5"><span class='ocrx_word' id='word_1_861' title='bbox 1892 5591 2115 5649; x_wconf 82' lang='lat' dir='ltr'><strong>moritur</strong></span> <span class='ocrx_word' id='word_1_862' title='bbox 2164 5593 2285 5654; x_wconf 91' lang='lat' dir='ltr'><strong>post</strong></span> <span class='ocrx_word' id='word_1_863' title='bbox 2332 5587 2563 5639; x_wconf 85' lang='lat' dir='ltr'><strong>amicum</strong></span> <span class='ocrx_word' id='word_1_864' title='bbox 2613 5583 2747 5653; x_wconf 83' lang='grc'><strong>(19).</strong></span> <span class='ocrx_word' id='word_1_865' title='bbox 2810 5582 2941 5652; x_wconf 84' lang='lat' dir='ltr'><strong>Ejus</strong></span> <span class='ocrx_word' id='word_1_866' title='bbox 3009 5594 3189 5637; x_wconf 89' lang='lat' dir='ltr'><strong>autem</strong></span> <span class='ocrx_word' id='word_1_867' title='bbox 3248 5584 3446 5653; x_wconf 78' lang='lat' dir='ltr'><strong>conjux</strong></span> 
     </span>
    </p>
   </div>
   <div class='ocr_carea' id='block_1_119' title="bbox 1890 5737 2299 5798">
    <p class='ocr_par' dir='ltr' id='par_1_119' title="bbox 1890 5737 2299 5798">
     <span class='ocr_line' id='line_1_119' title="bbox 1890 5737 2299 5798; baseline -0.015 -9"><span class='ocrx_word' id='word_1_868' title='bbox 1890 5737 2299 5798; x_wconf 78' lang='lat' dir='ltr'><strong>interpretatur,</strong></span> 
     </span>
    </p>
   </div>
   <div class='ocr_carea' id='block_1_120' title="bbox 1961 5791 3448 5870">
    <p class='ocr_par' dir='ltr' id='par_1_120' title="bbox 1961 5791 3448 5870">
     <span class='ocr_line' id='line_1_120' title="bbox 1961 5791 3448 5870; baseline -0.009 -15"><span class='ocrx_word' id='word_1_869' title='bbox 1961 5791 2145 5870; x_wconf 64' lang='grc' dir='ltr'>(Ιθμιι</span> <span class='ocrx_word' id='word_1_870' title='bbox 2182 5791 2392 5855; x_wconf 68' lang='grc' dir='ltr'>Μοιιωῑε</span> <span class='ocrx_word' id='word_1_871' title='bbox 2415 5797 2613 5870; x_wconf 77' lang='lat' dir='ltr'><strong>dicitur</strong></span> <span class='ocrx_word' id='word_1_872' title='bbox 2642 5795 2817 5870; x_wconf 80' lang='lat' dir='ltr'><strong>capite</strong></span> <span class='ocrx_word' id='word_1_873' title='bbox 2868 5802 3144 5870; x_wconf 76' lang='lat' dir='ltr'><strong>truncatus</strong></span> <span class='ocrx_word' id='word_1_874' title='bbox 3181 5792 3328 5870; x_wconf 72' lang='grc' dir='ltr'><strong>μετὰ</strong></span> <span class='ocrx_word' id='word_1_875' title='bbox 3355 5791 3448 5870; x_wconf 80' lang='grc' dir='ltr'><strong>τοῦ</strong></span> 
     </span>
    </p>
   </div>
   <div class='ocr_carea' id='block_1_121' title="bbox 1900 5862 3451 5944">
    <p class='ocr_par' dir='ltr' id='par_1_121' title="bbox 1900 5862 3451 5944">
     <span class='ocr_line' id='line_1_121' title="bbox 1900 5862 3451 5944; baseline -0.01 -17"><span class='ocrx_word' id='word_1_876' title='bbox 1900 5862 2158 5944; x_wconf 67' lang='grc' dir='ltr'>φιλτάτου</span> <span class='ocrx_word' id='word_1_877' title='bbox 2198 5871 2355 5925; x_wconf 76' lang='grc' dir='ltr'>αὑτοῦ</span> <span class='ocrx_word' id='word_1_878' title='bbox 2392 5862 3143 5939; x_wconf 52' lang='grc' dir='ltr'>Ζήνωνος...’άποτμηθέντος</span> <span class='ocrx_word' id='word_1_879' title='bbox 3177 5863 3315 5939; x_wconf 77' lang='grc' dir='ltr'>ξίφει</span> <span class='ocrx_word' id='word_1_880' title='bbox 3350 5862 3451 5930; x_wconf 78' lang='grc' dir='ltr'>τὴν</span> 
     </span>
    </p>
   </div>
  </div>
