4170 6322
729 389 836 453 635

1946 388 2174 451 MENSl
2190 388 2229 447 S
2261 384 2547 448 SEPTEM
2557 389 2725 452 BER.

3856 402 3958 466 636

732 509 850 552 erat
896 498 1041 566 juxta
1069 499 1294 566 fontem,
1355 518 1569 573 gregem
1635 513 1904 577 pasceret,
1959 520 2083 560 eum
2143 503 2300 559 valde

2410 501 2505 571 γὴν
2533 503 2641 573 πόᾳ
2687 504 2749 556 τὸ
2795 505 3045 575 ποίμνιον
3095 509 3363 576 ἑστιῶντι,
3401 507 3569 575 ὕπνος
3613 512 3765 583 αὐτῷ
3818 515 3965 584 μάλα

733 596 1071 656 opportunus
1115 600 1170 645 et
1206 594 1385 647 suavis
1443 610 1672 648 somnus
1746 594 1959 659 invasit,
2012 604 2066 649 et
2114 596 2294 650 divina

732 681 977 746 quaedam
999 682 1063 734 ad
1095 697 1216 736 eum
1256 686 1465 739 accedit
1499 686 1652 739 visio.
1732 684 1884 739 Visio
1934 696 2115 740 autem
2169 702 2295 741 eum

734 771 904 843 magis
941 771 1244 835 confirmat.
1285 785 1339 828 et
1373 777 1419 829 ei
1459 777 1697 830 animum
1733 778 1882 832 addit
1928 780 1991 832 ad
2019 779 2294 848 pietatem.

738 860 941 915 Deinde
974 865 1135 917 etiam
1171 868 1371 921 revelat
1396 869 1645 935 gratiam,
1682 884 1803 938 quae
1832 871 1897 924 ad
1932 871 2112 924 locum
2180 880 2299 925 erat

735 954 967 1021 desuper
1025 957 1358 1014 devolatura.
1433 960 1735 1024 Eritenltn,
1771 962 1972 1029 inquit,
2030 961 2117 1015 hic
2164 978 2299 1031 pra:-

738 1060 863 1100 scns
897 1047 1047 1101 locus
1078 1050 1260 1104 multis
1313 1052 1481 1115 utilis,
1538 1063 1593 1107 et
1646 1055 1790 1123 apud
1833 1055 2006 1122 ipsum
2068 1053 2295 1108 salutem

736 1134 1037 1199 invenient,
1064 1149 1117 1193 et
1142 1142 1515 1209 glorificabunt
1558 1145 1902 1200 Trinitatem.
1955 1147 2095 1200 Cum
2153 1148 2300 1202 illinc

736 1237 916 1281 autem
949 1233 1276 1287 surrexisset
1312 1239 1561 1305 egregius
1607 1238 1693 1290 ille
1726 1248 1931 1307 pastor,
1969 1239 2297 1296 venitPom-

735 1322 1047 1389 pci0polim,
1102 1335 1303 1381 etcum
1346 1329 1401 1381 in
1455 1345 1516 1382 ea
1558 1332 1772 1398 quidem
1831 1332 2054 1389 vidisset
2103 1333 2297 1387 ﬂorere

735 1414 1087 1483 impietatem,
1127 1432 1487 1492 comtetnptas
1517 1435 1693 1480 autem
1731 1444 1850 1484 esse
1894 1444 1982 1483 res
2032 1428 2295 1485 Christia-

737 1521 953 1568 norum,
983 1520 1037 1562 et
1065 1527 1272 1565 summe
1294 1516 1583 1584 neglectas,
1648 1534 1754 1572 non
1823 1521 2001 1588 potuit
2064 1521 2114 1573 id
2156 1520 2298 1578 ferre

738 1596 991 1664 placide;
1032 1604 1125 1656 sed
1157 1619 1249 1657 cor
1275 1605 1417 1659 illius
1461 1619 1682 1677 repente
1715 1610 1911 1664 invasit
1955 1609 2201 1680 impetus,
2246 1624 2299 1667 et

738 1701 858 1741 cunt
891 1694 1125 1747 venisset
1165 1696 1231 1748 ad
1282 1699 1562 1766 templum,
1625 1700 1678 1751 in
1743 1714 1850 1767 quo
1899 1704 2075 1755 stabat
2136 1718 2297 1759 aurea

739 1786 937 1842 statua,
978 1785 1268 1854 confringit
1294 1804 1511 1839 manum
1545 1789 1662 1856 ejus
1691 1790 1965 1845 dexteram
1997 1809 2011 1857 ;
2070 1806 2124 1848 et
2174 1812 2295 1849 cum

739 1882 856 1920 eam
889 1873 1237 1936 vendidisset,
1280 1879 1767 1944 succurritmultis,
1816 1885 1905 1953 qui
1961 1886 2067 1940 illic
2118 1898 2294 1952 erant,

738 1963 1041 2026 egentibus.
1085 1964 1200 2018 Non
1230 1968 1385 2024 latuit
1422 1971 1522 2025 hoc
1560 1972 1827 2033 aedituos;
1862 1977 1953 2028 sed
2007 1988 2299 2049 propterea

740 2051 883 2116 quod
915 2054 1322 2125 nescirentqnis
1371 2059 1610 2117 fecisset.
1684 2062 1835 2115 multi
1902 2063 2085 2116 statim
2151 2081 2299 2118 eom-

740 2144 1440 2211 prehendebanturmiseri,
1475 2151 1562 2216 qui
1589 2150 1725 2209 nihil
1785 2154 1890 2212 tale
1947 2155 2207 2217 fecerant,
2248 2165 2303 2210 et

741 2233 1133 2288 accusabantur
1156 2239 1440 2309 sacrilegii,
1473 2244 1703 2310 reptttati
1754 2245 2118 2299 maleficorum
2180 2263 2298 2301 om-

740 2320 890 2374 nium
944 2326 1368 2396 sceleratissimi,
1411 2343 1468 2385 ut
1501 2335 1592 2402 qui
1655 2336 1901 2391 sulfurati
1956 2349 2139 2391 essent
2216 2340 2301 2392 dei

743 2412 1057 2483 imaginem.
1085 2418 1254 2475 Nemo
1288 2433 1468 2476 autem
1494 2426 1572 2478 eis
1598 2442 1755 2492 opem
1792 2428 1999 2482 ferebat
2032 2445 2046 2492 ;
2086 2430 2180 2483 sed
2210 2431 2301 2499 qui

743 2515 901 2559 erant
933 2510 1081 2576 prius
1103 2512 1260 2566 amici
1310 2530 1402 2569 eos
1452 2518 1891 2584 aversabantur;
1944 2529 2000 2575 et
2050 2523 2303 2579 custodes

744 2599 978 2653 carceris
1013 2601 1106 2667 {ita
1139 2604 1282 2657 enim
1315 2607 1698 2663 existimabant
1729 2626 1786 2664 se
1818 2612 1921 2666 iliis
1949 2628 2071 2667 esse
2138 2617 2301 2687 grati-

744 2687 1022 2759 iicaturos)
1048 2695 1281 2761 graviter
1310 2697 1618 2769 alﬂigebaut
1667 2718 1784 2769 eos,
1849 2706 1941 2773 qui
1998 2709 2135 2775 capti
2185 2708 2303 2761 fue-

745 2790 890 2834 rant.

815 2892 904 2948 Ill.
938 2895 1246 2955 Generosus
1273 2913 1453 2958 autem
1487 2904 1665 2960 Sozon
1694 2907 1861 2962 libere
1894 2910 2079 2965 volens
2145 2914 2302 2981 profi-

747 2984 847 3035 teri
888 2986 1166 3053 pietatem,
1206 3000 1259 3044 et
1287 3009 1379 3046 eos
1418 2996 1669 3059 liberare,
1702 2998 1791 3063 qui
1850 2999 1985 3052 nihil
2060 3004 2303 3059 sciebant

744 3088 809 3126 ex
845 3075 911 3129 iis
944 3093 1062 3145 quae
1089 3081 1225 3136 facta
1269 3083 1500 3152 fuerant,
1553 3088 1789 3157 seipsum
1841 3091 2031 3157 defert,
2080 3098 2303 3149 veniens

2324 1835 2374 1894 B

2402 590 2658 662 εὔκαιρος
2693 595 2922 663 ἀφίκετο
2953 599 3048 651 καὶ
3079 598 3284 666 γλυκὺς
3315 602 3408 653 καὶ
3439 602 3562 671 ὄψις
3594 605 3963 673 παραγίνεται

2403 682 2670 753 Θειοτέρα.
2719 688 2782 740 Ἦ
2812 689 2868 741 δὲ
2896 690 3021 758 δψις
3052 691 3287 761 ῥώννυσι
3317 710 3375 745 τε
3405 694 3603 763 μᾶλλον
3636 697 3799 750 αὑτὸν
3826 700 3962 769 πρὸς

2400 776 2700 843 εὐσέϐειαν,
2725 781 2815 830 καὶ
2848 780 3045 849 Θάρσος
3080 784 3303 852 ἐνίησιν.
3335 782 3469 838 Εἶτα
3501 788 3595 839 καὶ⁵
3625 789 3786 857 χάριν
3818 790 3958 843 ἄνω-

2399 862 2491 919 θεν
2534 872 2878 939 καταπτῆναι
2928 874 3005 942 τῷ
3046 877 3193 947 τόπῳ
3243 878 3545 946 μέλλουσαν
3602 884 3956 937 ὲκκαλύπτει.

2404 958 2599 1011 Ἔσται
2629 962 2734 1030 γὰρ
2761 963 2788 1014 ὀ
2842 965 3030 1033 παρὼν
3064 964 3235 1031 οὗτος,
3272 970 3398 1040 ἔφη,
3435 973 3595 1034 τόπος
3627 974 3843 1038 πολλοῖς
3882 977 3957 1039 είς

2400 1050 2689 1119 ὠφέλειαν,
2740 1060 3018 1125 σωτηρίαν
3059 1076 3115 1111 τε
3159 1060 3287 1127 παρ’
3328 1062 3474 1133 αὑτῷ
3502 1065 3823 1134 εὑρήσουσι,
3859 1067 3953 1120 καὶ

2400 1142 2497 1211 τὴν
2528 1144 2731 1212 Τριάδα
2782 1147 3095 1211 δοξάζοντες
3140 1149 3375 1205 ἔσονται.
3438 1154 3678 1208 Ἐκεῖθεν
3717 1158 3899 1210 τοίνυν
3930 1160 3958 1209 ὀ

2402 1237 2568 1300 καλὸς
2596 1239 2800 1300 ἐκεῖνος
2829 1241 3032 1311 ποιμὴν
3074 1244 3313 1307 ἀναστὰς
3343 1246 3421 1308 είς
3449 1245 3547 1316 τὴν
3577 1250 3962 1317 ιιομπειούπο-

2402 1326 2482 1378 λιν
2514 1324 2636 1400 ἧκε,
2686 1332 2779 1381 καὶ
2824 1331 3086 1385 ἀνθοῦντα
3140 1334 3238 1404 μὲν
3282 1337 3423 1389 οὕτω
3458 1339 3524 1390 τὰ
3559 1340 3657 1408 τῆς
3706 1340 3960 1405 ἀσεϐείας

2406 1419 2528 1472 ἰδὼν
2556 1424 2613 1472 ὲν
2647 1423 2803 1493 αὐτῇ,
2836 1426 3239 1494 παρεωραμένα
3267 1429 3321 1480 δὲ
3361 1432 3427 1485 τὰ
3466 1431 3836 1498 Χριστιανῶν,
3870 1437 3964 1486 καὶ

2402 1513 2483 1572 εἰς
2512 1512 2739 1579 ἔσχατον
2787 1514 3162 1584 ἀμελούμενα,
3205 1520 3301 1573 οὐκ
3329 1521 3567 1591 ἠδυνήθη
3617 1526 3806 1591 πράως
3836 1526 3965 1579 om-

2402 1607 2635 1669 νεγκεῖν,
2677 1604 2790 1657 ἀλλ’
2839 1609 2981 1677 ὁρμή
3026 1625 3085 1659 τε
3136 1608 3231 1678 τὴν
3268 1612 3472 1663 ἐκείνου
3522 1615 3752 1683 καρδίαν
3802 1617 3964 1681 εὐθὺς

2404 1694 2550 1758 ὀξεῖα
2584 1698 2777 1762 είσέδυ,
2820 1699 2915 1751 καὶ
2971 1702 3119 1770 παρὰ
3164 1703 3254 1755 τὸν
3291 1709 3412 1756 ναὸν
3472 1706 3597 1760 ἔνθα
3630 1708 3690 1760 τὸ
3740 1709 3966 1779 ἄγαλμα

2409 1788 2651 1857 εἱστήκει
2686 1793 2745 1842 τὸ
2778 1792 3010 1859 χρυσοῦν
3061 1796 3387 1864 ἀφικόμενος
3441 1798 3539 1867 τὴν
3562 1803 3720 1869 χεῖρα
3776 1803 3965 1855 τούτου

2404 1880 2582 1943 δεξιὰν
2613 1884 2929 1950 ἀποθραύει,
2972 1890 3061 1938 καί⁸
3094 1889 3253 1956 τιμῆς
3290 1891 3455 1959 αὐτὴν
3484 1894 3815 1961 ἀποδόμενος
3842 1897 3970 1948 πολ-

2404 1972 2516 2034 λοῖς
2548 1976 2757 2027 ἐκεῖθεν
2789 1977 2895 2027 τῶν
2936 1979 3128 2030 ἐνδεῶν
3161 1983 3409 2048 ἐπαρκεῖ.
3460 1985 3574 2037 Οὐκ
3606 1985 3767 2039 ἔλαθε
3810 1988 3970 2042 τοῦτο

2406 2068 2531 2128 τοὺς
2559 2070 2879 2138 νεωκόρους,
2926 2071 3039 2122 ἀλλ’
3071 2074 3263 2144 ἀγνοίᾳ
3296 2074 3387 2126 τοῦ
3429 2076 3747 2146 δράσαντος,
3782 2086 3972 2137 πολλοὶ

2406 2159 2601 2211 αὐτίκα
2652 2162 3116 2230 συνελαμϐάνοντο
3173 2166 3367 2233 ἄθλιοι,
3403 2171 3569 2239 μηδὲν
3607 2173 3819 2226 τοιοῦτο
3855 2179 3969 2245 cip-

2407 2252 2693 2320 γασμὲνοι,
2736 2257 2823 2305 καὶ
2852 2256 3157 2323 ἱεροσυλίας
3188 2258 3496 2330 ἀπῃτοῦντο
3524 2263 3678 2327 δίκας
3714 2266 3972 2320 ἁπάντων

2402 2342 2511 2393 τῶν
2537 2343 2594 2392 ἐν
2618 2342 2693 2411 τῷ
2725 2343 3078 2415 δεσνωτηρίῳ
3105 2350 3423 2418 κακούργων
3459 2354 3791 2424 μιαρώτατοι
3817 2358 3973 2427 λογι-

2408 2430 2644 2496 σθέντες,
2699 2433 2774 2496 ὡς
2835 2434 2928 2486 τοῦ
2996 2436 3117 2489 Θεοῦ
3186 2441 3538 2511 σεσυληκότες
3603 2447 3664 2498 τὺ
3719 2450 3967 2519 ἄγαλμα.

2418 2523 2663 2592 Ἐϐοήοει
2691 2526 2744 2578 δὲ
2781 2527 2975 2590 οὐδεὶς,
3002 2528 3138 2581 ἀλλὰ
3172 2534 3263 2583 καὶ
3289 2533 3336 2584 οἱ
3367 2535 3505 2596 τέως
3540 2537 3747 2607 ἑταῖροι
3774 2542 3970 2603 αὐτοὺς

2405 2615 2829 2686 ἀπεστρέφοντο,
2879 2620 2974 2671 καὶ
3016 2622 3063 2672 oi
3106 2622 3199 2673 ἐπὶ
3256 2624 3363 2676 τῶν
3415 2625 3627 2695 δεσμῶν
3664 2629 3830 2696 (οὕτω
3866 2634 3969 2702 γὰρ

2406 2706 2573 2777 ᾤοντο
2622 2709 2939 2778 χαρίζεσθαι
2978 2711 3053 2780 τῷ
3104 2712 3233 2783 θεῷ)
3285 2715 3471 2785 βαρεῖς
3529 2724 3638 2781 τοῖς
3672 2723 3970 2778 ἑαλωκόσιν

2402 2802 2725 2867 ἐφεστῶτες.

2475 2893 2547 2947 Γν.
2588 2894 2655 2947 '0
2696 2913 2756 2962 γε
2808 2902 2916 2968 μὴν
2964 2904 3207 2965 γενναῖος
3256 2902 3448 2968 Σώζων
3485 2905 3968 2975 παῤῥησιάσασθαί

2403 3001 2460 3037 τε
2478 2987 2574 3057 τὴν
2604 2989 2904 3056 εὐσέϐειαν,
2936 2996 3029 3045 καὶ
3050 2994 3317 3048 ἀπολῦσαι
3344 2997 3564 3060 τούτους
3589 2999 3791 3053 ὲοέλων
3818 3003 3968 3055 οὐδὲν

2404 3077 2514 3128 τῶν
2543 3082 2922 3148 γεγενημένων
2953 3084 3179 3149 εἰδότας,
3218 3089 3612 3157 προσαγγέλλει
3647 3094 3843 3146 ἑαυτὸν
3888 3097 3970 3149 ὲλο

748 3167 811 3219 ad
844 3169 1093 3233 aedituos,
1125 3183 1179 3226 et
1208 3176 1394 3229 dicens
1436 3194 1493 3231 se
1524 3195 1643 3233 eum
1684 3197 1823 3248 esse,
1857 3186 1945 3251 qui
1982 3185 2301 3238 maleficium

2410 3168 2515 3221 θὼν
2544 3172 2622 3231 εἰς
2651 3173 2775 3235 τοὺς
2802 3178 3102 3243 νεωκόρους
3145 3178 3221 3239 ὠς
3268 3182 3350 3250 εἴη
3390 3184 3690 3254 αὐτουργὸς
3731 3190 3831 3255 τῆς
3883 3192 3970 3241 ἐπὶ

745 3257 962 3311 admisit
994 3261 1045 3312 in
1097 3262 1399 3334 imaginem.
1449 3268 1733 3339 Postquam
1781 3283 1957 3326 autem
2004 3274 2106 3330 ltoc
2151 3277 2302 3343 dixit,

747 3348 1013 3404 abductus
1045 3356 1287 3422 protinus
1326 3358 1425 3411 fuit
1460 3362 1525 3413 ad
1554 3360 1955 3418 Maxitnianunt.
2017 3365 2132 3435 Ipse
2179 3383 2307 3421 vero

746 3440 800 3491 in
840 3442 948 3496 alto
978 3446 1174 3500 sedens
1215 3449 1490 3517 tribunali,
1529 3468 1649 3507 cum
1681 3472 1800 3508 cum
1828 3470 2067 3512 curasset
2108 3459 2309 3515 sisten-

745 3533 896 3599 dum,
954 3546 1008 3591 et
1067 3554 1189 3593 cum
1251 3554 1455 3611 quanto
1521 3548 1693 3615 potuit
1748 3548 1885 3603 fastu
1944 3554 2307 3621 apparuisset,

748 3627 981 3694 primum
1045 3632 1262 3697 quidem
1314 3650 1531 3699 nomen,
1584 3639 1777 3691 deinde
1849 3643 2182 3713 religionem,
2256 3655 2311 3701 et

748 3728 1023 3786 postremo
1050 3724 1299 3789 patriam,
1341 3740 1459 3793 qua:
1493 3741 1616 3780 eum
1656 3729 1883 3793 tulisset,
1941 3736 2163 3803 rogavit.
2218 3736 2310 3794 ille

748 3819 961 3866 autem:
996 3812 1177 3868 Patria
1200 3817 1416 3885 quidem
1447 3819 1577 3872 mihi
1616 3830 1699 3874 est
1729 3821 2011 3893 Lycaonia,
2051 3843 2112 3879 ea
2164 3830 2311 3903 enim

748 3920 836 3958 me
880 3906 1039 3974 tulit;
1074 3920 1331 3979 parentes
1371 3928 1496 3967 vero
1530 3913 1597 3967 ab
1624 3924 1746 3968 ortu
1780 3916 1909 3969 mihi
1950 3932 2146 3973 nomen
2212 3921 2312 3975 im-

748 4007 1074 4064 posuerunt,
1106 4000 1400 4067 Tarasius;
1438 4004 1726 4057 Sozontem
1775 4017 1950 4062 autem
2010 4012 2063 4063 in
2128 4013 2311 4069 divino

748 4099 835 4140 tne
862 4099 1121 4143 vocarunt
1158 4090 1497 4160 baptismate.
1561 4093 1689 4147 Sunt
1742 4095 1885 4148 enim
1945 4098 2310 4169 Christianus,

747 4174 1017 4232 Christum
1048 4181 1224 4236 solum
1264 4198 1457 4237 verum
1487 4181 1656 4240 Deum
1687 4186 1938 4255 adorans,
1976 4190 2067 4258 qui
2112 4195 2315 4249 creavit

745 4270 944 4323 caelum
974 4280 1029 4324 et
1059 4282 1280 4326 terrain.
1318 4274 1614 4344 Cujusnam
1640 4288 1818 4333 autem
1849 4281 1923 4334 rei
1957 4298 2105 4348 usus,
2141 4285 2312 4355 inquit

748 4361 1122 4428 Maximianus,
1193 4376 1245 4421 te
1299 4368 1403 4422 huc
1460 4369 1728 4422 adduxit?
1794 4371 2052 4436 Prazsuut,
2117 4376 2310 4445 inquit,

748 4454 945 4519 Sozon,
977 4458 1122 4527 gregi
1151 4460 1331 4513 ovium
1364 4478 1377 4513 :
1410 4471 1461 4515 et
1507 4476 1626 4531 qua:
1668 4462 1797 4516 mibi
1855 4463 1971 4518 loca
2010 4465 2218 4532 ﬂorida,
2259 4480 2313 4524 et

749 4563 887 4617 aqua
928 4550 1283 4617 abundantia,
1314 4562 1368 4606 et
1425 4555 1489 4607 ad
1527 4559 1855 4623 pascendum
1904 4560 2123 4615 herbida
2183 4567 2309 4617 anni

748 4648 991 4709 tempora
1020 4644 1399 4710 ostenderunt,
1447 4646 1513 4699 ad
1566 4663 1625 4699 ea
1680 4664 1777 4716 ago
1820 4664 1966 4707 oves.
2039 4653 2242 4710 Deinde
2297 4674 2309 4709 :

749 4729 1033 4796 Quomodo
1088 4744 1291 4801 autem,
1329 4737 1504 4805 inquit
1567 4736 1937 4806 Maximianus,
1979 4758 2043 4797 eo
2098 4762 2315 4815 proces-

749 4822 863 4877 sisti
896 4823 1154 4887 audaciaa,
1184 4833 1241 4878 ut
1286 4828 1371 4880 dei
1401 4829 1675 4882 dexteram
1707 4830 2033 4885 abstuleris?

808 4916 910 4971 -ιν,
944 4916 1230 4985 Excipiens
1274 4933 1402 4973 vero
1445 4918 1621 4973 Sozon
1656 4942 1670 4976 :
1735 4923 1888 4988 Quod
1947 4941 2053 4980 non
2095 4930 2313 4987 audacis

753 5006 967 5075 quidem
996 5010 1157 5076 ccepti
1184 5011 1271 5072 sit,
1327 5012 1471 5080 quod
1502 5011 1703 5066 factum
1744 5026 1845 5079 est,
1884 5033 2060 5086 neque
2106 5020 2157 5072 id
2186 5038 2312 5089 pec-

753 5109 871 5154 cato
901 5100 1097 5154 debeat
1124 5102 1395 5169 imputari,
1434 5113 1557 5158 tuus
1582 5121 1815 5175 quoque.
1846 5117 1905 5160 ut
1935 5110 2062 5163 milii
2094 5114 2311 5180 quidem

755 5194 988 5258 videtur,
1029 5196 1165 5249 deus
1195 5204 1445 5251 testatur.
1486 5196 1670 5266 Neque
1697 5200 1839 5252 enim
1870 5215 2009 5271 aegre
2043 5203 2168 5269 fert,
2213 5221 2313 5260 nec

754 5299 1012 5356 tanquam
1041 5289 1234 5355 injuria
1265 5288 1511 5354 affectus,
1567 5307 1754 5361 aspere
1781 5294 2078 5363 quidquam
2136 5298 2311 5366 loqui-

754 5392 871 5437 tur..
902 5379 1056 5446 Quod
1086 5382 1131 5434 si
1160 5396 1259 5435 vox
1288 5398 1506 5453 quoque
1537 5383 1587 5435 ei
1617 5385 1796 5452 aliqua
1826 5386 2061 5449 adesset,
2100 5390 2314 5442 videtur

757 5474 887 5529 mihi
921 5474 1100 5544 potius
1130 5488 1226 5526 vos
1258 5488 1377 5528 esse
1407 5486 1786 5539 accusaturus,
1806 5485 1859 5529 ct
1887 5488 2073 5546 aperte
2129 5494 2313 5547 repre-

757 5570 1049 5631 hensurus,
1091 5565 1233 5636 quod
1260 5565 1445 5621 relicto
1479 5567 1721 5621 omnium
1755 5566 1978 5635 Opiﬁce.
2023 5564 2311 5626 inanimam

759 5657 1068 5729 suspiciatis
1095 5657 1401 5719 materiam,
1440 5670 1494 5712 et
1520 5675 1639 5713 eam
1671 5660 1830 5714 deum
1871 5674 1990 5713 esse
2034 5664 2312 5717 existima-

763 5753 851 5815 tis,
885 5766 981 5805 vos
1007 5750 1061 5803 in
1114 5750 1513 5805 benefactorcm
1564 5752 1912 5806 ostendentes
1976 5753 2215 5823 ingratos
2258 5767 2313 5809 et

760 5843 1125 5899 immemores.
1167 5840 1272 5897 Sed
1312 5843 1357 5900 si
1389 5840 1488 5909 vis,
1517 5841 1689 5911 inquit
1725 5858 1940 5915 praeses,
1981 5861 2086 5900 non
2127 5848 2297 5904 solum

2407 3262 2466 3313 τὺ
2498 3264 2716 3334 ἄγαλμα
2764 3269 2964 3332 ἐκεῖνος
3002 3271 3318 3341 ἐπιϐουλῆς.
3367 3276 3452 3338 Ὠς
3497 3276 3552 3327 δὲ
3596 3277 3759 3330 τοῦτο
3800 3277 3968 3343 εἶπεν,

2409 3360 2653 3423 ἀπήγετο
2685 3360 2844 3423 εὐθὺς
2873 3364 3006 3431 πρὸς
3038 3364 3127 3414 τὸν
3160 3366 3522 3433 Μαξιμιανόν.
3563 3370 3675 3421 Καὶ
3699 3374 3867 3435 αὐτὸς
3890 3377 3967 3442 ἐφ’

2411 3446 2615 3515 ὑψηλοῦ
2648 3449 2884 3517 μάλιστα
2915 3452 3006 3503 τοῦ
3036 3452 3280 3522 βήματος
3310 3458 3671 3527 προκαθίσας,
3720 3464 3886 3515 αὐτόν
3917 3482 3969 3518 τε

2413 3543 2899 3612 παραστησάμενος
2953 3546 3046 3598 καὶ
3083 3547 3158 3610 ὼς
3201 3543 3309 3601 οἷόν
3367 3566 3425 3602 τε
3480 3551 3711 3623 σοϐαρδς
3768 3557 3970 3625 ὀφθεὶς,

2410 3632 2601 3697 πρῶτα
2630 3634 2726 3701 μὲν
2751 3638 2847 3704 τὴν
2874 3637 3082 3705 κλῆσιν,
3111 3636 3226 3691 εἶτα
3249 3643 3307 3699 τὸ
3336 3642 3518 3708 σέϐας,
3543 3645 3735 3697 ἔπειτα
3763 3654 3857 3700 καὶ
3886 3651 3974 3716 τὴν

2412 3723 2783 3793 ὲνεγκαμένην
2817 3728 3165 3781 ἐπυνθάνετο.
3232 3730 3290 3782 Ὀ
3328 3730 3383 3783 δὲ
3406 3772 3421 3795 ,
3462 3734 3534 3784 To
3571 3735 3670 3802 μὲν
3702 3741 3803 3804 τῆς
3829 3741 3973 3805 γενέ·

2414 3831 2568 3879 σεως,
2626 3815 2749 3885 ἔφη,
2785 3818 3056 3887 Ταράσιον
3092 3820 3138 3873 οἱ
3193 3824 3439 3886 τεκόντες
3475 3824 3691 3893 ἔθεσαν,
3726 3829 3976 3890 Σώζοντα

2410 3907 2465 3959 δέ
2496 3924 2564 3977 με
2594 3909 2669 3978 τῷ
2695 3910 2823 3980 θείῳ
2872 3911 3208 3984 βαπτίσματι
3243 3920 3657 3987 μετωνόμασαν,
3699 3926 3973 3979 Λυκαονία

2409 3996 2465 4048 δέ
2496 4013 2586 4063 μοι
2616 4002 2835 4066 πατρὶς,
2862 4001 3000 4071 αὕτη
3034 4005 3140 4070 γάρ
3166 4022 3232 4071 με
3262 4008 3354 4056 καὶ
3385 4009 3581 4075 ἤνεγκε
3602 4026 3616 4039 “
3650 4012 3975 4081 Χριστιανὸς

2409 4087 2465 4139 δέ
2498 4089 2634 4159 είμι,
2670 4091 2903 4159 Χριστὸν
2938 4094 3101 4163 μόνον
3128 4095 3217 4148 τὸν
3253 4096 3426 4168 ἀληθῆ
3463 4099 3595 4153 θεὸν
3631 4109 3972 4170 προσκυνῶν,

2410 4179 2465 4242 ὃς
2499 4182 2679 4235 ἔκτισε
2708 4183 2797 4237 τὸν
2825 4185 3055 4255 οὐρανὸν
3086 4191 3177 4241 καὶ
3196 4188 3293 4259 τὴν
3315 4192 3438 4259 γῆν.
3464 4193 3558 4256 Τίς
3583 4194 3638 4248 δὲ
3661 4196 3772 4265 ἄρα
3803 4202 3974 4269 χρεία,

2411 4271 2751 4337 Μαξιμιανὸς
2775 4276 2901 4341 ἔφη,
2934 4278 3170 4330 ἐνταῦθα
3194 4297 3249 4331 σε
3279 4283 3487 4350 ἧγαγε;
3519 4287 3789 4355 ΙΙοίμνης,
3826 4296 3972 4361 φησι,

2414 4362 2719 4433 προϐάτων,
2741 4365 2768 4416 ὁ
2796 4364 3008 4433 Σώζων,
3029 4371 3379 4439 προῖσταμαι,
3414 4375 3502 4426 καὶ
3525 4375 3626 4428 ἀπε
3636 4397 3668 4447 ρ
3693 4378 3759 4431 ἂν
3785 4383 3977 4452 εὐανθῆ

2415 4454 2522 4504 τῶν
2553 4456 2787 4524 χωρίων,
2814 4460 2906 4510 καὶ
2936 4458 3151 4531 ἔνυδρα,
3177 4469 3269 4515 καὶ
3298 4466 3517 4536 χλοερὸν
3542 4470 3622 4532 εἰς
3653 4476 3831 4541 νομὴν
3858 4476 3980 4527 Otil-

2415 4548 2573 4602 λοντα
2608 4550 2853 4617 δείξωσιν
2903 4555 2955 4605 αἱ
2986 4547 3148 4626 ὧραι,
3181 4558 3358 4609 ἐκεῖσε
3391 4559 3453 4629 δὴ
3491 4562 3585 4615 καὶ
3624 4565 3692 4616 τὰ
3732 4567 3977 4635 πρόϐατα

2415 4643 2729 4696 είσελαύνω.
2761 4644 2892 4698 Εἶτα
2913 4688 2926 4710 ,
2988 4650 3093 4700 Καὶ
3126 4652 3239 4712 πῶς
3270 4652 3398 4722 ἄρα,
3435 4656 3568 4723 φησὶ
3607 4658 3977 4724 Μαξεμιανος,

2416 4737 2494 4797 είς
2527 4736 2683 4787 τοῦτο
2712 4738 2911 4807 τόλμης
2941 4741 3245 4808 είλήλυοας,
3278 4745 3353 4808 ὡς
3390 4746 3482 4797 καὶ
3539 4749 3638 4815 τὴν
3668 4750 3851 4814 δεξιὰν
3877 4754 3979 4819 ἀφ-

2416 4826 2557 4879 ελεῖν
2589 4826 2682 4880 τοῦ
2710 4828 2864 4893 θεοῦ;

2484 4917 2557 4974 Δ’.
2600 4919 2915 4973 ’Υπολαδὼν
2938 4920 3116 4974 τοίνυν
3140 4923 3166 4976 ὁ
3192 4921 3386 4987 stach
3405 4941 3418 4956 ·
3446 4924 3571 4979 Ὀτι
3603 4928 3705 4996 μὲν
3730 4932 3837 4985 οὐκ
3867 4933 3980 4986 ἔστι

2412 5018 2613 5085 τόλμης
2650 5015 2709 5067 τὸ
2740 5018 3124 5086 γεγενημένον,
3158 5017 3282 5085 ἔφη,
3323 5018 3432 5070 οὐδ’
3476 5022 3533 5073 ἐν
3580 5021 3982 5092 ἁμαρτήματος

2412 5110 2553 5178 λόγῳ
2590 5110 2731 5161 Οείτο
2786 5110 2851 5163 ἄν
2894 5127 2978 5172 τις
3025 5110 3176 5173 αὐτὸ,
3210 5111 3303 5162 καὶ
3337 5111 3363 5162 ὁ
3416 5110 3526 5181 σὸς,
3576 5112 3768 5180 ἔμοιγε
3818 5115 3980 5182 δοκεῖ,

2417 5207 2536 5267 Θεὸς
2587 5204 2871 5272 μαρτυρεῖ.
2911 5200 3048 5252 Οὔτε
3100 5201 3207 5282 γὰρ
3257 5206 3497 5275 νεμεσᾷ,
3541 5203 3655 5256 οὗθ’
3694 5203 3775 5269 ὡς
3828 5227 3983 5279 περι..

2417 5297 2741 5369 υόρισμένος
2764 5294 2935 5347 δεινὸν
2977 5294 3113 5358 ὅλως
3158 5294 3489 5364 φθέγγεται·
3529 5299 3576 5347 εί
3601 5297 3659 5349 δέ
3687 5316 3838 5364 τινος
3878 5306 3987 5373 ἄρα

2415 5390 2506 5440 καὶ
2546 5385 2726 5453 φωνῆς
2759 5385 3102 5454 εὐπορήσειε,
3160 5384 3309 5436 δοκεῖ
3366 5402 3455 5452 μοι
3515 5386 3717 5454 μᾶλλον
3751 5391 3820 5443 ἂν
3860 5394 3986 5460 ὑμῖν

2415 5479 2573 5540 αὐτὸς
2606 5476 2897 5543 ἐγκαλέσαι
2946 5477 3034 5527 καὶ
3081 5474 3328 5543 φανερῶς
3377 5474 3722 5547 μέμψασθαι,
3771 5483 3857 5535 ὃτι
3896 5486 3987 5539 τὸν

2417 5566 2757 5634 Δημιουργδν
2810 5566 2918 5616 τῶν
2970 5566 3105 5616 ὅλων
3140 5558 3367 5632 ἀφέντες
3426 5569 3563 5638 πρὸς
3618 5572 3720 5640 τὴν
3782 5576 3990 5642 ἄψυχον

2418 5659 2549 5727 ὓλην
2587 5659 2875 5725 ὲπτόησθε,
2909 5657 3000 5709 καὶ
3029 5656 3228 5725 ταύτην
3255 5659 3475 5729 ἡγεῖσθε
3518 5659 3667 5724 θεὸν,
3704 5665 3993 5732 ἀχάριστοι

2418 5750 2617 5820 δηλαδὴ
2652 5750 2743 5801 καὶ
2774 5749 3089 5816 ἀγνώμονες
3135 5751 3261 5821 περὶ
3313 5752 3404 5805 τὸν
3450 5751 3756 5824 εὐεργέτην
3788 5756 3995 5819 ἀναφα-

2418 5843 2618 5903 νίντες.
2668 5838 2805 5891 Ἀλλ’
2833 5840 2945 5908 εἴγε
2975 5837 3169 5907 βούλει,
3206 5841 3368 5908 φησὶν
3398 5840 3427 5891 ὁ
3458 5837 3711 5907 ἡγεμὼν,
3747 5836 3827 5908 μὴ
3860 5854 3995 5908 συγ.
