  <div class='ocr_page' id='page_1' title='image "/cluster/home/n/w/nwhite01/storage/ocr_20150623/115/pst.000005714285/394.png"; bbox 0 0 4170 6322; ppageno 0'>
   <div class='ocr_carea' id='block_1_1' title="bbox 161 425 267 486">
    <p class='ocr_par' dir='ltr' id='par_1_1' title="bbox 161 425 267 486">
     <span class='ocr_line' id='line_1_1' title="bbox 161 425 267 486; baseline 0.019 -2"><span class='ocrx_word' id='word_1_1' title='bbox 161 425 267 486; x_wconf 77' lang='lat'><strong>637</strong></span> 
     </span>
    </p>
   </div>
   <div class='ocr_carea' id='block_1_2' title="bbox 1304 413 2296 483">
    <p class='ocr_par' dir='ltr' id='par_1_2' title="bbox 1304 413 2296 483">
     <span class='ocr_line' id='line_1_2' title="bbox 1304 413 2296 483; baseline 0.003 -3"><span class='ocrx_word' id='word_1_2' title='bbox 1304 415 1770 480; x_wconf 80' lang='lat' dir='ltr'><strong>MARTYRIUM</strong></span> <span class='ocrx_word' id='word_1_3' title='bbox 1808 416 1870 478; x_wconf 66' lang='lat'><strong>9.</strong></span> <span class='ocrx_word' id='word_1_4' title='bbox 1914 413 2296 483; x_wconf 76' lang='lat' dir='ltr'><strong>SOZONTIS.</strong></span> 
     </span>
    </p>
   </div>
   <div class='ocr_carea' id='block_1_3' title="bbox 3295 427 3398 494">
    <p class='ocr_par' dir='ltr' id='par_1_3' title="bbox 3295 427 3398 494">
     <span class='ocr_line' id='line_1_3' title="bbox 3295 427 3398 494; baseline 0.049 -5"><span class='ocrx_word' id='word_1_5' title='bbox 3295 427 3398 494; x_wconf 82' lang='lat'><strong>638</strong></span> 
     </span>
    </p>
   </div>
   <div class='ocr_carea' id='block_1_4' title="bbox 159 531 1720 606">
    <p class='ocr_par' dir='ltr' id='par_1_4' title="bbox 159 532 1720 606">
     <span class='ocr_line' id='line_1_4' title="bbox 159 532 1720 606; baseline -0.002 -17"><span class='ocrx_word' id='word_1_6' title='bbox 159 535 390 606; x_wconf 76' lang='grc' dir='ltr'><strong>γνώμης</strong></span> <span class='ocrx_word' id='word_1_7' title='bbox 445 533 604 602; x_wconf 82' lang='grc' dir='ltr'><strong>μόνον</strong></span> <span class='ocrx_word' id='word_1_8' title='bbox 652 533 855 604; x_wconf 77' lang='grc' dir='ltr'><strong>τυχεῖν,</strong></span> <span class='ocrx_word' id='word_1_9' title='bbox 895 533 1032 588; x_wconf 75' lang='grc' dir='ltr'><strong>ἀλλὰ</strong></span> <span class='ocrx_word' id='word_1_10' title='bbox 1077 549 1218 596; x_wconf 87' lang='grc' dir='ltr'><strong>τινος</strong></span> <span class='ocrx_word' id='word_1_11' title='bbox 1278 532 1578 602; x_wconf 78' lang='grc' dir='ltr'><strong>ἀξιωθῆναι</strong></span> <span class='ocrx_word' id='word_1_12' title='bbox 1627 533 1720 586; x_wconf 72' lang='grc' dir='ltr'><strong>καὶ</strong></span> 
     </span>
    </p>
   </div>
   <div class='ocr_carea' id='block_1_5' title="bbox 1821 531 3401 606">
    <p class='ocr_par' dir='ltr' id='par_1_5' title="bbox 1826 532 3401 606">
     <span class='ocr_line' id='line_1_5' title="bbox 1826 532 3401 606; baseline 0.008 -20"><span class='ocrx_word' id='word_1_13' title='bbox 1826 532 2086 601; x_wconf 86' lang='lat' dir='ltr'><strong>consequi</strong></span> <span class='ocrx_word' id='word_1_14' title='bbox 2149 533 2384 599; x_wconf 86' lang='lat' dir='ltr'><strong>veniam,</strong></span> <span class='ocrx_word' id='word_1_15' title='bbox 2447 533 2551 606; x_wconf 23' lang='lat' dir='ltr'><strong>sed.</strong></span> <span class='ocrx_word' id='word_1_16' title='bbox 2590 533 2821 606; x_wconf 75' lang='lat' dir='ltr'><strong>aliquam</strong></span> <span class='ocrx_word' id='word_1_17' title='bbox 2875 537 3034 593; x_wconf 85' lang='lat' dir='ltr'><strong>etiam</strong></span> <span class='ocrx_word' id='word_1_18' title='bbox 3081 552 3401 598; x_wconf 84' lang='lat' dir='ltr'><strong>remunera-</strong></span> 
     </span>
    </p>
   </div>
   <div class='ocr_carea' id='block_1_6' title="bbox 163 624 1731 698">
    <p class='ocr_par' dir='ltr' id='par_1_6' title="bbox 163 624 1731 698">
     <span class='ocr_line' id='line_1_6' title="bbox 163 624 1731 698; baseline -0.002 -18"><span class='ocrx_word' id='word_1_19' title='bbox 163 625 425 698; x_wconf 76' lang='grc' dir='ltr'><strong>ἀμοιϐῆς,</strong></span> <span class='ocrx_word' id='word_1_20' title='bbox 459 624 565 677; x_wconf 88' lang='grc' dir='ltr'><strong>τῶν</strong></span> <span class='ocrx_word' id='word_1_21' title='bbox 600 625 781 696; x_wconf 85' lang='grc' dir='ltr'><strong>λήρων</strong></span> <span class='ocrx_word' id='word_1_22' title='bbox 814 625 1020 680; x_wconf 87' lang='grc' dir='ltr'><strong>τούτων</strong></span> <span class='ocrx_word' id='word_1_23' title='bbox 1059 626 1349 696; x_wconf 78' lang='grc' dir='ltr'><strong>ἀφέμενος,</strong></span> <span class='ocrx_word' id='word_1_24' title='bbox 1386 625 1581 690; x_wconf 78' lang='grc' dir='ltr'><strong>σῶσον,</strong></span> <span class='ocrx_word' id='word_1_25' title='bbox 1615 624 1731 678; x_wconf 82' lang='grc' dir='ltr'><strong>Σώ-</strong></span> 
     </span>
    </p>
   </div>
   <div class='ocr_carea' id='block_1_7' title="bbox 162 715 1726 786">
    <p class='ocr_par' dir='ltr' id='par_1_7' title="bbox 162 715 1726 786">
     <span class='ocr_line' id='line_1_7' title="bbox 162 715 1726 786; baseline 0 -16"><span class='ocrx_word' id='word_1_26' title='bbox 162 720 293 782; x_wconf 80' lang='grc' dir='ltr'><strong>ζων,</strong></span> <span class='ocrx_word' id='word_1_27' title='bbox 319 715 566 783; x_wconf 80' lang='grc' dir='ltr'><strong>σεαυτὸν,</strong></span> <span class='ocrx_word' id='word_1_28' title='bbox 589 719 684 770; x_wconf 70' lang='grc' dir='ltr'><strong>καὶ</strong></span> <span class='ocrx_word' id='word_1_29' title='bbox 710 715 1022 786; x_wconf 83' lang='grc' dir='ltr'><strong>προσελθὼν</strong></span> <span class='ocrx_word' id='word_1_30' title='bbox 1043 717 1202 770; x_wconf 80' lang='grc' dir='ltr'><strong>θῦσον</strong></span> <span class='ocrx_word' id='word_1_31' title='bbox 1223 719 1334 780; x_wconf 84' lang='grc' dir='ltr'><strong>τοῖς</strong></span> <span class='ocrx_word' id='word_1_32' title='bbox 1357 717 1519 782; x_wconf 87' lang='grc' dir='ltr'><strong>Θεοῖς.</strong></span> <span class='ocrx_word' id='word_1_33' title='bbox 1555 716 1613 770; x_wconf 86' lang='grc'><strong>’0</strong></span> <span class='ocrx_word' id='word_1_34' title='bbox 1638 717 1695 770; x_wconf 88' lang='grc' dir='ltr'><em>δέ</em></span> <span class='ocrx_word' id='word_1_35' title='bbox 1711 731 1726 748; x_wconf 74' lang='grc' dir='ltr'><strong><em>ο</em></strong></span> 
     </span>
    </p>
   </div>
   <div class='ocr_carea' id='block_1_8' title="bbox 159 808 1728 882">
    <p class='ocr_par' dir='ltr' id='par_1_8' title="bbox 159 808 1728 882">
     <span class='ocr_line' id='line_1_8' title="bbox 159 808 1728 882; baseline 0 -19"><span class='ocrx_word' id='word_1_36' title='bbox 159 811 270 882; x_wconf 72' lang='grc' dir='ltr'><strong>Καί</strong></span> <span class='ocrx_word' id='word_1_37' title='bbox 292 810 408 873; x_wconf 86' lang='grc' dir='ltr'><strong>πῶς</strong></span> <span class='ocrx_word' id='word_1_38' title='bbox 438 810 497 862; x_wconf 86' lang='grc' dir='ltr'><strong>οὐ</strong></span> <span class='ocrx_word' id='word_1_39' title='bbox 529 809 723 879; x_wconf 81' lang='grc' dir='ltr'><strong>μακρῷ</strong></span> <span class='ocrx_word' id='word_1_40' title='bbox 752 809 846 863; x_wconf 69' lang='grc' dir='ltr'><strong>καὶ</strong></span> <span class='ocrx_word' id='word_1_41' title='bbox 880 808 1045 863; x_wconf 80' lang='grc' dir='ltr'><strong>αὐτοῦ</strong></span> <span class='ocrx_word' id='word_1_42' title='bbox 1077 826 1138 878; x_wconf 90' lang='grc' dir='ltr'><strong>γε</strong></span> <span class='ocrx_word' id='word_1_43' title='bbox 1172 810 1236 863; x_wconf 83' lang='grc' dir='ltr'><strong>ἂν</strong></span> <span class='ocrx_word' id='word_1_44' title='bbox 1269 811 1389 881; x_wconf 79' lang='grc' dir='ltr'><strong>εἵην</strong></span> <span class='ocrx_word' id='word_1_45' title='bbox 1411 811 1728 879; x_wconf 81' lang='grc' dir='ltr'><strong>ἀναισθητό-</strong></span> 
     </span>
    </p>
   </div>
   <div class='ocr_carea' id='block_1_9' title="bbox 158 901 1729 973">
    <p class='ocr_par' dir='ltr' id='par_1_9' title="bbox 158 901 1729 973">
     <span class='ocr_line' id='line_1_9' title="bbox 158 901 1729 973; baseline 0.001 -19"><span class='ocrx_word' id='word_1_46' title='bbox 158 919 320 973; x_wconf 88' lang='grc' dir='ltr'><strong>τερος</strong></span> <span class='ocrx_word' id='word_1_47' title='bbox 358 901 454 954; x_wconf 74' lang='grc' dir='ltr'><strong>τοῦ</strong></span> <span class='ocrx_word' id='word_1_48' title='bbox 484 901 751 973; x_wconf 82' lang='grc' dir='ltr'><strong>ὑμετέρου</strong></span> <span class='ocrx_word' id='word_1_49' title='bbox 795 901 938 968; x_wconf 73' lang='grc' dir='ltr'><strong>Θεοῦ,</strong></span> <span class='ocrx_word' id='word_1_50' title='bbox 977 903 1104 973; x_wconf 79' lang='grc' dir='ltr'><strong>ἔφη,</strong></span> <span class='ocrx_word' id='word_1_51' title='bbox 1143 901 1305 956; x_wconf 80' lang='grc' dir='ltr'><strong>τοῦτο</strong></span> <span class='ocrx_word' id='word_1_52' title='bbox 1340 905 1505 973; x_wconf 77' lang='grc' dir='ltr'><strong>τιμᾷν</strong></span> <span class='ocrx_word' id='word_1_53' title='bbox 1539 904 1729 972; x_wconf 80' lang='grc' dir='ltr'><strong>ἑλόμε-</strong></span> 
     </span>
    </p>
   </div>
   <div class='ocr_carea' id='block_1_10' title="bbox 159 993 1724 1067">
    <p class='ocr_par' dir='ltr' id='par_1_10' title="bbox 159 993 1724 1067">
     <span class='ocr_line' id='line_1_10' title="bbox 159 993 1724 1067; baseline 0.002 -22"><span class='ocrx_word' id='word_1_54' title='bbox 159 1011 269 1060; x_wconf 84' lang='grc' dir='ltr'><strong>νος,</strong></span> <span class='ocrx_word' id='word_1_55' title='bbox 296 994 354 1057; x_wconf 82' lang='grc' dir='ltr'><strong>ὃς</strong></span> <span class='ocrx_word' id='word_1_56' title='bbox 378 993 498 1046; x_wconf 72' lang='grc' dir='ltr'><strong>οὐδὲ</strong></span> <span class='ocrx_word' id='word_1_57' title='bbox 520 993 679 1056; x_wconf 84' lang='grc' dir='ltr'><strong>αὐτὸς</strong></span> <span class='ocrx_word' id='word_1_58' title='bbox 705 994 948 1061; x_wconf 85' lang='grc' dir='ltr'><strong>πάσχων,</strong></span> <span class='ocrx_word' id='word_1_59' title='bbox 975 995 1203 1063; x_wconf 84' lang='grc' dir='ltr'><strong>ἀμύνειν</strong></span> <span class='ocrx_word' id='word_1_60' title='bbox 1220 993 1330 1058; x_wconf 75' lang='grc' dir='ltr'><strong>οἷός</strong></span> <span class='ocrx_word' id='word_1_61' title='bbox 1352 1013 1411 1049; x_wconf 87' lang='grc' dir='ltr'><strong>τε</strong></span> <span class='ocrx_word' id='word_1_62' title='bbox 1431 993 1500 1067; x_wconf 84' lang='grc' dir='ltr'><strong>ἦν</strong></span> <span class='ocrx_word' id='word_1_63' title='bbox 1525 995 1724 1067; x_wconf 82' lang='grc' dir='ltr'><strong>ἐαυτῷ,</strong></span> 
     </span>
    </p>
   </div>
   <div class='ocr_carea' id='block_1_11' title="bbox 158 1087 1724 1160">
    <p class='ocr_par' dir='ltr' id='par_1_11' title="bbox 158 1087 1724 1160">
     <span class='ocr_line' id='line_1_11' title="bbox 158 1087 1724 1160; baseline 0.002 -21"><span class='ocrx_word' id='word_1_64' title='bbox 158 1087 281 1140; x_wconf 75' lang='grc' dir='ltr'><strong>οὐδὲ</strong></span> <span class='ocrx_word' id='word_1_65' title='bbox 312 1090 495 1156; x_wconf 81' lang='grc' dir='ltr'><strong>φωνήν</strong></span> <span class='ocrx_word' id='word_1_66' title='bbox 522 1105 644 1141; x_wconf 87' lang='grc' dir='ltr'><strong>τινα</strong></span> <span class='ocrx_word' id='word_1_67' title='bbox 674 1087 955 1157; x_wconf 83' lang='grc' dir='ltr'><strong>προέσθαι,</strong></span> <span class='ocrx_word' id='word_1_68' title='bbox 984 1089 1104 1142; x_wconf 80' lang='grc' dir='ltr'><strong>οὐδὲ</strong></span> <span class='ocrx_word' id='word_1_69' title='bbox 1129 1087 1354 1142; x_wconf 82' lang='grc' dir='ltr'><strong>καλέσαι</strong></span> <span class='ocrx_word' id='word_1_70' title='bbox 1374 1090 1500 1153; x_wconf 78' lang='grc' dir='ltr'><strong>τοὺς</strong></span> <span class='ocrx_word' id='word_1_71' title='bbox 1526 1089 1724 1160; x_wconf 80' lang='grc' dir='ltr'><strong>βοηθή-</strong></span> 
     </span>
    </p>
   </div>
   <div class='ocr_carea' id='block_1_12' title="bbox 160 1178 1726 1249">
    <p class='ocr_par' dir='ltr' id='par_1_12' title="bbox 160 1178 1726 1249">
     <span class='ocr_line' id='line_1_12' title="bbox 160 1178 1726 1249; baseline 0.002 -17"><span class='ocrx_word' id='word_1_72' title='bbox 160 1197 376 1243; x_wconf 86' lang='grc' dir='ltr'><strong>σοντας,</strong></span> <span class='ocrx_word' id='word_1_73' title='bbox 412 1181 532 1233; x_wconf 79' lang='grc' dir='ltr'><strong>οὐδὲ</strong></span> <span class='ocrx_word' id='word_1_74' title='bbox 565 1218 580 1243; x_wconf 93' lang='grc'><strong>,</strong></span> <span class='ocrx_word' id='word_1_75' title='bbox 615 1180 677 1232; x_wconf 82' lang='grc' dir='ltr'><strong>τὸ</strong></span> <span class='ocrx_word' id='word_1_76' title='bbox 709 1180 926 1234; x_wconf 85' lang='grc' dir='ltr'><strong>πάντων</strong></span> <span class='ocrx_word' id='word_1_77' title='bbox 960 1181 1092 1249; x_wconf 76' lang='grc' dir='ltr'><strong>γοῦν</strong></span> <span class='ocrx_word' id='word_1_78' title='bbox 1118 1181 1468 1243; x_wconf 80' lang='grc' dir='ltr'><strong>ἀθλιώτατον.</strong></span> <span class='ocrx_word' id='word_1_79' title='bbox 1506 1178 1594 1234; x_wconf 71' lang='grc' dir='ltr'><strong>οἷα</strong></span> <span class='ocrx_word' id='word_1_80' title='bbox 1620 1183 1726 1236; x_wconf 82' lang='grc' dir='ltr'><strong>πά·</strong></span> 
     </span>
    </p>
   </div>
   <div class='ocr_carea' id='block_1_13' title="bbox 161 1270 1722 1342">
    <p class='ocr_par' dir='ltr' id='par_1_13' title="bbox 161 1270 1722 1342">
     <span class='ocr_line' id='line_1_13' title="bbox 161 1270 1722 1342; baseline 0.003 -21"><span class='ocrx_word' id='word_1_81' title='bbox 161 1272 246 1328; x_wconf 69' lang='grc' dir='ltr'><strong>θοι</strong></span> <span class='ocrx_word' id='word_1_82' title='bbox 272 1270 779 1340; x_wconf 85' lang='grc' dir='ltr'><strong>διαμαρτύρασθαι;</strong></span> <span class='ocrx_word' id='word_1_83' title='bbox 817 1272 958 1342; x_wconf 84' lang='grc' dir='ltr'><strong>Ὦρα</strong></span> <span class='ocrx_word' id='word_1_84' title='bbox 977 1272 1106 1340; x_wconf 82' lang='grc' dir='ltr'><strong>γοῦν</strong></span> <span class='ocrx_word' id='word_1_85' title='bbox 1139 1289 1221 1325; x_wconf 90' lang='grc' dir='ltr'><strong>σοι</strong></span> <span class='ocrx_word' id='word_1_86' title='bbox 1250 1273 1474 1326; x_wconf 83' lang='grc' dir='ltr'><strong>τοιαῦτα</strong></span> <span class='ocrx_word' id='word_1_87' title='bbox 1495 1273 1722 1342; x_wconf 82' lang='grc' dir='ltr'><strong>τιμῶντι</strong></span> 
     </span>
    </p>
   </div>
   <div class='ocr_carea' id='block_1_14' title="bbox 156 1357 1723 1432">
    <p class='ocr_par' dir='ltr' id='par_1_14' title="bbox 156 1357 1723 1432">
     <span class='ocr_line' id='line_1_14' title="bbox 156 1357 1723 1432; baseline 0.006 -26"><span class='ocrx_word' id='word_1_88' title='bbox 156 1357 253 1407; x_wconf 75' lang='grc' dir='ltr'><strong>καὶ</strong></span> <span class='ocrx_word' id='word_1_89' title='bbox 286 1357 538 1410; x_wconf 83' lang='grc' dir='ltr'><strong>πλάττειν</strong></span> <span class='ocrx_word' id='word_1_90' title='bbox 565 1357 802 1427; x_wconf 75' lang='grc' dir='ltr'><strong>ἑκάστης</strong></span> <span class='ocrx_word' id='word_1_91' title='bbox 836 1361 1048 1430; x_wconf 83' lang='grc' dir='ltr'><strong>ἡμέρας</strong></span> <span class='ocrx_word' id='word_1_92' title='bbox 1089 1360 1262 1424; x_wconf 84' lang='grc' dir='ltr'><strong>θεοὺς,</strong></span> <span class='ocrx_word' id='word_1_93' title='bbox 1293 1362 1386 1415; x_wconf 81' lang='grc' dir='ltr'><strong>καὶ</strong></span> <span class='ocrx_word' id='word_1_94' title='bbox 1417 1363 1723 1432; x_wconf 84' lang='grc' dir='ltr'><strong>μεταπλάτ-</strong></span> 
     </span>
    </p>
   </div>
   <div class='ocr_carea' id='block_1_15' title="bbox 153 1446 1726 1528">
    <p class='ocr_par' dir='ltr' id='par_1_15' title="bbox 153 1446 1726 1528">
     <span class='ocr_line' id='line_1_15' title="bbox 153 1446 1726 1528; baseline 0.009 -31"><span class='ocrx_word' id='word_1_95' title='bbox 153 1464 273 1500; x_wconf 88' lang='grc' dir='ltr'><strong>τειν</strong></span> <span class='ocrx_word' id='word_1_96' title='bbox 302 1446 509 1512; x_wconf 78' lang='grc' dir='ltr'><strong>ἄλλους,</strong></span> <span class='ocrx_word' id='word_1_97' title='bbox 552 1450 608 1501; x_wconf 84' lang='grc' dir='ltr'><strong>ὲν</strong></span> <span class='ocrx_word' id='word_1_98' title='bbox 645 1452 710 1520; x_wconf 77' lang='grc' dir='ltr'><strong>τῇ</strong></span> <span class='ocrx_word' id='word_1_99' title='bbox 738 1451 845 1504; x_wconf 87' lang='grc' dir='ltr'><strong>τῶν</strong></span> <span class='ocrx_word' id='word_1_100' title='bbox 877 1455 1073 1523; x_wconf 81' lang='grc' dir='ltr'><strong>χειρῶν</strong></span> <span class='ocrx_word' id='word_1_101' title='bbox 1117 1453 1281 1527; x_wconf 82' lang='grc' dir='ltr'><strong>τέχνῃ</strong></span> <span class='ocrx_word' id='word_1_102' title='bbox 1323 1456 1422 1527; x_wconf 77' lang='grc' dir='ltr'><strong>τὴν</strong></span> <span class='ocrx_word' id='word_1_103' title='bbox 1466 1457 1726 1528; x_wconf 81' lang='grc' dir='ltr'><strong>δημιουρ-</strong></span> 
     </span>
    </p>
   </div>
   <div class='ocr_carea' id='block_1_16' title="bbox 154 1539 909 1613">
    <p class='ocr_par' dir='ltr' id='par_1_16' title="bbox 154 1539 909 1613">
     <span class='ocr_line' id='line_1_16' title="bbox 154 1539 909 1613; baseline 0.012 -23"><span class='ocrx_word' id='word_1_104' title='bbox 154 1540 286 1607; x_wconf 78' lang='grc' dir='ltr'><strong>γεαν</strong></span> <span class='ocrx_word' id='word_1_105' title='bbox 320 1542 427 1593; x_wconf 85' lang='grc' dir='ltr'><strong>τῶν</strong></span> <span class='ocrx_word' id='word_1_106' title='bbox 454 1539 591 1594; x_wconf 84' lang='grc' dir='ltr'><strong>θεῶν</strong></span> <span class='ocrx_word' id='word_1_107' title='bbox 618 1542 909 1613; x_wconf 77' lang='grc' dir='ltr'><strong>τιθεμένῳ.</strong></span> 
     </span>
    </p>
   </div>
   <div class='ocr_carea' id='block_1_17' title="bbox 232 1632 1722 1713">
    <p class='ocr_par' dir='ltr' id='par_1_17' title="bbox 232 1632 1722 1713">
     <span class='ocr_line' id='line_1_17' title="bbox 232 1632 1722 1713; baseline 0.009 -29"><span class='ocrx_word' id='word_1_108' title='bbox 232 1634 309 1684; x_wconf 82' lang='lat' dir='ltr'><strong>E&#39;.</strong></span> <span class='ocrx_word' id='word_1_109' title='bbox 349 1632 568 1697; x_wconf 82' lang='grc' dir='ltr'><strong>Τούτοις</strong></span> <span class='ocrx_word' id='word_1_110' title='bbox 619 1635 820 1705; x_wconf 77' lang='grc' dir='ltr'><strong>Θερμὺν</strong></span> <span class='ocrx_word' id='word_1_111' title='bbox 857 1637 1018 1702; x_wconf 80' lang='grc' dir='ltr'><strong>ζέσας</strong></span> <span class='ocrx_word' id='word_1_112' title='bbox 1044 1639 1072 1689; x_wconf 81' lang='grc' dir='ltr'>ὁ</span> <span class='ocrx_word' id='word_1_113' title='bbox 1112 1642 1454 1713; x_wconf 79' lang='grc' dir='ltr'><strong>Μαξιμιανδς</strong></span> <span class='ocrx_word' id='word_1_114' title='bbox 1500 1646 1722 1711; x_wconf 84' lang='grc' dir='ltr'><strong>πικραῖς</strong></span> 
     </span>
    </p>
   </div>
   <div class='ocr_carea' id='block_1_18' title="bbox 154 1725 1724 1806">
    <p class='ocr_par' dir='ltr' id='par_1_18' title="bbox 154 1725 1724 1806">
     <span class='ocr_line' id='line_1_18' title="bbox 154 1725 1724 1806; baseline 0.01 -32"><span class='ocrx_word' id='word_1_115' title='bbox 154 1728 248 1778; x_wconf 73' lang='grc' dir='ltr'><strong>τὸν</strong></span> <span class='ocrx_word' id='word_1_116' title='bbox 276 1725 526 1796; x_wconf 82' lang='grc' dir='ltr'><strong>μάρτυρα</strong></span> <span class='ocrx_word' id='word_1_117' title='bbox 563 1729 900 1799; x_wconf 83' lang='grc' dir='ltr'><strong>παραδίδωσι</strong></span> <span class='ocrx_word' id='word_1_118' title='bbox 933 1731 1244 1801; x_wconf 80' lang='grc' dir='ltr'><strong>τιμωρίαις,</strong></span> <span class='ocrx_word' id='word_1_119' title='bbox 1277 1736 1372 1788; x_wconf 80' lang='grc' dir='ltr'><strong>καὶ</strong></span> <span class='ocrx_word' id='word_1_120' title='bbox 1396 1737 1587 1806; x_wconf 85' lang='grc' dir='ltr'><strong>πρῶτα</strong></span> <span class='ocrx_word' id='word_1_121' title='bbox 1625 1738 1724 1805; x_wconf 83' lang='grc' dir='ltr'><strong>μὲν</strong></span> 
     </span>
    </p>
   </div>
   <div class='ocr_carea' id='block_1_19' title="bbox 157 1816 1722 1897">
    <p class='ocr_par' dir='ltr' id='par_1_19' title="bbox 157 1816 1722 1897">
     <span class='ocr_line' id='line_1_19' title="bbox 157 1816 1722 1897; baseline 0.01 -31"><span class='ocrx_word' id='word_1_122' title='bbox 157 1816 397 1886; x_wconf 77' lang='grc' dir='ltr'><strong>σιδηροῖς</strong></span> <span class='ocrx_word' id='word_1_123' title='bbox 425 1817 570 1881; x_wconf 76' lang='grc' dir='ltr'><strong>ὄνυξι</strong></span> <span class='ocrx_word' id='word_1_124' title='bbox 600 1818 877 1882; x_wconf 81' lang='grc' dir='ltr'><strong>διαξαίνει.</strong></span> <span class='ocrx_word' id='word_1_125' title='bbox 923 1822 1143 1893; x_wconf 78' lang='grc' dir='ltr'><strong>Ἐπειδὴ</strong></span> <span class='ocrx_word' id='word_1_126' title='bbox 1171 1825 1226 1876; x_wconf 85' lang='grc' dir='ltr'><strong>δὲ</strong></span> <span class='ocrx_word' id='word_1_127' title='bbox 1269 1827 1300 1894; x_wconf 82' lang='grc' dir='ltr'>ή</span> <span class='ocrx_word' id='word_1_128' title='bbox 1358 1827 1454 1893; x_wconf 84' lang='grc' dir='ltr'><strong>μὲν</strong></span> <span class='ocrx_word' id='word_1_129' title='bbox 1492 1829 1722 1897; x_wconf 81' lang='grc' dir='ltr'><strong>βάσανος</strong></span> 
     </span>
    </p>
   </div>
   <div class='ocr_carea' id='block_1_20' title="bbox 155 1907 1719 1996">
    <p class='ocr_par' dir='ltr' id='par_1_20' title="bbox 155 1907 1719 1989">
     <span class='ocr_line' id='line_1_20' title="bbox 155 1907 1719 1989; baseline 0.012 -34"><span class='ocrx_word' id='word_1_130' title='bbox 155 1907 251 1956; x_wconf 74' lang='grc' dir='ltr'><strong>καὶ</strong></span> <span class='ocrx_word' id='word_1_131' title='bbox 281 1907 389 1959; x_wconf 86' lang='grc' dir='ltr'><strong>τῶν</strong></span> <span class='ocrx_word' id='word_1_132' title='bbox 417 1907 618 1960; x_wconf 79' lang='grc' dir='ltr'><strong>ὀστέων</strong></span> <span class='ocrx_word' id='word_1_133' title='bbox 648 1911 828 1963; x_wconf 82' lang='grc' dir='ltr'><strong>αὐτῶν</strong></span> <span class='ocrx_word' id='word_1_134' title='bbox 861 1913 1186 1977; x_wconf 82' lang='grc' dir='ltr'><strong>καθικνεῖτο,</strong></span> <span class='ocrx_word' id='word_1_135' title='bbox 1239 1919 1264 1968; x_wconf 83' lang='grc' dir='ltr'><em>ὁ</em></span> <span class='ocrx_word' id='word_1_136' title='bbox 1323 1917 1378 1970; x_wconf 83' lang='grc' dir='ltr'><strong>δὲ</strong></span> <span class='ocrx_word' id='word_1_137' title='bbox 1430 1919 1719 1989; x_wconf 79' lang='grc' dir='ltr'><strong>σύμμαχον</strong></span> 
     </span>
    </p>
   </div>
   <div class='ocr_carea' id='block_1_21' title="bbox 154 2000 1717 2084">
    <p class='ocr_par' dir='ltr' id='par_1_21' title="bbox 154 2000 1717 2084">
     <span class='ocr_line' id='line_1_21' title="bbox 154 2000 1717 2084; baseline 0.011 -34"><span class='ocrx_word' id='word_1_138' title='bbox 154 2000 362 2066; x_wconf 79' lang='grc' dir='ltr'><strong>ἀγαθὸν</strong></span> <span class='ocrx_word' id='word_1_139' title='bbox 388 2002 444 2054; x_wconf 77' lang='grc' dir='ltr'><strong>τὸ</strong></span> <span class='ocrx_word' id='word_1_140' title='bbox 483 2001 634 2053; x_wconf 87' lang='grc' dir='ltr'><strong>Θεῖον</strong></span> <span class='ocrx_word' id='word_1_141' title='bbox 676 2005 880 2070; x_wconf 80' lang='grc' dir='ltr'><strong>ἐκάλει,</strong></span> <span class='ocrx_word' id='word_1_142' title='bbox 922 2007 1014 2059; x_wconf 81' lang='grc' dir='ltr'><strong>καὶ</strong></span> <span class='ocrx_word' id='word_1_143' title='bbox 1058 2009 1306 2082; x_wconf 79' lang='grc' dir='ltr'><strong>καθάπερ</strong></span> <span class='ocrx_word' id='word_1_144' title='bbox 1341 2013 1447 2065; x_wconf 72' lang='grc' dir='ltr'><strong>ἀπὸ</strong></span> <span class='ocrx_word' id='word_1_145' title='bbox 1498 2013 1717 2084; x_wconf 76' lang='grc' dir='ltr'><strong>σιδήρου</strong></span> 
     </span>
    </p>
   </div>
   <div class='ocr_carea' id='block_1_22' title="bbox 157 2091 1718 2175">
    <p class='ocr_par' dir='ltr' id='par_1_22' title="bbox 157 2091 1718 2175">
     <span class='ocr_line' id='line_1_22' title="bbox 157 2091 1718 2175; baseline 0.01 -34"><span class='ocrx_word' id='word_1_146' title='bbox 157 2093 516 2159; x_wconf 75' lang='grc' dir='ltr'><strong>συγκείμενον</strong></span> <span class='ocrx_word' id='word_1_147' title='bbox 571 2091 710 2160; x_wconf 76' lang='grc' dir='ltr'><strong>ἔχων</strong></span> <span class='ocrx_word' id='word_1_148' title='bbox 758 2094 820 2146; x_wconf 88' lang='grc' dir='ltr'><strong>τὸ</strong></span> <span class='ocrx_word' id='word_1_149' title='bbox 860 2095 1039 2164; x_wconf 77' lang='grc' dir='ltr'><strong>σῶμα,</strong></span> <span class='ocrx_word' id='word_1_150' title='bbox 1094 2099 1234 2152; x_wconf 72' lang='grc' dir='ltr'><strong>οὕτω</strong></span> <span class='ocrx_word' id='word_1_151' title='bbox 1285 2103 1500 2169; x_wconf 75' lang='grc' dir='ltr'><strong>κούφως</strong></span> <span class='ocrx_word' id='word_1_152' title='bbox 1557 2105 1718 2175; x_wconf 75' lang='grc' dir='ltr'><strong>ἔφερε</strong></span> 
     </span>
    </p>
   </div>
   <div class='ocr_carea' id='block_1_23' title="bbox 155 2179 1720 2262">
    <p class='ocr_par' dir='ltr' id='par_1_23' title="bbox 155 2179 1720 2262">
     <span class='ocr_line' id='line_1_23' title="bbox 155 2179 1720 2262; baseline 0.012 -33"><span class='ocrx_word' id='word_1_153' title='bbox 155 2179 252 2229; x_wconf 79' lang='grc' dir='ltr'><strong>καὶ</strong></span> <span class='ocrx_word' id='word_1_154' title='bbox 281 2179 388 2231; x_wconf 86' lang='grc' dir='ltr'><strong>τῶν</strong></span> <span class='ocrx_word' id='word_1_155' title='bbox 423 2179 654 2242; x_wconf 77' lang='grc' dir='ltr'><strong>ζεόντων</strong></span> <span class='ocrx_word' id='word_1_156' title='bbox 685 2183 1060 2255; x_wconf 84' lang='grc' dir='ltr'><strong>άπαϐέστερος</strong></span> <span class='ocrx_word' id='word_1_157' title='bbox 1089 2183 1178 2258; x_wconf 76' lang='grc' dir='ltr'><strong>ἦν,</strong></span> <span class='ocrx_word' id='word_1_158' title='bbox 1217 2190 1304 2258; x_wconf 81' lang='grc' dir='ltr'><strong>ἐφ’</strong></span> <span class='ocrx_word' id='word_1_159' title='bbox 1335 2191 1496 2262; x_wconf 82' lang='grc' dir='ltr'><strong>ἕτερα</strong></span> <span class='ocrx_word' id='word_1_160' title='bbox 1541 2195 1720 2258; x_wconf 62' lang='lat' dir='ltr'><strong>Mati-.-</strong></span> 
     </span>
    </p>
   </div>
   <div class='ocr_carea' id='block_1_24' title="bbox 164 2271 1719 2355">
    <p class='ocr_par' dir='ltr' id='par_1_24' title="bbox 164 2271 1719 2355">
     <span class='ocr_line' id='line_1_24' title="bbox 164 2271 1719 2355; baseline 0.015 -38"><span class='ocrx_word' id='word_1_161' title='bbox 164 2271 356 2338; x_wconf 74' lang='grc' dir='ltr'><strong>μιανὸς</strong></span> <span class='ocrx_word' id='word_1_162' title='bbox 383 2272 542 2324; x_wconf 81' lang='grc' dir='ltr'><strong>πάλιν</strong></span> <span class='ocrx_word' id='word_1_163' title='bbox 570 2274 846 2344; x_wconf 76' lang='grc' dir='ltr'><strong>ἐτρέπετο,</strong></span> <span class='ocrx_word' id='word_1_164' title='bbox 872 2281 966 2332; x_wconf 71' lang='grc' dir='ltr'><strong>καὶ</strong></span> <span class='ocrx_word' id='word_1_165' title='bbox 997 2279 1337 2351; x_wconf 74' lang='grc' dir='ltr'><strong>ὑποδήμασιν</strong></span> <span class='ocrx_word' id='word_1_166' title='bbox 1366 2286 1515 2355; x_wconf 75' lang='grc' dir='ltr'><strong>ἥλοις</strong></span> <span class='ocrx_word' id='word_1_167' title='bbox 1542 2287 1719 2351; x_wconf 80' lang='grc' dir='ltr'><strong>ὅξεσιν</strong></span> 
     </span>
    </p>
   </div>
   <div class='ocr_carea' id='block_1_25' title="bbox 157 2363 1717 2447">
    <p class='ocr_par' dir='ltr' id='par_1_25' title="bbox 157 2363 1717 2447">
     <span class='ocr_line' id='line_1_25' title="bbox 157 2363 1717 2447; baseline 0.014 -37"><span class='ocrx_word' id='word_1_168' title='bbox 157 2363 609 2432; x_wconf 66' lang='grc' dir='ltr'><strong>ἐμπεπαρμένοις</strong></span> <span class='ocrx_word' id='word_1_169' title='bbox 639 2367 729 2420; x_wconf 69' lang='grc' dir='ltr'><strong>τὸν</strong></span> <span class='ocrx_word' id='word_1_170' title='bbox 751 2368 986 2438; x_wconf 83' lang='grc' dir='ltr'><strong>ἀθλητὴν</strong></span> <span class='ocrx_word' id='word_1_171' title='bbox 1022 2373 1225 2436; x_wconf 78' lang='grc' dir='ltr'><strong>ὑποδεῖ,</strong></span> <span class='ocrx_word' id='word_1_172' title='bbox 1261 2377 1352 2428; x_wconf 70' lang='grc' dir='ltr'><strong>καὶ</strong></span> <span class='ocrx_word' id='word_1_173' title='bbox 1376 2378 1583 2441; x_wconf 81' lang='grc' dir='ltr'><strong>τούτοις</strong></span> <span class='ocrx_word' id='word_1_174' title='bbox 1617 2380 1717 2447; x_wconf 81' lang='grc' dir='ltr'><strong>ἐμ-</strong></span> 
     </span>
    </p>
   </div>
   <div class='ocr_carea' id='block_1_26' title="bbox 152 2457 1723 2541">
    <p class='ocr_par' dir='ltr' id='par_1_26' title="bbox 152 2457 1723 2541">
     <span class='ocr_line' id='line_1_26' title="bbox 152 2457 1723 2541; baseline 0.014 -39"><span class='ocrx_word' id='word_1_175' title='bbox 152 2457 698 2522; x_wconf 32' lang='grc' dir='ltr'><strong>περιπατεῖν-αὺτὸν</strong></span> <span class='ocrx_word' id='word_1_176' title='bbox 755 2461 1075 2527; x_wconf 78' lang='grc' dir='ltr'><strong>ἀναγκάζει.</strong></span> <span class='ocrx_word' id='word_1_177' title='bbox 1121 2465 1178 2516; x_wconf 88' lang='grc'><strong>’0</strong></span> <span class='ocrx_word' id='word_1_178' title='bbox 1231 2467 1286 2518; x_wconf 85' lang='grc' dir='ltr'><strong>δὲ</strong></span> <span class='ocrx_word' id='word_1_179' title='bbox 1329 2468 1404 2530; x_wconf 86' lang='grc' dir='ltr'><strong>ὡς</strong></span> <span class='ocrx_word' id='word_1_180' title='bbox 1453 2471 1544 2522; x_wconf 74' lang='grc' dir='ltr'><strong>ἐπὶ</strong></span> <span class='ocrx_word' id='word_1_181' title='bbox 1597 2471 1723 2541; x_wconf 74' lang='grc' dir='ltr'><strong>ῥόδα</strong></span> 
     </span>
    </p>
   </div>
   <div class='ocr_carea' id='block_1_27' title="bbox 154 2545 1721 2624">
    <p class='ocr_par' dir='ltr' id='par_1_27' title="bbox 154 2545 1721 2624">
     <span class='ocr_line' id='line_1_27' title="bbox 154 2545 1721 2624; baseline 0.011 -28"><span class='ocrx_word' id='word_1_182' title='bbox 154 2545 363 2613; x_wconf 75' lang='grc' dir='ltr'><strong>μᾶλλον</strong></span> <span class='ocrx_word' id='word_1_183' title='bbox 387 2547 597 2617; x_wconf 75' lang='grc' dir='ltr'><strong>ἔτρεχε,</strong></span> <span class='ocrx_word' id='word_1_184' title='bbox 635 2553 728 2601; x_wconf 79' lang='grc' dir='ltr'><strong>καὶ</strong></span> <span class='ocrx_word' id='word_1_185' title='bbox 752 2551 961 2620; x_wconf 74' lang='grc' dir='ltr'><strong>ῥύακας</strong></span> <span class='ocrx_word' id='word_1_186' title='bbox 990 2553 1130 2622; x_wconf 73' lang='grc' dir='ltr'><strong>ὀρῶν</strong></span> <span class='ocrx_word' id='word_1_187' title='bbox 1160 2557 1383 2624; x_wconf 79' lang='grc' dir='ltr'><strong>αἵματος</strong></span> <span class='ocrx_word' id='word_1_188' title='bbox 1410 2560 1516 2612; x_wconf 88' lang='grc' dir='ltr'><strong>τῶν</strong></span> <span class='ocrx_word' id='word_1_189' title='bbox 1547 2561 1721 2613; x_wconf 77' lang='grc' dir='ltr'><strong>ποδῶν</strong></span> 
     </span>
    </p>
   </div>
   <div class='ocr_carea' id='block_1_28' title="bbox 153 2637 1720 2718">
    <p class='ocr_par' dir='ltr' id='par_1_28' title="bbox 153 2637 1720 2718">
     <span class='ocr_line' id='line_1_28' title="bbox 153 2637 1720 2718; baseline 0.013 -33"><span class='ocrx_word' id='word_1_190' title='bbox 153 2637 408 2688; x_wconf 82' lang='grc' dir='ltr'><strong>κατιόντα</strong></span> <span class='ocrx_word' id='word_1_191' title='bbox 427 2657 464 2700; x_wconf 62' lang='grc' dir='ltr'><strong>ς,</strong></span> <span class='ocrx_word' id='word_1_192' title='bbox 522 2640 898 2709; x_wconf 72' lang='grc' dir='ltr'><strong>περιρῥεῖσθαί</strong></span> <span class='ocrx_word' id='word_1_193' title='bbox 925 2661 1030 2696; x_wconf 86' lang='grc' dir='ltr'><strong>τινι</strong></span> <span class='ocrx_word' id='word_1_194' title='bbox 1064 2646 1170 2699; x_wconf 84' lang='grc' dir='ltr'><strong>τῶν</strong></span> <span class='ocrx_word' id='word_1_195' title='bbox 1203 2648 1371 2718; x_wconf 74' lang='grc' dir='ltr'><strong>ἡδέων</strong></span> <span class='ocrx_word' id='word_1_196' title='bbox 1406 2651 1600 2716; x_wconf 73' lang='grc' dir='ltr'><strong>ἐδόκει,</strong></span> <span class='ocrx_word' id='word_1_197' title='bbox 1628 2653 1720 2706; x_wconf 72' lang='grc' dir='ltr'><strong>καὶ</strong></span> 
     </span>
    </p>
   </div>
   <div class='ocr_carea' id='block_1_29' title="bbox 151 2727 1722 2813">
    <p class='ocr_par' dir='ltr' id='par_1_29' title="bbox 151 2727 1722 2813">
     <span class='ocr_line' id='line_1_29' title="bbox 151 2727 1722 2813; baseline 0.014 -37"><span class='ocrx_word' id='word_1_198' title='bbox 151 2727 281 2787; x_wconf 73' lang='grc' dir='ltr'><strong>τοὺς</strong></span> <span class='ocrx_word' id='word_1_199' title='bbox 311 2727 403 2778; x_wconf 82' lang='grc' dir='ltr'><strong>τοῦ</strong></span> <span class='ocrx_word' id='word_1_200' title='bbox 429 2729 696 2798; x_wconf 88' lang='grc' dir='ltr'><strong>τυράννου</strong></span> <span class='ocrx_word' id='word_1_201' title='bbox 723 2736 816 2784; x_wconf 79' lang='grc' dir='ltr'><strong>καὶ</strong></span> <span class='ocrx_word' id='word_1_202' title='bbox 840 2734 948 2786; x_wconf 86' lang='grc' dir='ltr'><strong>τῶν</strong></span> <span class='ocrx_word' id='word_1_203' title='bbox 976 2739 1355 2807; x_wconf 69' lang='grc' dir='ltr'><strong>περιεστώτων</strong></span> <span class='ocrx_word' id='word_1_204' title='bbox 1381 2742 1722 2813; x_wconf 68' lang='grc' dir='ltr'><strong>χλευασμοὺς</strong></span> 
     </span>
    </p>
   </div>
   <div class='ocr_carea' id='block_1_30' title="bbox 152 2819 1720 2906">
    <p class='ocr_par' dir='ltr' id='par_1_30' title="bbox 152 2819 1720 2906">
     <span class='ocr_line' id='line_1_30' title="bbox 152 2819 1720 2906; baseline 0.011 -34"><span class='ocrx_word' id='word_1_205' title='bbox 152 2819 433 2888; x_wconf 76' lang='grc' dir='ltr'><strong>εύφημὶαν</strong></span> <span class='ocrx_word' id='word_1_206' title='bbox 458 2824 663 2890; x_wconf 85' lang='grc' dir='ltr'><strong>ἡγεῖτο.</strong></span> <span class='ocrx_word' id='word_1_207' title='bbox 699 2827 805 2879; x_wconf 78' lang='grc' dir='ltr'><strong>Καὶ</strong></span> <span class='ocrx_word' id='word_1_208' title='bbox 839 2827 1236 2895; x_wconf 77' lang='grc' dir='ltr'><strong>ἐκαλλωπίζετο</strong></span> <span class='ocrx_word' id='word_1_209' title='bbox 1267 2834 1437 2906; x_wconf 84' lang='grc' dir='ltr'><strong>ταύτῃ</strong></span> <span class='ocrx_word' id='word_1_210' title='bbox 1469 2837 1668 2903; x_wconf 81' lang='grc' dir='ltr'><strong>μᾶλλον</strong></span> <span class='ocrx_word' id='word_1_211' title='bbox 1694 2840 1720 2890; x_wconf 84' lang='grc' dir='ltr'><em>ὁ</em></span> 
     </span>
    </p>
   </div>
   <div class='ocr_carea' id='block_1_31' title="bbox 151 2911 1719 2995">
    <p class='ocr_par' dir='ltr' id='par_1_31' title="bbox 151 2911 1719 2995">
     <span class='ocr_line' id='line_1_31' title="bbox 151 2911 1719 2995; baseline -0.004 -12"><span class='ocrx_word' id='word_1_212' title='bbox 151 2911 400 2981; x_wconf 73' lang='grc' dir='ltr'><strong>ἀθλητὴς</strong></span> <span class='ocrx_word' id='word_1_213' title='bbox 437 2913 467 2982; x_wconf 80' lang='grc' dir='ltr'>ἢ</span> <span class='ocrx_word' id='word_1_214' title='bbox 496 2918 559 2984; x_wconf 77' lang='grc' dir='ltr'><strong>τῇ</strong></span> <span class='ocrx_word' id='word_1_215' title='bbox 589 2915 820 2986; x_wconf 79' lang='grc' dir='ltr'><strong>χλαμύδι</strong></span> <span class='ocrx_word' id='word_1_216' title='bbox 859 2922 1067 2984; x_wconf 80' lang='grc' dir='ltr'><strong>ἐκεῖνος</strong></span> <span class='ocrx_word' id='word_1_217' title='bbox 1092 2924 1186 2975; x_wconf 83' lang='grc' dir='ltr'><strong>τοῦ</strong></span> <span class='ocrx_word' id='word_1_218' title='bbox 1229 2927 1559 2995; x_wconf 80' lang='grc' dir='ltr'><strong>ἀξιώματος.</strong></span> <span class='ocrx_word' id='word_1_219' title='bbox 1590 2926 1719 2983; x_wconf 74' lang='grc' dir='ltr'><strong>Εἶτα</strong></span> 
     </span>
    </p>
   </div>
   <div class='ocr_carea' id='block_1_32' title="bbox 152 3007 1716 3090">
    <p class='ocr_par' dir='ltr' id='par_1_32' title="bbox 152 3007 1716 3090">
     <span class='ocr_line' id='line_1_32' title="bbox 152 3007 1716 3090; baseline 0.013 -36"><span class='ocrx_word' id='word_1_220' title='bbox 152 3007 688 3075; x_wconf 79' lang='grc' dir='ltr'><strong>κατειρωνευόμενος</strong></span> <span class='ocrx_word' id='word_1_221' title='bbox 766 3011 931 3064; x_wconf 77' lang='grc' dir='ltr'><strong>αὐτοῦ</strong></span> <span class='ocrx_word' id='word_1_222' title='bbox 1005 3015 1381 3085; x_wconf 67' lang='grc' dir='ltr'><strong>Μαξιμιανόςδ</strong></span> <span class='ocrx_word' id='word_1_223' title='bbox 1451 3021 1716 3090; x_wconf 75' lang='grc' dir='ltr'><strong>Αὔλησον,</strong></span> 
     </span>
    </p>
   </div>
   <div class='ocr_carea' id='block_1_33' title="bbox 155 3095 1714 3180">
    <p class='ocr_par' dir='ltr' id='par_1_33' title="bbox 155 3095 1714 3180">
     <span class='ocr_line' id='line_1_33' title="bbox 155 3095 1714 3180; baseline 0.015 -36"><span class='ocrx_word' id='word_1_224' title='bbox 155 3097 314 3162; x_wconf 67' lang='grc' dir='ltr'><strong>φησι,</strong></span> <span class='ocrx_word' id='word_1_225' title='bbox 364 3095 580 3163; x_wconf 81' lang='grc' dir='ltr'><strong>Σώζων,</strong></span> <span class='ocrx_word' id='word_1_226' title='bbox 626 3099 815 3168; x_wconf 70' lang='grc' dir='ltr'><strong>αὔριον</strong></span> <span class='ocrx_word' id='word_1_227' title='bbox 861 3104 1110 3178; x_wconf 80' lang='grc' dir='ltr'><strong>ἐξιούσης</strong></span> <span class='ocrx_word' id='word_1_228' title='bbox 1143 3109 1243 3178; x_wconf 78' lang='grc' dir='ltr'><strong>τῆς</strong></span> <span class='ocrx_word' id='word_1_229' title='bbox 1281 3111 1518 3180; x_wconf 77' lang='grc' dir='ltr'><strong>μεγάλης</strong></span> <span class='ocrx_word' id='word_1_230' title='bbox 1566 3113 1714 3180; x_wconf 77' lang='grc' dir='ltr'><strong>θεᾶς,</strong></span> 
     </span>
    </p>
   </div>
   <div class='ocr_carea' id='block_1_34' title="bbox 1831 621 3396 701">
    <p class='ocr_par' dir='ltr' id='par_1_34' title="bbox 1831 621 3396 701">
     <span class='ocr_line' id='line_1_34' title="bbox 1831 621 3396 701; baseline 0.009 -26"><span class='ocrx_word' id='word_1_231' title='bbox 1831 621 2054 688; x_wconf 83' lang='lat' dir='ltr'><strong>tionem,</strong></span> <span class='ocrx_word' id='word_1_232' title='bbox 2083 625 2266 682; x_wconf 88' lang='lat' dir='ltr'><strong>missis</strong></span> <span class='ocrx_word' id='word_1_233' title='bbox 2305 625 2389 683; x_wconf 86' lang='lat' dir='ltr'><strong>his</strong></span> <span class='ocrx_word' id='word_1_234' title='bbox 2437 627 2613 697; x_wconf 91' lang='lat' dir='ltr'><strong>nugis,</strong></span> <span class='ocrx_word' id='word_1_235' title='bbox 2646 643 2800 684; x_wconf 86' lang='lat' dir='ltr'><strong>serva</strong></span> <span class='ocrx_word' id='word_1_236' title='bbox 2839 637 2894 686; x_wconf 90' lang='lat' dir='ltr'><strong>te</strong></span> <span class='ocrx_word' id='word_1_237' title='bbox 2950 630 3149 701; x_wconf 91' lang='lat' dir='ltr'><strong>ipsum,</strong></span> <span class='ocrx_word' id='word_1_238' title='bbox 3195 631 3396 700; x_wconf 85' lang='lat' dir='ltr'><strong>Sozon,</strong></span> 
     </span>
    </p>
   </div>
   <div class='ocr_carea' id='block_1_35' title="bbox 1830 717 3396 792">
    <p class='ocr_par' dir='ltr' id='par_1_35' title="bbox 1830 717 3396 792">
     <span class='ocr_line' id='line_1_35' title="bbox 1830 717 3396 792; baseline 0.006 -23"><span class='ocrx_word' id='word_1_239' title='bbox 1830 724 1884 769; x_wconf 91' lang='lat' dir='ltr'><strong>et</strong></span> <span class='ocrx_word' id='word_1_240' title='bbox 1932 717 2202 772; x_wconf 82' lang='lat' dir='ltr'><strong>accedens</strong></span> <span class='ocrx_word' id='word_1_241' title='bbox 2253 718 2360 774; x_wconf 90' lang='lat' dir='ltr'><strong>diis</strong></span> <span class='ocrx_word' id='word_1_242' title='bbox 2404 719 2671 774; x_wconf 81' lang='lat' dir='ltr'><strong>sacriﬁca.</strong></span> <span class='ocrx_word' id='word_1_243' title='bbox 2721 721 2790 774; x_wconf 87' lang='lat' dir='ltr'><strong>Et</strong></span> <span class='ocrx_word' id='word_1_244' title='bbox 2848 721 3138 791; x_wconf 86' lang='lat' dir='ltr'><strong>quomodo.</strong></span> <span class='ocrx_word' id='word_1_245' title='bbox 3195 723 3396 792; x_wconf 90' lang='lat' dir='ltr'><strong>inquit,</strong></span> 
     </span>
    </p>
   </div>
   <div class='ocr_carea' id='block_1_36' title="bbox 1828 810 3395 882">
    <p class='ocr_par' dir='ltr' id='par_1_36' title="bbox 1828 810 3395 882">
     <span class='ocr_line' id='line_1_36' title="bbox 1828 810 3395 882; baseline 0.004 -22"><span class='ocrx_word' id='word_1_246' title='bbox 1828 821 1938 861; x_wconf 91' lang='lat' dir='ltr'><strong>non</strong></span> <span class='ocrx_word' id='word_1_247' title='bbox 1979 821 2155 862; x_wconf 89' lang='lat' dir='ltr'><strong>essem</strong></span> <span class='ocrx_word' id='word_1_248' title='bbox 2193 810 2278 864; x_wconf 90' lang='lat' dir='ltr'><strong>vel</strong></span> <span class='ocrx_word' id='word_1_249' title='bbox 2321 810 2438 879; x_wconf 90' lang='lat' dir='ltr'><strong>ipso</strong></span> <span class='ocrx_word' id='word_1_250' title='bbox 2485 819 2668 865; x_wconf 87' lang='lat' dir='ltr'><strong>vestro</strong></span> <span class='ocrx_word' id='word_1_251' title='bbox 2696 811 2799 866; x_wconf 90' lang='lat' dir='ltr'><strong>deo</strong></span> <span class='ocrx_word' id='word_1_252' title='bbox 2834 811 3018 865; x_wconf 88' lang='lat' dir='ltr'><strong>minus</strong></span> <span class='ocrx_word' id='word_1_253' title='bbox 3049 828 3213 867; x_wconf 92' lang='lat' dir='ltr'><strong>sensu</strong></span> <span class='ocrx_word' id='word_1_254' title='bbox 3254 829 3395 882; x_wconf 77' lang='lat' dir='ltr'><strong>pra:-</strong></span> 
     </span>
    </p>
   </div>
   <div class='ocr_carea' id='block_1_37' title="bbox 1828 898 3400 974">
    <p class='ocr_par' dir='ltr' id='par_1_37' title="bbox 1828 898 3400 974">
     <span class='ocr_line' id='line_1_37' title="bbox 1828 898 3400 974; baseline 0.004 -23"><span class='ocrx_word' id='word_1_255' title='bbox 1828 898 1995 965; x_wconf 90' lang='lat' dir='ltr'><strong>ditus,</strong></span> <span class='ocrx_word' id='word_1_256' title='bbox 2033 901 2076 954; x_wconf 89' lang='lat' dir='ltr'><strong>si</strong></span> <span class='ocrx_word' id='word_1_257' title='bbox 2144 918 2266 956; x_wconf 89' lang='lat' dir='ltr'><strong>eum</strong></span> <span class='ocrx_word' id='word_1_258' title='bbox 2331 911 2625 958; x_wconf 80' lang='lat' dir='ltr'><strong>statuerem</strong></span> <span class='ocrx_word' id='word_1_259' title='bbox 2657 905 2855 971; x_wconf 81' lang='lat' dir='ltr'><strong>colere,</strong></span> <span class='ocrx_word' id='word_1_260' title='bbox 2883 904 2972 974; x_wconf 89' lang='lat' dir='ltr'><strong>qui</strong></span> <span class='ocrx_word' id='word_1_261' title='bbox 3003 919 3103 963; x_wconf 80' lang='lat' dir='ltr'><strong>nec</strong></span> <span class='ocrx_word' id='word_1_262' title='bbox 3134 906 3177 959; x_wconf 88' lang='lat' dir='ltr'><strong>si</strong></span> <span class='ocrx_word' id='word_1_263' title='bbox 3217 907 3266 960; x_wconf 90' lang='lat' dir='ltr'><strong>ei</strong></span> <span class='ocrx_word' id='word_1_264' title='bbox 3304 905 3400 959; x_wconf 84' lang='lat' dir='ltr'><strong>ali-</strong></span> 
     </span>
    </p>
   </div>
   <div class='ocr_carea' id='block_1_38' title="bbox 1826 992 3398 1067">
    <p class='ocr_par' dir='ltr' id='par_1_38' title="bbox 1826 992 3398 1067">
     <span class='ocr_line' id='line_1_38' title="bbox 1826 992 3398 1067; baseline 0.003 -24"><span class='ocrx_word' id='word_1_265' title='bbox 1826 993 1957 1062; x_wconf 84' lang='lat' dir='ltr'><strong>quid</strong></span> <span class='ocrx_word' id='word_1_266' title='bbox 1987 992 2100 1060; x_wconf 86' lang='lat' dir='ltr'><strong>tiat,</strong></span> <span class='ocrx_word' id='word_1_267' title='bbox 2134 1009 2193 1049; x_wconf 89' lang='lat' dir='ltr'><strong>se</strong></span> <span class='ocrx_word' id='word_1_268' title='bbox 2240 1003 2420 1064; x_wconf 77' lang='lat' dir='ltr'><strong>potest</strong></span> <span class='ocrx_word' id='word_1_269' title='bbox 2471 997 2785 1061; x_wconf 78' lang='lat' dir='ltr'><strong>defendere,</strong></span> <span class='ocrx_word' id='word_1_270' title='bbox 2844 1012 3016 1067; x_wconf 88' lang='lat' dir='ltr'><strong>neque</strong></span> <span class='ocrx_word' id='word_1_271' title='bbox 3066 1012 3252 1053; x_wconf 88' lang='lat' dir='ltr'><strong>vocem</strong></span> <span class='ocrx_word' id='word_1_272' title='bbox 3297 998 3398 1050; x_wconf 84' lang='lat' dir='ltr'><strong>ali-</strong></span> 
     </span>
    </p>
   </div>
   <div class='ocr_carea' id='block_1_39' title="bbox 1826 1088 3396 1157">
    <p class='ocr_par' dir='ltr' id='par_1_39' title="bbox 1826 1088 3396 1157">
     <span class='ocr_line' id='line_1_39' title="bbox 1826 1088 3396 1157; baseline 0 -17"><span class='ocrx_word' id='word_1_273' title='bbox 1826 1102 1988 1156; x_wconf 84' lang='lat' dir='ltr'><strong>quam</strong></span> <span class='ocrx_word' id='word_1_274' title='bbox 2035 1088 2308 1152; x_wconf 84' lang='lat' dir='ltr'><strong>emittere,</strong></span> <span class='ocrx_word' id='word_1_275' title='bbox 2344 1103 2521 1157; x_wconf 89' lang='lat' dir='ltr'><strong>ueque</strong></span> <span class='ocrx_word' id='word_1_276' title='bbox 2566 1104 2762 1143; x_wconf 88' lang='lat' dir='ltr'><strong>vocare</strong></span> <span class='ocrx_word' id='word_1_277' title='bbox 2797 1104 2891 1144; x_wconf 88' lang='lat' dir='ltr'><strong>eos</strong></span> <span class='ocrx_word' id='word_1_278' title='bbox 2932 1089 3025 1157; x_wconf 89' lang='lat' dir='ltr'><strong>qui</strong></span> <span class='ocrx_word' id='word_1_279' title='bbox 3066 1089 3177 1142; x_wconf 89' lang='lat' dir='ltr'><strong>sint</strong></span> <span class='ocrx_word' id='word_1_280' title='bbox 3239 1103 3396 1157; x_wconf 85' lang='lat' dir='ltr'><strong>opem</strong></span> 
     </span>
    </p>
   </div>
   <div class='ocr_carea' id='block_1_40' title="bbox 1825 1177 3396 1249">
    <p class='ocr_par' dir='ltr' id='par_1_40' title="bbox 1825 1177 3396 1249">
     <span class='ocr_line' id='line_1_40' title="bbox 1825 1177 3396 1249; baseline 0.001 -19"><span class='ocrx_word' id='word_1_281' title='bbox 1825 1177 2009 1244; x_wconf 89' lang='lat' dir='ltr'><strong>laturi,</strong></span> <span class='ocrx_word' id='word_1_282' title='bbox 2040 1194 2238 1249; x_wconf 87' lang='lat' dir='ltr'><strong>neque,</strong></span> <span class='ocrx_word' id='word_1_283' title='bbox 2279 1181 2423 1249; x_wconf 91' lang='lat' dir='ltr'><strong>quod</strong></span> <span class='ocrx_word' id='word_1_284' title='bbox 2465 1189 2546 1234; x_wconf 87' lang='lat' dir='ltr'><strong>est</strong></span> <span class='ocrx_word' id='word_1_285' title='bbox 2583 1179 2822 1234; x_wconf 87' lang='lat' dir='ltr'><strong>omnium</strong></span> <span class='ocrx_word' id='word_1_286' title='bbox 2848 1180 3235 1243; x_wconf 87' lang='lat' dir='ltr'><strong>miserrimum,</strong></span> <span class='ocrx_word' id='word_1_287' title='bbox 3262 1194 3396 1247; x_wconf 87' lang='lat' dir='ltr'><strong>qua-</strong></span> 
     </span>
    </p>
   </div>
   <div class='ocr_carea' id='block_1_41' title="bbox 1825 1269 3396 1340">
    <p class='ocr_par' dir='ltr' id='par_1_41' title="bbox 1825 1269 3396 1340">
     <span class='ocr_line' id='line_1_41' title="bbox 1825 1269 3396 1340; baseline 0.003 -19"><span class='ocrx_word' id='word_1_288' title='bbox 1825 1269 1895 1323; x_wconf 87' lang='lat' dir='ltr'><strong>lia</strong></span> <span class='ocrx_word' id='word_1_289' title='bbox 1928 1271 2184 1338; x_wconf 86' lang='lat' dir='ltr'><strong>patiatur,</strong></span> <span class='ocrx_word' id='word_1_290' title='bbox 2264 1271 2593 1340; x_wconf 86' lang='lat' dir='ltr'><strong>protestari?</strong></span> <span class='ocrx_word' id='word_1_291' title='bbox 2632 1271 2724 1324; x_wconf 81' lang='lat' dir='ltr'><strong>Est</strong></span> <span class='ocrx_word' id='word_1_292' title='bbox 2760 1270 2966 1338; x_wconf 85' lang='lat' dir='ltr'><strong>itaque&#39;</strong></span> <span class='ocrx_word' id='word_1_293' title='bbox 2993 1270 3046 1322; x_wconf 91' lang='lat' dir='ltr'><strong>in</strong></span> <span class='ocrx_word' id='word_1_294' title='bbox 3093 1278 3182 1323; x_wconf 87' lang='lat' dir='ltr'><strong>tua</strong></span> <span class='ocrx_word' id='word_1_295' title='bbox 3239 1278 3396 1338; x_wconf 86' lang='lat' dir='ltr'><strong>pote-</strong></span> 
     </span>
    </p>
   </div>
   <div class='ocr_carea' id='block_1_42' title="bbox 1830 1360 3397 1432">
    <p class='ocr_par' dir='ltr' id='par_1_42' title="bbox 1830 1360 3397 1432">
     <span class='ocr_line' id='line_1_42' title="bbox 1830 1360 3397 1432; baseline 0 -19"><span class='ocrx_word' id='word_1_296' title='bbox 1830 1371 1994 1424; x_wconf 88' lang='lat' dir='ltr'><strong>state,</strong></span> <span class='ocrx_word' id='word_1_297' title='bbox 2027 1366 2116 1432; x_wconf 89' lang='lat' dir='ltr'><strong>qui</strong></span> <span class='ocrx_word' id='word_1_298' title='bbox 2147 1363 2261 1416; x_wconf 62' lang='lat' dir='ltr'><strong>haec</strong></span> <span class='ocrx_word' id='word_1_299' title='bbox 2287 1361 2436 1425; x_wconf 89' lang='lat' dir='ltr'><strong>colis,</strong></span> <span class='ocrx_word' id='word_1_300' title='bbox 2461 1362 2591 1416; x_wconf 86' lang='lat' dir='ltr'><strong>deos</strong></span> <span class='ocrx_word' id='word_1_301' title='bbox 2619 1362 2860 1430; x_wconf 85' lang='lat' dir='ltr'><strong>quotidie</strong></span> <span class='ocrx_word' id='word_1_302' title='bbox 2915 1361 3137 1430; x_wconf 80' lang='lat' dir='ltr'><strong>ﬁngere.</strong></span> <span class='ocrx_word' id='word_1_303' title='bbox 3165 1369 3219 1414; x_wconf 90' lang='lat' dir='ltr'><strong>et</strong></span> <span class='ocrx_word' id='word_1_304' title='bbox 3262 1360 3397 1413; x_wconf 89' lang='lat' dir='ltr'><strong>alios</strong></span> 
     </span>
    </p>
   </div>
   <div class='ocr_carea' id='block_1_43' title="bbox 1827 1445 3397 1520">
    <p class='ocr_par' dir='ltr' id='par_1_43' title="bbox 1827 1445 3397 1520">
     <span class='ocr_line' id='line_1_43' title="bbox 1827 1445 3397 1520; baseline -0.001 -19"><span class='ocrx_word' id='word_1_305' title='bbox 1827 1463 2014 1502; x_wconf 88' lang='lat' dir='ltr'><strong>rursus</strong></span> <span class='ocrx_word' id='word_1_306' title='bbox 2042 1450 2323 1520; x_wconf 80' lang='lat' dir='ltr'><strong>reﬁngere.</strong></span> <span class='ocrx_word' id='word_1_307' title='bbox 2354 1465 2475 1503; x_wconf 92' lang='lat' dir='ltr'><strong>cum</strong></span> <span class='ocrx_word' id='word_1_308' title='bbox 2507 1450 2558 1502; x_wconf 93' lang='lat' dir='ltr'><strong>iu</strong></span> <span class='ocrx_word' id='word_1_309' title='bbox 2599 1457 2714 1504; x_wconf 89' lang='lat' dir='ltr'><strong>arte</strong></span> <span class='ocrx_word' id='word_1_310' title='bbox 2740 1463 2998 1502; x_wconf 89' lang='lat' dir='ltr'><strong>manuum</strong></span> <span class='ocrx_word' id='word_1_311' title='bbox 3055 1461 3224 1518; x_wconf 88' lang='lat' dir='ltr'><strong>ponas</strong></span> <span class='ocrx_word' id='word_1_312' title='bbox 3266 1445 3397 1500; x_wconf 89' lang='lat' dir='ltr'><strong>deo-</strong></span> 
     </span>
    </p>
   </div>
   <div class='ocr_carea' id='block_1_44' title="bbox 1828 1541 2418 1596">
    <p class='ocr_par' dir='ltr' id='par_1_44' title="bbox 1828 1541 2418 1596">
     <span class='ocr_line' id='line_1_44' title="bbox 1828 1541 2418 1596; baseline 0.005 -3"><span class='ocrx_word' id='word_1_313' title='bbox 1828 1556 1945 1595; x_wconf 89' lang='lat' dir='ltr'><strong>rum</strong></span> <span class='ocrx_word' id='word_1_314' title='bbox 1981 1541 2418 1596; x_wconf 79' lang='lat' dir='ltr'><strong>fabricationem.</strong></span> 
     </span>
    </p>
   </div>
   <div class='ocr_carea' id='block_1_45' title="bbox 1900 1650 3391 1718">
    <p class='ocr_par' dir='ltr' id='par_1_45' title="bbox 1900 1650 3391 1718">
     <span class='ocr_line' id='line_1_45' title="bbox 1900 1650 3391 1718; baseline -0.001 -13"><span class='ocrx_word' id='word_1_315' title='bbox 1900 1654 1964 1709; x_wconf 82' lang='lat' dir='ltr'><strong>V.</strong></span> <span class='ocrx_word' id='word_1_316' title='bbox 2003 1654 2377 1718; x_wconf 76' lang='lat' dir='ltr'><strong>Maximianus,</strong></span> <span class='ocrx_word' id='word_1_317' title='bbox 2407 1670 2528 1709; x_wconf 90' lang='lat' dir='ltr'><strong>cum</strong></span> <span class='ocrx_word' id='word_1_318' title='bbox 2567 1655 2650 1708; x_wconf 88' lang='lat' dir='ltr'><strong>his</strong></span> <span class='ocrx_word' id='word_1_319' title='bbox 2673 1655 2722 1708; x_wconf 89' lang='lat' dir='ltr'><strong>ei</strong></span> <span class='ocrx_word' id='word_1_320' title='bbox 2765 1652 3116 1708; x_wconf 75' lang='lat' dir='ltr'><strong>eﬂ‘erbuisset</strong></span> <span class='ocrx_word' id='word_1_321' title='bbox 3149 1650 3391 1711; x_wconf 85' lang='lat' dir='ltr'><strong>animus.</strong></span> 
     </span>
    </p>
   </div>
   <div class='ocr_carea' id='block_1_46' title="bbox 1827 1743 3390 1819">
    <p class='ocr_par' dir='ltr' id='par_1_46' title="bbox 1827 1743 3390 1819">
     <span class='ocr_line' id='line_1_46' title="bbox 1827 1743 3390 1819; baseline -0.005 -16"><span class='ocrx_word' id='word_1_322' title='bbox 1827 1748 1996 1803; x_wconf 83' lang='lat' dir='ltr'><strong>tradit</strong></span> <span class='ocrx_word' id='word_1_323' title='bbox 2050 1760 2338 1819; x_wconf 79' lang='lat' dir='ltr'><strong>martyrem</strong></span> <span class='ocrx_word' id='word_1_324' title='bbox 2387 1749 2642 1818; x_wconf 84' lang='lat' dir='ltr'><strong>gravibus</strong></span> <span class='ocrx_word' id='word_1_325' title='bbox 2685 1757 2737 1802; x_wconf 91' lang='lat' dir='ltr'><strong>et</strong></span> <span class='ocrx_word' id='word_1_326' title='bbox 2784 1745 2994 1802; x_wconf 88' lang='lat' dir='ltr'><strong>acerbis</strong></span> <span class='ocrx_word' id='word_1_327' title='bbox 3042 1743 3390 1799; x_wconf 79' lang='lat' dir='ltr'><strong>cruciatibus.</strong></span> 
     </span>
    </p>
   </div>
   <div class='ocr_carea' id='block_1_47' title="bbox 1829 1835 3392 1910">
    <p class='ocr_par' dir='ltr' id='par_1_47' title="bbox 1829 1835 3392 1910">
     <span class='ocr_line' id='line_1_47' title="bbox 1829 1835 3392 1910; baseline -0.003 -17"><span class='ocrx_word' id='word_1_328' title='bbox 1829 1841 1892 1895; x_wconf 86' lang='lat' dir='ltr'><strong>Et</strong></span> <span class='ocrx_word' id='word_1_329' title='bbox 1925 1841 2161 1910; x_wconf 88' lang='lat' dir='ltr'><strong>primum</strong></span> <span class='ocrx_word' id='word_1_330' title='bbox 2197 1842 2412 1909; x_wconf 85' lang='lat' dir='ltr'><strong>quidem</strong></span> <span class='ocrx_word' id='word_1_331' title='bbox 2439 1840 2630 1896; x_wconf 80' lang='lat' dir='ltr'><strong>ferreis</strong></span> <span class='ocrx_word' id='word_1_332' title='bbox 2685 1855 2809 1893; x_wconf 91' lang='lat' dir='ltr'><strong>eum</strong></span> <span class='ocrx_word' id='word_1_333' title='bbox 2874 1838 3043 1891; x_wconf 80' lang='lat' dir='ltr'><strong>laniat</strong></span> <span class='ocrx_word' id='word_1_334' title='bbox 3102 1835 3392 1905; x_wconf 76' lang='lat' dir='ltr'><strong>unguibus.</strong></span> 
     </span>
    </p>
   </div>
   <div class='ocr_carea' id='block_1_48' title="bbox 1823 1927 3392 1997">
    <p class='ocr_par' dir='ltr' id='par_1_48' title="bbox 1823 1927 3392 1997">
     <span class='ocr_line' id='line_1_48' title="bbox 1823 1927 3392 1997; baseline -0.004 -13"><span class='ocrx_word' id='word_1_335' title='bbox 1823 1931 2084 1997; x_wconf 83' lang='lat' dir='ltr'><strong>Quoniam</strong></span> <span class='ocrx_word' id='word_1_336' title='bbox 2113 1944 2291 1987; x_wconf 88' lang='lat' dir='ltr'><strong>autem</strong></span> <span class='ocrx_word' id='word_1_337' title='bbox 2352 1931 2551 1995; x_wconf 83' lang='lat' dir='ltr'><strong>Sozon,</strong></span> <span class='ocrx_word' id='word_1_338' title='bbox 2621 1933 2719 1986; x_wconf 90' lang='lat' dir='ltr'><strong>etsi</strong></span> <span class='ocrx_word' id='word_1_339' title='bbox 2774 1939 3101 1985; x_wconf 84' lang='lat' dir='ltr'><strong>tormentum</strong></span> <span class='ocrx_word' id='word_1_340' title='bbox 3175 1927 3392 1997; x_wconf 87' lang='lat' dir='ltr'><strong>quidem</strong></span> 
     </span>
    </p>
   </div>
   <div class='ocr_carea' id='block_1_49' title="bbox 1821 2018 3393 2095">
    <p class='ocr_par' dir='ltr' id='par_1_49' title="bbox 1821 2018 3393 2095">
     <span class='ocr_line' id='line_1_49' title="bbox 1821 2018 3393 2095; baseline -0.005 -17"><span class='ocrx_word' id='word_1_341' title='bbox 1821 2026 1886 2079; x_wconf 88' lang='lat' dir='ltr'><strong>ad</strong></span> <span class='ocrx_word' id='word_1_342' title='bbox 1928 2026 2040 2095; x_wconf 90' lang='lat' dir='ltr'><strong>ipsa</strong></span> <span class='ocrx_word' id='word_1_343' title='bbox 2080 2041 2250 2094; x_wconf 89' lang='lat' dir='ltr'><strong>usque</strong></span> <span class='ocrx_word' id='word_1_344' title='bbox 2307 2041 2428 2078; x_wconf 86' lang='lat' dir='ltr'><strong>ossa</strong></span> <span class='ocrx_word' id='word_1_345' title='bbox 2477 2024 2820 2094; x_wconf 79' lang='lat' dir='ltr'><strong>pervadebat,</strong></span> <span class='ocrx_word' id='word_1_346' title='bbox 2881 2021 2968 2075; x_wconf 88' lang='lat' dir='ltr'><strong>Dei</strong></span> <span class='ocrx_word' id='word_1_347' title='bbox 3008 2031 3182 2075; x_wconf 86' lang='lat' dir='ltr'><strong>tamen</strong></span> <span class='ocrx_word' id='word_1_348' title='bbox 3241 2018 3393 2071; x_wconf 87' lang='lat' dir='ltr'><strong>invo-</strong></span> 
     </span>
    </p>
   </div>
   <div class='ocr_carea' id='block_1_50' title="bbox 1822 2110 3395 2181">
    <p class='ocr_par' dir='ltr' id='par_1_50' title="bbox 1822 2110 3395 2181">
     <span class='ocr_line' id='line_1_50' title="bbox 1822 2110 3395 2181; baseline -0.006 -9"><span class='ocrx_word' id='word_1_349' title='bbox 1822 2133 1951 2179; x_wconf 78' lang='lat' dir='ltr'><strong>cans</strong></span> <span class='ocrx_word' id='word_1_350' title='bbox 2002 2118 2283 2181; x_wconf 82' lang='lat' dir='ltr'><strong>auxilium,</strong></span> <span class='ocrx_word' id='word_1_351' title='bbox 2341 2118 2413 2171; x_wconf 84' lang='lat' dir='ltr'><strong>ita</strong></span> <span class='ocrx_word' id='word_1_352' title='bbox 2469 2117 2674 2170; x_wconf 75' lang='lat' dir='ltr'><strong>ferebat</strong></span> <span class='ocrx_word' id='word_1_353' title='bbox 2750 2114 2962 2177; x_wconf 81' lang='lat' dir='ltr'><strong>leviter,</strong></span> <span class='ocrx_word' id='word_1_354' title='bbox 3009 2121 3068 2167; x_wconf 92' lang='lat' dir='ltr'><strong>ut</strong></span> <span class='ocrx_word' id='word_1_355' title='bbox 3120 2110 3395 2164; x_wconf 76' lang='lat' dir='ltr'><strong>videretur</strong></span> 
     </span>
    </p>
   </div>
   <div class='ocr_carea' id='block_1_51' title="bbox 1823 2201 3396 2277">
    <p class='ocr_par' dir='ltr' id='par_1_51' title="bbox 1823 2201 3396 2277">
     <span class='ocr_line' id='line_1_51' title="bbox 1823 2201 3396 2277; baseline -0.007 -14"><span class='ocrx_word' id='word_1_356' title='bbox 1823 2210 2020 2263; x_wconf 86' lang='lat' dir='ltr'><strong>habere</strong></span> <span class='ocrx_word' id='word_1_357' title='bbox 2059 2224 2258 2277; x_wconf 89' lang='lat' dir='ltr'><strong>corpus</strong></span> <span class='ocrx_word' id='word_1_358' title='bbox 2289 2225 2354 2262; x_wconf 76' lang='lat' dir='ltr'><strong>ex</strong></span> <span class='ocrx_word' id='word_1_359' title='bbox 2387 2207 2533 2261; x_wconf 76' lang='lat' dir='ltr'><strong>ferro</strong></span> <span class='ocrx_word' id='word_1_360' title='bbox 2592 2205 2992 2275; x_wconf 90' lang='lat' dir='ltr'><strong>compositum;</strong></span> <span class='ocrx_word' id='word_1_361' title='bbox 3056 2201 3396 2256; x_wconf 82' lang='lat' dir='ltr'><strong>com&#39;ertitur</strong></span> 
     </span>
    </p>
   </div>
   <div class='ocr_carea' id='block_1_52' title="bbox 1821 2292 3392 2361">
    <p class='ocr_par' dir='ltr' id='par_1_52' title="bbox 1821 2292 3392 2361">
     <span class='ocr_line' id='line_1_52' title="bbox 1821 2292 3392 2361; baseline -0.005 -7"><span class='ocrx_word' id='word_1_362' title='bbox 1821 2315 2012 2354; x_wconf 84' lang='lat' dir='ltr'><strong>rursus</strong></span> <span class='ocrx_word' id='word_1_363' title='bbox 2053 2300 2118 2352; x_wconf 85' lang='lat' dir='ltr'><strong>ad</strong></span> <span class='ocrx_word' id='word_1_364' title='bbox 2149 2300 2251 2351; x_wconf 85' lang='lat' dir='ltr'><strong>alia</strong></span> <span class='ocrx_word' id='word_1_365' title='bbox 2293 2299 2674 2361; x_wconf 79' lang='lat' dir='ltr'><strong>Maximianus,</strong></span> <span class='ocrx_word' id='word_1_366' title='bbox 2707 2306 2761 2350; x_wconf 88' lang='lat' dir='ltr'><strong>et</strong></span> <span class='ocrx_word' id='word_1_367' title='bbox 2788 2296 2983 2350; x_wconf 86' lang='lat' dir='ltr'><strong>calceis</strong></span> <span class='ocrx_word' id='word_1_368' title='bbox 3007 2295 3182 2348; x_wconf 89' lang='lat' dir='ltr'><strong>acutis</strong></span> <span class='ocrx_word' id='word_1_369' title='bbox 3223 2292 3392 2346; x_wconf 78' lang='lat' dir='ltr'><strong>clavis</strong></span> 
     </span>
    </p>
   </div>
   <div class='ocr_carea' id='block_1_53' title="bbox 1821 2386 3395 2457">
    <p class='ocr_par' dir='ltr' id='par_1_53' title="bbox 1821 2386 3395 2457">
     <span class='ocr_line' id='line_1_53' title="bbox 1821 2386 3395 2457; baseline -0.004 -12"><span class='ocrx_word' id='word_1_370' title='bbox 1821 2390 2051 2445; x_wconf 76' lang='lat' dir='ltr'><strong>conﬁxis</strong></span> <span class='ocrx_word' id='word_1_371' title='bbox 2079 2389 2255 2444; x_wconf 86' lang='lat' dir='ltr'><strong>induit</strong></span> <span class='ocrx_word' id='word_1_372' title='bbox 2281 2390 2561 2454; x_wconf 71' lang='lat' dir='ltr'><strong>athletam,</strong></span> <span class='ocrx_word' id='word_1_373' title='bbox 2594 2400 2645 2443; x_wconf 90' lang='lat' dir='ltr'><strong>et</strong></span> <span class='ocrx_word' id='word_1_374' title='bbox 2714 2404 2837 2443; x_wconf 90' lang='lat' dir='ltr'><strong>cum</strong></span> <span class='ocrx_word' id='word_1_375' title='bbox 2878 2387 3008 2457; x_wconf 82' lang='lat' dir='ltr'><strong>ipsis</strong></span> <span class='ocrx_word' id='word_1_376' title='bbox 3067 2400 3192 2440; x_wconf 90' lang='lat' dir='ltr'><strong>eum</strong></span> <span class='ocrx_word' id='word_1_377' title='bbox 3250 2386 3395 2454; x_wconf 80' lang='lat' dir='ltr'><strong>cogit</strong></span> 
     </span>
    </p>
   </div>
   <div class='ocr_carea' id='block_1_54' title="bbox 1822 2480 3395 2547">
    <p class='ocr_par' dir='ltr' id='par_1_54' title="bbox 1822 2480 3395 2547">
     <span class='ocr_line' id='line_1_54' title="bbox 1822 2480 3395 2547; baseline -0.005 -11"><span class='ocrx_word' id='word_1_378' title='bbox 1822 2483 2120 2537; x_wconf 89' lang='lat' dir='ltr'><strong>ambulare.</strong></span> <span class='ocrx_word' id='word_1_379' title='bbox 2173 2480 2266 2535; x_wconf 85' lang='lat' dir='ltr'><strong>llle</strong></span> <span class='ocrx_word' id='word_1_380' title='bbox 2320 2489 2502 2534; x_wconf 86' lang='lat' dir='ltr'><strong>autem</strong></span> <span class='ocrx_word' id='word_1_381' title='bbox 2560 2480 2836 2543; x_wconf 87' lang='lat' dir='ltr'><strong>currebat,</strong></span> <span class='ocrx_word' id='word_1_382' title='bbox 2893 2488 3146 2547; x_wconf 82' lang='lat' dir='ltr'><strong>tanquam</strong></span> <span class='ocrx_word' id='word_1_383' title='bbox 3232 2491 3395 2544; x_wconf 86' lang='lat' dir='ltr'><strong>super</strong></span> 
     </span>
    </p>
   </div>
   <div class='ocr_carea' id='block_1_55' title="bbox 1821 2567 3394 2638">
    <p class='ocr_par' dir='ltr' id='par_1_55' title="bbox 1821 2567 3394 2638">
     <span class='ocr_line' id='line_1_55' title="bbox 1821 2567 3394 2638; baseline -0.007 -10"><span class='ocrx_word' id='word_1_384' title='bbox 1821 2591 1972 2628; x_wconf 88' lang='lat' dir='ltr'><strong>rosas</strong></span> <span class='ocrx_word' id='word_1_385' title='bbox 2012 2573 2300 2636; x_wconf 88' lang='lat' dir='ltr'><strong>incedens;</strong></span> <span class='ocrx_word' id='word_1_386' title='bbox 2339 2585 2391 2625; x_wconf 83' lang='lat' dir='ltr'><strong>et</strong></span> <span class='ocrx_word' id='word_1_387' title='bbox 2433 2571 2626 2627; x_wconf 82' lang='lat' dir='ltr'><strong>videns</strong></span> <span class='ocrx_word' id='word_1_388' title='bbox 2659 2570 2804 2624; x_wconf 85' lang='lat' dir='ltr'><strong>rivos</strong></span> <span class='ocrx_word' id='word_1_389' title='bbox 2832 2569 3116 2638; x_wconf 77' lang='lat' dir='ltr'><strong>sanguinis</strong></span> <span class='ocrx_word' id='word_1_390' title='bbox 3167 2567 3394 2620; x_wconf 78' lang='lat' dir='ltr'><strong>descen-</strong></span> 
     </span>
    </p>
   </div>
   <div class='ocr_carea' id='block_1_56' title="bbox 1822 2657 3393 2734">
    <p class='ocr_par' dir='ltr' id='par_1_56' title="bbox 1822 2657 3393 2734">
     <span class='ocr_line' id='line_1_56' title="bbox 1822 2657 3393 2734; baseline -0.007 -13"><span class='ocrx_word' id='word_1_391' title='bbox 1822 2666 2014 2720; x_wconf 89' lang='lat' dir='ltr'><strong>dentes</strong></span> <span class='ocrx_word' id='word_1_392' title='bbox 2043 2680 2116 2734; x_wconf 21' lang='lat' dir='ltr'><strong>ex.</strong></span> <span class='ocrx_word' id='word_1_393' title='bbox 2144 2664 2394 2732; x_wconf 84' lang='lat' dir='ltr'><strong>pedibus,</strong></span> <span class='ocrx_word' id='word_1_394' title='bbox 2429 2662 2712 2716; x_wconf 70' lang='lat' dir='ltr'><strong>videbatur</strong></span> <span class='ocrx_word' id='word_1_395' title='bbox 2746 2661 3005 2716; x_wconf 82' lang='lat' dir='ltr'><strong>suavibus</strong></span> <span class='ocrx_word' id='word_1_396' title='bbox 3071 2658 3232 2712; x_wconf 86' lang='lat' dir='ltr'><strong>rebus</strong></span> <span class='ocrx_word' id='word_1_397' title='bbox 3287 2657 3393 2710; x_wconf 81' lang='lat' dir='ltr'><strong>cir-</strong></span> 
     </span>
    </p>
   </div>
   <div class='ocr_carea' id='block_1_57' title="bbox 1822 2753 3390 2832">
    <p class='ocr_par' dir='ltr' id='par_1_57' title="bbox 1822 2753 3390 2832">
     <span class='ocr_line' id='line_1_57' title="bbox 1822 2753 3390 2832; baseline -0.004 -22"><span class='ocrx_word' id='word_1_398' title='bbox 1822 2756 2158 2820; x_wconf 87' lang='lat' dir='ltr'><strong>cumlluere;</strong></span> <span class='ocrx_word' id='word_1_399' title='bbox 2191 2756 2510 2826; x_wconf 80' lang='lat' dir='ltr'><strong>tyrannique</strong></span> <span class='ocrx_word' id='word_1_400' title='bbox 2552 2765 2606 2808; x_wconf 90' lang='lat' dir='ltr'><strong>et</strong></span> <span class='ocrx_word' id='word_1_401' title='bbox 2633 2770 2820 2808; x_wconf 91' lang='lat' dir='ltr'><strong>eorum</strong></span> <span class='ocrx_word' id='word_1_402' title='bbox 2843 2753 3390 2832; x_wconf 83' lang='lat' dir='ltr'><strong>quicircumstabant,</strong></span> 
     </span>
    </p>
   </div>
   <div class='ocr_carea' id='block_1_58' title="bbox 1823 2845 3393 2908">
    <p class='ocr_par' dir='ltr' id='par_1_58' title="bbox 1823 2845 3393 2908">
     <span class='ocr_line' id='line_1_58' title="bbox 1823 2845 3393 2908; baseline -0.004 -6"><span class='ocrx_word' id='word_1_403' title='bbox 1823 2849 2107 2902; x_wconf 88' lang='lat' dir='ltr'><strong>irrisiones</strong></span> <span class='ocrx_word' id='word_1_404' title='bbox 2157 2847 2390 2900; x_wconf 82' lang='lat' dir='ltr'><strong>ducebat</strong></span> <span class='ocrx_word' id='word_1_405' title='bbox 2438 2860 2557 2900; x_wconf 89' lang='lat' dir='ltr'><strong>esse</strong></span> <span class='ocrx_word' id='word_1_406' title='bbox 2621 2845 3030 2908; x_wconf 86' lang='lat' dir='ltr'><strong>laudationem;</strong></span> <span class='ocrx_word' id='word_1_407' title='bbox 3099 2853 3151 2898; x_wconf 91' lang='lat' dir='ltr'><strong>et</strong></span> <span class='ocrx_word' id='word_1_408' title='bbox 3207 2859 3268 2897; x_wconf 81' lang='lat' dir='ltr'><strong>ea</strong></span> <span class='ocrx_word' id='word_1_409' title='bbox 3335 2857 3393 2896; x_wconf 90' lang='lat' dir='ltr'><strong>re</strong></span> 
     </span>
    </p>
   </div>
   <div class='ocr_carea' id='block_1_59' title="bbox 1823 2936 3392 3010">
    <p class='ocr_par' dir='ltr' id='par_1_59' title="bbox 1823 2936 3392 3010">
     <span class='ocr_line' id='line_1_59' title="bbox 1823 2936 3392 3010; baseline -0.004 -16"><span class='ocrx_word' id='word_1_410' title='bbox 1823 2941 1991 3010; x_wconf 84' lang='lat' dir='ltr'><strong>magis</strong></span> <span class='ocrx_word' id='word_1_411' title='bbox 2023 2938 2350 3009; x_wconf 74' lang='lat' dir='ltr'><strong>gloriabatur</strong></span> <span class='ocrx_word' id='word_1_412' title='bbox 2372 2937 2594 3002; x_wconf 87' lang='lat' dir='ltr'><strong>athleta,</strong></span> <span class='ocrx_word' id='word_1_413' title='bbox 2622 2952 2782 3006; x_wconf 90' lang='lat' dir='ltr'><strong>quam</strong></span> <span class='ocrx_word' id='word_1_414' title='bbox 2813 2937 2900 2990; x_wconf 90' lang='lat' dir='ltr'><strong>ille</strong></span> <span class='ocrx_word' id='word_1_415' title='bbox 2918 2938 3196 3007; x_wconf 89' lang='lat' dir='ltr'><strong>chlamyde</strong></span> <span class='ocrx_word' id='word_1_416' title='bbox 3219 2936 3392 3003; x_wconf 54' lang='lat' dir='ltr'><strong>digni.</strong></span> 
     </span>
    </p>
   </div>
   <div class='ocr_carea' id='block_1_60' title="bbox 1825 3023 3388 3087">
    <p class='ocr_par' dir='ltr' id='par_1_60' title="bbox 1825 3023 3388 3087">
     <span class='ocr_line' id='line_1_60' title="bbox 1825 3023 3388 3087; baseline -0.004 -4"><span class='ocrx_word' id='word_1_417' title='bbox 1825 3030 1968 3084; x_wconf 87' lang='lat' dir='ltr'><strong>tatis.</strong></span> <span class='ocrx_word' id='word_1_418' title='bbox 2031 3029 2237 3083; x_wconf 86' lang='lat' dir='ltr'><strong>Deinde</strong></span> <span class='ocrx_word' id='word_1_419' title='bbox 2284 3044 2406 3082; x_wconf 89' lang='lat' dir='ltr'><strong>eum</strong></span> <span class='ocrx_word' id='word_1_420' title='bbox 2439 3027 2672 3082; x_wconf 90' lang='lat' dir='ltr'><strong>illudens</strong></span> <span class='ocrx_word' id='word_1_421' title='bbox 2726 3025 3080 3080; x_wconf 77' lang='lat' dir='ltr'><strong>Maximianus</strong></span> <span class='ocrx_word' id='word_1_422' title='bbox 3137 3041 3152 3077; x_wconf 87' lang='lat'><strong>:</strong></span> <span class='ocrx_word' id='word_1_423' title='bbox 3213 3023 3388 3087; x_wconf 86' lang='lat' dir='ltr'><strong>Tibia,</strong></span> 
     </span>
    </p>
   </div>
   <div class='ocr_carea' id='block_1_61' title="bbox 1825 3115 3389 3190">
    <p class='ocr_par' dir='ltr' id='par_1_61' title="bbox 1825 3115 3389 3190">
     <span class='ocr_line' id='line_1_61' title="bbox 1825 3115 3389 3190; baseline -0.004 -16"><span class='ocrx_word' id='word_1_424' title='bbox 1825 3122 2018 3190; x_wconf 90' lang='lat' dir='ltr'><strong>inquit,</strong></span> <span class='ocrx_word' id='word_1_425' title='bbox 2054 3135 2208 3182; x_wconf 87' lang='lat' dir='ltr'><strong>cane,</strong></span> <span class='ocrx_word' id='word_1_426' title='bbox 2244 3121 2442 3182; x_wconf 83' lang='lat' dir='ltr'><strong>Sozon,</strong></span> <span class='ocrx_word' id='word_1_427' title='bbox 2493 3135 2615 3172; x_wconf 89' lang='lat' dir='ltr'><strong>cras</strong></span> <span class='ocrx_word' id='word_1_428' title='bbox 2668 3133 2858 3187; x_wconf 87' lang='lat' dir='ltr'><strong>magna</strong></span> <span class='ocrx_word' id='word_1_429' title='bbox 2891 3117 3218 3186; x_wconf 87' lang='lat' dir='ltr'><strong>procedente</strong></span> <span class='ocrx_word' id='word_1_430' title='bbox 3267 3115 3389 3178; x_wconf 84' lang='lat' dir='ltr'><strong>dea,</strong></span> 
     </span>
    </p>
   </div>
   <div class='ocr_carea' id='block_1_62' title="bbox 155 3187 1720 3281">
    <p class='ocr_par' dir='ltr' id='par_1_62' title="bbox 155 3187 1711 3275">
     <span class='ocr_line' id='line_1_62' title="bbox 155 3187 1711 3275; baseline 0.013 -35"><span class='ocrx_word' id='word_1_431' title='bbox 155 3187 249 3240; x_wconf 79' lang='grc' dir='ltr'><strong>καὶ</strong></span> <span class='ocrx_word' id='word_1_432' title='bbox 279 3188 446 3259; x_wconf 76' lang='grc' dir='ltr'><strong>αὐτὴν</strong></span> <span class='ocrx_word' id='word_1_433' title='bbox 470 3190 683 3258; x_wconf 78' lang='grc' dir='ltr'><strong>ἐκείνην</strong></span> <span class='ocrx_word' id='word_1_434' title='bbox 726 3195 948 3265; x_wconf 76' lang='grc' dir='ltr'><strong>ὄμνυμι,</strong></span> <span class='ocrx_word' id='word_1_435' title='bbox 1011 3201 1189 3270; x_wconf 83' lang='grc' dir='ltr'><strong>πάσης</strong></span> <span class='ocrx_word' id='word_1_436' title='bbox 1236 3203 1466 3275; x_wconf 67' lang='grc' dir='ltr'><strong>εὐθύνης</strong></span> <span class='ocrx_word' id='word_1_437' title='bbox 1514 3209 1711 3260; x_wconf 71' lang='grc' dir='ltr'><strong>αὐτίκα</strong></span> 
     </span>
    </p>
   </div>
   <div class='ocr_carea' id='block_1_63' title="bbox 1821 3187 3391 3281">
    <p class='ocr_par' dir='ltr' id='par_1_63' title="bbox 1829 3187 3391 3281">
     <span class='ocr_line' id='line_1_63' title="bbox 1829 3187 3391 3281; baseline -0.005 -17"><span class='ocrx_word' id='word_1_438' title='bbox 1829 3187 2001 3281; x_wconf 80' lang='lat' dir='ltr'><strong>etpcr</strong></span> <span class='ocrx_word' id='word_1_439' title='bbox 2039 3211 2180 3264; x_wconf 86' lang='lat' dir='ltr'><strong>illam</strong></span> <span class='ocrx_word' id='word_1_440' title='bbox 2211 3211 2384 3279; x_wconf 87' lang='lat' dir='ltr'><strong>ipsam</strong></span> <span class='ocrx_word' id='word_1_441' title='bbox 2415 3211 2560 3278; x_wconf 87' lang='lat' dir='ltr'><strong>juro,</strong></span> <span class='ocrx_word' id='word_1_442' title='bbox 2597 3208 2742 3277; x_wconf 88' lang='lat' dir='ltr'><strong>quod</strong></span> <span class='ocrx_word' id='word_1_443' title='bbox 2792 3207 2859 3262; x_wconf 90' lang='lat' dir='ltr'><strong>ab</strong></span> <span class='ocrx_word' id='word_1_444' title='bbox 2915 3206 3062 3260; x_wconf 91' lang='lat' dir='ltr'><strong>omni</strong></span> <span class='ocrx_word' id='word_1_445' title='bbox 3114 3203 3391 3258; x_wconf 77' lang='lat' dir='ltr'><strong>examina-</strong></span> 
     </span>
    </p>
   </div>
   <div class='ocr_carea' id='block_1_64' title="bbox 155 3280 1716 3367">
    <p class='ocr_par' dir='ltr' id='par_1_64' title="bbox 155 3280 1716 3367">
     <span class='ocr_line' id='line_1_64' title="bbox 155 3280 1716 3367; baseline 0.012 -35"><span class='ocrx_word' id='word_1_446' title='bbox 155 3280 251 3333; x_wconf 81' lang='grc' dir='ltr'><strong>καὶ</strong></span> <span class='ocrx_word' id='word_1_447' title='bbox 301 3283 572 3352; x_wconf 73' lang='grc' dir='ltr'><strong>τιμωρίας</strong></span> <span class='ocrx_word' id='word_1_448' title='bbox 609 3285 935 3360; x_wconf 76' lang='grc' dir='ltr'><strong>ἀπολελύσῃ.</strong></span> <span class='ocrx_word' id='word_1_449' title='bbox 979 3291 1088 3342; x_wconf 73' lang='grc' dir='ltr'><strong>Καὶ</strong></span> <span class='ocrx_word' id='word_1_450' title='bbox 1141 3294 1167 3343; x_wconf 83' lang='grc' dir='ltr'>ὁ</span> <span class='ocrx_word' id='word_1_451' title='bbox 1205 3295 1444 3362; x_wconf 80' lang='grc' dir='ltr'><strong>μάρτυς·</strong></span> <span class='ocrx_word' id='word_1_452' title='bbox 1492 3299 1563 3348; x_wconf 82' lang='grc' dir='ltr'><strong>Σὺ</strong></span> <span class='ocrx_word' id='word_1_453' title='bbox 1617 3301 1716 3367; x_wconf 85' lang='grc' dir='ltr'><strong>μὲν</strong></span> 
     </span>
    </p>
   </div>
   <div class='ocr_carea' id='block_1_65' title="bbox 153 3375 1718 3454">
    <p class='ocr_par' dir='ltr' id='par_1_65' title="bbox 153 3375 1718 3454">
     <span class='ocr_line' id='line_1_65' title="bbox 153 3375 1718 3454; baseline 0.012 -31"><span class='ocrx_word' id='word_1_454' title='bbox 153 3375 499 3441; x_wconf 80' lang='grc' dir='ltr'><strong>καταγελῶν,</strong></span> <span class='ocrx_word' id='word_1_455' title='bbox 561 3377 685 3446; x_wconf 76' lang='grc' dir='ltr'><strong>ἔφη,</strong></span> <span class='ocrx_word' id='word_1_456' title='bbox 739 3383 833 3432; x_wconf 72' lang='grc' dir='ltr'><strong>καὶ</strong></span> <span class='ocrx_word' id='word_1_457' title='bbox 866 3381 1166 3447; x_wconf 72' lang='grc' dir='ltr'><strong>διαπαίζων</strong></span> <span class='ocrx_word' id='word_1_458' title='bbox 1196 3386 1343 3454; x_wconf 75' lang='grc' dir='ltr'><strong>ἡμᾶς</strong></span> <span class='ocrx_word' id='word_1_459' title='bbox 1379 3387 1445 3439; x_wconf 72' lang='grc' dir='ltr'><strong>τὰ</strong></span> <span class='ocrx_word' id='word_1_460' title='bbox 1492 3388 1718 3442; x_wconf 82' lang='grc' dir='ltr'><strong>τοιαῦτα</strong></span> 
     </span>
    </p>
   </div>
   <div class='ocr_carea' id='block_1_66' title="bbox 152 3463 1721 3549">
    <p class='ocr_par' dir='ltr' id='par_1_66' title="bbox 152 3463 1721 3549">
     <span class='ocr_line' id='line_1_66' title="bbox 152 3463 1721 3549; baseline 0.012 -35"><span class='ocrx_word' id='word_1_461' title='bbox 152 3463 395 3535; x_wconf 75' lang='grc' dir='ltr'><strong>φθέγγῃ,</strong></span> <span class='ocrx_word' id='word_1_462' title='bbox 451 3466 539 3518; x_wconf 76' lang='grc' dir='ltr'><strong>τοῦ</strong></span> <span class='ocrx_word' id='word_1_463' title='bbox 605 3471 969 3537; x_wconf 82' lang='grc' dir='ltr'><strong>συμπνέοντός</strong></span> <span class='ocrx_word' id='word_1_464' title='bbox 1032 3491 1113 3526; x_wconf 83' lang='grc' dir='ltr'><strong>σοι</strong></span> <span class='ocrx_word' id='word_1_465' title='bbox 1180 3477 1416 3546; x_wconf 76' lang='grc' dir='ltr'><strong>πονηροῦ</strong></span> <span class='ocrx_word' id='word_1_466' title='bbox 1471 3478 1721 3549; x_wconf 76' lang='grc' dir='ltr'><strong>δαίμονος</strong></span> 
     </span>
    </p>
   </div>
   <div class='ocr_carea' id='block_1_67' title="bbox 152 3559 1720 3642">
    <p class='ocr_par' dir='ltr' id='par_1_67' title="bbox 152 3559 1720 3642">
     <span class='ocr_line' id='line_1_67' title="bbox 152 3559 1720 3642; baseline 0.011 -33"><span class='ocrx_word' id='word_1_467' title='bbox 152 3559 327 3610; x_wconf 79' lang='grc' dir='ltr'><strong>ταῦτα</strong></span> <span class='ocrx_word' id='word_1_468' title='bbox 364 3560 484 3611; x_wconf 84' lang='grc' dir='ltr'><strong>καθ’</strong></span> <span class='ocrx_word' id='word_1_469' title='bbox 513 3561 671 3630; x_wconf 77' lang='grc' dir='ltr'><strong>ἡμῶν</strong></span> <span class='ocrx_word' id='word_1_470' title='bbox 705 3563 1161 3634; x_wconf 77' lang='grc' dir='ltr'><strong>ὑποϐεϐληκότος.</strong></span> <span class='ocrx_word' id='word_1_471' title='bbox 1213 3567 1352 3636; x_wconf 83' lang='grc' dir='ltr'><strong>Ἐγὼ</strong></span> <span class='ocrx_word' id='word_1_472' title='bbox 1377 3571 1434 3624; x_wconf 80' lang='grc' dir='ltr'><strong>δὲ.</strong></span> <span class='ocrx_word' id='word_1_473' title='bbox 1465 3576 1556 3624; x_wconf 84' lang='grc' dir='ltr'><strong>καὶ</strong></span> <span class='ocrx_word' id='word_1_474' title='bbox 1585 3575 1720 3642; x_wconf 85' lang='grc' dir='ltr'><strong>πρό-</strong></span> 
     </span>
    </p>
   </div>
   <div class='ocr_carea' id='block_1_68' title="bbox 149 3648 1720 3726">
    <p class='ocr_par' dir='ltr' id='par_1_68' title="bbox 149 3648 1720 3726">
     <span class='ocr_line' id='line_1_68' title="bbox 149 3648 1720 3726; baseline 0.011 -28"><span class='ocrx_word' id='word_1_475' title='bbox 149 3665 312 3715; x_wconf 84' lang='grc' dir='ltr'><strong>τερον</strong></span> <span class='ocrx_word' id='word_1_476' title='bbox 346 3648 444 3715; x_wconf 87' lang='grc' dir='ltr'><strong>μὲν</strong></span> <span class='ocrx_word' id='word_1_477' title='bbox 472 3649 532 3699; x_wconf 87' lang='grc' dir='ltr'><strong>τὸ</strong></span> <span class='ocrx_word' id='word_1_478' title='bbox 571 3650 730 3701; x_wconf 80' lang='grc' dir='ltr'><strong>καλὸν</strong></span> <span class='ocrx_word' id='word_1_479' title='bbox 756 3652 967 3719; x_wconf 77' lang='grc' dir='ltr'><strong>ηὖλησα</strong></span> <span class='ocrx_word' id='word_1_480' title='bbox 1007 3657 1087 3716; x_wconf 75' lang='grc' dir='ltr'><strong>εις</strong></span> <span class='ocrx_word' id='word_1_481' title='bbox 1120 3659 1310 3724; x_wconf 82' lang='grc' dir='ltr'><strong>ἀγρὸν,</strong></span> <span class='ocrx_word' id='word_1_482' title='bbox 1350 3661 1596 3726; x_wconf 79' lang='grc' dir='ltr'><strong>συνάγων</strong></span> <span class='ocrx_word' id='word_1_483' title='bbox 1627 3664 1720 3715; x_wconf 80' lang='grc' dir='ltr'><strong>καὶ</strong></span> 
     </span>
    </p>
   </div>
   <div class='ocr_carea' id='block_1_69' title="bbox 152 3739 1716 3820">
    <p class='ocr_par' dir='ltr' id='par_1_69' title="bbox 152 3739 1716 3820">
     <span class='ocr_line' id='line_1_69' title="bbox 152 3739 1716 3820; baseline 0.01 -30"><span class='ocrx_word' id='word_1_484' title='bbox 152 3739 445 3792; x_wconf 75' lang='grc' dir='ltr'><strong>ἀνακαλῶν</strong></span> <span class='ocrx_word' id='word_1_485' title='bbox 476 3741 543 3794; x_wconf 65' lang='grc' dir='ltr'><strong>τὶ</strong></span> <span class='ocrx_word' id='word_1_486' title='bbox 586 3742 693 3812; x_wconf 75' lang='grc' dir='ltr'><strong>ἐμὰ</strong></span> <span class='ocrx_word' id='word_1_487' title='bbox 739 3743 1018 3813; x_wconf 71' lang='grc' dir='ltr'><strong>πρόϐατα·</strong></span> <span class='ocrx_word' id='word_1_488' title='bbox 1053 3749 1144 3800; x_wconf 76' lang='grc' dir='ltr'><strong>καὶ</strong></span> <span class='ocrx_word' id='word_1_489' title='bbox 1168 3747 1260 3800; x_wconf 82' lang='grc' dir='ltr'><strong>νῦν</strong></span> <span class='ocrx_word' id='word_1_490' title='bbox 1286 3749 1342 3802; x_wconf 80' lang='grc' dir='ltr'><strong>δὲ</strong></span> <span class='ocrx_word' id='word_1_491' title='bbox 1368 3751 1474 3820; x_wconf 82' lang='grc' dir='ltr'><strong>ᾄδω</strong></span> <span class='ocrx_word' id='word_1_492' title='bbox 1501 3752 1575 3820; x_wconf 81' lang='grc' dir='ltr'><strong>τῷ</strong></span> <span class='ocrx_word' id='word_1_493' title='bbox 1609 3754 1716 3804; x_wconf 84' lang='grc' dir='ltr'><strong>Κυ-</strong></span> 
     </span>
    </p>
   </div>
   <div class='ocr_carea' id='block_1_70' title="bbox 157 3808 1717 3906">
    <p class='ocr_par' dir='ltr' id='par_1_70' title="bbox 157 3826 1717 3906">
     <span class='ocr_line' id='line_1_70' title="bbox 157 3826 1717 3906; baseline 0.011 -27"><span class='ocrx_word' id='word_1_494' title='bbox 157 3828 258 3897; x_wconf 78' lang='grc' dir='ltr'><strong>ρίῳ</strong></span> <span class='ocrx_word' id='word_1_495' title='bbox 319 3846 420 3898; x_wconf 88' lang='grc' dir='ltr'><strong>μου</strong></span> <span class='ocrx_word' id='word_1_496' title='bbox 471 3826 621 3902; x_wconf 79' lang='grc' dir='ltr'><strong>ᾆσμα</strong></span> <span class='ocrx_word' id='word_1_497' title='bbox 676 3834 882 3896; x_wconf 73' lang='grc' dir='ltr'><strong>καινὸν,</strong></span> <span class='ocrx_word' id='word_1_498' title='bbox 941 3835 1427 3906; x_wconf 62' lang='grc' dir='ltr'><strong>εὐαγγελιζόμενος</strong></span> <span class='ocrx_word' id='word_1_499' title='bbox 1488 3841 1621 3894; x_wconf 80' lang='grc' dir='ltr'><strong>πᾶσι</strong></span> <span class='ocrx_word' id='word_1_500' title='bbox 1658 3845 1717 3896; x_wconf 80' lang='grc' dir='ltr'><strong>τὸ</strong></span> 
     </span>
    </p>
   </div>
   <div class='ocr_carea' id='block_1_71' title="bbox 152 3922 1710 4001">
    <p class='ocr_par' dir='ltr' id='par_1_71' title="bbox 152 3922 1710 4001">
     <span class='ocr_line' id='line_1_71' title="bbox 152 3922 1710 4001; baseline 0.009 -27"><span class='ocrx_word' id='word_1_501' title='bbox 152 3922 346 3974; x_wconf 88' lang='grc' dir='ltr'><strong>τούτου</strong></span> <span class='ocrx_word' id='word_1_502' title='bbox 381 3925 668 3991; x_wconf 76' lang='grc' dir='ltr'><strong>σωτήριον.</strong></span> <span class='ocrx_word' id='word_1_503' title='bbox 714 3925 772 3976; x_wconf 84' lang='grc' dir='ltr'><strong>Ἡ</strong></span> <span class='ocrx_word' id='word_1_504' title='bbox 793 3927 847 3976; x_wconf 84' lang='grc' dir='ltr'><strong>δὲ</strong></span> <span class='ocrx_word' id='word_1_505' title='bbox 866 3927 928 3993; x_wconf 76' lang='grc' dir='ltr'><strong>σὴ</strong></span> <span class='ocrx_word' id='word_1_506' title='bbox 957 3926 1074 3986; x_wconf 72' lang='grc' dir='ltr'><strong>Οεος</strong></span> <span class='ocrx_word' id='word_1_507' title='bbox 1109 3929 1226 3988; x_wconf 72' lang='grc' dir='ltr'><strong>ὄνος</strong></span> <span class='ocrx_word' id='word_1_508' title='bbox 1249 3930 1319 3982; x_wconf 81' lang='grc' dir='ltr'><strong>ἄν</strong></span> <span class='ocrx_word' id='word_1_509' title='bbox 1355 3933 1436 4001; x_wconf 68' lang='grc' dir='ltr'><strong>εἴη</strong></span> <span class='ocrx_word' id='word_1_510' title='bbox 1472 3935 1710 4001; x_wconf 67' lang='grc' dir='ltr'><strong>πάντως,</strong></span> 
     </span>
    </p>
   </div>
   <div class='ocr_carea' id='block_1_72' title="bbox 150 4011 1719 4087">
    <p class='ocr_par' dir='ltr' id='par_1_72' title="bbox 150 4011 1719 4087">
     <span class='ocr_line' id='line_1_72' title="bbox 150 4011 1719 4087; baseline 0.01 -25"><span class='ocrx_word' id='word_1_511' title='bbox 150 4013 213 4064; x_wconf 72' lang='grc' dir='ltr'><strong>τὸ</strong></span> <span class='ocrx_word' id='word_1_512' title='bbox 237 4011 332 4063; x_wconf 84' lang='grc' dir='ltr'><strong>τοῦ</strong></span> <span class='ocrx_word' id='word_1_513' title='bbox 363 4011 542 4079; x_wconf 76' lang='grc' dir='ltr'><strong>λόγου,</strong></span> <span class='ocrx_word' id='word_1_514' title='bbox 574 4014 707 4082; x_wconf 78' lang='grc' dir='ltr'><strong>πρὸς</strong></span> <span class='ocrx_word' id='word_1_515' title='bbox 729 4015 819 4066; x_wconf 79' lang='grc' dir='ltr'><strong>τὸν</strong></span> <span class='ocrx_word' id='word_1_516' title='bbox 851 4015 1032 4081; x_wconf 76' lang='grc' dir='ltr'><strong>αὐλὸν,</strong></span> <span class='ocrx_word' id='word_1_517' title='bbox 1061 4016 1266 4087; x_wconf 68' lang='grc' dir='ltr'><strong>ἄψυχός</strong></span> <span class='ocrx_word' id='word_1_518' title='bbox 1284 4036 1341 4071; x_wconf 87' lang='grc' dir='ltr'><strong>τε</strong></span> <span class='ocrx_word' id='word_1_519' title='bbox 1361 4018 1496 4076; x_wconf 72' lang='grc' dir='ltr'><strong>οὖσα</strong></span> <span class='ocrx_word' id='word_1_520' title='bbox 1523 4042 1719 4078; x_wconf 86' lang='grc' dir='ltr'><strong>παντε-</strong></span> 
     </span>
    </p>
   </div>
   <div class='ocr_carea' id='block_1_73' title="bbox 152 4105 768 4175">
    <p class='ocr_par' dir='ltr' id='par_1_73' title="bbox 152 4105 768 4175">
     <span class='ocr_line' id='line_1_73' title="bbox 152 4105 768 4175; baseline 0.01 -18"><span class='ocrx_word' id='word_1_521' title='bbox 152 4105 260 4170; x_wconf 70' lang='grc' dir='ltr'><strong>λῶς</strong></span> <span class='ocrx_word' id='word_1_522' title='bbox 296 4109 388 4159; x_wconf 77' lang='grc' dir='ltr'><strong>καὶ</strong></span> <span class='ocrx_word' id='word_1_523' title='bbox 422 4105 768 4175; x_wconf 76' lang='grc' dir='ltr'><strong>ἀναίσθητος.</strong></span> 
     </span>
    </p>
   </div>
   <div class='ocr_carea' id='block_1_74' title="bbox 223 4201 1717 4282">
    <p class='ocr_par' dir='ltr' id='par_1_74' title="bbox 223 4201 1717 4282">
     <span class='ocr_line' id='line_1_74' title="bbox 223 4201 1717 4282; baseline 0.007 -28"><span class='ocrx_word' id='word_1_524' title='bbox 223 4202 317 4267; x_wconf 80' lang='lat' dir='ltr'><strong>C.&quot;.</strong></span> <span class='ocrx_word' id='word_1_525' title='bbox 352 4201 494 4271; x_wconf 80' lang='grc' dir='ltr'><strong>Πρὸς</strong></span> <span class='ocrx_word' id='word_1_526' title='bbox 546 4202 715 4254; x_wconf 82' lang='grc' dir='ltr'><strong>ταῦτα</strong></span> <span class='ocrx_word' id='word_1_527' title='bbox 769 4203 932 4257; x_wconf 81' lang='grc' dir='ltr'><strong>πλέον</strong></span> <span class='ocrx_word' id='word_1_528' title='bbox 983 4208 1012 4259; x_wconf 84' lang='grc' dir='ltr'>ὁ</span> <span class='ocrx_word' id='word_1_529' title='bbox 1049 4209 1388 4278; x_wconf 69' lang='grc' dir='ltr'><strong>Μαξιμιανὸς</strong></span> <span class='ocrx_word' id='word_1_530' title='bbox 1434 4211 1513 4279; x_wconf 84' lang='grc' dir='ltr'><strong>τῷ</strong></span> <span class='ocrx_word' id='word_1_531' title='bbox 1562 4211 1717 4282; x_wconf 84' lang='grc' dir='ltr'><strong>Θυμῷ</strong></span> 
     </span>
    </p>
   </div>
   <div class='ocr_carea' id='block_1_75' title="bbox 153 4294 1716 4374">
    <p class='ocr_par' dir='ltr' id='par_1_75' title="bbox 153 4294 1716 4374">
     <span class='ocr_line' id='line_1_75' title="bbox 153 4294 1716 4374; baseline 0.007 -28"><span class='ocrx_word' id='word_1_532' title='bbox 153 4294 276 4347; x_wconf 77' lang='grc' dir='ltr'><strong>κατ’</strong></span> <span class='ocrx_word' id='word_1_533' title='bbox 318 4295 483 4347; x_wconf 75' lang='grc' dir='ltr'><strong>αὑτοῦ</strong></span> <span class='ocrx_word' id='word_1_534' title='bbox 515 4295 874 4364; x_wconf 76' lang='grc' dir='ltr'><strong>διανίσταται,</strong></span> <span class='ocrx_word' id='word_1_535' title='bbox 914 4299 1008 4352; x_wconf 77' lang='grc' dir='ltr'><strong>καὶ</strong></span> <span class='ocrx_word' id='word_1_536' title='bbox 1041 4301 1404 4372; x_wconf 73' lang='grc' dir='ltr'><strong>σφοδροτέρας</strong></span> <span class='ocrx_word' id='word_1_537' title='bbox 1435 4303 1582 4373; x_wconf 82' lang='grc' dir='ltr'><strong>αύτῷ</strong></span> <span class='ocrx_word' id='word_1_538' title='bbox 1611 4306 1716 4374; x_wconf 88' lang='grc' dir='ltr'><strong>μά-</strong></span> 
     </span>
    </p>
   </div>
   <div class='ocr_carea' id='block_1_76' title="bbox 152 4388 1718 4466">
    <p class='ocr_par' dir='ltr' id='par_1_76' title="bbox 152 4388 1718 4466">
     <span class='ocr_line' id='line_1_76' title="bbox 152 4388 1718 4466; baseline 0.008 -28"><span class='ocrx_word' id='word_1_539' title='bbox 152 4402 347 4454; x_wconf 85' lang='grc' dir='ltr'><strong>στιγας</strong></span> <span class='ocrx_word' id='word_1_540' title='bbox 386 4388 493 4440; x_wconf 88' lang='grc' dir='ltr'><strong>τῶν</strong></span> <span class='ocrx_word' id='word_1_541' title='bbox 524 4391 804 4459; x_wconf 82' lang='grc' dir='ltr'><strong>προτέρων</strong></span> <span class='ocrx_word' id='word_1_542' title='bbox 829 4391 1046 4460; x_wconf 75' lang='grc' dir='ltr'><strong>ἐπάγει,</strong></span> <span class='ocrx_word' id='word_1_543' title='bbox 1081 4395 1147 4448; x_wconf 81' lang='grc' dir='ltr'><strong>ἵν’</strong></span> <span class='ocrx_word' id='word_1_544' title='bbox 1176 4395 1340 4455; x_wconf 75' lang='grc' dir='ltr'><strong>οὕτω.</strong></span> <span class='ocrx_word' id='word_1_545' title='bbox 1371 4401 1554 4466; x_wconf 69' lang='grc' dir='ltr'><strong>φησιν.</strong></span> <span class='ocrx_word' id='word_1_546' title='bbox 1589 4400 1718 4450; x_wconf 83' lang='grc' dir='ltr'><strong>ἀνα-</strong></span> 
     </span>
    </p>
   </div>
   <div class='ocr_carea' id='block_1_77' title="bbox 153 4475 1713 4554">
    <p class='ocr_par' dir='ltr' id='par_1_77' title="bbox 153 4475 1713 4554">
     <span class='ocr_line' id='line_1_77' title="bbox 153 4475 1713 4554; baseline 0.008 -27"><span class='ocrx_word' id='word_1_547' title='bbox 153 4475 426 4544; x_wconf 78' lang='grc' dir='ltr'><strong>μοχλευθῇ</strong></span> <span class='ocrx_word' id='word_1_548' title='bbox 464 4476 563 4543; x_wconf 80' lang='grc' dir='ltr'><strong>μὲν</strong></span> <span class='ocrx_word' id='word_1_549' title='bbox 597 4477 745 4546; x_wconf 83' lang='grc' dir='ltr'><strong>αύτῴ</strong></span> <span class='ocrx_word' id='word_1_550' title='bbox 765 4478 833 4530; x_wconf 87' lang='grc' dir='ltr'><strong>τὰ</strong></span> <span class='ocrx_word' id='word_1_551' title='bbox 875 4480 1077 4548; x_wconf 80' lang='grc' dir='ltr'><strong>ἄρθρα,</strong></span> <span class='ocrx_word' id='word_1_552' title='bbox 1112 4484 1394 4554; x_wconf 80' lang='grc' dir='ltr'><strong>παρεοὼσι</strong></span> <span class='ocrx_word' id='word_1_553' title='bbox 1437 4486 1492 4539; x_wconf 78' lang='grc' dir='ltr'><strong>δὲ</strong></span> <span class='ocrx_word' id='word_1_554' title='bbox 1526 4489 1614 4539; x_wconf 77' lang='grc' dir='ltr'><strong>καὶ</strong></span> <span class='ocrx_word' id='word_1_555' title='bbox 1660 4489 1713 4541; x_wconf 84' lang='grc' dir='ltr'><strong>αἱ</strong></span> 
     </span>
    </p>
   </div>
   <div class='ocr_carea' id='block_1_78' title="bbox 146 4565 1710 4646">
    <p class='ocr_par' dir='ltr' id='par_1_78' title="bbox 146 4565 1710 4646">
     <span class='ocr_line' id='line_1_78' title="bbox 146 4565 1710 4646; baseline 0.008 -28"><span class='ocrx_word' id='word_1_556' title='bbox 146 4565 433 4635; x_wconf 69' lang='grc' dir='ltr'><strong>ἁρμονίαι,</strong></span> <span class='ocrx_word' id='word_1_557' title='bbox 463 4568 554 4621; x_wconf 67' lang='grc' dir='ltr'><strong>καὶ</strong></span> <span class='ocrx_word' id='word_1_558' title='bbox 591 4568 826 4642; x_wconf 74' lang='grc' dir='ltr'><strong>διαρῤυῇ</strong></span> <span class='ocrx_word' id='word_1_559' title='bbox 868 4571 934 4623; x_wconf 82' lang='grc' dir='ltr'><strong>τὰ</strong></span> <span class='ocrx_word' id='word_1_560' title='bbox 966 4571 1173 4639; x_wconf 80' lang='grc' dir='ltr'><strong>ἔγκατα</strong></span> <span class='ocrx_word' id='word_1_561' title='bbox 1206 4575 1335 4627; x_wconf 76' lang='grc' dir='ltr'><strong>ὡσεὶ</strong></span> <span class='ocrx_word' id='word_1_562' title='bbox 1382 4577 1544 4646; x_wconf 77' lang='grc' dir='ltr'><strong>ὕδωρ.</strong></span> <span class='ocrx_word' id='word_1_563' title='bbox 1579 4576 1710 4632; x_wconf 83' lang='grc' dir='ltr'><strong>Εἶτα</strong></span> 
     </span>
    </p>
   </div>
   <div class='ocr_carea' id='block_1_79' title="bbox 147 4656 1717 4738">
    <p class='ocr_par' dir='ltr' id='par_1_79' title="bbox 147 4656 1717 4738">
     <span class='ocr_line' id='line_1_79' title="bbox 147 4656 1717 4738; baseline 0.008 -27"><span class='ocrx_word' id='word_1_564' title='bbox 147 4659 246 4711; x_wconf 70' lang='grc' dir='ltr'><strong>καὶ</strong></span> <span class='ocrx_word' id='word_1_565' title='bbox 276 4656 390 4728; x_wconf 82' lang='grc' dir='ltr'><strong>πῦρ</strong></span> <span class='ocrx_word' id='word_1_566' title='bbox 427 4660 656 4728; x_wconf 65' lang='grc' dir='ltr'><strong>ἀνάψας,</strong></span> <span class='ocrx_word' id='word_1_567' title='bbox 699 4663 824 4716; x_wconf 77' lang='grc' dir='ltr'><strong>εἴτι</strong></span> <span class='ocrx_word' id='word_1_568' title='bbox 856 4663 964 4717; x_wconf 90' lang='grc' dir='ltr'><strong>τῶν</strong></span> <span class='ocrx_word' id='word_1_569' title='bbox 998 4664 1175 4734; x_wconf 82' lang='grc' dir='ltr'><strong>μελῶν</strong></span> <span class='ocrx_word' id='word_1_570' title='bbox 1205 4667 1576 4738; x_wconf 74' lang='grc' dir='ltr'><strong>ὑπολειφθειη,</strong></span> <span class='ocrx_word' id='word_1_571' title='bbox 1621 4689 1717 4724; x_wconf 90' lang='grc' dir='ltr'><strong>κα-</strong></span> 
     </span>
    </p>
   </div>
   <div class='ocr_carea' id='block_1_80' title="bbox 146 4751 1715 4832">
    <p class='ocr_par' dir='ltr' id='par_1_80' title="bbox 146 4751 1715 4832">
     <span class='ocr_line' id='line_1_80' title="bbox 146 4751 1715 4832; baseline 0.009 -28"><span class='ocrx_word' id='word_1_572' title='bbox 146 4751 450 4805; x_wconf 86' lang='grc' dir='ltr'><strong>τακαύσειν</strong></span> <span class='ocrx_word' id='word_1_573' title='bbox 493 4754 586 4805; x_wconf 73' lang='grc' dir='ltr'><strong>καὶ</strong></span> <span class='ocrx_word' id='word_1_574' title='bbox 628 4753 790 4806; x_wconf 78' lang='grc' dir='ltr'><strong>τοῦτο</strong></span> <span class='ocrx_word' id='word_1_575' title='bbox 815 4757 1054 4824; x_wconf 75' lang='grc' dir='ltr'><strong>ἠπείλει,</strong></span> <span class='ocrx_word' id='word_1_576' title='bbox 1095 4761 1172 4821; x_wconf 86' lang='grc' dir='ltr'><strong>ὡς</strong></span> <span class='ocrx_word' id='word_1_577' title='bbox 1203 4761 1268 4812; x_wconf 82' lang='grc' dir='ltr'><strong>ἂν</strong></span> <span class='ocrx_word' id='word_1_578' title='bbox 1300 4763 1431 4832; x_wconf 81' lang='grc' dir='ltr'><strong>μηδὲ</strong></span> <span class='ocrx_word' id='word_1_579' title='bbox 1464 4765 1562 4832; x_wconf 78' lang='grc' dir='ltr'><strong>τῆς</strong></span> <span class='ocrx_word' id='word_1_580' title='bbox 1599 4782 1715 4817; x_wconf 79' lang='grc' dir='ltr'><strong>κοι-</strong></span> 
     </span>
    </p>
   </div>
   <div class='ocr_carea' id='block_1_81' title="bbox 146 4845 1717 4918">
    <p class='ocr_par' dir='ltr' id='par_1_81' title="bbox 146 4845 1717 4918">
     <span class='ocr_line' id='line_1_81' title="bbox 146 4845 1717 4918; baseline 0.01 -24"><span class='ocrx_word' id='word_1_581' title='bbox 146 4847 247 4911; x_wconf 79' lang='grc' dir='ltr'><strong>νῆς</strong></span> <span class='ocrx_word' id='word_1_582' title='bbox 292 4846 546 4898; x_wconf 82' lang='grc' dir='ltr'><strong>ἁπάντων</strong></span> <span class='ocrx_word' id='word_1_583' title='bbox 583 4845 736 4916; x_wconf 86' lang='grc' dir='ltr'><strong>τύχοι</strong></span> <span class='ocrx_word' id='word_1_584' title='bbox 786 4849 981 4916; x_wconf 72' lang='grc' dir='ltr'><strong>ταφῆς.</strong></span> <span class='ocrx_word' id='word_1_585' title='bbox 1040 4851 1382 4918; x_wconf 73' lang='grc' dir='ltr'><strong>Μαξιμιανὺς</strong></span> <span class='ocrx_word' id='word_1_586' title='bbox 1437 4851 1531 4908; x_wconf 78' lang='grc' dir='ltr'><strong>οὖν</strong></span> <span class='ocrx_word' id='word_1_587' title='bbox 1572 4854 1717 4909; x_wconf 84' lang='grc' dir='ltr'><strong>οὕτω</strong></span> 
     </span>
    </p>
   </div>
   <div class='ocr_carea' id='block_1_82' title="bbox 145 4937 1710 5018">
    <p class='ocr_par' dir='ltr' id='par_1_82' title="bbox 145 4937 1710 5018">
     <span class='ocr_line' id='line_1_82' title="bbox 145 4937 1710 5018; baseline 0.009 -32"><span class='ocrx_word' id='word_1_588' title='bbox 145 4937 622 5004; x_wconf 85' lang='grc' dir='ltr'><strong>παρεσκεύασατο,</strong></span> <span class='ocrx_word' id='word_1_589' title='bbox 647 4941 741 4992; x_wconf 70' lang='grc' dir='ltr'><strong>καὶ</strong></span> <span class='ocrx_word' id='word_1_590' title='bbox 788 4940 959 5002; x_wconf 71' lang='grc' dir='ltr'><strong>οὕτως</strong></span> <span class='ocrx_word' id='word_1_591' title='bbox 996 4943 1199 4994; x_wconf 76' lang='grc' dir='ltr'><strong>ἐποίει·</strong></span> <span class='ocrx_word' id='word_1_592' title='bbox 1244 4948 1334 4997; x_wconf 76' lang='grc' dir='ltr'><strong>καὶ</strong></span> <span class='ocrx_word' id='word_1_593' title='bbox 1366 4945 1440 5015; x_wconf 80' lang='grc' dir='ltr'><strong>τῷ</strong></span> <span class='ocrx_word' id='word_1_594' title='bbox 1473 4949 1710 5018; x_wconf 86' lang='grc' dir='ltr'><strong>μάρτυρι</strong></span> 
     </span>
    </p>
   </div>
   <div class='ocr_carea' id='block_1_83' title="bbox 147 5026 1712 5107">
    <p class='ocr_par' dir='ltr' id='par_1_83' title="bbox 147 5026 1712 5107">
     <span class='ocr_line' id='line_1_83' title="bbox 147 5026 1712 5107; baseline 0.006 -26"><span class='ocrx_word' id='word_1_595' title='bbox 147 5028 248 5096; x_wconf 68' lang='grc' dir='ltr'><strong>μὲν</strong></span> <span class='ocrx_word' id='word_1_596' title='bbox 282 5028 338 5080; x_wconf 83' lang='grc' dir='ltr'><strong>αἱ</strong></span> <span class='ocrx_word' id='word_1_597' title='bbox 372 5026 572 5097; x_wconf 84' lang='grc' dir='ltr'><strong>σάρκες</strong></span> <span class='ocrx_word' id='word_1_598' title='bbox 600 5032 719 5091; x_wconf 80' lang='grc' dir='ltr'><strong>ταῖς</strong></span> <span class='ocrx_word' id='word_1_599' title='bbox 747 5033 982 5101; x_wconf 77' lang='grc' dir='ltr'><strong>πληγαῖς</strong></span> <span class='ocrx_word' id='word_1_600' title='bbox 1017 5033 1378 5098; x_wconf 75' lang='grc' dir='ltr'><strong>διεκόπτοντο,</strong></span> <span class='ocrx_word' id='word_1_601' title='bbox 1417 5043 1510 5089; x_wconf 68' lang='grc' dir='ltr'><strong>καὶ</strong></span> <span class='ocrx_word' id='word_1_602' title='bbox 1551 5041 1582 5107; x_wconf 81' lang='grc' dir='ltr'>ὴ</span> <span class='ocrx_word' id='word_1_603' title='bbox 1626 5040 1712 5090; x_wconf 79' lang='grc' dir='ltr'><strong>ἓν-</strong></span> 
     </span>
    </p>
   </div>
   <div class='ocr_carea' id='block_1_84' title="bbox 143 5120 1712 5199">
    <p class='ocr_par' dir='ltr' id='par_1_84' title="bbox 143 5120 1712 5199">
     <span class='ocr_line' id='line_1_84' title="bbox 143 5120 1712 5199; baseline 0.008 -27"><span class='ocrx_word' id='word_1_604' title='bbox 143 5120 236 5172; x_wconf 80' lang='grc' dir='ltr'><strong>δον</strong></span> <span class='ocrx_word' id='word_1_605' title='bbox 263 5120 564 5189; x_wconf 81' lang='grc' dir='ltr'><strong>ἐγυμνοῦτο</strong></span> <span class='ocrx_word' id='word_1_606' title='bbox 611 5121 919 5186; x_wconf 84' lang='grc' dir='ltr'><strong>διάπλασις.</strong></span> <span class='ocrx_word' id='word_1_607' title='bbox 972 5128 1029 5177; x_wconf 83' lang='lat'><strong>&#39;0</strong></span> <span class='ocrx_word' id='word_1_608' title='bbox 1073 5126 1127 5176; x_wconf 73' lang='grc' dir='ltr'><strong>δὲ</strong></span> <span class='ocrx_word' id='word_1_609' title='bbox 1157 5125 1348 5196; x_wconf 73' lang='grc' dir='ltr'><strong>ὥσπερ</strong></span> <span class='ocrx_word' id='word_1_610' title='bbox 1394 5130 1452 5180; x_wconf 83' lang='grc' dir='ltr'><strong>ἐν</strong></span> <span class='ocrx_word' id='word_1_611' title='bbox 1483 5129 1712 5199; x_wconf 79' lang='grc' dir='ltr'><strong>λειμῶνι</strong></span> 
     </span>
    </p>
   </div>
   <div class='ocr_carea' id='block_1_85' title="bbox 142 5212 1702 5294">
    <p class='ocr_par' dir='ltr' id='par_1_85' title="bbox 142 5212 1702 5294">
     <span class='ocr_line' id='line_1_85' title="bbox 142 5212 1702 5294; baseline 0.01 -33"><span class='ocrx_word' id='word_1_612' title='bbox 142 5212 359 5282; x_wconf 82' lang='grc' dir='ltr'><strong>χλοερῴ</strong></span> <span class='ocrx_word' id='word_1_613' title='bbox 420 5214 742 5284; x_wconf 76' lang='grc' dir='ltr'><strong>διατρίϐων,</strong></span> <span class='ocrx_word' id='word_1_614' title='bbox 774 5219 885 5269; x_wconf 7' lang='grc' dir='ltr'><strong>,καὶ</strong></span> <span class='ocrx_word' id='word_1_615' title='bbox 943 5217 1128 5285; x_wconf 72' lang='grc' dir='ltr'><strong>ἠρέμα</strong></span> <span class='ocrx_word' id='word_1_616' title='bbox 1176 5220 1511 5290; x_wconf 82' lang='grc' dir='ltr'><strong>δρεπόμενος</strong></span> <span class='ocrx_word' id='word_1_617' title='bbox 1545 5223 1702 5294; x_wconf 82' lang='grc' dir='ltr'><strong>ἄνθη,</strong></span> 
     </span>
    </p>
   </div>
   <div class='ocr_carea' id='block_1_86' title="bbox 146 5302 1712 5386">
    <p class='ocr_par' dir='ltr' id='par_1_86' title="bbox 146 5302 1712 5386">
     <span class='ocr_line' id='line_1_86' title="bbox 146 5302 1712 5386; baseline 0.007 -29"><span class='ocrx_word' id='word_1_618' title='bbox 146 5302 294 5357; x_wconf 74' lang='grc' dir='ltr'><strong>οὕτω</strong></span> <span class='ocrx_word' id='word_1_619' title='bbox 327 5303 574 5371; x_wconf 86' lang='grc' dir='ltr'><strong>διέκειτο,</strong></span> <span class='ocrx_word' id='word_1_620' title='bbox 607 5308 699 5360; x_wconf 75' lang='grc' dir='ltr'><strong>καὶ</strong></span> <span class='ocrx_word' id='word_1_621' title='bbox 729 5306 942 5380; x_wconf 69' lang='grc' dir='ltr'><strong>⁴χαίρων</strong></span> <span class='ocrx_word' id='word_1_622' title='bbox 983 5309 1272 5364; x_wconf 73' lang='grc' dir='ltr'><strong>ἀποδίδωσι</strong></span> <span class='ocrx_word' id='word_1_623' title='bbox 1303 5313 1401 5384; x_wconf 75' lang='grc' dir='ltr'><strong>τὴν</strong></span> <span class='ocrx_word' id='word_1_624' title='bbox 1429 5314 1606 5384; x_wconf 65' lang='grc' dir='ltr'><strong>ψυχὴν</strong></span> <span class='ocrx_word' id='word_1_625' title='bbox 1635 5315 1712 5386; x_wconf 82' lang='grc' dir='ltr'><strong>τῷ</strong></span> 
     </span>
    </p>
   </div>
   <div class='ocr_carea' id='block_1_87' title="bbox 144 5395 290 5466">
    <p class='ocr_par' dir='ltr' id='par_1_87' title="bbox 144 5395 290 5466">
     <span class='ocr_line' id='line_1_87' title="bbox 144 5395 290 5466; baseline -0.007 -16"><span class='ocrx_word' id='word_1_626' title='bbox 144 5395 290 5466; x_wconf 82' lang='grc' dir='ltr'><strong>Θεῷ.</strong></span> 
     </span>
    </p>
   </div>
   <div class='ocr_carea' id='block_1_88' title="bbox 219 5485 1707 5570">
    <p class='ocr_par' dir='ltr' id='par_1_88' title="bbox 219 5485 1707 5570">
     <span class='ocr_line' id='line_1_88' title="bbox 219 5485 1707 5570; baseline 0.009 -32"><span class='ocrx_word' id='word_1_627' title='bbox 219 5488 298 5541; x_wconf 89' lang='lat' dir='ltr'><strong>Z&#39;.</strong></span> <span class='ocrx_word' id='word_1_628' title='bbox 343 5485 426 5537; x_wconf 73' lang='grc' dir='ltr'><strong>Ὠς</strong></span> <span class='ocrx_word' id='word_1_629' title='bbox 453 5485 510 5538; x_wconf 82' lang='grc' dir='ltr'><strong>δὲ</strong></span> <span class='ocrx_word' id='word_1_630' title='bbox 531 5489 625 5540; x_wconf 71' lang='grc' dir='ltr'><strong>καὶ</strong></span> <span class='ocrx_word' id='word_1_631' title='bbox 659 5492 691 5558; x_wconf 85' lang='grc' dir='ltr'><strong>ἡ</strong></span> <span class='ocrx_word' id='word_1_632' title='bbox 717 5489 851 5558; x_wconf 79' lang='grc' dir='ltr'>φλὸξ</span> <span class='ocrx_word' id='word_1_633' title='bbox 877 5492 970 5544; x_wconf 69' lang='grc' dir='ltr'><strong>ἐπὶ</strong></span> <span class='ocrx_word' id='word_1_634' title='bbox 996 5492 1138 5562; x_wconf 83' lang='grc' dir='ltr'><strong>μέγα</strong></span> <span class='ocrx_word' id='word_1_635' title='bbox 1168 5494 1331 5563; x_wconf 77' lang='grc' dir='ltr'><strong>ἤρετο</strong></span> <span class='ocrx_word' id='word_1_636' title='bbox 1353 5497 1475 5566; x_wconf 73' lang='grc' dir='ltr'><strong>ἤδη,</strong></span> <span class='ocrx_word' id='word_1_637' title='bbox 1510 5496 1707 5570; x_wconf 78' lang='grc' dir='ltr'><strong>βροντὴ</strong></span> 
     </span>
    </p>
   </div>
   <div class='ocr_carea' id='block_1_89' title="bbox 145 5578 1708 5657">
    <p class='ocr_par' dir='ltr' id='par_1_89' title="bbox 145 5578 1708 5657">
     <span class='ocr_line' id='line_1_89' title="bbox 145 5578 1708 5657; baseline 0.01 -26"><span class='ocrx_word' id='word_1_638' title='bbox 145 5579 356 5632; x_wconf 70' lang='grc' dir='ltr'><strong>ἄνωθεν</strong></span> <span class='ocrx_word' id='word_1_639' title='bbox 403 5578 675 5647; x_wconf 76' lang='grc' dir='ltr'><strong>φρικῶδὲς</strong></span> <span class='ocrx_word' id='word_1_640' title='bbox 718 5598 772 5634; x_wconf 84' lang='grc' dir='ltr'><strong>τι</strong></span> <span class='ocrx_word' id='word_1_641' title='bbox 814 5585 906 5650; x_wconf 71' lang='grc' dir='ltr'><strong>καὶ</strong></span> <span class='ocrx_word' id='word_1_642' title='bbox 939 5585 1166 5653; x_wconf 71' lang='grc' dir='ltr'><strong>φοϐερὸν</strong></span> <span class='ocrx_word' id='word_1_643' title='bbox 1211 5586 1565 5657; x_wconf 80' lang='grc' dir='ltr'><strong>ἁπηχὴσασα,</strong></span> <span class='ocrx_word' id='word_1_644' title='bbox 1616 5595 1708 5647; x_wconf 72' lang='grc' dir='ltr'><strong>καὶ</strong></span> 
     </span>
    </p>
   </div>
   <div class='ocr_carea' id='block_1_90' title="bbox 147 5671 1706 5748">
    <p class='ocr_par' dir='ltr' id='par_1_90' title="bbox 147 5671 1706 5748">
     <span class='ocr_line' id='line_1_90' title="bbox 147 5671 1706 5748; baseline 0.009 -25"><span class='ocrx_word' id='word_1_645' title='bbox 147 5671 321 5731; x_wconf 78' lang='grc' dir='ltr'><strong>πολὺν</strong></span> <span class='ocrx_word' id='word_1_646' title='bbox 353 5671 557 5741; x_wconf 74' lang='grc' dir='ltr'><strong>ὄμϐρον</strong></span> <span class='ocrx_word' id='word_1_647' title='bbox 605 5675 697 5725; x_wconf 80' lang='grc' dir='ltr'><strong>καὶ</strong></span> <span class='ocrx_word' id='word_1_648' title='bbox 746 5675 988 5743; x_wconf 74' lang='grc' dir='ltr'><strong>χάλαζαν</strong></span> <span class='ocrx_word' id='word_1_649' title='bbox 1033 5681 1564 5748; x_wconf 77' lang='grc' dir='ltr'><strong>συγκατενεγκοῦσα,</strong></span> <span class='ocrx_word' id='word_1_650' title='bbox 1600 5685 1706 5737; x_wconf 87' lang='grc' dir='ltr'><strong>διε-</strong></span> 
     </span>
    </p>
   </div>
   <div class='ocr_carea' id='block_1_91' title="bbox 148 5763 1700 5846">
    <p class='ocr_par' dir='ltr' id='par_1_91' title="bbox 148 5763 1700 5846">
     <span class='ocr_line' id='line_1_91' title="bbox 148 5763 1700 5846; baseline 0.01 -33"><span class='ocrx_word' id='word_1_651' title='bbox 148 5764 381 5815; x_wconf 80' lang='grc' dir='ltr'><strong>σκέδασε</strong></span> <span class='ocrx_word' id='word_1_652' title='bbox 414 5765 511 5830; x_wconf 77' lang='grc' dir='ltr'><strong>μὲν</strong></span> <span class='ocrx_word' id='word_1_653' title='bbox 537 5763 662 5826; x_wconf 72' lang='grc' dir='ltr'><strong>τοὺς</strong></span> <span class='ocrx_word' id='word_1_654' title='bbox 695 5765 919 5834; x_wconf 79' lang='grc' dir='ltr'><strong>δημίους</strong></span> <span class='ocrx_word' id='word_1_655' title='bbox 959 5772 1053 5820; x_wconf 72' lang='grc' dir='ltr'><strong>καὶ</strong></span> <span class='ocrx_word' id='word_1_656' title='bbox 1089 5771 1151 5821; x_wconf 80' lang='grc' dir='ltr'><strong>ἐκ</strong></span> <span class='ocrx_word' id='word_1_657' title='bbox 1191 5771 1353 5840; x_wconf 83' lang='grc' dir='ltr'><strong>μέσου</strong></span> <span class='ocrx_word' id='word_1_658' title='bbox 1386 5775 1700 5846; x_wconf 76' lang='grc' dir='ltr'><strong>πεποίηκεν.</strong></span> 
     </span>
    </p>
   </div>
   <div class='ocr_carea' id='block_1_92' title="bbox 146 5853 1688 5927">
    <p class='ocr_par' dir='ltr' id='par_1_92' title="bbox 146 5853 1688 5927">
     <span class='ocr_line' id='line_1_92' title="bbox 146 5853 1688 5927; baseline 0.009 -21"><span class='ocrx_word' id='word_1_659' title='bbox 146 5853 222 5911; x_wconf 78' lang='lat' dir='ltr'><strong>Ot‘</strong></span> <span class='ocrx_word' id='word_1_660' title='bbox 245 5855 300 5908; x_wconf 76' lang='grc' dir='ltr'><strong>δὲ</strong></span> <span class='ocrx_word' id='word_1_661' title='bbox 332 5855 728 5926; x_wconf 76' lang='grc' dir='ltr'><strong>φιλομάρτυρες</strong></span> <span class='ocrx_word' id='word_1_662' title='bbox 784 5862 875 5910; x_wconf 67' lang='grc' dir='ltr'><strong>καὶ</strong></span> <span class='ocrx_word' id='word_1_663' title='bbox 913 5860 1146 5927; x_wconf 70' lang='grc' dir='ltr'><strong>μάλιστα</strong></span> <span class='ocrx_word' id='word_1_664' title='bbox 1191 5862 1391 5917; x_wconf 82' lang='grc' dir='ltr'><strong>τούτων</strong></span> <span class='ocrx_word' id='word_1_665' title='bbox 1440 5866 1487 5919; x_wconf 78' lang='grc' dir='ltr'><strong>οι</strong></span> <span class='ocrx_word' id='word_1_666' title='bbox 1527 5883 1688 5920; x_wconf 73' lang='grc' dir='ltr'><strong>σπουο</strong></span> 
     </span>
    </p>
   </div>
   <div class='ocr_carea' id='block_1_93' title="bbox 1827 3295 3390 3364">
    <p class='ocr_par' dir='ltr' id='par_1_93' title="bbox 1827 3295 3390 3364">
     <span class='ocr_line' id='line_1_93' title="bbox 1827 3295 3390 3364; baseline -0.007 -8"><span class='ocrx_word' id='word_1_667' title='bbox 1827 3304 1970 3356; x_wconf 89' lang='lat' dir='ltr'><strong>tionc</strong></span> <span class='ocrx_word' id='word_1_668' title='bbox 2007 3312 2063 3355; x_wconf 90' lang='lat' dir='ltr'><strong>et</strong></span> <span class='ocrx_word' id='word_1_669' title='bbox 2089 3301 2330 3355; x_wconf 88' lang='lat' dir='ltr'><strong>cruciatu</strong></span> <span class='ocrx_word' id='word_1_670' title='bbox 2358 3301 2537 3354; x_wconf 86' lang='lat' dir='ltr'><strong>statim</strong></span> <span class='ocrx_word' id='word_1_671' title='bbox 2573 3297 2906 3352; x_wconf 87' lang='lat' dir='ltr'><strong>liberaberis.</strong></span> <span class='ocrx_word' id='word_1_672' title='bbox 2938 3295 3137 3364; x_wconf 83' lang='lat' dir='ltr'><strong>Martyr</strong></span> <span class='ocrx_word' id='word_1_673' title='bbox 3167 3304 3345 3346; x_wconf 89' lang='lat' dir='ltr'><strong>autem</strong></span> <span class='ocrx_word' id='word_1_674' title='bbox 3376 3309 3390 3344; x_wconf 86' lang='lat'>:</span> 
     </span>
    </p>
   </div>
   <div class='ocr_carea' id='block_1_94' title="bbox 1822 3383 3394 3460">
    <p class='ocr_par' dir='ltr' id='par_1_94' title="bbox 1822 3383 3394 3460">
     <span class='ocr_line' id='line_1_94' title="bbox 1822 3383 3394 3460; baseline -0.006 -14"><span class='ocrx_word' id='word_1_675' title='bbox 1822 3393 1902 3446; x_wconf 90' lang='lat' dir='ltr'><strong>Tu</strong></span> <span class='ocrx_word' id='word_1_676' title='bbox 1934 3407 2040 3457; x_wconf 92' lang='lat' dir='ltr'><strong>me,</strong></span> <span class='ocrx_word' id='word_1_677' title='bbox 2072 3391 2268 3460; x_wconf 89' lang='lat' dir='ltr'><strong>inquit,</strong></span> <span class='ocrx_word' id='word_1_678' title='bbox 2305 3391 2538 3444; x_wconf 87' lang='lat' dir='ltr'><strong>irridens</strong></span> <span class='ocrx_word' id='word_1_679' title='bbox 2580 3389 2700 3442; x_wconf 68' lang='lat' dir='ltr'><strong>haec</strong></span> <span class='ocrx_word' id='word_1_680' title='bbox 2748 3389 3007 3456; x_wconf 85' lang='lat' dir='ltr'><strong>loqueris,</strong></span> <span class='ocrx_word' id='word_1_681' title='bbox 3040 3401 3103 3440; x_wconf 90' lang='lat' dir='ltr'><strong>ea</strong></span> <span class='ocrx_word' id='word_1_682' title='bbox 3153 3383 3394 3454; x_wconf 84' lang='lat' dir='ltr'><strong>maligno</strong></span> 
     </span>
    </p>
   </div>
   <div class='ocr_carea' id='block_1_95' title="bbox 1822 3477 3392 3550">
    <p class='ocr_par' dir='ltr' id='par_1_95' title="bbox 1822 3477 3392 3550">
     <span class='ocr_line' id='line_1_95' title="bbox 1822 3477 3392 3550; baseline -0.007 -10"><span class='ocrx_word' id='word_1_683' title='bbox 1822 3485 2066 3540; x_wconf 65' lang='lat' dir='ltr'><strong>daemone</strong></span> <span class='ocrx_word' id='word_1_684' title='bbox 2115 3483 2168 3536; x_wconf 90' lang='lat' dir='ltr'><strong>in</strong></span> <span class='ocrx_word' id='word_1_685' title='bbox 2227 3498 2330 3536; x_wconf 89' lang='lat' dir='ltr'><strong>nos</strong></span> <span class='ocrx_word' id='word_1_686' title='bbox 2383 3480 2478 3535; x_wconf 89' lang='lat' dir='ltr'><strong>tibi</strong></span> <span class='ocrx_word' id='word_1_687' title='bbox 2537 3489 2882 3550; x_wconf 78' lang='lat' dir='ltr'><strong>suggerente.</strong></span> <span class='ocrx_word' id='word_1_688' title='bbox 2941 3477 3054 3548; x_wconf 79' lang='lat' dir='ltr'><strong>Ego</strong></span> <span class='ocrx_word' id='word_1_689' title='bbox 3109 3485 3289 3530; x_wconf 87' lang='lat' dir='ltr'><strong>autem</strong></span> <span class='ocrx_word' id='word_1_690' title='bbox 3336 3483 3392 3529; x_wconf 88' lang='lat' dir='ltr'><strong>et</strong></span> 
     </span>
    </p>
   </div>
   <div class='ocr_carea' id='block_1_96' title="bbox 1824 3570 3386 3647">
    <p class='ocr_par' dir='ltr' id='par_1_96' title="bbox 1824 3570 3386 3647">
     <span class='ocr_line' id='line_1_96' title="bbox 1824 3570 3386 3647; baseline -0.007 -18"><span class='ocrx_word' id='word_1_691' title='bbox 1824 3577 1971 3647; x_wconf 85' lang='lat' dir='ltr'><strong>prius</strong></span> <span class='ocrx_word' id='word_1_692' title='bbox 2003 3575 2218 3644; x_wconf 84' lang='lat' dir='ltr'><strong>quidem</strong></span> <span class='ocrx_word' id='word_1_693' title='bbox 2248 3573 2378 3627; x_wconf 83' lang='lat' dir='ltr'><strong>tibia</strong></span> <span class='ocrx_word' id='word_1_694' title='bbox 2419 3574 2474 3626; x_wconf 91' lang='lat' dir='ltr'><strong>in</strong></span> <span class='ocrx_word' id='word_1_695' title='bbox 2507 3587 2635 3642; x_wconf 83' lang='lat' dir='ltr'><strong>agro</strong></span> <span class='ocrx_word' id='word_1_696' title='bbox 2684 3581 2830 3624; x_wconf 87' lang='lat' dir='ltr'><strong>recte</strong></span> <span class='ocrx_word' id='word_1_697' title='bbox 2890 3570 3088 3631; x_wconf 88' lang='lat' dir='ltr'><strong>cecini,</strong></span> <span class='ocrx_word' id='word_1_698' title='bbox 3148 3581 3386 3636; x_wconf 81' lang='lat' dir='ltr'><strong>congre-</strong></span> 
     </span>
    </p>
   </div>
   <div class='ocr_carea' id='block_1_97' title="bbox 1822 3668 3391 3737">
    <p class='ocr_par' dir='ltr' id='par_1_97' title="bbox 1822 3668 3391 3737">
     <span class='ocr_line' id='line_1_97' title="bbox 1822 3668 3391 3737; baseline -0.007 -17"><span class='ocrx_word' id='word_1_699' title='bbox 1822 3682 1952 3737; x_wconf 88' lang='lat' dir='ltr'><strong>gans</strong></span> <span class='ocrx_word' id='word_1_700' title='bbox 1983 3676 2036 3719; x_wconf 78' lang='grc' dir='ltr'><strong>ει</strong></span> <span class='ocrx_word' id='word_1_701' title='bbox 2067 3677 2327 3719; x_wconf 72' lang='lat' dir='ltr'><strong>revocans</strong></span> <span class='ocrx_word' id='word_1_702' title='bbox 2365 3677 2511 3716; x_wconf 87' lang='lat' dir='ltr'><strong>meas</strong></span> <span class='ocrx_word' id='word_1_703' title='bbox 2542 3675 2692 3724; x_wconf 74' lang='lat' dir='ltr'><strong>OVCS,</strong></span> <span class='ocrx_word' id='word_1_704' title='bbox 2726 3668 2782 3713; x_wconf 75' lang='grc' dir='ltr'><strong>ει</strong></span> <span class='ocrx_word' id='word_1_705' title='bbox 2809 3674 2956 3712; x_wconf 88' lang='lat' dir='ltr'><strong>nunc</strong></span> <span class='ocrx_word' id='word_1_706' title='bbox 2985 3670 3202 3726; x_wconf 88' lang='lat' dir='ltr'><strong>quoque</strong></span> <span class='ocrx_word' id='word_1_707' title='bbox 3251 3668 3391 3709; x_wconf 89' lang='lat' dir='ltr'><strong>cano</strong></span> 
     </span>
    </p>
   </div>
   <div class='ocr_carea' id='block_1_98' title="bbox 1822 3745 3390 3818">
    <p class='ocr_par' dir='ltr' id='par_1_98' title="bbox 1822 3745 3390 3818">
     <span class='ocr_line' id='line_1_98' title="bbox 1822 3745 3390 3818; baseline -0.006 -11"><span class='ocrx_word' id='word_1_708' title='bbox 1822 3756 2049 3808; x_wconf 84' lang='lat' dir='ltr'><strong>Domino</strong></span> <span class='ocrx_word' id='word_1_709' title='bbox 2086 3771 2205 3808; x_wconf 90' lang='lat' dir='ltr'><strong>meo</strong></span> <span class='ocrx_word' id='word_1_710' title='bbox 2238 3755 2510 3809; x_wconf 86' lang='lat' dir='ltr'><strong>canticum</strong></span> <span class='ocrx_word' id='word_1_711' title='bbox 2549 3766 2772 3813; x_wconf 90' lang='lat' dir='ltr'><strong>novum,</strong></span> <span class='ocrx_word' id='word_1_712' title='bbox 2805 3751 2925 3818; x_wconf 87' lang='lat' dir='ltr'><strong>ejus</strong></span> <span class='ocrx_word' id='word_1_713' title='bbox 2944 3750 3179 3803; x_wconf 88' lang='lat' dir='ltr'><strong>salutare</strong></span> <span class='ocrx_word' id='word_1_714' title='bbox 3213 3745 3390 3801; x_wconf 90' lang='lat' dir='ltr'><strong>omni-</strong></span> 
     </span>
    </p>
   </div>
   <div class='ocr_carea' id='block_1_99' title="bbox 1821 3841 3389 3903">
    <p class='ocr_par' dir='ltr' id='par_1_99' title="bbox 1821 3841 3389 3903">
     <span class='ocr_line' id='line_1_99' title="bbox 1821 3841 3389 3903; baseline -0.006 -2"><span class='ocrx_word' id='word_1_715' title='bbox 1821 3847 1919 3902; x_wconf 87' lang='lat' dir='ltr'><strong>bus</strong></span> <span class='ocrx_word' id='word_1_716' title='bbox 1951 3846 2304 3900; x_wconf 81' lang='lat' dir='ltr'><strong>annuntians.</strong></span> <span class='ocrx_word' id='word_1_717' title='bbox 2337 3843 2451 3896; x_wconf 86' lang='lat' dir='ltr'><strong>Tua</strong></span> <span class='ocrx_word' id='word_1_718' title='bbox 2485 3853 2663 3896; x_wconf 90' lang='lat' dir='ltr'><strong>autem</strong></span> <span class='ocrx_word' id='word_1_719' title='bbox 2708 3844 2808 3895; x_wconf 87' lang='lat' dir='ltr'><strong>dea</strong></span> <span class='ocrx_word' id='word_1_720' title='bbox 2831 3842 2992 3894; x_wconf 82' lang='lat' dir='ltr'><strong>fuerit</strong></span> <span class='ocrx_word' id='word_1_721' title='bbox 3034 3841 3278 3903; x_wconf 89' lang='lat' dir='ltr'><strong>omnino,</strong></span> <span class='ocrx_word' id='word_1_722' title='bbox 3330 3847 3389 3893; x_wconf 90' lang='lat' dir='ltr'><strong>ut</strong></span> 
     </span>
    </p>
   </div>
   <div class='ocr_carea' id='block_1_100' title="bbox 1822 3931 3388 4010">
    <p class='ocr_par' dir='ltr' id='par_1_100' title="bbox 1822 3931 3388 4010">
     <span class='ocr_line' id='line_1_100' title="bbox 1822 3931 3388 4010; baseline -0.008 -13"><span class='ocrx_word' id='word_1_723' title='bbox 1822 3951 1904 4000; x_wconf 87' lang='lat' dir='ltr'><strong>est</strong></span> <span class='ocrx_word' id='word_1_724' title='bbox 1940 3941 1995 3994; x_wconf 90' lang='lat' dir='ltr'><strong>in</strong></span> <span class='ocrx_word' id='word_1_725' title='bbox 2035 3939 2341 4010; x_wconf 89' lang='lat' dir='ltr'><strong>proverbio,</strong></span> <span class='ocrx_word' id='word_1_726' title='bbox 2379 3937 2564 3991; x_wconf 88' lang='lat' dir='ltr'><strong>asinus</strong></span> <span class='ocrx_word' id='word_1_727' title='bbox 2586 3935 2650 3990; x_wconf 91' lang='lat' dir='ltr'><strong>ad</strong></span> <span class='ocrx_word' id='word_1_728' title='bbox 2679 3935 2888 3999; x_wconf 87' lang='lat' dir='ltr'><strong>tibiam,</strong></span> <span class='ocrx_word' id='word_1_729' title='bbox 2920 3943 2980 3989; x_wconf 81' lang='grc' dir='ltr'><strong>ιιι</strong></span> <span class='ocrx_word' id='word_1_730' title='bbox 2995 3947 3114 4004; x_wconf 79' lang='lat' dir='ltr'><strong>quae</strong></span> <span class='ocrx_word' id='word_1_731' title='bbox 3130 3933 3198 3988; x_wconf 90' lang='lat' dir='ltr'><strong>sit</strong></span> <span class='ocrx_word' id='word_1_732' title='bbox 3231 3931 3388 4002; x_wconf 85' lang='lat' dir='ltr'><strong>plane</strong></span> 
     </span>
    </p>
   </div>
   <div class='ocr_carea' id='block_1_101' title="bbox 1823 4027 2834 4096">
    <p class='ocr_par' dir='ltr' id='par_1_101' title="bbox 1823 4027 2834 4096">
     <span class='ocr_line' id='line_1_101' title="bbox 1823 4027 2834 4096; baseline -0.007 -11"><span class='ocrx_word' id='word_1_733' title='bbox 1823 4032 2082 4095; x_wconf 88' lang='lat' dir='ltr'><strong>inanima,</strong></span> <span class='ocrx_word' id='word_1_734' title='bbox 2118 4039 2173 4084; x_wconf 89' lang='lat' dir='ltr'><strong>et</strong></span> <span class='ocrx_word' id='word_1_735' title='bbox 2204 4029 2353 4082; x_wconf 91' lang='lat' dir='ltr'><strong>nullo</strong></span> <span class='ocrx_word' id='word_1_736' title='bbox 2387 4043 2556 4082; x_wconf 89' lang='lat' dir='ltr'><strong>sensu</strong></span> <span class='ocrx_word' id='word_1_737' title='bbox 2586 4027 2834 4096; x_wconf 81' lang='lat' dir='ltr'><strong>praedita.</strong></span> 
     </span>
    </p>
   </div>
   <div class='ocr_carea' id='block_1_102' title="bbox 1893 4223 3388 4295">
    <p class='ocr_par' dir='ltr' id='par_1_102' title="bbox 1893 4223 3388 4295">
     <span class='ocr_line' id='line_1_102' title="bbox 1893 4223 3388 4295; baseline -0.007 -9"><span class='ocrx_word' id='word_1_738' title='bbox 1893 4235 1979 4287; x_wconf 87' lang='lat' dir='ltr'><strong>Vl.</strong></span> <span class='ocrx_word' id='word_1_739' title='bbox 2006 4232 2098 4287; x_wconf 85' lang='lat' dir='ltr'><strong>His</strong></span> <span class='ocrx_word' id='word_1_740' title='bbox 2135 4229 2491 4284; x_wconf 80' lang='lat' dir='ltr'><strong>Maximianus</strong></span> <span class='ocrx_word' id='word_1_741' title='bbox 2531 4227 2702 4295; x_wconf 82' lang='lat' dir='ltr'><strong>magis</strong></span> <span class='ocrx_word' id='word_1_742' title='bbox 2749 4225 2804 4277; x_wconf 89' lang='lat' dir='ltr'><strong>in</strong></span> <span class='ocrx_word' id='word_1_743' title='bbox 2831 4238 2955 4278; x_wconf 87' lang='lat' dir='ltr'><strong>eum</strong></span> <span class='ocrx_word' id='word_1_744' title='bbox 3006 4223 3271 4286; x_wconf 89' lang='lat' dir='ltr'><strong>irritatur,</strong></span> <span class='ocrx_word' id='word_1_745' title='bbox 3330 4231 3388 4276; x_wconf 83' lang='lat' dir='ltr'><strong>et</strong></span> 
     </span>
    </p>
   </div>
   <div class='ocr_carea' id='block_1_103' title="bbox 1820 4310 3387 4394">
    <p class='ocr_par' dir='ltr' id='par_1_103' title="bbox 1820 4310 3387 4394">
     <span class='ocr_line' id='line_1_103' title="bbox 1820 4310 3387 4394; baseline -0.007 -18"><span class='ocrx_word' id='word_1_746' title='bbox 1820 4323 2091 4394; x_wconf 87' lang='lat' dir='ltr'><strong>prioribus</strong></span> <span class='ocrx_word' id='word_1_747' title='bbox 2108 4318 2540 4376; x_wconf 82' lang='lat' dir='ltr'><strong>vehementiores</strong></span> <span class='ocrx_word' id='word_1_748' title='bbox 2561 4316 2612 4370; x_wconf 91' lang='lat' dir='ltr'><strong>ei</strong></span> <span class='ocrx_word' id='word_1_749' title='bbox 2639 4315 2826 4385; x_wconf 87' lang='lat' dir='ltr'><strong>plagas</strong></span> <span class='ocrx_word' id='word_1_750' title='bbox 2849 4311 3090 4382; x_wconf 90' lang='lat' dir='ltr'><strong>imponit</strong></span> <span class='ocrx_word' id='word_1_751' title='bbox 3119 4329 3132 4365; x_wconf 92' lang='lat'>:</span> <span class='ocrx_word' id='word_1_752' title='bbox 3197 4320 3258 4364; x_wconf 86' lang='lat' dir='ltr'><strong>ut</strong></span> <span class='ocrx_word' id='word_1_753' title='bbox 3306 4310 3387 4365; x_wconf 90' lang='lat' dir='ltr'><strong>sic</strong></span> 
     </span>
    </p>
   </div>
   <div class='ocr_carea' id='block_1_104' title="bbox 1821 4402 3388 4483">
    <p class='ocr_par' dir='ltr' id='par_1_104' title="bbox 1821 4402 3388 4483">
     <span class='ocr_line' id='line_1_104' title="bbox 1821 4402 3388 4483; baseline -0.008 -16"><span class='ocrx_word' id='word_1_754' title='bbox 1821 4414 2036 4483; x_wconf 88' lang='lat' dir='ltr'><strong>quidem</strong></span> <span class='ocrx_word' id='word_1_755' title='bbox 2063 4412 2112 4467; x_wconf 91' lang='lat' dir='ltr'><strong>ei</strong></span> <span class='ocrx_word' id='word_1_756' title='bbox 2141 4418 2484 4465; x_wconf 83' lang='lat' dir='ltr'><strong>moverentur</strong></span> <span class='ocrx_word' id='word_1_757' title='bbox 2531 4405 2767 4468; x_wconf 87' lang='lat' dir='ltr'><strong>articuli,</strong></span> <span class='ocrx_word' id='word_1_758' title='bbox 2840 4413 2895 4457; x_wconf 91' lang='lat' dir='ltr'><strong>et</strong></span> <span class='ocrx_word' id='word_1_759' title='bbox 2945 4402 3388 4457; x_wconf 75' lang='lat' dir='ltr'><strong>dissolverentur</strong></span> 
     </span>
    </p>
   </div>
   <div class='ocr_carea' id='block_1_105' title="bbox 1822 4493 3381 4575">
    <p class='ocr_par' dir='ltr' id='par_1_105' title="bbox 1822 4493 3381 4575">
     <span class='ocr_line' id='line_1_105' title="bbox 1822 4493 3381 4575; baseline -0.008 -13"><span class='ocrx_word' id='word_1_760' title='bbox 1822 4519 2128 4575; x_wconf 81' lang='lat' dir='ltr'><strong>compages,</strong></span> <span class='ocrx_word' id='word_1_761' title='bbox 2159 4512 2214 4558; x_wconf 90' lang='lat' dir='ltr'><strong>et</strong></span> <span class='ocrx_word' id='word_1_762' title='bbox 2267 4500 2520 4556; x_wconf 89' lang='lat' dir='ltr'><strong>intestina</strong></span> <span class='ocrx_word' id='word_1_763' title='bbox 2563 4507 2821 4564; x_wconf 84' lang='lat' dir='ltr'><strong>tanquam</strong></span> <span class='ocrx_word' id='word_1_764' title='bbox 2850 4510 2990 4564; x_wconf 88' lang='lat' dir='ltr'><strong>aqua</strong></span> <span class='ocrx_word' id='word_1_765' title='bbox 3051 4493 3381 4550; x_wconf 82' lang='lat' dir='ltr'><strong>dimuerent.</strong></span> 
     </span>
    </p>
   </div>
   <div class='ocr_carea' id='block_1_106' title="bbox 1820 4585 3385 4665">
    <p class='ocr_par' dir='ltr' id='par_1_106' title="bbox 1820 4585 3385 4665">
     <span class='ocr_line' id='line_1_106' title="bbox 1820 4585 3385 4665; baseline -0.008 -13"><span class='ocrx_word' id='word_1_766' title='bbox 1820 4599 2023 4653; x_wconf 88' lang='lat' dir='ltr'><strong>Deinde</strong></span> <span class='ocrx_word' id='word_1_767' title='bbox 2052 4597 2368 4665; x_wconf 81' lang='lat' dir='ltr'><strong>cumignem</strong></span> <span class='ocrx_word' id='word_1_768' title='bbox 2399 4591 2562 4645; x_wconf 89' lang='lat' dir='ltr'><strong>etiam</strong></span> <span class='ocrx_word' id='word_1_769' title='bbox 2598 4587 2959 4645; x_wconf 86' lang='lat' dir='ltr'><strong>accendisset.</strong></span> <span class='ocrx_word' id='word_1_770' title='bbox 2999 4587 3045 4642; x_wconf 87' lang='lat' dir='ltr'><strong>si</strong></span> <span class='ocrx_word' id='word_1_771' title='bbox 3069 4585 3212 4656; x_wconf 87' lang='lat' dir='ltr'><strong>quod</strong></span> <span class='ocrx_word' id='word_1_772' title='bbox 3249 4585 3385 4640; x_wconf 90' lang='lat' dir='ltr'><strong>reli-</strong></span> 
     </span>
    </p>
   </div>
   <div class='ocr_carea' id='block_1_107' title="bbox 1817 4677 3384 4759">
    <p class='ocr_par' dir='ltr' id='par_1_107' title="bbox 1817 4677 3384 4759">
     <span class='ocr_line' id='line_1_107' title="bbox 1817 4677 3384 4759; baseline -0.009 -16"><span class='ocrx_word' id='word_1_773' title='bbox 1817 4702 1983 4759; x_wconf 91' lang='lat' dir='ltr'><strong>quum</strong></span> <span class='ocrx_word' id='word_1_774' title='bbox 2011 4693 2155 4741; x_wconf 89' lang='lat' dir='ltr'><strong>esset</strong></span> <span class='ocrx_word' id='word_1_775' title='bbox 2211 4683 2539 4744; x_wconf 86' lang='lat' dir='ltr'><strong>membrum,</strong></span> <span class='ocrx_word' id='word_1_776' title='bbox 2598 4681 2653 4736; x_wconf 91' lang='lat' dir='ltr'><strong>id</strong></span> <span class='ocrx_word' id='word_1_777' title='bbox 2704 4693 2918 4749; x_wconf 89' lang='lat' dir='ltr'><strong>quoque</strong></span> <span class='ocrx_word' id='word_1_778' title='bbox 2956 4692 3016 4731; x_wconf 89' lang='lat' dir='ltr'><strong>se</strong></span> <span class='ocrx_word' id='word_1_779' title='bbox 3073 4677 3384 4730; x_wconf 86' lang='lat' dir='ltr'><strong>minabatur</strong></span> 
     </span>
    </p>
   </div>
   <div class='ocr_carea' id='block_1_108' title="bbox 1817 4769 3382 4842">
    <p class='ocr_par' dir='ltr' id='par_1_108' title="bbox 1817 4769 3382 4842">
     <span class='ocr_line' id='line_1_108' title="bbox 1817 4769 3382 4842; baseline -0.009 -7"><span class='ocrx_word' id='word_1_780' title='bbox 1817 4780 2251 4838; x_wconf 85' lang='lat' dir='ltr'><strong>combusturum,</strong></span> <span class='ocrx_word' id='word_1_781' title='bbox 2283 4783 2342 4828; x_wconf 94' lang='lat' dir='ltr'><strong>ut</strong></span> <span class='ocrx_word' id='word_1_782' title='bbox 2380 4788 2448 4827; x_wconf 89' lang='lat' dir='ltr'><strong>ne</strong></span> <span class='ocrx_word' id='word_1_783' title='bbox 2487 4772 2708 4842; x_wconf 87' lang='lat' dir='ltr'><strong>quidem</strong></span> <span class='ocrx_word' id='word_1_784' title='bbox 2749 4769 2996 4823; x_wconf 89' lang='lat' dir='ltr'><strong>omnium</strong></span> <span class='ocrx_word' id='word_1_785' title='bbox 3029 4781 3382 4823; x_wconf 86' lang='lat' dir='ltr'><strong>communem</strong></span> 
     </span>
    </p>
   </div>
   <div class='ocr_carea' id='block_1_109' title="bbox 1814 4858 3384 4937">
    <p class='ocr_par' dir='ltr' id='par_1_109' title="bbox 1814 4858 3384 4937">
     <span class='ocr_line' id='line_1_109' title="bbox 1814 4858 3384 4937; baseline -0.008 -13"><span class='ocrx_word' id='word_1_786' title='bbox 1814 4877 2194 4937; x_wconf 84' lang='lat' dir='ltr'><strong>assequeretur</strong></span> <span class='ocrx_word' id='word_1_787' title='bbox 2230 4865 2583 4934; x_wconf 90' lang='lat' dir='ltr'><strong>sepulturam.</strong></span> <span class='ocrx_word' id='word_1_788' title='bbox 2621 4861 2713 4915; x_wconf 90' lang='lat' dir='ltr'><strong>Sic</strong></span> <span class='ocrx_word' id='word_1_789' title='bbox 2740 4875 2871 4931; x_wconf 88' lang='lat' dir='ltr'><strong>ergo</strong></span> <span class='ocrx_word' id='word_1_790' title='bbox 2904 4877 2964 4914; x_wconf 89' lang='lat' dir='ltr'><strong>se</strong></span> <span class='ocrx_word' id='word_1_791' title='bbox 2997 4861 3227 4930; x_wconf 86' lang='lat' dir='ltr'><strong>parabat</strong></span> <span class='ocrx_word' id='word_1_792' title='bbox 3270 4858 3384 4912; x_wconf 79' lang='lat' dir='ltr'><strong>Ma-</strong></span> 
     </span>
    </p>
   </div>
   <div class='ocr_carea' id='block_1_110' title="bbox 1813 4953 3384 5024">
    <p class='ocr_par' dir='ltr' id='par_1_110' title="bbox 1813 4953 3384 5024">
     <span class='ocr_line' id='line_1_110' title="bbox 1813 4953 3384 5024; baseline -0.006 -9"><span class='ocrx_word' id='word_1_793' title='bbox 1813 4963 2103 5020; x_wconf 73' lang='lat' dir='ltr'><strong>ximianus.</strong></span> <span class='ocrx_word' id='word_1_794' title='bbox 2136 4968 2190 5013; x_wconf 91' lang='lat' dir='ltr'><strong>et</strong></span> <span class='ocrx_word' id='word_1_795' title='bbox 2218 4960 2296 5012; x_wconf 89' lang='lat' dir='ltr'><strong>sic</strong></span> <span class='ocrx_word' id='word_1_796' title='bbox 2314 4955 2546 5009; x_wconf 82' lang='lat' dir='ltr'><strong>iaciebat</strong></span> <span class='ocrx_word' id='word_1_797' title='bbox 2581 4971 2594 5007; x_wconf 89' lang='lat'>:</span> <span class='ocrx_word' id='word_1_798' title='bbox 2624 4964 2679 5008; x_wconf 92' lang='lat' dir='ltr'><strong>et</strong></span> <span class='ocrx_word' id='word_1_799' title='bbox 2702 4953 2922 5024; x_wconf 83' lang='lat' dir='ltr'><strong>martyri</strong></span> <span class='ocrx_word' id='word_1_800' title='bbox 2945 4953 3163 5021; x_wconf 89' lang='lat' dir='ltr'><strong>quidem</strong></span> <span class='ocrx_word' id='word_1_801' title='bbox 3189 4966 3384 5006; x_wconf 82' lang='lat' dir='ltr'><strong>carnes</strong></span> 
     </span>
    </p>
   </div>
   <div class='ocr_carea' id='block_1_111' title="bbox 1812 5043 3376 5126">
    <p class='ocr_par' dir='ltr' id='par_1_111' title="bbox 1812 5043 3376 5126">
     <span class='ocr_line' id='line_1_111' title="bbox 1812 5043 3376 5126; baseline -0.007 -19"><span class='ocrx_word' id='word_1_802' title='bbox 1812 5055 1981 5126; x_wconf 87' lang='lat' dir='ltr'><strong>plagis</strong></span> <span class='ocrx_word' id='word_1_803' title='bbox 2003 5051 2366 5109; x_wconf 88' lang='lat' dir='ltr'><strong>laniabautur,</strong></span> <span class='ocrx_word' id='word_1_804' title='bbox 2391 5055 2444 5101; x_wconf 91' lang='lat' dir='ltr'><strong>et</strong></span> <span class='ocrx_word' id='word_1_805' title='bbox 2474 5047 2685 5101; x_wconf 89' lang='lat' dir='ltr'><strong>interna</strong></span> <span class='ocrx_word' id='word_1_806' title='bbox 2717 5044 3103 5115; x_wconf 84' lang='lat' dir='ltr'><strong>aperiebantur</strong></span> <span class='ocrx_word' id='word_1_807' title='bbox 3133 5043 3376 5110; x_wconf 85' lang='lat' dir='ltr'><strong>viscera;</strong></span> 
     </span>
    </p>
   </div>
   <div class='ocr_carea' id='block_1_112' title="bbox 1814 5137 3383 5208">
    <p class='ocr_par' dir='ltr' id='par_1_112' title="bbox 1814 5137 3383 5208">
     <span class='ocr_line' id='line_1_112' title="bbox 1814 5137 3383 5208; baseline -0.008 -8"><span class='ocrx_word' id='word_1_808' title='bbox 1814 5145 1904 5200; x_wconf 89' lang='lat' dir='ltr'><strong>ille</strong></span> <span class='ocrx_word' id='word_1_809' title='bbox 1951 5151 2135 5196; x_wconf 84' lang='lat' dir='ltr'><strong>autem</strong></span> <span class='ocrx_word' id='word_1_810' title='bbox 2185 5149 2440 5208; x_wconf 87' lang='lat' dir='ltr'><strong>tanquam</strong></span> <span class='ocrx_word' id='word_1_811' title='bbox 2479 5138 2531 5190; x_wconf 90' lang='lat' dir='ltr'><strong>in</strong></span> <span class='ocrx_word' id='word_1_812' title='bbox 2561 5137 2786 5191; x_wconf 87' lang='lat' dir='ltr'><strong>herbido</strong></span> <span class='ocrx_word' id='word_1_813' title='bbox 2814 5144 2971 5204; x_wconf 90' lang='lat' dir='ltr'><strong>prato</strong></span> <span class='ocrx_word' id='word_1_814' title='bbox 3013 5149 3262 5201; x_wconf 87' lang='lat' dir='ltr'><strong>versans,</strong></span> <span class='ocrx_word' id='word_1_815' title='bbox 3327 5142 3383 5190; x_wconf 88' lang='lat' dir='ltr'><strong>et</strong></span> 
     </span>
    </p>
   </div>
   <div class='ocr_carea' id='block_1_113' title="bbox 1813 5224 3381 5298">
    <p class='ocr_par' dir='ltr' id='par_1_113' title="bbox 1813 5224 3381 5298">
     <span class='ocr_line' id='line_1_113' title="bbox 1813 5224 3381 5298; baseline -0.005 -10"><span class='ocrx_word' id='word_1_816' title='bbox 1813 5247 2010 5289; x_wconf 87' lang='lat' dir='ltr'><strong>vernos</strong></span> <span class='ocrx_word' id='word_1_817' title='bbox 2036 5230 2199 5285; x_wconf 82' lang='lat' dir='ltr'><strong>ﬂores</strong></span> <span class='ocrx_word' id='word_1_818' title='bbox 2226 5229 2544 5298; x_wconf 85' lang='lat' dir='ltr'><strong>decerpens,</strong></span> <span class='ocrx_word' id='word_1_819' title='bbox 2574 5237 2689 5282; x_wconf 89' lang='lat' dir='ltr'><strong>erat</strong></span> <span class='ocrx_word' id='word_1_820' title='bbox 2712 5227 2960 5290; x_wconf 77' lang='lat' dir='ltr'><strong>allectus,</strong></span> <span class='ocrx_word' id='word_1_821' title='bbox 2995 5237 3051 5281; x_wconf 88' lang='lat' dir='ltr'><strong>et</strong></span> <span class='ocrx_word' id='word_1_822' title='bbox 3086 5225 3243 5280; x_wconf 73' lang='lat' dir='ltr'><strong>laetus</strong></span> <span class='ocrx_word' id='word_1_823' title='bbox 3267 5224 3381 5280; x_wconf 88' lang='lat' dir='ltr'><strong>Deo</strong></span> 
     </span>
    </p>
   </div>
   <div class='ocr_carea' id='block_1_114' title="bbox 1814 5323 2277 5379">
    <p class='ocr_par' dir='ltr' id='par_1_114' title="bbox 1814 5323 2277 5379">
     <span class='ocr_line' id='line_1_114' title="bbox 1814 5323 2277 5379; baseline -0.011 0"><span class='ocrx_word' id='word_1_824' title='bbox 1814 5323 1990 5379; x_wconf 86' lang='lat' dir='ltr'><strong>reddit</strong></span> <span class='ocrx_word' id='word_1_825' title='bbox 2016 5323 2277 5376; x_wconf 90' lang='lat' dir='ltr'><strong>animam.</strong></span> 
     </span>
    </p>
   </div>
   <div class='ocr_carea' id='block_1_115' title="bbox 1881 5496 3380 5567">
    <p class='ocr_par' dir='ltr' id='par_1_115' title="bbox 1881 5496 3380 5567">
     <span class='ocr_line' id='line_1_115' title="bbox 1881 5496 3380 5567; baseline -0.001 -13"><span class='ocrx_word' id='word_1_826' title='bbox 1881 5501 1992 5559; x_wconf 76' lang='lat' dir='ltr'><strong>Vll.</strong></span> <span class='ocrx_word' id='word_1_827' title='bbox 2023 5501 2156 5558; x_wconf 89' lang='lat' dir='ltr'><strong>Cum</strong></span> <span class='ocrx_word' id='word_1_828' title='bbox 2184 5512 2364 5558; x_wconf 92' lang='lat' dir='ltr'><strong>autem</strong></span> <span class='ocrx_word' id='word_1_829' title='bbox 2389 5496 2499 5567; x_wconf 85' lang='lat' dir='ltr'><strong>jam</strong></span> <span class='ocrx_word' id='word_1_830' title='bbox 2529 5499 2739 5554; x_wconf 82' lang='lat' dir='ltr'><strong>ﬂamma</strong></span> <span class='ocrx_word' id='word_1_831' title='bbox 2775 5496 2827 5551; x_wconf 91' lang='lat' dir='ltr'><strong>in</strong></span> <span class='ocrx_word' id='word_1_832' title='bbox 2858 5498 3025 5554; x_wconf 83' lang='lat' dir='ltr'><strong>altum</strong></span> <span class='ocrx_word' id='word_1_833' title='bbox 3061 5505 3206 5553; x_wconf 90' lang='lat' dir='ltr'><strong>esset</strong></span> <span class='ocrx_word' id='word_1_834' title='bbox 3249 5496 3380 5552; x_wconf 85' lang='lat' dir='ltr'><strong>sub-</strong></span> 
     </span>
    </p>
   </div>
   <div class='ocr_carea' id='block_1_116' title="bbox 1811 5592 3378 5667">
    <p class='ocr_par' dir='ltr' id='par_1_116' title="bbox 1811 5592 3378 5667">
     <span class='ocr_line' id='line_1_116' title="bbox 1811 5592 3378 5667; baseline -0.004 -17"><span class='ocrx_word' id='word_1_835' title='bbox 1811 5597 1940 5660; x_wconf 89' lang='lat' dir='ltr'><strong>lata,</strong></span> <span class='ocrx_word' id='word_1_836' title='bbox 1971 5596 2214 5651; x_wconf 87' lang='lat' dir='ltr'><strong>terribile</strong></span> <span class='ocrx_word' id='word_1_837' title='bbox 2263 5593 2666 5649; x_wconf 89' lang='lat' dir='ltr'><strong>ethorrendum</strong></span> <span class='ocrx_word' id='word_1_838' title='bbox 2693 5592 2894 5646; x_wconf 89' lang='lat' dir='ltr'><strong>tonitru</strong></span> <span class='ocrx_word' id='word_1_839' title='bbox 2921 5605 3209 5667; x_wconf 86' lang='lat' dir='ltr'><strong>resonans,</strong></span> <span class='ocrx_word' id='word_1_840' title='bbox 3236 5592 3378 5644; x_wconf 87' lang='lat' dir='ltr'><strong>mul-</strong></span> 
     </span>
    </p>
   </div>
   <div class='ocr_carea' id='block_1_117' title="bbox 1813 5678 3375 5758">
    <p class='ocr_par' dir='ltr' id='par_1_117' title="bbox 1813 5678 3375 5758">
     <span class='ocr_line' id='line_1_117' title="bbox 1813 5678 3375 5758; baseline -0.004 -18"><span class='ocrx_word' id='word_1_841' title='bbox 1813 5698 2034 5758; x_wconf 87' lang='lat' dir='ltr'><strong>tumque</strong></span> <span class='ocrx_word' id='word_1_842' title='bbox 2083 5688 2309 5741; x_wconf 89' lang='lat' dir='ltr'><strong>imbrem</strong></span> <span class='ocrx_word' id='word_1_843' title='bbox 2361 5694 2417 5740; x_wconf 89' lang='lat' dir='ltr'><strong>et</strong></span> <span class='ocrx_word' id='word_1_844' title='bbox 2489 5683 2807 5754; x_wconf 85' lang='lat' dir='ltr'><strong>grandinem</strong></span> <span class='ocrx_word' id='word_1_845' title='bbox 2864 5678 3025 5736; x_wconf 84' lang='lat' dir='ltr'><strong>simul</strong></span> <span class='ocrx_word' id='word_1_846' title='bbox 3087 5681 3375 5750; x_wconf 84' lang='lat' dir='ltr'><strong>dejiciens,</strong></span> 
     </span>
    </p>
   </div>
   <div class='ocr_carea' id='block_1_118' title="bbox 1816 5775 3372 5849">
    <p class='ocr_par' dir='ltr' id='par_1_118' title="bbox 1816 5775 3372 5849">
     <span class='ocr_line' id='line_1_118' title="bbox 1816 5775 3372 5849; baseline -0.003 -17"><span class='ocrx_word' id='word_1_847' title='bbox 1816 5781 2035 5836; x_wconf 88' lang='lat' dir='ltr'><strong>lictores</strong></span> <span class='ocrx_word' id='word_1_848' title='bbox 2067 5781 2282 5849; x_wconf 83' lang='lat' dir='ltr'><strong>quidem</strong></span> <span class='ocrx_word' id='word_1_849' title='bbox 2319 5778 2529 5847; x_wconf 89' lang='lat' dir='ltr'><strong>depulit</strong></span> <span class='ocrx_word' id='word_1_850' title='bbox 2558 5787 2611 5831; x_wconf 89' lang='lat' dir='ltr'><strong>ct</strong></span> <span class='ocrx_word' id='word_1_851' title='bbox 2647 5778 2938 5848; x_wconf 84' lang='lat' dir='ltr'><strong>dispersit;</strong></span> <span class='ocrx_word' id='word_1_852' title='bbox 2981 5775 3136 5830; x_wconf 87' lang='lat' dir='ltr'><strong>amici</strong></span> <span class='ocrx_word' id='word_1_853' title='bbox 3191 5783 3372 5828; x_wconf 83' lang='lat' dir='ltr'><strong>autem</strong></span> 
     </span>
    </p>
   </div>
   <div class='ocr_carea' id='block_1_119' title="bbox 1813 5866 3368 5940">
    <p class='ocr_par' dir='ltr' id='par_1_119' title="bbox 1813 5866 3368 5940">
     <span class='ocr_line' id='line_1_119' title="bbox 1813 5866 3368 5940; baseline -0.005 -14"><span class='ocrx_word' id='word_1_854' title='bbox 1813 5883 2127 5940; x_wconf 67' lang='lat' dir='ltr'><strong>martyrum,</strong></span> <span class='ocrx_word' id='word_1_855' title='bbox 2157 5883 2208 5926; x_wconf 86' lang='lat' dir='ltr'><strong>et</strong></span> <span class='ocrx_word' id='word_1_856' title='bbox 2238 5872 2468 5926; x_wconf 58' lang='lat' dir='ltr'><strong>maxime</strong></span> <span class='ocrx_word' id='word_1_857' title='bbox 2535 5871 2566 5925; x_wconf 92' lang='lat' dir='ltr'><strong>ii</strong></span> <span class='ocrx_word' id='word_1_858' title='bbox 2623 5871 2712 5940; x_wconf 83' lang='lat' dir='ltr'><strong>qui</strong></span> <span class='ocrx_word' id='word_1_859' title='bbox 2771 5877 2928 5925; x_wconf 86' lang='lat' dir='ltr'><strong>erant</strong></span> <span class='ocrx_word' id='word_1_860' title='bbox 2983 5866 3368 5939; x_wconf 79' lang='lat' dir='ltr'><strong>diligentiores,</strong></span> 
     </span>
    </p>
   </div>
  </div>
