4170 6322
744 310 853 376 639

1965 310 2248 372 MENSIS
2285 310 2760 371 SEPTEMBER.

3889 316 3987 380 640

747 438 937 478 secure
1003 423 1323 494 colligebant
1385 423 1636 494 martyris
1730 425 2007 495 reliquias.
2084 425 2307 479 Interim

2419 424 2709 494 δαιότεροι,
2767 423 2947 489 ἀδείας
2987 425 3276 495 λαδὸμινοι
3320 425 3416 497 τῆς
3465 427 3574 482 ἀπὸ
3613 427 3726 482 τῶν
3755 430 3985 498 δημίων,

748 525 928 568 autem
956 530 1075 569 cum
1103 530 1209 568 nox
1236 529 1451 584 quoque
1485 513 1821 582 advenisset,
1853 533 1959 569 non
1987 517 2084 570 fuit
2132 528 2307 572 retar-

748 607 932 658 datum
969 605 1183 657 illorum
1216 615 1525 674 promptum
1550 613 1604 658 et
1626 605 1804 662 alacre
1831 608 2092 661 studium.
2125 605 2311 676 Neque

748 699 893 752 enim
921 706 1035 750 erat
1061 712 1160 750 nox
1193 699 1445 766 amplius,
1479 697 1572 751 sed
1604 698 1690 752 lux
1722 699 2026 754 clarissima
2065 701 2314 768 protinus

752 787 1098 845 illucescens.
1173 803 1233 840 ea
1302 789 1563 842 reddebat
1639 789 1948 851 manifesta,
2010 806 2129 859 quae
2204 807 2310 845 non

751 875 1036 941 oportebat
1061 874 1250 935 latere,
1287 885 1338 926 et
1373 877 1659 944 praestabat
1692 886 1834 930 utea
1857 876 2010 931 facile
2061 878 2315 932 tolleren-

749 975 837 1016 tur
874 975 927 1016 et
953 963 1331 1038 colligerentur
1353 982 1380 1017 a
1403 967 1523 1033 piis.
1548 967 1676 1032 Quae
1696 968 1914 1036 quidem
1935 969 2111 1020 omnia
2131 978 2316 1023 sancte

750 1053 972 1106 collecta
1009 1053 1236 1121 septimo
1268 1053 1624 1122 Septembris,
1659 1057 1971 1125 praeclaram
2021 1066 2075 1110 ct
2105 1058 2313 1127 magni-

758 1144 914 1197 ﬁcam
989 1158 1236 1197 asset-uta
1288 1156 1416 1199 sunt
1468 1148 1826 1216 sepulturam.
1879 1149 1992 1203 Lux
2037 1150 2181 1202 enim
2231 1151 2315 1204 illa

753 1237 914 1287 etiam
942 1251 1112 1304 usque
1141 1237 1204 1290 ad
1237 1237 1412 1306 ipsum
1437 1239 1585 1291 venit
1617 1241 1950 1308 sepulcrum,
1987 1249 2039 1293 et
2062 1257 2315 1310 perman-

752 1331 822 1382 sit
866 1330 918 1382 in
944 1332 1220 1399 sepultura
1272 1333 1653 1400 reliquiarum.
1721 1333 1923 1388 Deinde
1975 1350 2189 1390 reversa
2235 1344 2320 1389 est

754 1435 855 1471 nox
889 1421 952 1471 ad
990 1435 1139 1473 suam
1162 1431 1406 1478 naturam
1438 1439 1451 1487 ;
1486 1433 1538 1476 et
1571 1424 1768 1493 ubique
1801 1425 1902 1478 fuit
1938 1426 2116 1484 Sozon
2177 1443 2319 1496 prae-

753 1510 964 1562 dicatus
990 1509 1162 1562 victor
1197 1511 1486 1576 praeclarus
1519 1513 1585 1566 ad
1612 1513 1833 1584 gloriam
1871 1515 1963 1568 Dei
2018 1515 2215 1578 Patris,
2268 1527 2323 1570 et

755 1600 965 1653 Domini
1001 1603 1167 1655 uestri
1195 1600 1322 1656 Jesu
1374 1603 1598 1666 Christi,
1676 1619 1838 1672 quem
1909 1605 2063 1658 decet
2131 1606 2323 1670 honor,

754 1691 919 1758 gloria
950 1703 1004 1747 et
1032 1695 1268 1762 potentia
1308 1695 1362 1747 in
1398 1694 1590 1749 saecula
1626 1695 1970 1750 saeculorum.
2001 1697 2190 1750 Amen.

1408 1976 1688 1995 ι*

2416 516 2642 584 ἄσμενοι
2675 518 2743 568 τὰ
2799 518 3111 588 μαρτυρτκὲι
3157 518 3442 587 συνέλεγον
3481 519 3711 590 λείψανα
3744 538 3760 552 ο
3808 523 3867 575 ἐν
3893 510 3987 577 '19-

2418 607 2593 676 σούτῳ
2625 609 2717 660 καὶ
2753 610 2784 677 ἠ
2819 609 2913 675 νὺξ
2946 611 3307 680 ἐπιγενομένη
3335 610 3432 681 τὴν
3459 612 3685 666 ἐκείνων
3716 615 3819 668 οὐκ
3859 616 3985 669 ἐπέ-

2417 717 2582 752 κοπτε
2603 696 2927 770 προθυμίαν,
2961 703 3138 755 οὖκέτι
3163 703 3267 774 γὰρ
3301 703 3417 756 οὐδὲ
3449 704 3585 773 αὑτὴ
3612 707 3707 772 νὺξ
3729 704 3817 775 ἦν,
3851 708 3983 761 ἀλλὰ

2418 793 2532 861 φῶς
2561 793 2942 863 λαμπρότατον
2983 789 3094 847 οἷον
3129 795 3324 847 αὐτίκα
3356 796 3644 864 ἐκλάμψαν
3668 798 3804 864 δῆλά
3835 815 3896 850 τε
3922 800 3982 850 τὰ

2423 884 2496 952 μὴ
2529 883 2619 936 τοῦ
2653 885 2832 936 λαθεῖν
2864 884 2991 949 ἀξια
3026 886 3219 946 ἐποίει,
3253 889 3343 939 καὶ
3385 888 3728 956 ἀναιρεῖσθαι
3759 891 3874 950 τοῖς
3903 889 3983 939 εὑ-

2423 974 2601 1028 σεδέσι
2637 977 2832 1048 ῥᾳδίως
2864 979 3003 1032 αὐτὰ
3037 980 3131 1031 καὶ
3174 977 3447 1044 συλλέγειν
3487 981 3853 1049 παρεῖχεν.Ἃ
3892 981 3983 1048 δή·

2422 1084 2524 1119 που
2556 1069 2733 1121 πάντα
2757 1071 2849 1121 καὶ
2874 1070 3033 1139 ἱερῶς
3058 1068 3384 1137 συλλεγέντα
3407 1071 3606 1141 ἐϐδόμῃ
3630 1072 3725 1124 τοῦ
3744 1073 3987 1140 Σεπτεμ-

2422 1160 2575 1228 ϐρίου
2601 1160 2880 1229 φιλοτίμου
2915 1163 3090 1230 ταφῆς
3129 1162 3286 1229 ἔτυχε
3340 1161 3434 1213 καὶ
3457 1161 3738 1231 λαμπρᾶς.
3773 1164 3846 1215 Τὸ
3880 1165 3988 1232 φῶς

2423 1251 2531 1320 γὰρ
2566 1254 2738 1304 ἐκεῖνο
2789 1252 2883 1304 καὶ
2925 1252 3059 1322 πρὸς
3091 1253 3253 1306 αὑτὸν
3285 1248 3417 1322 ἦλθε
3455 1255 3546 1305 τὸν
3595 1255 3768 1320 τάφον
3799 1257 3893 1306 καὶ
3930 1257 3986 1322 τῇ

2422 1342 2532 1397 τῶν
2571 1343 2836 1413 λειψάνων
2889 1347 3029 1415 ταφῇ
3058 1347 3352 1414 παρέμεινε
3407 1347 3667 1410 πάντων,
3722 1343 3845 1399 εἶτα
3901 1348 3988 1397 καὶ

2424 1436 2630 1488 οἰκείαν
2663 1438 2824 1492 πάλιν
2859 1437 3004 1507 mea
3034 1437 3282 1490 ἀνείλετο
3313 1440 3497 1505 φύσιν,
3533 1439 3626 1492 καὶ
3657 1440 3745 1491 διὰ
3771 1439 3984 1492 πάντων

2425 1530 2451 1580 ὁ
2490 1527 2738 1596 λαμπρὸς
2769 1529 3168 1597 ἀνεκηρύττετο
3197 1530 3551 1597 στεφανίτης,
3597 1534 3676 1590 είς
3710 1528 3870 1594 δόξαν
3900 1529 3985 1581 τοῦ

2428 1618 2560 1670 Θεοῦ
2613 1619 2839 1688 Πατρος,
2869 1622 2964 1671 καὶ
3012 1621 3215 1689 Κυρίου
3253 1619 3408 1689 ἡμῶν
3451 1618 3627 1686 Ἰησοῦ
3663 1621 3922 1690 Χριστοῦ,
3947 1614 3988 1686 ᾧ

2434 1711 2633 1777 πρέπει
2663 1710 2817 1780 τιμὴ,
2869 1710 3067 1781 κράτος
3102 1713 3181 1774 εἰς
3216 1710 3339 1774 τοὺς
3372 1709 3575 1773 αἰῶνας
3612 1711 3725 1762 τῶν
3758 1713 3982 1764 αἰώνων.

2434 1801 2625 1870 Ἀμὴν.

1152 2132 1777 2219 ΜΑΡΤΥΡΙΟΝ
1851 2136 2076 2219 ΤΟΥ
2148 2136 2481 2220 ΑΓΙΟΥ
2559 2139 3591 2223 ΜΕΓΑΛΟΜΑΡΤΥΡΟΣ

1830 2327 2924 2462 ΣΕΥΗΡΙΑΝΟΥ.

1023 2749 1742 2839 MARTYRIUM

1864 2749 2273 2836 SANCTI
2383 2747 2533 2836 ET
2631 2746 3004 2840 MAGNI
3125 2745 3746 2838 MARTYRIS

1982 2958 2788 3075 SEVERIANI.

1214 3187 1406 3238 (Grece
1447 3196 1508 3232 ex
1538 3185 1647 3233 cod.
1672 3196 1763 3234 ms.
1809 3181 1966 3233 Paris.
2000 3194 2049 3230 n.
2081 3181 2223 3242 1525,
2253 3194 2366 3232 σεε.
2392 3196 2485 3243 xu;
2520 3183 2695 3234 Latine
2717 3186 2842 3248 apud
2871 3185 3069 3237 Snrium
3092 3187 3149 3235 ad
3174 3188 3305 3235 diem
3330 3188 3359 3235 9
3389 3187 3558 3248 Sept.)

838 3489 878 3542 I.
910 3485 1116 3540 Licinio
1141 3484 1307 3551 impio
1330 3483 1656 3550 imperante,
1710 3480 1917 3549 Lysias,
1948 3481 2039 3548 qui
2068 3491 2196 3536 tunc
2221 3492 2335 3538 erat

2509 3488 2586 3542 A'.
2612 3485 2884 3540 Λικιννίου
2915 3483 3008 3538 τοῦ
3029 3482 3322 3547 δυσσεϐοῦς
3341 3483 3747 3556 βασιλεύοντος,
3782 3487 3993 3553 Λυσίας,

770 3580 900 3642 dux,
936 3577 1263 3646 properabat
1295 3589 1325 3628 e
1358 3574 1602 3627 Caesarea
1637 3573 1822 3627 venire
1865 3572 2150 3629 Sebasten.
2195 3574 2332 3630 Eum

771 3669 920 3724 enim
959 3667 1188 3721 vocabat
1222 3673 1437 3735 tempus
1472 3673 1771 3736 martyrum
1810 3665 2015 3721 Christi
2053 3686 2066 3721 :
2096 3668 2330 3735 illorum,

772 3765 1015 3830 inquam,
1051 3758 1271 3812 Victoria
1309 3757 1596 3826 insignium
1625 3758 1999 3825 quadraginta.
2045 3756 2335 3824 Postquam

771 3863 954 3906 autem
999 3851 1107 3902 illis
1138 3849 1203 3901 ad
1245 3847 1406 3900 linem
1442 3843 1690 3914 pervenit
1721 3847 2059 3917 martyrium,
2093 3844 2336 3902 Severia-

774 3957 878 3996 nus
925 3954 1143 4010 quoque
1183 3938 1249 3993 ad
1301 3937 1491 3993 ducem
1547 3938 1806 3993 defertur.
1866 3940 1991 3994 Fuit
2027 3951 2204 3996 autem
2245 3942 2337 3996 hic

774 4036 856 4087 vir
905 4033 1131 4103 insignis
1185 4032 1405 4085 virtute.
1456 4030 1822 4082 Nuntiabatur
1873 4046 2026 4092 vero,
2061 4033 2206 4099 quod
2253 4033 2341 4086 hic

776 4126 1103 4180 Severianus
1132 4137 1239 4174 non
1273 4121 1447 4175 solum
1481 4117 1846 4174 Christianam
1880 4130 2092 4176 teneret
2124 4121 2339 4191 religio-

777 4230 925 4279 nem,
975 4223 1030 4268 et
1086 4213 1287 4267 cultum
1327 4213 1568 4282 gentium
1623 4211 1841 4281 probris
1894 4228 1957 4268 ac
1995 4215 2341 4269 contumeliis

778 4315 964 4375 aperte
1022 4303 1295 4367 aﬂiceret;
1351 4302 1448 4355 sed
1501 4301 1664 4354 etiam
1721 4301 1918 4354 multos
1974 4319 2038 4354 ex
2091 4303 2342 4371 gentibus

777 4397 1074 4464 decipiens,
1127 4395 1194 4447 ad
1245 4409 1404 4446 suum
1439 4391 1609 4445 Deum
1645 4391 1958 4445 adduceret.
1994 4391 2197 4446 Praeter
2230 4392 2345 4448 haec

780 4487 943 4548 etiam
995 4485 1128 4539 alias
1176 4484 1516 4538 intentabant
1564 4483 1611 4538 ei
1662 4483 2094 4549 criminationes,
2150 4497 2345 4554 nempe

777 4579 921 4647 quod
954 4576 1311 4647 quadraginta
1355 4575 1596 4634 illorum.
1644 4576 1734 4642 qui
1766 4575 1926 4643 paulo
1959 4582 2086 4629 ante
2121 4575 2347 4630 viriliter

779 4674 1212 4732 decertaverant,
1250 4676 1304 4720 et
1343 4681 1521 4735 neque
1552 4675 1943 4719 tormentorum
1978 4667 2343 4735 experientiae,

780 4775 954 4830 neque
996 4761 1261 4815 bonorum
1297 4757 1582 4828 promissis
1627 4758 1941 4820 cessissent,
1974 4759 2066 4813 sed
2100 4760 2345 4814 eumdem

782 4863 980 4907 statum
1018 4866 1185 4920 usque
1213 4850 1279 4904 ad
1309 4859 1538 4904 mortem
1567 4863 1676 4918 prae
1705 4864 1762 4903 se
1795 4849 2067 4909 tulissent,
2102 4849 2348 4904 Severia-

783 4959 888 4997 nus
939 4941 1104 4996 fuerit
1155 4941 1424 5009 praecipua
1474 4955 1636 4993 causa
1671 4955 1861 4993 eorum
1911 4939 2210 4994 tolerantiae
2244 4957 2258 4992 :
2298 4951 2354 4994 et

783 5033 926 5105 quod
965 5048 1090 5088 cum
1130 5031 1325 5085 multas
1358 5029 1582 5084 haberet
1625 5029 1929 5094 facultates,
1968 5031 2173 5084 nullum
2205 5030 2352 5085 sine-

783 5135 870 5181 ret
897 5140 1055 5196 egere
1081 5140 1146 5179 ex
1188 5125 1256 5178 iis
1280 5125 1370 5192 qui
1402 5130 1560 5176 erant
1587 5120 1830 5191 ejusdem
1863 5123 2183 5186 sententiae;
2218 5121 2350 5190 quin

787 5218 949 5272 etiam
981 5231 1076 5270 eos
1103 5215 1194 5283 qui
1238 5213 1656 5268 includebantur
1684 5213 1738 5265 in
1767 5213 2046 5275 custodiis,
2075 5225 2355 5283 propterea

787 5303 934 5372 quod
989 5301 1252 5354 mutarint
1305 5301 1643 5370 religionem,
1698 5316 1806 5353 non
1857 5301 2082 5364 sineret,
2136 5315 2354 5372 prepter

787 5409 971 5449 rerum
1023 5389 1453 5446 necessariarum
1489 5390 1862 5460 indigentiam,
1916 5393 2199 5448 meliorum
2234 5410 2354 5448 sus-

789 5487 975 5555 cipere
1012 5487 1335 5539 sententiam
1374 5497 1388 5534 :
1421 5484 1513 5536 sed
1563 5483 1770 5537 alfatim
1850 5484 1930 5537 eis
1982 5487 2355 5555 suppeditans,

789 5578 1043 5632 redderet
1094 5576 1543 5645 impudentiores.
1593 5576 1656 5628 Et
1705 5577 1816 5630 haec
1865 5577 2080 5646 quidem
2135 5579 2356 5646 invidia,

797 5684 862 5724 ει
894 5671 1127 5726 veritate
1158 5685 1276 5724 sum

2434 3580 2494 3632 τὸ
2523 3578 2818 3649 τηνικαῦτα
2847 3577 2969 3644 δοὺξ
3002 3576 3098 3643 ὢν,
3123 3583 3185 3631 ἐκ
3209 3578 3543 3648 Καισαρείας
3571 3578 3834 3647 γενέσθαι
3869 3581 3994 3631 κατὰ

2434 3671 2532 3738 τὴν
2575 3667 2902 3722 Σεδαστείαν
2956 3667 3215 3718 ἔσπευδεν
3237 3683 3249 3696 ·
3279 3666 3458 3718 ἐκάλει
3509 3669 3618 3736 γὰρ
3649 3670 3816 3722 αὑτὸν
3841 3674 3867 3724 ὀ
3891 3689 3994 3723 nt-

2439 3759 2530 3829 pb;
2553 3761 2659 3810 τῶν
2686 3757 2920 3825 Χριστοῦ
2955 3755 3268 3826 μαρτύρων,
3303 3755 3413 3808 τῶν
3453 3757 3813 3820 καλλινὶκων,
3840 3765 3990 3830 φημὶ,

2436 3850 2860 3921 τεσσαράκοντα.
2903 3849 2988 3911 Ὠς
3022 3843 3114 3902 οὗν
3147 3847 3376 3912 ἐκείνοις
3402 3848 3460 3901 τὸ
3491 3848 3799 3919 μαρτύριον
3841 3854 3993 3921 πέρας

2439 3939 2572 4012 εἶχε,
2598 3941 2852 4012 γνώριμα
2884 3941 2959 4010 τῷ
3002 3941 3156 3995 δουκὶ
3181 3941 3276 3994 καὶ
3298 3939 3368 3993 τὰ
3401 3941 3526 4010 περὶ
3558 3941 3894 4013 Σευηριανοῦ
3924 3945 3992 4010 γί-

2438 4053 2604 4088 νεται.
2637 4035 2800 4104 Ἀνὴρ
2824 4035 2879 4086 δὲ
2900 4031 3053 4096 οὗτος
3085 4035 3180 4104 τὴν
3207 4033 3406 4105 ἀρετὴν
3433 4035 3739 4102 διαϐόητος,
3784 4038 3992 4104 Ἦγγέλ-

2438 4127 2560 4177 λετο
2582 4126 2636 4176 δέ
2659 4127 2738 4177 ὅτι
2771 4127 3094 4195 Σευηριανὺς
3123 4120 3275 4187 οὗτος
3303 4127 3361 4176 οὐ
3396 4127 3553 4192 μόνον
3575 4126 3644 4177 τὰ
3663 4129 3995 4194 Χριστιανῶν

2441 4217 2526 4286 εἴη
2575 4216 2921 4287 πρασσεύων,
2971 4216 3269 4286 ἐξυϐρίζων
3323 4215 3378 4267 δὲ
3436 4215 3570 4284 πρὸς
3625 4217 3694 4267 τὰ
3735 4211 3992 4284 Ἑλλήνων

2443 4311 2868 4379 ἐπιφανέστατα,
2924 4307 3039 4361 ἀλλ’
3096 4308 3179 4361 ὅτι
3234 4307 3328 4362 καὶ
3366 4307 3598 4369 πολλοὺς
3627 4302 3772 4362 ὅσαθ
3813 4309 3992 4379 ἡμέραι

2443 4399 2548 4451 τῶν
2578 4401 2862 4470 ἡμετέρων
2887 4398 3174 4463 ἐξαπατῶν
3207 4398 3284 4468 τῷ
3315 4399 3507 4452 ἐαυτοῦ
3545 4400 3826 4467 προσάγει
3883 4401 3993 4468 Χρι·

2448 4492 2581 4562 mp.
2605 4491 2744 4561 Πρὸς
2775 4491 2982 4551 τούτοις
3011 4491 3104 4540 καὶ
3131 4488 3295 4550 ἄλλας
3329 4488 3475 4557 αὖτῷ
3511 4492 3854 4556 κατηγορίας
3881 4494 3996 4558 ἐπῆο

2447 4599 2563 4650 γον,
2605 4583 2685 4633 ὅτι
2716 4597 2799 4644 τε,
2838 4580 2945 4632 τῶν
2969 4579 3074 4650 προ
3109 4577 3304 4649 μικροῦ
3328 4577 3733 4649 τεσσαράκοντα
3760 4581 3994 4647 γενναίως

2448 4671 2878 4745 ἁνδρισαμένων,
2909 4670 3000 4724 καὶ
3036 4673 3170 4741 μήτε
3213 4658 3462 4741 βασάνων
3493 4669 3680 4741 πείρᾳ,
3713 4673 3854 4740 μήτε
3881 4673 3994 4736 ἀγα-

2451 4760 2557 4812 οῶν
2586 4759 2936 4826 ἐπαγγελίαις
3000 4757 3543 4825 ἐνδεδωκότων,ἁλλά
3571 4759 3746 4830 μέχρι
3786 4761 3993 4815 θανάτου

2449 4853 2832 4920 διενεγκόντων
2853 4854 2952 4921 τὴν
2979 4851 3248 4917 ἔνστασιν,
3278 4850 3607 4922 Σευηριανὸς
3633 4851 3724 4917 εἴη
3759 4857 3857 4920 τῆς
3879 4868 3993 4921 mp-

2447 4945 2631 5015 τερίας
2683 4946 2880 5013 ταύτης
2910 4945 2938 4996 ὁ
2976 4942 3318 5008 αίτιώτατος,
3342 4945 3435 4995 καὶ
3464 4945 3568 5002 ὅτι.
3610 4950 3774 5012 φησι,
3813 4944 3994 4996 πολλῶν

2450 5036 2742 5107 χρημάτων
2777 5035 2961 5107 κύριος
2999 5035 3072 5088 ὢν
3100 5035 3288 5087 οὐδένα
3319 5033 3426 5084 τῶν
3452 5033 3734 5103 ὁμοδόξων
3762 5035 3991 5088 πένεσθαι

2451 5128 2688 5196 παρορᾷ.
2716 5126 2851 5179 ἀλλὰ
2907 5124 3001 5178 καὶ
3031 5126 3156 5186 τοὺς
3192 5126 3249 5176 ἐν
3283 5123 3554 5192 φυλακαῖς
3617 5123 3995 5192 κατακλειομέ-

2452 5237 2572 5282 νους
2610 5218 2698 5270 διὰ
2748 5219 2847 5284 τὴν
2894 5220 2957 5270 ἐκ
2997 5217 3094 5286 τῆς
3150 5214 3446 5287 Θρησκείας
3493 5215 3676 5266 αὐτῶν
3736 5215 3995 5283 μετάθεσιν

2450 5313 2550 5364 οὐκ
2588 5311 2651 5379 ἐᾷ
2682 5311 2746 5380 τῇ
2778 5309 2957 5381 ἐνδείᾳ
2998 5308 3107 5360 τῶν
3153 5307 3469 5374 ἀναγκαίων
3517 5305 3797 5375 φρονῆσαί
3830 5324 3877 5358 τι
3902 5305 3998 5372 55'1-

2451 5399 2740 5466 τιον,ἀλλὰ
2769 5399 3001 5469 δαψιλῶς
3024 5398 3276 5468 παρέχων
3301 5395 3680 5467 ἰταμωτέρους
3708 5398 3992 5460 καθίστησι.

2456 5495 2564 5545 Καὶ
2590 5491 2758 5543 ταῦτα
2778 5493 2873 5561 μὲν
2903 5493 2930 5543 ὁ
2961 5489 3156 5560 φθόνος
3190 5490 3253 5541 ἐκ
3294 5486 3395 5555 τῆς
3422 5486 3690 5557 ἀληθείας
3722 5485 3992 5556 λαμϐάνων

2457 5587 2551 5646 τὰς
2585 5585 2858 5667 ἀφορμάς.
