4170 6322
184 346 280 406 641

179 547 398 614 λόμενα.
435 545 592 597 τοῦτο
625 546 722 614 μὲν
754 546 1014 614 ἠδομένη,
1040 543 1198 597 τοῦτο
1216 542 1270 595 δὲ
1300 543 1393 595 καὶ
1418 544 1554 612 πρὸς
1581 543 1749 611 ὀργὴν

181 639 339 698 εὐθυς
392 637 772 706 ὲρεθιζομένη.
835 637 1031 690 Ἤδετο
1095 634 1321 705 μὲνγὰρ
1350 630 1428 696 οἷς
1463 637 1554 686 καὶ
1592 633 1748 696 αὖθις

181 727 427 792 κολάζειν
447 727 695 797 ἔμελλεν,
716 729 851 797 ὅπερ
873 724 940 797 ἦν
965 726 1113 796 αύτῷ
1143 726 1211 778 δι’
1235 725 1514 794 ὠμότητος
1535 717 1750 794 περιου-

188 818 312 870 σίαν
363 817 423 871 τὸ
477 818 868 889 χαριέστατον·
919 818 1141 893 ἐξήγετο
1172 817 1227 870 δὲ
1261 820 1398 886 πρὸς
1454 817 1622 886 ὀργὴν
1668 812 1748 878 οἷς

181 909 316 971 ὅλως
355 909 660 978 ἐμάνθανεν
690 905 830 962 εἷναί
851 926 970 961 τινα
989 909 1081 961 τὸν
1110 907 1416 978 θαρροῦντα
1433 911 1530 976 τῆς
1553 908 1750 959 τοσαύ-

180 1016 282 1067 της
349 1001 512 1054 αὑτοῦ
570 1001 765 1070 μανίας
820 1001 1113 1070 ὑπεριδεῖν.
1177 1000 1454 1053 Ἐϐούλετο
1490 1001 1618 1070 γάρ
1657 1001 1749 1053 καὶ

184 1088 321 1159 μόνῃ
353 1091 414 1158 τῇ
464 1090 618 1159 φήμῃ
665 1090 764 1160 τῆς
815 1089 1139 1160 ἀγριότητος
1197 1090 1324 1151 τοὺς
1373 1089 1463 1141 τὸν
1513 1090 1747 1155 Χριστὸν

180 1180 619 1248 προσκυνοῦντας
643 1181 1010 1252 ὑποπτήσσειν
1035 1180 1214 1244 αὑτὸν,
1238 1182 1332 1233 καὶ
1359 1182 1434 1241 είς
1486 1182 1745 1250 ἐσχάτους

183 1275 388 1341 μυχοὺς
417 1273 861 1341 ἀποκρύπτεσθαι
890 1288 901 1300 ·
935 1274 1019 1324 ἵνα
1046 1271 1102 1324 δὲ
1131 1275 1222 1323 καὶ
1247 1272 1320 1340 μὴ
1346 1272 1522 1341 μάτην
1545 1272 1745 1336 Λυσίας

180 1367 609 1436 κατονομάζοιτο
633 1368 848 1436 (ἐλύττα
874 1369 983 1434 γὰρ
1016 1366 1154 1418 κατὰ
1179 1365 1520 1436 Χριστιανῶν
1548 1365 1746 1418 λύτταν

179 1457 438 1532 ἄμαχον),
474 1457 790 1510 ἀποστέλλει
812 1457 963 1516 τινας
989 1456 1126 1527 μετὰ
1154 1458 1384 1527 φοϐεροῦ
1438 1456 1530 1509 τοῦ
1565 1458 1749 1509 κελεύ-

184 1566 390 1616 σματος
424 1554 772 1622 ἀνάρπαστον
841 1553 1041 1606 αὐτίκα
1102 1554 1428 1624 Σευηριανὸν
1499 1554 1744 1619 ἄξοντας.

177 1641 394 1692 Τίδὲὸ
427 1642 518 1694 τοῦ
573 1644 811 1714 Χριστοῦ
873 1645 1249 1714 στρατιώτης;
1301 1630 1432 1697 Οὐδὲ
1496 1647 1746 1714 ἀνέμεινε

175 1733 304 1794 τοὺς
350 1734 723 1801 πεμφθέντας,
753 1735 892 1788 άλλᾶ
928 1739 1139 1803 φθάσας
1188 1737 1363 1789 αὐτῶν
1409 1737 1507 1805 τὴν
1564 1737 1745 1803 ἄφιξιν

177 1823 258 1892 τῷ
312 1827 462 1878 δουκὶ
496 1828 764 1897 παρέστη,
802 1831 895 1880 καὶ
933 1829 1243 1896 παρρησίας
1274 1825 1411 1880 εἶναι
1438 1828 1528 1880 τὸν
1558 1829 1747 1897 καιρὸν

179 1913 540 1983 λογισάμενος
577 1954 591 1978 ,
627 1911 696 1966 Ὠ
733 1917 925 1978 Λυσία,
979 1919 1162 1985 φησὶν,
1213 1916 1308 1985 οὐχ
1346 1919 1525 1969 ἱκανόν
1559 1935 1640 1970 σοι
1690 1919 1748 1972 τὸ

181 2007 347 2074 μόνον
372 2005 703 2059 ἀπόλλυσθαι
735 2009 825 2059 καὶ
860 2009 1000 2060 κατά
1045 2008 1268 2062 σεαυτοῦ
1301 2010 1359 2063 τὸ
1385 2011 1534 2078 ξίφος
1566 2007 1748 2074 ὠθεῖν,

178 2097 320 2148 ἀλλὰ
358 2100 448 2149 καὶ
479 2099 574 2160 τὰς
599 2100 869 2168 ἡμετέρας
897 2099 1072 2168 βούλει
1128 2102 1502 2170 παραπολέσαι
1551 2103 1746 2171 ψυχὰς,

177 2190 272 2239 καὶ
304 2187 375 2248 ὡς
404 2187 635 2257 ἕρμαιόν
688 2208 740 2243 τι
797 2191 998 2255 ταύτας
1056 2195 1165 2253 τοῖς
1225 2193 1445 2261 δαίμοσι
1475 2197 1585 2255 τοῖς
1636 2197 1748 2256 σοῖς

177 2282 516 2348 παρασχεῖν;
565 2282 705 2334 Ἀλλ’
744 2284 854 2335 ἴσθι
895 2286 990 2353 μὲν
1020 2287 1092 2346 ὡς
1148 2285 1247 2337 οὐκ
1294 2284 1576 2353 άγεννέσιν
1632 2285 1749 2337 οὐδὲ

177 2371 537 2440 μικροψύχοις
591 2375 934 2444 περιτύχοιςο
968 2379 1092 2444 ἐμοὶ
1152 2378 1258 2445 γάρ
1315 2376 1457 2429 κατὰ
1498 2379 1588 2430 τὸν
1621 2378 1751 2446 ἐμὶν

172 2463 496 2517 διδάσκαλον
554 2466 760 2518 Παῦλον
836 2470 900 2519 τὸ
961 2467 1067 2533 ζῇν
1124 2469 1395 2533 Χριστὸς,
1454 2472 1544 2520 καὶ
1578 2472 1645 2519 τὸ
1677 2468 1749 2520 δι’

174 2553 414 2606 ἐκεῖνον
441 2557 767 2608 ἀποθανεῖν
800 2555 1010 2622 κέρδος
1039 2556 1347 2624 μέγιστον.

245 2726 325 2780 ιν.
349 2728 568 2794 Τούτοις
598 2733 625 2783 ὀ
643 2732 882 2803 ἀθλητὴς
907 2735 998 2785 τὸν
1026 2736 1122 2805 τῆς
1147 2736 1406 2798 ἀπονοίας
1426 2735 1634 2806 πύργον
1663 2739 1752 2790 εὑ-

174 2817 278 2880 Θὺς
316 2821 554 2874 ἐνέσεισε
588 2823 681 2876 τοῦ
716 2825 1038 2895 ἀλάστορος,
1070 2827 1226 2879 τοῦτο
1256 2828 1353 2895 μὲν
1383 2829 1464 2879 ὅτι
1516 2830 1645 2896 παρ’
1669 2829 1746 2879 ἐλ-

173 2911 312 2965 πίδα
345 2913 523 2965 πᾶσαν
565 2914 700 2983 μηδὲ
743 2915 1008 2983 κληθῆναι
1057 2919 1382 2984 περιμείνας
1435 2918 1748 2984 ἀπήντησε·

171 3003 343 3055 τοῦτο
375 3004 430 3056 δὲ
469 3005 550 3057 ὅτι
592 3006 684 3057 καὶ
711 3006 922 3075 ἀπίστῳ
947 3007 1115 3077 τόλμῃ
1159 3007 1291 3076 παρ’
1323 3007 1455 3059 αὐτὸ
1486 3005 1547 3059 τὸ
1577 3007 1751 3076 (pavr.-

1281 342 1741 403 MARTYRIUM
1783 342 1823 401 S
1885 342 2322 404 SEVERIANI.

249 455 321 510 B'.
364 452 427 507 Ἢ
456 453 508 505 δὲ
535 454 620 504 τοῦ
649 455 838 517 δουκδς
875 453 1018 524 ἀκοὴ
1073 453 1284 522 ἐδέχετο
1312 444 1380 506 τά
1405 452 1749 520 προσαγγελ-
1784 459 1822 514 Α

3309 345 3413 408 642

1926 452 1992 508 ll.
2026 452 2154 518 Quae
2193 468 2325 508 vero
2355 454 2768 518 nuntiabantur,
2823 455 2930 510 dux
2972 456 3162 521 audiit,
3219 456 3414 527 partim

1851 545 2064 613 quidem
2100 546 2272 608 lzetus,
2306 547 2502 616 partim
2550 550 2728 600 autem
2759 548 2822 600 ad
2861 548 2991 600 iram
3050 550 3299 616 protinus
3333 547 3419 602 in-

1852 634 2066 686 citatus.
2112 633 2245 688 Nam
2299 635 2581 689 laetabatur
2631 637 2874 704 quidem,
2925 639 3066 706 quod
3111 654 3228 691 mox
3272 647 3419 693 esset

1852 723 2156 790 puniturus,
2215 727 2356 794 quod
2418 737 2637 796 pr0pter
2696 743 2967 782 summam
3035 729 3416 783 crudelitatem

1850 823 1969 866 erat
2015 814 2061 866 ei
2104 815 2560 882 jucundissimum
2608 834 2622 872 ε
2677 816 2756 870 ira
2786 825 2964 869 autem
3023 818 3417 878 concitabatur.

1850 905 1992 973 quod
2048 905 2366 975 intelligeret
2417 909 2637 960 omnino
2671 923 2790 962 esse
2821 909 3078 977 aliquem,
3115 911 3205 977 qui
3245 911 3416 964 aude-

1852 1006 1933 1050 ret
1962 998 2240 1065 chpicere
2289 1007 2489 1057 tantam
2529 1000 2647 1068 ejus
2688 1002 2974 1054 insaniam.
3012 999 3245 1055 Volebat
3276 1003 3416 1056 enim

1851 1086 1935 1138 vel
1968 1087 2078 1140 Sola
2133 1088 2273 1141 fama
2313 1090 2607 1144 auditionis
2639 1105 2730 1144 eos
2769 1093 2857 1161 qui
2892 1091 3169 1146 Christum
3223 1095 3419 1148 adora-

1851 1177 2000 1236 bant.
2036 1179 2210 1244 ipsum
2262 1181 2575 1244 formidare,
2622 1192 2674 1235 ct
2722 1183 2777 1235 in
2827 1187 3086 1240 extremis
3127 1188 3290 1242 latere
3331 1205 3422 1257 pc-

1851 1268 2146 1325 netralibus
2199 1280 2250 1323 et
2303 1271 2562 1328 latibulis.
2602 1271 2679 1328 Ne
2725 1285 2903 1329 autem
2943 1286 3148 1332 temere
3195 1282 3420 1350 appella-

1850 1368 1998 1412 retur
2059 1359 2242 1430 Lysias
2275 1361 2431 1432 (erat
2469 1365 2612 1419 enim
2653 1368 2958 1422 vehementi
2990 1371 3138 1425 rabie
3181 1373 3421 1441 percitus

1850 1452 2111 1507 adversus
2155 1453 2553 1525 Christianos),
2591 1459 2758 1514 mittit
2805 1462 3064 1529 quosdam
3105 1478 3230 1519 cum
3263 1464 3418 1533 jussu

1851 1546 2098 1610 terribili,
2158 1548 2249 1617 qui
2303 1546 2656 1603 Severianum
2698 1567 2824 1606 mox
2857 1554 3179 1621 arriperent,
3249 1566 3303 1608 et
3351 1557 3416 1608 ad

1850 1653 1909 1692 se
1970 1640 2322 1696 adducerent.
2383 1642 2524 1707 Quid
2587 1654 2767 1697 autem
2831 1644 3036 1699 Christi
3097 1645 3287 1700 miles?
3341 1645 3420 1702 Ne

1850 1730 2186 1796 exspectavit
2243 1731 2460 1798 quidem
2519 1747 2612 1786 eos
2666 1733 2757 1801 qui
2819 1734 2970 1787 missi
3027 1734 3263 1798 fuerant,
3325 1737 3421 1790 sed

1850 1835 2038 1872 eorum
2092 1822 2384 1875 adventum
2428 1823 2752 1892 anticipans,
2804 1827 3035 1880 accessit
3085 1827 3150 1879 ad
3199 1828 3418 1890 ducem,

1849 1921 1903 1965 et
1944 1918 2198 1980 reputans
2235 1927 2356 1965 esse
2411 1923 2626 1980 tempus
2666 1915 2920 1982 loquendi
2961 1918 3128 1970 libere
3165 1917 3249 1971 :0
3313 1917 3420 1987 Ly-

1849 2003 1950 2067 sia,
2000 2003 2194 2071 inquit,
2240 2017 2346 2056 non
2394 2003 2589 2057 sufﬁcit
2640 2004 2732 2057 tibi
2777 2005 2951 2060 solum
3002 2005 3182 2074 perire
3260 2016 3315 2060 et
3364 2008 3416 2059 in

1852 2097 2082 2164 teipsum
2119 2111 2305 2151 ensem
2341 2095 2640 2165 impellere,
2691 2096 2786 2150 sed
2835 2109 3048 2151 nostras
3096 2099 3175 2152 vis
3208 2114 3423 2167 quoque

1849 2187 2075 2252 perdere
2125 2189 2354 2247 animas,
2396 2195 2449 2240 et
2500 2203 2590 2240 eas
2633 2196 2885 2254 tanquam
2941 2190 3148 2242 lucrum
3202 2188 3420 2258 aliquod

1854 2278 1957 2332 tuis
1999 2261 2238 2347 praebere
2272 2278 2608 2331 daemonibus
2636 2277 2658 2330 ἲ
2686 2276 2793 2332 Sed
2826 2278 2966 2333 scias
3012 2295 3154 2332 nunc
3191 2290 3242 2333 te
3281 2281 3424 2333 inci-

1852 2370 1998 2426 disse
2045 2371 2097 2422 in
2146 2371 2289 2424 viros
2335 2368 2525 2432 fortes,
2578 2377 2631 2424 et
2675 2370 2766 2438 qui
2815 2384 2924 2423 non
2971 2381 3100 2424 sunt
3143 2371 3322 2440 pusilli
3367 2383 3424 2427 et

1853 2464 2049 2531 abjecti
2106 2463 2290 2516 animi.
2354 2462 2477 2514 Mihi
2541 2464 2686 2515 enim
2742 2463 2840 2522 (ut
2894 2462 2970 2515 ait
3023 2463 3419 2519 meus-doctor

1851 2551 2078 2621 Paulus)
2123 2554 2288 2606 viuere
2329 2561 2402 2605 est
2448 2553 2705 2616 Christus,
2757 2562 2810 2606 et
2856 2563 3077 2621 propter
3109 2555 3256 2608 illum
3289 2556 3424 2609 mori

1854 2645 2054 2697 lucrum
2087 2654 2166 2697 est
2199 2645 2488 2697 maximum
2515 2645 2556 2696 ‘.

1926 2738 2014 2792 Ill.
2061 2737 2154 2790 His
2185 2739 2385 2791 athleta
2415 2735 2660 2791 amentia
2689 2733 2873 2790 are'em
2911 2736 3092 2790 statim
3127 2735 3424 2790 labefacta-

1859 2830 1937 2881 vit
1998 2828 2160 2895 hujus
2225 2826 2643 2890 cacodazmonis,
2715 2827 2907 2896 partim
2972 2828 3218 2897 quidem,
3281 2829 3424 2897 quod

1856 2929 2051 2986 praeter
2098 2933 2246 2985 spem
2298 2933 2538 2979 omnem,
2588 2931 2655 2971 ne
2711 2921 3042 2988 exspectavit
3095 2921 3314 2988 quidem
3367 2932 3426 2976 ut

1856 3018 2167 3074 vocaretur;
2221 3010 2413 3078 partim
2468 3018 2648 3062 autem
2722 3010 2863 3077 quod
2917 3010 3043 3063 dum
3101 3013 3424 3079 comparuit,

173 3112 270 3146 vat
309 3095 468 3164 μόνον
496 3095 785 3165 ἐχρήσατο.
832 3096 1073 3151 Ἐσιώπα
1123 3099 1255 3166 γοῦν
1292 3100 1376 3167 ἐφ’
1407 3100 1589 3152 ἱκανὸν
1640 3105 1751 3162 τοῖς

1864 3100 2163 3156 incredibili
2196 3116 2326 3155 usus
2363 3110 2443 3155 est
2471 3099 2713 3155 audacia.
2760 3100 2924 3156 Siluit
2961 3102 3142 3171 itaque
3183 3101 3428 3173 aliquan-

172 3186 331 3247 ὅλοις
363 3185 661 3254 διαπορῶν.
717 3184 852 3240 Εἶτα
892 3189 1062 3240 δεινὸν
1118 3189 1395 3257 ἐμϐλέψας
1442 3192 1553 3252 τοῖς
1614 3208 1753 3258 παρ-

175 3274 410 3337 εστῶσι,
437 3275 528 3327 καὶ
548 3278 611 3344 τῇ
636 3277 780 3345 χειρὶ
809 3276 1137 3348 παραδείξας
1167 3277 1258 3330 τὸν
1293 3280 1549 3348 μάρτυρα
1573 3294 1586 3308 ·
1619 3278 1756 3330 Nati—

173 3386 325 3438 ροις,
360 3366 534 3433 εἶπεν,
597 3371 768 3441 ὠμοῖς
794 3370 866 3433 ὠς
905 3372 1064 3439 τάχος
1088 3371 1516 3436 καταξαινέσθω,
1538 3371 1624 3424 ἵνα
1652 3371 1756 3424 κᾶν

169 3460 356 3522 οὕτως
390 3460 645 3530 αἴσθηται
676 3463 803 3514 οἴων
843 3460 991 3530 αύτῴ
1041 3462 1300 3530 πρόξενον
1361 3461 1422 3514 τὸ
1471 3467 1758 3534 πεπαρρη-

169 3541 411 3602 σιάσθαι⁵
458 3553 530 3619 μὴ
577 3552 717 3602 κατὰ
771 3553 960 3620 καιρδν
995 3551 1222 3617 γίνεται.
1286 3551 1344 3604 ’0
1380 3553 1478 3621 μὲν
1506 3553 1569 3622 δὴ
1614 3553 1754 3605 οὕτω

166 3641 522 3709 τυπτόμενος
552 3641 768 3711 ἔχαιρεν
795 3636 873 3705 οἷς
903 3642 1040 3711 ὑπὲρ
1066 3641 1300 3711 Χριστοῦ
1336 3645 1434 3706 τὰς
1489 3643 1756 3714 βασάνους

170 3733 578 3801 ὑπέφερε,καὶ
629 3734 688 3786 τὺ
737 3734 1012 3804 ψαλμικὸν
1072 3736 1249 3787 ἐκεῖνο
1305 3735 1554 3806 καθάπερ
1615 3737 1755 3807 ᾠδὴν

167 3823 510 3888 ἀλεξίκακον
537 3825 700 3894 ἐπῇδε
733 3829 840 3888 τοῖς
868 3825 1180 3896 τραύμασιν
1201 3868 1214 3892 ,
1249 3827 1373 3880 Ἐπὶ
1405 3827 1522 3880 τῶν
1556 3830 1757 3881 νώτων

158 3935 322 3986 μου,
344 3916 538 3984 λέγων,
566 3917 906 3970 ἐτέκτιιινον
935 3921 988 3970 οι
1023 3919 1378 3986 ἁμαρτωλοὶ,
1412 3918 1756 3985 ἐμάκρυναν

165 4009 298 4074 τὴν
325 4008 580 4074 ἀνομίαν
612 4006 837 4060 αὐτῶν·
871 4007 963 4059 καὶ
992 4007 1088 4068 τὰς
1122 4007 1333 4078 πληγὰς
1363 4010 1602 4062 ἐποιεῖτο
1657 4009 1756 4079 τῆς

164 4103 322 4170 πρὸς
357 4098 590 4168 Χριστὸν
620 4099 838 4169 άγάπης
879 4100 1236 4169 ὑπέκκαυμα.
1279 4099 1336 4152 Ὀ
1391 4101 1649 4170 τύραννος
1701 4101 1756 4154 δὲ

163 4193 308 4245 ἐπεὶ
349 4193 474 4254 τοὺς
509 4193 867 4263 μαστεζοντας
900 4191 1050 4262 ἑώρα
1084 4193 1394 4264 κάμνοντας
1418 4196 1641 4265 μᾶλλον,
1665 4195 1756 4246 τὸν

167 4284 448 4355 μάρτυρα
480 4285 535 4337 δὲ
562 4284 639 4355 τῷ
695 4285 923 4355 πάσχειν
964 4286 1326 4356 φαιδροτέραν
1380 4286 1477 4356 τὴν
1507 4286 1630 4354 δψιν
1681 4286 1757 4357 τῷ

165 4378 332 4444 φωτὶ
363 4376 647 4428 δεικνύντα
682 4377 774 4427 τοῦ
800 4377 1134 4445 πνεύματος,
1161 4378 1271 4429 τῶν
1315 4377 1594 4447 μαστίγων
1621 4379 1749 4431 άνε·

1863 3194 2052 3256 tulum,
2089 3198 2242 3259 plane
2287 3193 2452 3245 animi
2504 3192 2704 3245 dubius
2751 3201 2805 3244 et
2854 3193 3162 3261 perplexius.
3219 3192 3424 3248 Deinde

1858 3299 1952 3338 eos
1980 3284 2069 3352 qui
2104 3285 2348 3345 aderant,
2380 3282 2707 3335 liorribiliter
2736 3282 2973 3348 intuens,
3007 3291 3060 3337 et
3089 3298 3250 3337 manu
3283 3299 3427 3338 mar-

1858 3387 2030 3448 tyrem
2081 3373 2373 3434 ostendens
2402 3390 2415 3427 :
2448 3372 2660 3435 Crudis,
2695 3374 2885 3444 inquit,
2919 3375 3102 3429 nervis
3133 3376 3417 3445 quampri-

1859 3485 2005 3523 mum
2039 3469 2330 3529 laceretur,
2378 3475 2435 3519 ut
2477 3466 2634 3530 sciat,
2679 3465 2937 3534 quidnam
2970 3465 3228 3519 conciliet
3259 3467 3426 3520 libere

1857 3559 2003 3626 loqui
2041 3573 2148 3611 non
2186 3557 2240 3610 in
2275 3567 2539 3624 tempore.
2580 3561 2756 3626 Atque
2791 3557 2878 3610 ille
2915 3557 3153 3626 quidem,
3185 3558 3310 3610 dum
3345 3558 3424 3612 sic

1858 3651 2269 3713 verberabatur,
2298 3648 2583 3703 laatabatur
2631 3651 2937 3713 tormentis,
2969 3664 3087 3717 qua:
3126 3649 3428 3704 sustinebat

1859 3753 2081 3815 propter
2123 3741 2424 3803 Christum,
2471 3748 2526 3793 et
2573 3738 2699 3793 illud
2749 3739 3086 3807 psalmicum,
3138 3747 3396 3806 tanquam

1859 3837 2090 3892 salutare
2127 3832 2450 3894 remedium,
2495 3831 2732 3885 afferens
2781 3845 3024 3895 carmen,
3072 3833 3323 3885 cantabat
3350 3831 3419 3886 ad

1857 3929 2123 3983 vulnera:
2157 3923 2330 3990 Supra
2374 3923 2587 3974 dorsum
2629 3938 2825 3984 meum,
2872 3922 3077 3984 dicens,
3123 3921 3422 3990 fabricave-

1859 4025 1977 4069 runt
2007 4022 2318 4083 peccatores,
2360 4009 2796 4080 prolongavcruut
2831 4010 3160 4078 iniquitatem
3185 4025 3334 4062 suam
3365 4010 3422 4074 ’ς

1859 4117 1914 4162 et
1951 4107 2130 4176 plagas
2182 4103 2417 4158 ducebat
2465 4116 2583 4155 esse
2636 4103 3046 4155 incitamentum
3103 4101 3169 4154 ad
3223 4099 3422 4154 Christi

1863 4198 2236 4255 dilectionem.
2301 4193 2583 4259 Tyrannus
2647 4201 2827 4246 autem
2893 4207 3016 4245 cum
3073 4192 3278 4246 videret
3329 4207 3425 4246 eos

1858 4292 2075 4363 quidem
2119 4304 2242 4345 esse
2287 4288 2475 4351 fessos,
2521 4286 2612 4356 qui
2661 4285 2841 4356 flagris
2878 4285 3198 4339 caedebant:
3230 4294 3426 4354 marty-

1861 4399 1976 4438 rem
2036 4397 2167 4436 vero
2219 4395 2341 4434 esse
2395 4380 2545 4433 vultu
2618 4378 2934 4431 alacriorem
2990 4377 3109 4430 luce
3177 4377 3422 4444 spiritus,

165 4468 351 4536 ϐῆναι
383 4465 779 4520 διακελεύεται.
832 4463 960 4517 Εἶτα
987 4468 1121 4537 πρὸς
1152 4469 1211 4520 τὸ
1241 4470 1542 4540 πραότερον
1597 4472 1752 4542 δῆθεν

1856 4474 2012 4544 jubet
2055 4485 2179 4525 eum
2215 4468 2447 4523 relaxari
2476 4484 2504 4520 a
2554 4467 2896 4544 verberibus.
2927 4461 3131 4518 Deinde
3160 4481 3280 4517 cum
3313 4473 3425 4517 tra-

167 4560 518 4627 μεταϐαλών
543 4578 554 4590 ·
580 4561 694 4613 Οὐκ
729 4558 980 4628 ἀσθενὴς,
1011 4561 1139 4629 ἔφη,
1165 4558 1216 4612 εἴ
1243 4561 1607 4631 στρατιώτης,
1632 4566 1752 4616 ὅσον

1858 4542 2056 4620 ductus
2103 4571 2246 4617 esset
2292 4560 2361 4616 ad
2417 4542 2890 4614 mansuetudinem
2923 4572 2937 4610 :
2970 4557 3086 4612 Non
3116 4573 3194 4621 es,
3249 4558 3427 4625 inquit

163 4651 293 4704 ἀπὸ
324 4648 427 4716 τῆς
461 4650 683 4718 πρώτης
728 4652 922 4719 πείρας
974 4649 1187 4720 μαθεῖν,
1243 4650 1379 4702 ἀλλὰ
1429 4653 1752 4723 ἐρρωμένως

1859 4659 1990 4718 dux,
2051 4656 2204 4710 miles
2255 4659 2500 4724 ignavus,
2548 4661 2810 4720 quantum
2867 4659 3045 4718 potest
3084 4651 3306 4720 intelligi
3359 4666 3425 4703 ex

164 4746 330 4814 ἔχων
368 4741 461 4794 καὶ
490 4740 780 4810 ἀνδρικῶς,
811 4745 902 4794 καὶ
951 4744 1086 4810 πρὸς
1135 4742 1379 4797 κίνδυνον
1415 4744 1752 4814 παραϐαλέσ·

1859 4749 2031 4817 prima
2085 4745 2447 4814 experientia,
2498 4741 2591 4794 sed
2637 4740 2794 4793 fortis
2838 4748 2893 4792 et
2937 4751 3216 4800 strenuus,
3246 4749 3300 4793 et
3330 4740 3423 4806 qui

169 4837 277 4888 θαῖ
316 4835 639 4903 δυνάμενος.
676 4832 892 4894 Ἔξεστι
924 4832 978 4884 δέ
1005 4849 1088 4884 σοι
1133 4838 1242 4895 τοῖς
1281 4834 1515 4903 παροῦσι
1573 4835 1752 4902 μαθεῑπ⁴

1861 4848 2015 4907 petes
2057 4835 2317 4888 audacter
2360 4830 2510 4884 adire
2559 4830 2820 4900 pericula.
2853 4827 3013 4883 Potes
3059 4844 3238 4881 autem
3281 4828 3424 4881 scire

166 4921 254 4982 ὡς
284 4922 399 4972 οὐκ
430 4916 761 4989 εὐφροσύνης
801 4920 960 4984 τινος,
1007 4919 1127 4970 οὐδὲ
1162 4920 1342 4984 δεξιᾶς
1367 4922 1535 4990 τύχης
1568 4923 1594 4974 ὁ
1627 4924 1752 4992 Χρι-

1863 4943 1929 4981 ex
1991 4924 2373 4995 prwsentlbus,
2439 4921 2580 4990 quod
2645 4922 2850 4974 nullam
2925 4919 3189 4980 lietitiam,
3253 4928 3425 4986 neque.

169 5015 316 5074 στὸς
368 5027 447 5063 σοι
504 5012 811 5079 καθέστηκε
873 5013 1155 5081 πρόξενος.
1198 5013 1256 5064 Ὀ
1278 5013 1334 5064 δὲ
1383 5014 1589 5082 μάρτυς
1634 5015 1752 5074 ἀνα-

1866 5031 2184 5085 prosperam
2233 5015 2465 5082 aliquam
2512 5011 2787 5065 fortunam
2825 5011 2920 5065 tibi
2956 5010 3209 5065 Christus
3242 5010 3426 5065 conci-

165 5105 481 5176 θαρσήσας
513 5105 735 5173 μᾶλλον,
761 5103 850 5155 καὶ
885 5099 997 5155 οἷον
1019 5105 1328 5173 εὐστομωτὲ
1342 5120 1438 5173 ραν
1470 5104 1566 5173 τὴν
1593 5104 1752 5169 γλῶτ-

1863 5107 1984 5162 liet.
2029 5107 2223 5176 Martyr
2275 5114 2455 5158 autem
2503 5105 2683 5158 animo
2733 5103 2900 5171 magis
2950 5103 3323 5164 confirmatus,
3371 5113 3426 5154 et

162 5216 285 5255 ταν
310 5197 388 5264 τῇ
420 5197 587 5265 πείρα
632 5196 740 5248 τῶν
764 5195 1027 5260 ἀλγεινῶν
1058 5195 1426 5265 ποιησάμενος
1445 5210 1460 5225 ⁸
1484 5193 1552 5246 Εἴ
1571 5211 1666 5246 σου
1697 5194 1752 5246 τὰ

1863 5208 1922 5252 ut
1955 5198 2046 5267 qui
2095 5211 2276 5250 rerum
2311 5211 2621 5266 asperarum
2656 5193 3008 5264 perpessione
3043 5195 3278 5260 linguam
3312 5208 3425 5246 ma-

163 5296 282 5360 τῆς
319 5287 528 5356 ψυχῆς.
557 5284 972 5356 εἷπε·),6μματα
1015 5287 1089 5353 μὴ
1122 5288 1199 5355 τῷ
1235 5287 1415 5340 σκότει
1446 5286 1542 5356 τῆς
1575 5287 1752 5338 δυσσε-

1865 5289 1945 5358 gis
1995 5287 2232 5342 acuisset
2286 5305 2298 5340 :
2356 5284 2411 5337 Si
2460 5283 2625 5347 oculi,
2675 5284 2874 5353 inquit,
2926 5286 3118 5337 animae
3169 5293 3272 5336 tua:
3318 5298 3424 5337 non

165 5381 346 5440 εειας
405 5373 728 5443 ἠμαύρωτο,
758 5377 940 5440 ἔδειξα
990 5375 1058 5427 ἄν
1112 5391 1195 5426 σοι
1239 5377 1376 5427 ὅσων
1422 5375 1641 5441 ἀγαθῶν
1673 5391 1752 5443 μοι

1871 5388 2057 5435 essent
2114 5377 2351 5433 hebetati
2409 5377 2651 5432 tenebris
2699 5377 3013 5447 impietatis,
3066 5378 3424 5432 ostendissem

162 5475 436 5538 κατέστη
468 5465 725 5535 πρόξενος
758 5467 824 5536 ἢν
857 5468 1132 5535 ἐπήγαγες
1163 5466 1455 5536 τιμωρίαν.
1485 5466 1598 5518 Νῦν
1621 5466 1676 5518 δὲ
1713 5479 1752 5517 τι

1873 5472 1992 5532 tibi.
2033 5483 2192 5540 quam
2238 5468 2407 5523 multa
2451 5469 2593 5522 bona
2644 5469 2777 5522 mihi
2825 5468 3172 5522 conciliasset
3199 5469 3249 5522 id
3280 5468 3426 5535 quod

161 5566 238 5619 ἂν
278 5562 523 5630 πάθοιμι
557 5558 663 5625 πρὸ
695 5558 895 5627 τυφλοῦ
924 5561 1128 5628 φαίνων
1154 5562 1247 5614 καὶ
1280 5559 1419 5630 ᾄδων
1445 5561 1536 5612 ἐπὶ
1558 5559 1722 5629 κωφῷ
1748 5576 1752 5624 ς

1873 5563 2006 5618 mihi
2047 5561 2282 5618 intulisti
2325 5559 2673 5632 supplicium.
2718 5557 2876 5615 Nunc
2905 5568 3085 5615 autem
3116 5559 3241 5627 quid
3273 5573 3428 5629 agam

292 5741 307 5768 ³
361 5735 598 5805 Philipp.
629 5752 666 5802 ι,
694 5733 785 5792 21.
899 5738 919 5768 ⁸
951 5737 1094 5794 Psal.
1127 5751 1351 5804 cxxvm,
1380 5739 1434 5793 5.
