4170 6322
764 357 873 423 6‘8

1990 343 2273 404 MENSIS
2315 342 2794 403 SEPTEMBER.
2880 340 2883 341 ⁷

3929 336 4030 400 6ιᾷ

764 486 908 527 ειεοο
955 467 1277 539 praelucens,
1325 472 1379 517 et
1428 461 1594 515 surdo
1628 457 1871 512 canens?
1903 456 1957 509 Si
2012 456 2159 508 enim
2217 469 2324 508 non

2452 459 2489 512 il
2530 459 2635 526 γὰρ
2668 447 2930 518 οὖτως,ῶ
2955 451 3204 514 buturi,
3231 450 3303 521 μὴ
3352 450 3612 514 διέκεισο,
3653 448 3909 511 συνεῖδες
3962 449 4027 501 ἂν

765 567 844 620 sic
878 562 1288 619 aﬂ'ectusesses,
1322 571 1355 610 o
1379 554 1568 623 judex,
1601 547 1967 604 intellexisses
1993 546 2189 600 Christi
2212 562 2330 613 gra-

765 657 898 710 tiam
933 662 991 709 et
1027 652 1308 710 virtutem,
1343 662 1463 715 quae
1497 658 1583 697 me
1627 640 1928 694 conﬁrmat.
1990 638 2125 691 Num
2189 637 2331 690 enim

765 759 925 817 putas
956 745 1071 799 sine
1105 759 1167 797 ea
1199 754 1307 795 tam
1344 738 1503 794 facile
1533 734 1785 787 alTectum
1813 731 1877 784 iri
1908 745 2031 799 erga
2066 738 2334 782 tormenta

764 853 984 895 carnem
1015 845 1071 890 et
1094 827 1462 903 sanguinem?
1495 824 1551 877 Si
1580 838 1705 889 ergo
1731 822 1809 875 sic
1835 820 2026 883 sentis,
2056 820 2099 872 si
2127 835 2188 872 ea
2217 833 2336 887 quae

766 941 893 987 sunt
943 944 1054 1000 prae
1112 927 1364 995 pedibus,
1418 934 1525 972 non
1578 925 1733 985 potes
1784 914 2007 973 intueri,
2062 910 2335 980 quomodo

771 1040 882 1079 non
935 1031 1065 1075 sunt
1117 1015 1297 1072 omnia
1348 1022 1437 1066 tua
1490 1010 1674 1072 surda,
1709 1014 1764 1059 et
1812 1020 1975 1071 eatea,
2012 1011 2067 1057 et
2093 1002 2194 1057 diis
2229 1003 2335 1055 tuis

768 1113 1009 1171 similia?

836 1206 923 1261 ιν.
962 1206 1075 1259 θυι
1124 1214 1303 1257 autem
1346 1198 1499 1253 valde
1532 1196 1738 1258 ridens,
1779 1193 1881 1247 etsi
1921 1197 2127 1259 martyr
2196 1202 2336 1241 non-

766 1304 893 1356 dum
928 1305 1198 1354 cessasset
1227 1296 1407 1347 dicere
1439 1310 1453 1346 :
1481 1290 1713 1343 Tantum
1750 1287 1919 1350 abest,
1958 1283 2154 1352 inquit,
2192 1289 2248 1334 ut
2286 1290 2336 1333 te

767 1404 911 1448 recte
952 1391 1156 1446 sentire
1187 1386 1515 1447 existimem,
1546 1389 1600 1435 et
1643 1380 1857 1433 credam
1910 1377 1975 1429 iis
2024 1390 2145 1443 quae
2198 1389 2226 1428 a
2282 1383 2334 1425 te

767 1489 1042 1546 dicuntur,
1097 1490 1155 1536 ut
1208 1478 1407 1533 futuris
1444 1472 1731 1529 tormentis
1763 1471 1863 1524 sim
1914 1469 2226 1527 elrecturus,
2278 1476 2337 1516 ut

768 1578 1061 1633 modestior
1096 1572 1339 1627 reddaris
1371 1579 1425 1623 et
1454 1566 1773 1636 sapientior.
1803 1561 2009 1615 Rursus
2039 1571 2218 1614 autem
2252 1556 2339 1610 di-

767 1673 842 1727 cit
886 1677 1085 1737 martyr
1118 1686 1130 1719 :
1163 1665 1285 1719 Haec
1326 1662 1488 1717 verba
1533 1668 1583 1713 te
1629 1672 1840 1727 magnae
1881 1662 2118 1722 arguunt
2152 1665 2340 1703 amen-

770 1766 895 1827 tite;
936 1761 1027 1815 sed
1063 1758 1321 1828 quoniam
1362 1752 1591 1809 conﬁdis
1626 1751 1681 1804 in
1726 1746 2030 1809 tormentis,
2065 1754 2119 1798 et
2162 1743 2339 1798 credis

2439 554 2536 621 τὴν
2567 550 2920 621 ἐνισχύουσάν
2953 565 3019 617 με
3051 548 3141 599 τοῦ
3182 544 3417 616 Χριστοῦ
3449 547 3609 614 χάριν
3641 544 3737 596 καὶ
3771 541 4024 607 δύναμιν.

2442 639 2584 711 Ἀρα
2613 643 2720 711 γὰρ
2751 641 2849 693 οἴει
2875 639 3078 705 ταύτης
3110 636 3277 706 χωρὶς
3318 635 3447 706 ῥᾷον
3480 633 3624 686 οὕτω
3673 633 3814 704 πρὸς
3855 630 4025 700 βασά-

2442 750 2563 793 νους
2590 727 2729 801 αἷμα
2761 731 2856 783 καὶ
2895 731 3072 799 σάρκα
3099 726 3413 795 διατεθῆναι
3440 742 3453 790 ;
3486 726 3547 778 El
3581 723 3727 777 οὓτω
3775 723 4018 794 φρονεῖς,

2442 826 2489 875 εἰ
2518 828 2586 875 τὶ
2635 825 2690 874 ὲν
2731 822 2857 874 ποσὶ
2914 820 3085 872 ταῦτα
3142 819 3361 888 βλέπειν
3416 817 3724 878 ἁδυνατεῖς,
3754 816 3876 876 πῶς
3907 814 4022 882 οὐχὶ

2443 916 2620 967 πάντα
2659 930 2750 965 σου
2782 912 2941 980 κωφὰ
2966 911 3059 963 καὶ
3082 910 3258 977 τυφλὰ
3288 908 3383 961 καὶ
3422 910 3535 971 τοῖς
3566 908 3710 969 Θεοῖς
3742 910 3863 967 τοῖς
3915 907 4019 963 σοῖς

2444 1022 2641 1074 ομοιας

2514 1190 2587 1239 Δ’.
2625 1186 2682 1238 Ὀ
2719 1184 2773 1237 δὲ
2810 1184 2954 1255 μάλα
3011 1182 3248 1250 γελάσας
3274 1180 3302 1230 6
3328 1177 3471 1243 δοὺξ.
3505 1179 3674 1247 μήπω
3707 1174 3805 1227 τοῦ
3840 1173 4020 1239 λέγειν

2449 1278 2799 1347 παυσαμένου
2836 1276 2927 1329 τοῦ
2963 1277 3239 1345 μάρτυρος
3260 1313 3273 1339 ,
3300 1270 3583 1334 Τοσοῦτον,
3616 1268 3809 1337 φησιν,
3830 1266 4018 1333 ἀπέχω

2445 1372 2537 1424 τοῦ
2579 1370 2759 1431 καλῶς
2806 1386 2863 1421 σε
2920 1369 3138 1437 φρονεῖν
3201 1365 3431 1426 οἴεσθαι,
3461 1363 3695 1420 καὶτοῖς
3734 1358 3891 1426 παρὰ
3930 1355 4017 1407 σοῦ

2445 1463 2758 1532 λεγομένοις
2807 1459 3121 1529 πεισθῆναι,
3148 1457 3230 1509 ὅτι
3264 1457 3361 1509 καὶ
3403 1455 3460 1508 σὲ
3507 1450 3711 1522 μᾶλλον
3748 1447 4017 1516 ἀγωνιοῦ-

2449 1575 2547 1629 μαι
2590 1560 2709 1619 ταίς
2748 1553 3068 1624 μελλούσαις
3110 1550 3363 1619 βασάνοις
3405 1546 3731 1615 μεταϐαλεῖν
3782 1544 3923 1611 πρὶς
3963 1541 4020 1592 τὸ

2447 1644 3035 1719 σωφρονέστερον.Καὶ
3061 1646 3088 1696 ό
3125 1645 3335 1713 μάρτυς
3388 1636 3545 1701 αὖθις
3596 1650 3772 1706 φησι·
3818 1633 4019 1700 Πολλὴν

2449 1746 2632 1799 ἄνοιαν
2661 1759 2752 1794 σου
2783 1740 3084 1808 κατηγορεῖ
3109 1737 3176 1788 τὰ
3212 1737 3431 1805 ῥήματα
3463 1731 3664 1784 ταῦτα·
3697 1728 3844 1796 πλὴν
3902 1726 4020 1777 ἐπεὶ

774 1808 895 1827 ....,
936 1808 1027 1815 η-
1374 1808 1377 1809 ν
2022 1808 2025 1809 ν

774 1855 889 1910 fieri
937 1866 1098 1922 posse
1131 1859 1187 1902 ut
1220 1849 1303 1901 his
1333 1861 1420 1899 me
1454 1841 1807 1913 persuadeas,
1840 1853 1937 1908 ego
1969 1837 2184 1906 quidem
2221 1850 2337 1888 sum

2452 1835 2701 1907 βασάνοις
2732 1832 2791 1884 τὸ
2823 1831 3047 1900 θαρρεῖν
3093 1826 3259 1894 ἔχεις,
3282 1823 3373 1875 καὶ
3421 1820 3646 1881 ταύταις
3675 1816 3778 1869 οἴει
3820 1832 3884 1881 με
3933 1829 4021 1878 με·

771 1960 988 2016 prope:
1022 1956 1218 1995 manus
1259 1952 1439 1992 autent
1495 1936 1747 1987 lictorum
1801 1947 1908 1986 non
1962 1937 2089 1983 sunt
2129 1927 2337 1997 procul.

772 2039 968 2093 Libere
1002 2049 1128 2104 ergo
1163 2033 1352 2099 loquar
1390 2029 1440 2082 in
1474 2026 1802 2081 necessitate
1838 2025 2067 2091 spiritus
2098 2021 2227 2084 mei,
2265 2029 2339 2085 ct,

773 2141 830 2186 ut
860 2131 936 2183 ait
965 2127 1184 2184 divinus
1217 2123 1319 2178 Job
1349 2123 1391 2182 ⁸,
1423 2122 1663 2188 aperiam
1692 2134 1751 2171 os
1786 2131 1988 2177 meum,
2022 2115 2162 2183 quod
2190 2128 2343 2167 ama-

772 2220 1016 2276 ritudine
1069 2214 1264 2268 animm
1305 2217 1614 2263 coarctatur
1647 2225 1659 2261 :
1692 2215 1745 2260 et
1774 2205 1983 2260 videbis
2032 2218 2119 2257 me
2154 2204 2342 2272 quavis

772 2317 949 2365 statua
994 2304 1326 2365 solidiorem,
1381 2308 1436 2354 et
1492 2297 1698 2368 patibili
1751 2305 1943 2349 natura
1979 2294 2341 2361 superiorem.

772 2401 925 2471 Apud
950 2399 1117 2452 Deum
1148 2396 1292 2450 enim
1324 2406 1505 2446 meum
1538 2401 1620 2443 est
1647 2389 1820 2441 virtus
1849 2396 1903 2438 et
1933 2385 2171 2453 potentia
2203 2398 2344 2448 mea,

772 2505 829 2549 et
868 2495 921 2546 in
966 2494 1082 2562 ipso
1132 2497 1216 2542 est
1263 2500 1387 2555 spes
1423 2496 1540 2537 mea
1592 2490 1647 2536 et
1704 2478 1986 2532 auxilium.
2038 2477 2172 2531 Cum
2233 2476 2345 2529 haec

776 2587 941 2641 verba
982 2582 1284 2651 accepisset
1354 2578 1583 2646 Lysias:
1614 2572 1707 2637 Es,
1761 2572 1954 2641 inquit,
1995 2570 2167 2623 audax
2209 2583 2343 2622 con-

778 2679 1049 2739 cionator,
1090 2682 1140 2727 et
1176 2673 1230 2725 in
1280 2684 1378 2723 nos
1428 2667 1603 2721 ﬂuens
1654 2679 1847 2735 magna
1901 2663 2110 2717 dicendi
2168 2662 2341 2730 copia,

776 2777 831 2822 et
904 2766 1173 2818 adversus
1243 2761 1375 2814 deos
1427 2756 1663 2827 glorians
1708 2765 1760 2807 te
1811 2754 2040 2822 jactitas.
2104 2750 2347 2803 Tuamne

778 2868 1016 2913 mentem
1058 2854 1216 2923 fugit,
1260 2863 1312 2906 te
1356 2850 1553 2918 alloqui
1602 2845 1909 2915 prtesidem.
1957 2843 2047 2912 qui
2084 2852 2187 2894 tuae
2224 2842 2345 2894 vita:

777 2952 945 3008 habet
982 2954 1331 3019 potestatem,
1360 2959 1483 3000 cum
1516 2941 1591 2996 sis
1627 2954 1766 2994 unus
1793 2954 1856 2992 ex
1886 2936 2093 2999 multis,
2126 2944 2180 2988 et
2208 2935 2349 2988 rela-

782 3056 870 3100 tus
924 3044 999 3098 sis
1052 3041 1108 3094 in
1165 3051 1457 3093 numerum
1514 3034 1791 3089 militum?
1851 3030 1941 3082 Ille
1998 3043 2170 3082 vero:
2230 3026 2349 3081 Non

2442 1903 2749 1985 ταπείσειν,
2782 1920 2945 1987 ἐγγὺς
2992 1918 3087 1987 μὲν
3132 1913 3242 1982 ἐγὼ
3266 1953 3280 1979 ,
3312 1913 3368 1965 αἱ
3399 1911 3456 1964 δὲ
3484 1909 3691 1977 δημίων
3734 1907 3923 1975 χεῖρες
3963 1903 4017 1952 οὗ

2446 2016 2750 2087 πόρρωθεν.
2781 2010 3241 2082 Παρρησιὰσομαι
3268 2005 3393 2072 γοῦν
3426 2006 3482 2053 ὲν
3506 2002 3722 2069 ἀνάγκη
3739 1998 3834 2049 τοῦ
3860 1998 4018 2047 πνεύ·

2448 2110 2612 2181 ματὸς
2644 2124 2767 2176 μου,
2798 2106 2913 2169 καὶ,
2940 2103 3079 2155 κατὰ
3102 2102 3191 2151 τὸν
3220 2096 3363 2161 Ἰὼϐ,
3391 2093 3587 2159 ἁνοίξω
3602 2090 3661 2143 τὸ
3702 2090 3877 2156 στόμα
3923 2104 4017 2154 μου

2444 2206 2640 2273 πικρίᾳ
2672 2202 2844 2269 τύχης
2874 2195 3231 2265 συνεχόμενος
3256 2206 3271 2221 ’
3308 2189 3427 2258 δψει
3453 2204 3517 2257 με
3546 2183 3746 2244 παντὸς
3769 2181 4020 2249 ἀνδριανο

2444 2314 2532 2357 τος
2598 2294 2976 2362 στερῤότερον,
3010 2287 3102 2339 καὶ
3148 2284 3397 2352 παθητῆς
3450 2278 3726 2347 ἀνώτερον
3784 2273 4017 2341 φύσεως.

2447 2389 2603 2456 Παρὰ
2643 2390 2751 2456 γὰρ
2790 2384 2866 2453 τῷ
2911 2380 3030 2451 Θεῴ
3074 2396 3173 2450 μου
3204 2381 3237 2449 ὴ
3275 2376 3424 2443 ἰσχὺς
3451 2372 3545 2425 καὶ
3565 2373 3628 2421 τὸ
3657 2370 3860 2438 κράτος
3898 2382 4019 2435 μου,

2445 2484 2541 2536 καὶ
2574 2483 2700 2549 παρ’
2727 2477 2875 2547 αὐτῷ
2907 2478 2940 2546 ή
2991 2473 3143 2535 ἐλπίς
3187 2488 3289 2540 μου
3334 2468 3428 2521 καὶ
3458 2467 3489 2535 ἡ
3524 2462 3777 2533 βοήθεια.
3822 2458 4020 2509 Τοῦτον

2447 2579 2475 2629 ὁ
2506 2577 2709 2635 Λυσίας
2743 2573 2834 2625 τὸν
2868 2571 3025 2637 λόγον
3054 2562 3391 2636 παραλαϐών
3418 2575 3432 2588 ·
3470 2556 3689 2629 Θρασύς
3725 2570 3810 2615 τις
3854 2547 3902 2601 εἰ
3930 2549 4021 2616 δη-

2451 2669 2711 2739 μηγόρος,
2740 2665 2866 2732 ἔφη,
2898 2662 2992 2713 κα.)⁵
3027 2658 3147 2712 καθ’
3178 2656 3336 2725 ἡμῶν
3370 2651 3536 2711 πολὺς
3565 2646 3886 2717 ρἐν,κατὰ
3915 2640 4021 2691 τῶν

2451 2734 2607 2811 θεῶν
2633 2755 3064 2826 φρυαττόμενος.
3099 2752 3169 2804 Ἢ
3195 2743 3527 2813 διαπέφευγέ
3550 2758 3643 2793 σου
3668 2738 3758 2789 τὸν
3790 2734 3915 2789 νοῦν
3943 2736 4018 2784 ὅτι

2450 2854 2671 2924 ἄρχοντι
2722 2849 2947 2920 διαλέγῃ
2978 2848 3075 2915 τῆς
3103 2843 3200 2913 σῆς
3231 2839 3476 2910 κεφαλῆς
3520 2829 4019 2895 κατεξουσιάζοντι,

2449 2947 2588 3015 ἀνὴρ
2641 2942 2747 2996 τῶν
2784 2940 2996 2994 πολλῶν
3032 2938 3128 3002 ὢν,
3176 2936 3275 2988 καὶ
3307 2934 3555 3001 τάγμασι
3601 2921 4021 2993 στρατιωτικοῖς

2453 3012 2801 3106 ινοίρίθμιοςς
2851 3034 2962 3083 Καὶ
2991 3032 3084 3094 ὃς,
3137 3029 3252 3081 Οὐκ
3291 3022 3490 3091 ἀγνοῶ,
3521 3019 3648 3087 εφη,
3680 3014 3820 3067 ἀλλὰ
3850 3015 3909 3065 τε
3948 3012 4025 3071 εἰς

778 3139 991 3208 ignoro,
1044 3130 1240 3198 inquit,
1291 3128 1385 3182 sed
1432 3127 1488 3179 in
1534 3123 1815 3177 Christum
1873 3121 2046 3190 pietas
2090 3119 2181 3180 dat
2213 3118 2342 3170 mihi

2454 3102 2685 3199 Χριστόν
2728 3122 2949 3186 εὐσεϐὲς
2976 3121 3119 3173 οὕτω
3146 3118 3370 3189 θαρρεῖν
3402 3114 3499 3166 καὶ
3546 3102 4025 3180 παρρησιάζεσθαι

781 3236 985 3279 tantam
1036 3218 1339 3279 audaciam,
1393 3224 1449 3270 et
1497 3215 1749 3285 loquendi
1793 3214 2119 3267 libertatem.
2170 3212 2350 3281 Angor

778 3327 961 3371 autem
992 3316 1196 3377 animo,
1226 3309 1368 3380 quod
1404 3324 1513 3362 non
1551 3308 1619 3362 sit
1646 3307 1841 3374 aliquis
1882 3304 1998 3359 sine
2039 3304 2346 3369 aﬂectione,

787 3407 951 3463 simul
1018 3415 1071 3460 et
1128 3404 1403 3471 sapienter
1467 3400 1828 3469 judicaturus.
1888 3396 2046 3451 Forte
2102 3399 2269 3459 enim,
2317 3411 2350 3449 ο

782 3497 962 3569 Lysia.
1027 3494 1117 3548 Dei
1147 3494 1392 3548 omnium
1427 3489 1701 3545 ell‘ectoris
1730 3489 2040 3559 agnovisses
2066 3490 2348 3548 virtutem,

784 3601 841 3646 et
893 3590 1022 3643 deos
1093 3587 1259 3640 lalsos
1315 3583 1759 3652 contempsisses.
1810 3581 1914 3634 Sed
1966 3596 2061 3633 cur
2112 3579 2350 3632 studium

790 3691 1049 3737 nostrum
1099 3678 1252 3731 nihili
1299 3675 1513 3727 fecisti?
1546 3675 1602 3725 lu
1629 3688 1862 3741 quonam
1906 3679 2083 3726 autem
2116 3672 2229 3739 ipse
2259 3670 2351 3724 tibi

785 3775 987 3847 places.
1019 3781 1073 3826 et
1114 3768 1369 3840 praeclare
1403 3767 1470 3821 de
1502 3775 1554 3820 te
1594 3764 1803 3821 sentis?
1836 3763 1903 3818 Es
1938 3764 2081 3818 enim
2132 3779 2350 3834 praeses,

787 3861 855 3921 ct'
889 3882 956 3919 ex
986 3858 1331 3919 sublimibus,
1369 3873 1477 3912 non
1518 3859 1569 3909 id
1616 3857 1965 3925 negaverint;
2004 3855 2140 3906 nihil
2174 3863 2353 3906 tamen

788 3976 818 4013 a
854 3966 1039 4012 nostra
1075 3953 1261 4009 dtﬂers
1302 3949 1581 4006 communi
1615 3958 1827 4005 natura.
1877 3946 2007 4000 Nam
2045 3954 2099 4000 tu
2134 3960 2352 4016 quoque

791 4065 850 4105 es
881 4051 1062 4109 homo,
1097 4046 1151 4098 in
1193 4058 1353 4113 quem
1404 4057 1551 4094 mors
1580 4041 1726 4093 cadit
1768 4047 1824 4091 et
1858 4039 2131 4090 interitus.
2164 4038 2221 4089 In
2256 4052 2356 4089 nos

794 4150 979 4195 autem
1059 4135 1361 4191 absolutam
1435 4146 1545 4185 non
1583 4130 1750 4183 habes
1781 4138 2126 4197 potestatem,
2161 4139 2357 4197 praeter

796 4248 955 4302 quam
1002 4230 1056 4281 in
1109 4228 1282 4281 solum
1332 4239 1551 4293 corpus.
1612 4222 1730 4292 Ipsa
1782 4232 1964 4274 autem
2017 4236 2104 4274 me
2158 4221 2359 4275 ducent

796 4326 980 4379 divina
1016 4319 1240 4388 Eloquia
1268 4318 1309 4381 ‘,
1342 4332 1452 4371 non
1484 4317 1674 4369 timere
1703 4331 1820 4378 eos,
1852 4315 1945 4383 qui
1980 4330 2178 4381 corpus
2209 4314 2357 4367 occi-

798 4420 954 4476 dunt,
1002 4417 1238 4466 animam
1288 4416 1469 4463 autem
1506 4420 1613 4459 non
1664 4412 1892 4473 possunt
1941 4402 2208 4464 occidere,
2261 4401 2358 4457 sed

2453 3198 2653 3276 δίδωσι.
2687 3220 2906 3290 Πλήρης
2944 3216 3000 3267 δὲ
3034 3216 3257 3283 γίνομαι
3291 3209 3489 3277 λύπης,
3513 3207 3593 3259 ὅτι
3627 3203 3703 3273 μή
3737 3200 3857 3251 ἐστί
3898 3214 3978 3257 τις
4001 3198 4027 3246 6

2453 3316 2689 3370 δικάσων
2716 3314 2847 3382 ἡμῖν
2892 3308 3118 3369 ἀπαθῶς
3170 3307 3285 3375 ἅμα
3317 3304 3412 3355 καὶ
3448 3297 3686 3355 συνετῶς
3708 3309 3724 3325 ·
3753 3293 3879 3344 ἐπεὶ
3910 3289 4026 3356 ταί

2454 3399 2600 3469 ἃν,ὢ
2634 3403 2833 3465 Λυσία,
2858 3402 2950 3452 καὶ
2981 3394 3327 3465 παντουργοῦ
3359 3389 3501 3443 Θεοῦ
3525 3385 3836 3454 ἐγνώρισας
3871 3383 4027 3435 623v:-

2457 3516 2573 3569 μιν,
2636 3496 2730 3549 κοιλ⁸
2760 3494 2974 3565 ψευδῶν
3022 3490 3161 3543 θεῶν
3220 3485 3660 3555 κατεφρόνησας.
3696 3479 3851 3549 Πλὴν
3880 3480 3955 3539 εἰς
3982 3477 4028 3527 τε

2454 3591 2551 3645 καὶ
2592 3589 2653 3643 τὸ
2689 3588 3028 3658 ἐπιτήδευμα
3070 3578 3275 3652 τούμὸν
3331 3578 3729 3644 ὲξουόἐνωσαςς
3762 3574 3819 3625 ὲν
3850 3572 3954 3623 τίη
3979 3570 4029 3620 δὲ

2456 3687 2549 3737 καὶ
2599 3682 2759 3743 αὐτὸς
2796 3678 3209 3750 μεγαφρονεῖς;
3268 3674 3489 3743 Ἀρχων
3549 3669 3646 3738 μὲν
3697 3667 3813 3733 γὰρ
3851 3662 3924 3727 εἷ,
3948 3665 4031 3713 καί

2455 3777 2562 3828 τῶν
2602 3775 2848 3843 ὑψηλῶν,
2897 3773 2996 3822 οὐκ
3031 3771 3341 3839 ἀρνήσομαι
3370 3778 3383 3790 ⁸
3419 3760 3571 3813 οὐδὲν
3634 3758 3691 3810 δὲ
3743 3760 3813 3826 τῇ
3883 3756 4028 3821 κοινῇ

2458 3871 2618 3940 φύσει
2648 3866 3043 3939 παραλλάττων
3075 3862 3255 3935 ἡμῶν·
3291 3857 3414 3914 ἐπεὶ
3440 3858 3535 3911 καὶ
3560 3857 3727 3919 αὐτὸς
3750 3854 4033 3923 ἄνθρωπος

2458 3966 2674 4035 θανάτῳ
2691 3964 3048 4033 ὑποκείμενος
3081 3963 3172 4014 καὶ
3204 3960 3398 4030 φθορᾷ.
3450 3956 3828 4023 Ἐξουσιάζεις
3858 3955 3916 4007 δὲ
3946 3954 4031 4019 οὐχ

2457 4058 2614 4129 ἡμῶν
2650 4058 2855 4118 ἁπλῶς,
2914 4055 3049 4108 ἀλλὰ
3085 4055 3246 4123 μόνον
3276 4052 3370 4105 τοῦ
3418 4050 3712 4119 σώματος·
3742 4049 3886 4101 αὐτὰ
3940 4048 4031 4114 γάρ

2462 4167 2528 4221 με
2560 4151 2629 4202 τὰ
2659 4150 2777 4201 θεῖα
2810 4148 3122 4202 διδάσκουσι
3148 4146 3307 4213 λόγια
3362 4144 3439 4214 μὴ
3483 4140 3776 4213 φοϐεῖσθαι
3805 4141 3919 4195 ἀπὸ
3941 4140 4033 4191 τῶν

2460 4241 2894 4293 ἀποκτεινόντων
2941 4239 3002 4288 τὸ
3053 4238 3235 4305 σῶμα,
3261 4238 3359 4305 τὴν
3393 4236 3449 4286 δὲ
3499 4235 3681 4303 ψυχὴν
3717 4235 4035 4287 ἀποκτεῖναι

2465 4333 2536 4405 μὴ
2562 4333 2909 4401 δυναμένωνο
2933 4332 3145 4382 ἐκεῖνον
3177 4328 3233 4382 δὲ
3270 4326 3470 4397 μᾶλλον
3521 4324 3779 4394 φρίττειν
3834 4326 3932 4377 καὶ
3960 4324 4035 4375 δε·

2463 4423 2701 4476 δοικέναι
2734 4422 2823 4476 τὸν
2870 4421 2965 4475 καὶ
3015 4421 3195 4491 ψυχὴν
3247 4419 3344 4472 καὶ
3403 4418 3567 4486 σῶμα
3614 4417 3927 4485 δυνάμενον
3980 4416 4037 4482 τῇ

799 4507 948 4559 illum
989 4505 1170 4574 potius
1210 4503 1589 4562 extimescere,
1639 4498 1733 4566 qui
1775 4511 1974 4564 corpus
2020 4504 2073 4548 et
2118 4495 2342 4547 animan

2466 4516 2656 4585 γεέννῃ
2684 4512 3094 4576 καταδικάζειν,
3117 4512 3243 4580 ἥτις
3262 4509 3542 4571 ἐκδέξεταί
3578 4525 3638 4558 σε
3664 4510 3762 4558 τον
3788 4511 4037 4576 ἀμέτρως

798 4606 976 4667 potest
1039 4595 1285 4664 gehenna
1344 4592 1760 4644 condemnare:
1818 4603 1937 4655 quae
1996 4597 2046 4638 te
2106 4587 2356 4655 accipiet,

801 4689 927 4742 licet
979 4701 1126 4740 nunc
1164 4682 1457 4739 immodice
1516 4680 1854 4751 gloriantem,
1907 4692 2029 4731 cum
2081 4676 2213 4746 ipsis
2255 4678 2362 4732 diis

801 4782 908 4834 tuis
942 4786 998 4832 et
1026 4775 1364 4830 dabtuonihus
1398 4778 1450 4825 in
1510 4785 1771 4826 aeternum
1804 4770 2162 4839 puniendum.

866 4870 939 4924 γ.
998 4871 1088 4923 His
1131 4867 1302 4938 magis
1332 4867 1394 4918 ad
1430 4866 1562 4917 iram
1605 4866 1909 4916 concitatus
1974 4861 2178 4930 Lysias,
2208 4861 2364 4929 jubet

802 4972 1093 5031 martyrem
1142 4961 1279 5014 trabi
1329 4971 1630 5028 appensum
1678 4954 1869 5009 ferreis
1903 4951 2096 5006 laniari
2129 4952 2360 5021 ungulis.

801 5053 1097 5119 Postquam
1130 5052 1309 5104 autem
1343 5056 1545 5115 martyr
1580 5046 1751 5100 sensit
1785 5046 2114 5099 tormentum
2147 5050 2364 5113 gravius

804 5140 1116 5216 (quomodo
1167 5142 1310 5193 enim
1363 5148 1551 5193 essent
1597 5152 1835 5200 corona,
1894 5137 1993 5189 nisi
2049 5136 2366 5203 exciperent

805 5235 1021 5289 labores
1039 5242 1093 5287 ct
1123 5230 1339 5285 dolores
1365 5231 1437 5297 ?),
1468 5230 1596 5285 Jesu
1631 5227 1866 5291 Christe,
1900 5226 2237 5291 exclamavit,
2274 5224 2366 5295 qui

812 5328 959 5379 solus
1018 5326 1153 5379 facis
1210 5339 1239 5377 a
1301 5322 1502 5375 saeculo
1550 5321 1841 5384 mirabilia,
1912 5320 2003 5389 qui
2068 5333 2367 5389 suspensus

809 5417 958 5475 fuisti
1000 5416 1055 5469 in
1092 5431 1274 5478 cruce,
1326 5422 1380 5468 et
1412 5414 1493 5467 sic
1529 5414 1824 5479 superbum
1858 5412 2102 5481 deiecisti
2137 5430 2150 5465 :
2189 5409 2279 5480 qui
2314 5410 2366 5461 in

814 5512 1144 5568 hodiernum
1179 5523 1352 5577 usque
1385 5507 1526 5561 diem
1556 5504 1806 5574 magnifis
1840 5513 1895 5559 et
1928 5506 2203 5560 extolleris
2245 5518 2370 5571 pro-

813 5615 933 5675 pter
971 5615 1134 5672 opera
1183 5609 1273 5656 tua
1313 5598 1651 5653 admirabilia
1682 5584 1722 5651 ι’
1747 5597 1871 5649 veni
1902 5596 1965 5649 ad
2031 5613 2115 5651 me
2148 5611 2369 5649 servan—

917 5809 937 5838 '
968 5804 1067 5861 Job
1094 5819 1187 5873 vn,
1215 5802 1303 5858 Η.
1438 5798 1462 5831 ⁸
1488 5798 1674 5855 Matth.
1705 5816 1760 5869 τ,
1790 5798 1875 5854 28.

2469 4608 2562 4660 νῦν
2617 4606 3047 4677 φρυαττόμενον,
3089 4605 3274 4667 αὐτοῖς
3329 4602 3469 4664 θεοῖς
3503 4615 3597 4651 σου
3649 4599 3750 4652 καὶ
3799 4599 4041 4669 δαίμοσιν

2470 4696 2702 4758 αἱωνίως
2740 4696 3232 4765 κολασθησόμενον.

2541 4880 2615 4934 Ε’.
2640 4877 2864 4943 Τούτοις
2894 4879 2974 4941 εἰς
2999 4877 3165 4949 ὀργὴν
3198 4874 3418 4929 πλείονα
3444 4878 3471 4929 6
3499 4876 3707 4939 Λυσίας
3738 4876 4039 4947 ἐξενεχθεὶς

2473 4973 2685 5028 κελεύει
2731 4974 2821 5026 τὸν
2857 4973 3111 5043 μάρτυρα
3164 4973 3323 5041 ἰκρίῳ
3375 4972 3757 5043 ἀναρτηϐἐντα
3802 4973 3955 5035 διωξι
3996 4972 4039 5021 τὶ

2475 5066 2633 5133 σῶμα
2701 5065 2939 5133 σιδηροῖς
2996 5062 3227 5128 ξέεσθαι.
3287 5062 3374 5127 Ὦς
3416 5060 3507 5117 οὖν
3536 5064 3563 5115 ὀ
3602 5070 3824 5133 μάρτυς
3857 5065 4041 5133 692g:-

2472 5160 2631 5228 τέρας
2666 5158 2865 5230 ᾔσθετο
2898 5157 2995 5227 τῆς
3050 5157 3283 5228 βασάνου
3315 5159 3430 5229 (καὶ
3464 5159 3579 5220 πῶς
3600 5159 3708 5224 γὰρ
3737 5159 3807 5208 ἂν
3828 5157 4040 5214 omnim:

2474 5251 2523 5303 οἱ
2565 5252 2842 5316 στέφανοι,
2868 5252 2917 5303 εἰ
2962 5250 3039 5321 μὴ
3089 5250 3283 5312 πόνους
3333 5250 3629 5317 ἠμείῦοντο
3674 5251 3772 5302 καὶ
3800 5250 4037 5313 ὀδύνας)

2488 5335 2662 5405 Ἰησοῦ
2714 5336 2938 5406 Χριατὲ,
2986 5336 3232 5407 ἐϐόησεν,
3263 5335 3290 5384 6
3337 5334 3508 5385 ποιῶν
3562 5337 3721 5404 μόνος
3768 5336 3826 5399 ἐξ
3862 5334 4042 5389 αἰῶνος

2479 5430 2776 5500 θαυμάσια,
2804 5430 2831 5481 6
2867 5430 2959 5481 ἐπὶ
2992 5429 3085 5481 τοῦ
3142 5426 3380 5496 σταυροῦ
3416 5430 3783 5498 κρεμασῡεὶς,
3834 5428 3929 5477 καὶ
3960 5428 4042 5483 τὸν

2482 5524 2829 5595 ὑπερήφανον
2854 5521 2996 5575 οὕτω
3028 5517 3371 5587 καταϐαλὼν,
3405 5521 3434 5574 6
3473 5539 3534 5590 με
3554 5539 3641 5593 (ρι
3683 5522 3779 5573 καὶ
3809 5517 3903 5569 νῦν
3938 5520 4036 5575 τοῖς

2482 5615 2802 5686 παραδόξοις
2836 5613 2947 5667 τῶν
2999 5613 3175 5683 ἔργων
3227 5612 3693 5683 μεγαλυνόμενος,
3724 5609 3839 5664 ἐλθὲ
3875 5613 3951 5669 εις
3984 5610 4036 5655 τὸ
