4170 6322
748 337 851 403 647

1975 335 2255 394 MENSIS
2298 335 2773 397 SEPTEMBER.

3899 343 3999 407 £48

822 451 927 509 VII.
963 449 1085 504 Haec
1118 464 1240 504 cum
1275 449 1381 503 dux
1426 449 1708 510 audiisset,
1741 448 2000 502 continuo
2030 464 2318 517 personam

2496 451 2568 504 Z'.
2600 450 2822 505 Τούτων
2847 454 2873 505 ό
2905 450 3032 518 δοὺξ
3050 452 3311 518 ἀκούσας,
3331 455 3389 511 τὸ
3429 458 3780 527 προσωπεῖον
3839 459 3997 524 eses;

751 557 806 603 et
853 560 1068 602 scenam
1119 543 1332 611 abjicit.
1386 552 1441 596 et
1497 557 1689 595 rursus
1742 552 1857 595 erat
1910 541 2096 612 Lysias
2185 556 2308 594 cum

751 638 910 693 solita
947 636 1270 690 crudelitate
1294 643 1344 689 et
1381 634 1739 698 immanitate,
1767 643 1817 687 et
1854 634 2007 702 jubet
2034 633 2306 702 lapidibus

751 729 961 784 conteri
1000 742 1062 782 os
1092 727 1361 798 martyris,
1403 736 1457 780 et
1489 726 1686 780 deinde
1735 725 1899 778 etiam
1938 725 1985 778 ei
2025 726 2310 780 dictitari:

750 823 872 877 Noli
931 821 1206 875 Christum
1261 819 1582 873 crucifixum
1623 819 1677 872 in
1718 818 1899 888 lingua
1940 817 2314 881 circumferre,

752 932 928 984 neque
971 916 1120 969 illum
1163 914 1645 969 commemorando
1699 929 1820 967 esse
1868 914 2126 968 molestus
2161 914 2316 968 ducis

751 1009 994 1061 auribus.
1056 1005 1159 1060 Sed
1229 1014 1483 1060 strenuus
1544 1005 1746 1059 athleta
1805 1006 1967 1058 etiam
2031 1006 2318 1060 decertans

753 1116 875 1154 cum
941 1098 1030 1152 tali
1092 1096 1380 1166 supplicio,
1435 1106 1610 1149 tamen
1651 1096 2061 1164 responsionem
2103 1111 2318 1165 quoque

753 1191 952 1261 adjecit
999 1208 1012 1243 :
1051 1190 1229 1251 Miser,
1273 1188 1486 1250 dicens,
1519 1189 1608 1257 qui
1665 1197 1808 1240 tuam
1853 1187 2096 1240 .animam
2154 1188 2319 1242 semel

755 1283 928 1338 fecisti
955 1285 1258 1335 daemonum
1302 1282 1694 1339 habitaculum.
1731 1283 1925 1333 merito
1955 1294 2024 1333 ne
2055 1280 2169 1333 solo
2197 1280 2320 1348 qui-

755 1376 874 1428 dem
908 1373 1092 1426 auditu
1115 1380 1269 1441 potes
1295 1369 1444 1424 ferre
1475 1371 1672 1424 Christi
1706 1370 1808 1422 mei
1849 1385 2069 1423 nomen.
2103 1370 2182 1422 Ad
2208 1371 2320 1424 hrec

756 1482 947 1523 rursus
977 1467 1080 1518 dux
1112 1482 1124 1516 :
1160 1465 1288 1533 Ego,
1318 1479 1350 1516 o
1377 1462 1687 1516 Severiana.
1719 1462 2028 1515 existimans
2052 1470 2101 1513 te
2126 1461 2318 1515 factum

756 1574 876 1611 esse
938 1556 1351 1608 moderatiorem
1410 1553 1696 1606 tormentis
1753 1553 2206 1621 praecedentibus.
2264 1563 2317 1606 et

756 1663 1063 1701 sermonem
1113 1644 1349 1713 imperii,
1384 1651 1438 1696 et
1476 1659 1592 1710 quae
1623 1659 1756 1708 Opus
1787 1655 1931 1706 sunt,
1964 1645 2105 1712 quod
2138 1647 2202 1697 ad
2238 1659 2323 1697 me

757 1741 974 1807 quidem
1022 1738 1238 1798 attinet,
1288 1736 1452 1788 suasi.
1488 1735 1760 1798 Quoniam
1795 1745 1972 1788 autem
2008 1738 2120 1802 ipse
2156 1738 2323 1803 magis

759 1827 1045 1882 contendis
1092 1826 1306 1878 vincere
1344 1826 1522 1894 priora
1554 1825 1828 1886 secundis,
1861 1834 1915 1879 et
1944 1841 2061 1894 qua:
2092 1842 2323 1895 [ιι-ωορδ·
2357 1803 2396 1856 Β

761 1929 946 1973 serunt
975 1920 1373 1987 perpessioncs,
1401 1919 1817 1987 exsuperatione
1844 1919 2023 1972 delere
2064 1921 2326 1988 posterio-

760 2028 905 2073 rum,
954 2019 1015 2063 ut
1056 2011 1290 2076 aliquam
1318 2009 1521 2062 referas
1557 2010 1780 2077 gloriam
1806 2025 1831 2061 a
1859 2010 2205 2071 Christianis,
2233 2011 2323 2079 qui

760 2118 913 2171 aque
944 2116 1006 2155 ac
1041 2111 1096 2154 tu
1131 2108 1259 2153 sunt
1289 2099 1462 2163 stulti,
1503 2109 1553 2152 te
1583 2100 1898 2153 omnimodo
1926 2102 2130 2155 docebo
2161 2118 2324 2170 expe-

764 2196 980 2259 rientia,
1013 2194 1156 2263 quod
1191 2205 1240 2247 te
1270 2203 1394 2248 tuus
1427 2193 1680 2248 Christus
1705 2209 1774 2248 ne
1809 2195 2078 2248 tantillum
2108 2197 2325 2264 quidem

758 2289 983 2357 juverit.
1030 2284 1186 2338 Tunc
1217 2283 1568 2345 Severianus,
1612 2285 1701 2353 qui
1731 2284 1845 2353 ipse
1889 2301 2132 2352 quoque,
2190 2286 2330 2338 sicut

763 2379 980 2432 divinus
1002 2376 1219 2440 Paulus,
1246 2385 1364 2430 erat
1391 2377 1583 2444 plenus
1609 2378 1790 2430 divino
1817 2376 2025 2446 Spiritu
2055 2394 2067 2429 :
2093 2377 2218 2440 Nos,
2249 2378 2331 2430 in-

763 2471 1030 2539 quit,non
1065 2483 1148 2528 ea,
1181 2483 1299 2536 qua:
1332 2467 1601 2527 videntur,
1642 2482 1675 2520 o
1699 2468 1886 2534 judex.
1914 2468 2008 2521 sed
2044 2483 2105 2520 ea
2137 2469 2326 2534 etiam,

765 2578 886 2632 quae
917 2577 1026 2614 non
1053 2560 1326 2622 videntur,
1371 2559 1787 2614 consideramus
1813 2560 1855 2612 ³.
1893 2559 2082 2613 Veniet
2114 2569 2320 2626 autem,

766 2655 856 2723 qui
890 2655 1104 2716 liberat,
1146 2664 1199 2706 et
1227 2664 1450 2705 sanctus
1477 2667 1506 2704 e
1533 2651 1669 2706 coelo
1691 2652 1950 2714 visitabit,
1986 2661 2039 2705 et
2071 2667 2190 2720 qua:
2218 2667 2247 2704 a
2279 2661 2330 2706 te

769 2745 821 2796 in
852 2757 936 2794 me
956 2743 1296 2795 intentantur
1313 2741 1595 2809 supplicia,
1619 2740 1801 2793 otnnia
1835 2741 2246 2800 eﬂicietiuania,
2275 2747 2338 2794 ut

768 2843 895 2886 sunt
946 2847 1151 2886 revera.
1208 2830 1331 2885 llaec
1364 2846 1487 2884 cum
1538 2839 1737 2901 martyr
1784 2832 2178 2899 respondisset,
2225 2832 2333 2883 dux

771 2938 1070 2977 conversus
1124 2921 1190 2974 ad
1251 2922 1667 2975 circumstantes
1719 2939 1734 2974 :
1781 2921 2070 2986 Quoniam,
2133 2922 2330 2991 inquit,

771 3016 1099 3068 Severianus
1139 3013 1486 3082 praesentium
1527 3011 1789 3065 malorum
1826 3021 2117 3085 exspectat,
2148 3026 2331 3066 remu-

2416 545 2510 597 καὶ
2556 545 2656 614 τὴν
2688 545 2896 618 σκηνὴν
2943 546 3299 617 ἀπορρίπτει,
3361 550 3456 602 καὶ
3488 552 3696 615 Λυσίας
3732 548 3802 622 ἦν
3830 552 3994 617 αὖθις

2422 634 2558 704 μετά
2585 636 2688 704 τῆς
2740 636 3007 708 συνήθους
3061 639 3335 708 ἀπηνείας
3386 641 3480 692 καὶ
3536 641 3638 711 τῆς
3685 643 3993 714 ὠμότητος,

2417 727 2585 792 λίθοις
2606 745 2663 781 τε
2683 730 2742 781 τὸ
2773 730 3113 800 μαρτυρικὸν
3137 731 3357 784 ἐκέλευε
3387 735 3772 804 συντρίϐεσθαι
3794 739 3993 807 στόμα,

2420 818 2538 874 εἶτα
2574 821 2665 874 καὶ
2701 821 2974 890 ἐπιλέγειν
3007 823 3156 893 αὐτῷ
3188 842 3200 856 ·
3239 825 3313 893 μὴ
3343 825 3432 877 ἐπὶ
3474 826 3570 893 τῆς
3613 827 3865 896 γλώττης
3899 847 3994 880 πε-

2423 916 2668 984 ριφέρειν
2698 915 2790 966 τὸν
2831 918 3249 987 ἐσταυρωμένον
3285 915 3543 987 Χριστὸν,
3574 919 3708 988 μηδὲ
3743 925 3811 990 τῇ
3843 923 3989 973 ὲκεί-

2421 1026 2512 1059 νου
2575 1008 2764 1079 μνήμῃ
2800 1009 2899 1070 τάς
2932 1008 3026 1059 τοῦ
3077 1008 3266 1070 δουκὸς
3321 1009 3512 1061 λυπεῖν
3560 1010 3748 1071 ἀκοάς.
3795 1010 3936 1062 Ἀλλ’
3969 1013 3995 1062 ό

2421 1103 2667 1166 γενναῖος
2705 1093 2859 1160 οὗτος
2888 1100 3066 1151 καίτοι
3114 1100 3250 1167 αὐτῇ
3291 1100 3538 1152 παλαίων
3577 1100 3825 1162 κολάσει,
3850 1103 3995 1166 ὅμως

2423 1192 2516 1242 καὶ
2536 1192 2592 1242 τὸ
2611 1190 2784 1243 αττιον
2807 1190 3120 1259 προσετίθει
3149 1209 3161 1220 '
3188 1191 3395 1255 Ἀθλιε,
3411 1191 3606 1258 λέγων,
3625 1192 3903 1261 δαιμόνων
3921 1193 3996 1243 οἱ·

2423 1283 2683 1352 κητήριον
2703 1282 2847 1347 ἆπαξ
2867 1285 2964 1352 τὴν
2983 1281 3148 1335 αὑτοῦ
3163 1283 3340 1352 ψυχὴν
3358 1284 3749 1353 ποιησάμενος,
3769 1286 3994 1346 σίκότως

2422 1375 2542 1427 οὐδὲ
2600 1377 2735 1444 ἀκοῇ
2773 1377 2907 1444 μόνῃ
2967 1376 3028 1427 τὸ
3055 1375 3149 1427 τοῦ
3210 1375 3347 1444 ἐμοῦ
3411 1375 3650 1446 Χριστοῦ
3681 1377 3856 1445 δνομα
3919 1376 3997 1427 δι-

2429 1470 2679 1535 ενεγκεῖν
2708 1467 2956 1519 δύνασαι.
3007 1468 3147 1536 Πρὸς
3203 1470 3372 1520 ταῦτα
3413 1470 3573 1521 πάλιν
3604 1472 3630 1522 ὀ
3661 1470 3816 1533 δούξ’
3861 1470 3996 1534 Ἐγὼ

2428 1556 2873 1626 σωφρονέστερον
2908 1572 2968 1606 σε
3001 1555 3262 1620 γενέσθαι
3291 1557 3410 1616 ταῖς
3463 1557 3865 1625 προλαδούσαις
3905 1555 3994 1624 βα-

2428 1650 2607 1710 σάνοις
2634 1647 2858 1716 οἰηθεὶς,
2879 1646 3201 1716 Σευηριανὲ,
3224 1646 3319 1698 καὶ
3344 1647 3504 1712 λόγου
3565 1649 3877 1713 μετέδωκα,
3911 1647 3998 1697 καὶ

2426 1742 2493 1794 τά
2522 1739 2708 1793 δέοντα
2739 1740 2798 1790 τό
2832 1757 2895 1807 γε
2929 1742 3007 1802 είς
3039 1740 3139 1807 ἐμὲ
3200 1733 3357 1808 ἧκον,
3404 1737 3691 1806 παρῄνεσα
3717 1752 3732 1766 ο
3787 1736 3915 1787 ἐπεὶ
3946 1736 4000 1786 δὲ

2430 1833 2628 1902 μᾶλλον
2659 1831 2818 1893 αὐτὸς
2849 1835 3068 1899 νικῆσαι
3110 1831 3439 1900 φιλονεικείς
3484 1831 3594 1889 τοῖς
3625 1828 3906 1896 δευτέροις
3936 1831 3998 1876 τι

2428 1925 2690 1996 πρότερα,
2722 1925 2815 1975 καὶ
2853 1924 2920 1975 τά
2972 1923 3254 1990 φθάσαντα
3293 1921 3439 1990 πάθη
3485 1924 3549 1990 τῇ
3601 1920 3712 1970 τῶν
3752 1919 3999 1981 ὑστέρων

2429 2020 2701 2090 ὑπερϐολῇ
2733 2016 3080 2087 ἀμαυρῶσαι,
3108 2017 3252 2077 ὅπως
3281 2018 3401 2067 τινὰ
3420 2014 3689 2077 καὶδόξαν
3715 2012 3868 2082 παρὰ
3896 2012 4001 2062 τῶν

2428 2111 2512 2162 ἐπ’
2544 2109 2662 2178 ἴσης
2694 2110 2777 2161 σοὶ
2823 2107 3065 2176 ἀνοήτων
3107 2106 3383 2174 ἀπενέγκῃ
3433 2103 3804 2173 Χριστιανῶν,
3835 2102 4004 2170 πείρα

2432 2219 2488 2254 σε
2509 2199 2701 2263 διδάξω
2726 2199 2940 2260 πάντως
2962 2196 3165 2258 ωςοὺδὲ
3188 2195 3360 2264 βραχύ
3388 2213 3445 2246 σε
3470 2194 3578 2264 ἄρα
3599 2195 3625 2245 ό
3654 2195 3743 2255 σὸς
3765 2193 4004 2263 Χριστὸς

2429 2293 2785 2359 ὠφελήσειεν.
2817 2288 3082 2341 Ἐνταῦθα
3108 2288 3455 2357 Σευηριανὸς,
3496 2288 3643 2340 θείου
3677 2289 3996 2354 Πνεύματος

2431 2386 2526 2438 καὶ
2550 2385 2709 2447 αὐτὸς
2748 2384 2889 2436 κατὰ
2931 2383 3142 2437 Παῦλον
3173 2384 3436 2453 πλησθείς
3458 2400 3472 2414 ·
3518 2384 3734 2452 Ἡμεῖς,
3763 2383 3989 2450 ἔφησεν,

2432 2479 2493 2532 οὐ
2546 2478 2613 2532 τὰ
2670 2477 2977 2548 βλεπόμενα
3023 2476 3196 2530 ταῦτα
3243 2477 3572 2547 σκοποῦμεν,
3623 2477 3761 2530 ἀλλά
3807 2477 3874 2528 τά
3930 2475 3999 2543 μὴ

2435 2571 2767 2641 βλεπόμενα,
2826 2569 3090 2622 δικαστά·
3145 2570 3266 2639 ἥξει
3320 2569 3376 2622 δὲ
3436 2570 3463 2620 ό
3515 2568 3805 2636 ῥυόμενος,
3834 2568 3929 2617 καὶ
3977 2569 4001 2616 ὁ

2435 2665 2589 2729 ἅγιος
2628 2660 2689 2723 ἐξ
2715 2660 2942 2728 οὐρανοῦ
2991 2658 3486 2727 ἐπισκέψεται,καὶ
3516 2657 3615 2715 τὰς
3649 2656 3997 2724 ἐπαγομένας

2438 2754 2562 2823 ὲμοι
2631 2752 2780 2818 παρὰ
2842 2748 2937 2801 σοῦ
3001 2749 3252 2812 κολάσεις
3310 2747 3542 2818 ματαίας
3594 2746 4001 2810 άποδείξει,καὶ

2436 2846 2599 2908 κενὰς
2646 2844 2884 2906 ἁπάσας,
2937 2843 3074 2912 ὅπερ
3119 2839 3255 2894 ἐστί.
3317 2840 3500 2894 Ταῦτα
3570 2838 3664 2892 τοῦ
3727 2841 3999 2908 μάρτυρος

2436 2938 2896 3009 ἀποκριναμένου,
2959 2939 2986 2990 δ
3047 2936 3171 3000 δοὺξ
3242 2935 3379 3004 πρὸς
3440 2935 3566 2996 τοὺς
3623 2933 3997 3002 περιεστῶτας

2436 3029 2791 3098 ἐπιστραφείς
2813 3043 2825 3055 ·
2873 3027 3046 3087 Ἑπεῖ,
3085 3026 3238 3093 φησι,
3267 3025 3592 3092 Σευηριανὸς
3613 3022 4001 3094 δαψιλεστέρας

771 3105 1101 3170 nerationes,
1151 3105 1372 3158 interim
1419 3103 1655 3173 pendeat
1698 3102 1946 3158 sublimis
1987 3105 2041 3157 in
2082 3103 2247 3173 ligno,
2282 3113 2328 3155 et

2437 3122 2543 3173 τῶν
2607 3120 2889 3187 παρόντων
2949 3117 3134 3170 κακῶν
3186 3117 3284 3179 τάς
3335 3117 3632 3178 ἀντιδόσεις
3698 3115 3997 3182 ἐκδέχεται,

775 3195 940 3264 huius
968 3195 1135 3248 latera
1168 3196 1379 3266 ungula:
1409 3194 1598 3250 ferreae
1627 3205 1976 3250 consumant.
2008 3195 2127 3246 Sint
2153 3202 2332 3246 autem

774 3291 938 3341 etiam
969 3289 1110 3341 circa
1138 3303 1260 3340 eum
1285 3288 1568 3349 satellites,
1596 3295 1654 3340 ut
1684 3286 2057 3339 vehementius
2085 3286 2334 3350 lanietur,

774 3389 830 3432 et
859 3381 1015 3431 nobis
1044 3379 1250 3445 aliquas
1282 3378 1514 3430 fortasse
1545 3385 1666 3446 agat
1695 3376 1915 3447 gratias,
1950 3377 2040 3446 qui
2070 3380 2146 3431 sie
2174 3376 2334 3430 etiam

777 3471 1026 3524 auctores
1063 3485 1250 3524 sumus
1275 3471 1512 3538 plurium
1544 3470 1833 3524 bonorum.

854 3673 986 3726 Vill.
1026 3672 1148 3727 Haec
1184 3674 1272 3728 ille
1301 3675 1516 3743 quidem
1551 3673 1703 3736 dixit,
1746 3671 1908 3725 veluti
1962 3671 2336 3738 subsannaus;

781 3765 1068 3820 multitudo
1108 3772 1283 3818 autem
1325 3767 1574 3820 lictorum
1612 3763 1794 3819 statim
1831 3767 2257 3830 circumsistens,
2287 3775 2341 3820 et

780 3876 904 3914 eum
951 3857 1180 3912 sublime
1227 3860 1441 3919 tollens,
1491 3859 1658 3911 latera
1708 3859 1976 3910 lacerabat
2027 3860 2336 3912 crudeliter.

781 3950 876 4005 Ille
910 3959 1088 4002 autem
1132 3969 1144 4002 :
1183 3949 1355 4003 Unam
1387 3949 1546 4010 hanc,
1588 3948 1823 4009 dicebat,
1873 3948 2078 4017 plagam
2122 3963 2338 4016 gravem

781 4042 1050 4102 existimo,
1093 4054 1213 4107 quae
1249 4054 1332 4092 me
1372 4054 1399 4090 a
1441 4037 1657 4091 Christo
1711 4037 1989 4107 disjungil.
2029 4037 2166 4090 Sunt
2214 4053 2340 4091 vero

782 4132 866 4185 ha:
904 4144 1093 4184 omnes
1135 4129 1264 4182 mihi
1304 4131 1481 4199 potius
1521 4130 1799 4200 voluptati.
1847 4130 1928 4184 Me
1965 4130 2107 4183 enim
2151 4131 2219 4184 ab
2273 4131 2339 4186 iis

783 4238 903 4292 quae
929 4233 1055 4277 sunt
1089 4225 1141 4276 in
1167 4234 1328 4285 terra,
1363 4233 1696 4291 separantes,
1729 4223 1828 4276 soli
1866 4224 2082 4276 Christo
2111 4225 2340 4290 conjun-

787 4326 942 4382 gunt.
996 4315 1216 4366 interim
1263 4325 1442 4367 autent
1493 4315 1598 4367 dux
1650 4315 1868 4382 quidem
1930 4314 2140 4367 dicebat
2181 4330 2194 4365 :
2234 4314 2342 4366 Diis

785 4407 1055 4466 sacriﬁca.
1114 4406 1423 4471 Sereriane,
1460 4415 1514 4459 et
1571 4405 1802 4459 liberare
1838 4419 1866 4457 a
1894 4405 2195 4474 suppliciis.
2249 4405 2337 4460 Ille

2441 3209 2859 3282 μετεωρισθήτω
2881 3210 3015 3270 τέως
3045 3211 3137 3260 ἐπὶ
3179 3207 3273 3259 τοῦ
3310 3208 3493 3273 ξύλου,
3520 3208 3612 3258 καὶ
3657 3208 3752 3265 τας
3809 3206 3995 3255 τούτου

2438 3306 2680 3373 πλευρὰς
2732 3303 2918 3368 ὄνυχες
2965 3303 3174 3370 σιδηροῖ
3203 3301 3598 3351 δαπανάτωσαν
3623 3313 3634 3326 ·
3667 3298 3808 3347 ἔστω
3839 3297 3891 3346 δέ
3923 3313 3998 3356 τις

2441 3401 2564 3464 περί
2599 3395 2757 3444 αὑτὸν
2792 3392 2885 3443 καὶ
2921 3392 3236 3459 δορυφορία,
3265 3392 3410 3451 ὅπως
3442 3389 3845 3456 συντονώτερον
3887 3388 3999 3452 Eui-

2441 3503 2599 3548 νοιτο,
2623 3485 2713 3536 καί
2752 3500 2902 3545 τινας
2936 3483 3064 3542 ἴσως
3107 3483 3239 3550 ἡμῖν
3274 3480 3561 3548 ὁμολογοίη
3609 3482 3702 3529 καὶ
3748 3479 3997 3546 χάριτας,

2442 3577 2702 3628 πλειόνων
2742 3574 2909 3636 οὓτως
2951 3574 3144 3635 αἰτίοις
3180 3570 3399 3636 ἀγαθῶν
3418 3571 3567 3641 αὐτῷ
3599 3571 3931 3638 γινομένοις.

2512 3666 2591 3720 H'.
2623 3666 2807 3719 Ταῦτα
2837 3666 2866 3718 ὁ
2903 3668 2999 3735 μὲν
3030 3659 3139 3718 οἷον
3187 3663 3563 3733 ἐπιχλευάζων
3596 3659 3721 3716 εἶπε
3744 3679 3756 3691 ⁸
3793 3663 3998 3733 δημίων

2439 3762 2494 3815 δὲ
2529 3761 2725 3827 πλῆθος
2760 3760 2919 3820 εὐθὺς
2961 3758 3339 3826 περιστάντες,
3374 3761 3470 3808 καὶ
3500 3757 3690 3809 τοῦτον
3745 3757 4001 3824 μετεωρί-

2444 3852 2769 3912 σαντες,τάς
2819 3851 3054 3918 πλευρὰς
3108 3847 3386 3914 ὠμότερον
3422 3847 3800 3909 διεσπάθιςον.
3834 3848 3891 3898 '0
3915 3849 3996 3905 δὲ.

2443 3943 2588 3995 Μίαν
2624 3939 2858 4008 πληγὴν,
2893 3938 3070 4006 ἔλεγε,
3105 3937 3309 4007 ταύτην
3343 3938 3614 3990 ἐπώδυνον
3641 3938 3885 4006 ἥγημαι,
3912 3942 4000 4004 την

2442 4033 2548 4103 ἀπὸ
2582 4033 2819 4101 Χριστοῦ
2847 4032 3135 4084 διιστῶσάν
3168 4047 3255 4101 με’
3281 4027 3437 4083 αὗται
3469 4030 3523 4082 δέ
3557 4047 3648 4098 μοι
3683 4029 3887 4099 μᾶλλον
3917 4036 4000 4081 καὶ

2443 4124 2562 4177 καθ’
2585 4124 2776 4192 ἡδονήν
2819 4125 2922 4174 εἰσι
2963 4124 3166 4175 πᾶσαι·
3197 4124 3302 4174 τῶν
3344 4123 3436 4173 ἐπὶ
3477 4121 3580 4186 γῆς
3631 4124 3741 4191 γάρ
3775 4140 3844 4191 με
3892 4123 3999 4174 δια·

2441 4217 2734 4282 τέμνουσαι
2764 4213 2984 4283 Χριστῷ
3009 4213 3340 4264 συνάπτουσι
3372 4212 3536 4278 μόνῳ.
3581 4210 3670 4261 Ἐν
3713 4213 3891 4281 τούτῳ
3914 4210 4001 4264 οἷον

2443 4305 2471 4354 ὁ
2511 4303 2609 4370 μὲν
2644 4302 2766 4364 δοὺξ
2790 4341 2804 4362 ,
2839 4301 3032 4364 θῦσον,
3058 4301 3231 4366 ἔλεγε,
3256 4303 3361 4360 tot,
3383 4299 3545 4362 θεοῖς,
3572 4300 3895 4369 Σευηριανὲ,
3916 4305 4003 4352 καὶ

2446 4393 2551 4445 τῶν
2574 4391 2848 4445 κολάσεων
2866 4391 3232 4446 ἀπαλλάττου.
3263 4393 3321 4445 '0
3350 4393 3430 4454 δὲ,
3460 4393 3567 4443 τῶν
3582 4393 3798 4444 ἐκείνου
3835 4395 4004 4463 ῥημά-

771 4493 916 4550 ἰ·οι·ο
948 4499 1116 4567 ipsius
1157 4499 1321 4550 verba
1353 4513 1420 4549 ne
1451 4498 1716 4550 tantillum
1753 4499 1968 4564 quidem
2000 4513 2216 4560 curans,
2249 4514 2328 4550 nc-

2447 4503 2553 4538 των
2575 4485 2694 4538 οὐδὲ
2718 4486 2775 4537 τὸ
2805 4484 2976 4554 βραχὺ
3002 4485 3321 4554 φροντίζων,
3348 4485 3466 4536 οὺδέ
3500 4503 3646 4546 τινος
3681 4485 3850 4539 αὐτὸν
3881 4488 4004 4538 ἀπο-

785 4595 890 4660 que
921 4606 1042 4644 eum
1092 4589 1268 4658 aliqua
1300 4588 1526 4658 dignaris
1571 4588 1940 4655 responsione,
1990 4589 2129 4652 apud
2158 4602 2217 4640 se
2255 4592 2342 4639 la-

785 4685 892 4736 cite
932 4683 1250 4749 loquebatur
1287 4697 1299 4733 :
1343 4679 1460 4733 Non
1495 4687 1622 4732 sunt
1665 4675 1836 4746 digna:
1879 4679 2160 4746 passiones
2204 4694 2347 4732 nunc

789 4769 1070 4839 temporis,
1110 4782 1229 4834 qua:
1268 4766 1612 4818 conferantur
1641 4781 1760 4818 cum
1801 4765 1965 4835 gloria
2001 4764 2281 4821 revelanda
2306 4770 2343 4819 “.

789 4858 904 4910 Dux
945 4858 1125 4924 itaque
1159 4855 1408 4924 martyris
1442 4853 1736 4914 silentium,
1764 4862 2158 4922 contemptum,
2206 4858 2346 4910 sicut

787 4959 924 5012 erat,
974 4950 1287 5012 arbitratus,
1327 4948 1570 5017 graviora
1623 4947 1675 4998 in
1720 4959 1842 4997 eum
1879 4947 2217 5015 excogitabat
2249 4964 2264 5010 ;
2296 4959 2350 5002 et

789 5053 914 5090 eum
962 5051 1087 5091 eum
1136 5043 1202 5090 de
1247 5037 1392 5105 ligno
1439 5037 1804 5102 deposuisset,
1853 5037 2071 5091 deducit
2109 5039 2174 5092 ad
2232 5055 2350 5092 mu-

789 5143 956 5193 rum;
1009 5145 1239 5199 cumque
1291 5132 1427 5183 duos
1456 5127 1658 5198 lapides
1708 5134 1966 5184 maximos
1999 5141 2052 5184 et
2097 5131 2350 5200 gravissi-

791 5236 929 5284 mos,
983 5236 1146 5274 unum
1179 5222 1394 5290 quidem
1446 5222 1607 5282 collo,
1639 5220 1871 5272 alterum
1910 5229 2094 5274 autem
2135 5223 2350 5291 alligas-

791 5322 872 5366 set
909 5313 1158 5383 pedibus,
1197 5323 1252 5367 et
1275 5323 1558 5384 martyrem
1602 5314 1726 5366 tunc
1749 5312 2021 5378 cinxisset,
2059 5313 2278 5368 dimittit
2317 5329 2347 5368 e

791 5421 947 5459 muro
965 5407 1192 5460 sublime
1216 5405 1560 5475 pendentem,
1582 5407 1887 5472 utlapidum
1920 5405 2154 5475 pondere
2180 5421 2349 5459 mem-

790 5501 908 5557 bris
944 5500 991 5553 ei
1024 5498 1274 5573 divulsus,
1324 5496 1585 5551 violenter
1624 5499 1908 5566 abrumpat
1945 5497 2202 5551 animam.
2241 5498 2345 5552 Sed

791 5607 981 5648 revera
1014 5591 1066 5646 in
1109 5600 1161 5644 te
1191 5587 1448 5659 speravit,
1485 5588 1731 5653 Domine,
1772 5597 1827 5642 et
1867 5603 1974 5644 non
2005 5598 2089 5644 est
2118 5589 2344 5644 atl'ectus

794 5762 874 5816 'll
908 5762 1030 5815 Cor.
1064 5777 1137 5827 tv,
1195 5759 1280 5814 18.
1393 5760 1412 5790 ⁸
1441 5758 1597 5815 Rom.
1630 5756 1861 5825 VIII,18.

2446 4579 2676 4647 κρίσεως
2734 4577 3064 4638 άξιῶν,οὺκ
3121 4575 3345 4637 ἀξια,ὲν
3405 4577 3583 4644 ἐαυτῷ
3613 4579 3901 4642 ὑπελάλει,
3943 4581 4003 4628 τά

2443 4667 2749 4734 παθήματα
2797 4665 2892 4716 τοῦ
2946 4665 3039 4715 νῦν
3103 4665 3296 4730 καιροῦ
3351 4666 3484 4732 πρὸς
3537 4667 3636 4733 τὴν
3702 4668 4003 4734 μέλλουσαν

2443 4756 2896 4826 ἀποκαλυφθῆναι
2927 4755 3104 4818 δόξαν.
3151 4756 3207 4809 ὐ
3239 4757 3364 4823 δοὺξ
3401 4758 3580 4809 τοίνυν
3634 4758 3739 4829 τὴν
3804 4763 4005 4827 σιωπὴν

2444 4852 2537 4904 τοῦ
2575 4853 2851 4918 μάρτυρος
2884 4848 3463 4918 καταφρόνησιν,ὅπερ
3495 4845 3585 4920 ἦν,
3637 4851 3895 4921 νομίσας,
3915 4851 4006 4920 βα-

2450 4946 2651 5016 ρύτερα
2681 4943 2800 4998 κατ’
2833 4944 3000 4996 αὐτοῦ
3033 4947 3329 5007 ἐπενοεῖτο,
3357 4947 3450 4997 καὶ
3479 4945 3574 4997 τοῦ
3607 4945 3770 5010 ξύλου
3821 4951 4006 5002 τοῦτον

2447 5037 2795 5106 καταγαγὼν,
2817 5038 2906 5088 ἐπὶ
2928 5037 2988 5088 τὸ
3003 5039 3176 5105 τεῖχος
3198 5037 3390 5104 ἀνάγει
3408 5039 3606 5091 καὶδύο
3627 5041 3787 5102 τινὰς
3810 5042 4004 5104 λίθους,

2445 5132 2504 5181 τὸ
2540 5130 2767 5201 μέγεθος
2798 5127 3108 5198 μεγίστους,
3134 5128 3315 5196 βαρεῖς
3341 5131 3436 5199 τὴν
3460 5130 3646 5199 ὁλκὴν,
3675 5133 3770 5184 τὸν
3796 5135 3898 5202 μὲν
3925 5134 4006 5185 τοῦ

2444 5222 2734 5291 τραχήλου,
2771 5222 2862 5272 τὸν
2900 5220 2954 5273 δὲ
2986 5220 3094 5272 τῶν
3129 5221 3307 5272 ποδῶν
3340 5222 3596 5286 ἐκδήσας,
3645 5225 3745 5277 καὶ
3797 5227 4008 5295 σχοινίῳ

2453 5313 2610 5366 πάλιν
2640 5314 2729 5365 τὸν
2783 5314 3034 5384 μάρτυρα
3091 5311 3359 5375 διαζώσας
3417 5314 3692 5386 μετέωρον
3756 5321 3867 5371 ἀπὸ
3922 5319 4006 5372 τοῦ

2452 5407 2660 5474 τείχους
2712 5406 2958 5476 ἀφίησιν,
2983 5406 3126 5468 ὅπως
3153 5406 3228 5474 τῷ
3252 5405 3362 5457 τῶν
3397 5406 3558 5460 λίθων
3590 5409 3751 5477 βάρει
3773 5412 3886 5463 τῶν
3921 5429 4008 5480 με-

2453 5497 2561 5549 λῶν
2588 5499 3032 5550 διασπασθέντων
3078 5495 3249 5566 αὐτῷ,
3289 5497 3478 5566 βιαίως
3510 5499 3811 5570 τὴνψυχὴν
3843 5503 4009 5570 ἀπορ-

2453 5591 2610 5660 ρήξῃ.
2637 5588 2771 5640 Ἀλλ’
2789 5588 2956 5652 ὅντως
2983 5590 3074 5641 ἐπὶ
3095 5588 3195 5654 σοὶ,
3216 5587 3404 5660 Κύριε,
3425 5590 3646 5658 ἠλπισε,
3667 5593 3762 5644 καὶ
3783 5595 3845 5643 οὐ
3867 5606 4012 5657 κατῃ-
