4170 6322
236 358 345 423 649

1344 353 1805 415 MARTYRIUM
1849 353 1908 419 S.
1948 352 2382 415 SEVERIANI.

3352 355 3456 421 650

238 478 463 548 σχῦνθη.
508 478 570 530 ἸΙ
601 479 699 547 μὲν
737 480 842 547 γὰρ
892 480 996 530 τῶν
1036 479 1212 549 μελῶν
1265 480 1552 540 διάπλασις
1586 477 1685 546 τῆς
1723 476 1797 528 ol-

1901 475 2121 545 pudore.
2155 477 2285 531 Nam
2309 480 2671 533 membrorum
2700 482 2913 550 quidem
2943 481 3112 536 forma
3135 496 3163 536 a
3186 496 3280 535 sua
3311 497 3464 537 com-

236 569 391 631 κείας
425 570 694 638 ἀρμοσίας
728 571 984 625 διεσπᾶτο
1017 572 1200 623 καὶτὰ
1236 572 1369 623 ὀστᾶ
1415 570 1523 622 τῶν
1579 569 1796 637 σαρκῶν

236 660 573 728 ἐγυμνοῦτο·
605 662 635 728 ἡ
669 661 724 713 δὲ
758 664 1074 732 προαίρεσις
1106 664 1239 725 ὅλως
1288 658 1354 731 ἦν
1402 662 1639 730 ἀπαθής.
1671 664 1794 713 Δια·-

236 749 449 814 παίξων
473 752 526 803 δὲ
560 753 720 804 αὑτὸν
768 755 971 808 ἄνωθεν
1006 760 1096 806 καὶ
1123 757 1149 806 ὁ
1177 754 1400 815 Λυσίας
1452 752 1795 821 ’Υπὸμεινον,

235 841 414 910 ἔλεγε,
446 844 763 913 Σευηριανὲ,
789 846 923 914 τάχα
952 846 1058 913 γὰρ
1089 845 1230 897 οὕτω
1265 842 1415 914 παρὰ
1445 843 1522 912 τῷ
1557 841 1629 910 σῷ
1664 844 1797 911 Χρι-

238 934 352 1003 στῷ
398 935 491 987 καὶ
520 940 546 989 6
585 937 771 1005 μισθός
804 955 884 990 σοι
941 939 1141 1006 μείζων
1174 937 1556 1006 γενήσεται.’0
1590 936 1798 1004 μάρτυς

233 1022 293 1075 δὲ
323 1028 414 1076 καὶ
446 1026 709 1078 ἐκλείπων
742 1028 862 1097 ἤδη,
891 1030 983 1081 καὶ
1016 1031 1151 1097 πρὸς
1174 1029 1491 1089 τελευταίας
1525 1025 1797 1084 ἀναπνοὰς

237 1111 348 1177 ὢν,
384 1116 443 1167 Εἰ
476 1117 642 1186 ᾔδεις,
680 1117 857 1186 ἔλεγε,
907 1120 1158 1188 τύραννε,
1186 1119 1307 1171 τίνα
1370 1134 1458 1187 μοι
1520 1117 1797 1186 προξενεῖς

234 1206 362 1257 ἀντὶ
390 1209 969 1280 τούτου,ἐπεούμησας
1010 1211 1075 1264 ἂν
1100 1211 1169 1262 τά
1212 1211 1303 1264 ἴσα
1338 1211 1429 1262 καὶ
1473 1208 1635 1270 αὐτὸς
1667 1208 1797 1259 ὐπο-

234 1299 457 1364 στῆναν
492 1300 543 1351 τὶ
590 1300 766 1369 δηλῶν
818 1301 1088 1363 ἐντεῦθεν,
1122 1302 1203 1353 ὅτι
1261 1302 1355 1354 καὶ
1417 1300 1677 1369 μειζόνων
1711 1297 1796 1350 διά

231 1389 466 1457 Χριστὸν
497 1390 669 1443 ἄλλων
716 1391 927 1461 ἠφίετο.
973 1392 1281 1462 Θαυμάζων
1325 1392 1504 1444 τοίνυν
1538 1392 1565 1443 6
1595 1391 1798 1453 Λυσίας

229 1481 328 1530 ἐπὶ
359 1483 425 1550 τῇ
455 1482 692 1555 τοσαύτῃ
717 1484 809 1537 τοῦ
843 1485 1032 1555 ἀνδρὸς
1061 1487 1305 1556 ὑπομονῇ
1341 1502 1399 1538 τε
1428 1487 1519 1537 καὶ
1554 1484 1797 1552 γενναιό-

226 1585 377 1638 τητι,
411 1573 503 1625 καὶ
538 1574 771 1641 μάλιστα
805 1578 890 1645 ἐφ’
923 1572 1001 1639 οἷς
1029 1577 1298 1646 εὐκαίρως
1357 1576 1519 1640 οὕτω,
1559 1576 1800 1641 καίτοιγε

226 1664 493 1727 τοιούτοις
520 1667 928 1739 ἀπειλημμένος
958 1672 1170 1733 κακοῖς,
1202 1671 1565 1739 ἁπεκρίνατο⁶
1595 1669 1793 1737 ᾭμην.

229 1755 361 1824 ἔφη,
392 1759 705 1829 Σευηριανὲ.
749 1761 968 1831 ἰδιώτην
1000 1758 1158 1823 ¹εἶναι
1200 1778 1281 1822 σε,
1313 1762 1405 1814 καὶ
1456 1761 1797 1831 γραμμάτων

229 1846 572 1913 ἀπαίδευτον,
601 1846 687 1901 οἷα
722 1852 1027 1921 σρατιώτην
1061 1852 1210 1913 ὄντα,
1244 1854 1335 1904 καὶ
1383 1853 1508 1919 περὶ
1540 1853 1795 1922 πολέμοις

226 1936 320 1988 ἀεὶ
358 1940 766 2009 γυμναζόμενον
785 1958 799 1972 °
828 1941 941 1995 ἀλλ’
975 1941 1049 2005 ὡς
1078 1942 1212 2013 ὁρῶ,
1238 1943 1405 2005 πολὺς
1430 1940 1481 1994 εἷ
1503 1945 1600 2013 τὴν
1629 1946 1799 2012 γλῶτ-

226 2044 353 2094 ταν,
372 2033 466 2083 καὶ
492 2033 671 2100 λέγειν
704 2037 1166 2106 ρητορικώτατος.
1198 2037 1341 2104 Πρὸς
1365 2036 1537 2089 ταῦτα
1592 2038 1796 2089 ὐπολα-

227 2121 393 2175 δὼνὸ
417 2124 587 2193 ἅγιος·
635 2128 691 2179 '0
721 2128 874 2194 Θεὸς,
927 2130 1110 2198 φησὶν,
1222 2129 1330 2197 ὲγὼ
1364 2129 1628 2201 λατρεύω,
1667 2131 1797 2184 ὐπο-

231 2218 542 2288 στήσασθαι
579 2222 754 2275 πάντα
781 2222 1000 2285 δυνατὸς
1031 2222 1126 2287 ὢν,
1161 2222 1226 2276 ἂν
1274 2222 1490 2293 ἰδιώτην
1520 2223 1678 2296 λάϐῃ,
1707 2241 1797 2275 σο·

227 2307 336 2373 φὺν
372 2310 768 2379 ἀπεργάζεται,
789 2312 856 2367 ἂν
888 2315 1080 2381 δειλὸν,
1100 2316 1343 2385 ἀνδρεῖον
1384 2318 1547 2381 ποιεῖ,
1579 2318 1643 2368 Ξιν
1671 2333 1797 2385 μογ-

226 2400 455 2468 γιλάλον
516 2405 609 2457 καὶ
674 2406 1110 2474 βραδύγλωσσον,
1153 2408 1395 2476 εὔφωνον
1449 2411 1656 2480 ῥήτορσ-
1707 2409 1802 2461 καὶ

226 2495 444 2562 κομψὸν
497 2497 863 2553 ἀναδείκνυσι.
913 2499 1099 2551 Ταῦτα
1150 2498 1292 2566 εἶπε,
1339 2504 1432 2555 καὶ
1488 2504 1658 2571 βραχύ
1705 2506 1800 2567 τάς

226 2588 425 2656 χεῖρας
475 2588 817 2659 διανασχὼν,
857 2591 1181 2664 Εὐχάριστῶ
1217 2609 1319 2657 σοι,
1378 2593 1546 2663 Κύριε
1588 2596 1614 2646 6
1645 2594 1796 2658 Θεὸς,

227 2677 365 2747 ἔφη,
413 2680 493 2732 ὅτι
540 2682 829 2752 ἐνίσχυσάς
888 2700 990 2752 με,
1032 2687 1126 2738 καὶ
1178 2686 1299 2739 ἔθου
1361 2686 1523 2752 τόξον
1571 2686 1801 2756 χαλκοῦν

225 2770 364 2831 τοὺς
396 2769 687 2841 βραχίονας
718 2792 841 2843 μου,
890 2776 985 2826 καὶ
1044 2777 1264 2845 ὲρρὐω
1317 2779 1413 2848 τὴν
1475 2779 1652 2849 ψυχήν
1702 2796 1801 2849 μου

228 2861 347 2914 ἀπὸ
382 2863 609 2926 ἀσεϐοῦς
643 2865 939 2936 ῥομφαίας,
973 2867 1079 2920 άπὸ
1110 2868 1318 2938 ἐχθρῶν
1348 2870 1447 2938 τῆς
1481 2872 1658 2939 χειρός
1685 2889 1798 2932 σου,

227 2952 332 3003 καὶ
371 2954 476 3005 ἀπο
510 2955 617 3007 τῶν
677 2959 1130 3029 ἐπανισταμένων
1182 2961 1267 3015 ἐπ’
1321 2960 1420 3030 ἐμὲ
1465 2961 1685 3030 ῦψωςάς
1712 2980 1798 3030 με.

225 3042 346 3095 Καὶ
398 3043 491 3095 νῦν
537 3047 595 3097 ὲν
641 3050 763 3110 ταῖς
832 3050 1025 3113 αὐλαῖς
1085 3069 1201 3118 σου,
1264 3056 1530 3117 Δέσποτα,
1582 3056 1640 3107 ἐν
1693 3058 1800 3117 τοῖς

225 3132 465 3200 ἀγαθοῖς
501 3135 592 3188 τοῦ
649 3138 799 3192 οἴκου
835 3155 927 3191 σου
969 3144 1397 3213 κατασκήνωσόν
1435 3164 1501 3213 με
1539 3163 1552 3176 ·

227 3226 613 3296 φραινομένων
690 3230 908 3285 πάντων
939 3234 971 3302 ἡ
1008 3234 1263 3287 κατοικία
1316 3236 1373 3287 ὲν
1436 3237 1540 3289 σοί.
1585 3239 1803 3308 Ταύτην

225 3318 425 3388 Κυρίῳ
451 3320 549 3391 τὴν
578 3323 742 3392 εὐχὴν
778 3326 1031 3392 ἀποδοὺς,
1054 3327 1216 3389 εὐθὺς
1238 3328 1387 3399 αὐτῷ
1416 3329 1801 3383 συναποδίδωσι

226 3412 331 3463 καὶ
388 3410 448 3464 τδ
494 3414 732 3485 πνεῦμα,
788 3419 1014 3489 ὲννάτην
1080 3419 1199 3473 τότε
1257 3420 1350 3474 τοῦ
1427 3421 1805 3494 Σεπτεμϐρίου

228 3501 407 3571 μηνὸς
435 3503 676 3572 ἄγοντος.

306 3593 386 3645 6’.
415 3594 490 3662 Τῇ
523 3595 579 3647 δὲ
600 3598 723 3666 ἑξῆς
743 3639 758 3665 ,
788 3600 897 3654 τῶν
928 3602 1167 3655 εὐσεϐῶν
1198 3621 1361 3669 τινες,
1397 3605 1477 3668 οἷς
1500 3606 1694 3669 διαζῶν
1723 3608 1801 3659 ἔτι

225 3687 302 3741 τὰ
335 3685 463 3754 περὶ
492 3690 588 3758 τῆς
611 3692 787 3762 ταφῆς
814 3693 841 3744 6
873 3694 1083 3764 μάρτυς
1104 3696 1434 3767 ἐπέσκηψεν,
1462 3700 1550 3750 ἐπὶ
1581 3700 1639 3751 τδ
1669 3700 1801 3753 αὐτὸ

229 3781 582 3846 συνελθόντες
611 3784 781 3837 καὶτὸ
803 3788 1139 3857 μαρτυρικδν
1167 3790 1372 3842 ἐκείνου
1393 3792 1554 3859 σῶμα
1575 3792 1800 3862 διαπρι-

229 3876 357 3936 πῶς
391 3878 829 3946 περιστείλαντες
850 3919 862 3943 ,
897 3881 994 3933 καὶ
1030 3880 1233 3950 ὕμνους
1265 3883 1350 3934 ἐπ’
1376 3885 1544 3953 αὐτῷ,
1580 3890 1667 3935 καὶ
1700 3886 1799 3935 ὅσα

223 3966 585 4032 Χριστιανοῖς
615 3969 775 4035 νόμος
809 3968 1241 4036 διατελέσαντες,
1270 3971 1561 4037 ποθούσαις
1592 3974 1708 4044 ἅμα
1745 3975 1800 4027 δὲ

226 4053 557 4125 σεϐομέναις
582 4059 769 4129 χερσὶν
796 4059 1128 4131 ἀνελόμενοι,
1166 4062 1255 4117 διὰ
1287 4065 1462 4136 μέσης
1500 4067 1692 4130 νυκτὸς
1721 4070 1798 4129 είς

220 4149 335 4220 τὴν
360 4151 593 4221 πατρίδα
616 4150 710 4204 τοῦ
736 4153 1012 4225 μάρτυρος
1034 4157 1377 4226 ἀνεκόμιζον.
1402 4158 1553 4209 Ἐπεὶ
1582 4158 1636 4209 δὲ
1662 4158 1799 4210 κατά

220 4258 279 4293 τι
314 4242 514 4310 χωρίον
537 4243 1106 4314 ἀφίκοντο,¹’μηνύεται
1131 4250 1227 4316 μὲν
1249 4252 1312 4319 τῇ
1345 4247 1563 4319 πατρίδι
1592 4250 1798 4305 ἐκεῖθεν

222 4337 256 4404 ἡ
284 4332 385 4385 τοῦ
409 4331 661 4402 λειψάνου
680 4335 945 4407 ἐπιδημία
963 4352 978 4367 ’
1002 4340 1093 4392 καὶ
1114 4340 1343 4404 ἕκαστος
1365 4360 1419 4394 τε
1450 4345 1799 4413 προῦπαντᾷν

220 4424 432 4478 ἐνενόει
453 4467 467 4493 ,
505 4427 596 4478 καὶ
624 4428 757 4496 ὁμοῦ
792 4429 992 4491 πάντες
1022 4427 1271 4501 ἐξῄεσαν,
1307 4431 1399 4482 καὶ
1432 4430 1602 4492 οὐδεὶς
1640 4427 1707 4500 ἦν
1739 4432 1797 4492 ὃς

217 4517 329 4569 οὐκ
359 4516 566 4585 ἐφοίτα,
590 4520 650 4569 οὐ
670 4520 865 4589 γέρων,
884 4521 942 4571 οὐ
972 4524 1118 4583 παῖς,
1148 4521 1245 4572 οὐκ
1272 4520 1520 4589 ἀσθενὴς,
1545 4520 1604 4574 οὐ
1637 4520 1795 4589 φύσει

218 4607 468 4678 βραδύς·
500 4608 614 4662 ἀλλ’
637 4610 864 4674 ἕκαστος
900 4612 1252 4684 προαρπάσαι
1284 4613 1382 4682 τὴν
1410 4615 1656 4682 εὐλογίαν
1687 4614 1800 4667 ἐνό-

218 4699 356 4772 μιζε
381 4739 396 4764 ,
436 4700 593 4769 μόνον
626 4704 674 4755 εἰ
710 4702 934 4773 φθάσειε
968 4704 1044 4775 τῷ
1078 4704 1312 4775 λειψάνῳ
1347 4707 1794 4777 προῦπαντήσας.

217 4794 390 4848 Οὕτω
417 4795 595 4848 τοίνυν
639 4798 892 4850 ἁπάντων
944 4800 1040 4852 σὺν
1075 4798 1351 4868 προθυμίᾳ
1383 4798 1751 4865 ἐπειγομένων
1776 4840 1793 4866 ,

212 4886 417 4938 δούλου
467 4889 759 4951 τεθνεῶτος
806 4888 1036 4955 σύζυγος
1090 4887 1446 4940 ὑπολέλειπτο
1496 4888 1631 4957 μόνη
1682 4890 1793 4957 (τε-

216 4978 547 5044 τελευτὴκει
578 4981 686 5050 γάρ
717 4999 799 5045 τις
835 4981 955 5034 κατ’
990 4982 1165 5032 ἐκεῖνο
1195 4978 1385 5051 καιροῦ
1417 4979 1523 5031 τῶν
1544 4978 1635 5031 τοῦ
1660 4979 1795 5049 μάρ-

216 5086 395 5145 τυρος
428 5070 694 5138 οἰκετῶν)-
730 5068 905 5140 καὶῆν
934 5074 999 5140 τῇ
1021 5071 1237 5139 γυναικὶ
1262 5072 1435 5141 πικρὰ
1450 5070 1645 5133 πάντα,
1667 5071 1701 5139 ἥ
1735 5088 1794 5122 τε

215 5161 315 5214 τοῦ
342 5162 534 5230 ἀνδρὸς
566 5160 737 5229 ζημία
776 5164 867 5215 καὶ
908 5167 939 5230 ὴ
971 5162 1063 5214 τοῦ
1098 5161 1535 5231 παρακαλοῦντος
1571 5164 1793 5232 ἐρημία,

215 5254 321 5306 καὶ
346 5253 405 5303 τὸ
432 5252 504 5321 μὴ
527 5254 669 5321 ἔχειν
691 5254 834 5315 ὅπως
856 5256 935 5316 εἰς
966 5253 1262 5321 ὑπάντησιν
1282 5252 1370 5305 καὶ
1390 5251 1523 5318 αὐτὴ
1545 5254 1792 5316 συνεξίοι.

215 5346 385 5412 Μόνη
414 5344 585 5397 τοίνυν
611 5346 756 5397 ἔνδον
791 5345 1197 5413 ὑπολειφθεῖσα,
1220 5344 1407 5414 ἐπειδὴ
1447 5343 1677 5413 ἐζήτησε
1703 5346 1791 5397 τὸν

216 5436 673 5507 παρακαλοῦντα,
698 5438 790 5488 καὶ
811 5439 907 5507 οὐχ
935 5438 1166 5508 ὑπῆρξε,
1191 5438 1283 5491 καὶ
1307 5437 1396 5490 τὸν
1426 5435 1795 5506 συλλυπούμε-

214 5545 333 5591 νον,
360 5529 455 5578 καὶ
470 5530 566 5579 οὐκ
589 5523 734 5599 εὗρε,
759 5530 967 5597 παραθε
978 5530 1112 5598 μένη
1134 5530 1222 5582 τὸν
1240 5529 1331 5581 τοῦ
1354 5530 1584 5596 συζύγου
1603 5530 1794 5599 νεκρὸν

209 5619 510 5676 ὲκόπτετο.
548 5620 794 5688 ἔστενεν,
826 5621 1156 5692 ὠλοφύρετο.
1193 5620 1277 5676 οἷα
1308 5624 1465 5690 ζῶντι
1500 5623 1574 5694 τῷ
1608 5626 1792 5694 τεθνη-

328 5760 350 5791 ⁷
383 5758 521 5813 l‘sal.
559 5776 689 5821 xm,
716 5760 784 5814 56
808 5776 957 5832 seqq.

547 5836 816 5918 ΡᾸΤειοι..
860 5858 973 5918 Gtt.
1009 5858 1179 5920 CXV.

1898 582 2031 638 page
2058 568 2441 631 direllebatur,
2467 580 2522 625 et
2546 586 2664 628 ossa
2701 572 3044 626 undabantur
3071 574 3455 638 carnibus,\'o-

1899 660 2076 713 luntas
2112 668 2293 714 autem
2318 673 2371 715 et
2400 662 2632 717 liberum
2668 664 2833 717 animi
2864 665 3166 719 inStitutum
3200 675 3316 720 erat
3341 682 3460 721 om-

1898 752 2028 804 nino
2055 752 2369 821 impatibile.
2404 754 2537 808 Eum
2571 766 2747 809 autem
2785 770 2851 809 ex
2882 757 2990 809 alto
3018 756 3304 811 ludiﬁcans
3356 756 3462 827 Ly-

1900 844 2007 897 sias
2039 861 2051 896 :
2084 843 2329 908 Sustine,
2358 846 2912 911 dicebat,Severiane,
2946 848 3175 901 fortasse
3213 848 3357 901 enim
3383 850 3461 902 sic

1900 934 2038 1001 apud
2066 935 2337 990 Christum
2372 937 2475 991 erit
2514 937 2608 991 tibi
2649 938 2818 1007 major
2858 952 3086 992 merces.
3118 937 3313 1009 Martyr
3363 954 3459 997 att-

1901 1034 2007 1077 tem
2042 1041 2162 1080 cum
2191 1027 2300 1096 jam
2340 1028 2614 1092 deficeret,
2660 1038 2713 1083 ct
2740 1039 3038 1082 extremum
3074 1037 3257 1098 ageret
3290 1030 3455 1098 spiri-

1902 1124 2037 1180 tum,
2073 1115 2128 1170 Si
2190 1118 2377 1183 scires,
2412 1128 2655 1189 tyranne,
2689 1120 2922 1182 dicebat,
2965 1135 3210 1188 quamam
3246 1135 3344 1191 pro
3376 1121 3460 1176 his

1900 1209 2030 1261 mihi
2074 1210 2354 1272 concilies.
2407 1212 2522 1281 ipse
2568 1226 2785 1281 quoque
2829 1212 3165 1267 desiderares
3209 1212 3316 1282 pati
3366 1227 3459 1267 ea-

1901 1300 2020 1355 dem
2054 1319 2065 1354 :
2098 1303 2226 1369 quid
2257 1302 2401 1357 aliud
2444 1303 2570 1356 hinc
2614 1302 2944 1372 signiﬁcans,
2975 1318 3138 1371 quam
3170 1303 3314 1372 quod
3349 1317 3463 1356 ma-

1897 1392 2014 1460 jora
2060 1393 2314 1463 cupiebat
2345 1403 2567 1463 propter
2610 1392 2926 1449 Christum?
2955 1393 3239 1448 Admirans
3282 1393 3465 1462 itaque

1903 1481 2084 1552 Lysias
2132 1490 2335 1536 tantam
2364 1483 2483 1551 ejus
2516 1484 2855 1539 tolerantiam
2888 1494 2942 1539 et
2984 1484 3379 1549 fortitudinem,
3409 1495 3466 1539 et

1905 1575 2137 1627 maxime
2173 1574 2316 1643 quod
2354 1584 2459 1627 tam
2491 1585 2819 1644 opportune,
2847 1577 3057 1630 etiamsi
3098 1576 3293 1631 talibus
3325 1586 3467 1630 esset

1900 1663 2055 1717 malis
2076 1664 2401 1733 implicatus,
2421 1664 2788 1734 respondisset
2809 1706 2821 1725 ,
2864 1665 3270 1727 Existimabam,
3301 1664 3469 1719 Seve-

1901 1757 2071 1822 riane,
2105 1758 2298 1827 inquit,
2341 1769 2391 1812 te
2425 1774 2543 1813 esse
2572 1758 2848 1813 hominem
2884 1760 3071 1813 rudem
3102 1768 3158 1813 et
3214 1764 3461 1828 ignarum

1902 1849 2217 1913 litterarum,
2253 1859 2310 1904 ut
2343 1852 2433 1919 qui
2469 1851 2545 1904 sis
2596 1851 2772 1914 miles,
2804 1860 2859 1904 et
2892 1852 2945 1904 in
2977 1851 3117 1905 bello
3151 1861 3201 1905 te
3251 1866 3465 1920 semper

1900 1944 2209 1998 exercueris
2242 1961 2256 1996 :
2286 1943 2403 2007 sed,
2449 1953 2509 1998 ut
2542 1942 2717 2003 video,
2751 1958 2809 1997 es
2844 1942 3106 1996 facundus
3153 1952 3207 1996 et
3255 1958 3464 1998 summa

1900 2036 1949 2089 vi
1983 2034 2193 2090 dicendi
2235 2036 2510 2107 praeditus.
2552 2036 2630 2089 Ad
2671 2036 2781 2091 lucc
2814 2038 3151 2105 respondens
3193 2045 3412 2091 sanctus
3451 2058 3464 2091 :

1899 2131 2066 2191 Deus,
2112 2129 2309 2197 inquit,
2362 2130 2445 2182 cui
2484 2144 2586 2198 ego
2630 2129 2808 2183 servio
2849 2171 2862 2193 ,
2906 2129 2995 2198 qui
3063 2138 3239 2198 potest
3292 2129 3470 2183 facere

1899 2230 1959 2277 ut
1986 2224 2165 2277 omnia
2191 2221 2513 2283 consistant,
2547 2235 2668 2272 cum
2707 2222 2774 2274 sit
2804 2222 3179 2289 omnipotens,
3216 2222 3260 2274 si
3296 2222 3465 2274 virum

1899 2313 2088 2367 rudem
2124 2312 2413 2382 acceperit,
2438 2327 2559 2366 eum
2608 2310 2783 2365 reddit
2813 2311 3107 2380 sapientem
3137 2328 3151 2374 ;
3185 2311 3227 2363 si
3257 2320 3467 2365 mutum

1902 2408 2177 2477 tardaeque
2211 2415 2265 2461 et
2300 2404 2656 2475 impeditioris
2689 2403 2902 2474 linguae,
2942 2420 3064 2457 eum
3105 2402 3266 2458 efficit
3293 2403 3467 2459 diser-

1904 2509 2018 2553 tum
2072 2509 2129 2552 et
2183 2498 2487 2567 elegantem
2546 2483 2840 2550 oratorem.
2901 2494 3025 2550 Haec
3064 2496 3197 2550 dixit
3247 2505 3467 2551 etcum

1902 2603 2094 2642 manus
2114 2589 2383 2655 paululum
2413 2588 2748 2641 extendisset
2772 2603 2787 2639 :
2814 2588 2929 2656 Ago
2963 2588 3080 2650 tibi,
3108 2587 3305 2656 inquit,
3343 2605 3466 2659 gra-

1903 2680 2024 2745 tias,
2058 2677 2282 2733 Domine
2307 2677 2465 2738 Deus.
2497 2679 2640 2746 quod
2668 2692 2753 2730 me
2786 2675 3136 2740 confirmasti,
3156 2686 3211 2730 et
3240 2678 3464 2747 posuisti

1903 2788 2086 2828 arcum
2143 2786 2354 2827 aeneum
2387 2771 2608 2826 brachia
2653 2786 2792 2833 mea,
2830 2780 2883 2824 et
2935 2770 3182 2840 eripuisti
3229 2774 3466 2825 animam

1904 2880 2077 2919 meam
2104 2864 2170 2919 ab
2205 2865 2365 2935 impia
2407 2864 2738 2933 rliomphzea,
2768 2863 2833 2916 ab
2867 2863 3101 2919 inimicis
3130 2879 3321 2919 manus
3344 2872 3468 2926 tua,

1904 2964 1957 3009 et
1982 2958 2047 3009 ab
2070 2957 2132 3009 iis
2154 2956 2241 3025 qui
2271 2956 2622 3024 insurgebant
2662 2956 2922 3009 adversus
2980 2970 3064 3009 me
3098 2954 3337 3009 extulisti
3365 2970 3466 3009 me.

1908 3048 1971 3101 Et
2009 3062 2155 3101 nunc
2209 3047 2261 3100 in
2303 3047 2611 3109 atriistuis,
2661 3046 2886 3101 Domine
2915 3089 2929 3111 ,
2982 3048 3033 3099 iu
3074 3048 3231 3101 bonis
3277 3049 3467 3102 domus

1590 3149 1669 3200 ὅτι
1698 3149 1799 3199 εὐ-
1827 3144 1871 3207 C
1909 3149 2011 3194 tua;
2044 3138 2247 3194 colloca
2294 3154 2400 3195 me.
2426 3138 2698 3205 Quoniam
2743 3137 3052 3194 laetantibus
3088 3138 3342 3193 omnibus
3374 3140 3471 3195 ha-

1905 3232 2096 3285 bitatio
2138 3241 2220 3285 est
2267 3233 2318 3285 in
2358 3241 2408 3287 te
2434 3234 2477 3285 ".
2510 3232 2643 3287 Cum
2697 3232 2793 3287 bas
2830 3247 3021 3302 preces
3052 3233 3314 3288 edidisset
3367 3231 3471 3286 Do-

1907 3321 2074 3381 mino,
2109 3322 2268 3373 simul
2300 3322 2460 3375 etiam
2489 3323 2535 3373 ei
2580 3321 2754 3377 reddit
2784 3323 3035 3390 spiritum
3074 3337 3216 3375 nona
3265 3321 3471 3376 mensis

1905 3412 2260 3481 Septembris.

1976 3602 2065 3657 IX.
2099 3599 2356 3672 Sequenti
2409 3610 2587 3655 autem
2640 3599 2725 3654 die
2754 3600 2968 3671 quidam
2999 3616 3061 3655 ex
3112 3601 3235 3671 piis,
3272 3603 3469 3672 quibus

1907 3704 2108 3761 martyr
2164 3695 2318 3746 virus
2362 3706 2513 3744 suam
2564 3692 2844 3745 mandarat
2907 3692 3263 3762 sepulturam,
3309 3694 3471 3746 simul

1904 3779 2316 3846 convenientes,
2353 3794 2475 3833 cum
2504 3779 2853 3850 martyricum
2888 3782 3017 3834 illud
3041 3797 3242 3851 corpus
3266 3783 3471 3854 magni-

1905 3872 2000 3927 fice
2029 3874 2476 3942 composuissent,
2505 3884 2557 3927 et
2592 3888 2752 3942 super
2775 3873 2825 3928 id
2856 3873 3083 3944 hymnos
3121 3876 3449 3931 cecinissent

1901 3970 1959 4015 et
2010 3977 2347 4031 quaecunque
2379 3964 2555 4017 solent
2599 3962 2886 4017 Christiani
2919 3967 3256 4036 peregissent
3284 4008 3297 4031 ,
3329 3968 3475 4023 desi-

1902 4055 2218 4110 derantibus
2277 4056 2441 4110 simul
2498 4070 2552 4111 et
2591 4056 2897 4113 colentibus
2964 4060 3214 4114 manibus
3266 4064 3466 4117 elatum

1901 4149 2074 4201 media
2106 4158 2264 4201 nocte
2298 4150 2538 4201 tulerunt
2566 4150 2618 4202 in
2656 4151 2883 4217 patriam
2918 4155 3186 4225 martyris.
3216 4154 3350 4210 Cum
3374 4172 3470 4213 au-

1902 4248 2007 4294 tem
2052 4240 2333 4293 venissent
2362 4238 2416 4292 in
2462 4241 2749 4309 quemdam
2799 4242 2997 4306 locum,
3046 4245 3192 4300 illinc
3243 4248 3467 4316 quidem

1901 4333 2082 4403 patriae
2130 4332 2461 4403 signiﬁcatur
2512 4334 2778 4390 adventus
2845 4336 3215 4405 reliquiarum.
3250 4339 3464 4411 Cogita-

1900 4423 1989 4477 bat
2028 4437 2155 4476 vero
2190 4422 2561 4491 unusquisque
2603 4425 2681 4478 eis
2737 4426 2814 4478 ire
2857 4426 3072 4480 obviam
3123 4448 3136 4495 ;
3180 4441 3234 4484 et
3278 4446 3471 4487 omnes

1902 4516 2062 4569 simul
2113 4518 2315 4585 egressi
2363 4524 2507 4574 sunt.
2548 4532 2724 4585 neque
2758 4517 2861 4571 fuit
2903 4519 3061 4586 ullus,
3095 4522 3184 4591 qui
3226 4538 3334 4578 non
3377 4541 3473 4579 ve-

1901 4606 2046 4659 nerit
2078 4621 2092 4659 :
2126 4621 2235 4660 non
2291 4620 2481 4674 senex,
2532 4622 2641 4660 non
2682 4624 2837 4678 puer,
2880 4626 2988 4665 non
3034 4613 3303 4679 infirmus,
3349 4632 3457 4669 non

1900 4707 2094 4752 natura
2153 4698 2386 4763 tardus;
2424 4700 2516 4753 sed
2581 4701 2928 4757 existimabat
2986 4707 3359 4777 unusquisque
3411 4726 3470 4764 se

1897 4800 2286 4860 praerepturum
2332 4806 2451 4845 esse
2497 4790 2958 4861 benedictionem,
3015 4798 3058 4851 si
3112 4800 3275 4856 modo
3319 4804 3469 4871 prius

1896 4883 2226 4937 occurrisset
2257 4884 2521 4954 reliquiis.
2551 4886 2641 4942 Sic
2662 4902 2791 4957 ergo
2817 4891 3071 4946 omnibus
3110 4893 3361 4947 alacriter
3390 4895 3472 4950 fe-

1898 4974 2250 5040 stinantibus,
2287 4977 2485 5030 mortui
2524 4978 2661 5031 servi
2688 4980 2882 5049 eonjux
2913 4982 3025 5035 sola
3071 4982 3253 5038 relicta
3290 4986 3466 5040 fuerat

1898 5066 2251 5133 (decesserat
2298 5070 2443 5121 enim
2494 5084 2559 5120 eo
2611 5080 2856 5139 tempore
2905 5073 3125 5141 quidam
3175 5090 3239 5129 ex
3290 5080 3466 5132 servis

1898 5156 2148 5225 martyris
2176 5158 2224 5228 ),
2259 5169 2520 5226 erantque
2586 5162 2742 5215 uxori
2787 5164 2979 5217 acerba
3026 5166 3231 5230 omnia,
3287 5171 3464 5223 mariti

1899 5249 2179 5315 damnum,
2212 5258 2266 5302 et
2311 5249 2430 5319 ejus
2474 5253 2563 5323 qui
2604 5270 2723 5309 eam
2755 5256 3149 5322 consolaretur,
3184 5261 3419 5315 solitudo
3450 5281 3462 5318 :

1899 5350 1953 5397 et
1995 5343 2137 5411 quod
2174 5343 2408 5398 nesciret
2438 5362 2673 5414 quonam
2730 5349 2888 5404 modo
2919 5362 3097 5419 posset
3146 5353 3224 5405 ire
3254 5353 3463 5408 obviam

1899 5433 2141 5501 martyri.
2170 5432 2292 5489 Sola
2328 5452 2454 5506 ergo
2500 5439 2645 5493 intus
2692 5440 2897 5506 relicta,
2935 5443 3190 5510 quoniam
3228 5444 3465 5513 qumsiit.

1898 5527 1986 5595 qui
2041 5542 2157 5581 eam
2215 5530 2612 5597 consolaretur,
2660 5544 2859 5588 etnon
2908 5534 3028 5602 fuit,
3067 5547 3121 5590 et
3164 5538 3254 5607 qui
3306 5539 3464 5593 simul

1903 5621 2129 5685 doleret,
2163 5631 2216 5676 et
2260 5638 2366 5675 non
2420 5622 2649 5691 invenit,
2699 5628 2895 5684 mortui
2955 5630 3201 5700 conjugis
3242 5644 3471 5701 corpore

3080 5860 3150 5923 21
