4170 6322
758 349 860 417 651

1977 331 2257 395 MENSIS
2298 326 2765 388 SEPTEMBER.

3892 321 3992 383 652

736 470 1025 541 "apposito,
1066 462 1370 537 plangebat.
1404 459 1667 533 gemebat,
1709 449 2129 510 lamentabatur,
2165 458 2307 497 mor-

2420 439 2531 491 κότι
2554 437 2935 504 συνδιελέγετοο
2962 437 3228 505 Ἕγειραι,
3249 430 3293 486 ὦ
3309 436 3455 504 ἄνερ,
3473 434 3661 503 ἕγειρπ
3673 450 3712 497 ι,
3737 430 3989 499 λέγουσα⁸

757 578 910 621 tuum
942 561 1165 632 perinde
1183 576 1246 614 ac
1276 560 1454 612 vivum
1488 548 1903 621 alloquebatur:
1931 543 2122 609 Surge,
2153 550 2315 589 oma-

756 655 879 720 rite,
912 668 1096 724 surge,
1131 650 1338 713 dicens,
1366 658 1555 700 camus
1591 639 1802 693 obviam
1844 631 2064 688 domino
2106 638 2315 687 nostro,

754 764 826 803 ne
864 720 1145 803 videamur
1191 744 1289 798 soli
1318 739 1450 811 pigri
1486 744 1540 791 et
1565 732 1799 794 desides,
1832 739 2008 791 neque
2044 720 2314 791 quispiam

754 855 857 894 nos
883 836 1222 907 negligentiae
1249 839 1467 887 accuset
1493 829 1546 881 in
1569 836 1808 878 nostrum
1849 817 2147 873 dominum.
2178 812 2315 864 Sen-

757 933 858 985 sim
899 937 1078 983 autem
1116 936 1170 981 et
1198 924 1453 993 tangebat
1496 919 1756 976 tunicam,
1799 920 1852 965 et
1891 911 2157 978 lacrymas
2193 918 2315 955 cum

755 1034 887 1074 voce
919 1017 1221 1072 emittebat.
1260 1012 1381 1066 Haec
1404 1019 1682 1079 postquam
1728 1001 1877 1056 brevi
1920 1010 2162 1066 tempore
2190 1008 2316 1061 sug-

756 1111 939 1180 gessit,
991 1117 1048 1161 et
1090 1106 1225 1160 dixit
1286 1100 1536 1170 conjugi,
1589 1097 1749 1150 etiam
1809 1104 2007 1159 corpus
2064 1084 2316 1155 martyris

754 1217 879 1255 mox
903 1206 1019 1253 erat
1044 1199 1402 1253 adventurum
1422 1202 1663 1259 repente,
1688 1189 1742 1253 (ο
1770 1181 2084 1237 miraculum
2105 1178 2140 1243 ε)
2160 1177 2313 1231 vivus

755 1291 1020 1351 cernitur,
1070 1287 1163 1356 qui
1209 1278 1326 1338 erat
1376 1290 1642 1341 mortuus,
1702 1283 1755 1329 et
1798 1274 1865 1325 iis
1907 1267 2128 1338 abiectis
2192 1278 2313 1333 qua:

756 1391 915 1437 erant
942 1382 989 1435 ei
1029 1377 1299 1448 imposita,
1338 1388 1460 1429 cum
1519 1387 1578 1425 se
1610 1368 1856 1439 protinus
1888 1362 2167 1422 cinxisset,
2202 1358 2317 1425 ipse

755 1490 971 1546 quoque
1017 1473 1166 1528 vadit
1213 1470 1426 1525 obviam
1477 1464 1721 1533 martyri.
1753 1459 1905 1525 Quod
1956 1456 2164 1525 insigne
2211 1451 2316 1505 mi-

758 1545 1090 1627 raculorum,
1115 1572 1169 1619 et
1205 1564 1327 1618 tulit
1356 1560 1571 1614 athletae
1613 1550 1982 1609 testimonium
2013 1550 2079 1600 de
2115 1545 2319 1614 majore

756 1662 873 1731 ejus
900 1659 1092 1714 ﬁducia
1127 1657 1191 1710 ad
1226 1653 1531 1711 Dominum,
1571 1656 1625 1702 et
1668 1646 1733 1699 ad
1764 1645 1938 1710 majus
1981 1637 2315 1694 desiderium

757 1749 1004 1805 accendit
1038 1745 1283 1799 omnium
1318 1741 1545 1793 animos.
1582 1735 1701 1789 Non
1749 1735 1895 1787 enim
1932 1729 2073 1799 quod
2115 1729 2314 1780 factum

756 1843 936 1898 fuerat
992 1844 1110 1890 erat
1158 1830 1423 1899 ejusmodi
1486 1838 1545 1881 ut
1582 1834 1766 1894 posset
1816 1822 1986 1889 rejici,
2034 1832 2209 1885 neque
2250 1816 2316 1867 de

756 1947 819 1984 eo
854 1936 1067 1998 poterat
1111 1938 1234 1978 esse
1265 1922 1372 1975 ulla
1416 1918 1682 1974 dubitatio
1715 1931 1727 1967 :
1760 1913 1852 1968 sed
1897 1926 2030 1979 quos
2059 1910 2316 1963 decessus

755 2021 945 2075 habuit
974 2025 1328 2087 spectatores,
1353 2023 1403 2066 et
1432 2012 1521 2079 qui
1552 2022 1734 2062 curam
1768 2011 2049 2075 gesserant
2087 1995 2314 2061 funeris,

753 2113 972 2169 fuerunt
1016 2111 1050 2163 li
1085 2122 1298 2177 quoque
1340 2114 1501 2158 testes
1541 2097 1979 2155 resurrectionis.

824 2204 896 2258 Χ.
931 2203 1065 2257 Cum
1094 2200 1254 2268 longo
1287 2206 1464 2250 autem
1493 2203 1733 2261 tempore
1768 2188 2058 2244 assedisset
2082 2186 2319 2241 famulus

755 2295 1006 2365 sepulcro
1062 2288 1337 2359 martyris,
1385 2285 1598 2339 decimo
1650 2282 1843 2349 quinto
1904 2293 2050 2331 anno
2105 2278 2171 2329 ab
2226 2274 2319 2327 illo

756 2398 1018 2454 tempore,
1053 2390 1107 2435 et
1138 2378 1298 2448 paulo
1326 2376 1467 2445 plus,
1492 2374 1606 2442 ipse
1635 2384 1847 2439 quoque
1875 2367 2106 2423 excessit
2135 2380 2165 2419 e
2190 2365 2315 2417 vita.

753 2481 932 2544 Atque
979 2480 1105 2525 tunc
1145 2467 1362 2538 quidem
1412 2462 1879 2519 considerantibus
1922 2458 2193 2518 omnibus,
2226 2455 2315 2525 qui

753 2567 820 2622 ad
869 2566 971 2618 hoc
1024 2557 1330 2629 congregati
1388 2555 1623 2618 fuerant,
1676 2552 1896 2605 ubinam
1945 2552 2010 2603 ab
2058 2549 2136 2602 eis
2172 2562 2310 2599 mar-

754 2655 989 2726 tyricum
1022 2666 1220 2720 corpus
1261 2650 1642 2717 deponeretur,
1670 2643 1923 2711 quoniam
1968 2637 2319 2693 dubitationis

755 2759 863 2799 non
915 2744 1145 2797 dabatur
1192 2739 1410 2803 solutio,
1463 2736 1671 2790 meliori
1722 2743 1777 2788 et
1824 2731 2077 2787 diviniori
2136 2728 2319 2799 provi-

753 2836 950 2892 dentiae
996 2835 1049 2889 id
1089 2831 1431 2888 statuendum
1466 2828 1821 2896 reliquerunt,
1858 2835 1912 2877 et
1961 2837 2213 2879 coronam
2252 2836 2315 2875 er

756 2929 985 2983 ﬂoribus
1049 2934 1360 2980 contextam
1410 2922 1699 2989 imponunt
1753 2916 2017 2984 reliquiis.
2066 2913 2319 2969 Protinus

756 3020 964 3083 autem,
995 3022 1249 3083 tanquam
1282 3013 1348 3065 ab
1376 3009 1558 3078 aliquo
1589 3007 1770 3071 missa,
1795 3007 2030 3075 desuper
2062 3004 2320 3059 advolans

2426 528 2819 596 ὐπαντήσωμεν
2844 526 2921 597 τῷ
2967 527 3217 596 ἡμετέρῳ
3239 524 3492 595 δεσπότῃ,
3524 525 3759 592 ἕγειραι,
3793 521 3867 589 μὴ
3902 521 3992 590 μό-

2428 638 2502 674 νοι
2540 620 2794 690 φανῶμεν
2831 621 3023 681 νωθεῖς
3062 618 3192 687 μηδὲ
3230 616 3484 688 ρᾁυμοι,
3524 615 3655 683 μηδὲ
3693 613 3991 680 ὀλιγωρίαν

2420 730 2502 774 τις
2542 713 2697 781 ἡμῶν
2753 710 2881 780 περὶ
2930 711 3019 761 τὸν
3068 710 3264 761 οἰκεῖον
3309 706 3639 773 καταγνώτω
3682 702 3985 771 δεσπότηνο

2422 807 2606 874 ἡρέμα
2635 803 2691 854 δὲ
2726 803 2817 853 καὶ
2849 799 3071 868 χιτῶνος
3095 800 3314 867 ἥπτετο,
3348 799 3441 849 καὶ
3473 796 3689 863 δάκρυα
3728 792 3869 861 μετὰ
3896 793 3989 857 τῆς

2423 896 2603 965 φωνῆς
2654 891 2826 961 ἠφίει.
2868 889 3054 943 Ταῦτα
3094 890 3216 940 ἐπεὶ
3262 888 3463 958 βραχὺν
3509 886 3699 952 ὥσπερ
3747 882 3991 935 ὑπετίθει

2420 989 2608 1058 χρόνον
2654 988 2733 1054 τῷ
2774 982 2992 1052 συζύγῳ
3034 982 3129 1034 καὶ
3175 981 3463 1046 διελέγετο,
3503 980 3603 1049 ἤδη
3645 979 3753 1045 γάρ
3802 976 3899 1026 καὶ
3938 976 3991 1023 τι

2426 1078 2755 1150 μαρτυρικὸν
2806 1076 2965 1144 σῶμα
3010 1075 3131 1125 ὅσον
3176 1072 3387 1123 οὐδέπω
3434 1071 3718 1138 ἐπιδημεῖν
3762 1066 3987 1136 ἔμελλε,

2426 1170 2531 1232 ζῶν
2588 1170 2650 1219 ὲκ
2710 1163 3129 1232 τοῦ,αἰφνιδίου,
3165 1159 3211 1213 ὦ
3242 1161 3337 1214 τοῦ
3384 1158 3689 1227 θαύματοςὶ
3740 1160 3767 1209 ὀ
3802 1157 3991 1222 νεκρὸς

2419 1264 2632 1332 ὁρᾶται,
2665 1260 2757 1311 καὶ
2783 1260 2851 1311 τὰ
2878 1255 3229 1323 περικείμενα
3264 1252 3447 1321 ῥίψας,
3474 1250 3880 1317 διαζωσάμενος
3913 1246 3991 1295 εὑ-

2421 1355 2539 1415 θὺς,
2568 1353 2641 1420 τῷ
2670 1350 2907 1420 μάρτυρι
2935 1351 3027 1399 καὶ
3054 1345 3215 1406 αὐτὸς
3244 1345 3583 1413 προῦπήντα,
3614 1342 3708 1393 καὶ
3734 1339 3793 1389 τὸ
3824 1340 3989 1402 ὑπερ-

2420 1448 2611 1499 ϐάλλον
2642 1445 2792 1496 τοῦδε
2828 1441 2921 1493 τοῦ
2955 1438 3228 1506 θαύματος
3254 1436 3474 1513 πᾉείονα
3504 1433 3638 1502 πρὸς
3664 1432 3757 1484 τὸν
3788 1429 3988 1497 Κύριον

2420 1538 2731 1607 παρρησίαν
2774 1533 2853 1601 τῷ
2885 1530 3090 1599 ἀθλητῇ
3129 1527 3453 1596 ἐμαρτύρει,
3504 1525 3598 1577 καὶ
3636 1525 3719 1584 εἰς
3766 1519 3987 1590 μείζονα

2423 1630 2582 1681 πόθον
2640 1627 2735 1689 τὰς
2814 1624 3070 1677 ἁπάντων
3147 1619 3322 1689 ψυχὰς
3376 1616 3689 1683 ἁνέφλεγεν.
3752 1614 3828 1666 Οὐ
3884 1616 3988 1679 γὰρ

2420 1719 2860 1788 δυσπαράδεκτον
2893 1713 2960 1786 ἧν
3003 1714 3063 1765 τὸ
3097 1715 3318 1780 γεγονὸς
3351 1708 3457 1760 οὐδ’
3493 1706 3797 1776 ἀμφίϐολον
3822 1742 3837 1767 ,
3877 1702 3988 1757 ἀλλ’

2351 1792 2391 1847 Β
2420 1810 2512 1873 οὒς
2542 1811 2639 1877 τῆς
2668 1808 2919 1874 τελευτῆς
2948 1805 3143 1862 θεατὰς
3175 1800 3310 1873 εἶχε,
3343 1800 3436 1855 καὶ
3463 1804 3589 1868 περὶ
3610 1800 3676 1850 τὰ
3706 1796 3987 1864 ὲπικήδεια

2421 1906 2806 1971 πονουμένους,
2840 1901 3062 1963 τούτους
3099 1900 3192 1950 καὶ
3220 1897 3315 1967 τῆς
3349 1894 3699 1953 ἀναϐιώσεως
3727 1889 3988 1957 πεποίητο

2422 2001 2723 2069 μάρτυρας.

2498 2181 2563 2233 I'.
2599 2177 2803 2246 Χρόνον
2836 2174 2889 2227 δὲ
2934 2172 3011 2243 τῷ
3053 2170 3146 2225 τοῦ
3182 2170 3455 2242 μάρτυρος
3508 2166 3536 2217 ὁ
3581 2164 3797 2231 οἰκέτης
3828 2176 3988 2230 προσ-

2420 2270 2679 2339 εδρεὺσας
2718 2269 2895 2335 τάφῳ,
2932 2266 3067 2335 μετὰ
3098 2265 3343 2333 πέμπτον
3374 2261 3433 2323 ἐξ
3460 2259 3670 2311 ἐκείνου
3714 2256 3854 2323 πρὸς
3885 2254 3989 2311 τοῖς

2420 2364 2549 2414 δέκα
2588 2362 2725 2422 ἔτος,
2780 2362 2873 2411 καὶ
2918 2359 3082 2424 ὀλίγῳ
3118 2373 3171 2407 τι
3208 2355 3388 2417 πλέον,
3416 2352 3509 2403 καὶ
3551 2349 3712 2406 αὐτὸς
3757 2346 3986 2398 ἁπεδιω.

2422 2455 2553 2507 Τότε
2616 2455 2716 2521 μὲν
2766 2447 2858 2503 οὖν
2910 2448 3384 2516 διασκοπουμένων
3441 2442 3695 2496 ἁπάντων
3750 2437 3861 2487 τῶν
3906 2435 3992 2482 ὲπι

2420 2547 2594 2616 τούτῳ
2625 2544 3085 2611 συνειλεγμένων,
3122 2542 3254 2592 ὅπου
3290 2539 3394 2608 ἄρα
3434 2537 3525 2587 καὶ
3560 2532 3619 2585 τὸ
3655 2526 3989 2600 μαρτυρικὸν

2422 2639 2602 2699 αὐτοῖς
2636 2637 3023 2688 καταχείσεται
3054 2631 3213 2700 σῶμα
3235 2668 3257 2711 ,Ι
3278 2630 3398 2680 ἐπεὶ
3429 2626 3522 2680 καὶ
3549 2625 3701 2683 λύσις
3731 2622 3831 2688 τῆς
3863 2622 3995 2672 ἀπο·

2424 2730 2544 2799 ρίας
2598 2729 2697 2781 οὐκ
2738 2724 2825 2797 ἦν,
2875 2724 3141 2795 κρείττονι
3187 2708 3284 2774 καὶ
3325 2718 3573 2787 θειοτέρα
3616 2712 3850 2781 προνοὶᾳ
3898 2708 3990 2775 τὴν

2420 2823 2598 2892 Ψῆεὲον
2627 2820 2906 2885 ἀνέθεσαν,
2928 2818 3020 2871 καὶ
3045 2815 3304 2884 στέφανον
3335 2812 3549 2866 ἄνθινον
3582 2804 3989 2869 διαπλέξαντες,

2420 2914 2496 2983 τῷ
2525 2913 2759 2982 λειψάνῳ
2793 2908 3146 2963 ὲπιτιθοῦσιν.
3184 2904 3393 2959 Λύτίκα
3433 2902 3489 2953 δὲ
3525 2900 3716 2966 ὥσπερ
3751 2896 3816 2947 ἐκ
3848 2910 3991 2950 τινος

2422 3004 2724 3072 ἀποστολῆς
2753 3002 2906 3063 ἀετὸς
2943 2998 3147 3053 ἄνωθεν
3170 2996 3404 3054 ὲπιπτὰς
3432 2994 3523 3044 τὸν
3556 2992 3823 3054 στέφανον
3845 2986 3988 3052 εἰλή-

755 3111 959 3182 aquila,
1000 3106 1208 3175 accepit
1250 3118 1529 3165 coronam,
1561 3110 1616 3155 et
1659 3100 1856 3155 sensim
1888 3098 2058 3153 movit
2091 3110 2317 3165 pennas,

2424 3114 2532 3166 φει,
2567 3096 2660 3149 καὶ
2688 3094 2869 3165 ἠρέμα
2897 3092 2955 3143 τὸ
2978 3089 3171 3160 πτερὸν
3198 3088 3385 3149 ἐκίνει,
3407 3088 3499 3137 καὶ
3527 3081 3831 3151 ἀργότερον
3860 3080 3987 3148 πρὸς

757 3212 815 3257 et
867 3214 958 3256 eas
1000 3198 1180 3252 minus
1223 3196 1474 3265 pernices
1513 3191 1698 3245 habuit
1746 3190 1809 3242 ad
1860 3188 2169 3241 volandum.
2214 3183 2319 3237 Sed

758 3294 908 3347 illam
974 3288 1193 3359 quidem
1256 3285 1436 3342 statim
1508 3282 1833 3352 sequebatur
1891 3280 2147 3351 populus.
2198 3277 2319 3346 lpsa

756 3394 939 3440 autem
990 3381 1221 3451 quodam
1269 3380 1429 3434 modo
1478 3392 1602 3432 eum
1649 3376 1899 3440 ducebat,
1940 3382 2149 3428 tantum
2195 3380 2322 3425 ante

756 3493 849 3533 eos
886 3476 1093 3539 volans,
1127 3482 1187 3527 ut
1214 3486 1324 3525 non
1362 3478 1505 3524 esset
1532 3469 1759 3523 multum
1794 3475 2001 3521 remota
2030 3466 2097 3517 ab
2125 3462 2318 3516 oculis.

760 3568 829 3622 Et
890 3581 1012 3622 cum
1038 3564 1279 3619 venisset
1311 3563 1377 3617 ad
1423 3560 1778 3631 propinquam
1819 3556 2002 3609 silvam
2037 3563 2089 3609 et
2129 3555 2323 3610 deinde

756 3672 1014 3716 coronam
1038 3670 1101 3710 ex
1129 3654 1236 3708 alto
1267 3652 1574 3707 demisisset
1597 3650 1651 3704 in
1696 3648 1917 3718 pulchro
1949 3648 2067 3702 loco
2100 3647 2321 3708 montis,

757 3765 811 3806 et
866 3748 1051 3805 volare
1088 3743 1255 3817 erepit
1297 3744 1550 3809 celerius,
1583 3750 1639 3797 et
1662 3742 1899 3812 profecta
1946 3748 2029 3795 est
2069 3739 2133 3793 ad
2172 3752 2322 3790 suam

760 3844 1174 3899 habitationem.
1232 3837 1347 3892 Hoc
1376 3838 1451 3890 illi
1503 3835 1858 3903 cqnjieientes
1908 3833 2148 3886 divinam
2206 3845 2325 3885 esse

759 3933 1167 3996 indicationem,
1198 3943 1320 3985 cum
1346 3928 1620 3998 voluptate
1666 3936 1721 3981 et
1750 3942 1946 3997 magno
1975 3924 2155 3981 studio
2188 3940 2324 3979 con-

766 4034 1053 4082 currentes
1106 4037 1319 4079 sacrum
1365 4020 1499 4076 illud
1545 4028 1602 4075 et
1654 4020 1901 4074 divinum
1956 4034 2153 4087 corpus
2220 4018 2327 4071 illic

759 4124 945 4172 sancte
982 4121 1037 4170 et
1061 4113 1241 4169 divine
1278 4112 1575 4181 deponunt.
1604 4109 1721 4176 Quo
1758 4110 1811 4163 in
1874 4110 1990 4163 loco
2022 4110 2075 4161 in
2110 4108 2326 4162 hodier-

761 4222 889 4262 num
934 4220 1106 4276 usque
1133 4204 1277 4260 diem
1320 4211 1543 4258 sanctus
1583 4201 1692 4255 illic
1736 4201 2046 4268 frequentes
2077 4207 2328 4267 operatur

762 4299 1097 4361 curationes,
1160 4303 1216 4350 et
1270 4294 1438 4349 multa
1501 4292 1781 4357 miracula,
1839 4290 2063 4346 cuilibet
2120 4287 2326 4360 roganti

764 4389 1000 4461 benigne
1032 4401 1321 4459 apparens,
1344 4394 1397 4440 et
1422 4386 1540 4454 ejus
1570 4400 1755 4440 curam
1789 4399 2001 4456 gerens,
2025 4384 2079 4437 in
2110 4382 2326 4437 Christo

2423 3190 2523 3260 τὴν
2558 3186 2756 3258 πτῆσιν
2802 3181 2966 3254 εἶχεν.
3014 3181 3173 3234 Ἀλλὰ
3219 3180 3298 3248 τῷ
3343 3180 3439 3248 μὲν
3475 3176 3535 3228 τὸ
3578 3174 3787 3243 πλῆθος
3834 3172 3989 3230 εὐθὺς

2425 3281 2638 3333 εἵποντο
2658 3290 2670 3304 ”
2697 3279 2724 3329 ὁ
2754 3275 2811 3328 δὲ
2835 3270 2943 3327 οἷον
2971 3272 3133 3333 αὐτὸς
3162 3270 3425 3337 ἀφηγεῖτο
3451 3264 3690 3333 τοσούτῳ
3717 3261 3988 3330 προϊπτά-

2428 3387 2586 3440 μενος
2638 3367 2865 3433 τούτων,
2914 3366 3022 3433 ὅσῳ
3072 3365 3147 3433 μὴ
3192 3360 3298 3413 τῶν
3336 3358 3509 3427 ὄψεων
3560 3358 3653 3407 ἐπὶ
3694 3355 3834 3406 πολὺ
3860 3352 3988 3404 διίσ-

2423 3463 2617 3517 τασθαι
2638 3477 2651 3491 ⁸
2684 3462 2779 3513 καὶ
2802 3459 2865 3530 δὴ
2900 3456 3035 3527 πρὸς
3061 3458 3127 3525 τῇ
3152 3452 3377 3521 πλησίον
3403 3449 3503 3522 ὕλῃ
3530 3448 3849 3518 γενόμενος,
3881 3441 3990 3498 εἶτα

2423 3556 2514 3609 τὸν
2566 3554 2826 3624 στέφανον
2880 3554 2937 3603 ὲν
2993 3548 3140 3619 καλῷ
3196 3545 3289 3600 τοῦ
3341 3544 3500 3616 ὅρους
3554 3542 3717 3611 ἀφεὶς
3766 3539 3988 3601 ἀνωθεν,

2424 3645 2671 3719 πτήσεώς
2716 3662 2773 3697 τε
2809 3644 3012 3715 ἥπτετο
3059 3641 3383 3711 ταχυτέρας,
3432 3641 3527 3691 καὶ
3565 3638 3662 3689 ἐπὶ
3698 3636 3772 3688 τὰ
3820 3637 3991 3687 οἰκεῖα

2424 3740 2529 3810 ἢθη
2566 3737 2782 3807 ἐχώρει.
2809 3736 2977 3787 Τοῦτο
3014 3736 3211 3785 ἐκεῖνοι
3246 3730 3394 3782 θείαν
3427 3725 3567 3780 εἶναι
3618 3726 3993 3794 συμΰαλόντεέ

2425 3831 2716 3894 ἐπίδειξιν,
2774 3827 2976 3897 σπουδῇ
3036 3825 3156 3897 μεθ’
3210 3824 3404 3893 ἡδονῆς
3459 3819 3995 3891 συνδραμόντες,τὸ

2426 3925 2570 3993 ἱερὸν
2595 3924 2769 3973 ἐκεῖνο
2806 3923 2899 3973 καὶ
2929 3920 3073 3972 θεῖον
3100 3916 3260 3986 σῶμα
3308 3914 3468 3986 ἱερώς
3516 3914 3633 3965 ἐκεῖ
3691 3914 3792 3964 καὶ
3844 3909 3995 3968 θείως

2425 4017 2734 4071 κατέθεντο.
2776 4010 2849 4068 Oi»
2902 4015 2967 4085 δὴ
3021 4014 3115 4066 καὶ
3165 4010 3331 4071 πολύς
3377 4012 3495 4060 ἐστι
3546 4007 3718 4077 μέχρι
3762 4008 3860 4059 καὶ
3909 4005 3995 4056 νῦν

2425 4112 2453 4164 ὁ
2509 4112 2716 4181 μάρτυς
2769 4094 2889 4170 ταῖς
2959 4107 3131 4160 liceat
3185 4104 3280 4158 καὶ
3338 4104 3458 4165 ταῖς
3522 4098 3997 4171 θαυματουργίαις

2427 4203 2664 4271 δεομένῳ
2694 4202 2858 4253 παντὶ
2887 4199 3279 4269 φιλανθρώπως
3304 4197 3630 4263 ποιούμενος
3665 4196 3769 4256 τὰς
3802 4198 3995 4259 iman-

2426 4294 2594 4356 νείας,
2638 4293 2731 4343 καὶ
2757 4291 3426 4360 θερμῶςπροῖστάμενος,
3462 4293 3521 4342 ὲν
3552 4292 3788 4361 Χριστῷ
3831 4288 3995 4360 ’1ησοῦ

2427 4386 2503 4457 τῷ
2538 4383 2895 4455 Κυρίῳήμῶν
2918 4421 2932 4446 ,
2962 4378 3004 4451 ᾧ
3034 4386 3066 4453 ἡ
3104 4382 3228 4446 δόξα
3268 4382 3361 4435 καὶ
3393 4381 3454 4434 τὸ
3488 4384 3725 4454 κράτος,
3764 4387 3861 4439 σὺν
3894 4385 3999 4437 Πα-

760 4481 889 4537 Jesu
925 4478 1151 4534 Domino
1193 4484 1380 4532 nostro
1414 4492 1429 4528 :
1493 4476 1579 4530 cui
1620 4476 1787 4546 gloria
1819 4483 1875 4530 et
1908 4475 2172 4545 potentia,
2200 4489 2322 4529 cum

2430 4482 2517 4549 τρὶ
2548 4480 2642 4532 καὶ
2684 4478 2825 4549 ἁγίῳ
2865 4476 3165 4549 ιΙνεύματι,
3219 4476 3313 4530 νῦν
3343 4477 3438 4530 καὶ
3468 4477 3584 4543 ἀεὶ,
3629 4480 3729 4533 καὶ
3761 4483 3842 4544 εἰς
3888 4482 4000 4543 τοὺς

762 4566 925 4622 Patre
976 4576 1032 4621 et
1085 4575 1274 4620 saneto
1326 4562 1550 4632 Spiritu,
1590 4577 1737 4617 nunc
1787 4570 1843 4618 et
1900 4577 2134 4634 semper,
2171 4573 2225 4618 et
2270 4563 2322 4618 in

766 4657 977 4711 infinita
1005 4654 1197 4711 saecula
1258 4652 1595 4708 saeculorum.
1651 4652 1824 4708 Amen

2428 4573 2813 4642 ἀτελευτήτους
2840 4573 3040 4637 αιῶνας
3064 4572 3171 4627 τῶν
3199 4572 3433 4627 αἰώνων.
3485 4572 3693 4638 Ἀμήν.
