4170 6322
154 405 256 472 653

1223 595 1510 606 -νι-Δ-υ-υ
1554 595 1656 605 _-

899 596 1199 610 Μ

159 603 558 618 ῤ’-υ-ο--α-
568 600 879 611 ...ἢθη-οι...-

391 776 1251 899 ΜΑΡΤΥΡΙΟΝ
1365 778 1659 889 ΤΩΝ

955 397 1418 458 MARTYRIUM
1462 398 1518 457 S.
1565 393 1999 455 MENODORE
2039 395 2132 453 ΕΤ
2177 394 2585 456 SOCIARUM.

3282 398 3391 461 654

2442 597 2479 605 α.
2489 597 2522 606 -
2541 596 3315 618 -υ-ι--ιιο--ο-κη-ε-σ-νΨΟΩ-..ρ

1791 776 2252 890 ΑΓΙΩΝ
2374 775 3144 892 ΓΥΝΑΙΚΩΝ

434 1043 1162 1134 ΜΗΝΟΔΩΡΑΣ.
1243 1038 1973 1128 ΜΗΤΡΟΔΩΡΑΣ
2049 1042 2236 1124 ΚΑΙ
2317 1022 3107 1128 ΝΥΜΦΟΔΩΡΑΣ-

397 1477 1268 1592 MARTYRIUM
1411 1475 2274 1602 SANCTARUM
2413 1476 3155 1591 MULIERUM

226 1746 1009 1848 MENODORJE,

1147 1737 1928 1832 ΜΕΤΒΟΒΟΒᾸΞ

2083 1740 2231 1828 ΕΤ
2397 1737 3320 1832 NYMPHODORIE.

747 1965 943 2023 (Latine
971 1963 1096 2025 apud
1123 1962 1318 2012 Surium
1343 1962 1401 2008 ad
1433 1960 1559 2007 diem
1595 1961 1821 2021 lOSept.;
1853 1960 2018 2008 Gratce
2051 1973 2110 2008 ex
2152 1961 2257 2008 cod.
2285 1974 2372 2010 ms.
2401 1961 2557 2010 Paris.
2575 1973 2626 2016 rt.
2653 1959 2813 2022 1526.)

232 2320 317 2372 A'.
348 2313 481 2369 Οὐδὲ
513 2307 756 2379 γυναιξὶν
780 2306 899 2360 οὐδὲ
935 2306 1122 2377 κόραις
1169 2306 1228 2358 τδ
1277 2305 1376 2375 τῆς
1411 2304 1720 2376 μαρτυρίας
1753 2316 1792 2368 Α

151 2407 586 2463 ἀποκέκλεισται
620 2401 849 2463 στάδιον,
884 2398 1019 2452 ἀλλά
1062 2400 1155 2453 καὶ
1185 2393 1340 2452 αὗται
1371 2397 1601 2451 θανάτου
1633 2414 1725 2451 κα-

146 2499 508 2571 ταφρονοῦσι,
560 2496 953 2557 καταπαίζουσι
993 2493 1244 2562 τελετῆς·
1287 2492 1486 2561 μᾶλλον
1519 2492 1575 2545 δὲ
1631 2491 1726 2546 καὶ

147 2595 392 2666 τιμῶσιν
424 2592 590 2661 αὐτὴν
622 2591 715 2642 καὶ
749 2587 1102 2651 ἀσπάζονται,
1133 2586 1303 2654 καλὴν
1330 2580 1582 2636 ἐντεῦθεν
1623 2585 1726 2652 ἐμ-

149 2688 362 2757 πορίαν
440 2683 537 2753 τὴν
591 2698 697 2733 των
750 2679 998 2750 οὐρανῶν
1045 2677 1322 2748 βασιλείαν
1373 2675 1721 2745 ποιούμεναι.

148 2781 257 2831 Διά
292 2775 453 2829 τοῦτο
503 2772 594 2826 καὶ
639 2773 670 2842 ἡ
726 2771 1016 2842 θαυμαστὴ
1069 2769 1177 2823 τῶν
1212 2769 1500 2841 παρθένων
1545 2767 1723 2836 τριὰς,

150 2868 490 2935 Μηνοδώρα,
530 2865 694 2933 λέγω,
730 2865 823 2917 καὶ
855 2861 1204 2932 Νυμφοδώρα
1238 2862 1332 2916 καὶ
1363 2858 1725 2930 Μητροδὼρα,

150 2962 227 3015 τὰ
253 2962 355 3028 τῆς
391 2954 686 3028 παρθενίας
715 2954 790 3015 ὡς
834 2951 1048 3020 ἀληθῶς
1073 2949 1223 3018 δῶρα
1250 2950 1343 3000 καὶ
1374 2949 1724 3018 ἀναθήματα,

154 3053 461 3124 προθύμως
491 3049 582 3102 ἐπὶ
609 3046 766 3099 τοῦτο
795 3041 958 3116 ἦλθον
985 3043 1080 3096 καὶ
1109 3043 1203 3095 σὺν
1232 3043 1388 3111 ἡδονῇ
1421 3040 1480 3091 τὸ
1515 3040 1724 3108 κέρδος,

152 3145 255 3194 καὶ
290 3141 382 3192 τὸν
413 3139 641 3190 θάνατον
690 3134 1044 3202 ἀνδρειότατα
1079 3133 1303 3194 εἵλοντο,
1347 3132 1408 3182 οὐ
1441 3129 1593 3209 παρὰ
1635 3127 1727 3182 τὸν

147 3235 297 3306 ᾅδην
329 3230 498 3292 αὑτὰς
532 3227 861 3295 κατάγοντα,
888 3224 1046 3293 οἵπερ
1084 3225 1145 3288 δὴ
1197 3225 1292 3275 καὶ
1345 3224 1572 3276 θανάτου
1602 3223 1728 3292 τρό-

152 3347 265 3392 πος
303 3326 472 3388 ἐστὶν,
525 3322 660 3376 ἀλλὰ
710 3321 846 3391 πρὸς
881 3320 1006 3381 τοὺς
1060 3317 1362 3379 ἀθανάτους
1403 3314 1724 3385 νυμφῶνας,

149 3421 302 3492 πρὸς
326 3422 424 3481 τὰς
459 3415 734 3476 παστάδας
765 3415 862 3475 τὰς
896 3411 1070 3483 ἱερὰς,
1102 3409 1233 3480 πρὸς
1267 3408 1423 3462 αὑτὸν
1461 3408 1551 3459 τὸν
1598 3423 1725 3477 φαι-

144 3515 288 3585 δρὸν
319 3508 551 3578 νυμφίον
575 3505 810 3576 Χριστὸν
836 3504 1113 3572 θυμότατα
1152 3500 1616 3571 παραπέμποντα.

231 3603 313 3656 B'.
352 3601 697 3667 Ἐτράφησαν
745 3597 842 3664 μὲν
870 3596 979 3662 γὰρ
1013 3594 1068 3644 ἐν
1112 3595 1176 3660 τῇ
1226 3592 1465 3644 Βιθυνῶν
1515 3591 1726 3658 σωφρό-

146 3711 268 3756 νως
315 3689 374 3745 εὖ
429 3689 570 3759 μάλα
621 3689 713 3739 καὶ
742 3685 1063 3755 ἐλευθερίως
1093 3682 1253 3753 (αὕτη
1291 3683 1398 3752 γὰρ
1426 3680 1568 3734 κατὰ
1599 3679 1724 3742 τοὺς

144 3784 406 3852 εὐγενεῖς
435 3780 660 3840 κλάδους
686 3778 880 3848 ἤνεγκε
907 3776 1004 3836 τὰς
1036 3771 1387 3841 παρθένους),
1417 3771 1638 3840 χάριτες
1670 3769 1727 3822 δὲ

144 3874 337 3935 αὐτὰς
361 3870 686 3940 παρθενικαὶ
720 3863 1090 3936 περιίσταντο)
1116 3879 1131 3895 ο
1167 3860 1515 3914 συνανέτελλε
1551 3860 1607 3914 δὲ
1639 3860 1730 3912 καὶ⁵

142 3967 212 4018 τὸ
245 3965 342 4015 ἐπὶ
370 3962 462 4013 τοῦ
493 3959 787 4026 προσώπου
817 3957 998 4020 ἄνθος,
1029 3954 1122 4004 καὶ
1145 3953 1202 4004 τὺ
1223 3953 1314 4002 ἐπὶ
1346 3951 1451 4002 τῶν
1485 3949 1728 4019 παρειῶν

141 4055 437 4127 ἐρύθημα.
497 4048 864 4119 Φαιδροτάτην
910 4047 1004 4116 μὲν
1040 4045 1147 4112 γὰρ
1193 4043 1296 4112 τὴν
1349 4041 1477 4094 θέαν
1539 4040 1731 4110 παρεί-

142 4162 348 4222 χοντο,
377 4144 470 4196 καὶ
505 4141 592 4194 διὰ
631 4141 726 4209 τῆς
761 4136 855 4191 τοῦ
903 4134 1150 4204 σώματος
1192 4133 1364 4207 ὧρας,
1402 4134 1440 4203 ἡ
1483 4131 1728 4199 εὐγένεια

141 4245 256 4314 τῆς
302 4239 481 4308 ψυχῆς
505 4236 694 4296 αὑταῖς
726 4232 909 4301 ἠρέμα.
934 4227 1245 4295 ὐπαύγαζε,
1275 4229 1366 4279 καὶ
1385 4224 1726 4314 ἀπεριέργως

140 4313 310 4406 ἦσαν
340 4330 520 4384 καλαί.
556 4326 712 4378 Κατά
737 4323 908 4392 βραχὺ
931 4321 986 4372 δὲ
1021 4320 1215 4379 αὑταῖς
1243 4317 1532 4406 ἀνέτρεχεν
1555 4313 1588 4383 ἡ
1609 4313 1728 4406 ηλι-

139 4404 284 4488 πία,
315 4425 410 4475 καὶ
443 4417 740 4490 παρθενίας
767 4415 993 4485 ὲρὼσαι,
1019 4409 1115 4478 τὴν
1141 4409 1250 4462 τῶν
1282 4406 1488 4478 ἀνδρῶν
1512 4404 1730 4474 ὁμιλίαν

139 4518 428 4583 ἔφευγον,
475 4490 569 4560 παὶ
610 4506 709 4577 τὴν
760 4505 995 4572 ἐρημίαν
1047 4501 1296 4553 ἐπόθουν.
1349 4497 1445 4550 Διά
1496 4496 1728 4566 Χριστὸν

141 4609 351 4662 τοίνυν
379 4600 480 4669 τὴν
533 4597 906 4664 ἐνεγκαμένην
957 4590 1319 4644 ἀπολιποῦσαι
1370 4588 1728 4655 καταλαμϐά-

141 4716 319 4756 νουσι
352 4691 623 4764 γεώλοφον
670 4706 722 4742 τι
750 4685 858 4740 τῶν
902 4684 1112 4737 Πυθίων
1158 4681 1374 4753 θερμῶν
1407 4681 1468 4735 οὐ
1517 4679 1729 4752 πόρρω,

139 4795 258 4850 καὶ
299 4784 626 4858 σωφροσύνῃ
652 4799 712 4835 τε
738 4782 795 4850 ἐν
826 4777 974 4847 αὐτῷ
1006 4776 1198 4839 διέζων
1222 4774 1316 4828 καὶ
1350 4775 1475 4842 περὶ
1512 4773 1609 4843 τὴν
1637 4771 1730 4825 ἄλ.

138 4887 257 4952 ὶην
285 4880 387 4948 τῆς
414 4877 612 4948 ἀρετῆς
635 4873 867 4939 ἄσκησιν
897 4867 1196 4936 φιλοπόνως
1216 4864 1496 4915 διέκειντο.
1540 4863 1730 4931 Χρόνῳ

1899 2304 1940 2356 1.
1974 2303 2084 2357 Nec
2150 2301 2465 2357 mulieribus
2529 2301 2768 2370 quidem,
2808 2315 2910 2356 nec
2933 2301 3126 2371 puellis
3151 2303 3397 2360 clausum

1828 2406 1910 2452 est
1941 2395 2175 2451 stadium
2224 2393 2464 2466 martyrii
2521 2411 2534 2450 :
2587 2393 2679 2449 sed
2713 2399 2768 2449 et
2819 2407 2896 2450 ea:
2928 2403 3156 2454 mortem
3211 2409 3397 2455 conte-

1829 2497 2041 2553 mnunt,
2065 2499 2120 2542 et
2140 2489 2421 2542 decessum
2444 2487 2643 2542 habent
2659 2503 2752 2558 pro
2769 2487 2895 2542 ludo
2921 2507 2933 2543 :
2955 2489 3060 2545 imo
3079 2505 3203 2545 vero
3219 2490 3396 2562 ipsum

1831 2582 2103 2638 honorant
2133 2591 2187 2635 et
2225 2583 2644 2652 amplectuntur.
2669 2595 2817 2635 exeo
2845 2584 3100 2652 pulchras
3133 2585 3234 2640 sibi
3255 2601 3401 2640 mer-

1827 2689 1920 2728 ces
1952 2683 2350 2740 comparantes,
2378 2689 2573 2743 nempe
2596 2688 2824 2743 regnum
2841 2674 3124 2729 caelorum.
3145 2674 3398 2747 Propter-

1839 2780 1900 2818 ea
1942 2764 2276 2818 admirabilis
2308 2779 2522 2833 quoque
2577 2765 2789 2820 trinitas
2840 2775 3158 2837 martyrum.
3199 2777 3254 2822 et
3283 2769 3395 2823 vir-

1828 2857 2033 2924 ginum,
2092 2857 2406 2920 Menodora,
2467 2858 2722 2926 inquam,
2775 2866 2830 2912 et
2895 2857 3274 2932 N’ymphodom
3348 2875 3402 2916 et

1829 2947 2158 3006 Metrodona.
2249 2963 2370 3016 qua
2445 2962 2573 3003 vere
2633 2956 2793 3002 erant
2865 2948 3004 3003 dona
3074 2949 3395 3020 viginitatis.

1828 3051 2079 3108 prompto
2107 3053 2159 3094 et
2210 3041 2373 3094 alacri
2405 3040 2588 3094 animo
2643 3041 2708 3094 ad
2736 3041 2837 3094 hoc
2871 3050 3158 3107 venerunt,
3193 3053 3398 3098 etcum

1829 3129 2099 3199 voluptate
2123 3140 2352 3185 mortem
2410 3141 2762 3199 susceperunt
2815 3131 3128 3198 fortissime,
3161 3150 3403 3204 nonquia

1827 3224 1892 3277 ad
1919 3222 2122 3277 inferos
2150 3223 2390 3289 deducit,
2420 3232 2478 3277 ut
2503 3238 2648 3278 mors
2672 3223 2810 3279 solet
2840 3224 3128 3294 impiorum
3166 3243 3179 3279 :
3213 3227 3306 3280 sed
3334 3221 3403 3281 ad

1826 3319 2059 3365 aeternos
2091 3313 2356 3367 thalamos
2383 3321 2437 3368 et
2475 3329 2658 3369 sacros
2719 3314 2988 3383 porticus,
3019 3317 3084 3369 ad
3139 3328 3191 3370 et
3225 3319 3400 3386 ipsum

1825 3400 2122 3470 jucundum
2155 3418 2412 3472 sponsum
2445 3403 2722 3458 Christum
2765 3405 3078 3460 transmittit
3123 3406 3390 3462 alacriter.

1901 3598 1974 3651 ll.
2003 3597 2177 3667 Atque
2221 3599 2462 3654 modeste
2513 3599 2729 3669 quidem
2762 3609 2817 3653 et
2861 3599 3154 3655 liberaliter
3187 3599 3404 3655 fuerunt

1829 3686 2068 3740 educata
2109 3690 2161 3740 in
2215 3688 2461 3758 Bithynia
2497 3689 2591 3757 (ea
2629 3691 2773 3744 enim
2805 3700 3058 3760 tanquam
3109 3707 3403 3762 generosos

1831 3779 2034 3846 aliquot
2058 3795 2236 3835 ramos
2273 3781 2371 3835 has
2399 3781 2520 3834 tulit
2549 3782 2827 3851 virgines),
2855 3793 2910 3835 et
2935 3797 3028 3837 eas
3049 3784 3405 3838 circumvola-

1830 3877 1957 3920 ruttt
1983 3869 2165 3936 gratia:
2216 3868 2542 3939 virginitatis
2575 3886 2590 3923 :
2620 3869 2780 3923 simul
2830 3880 3012 3923 autent
3064 3880 3282 3925 exortus
3320 3881 3404 3945 est

1831 3957 1992 4009 etiam
2046 3957 2145 4010 llos
2182 3959 2233 4011 in
2269 3960 2440 4034 vultu.
2510 3971 2564 4013 et
2604 3960 2771 4013 rubor
2825 3965 2878 4012 in
2927 3961 3099 4029 genis.
3192 3958 3326 4013 Nam
3350 3969 3404 4011 et

1829 4044 2284 4117 iucundissimum
2355 4047 2687 4104 exhibebant
2739 4051 3135 4116 spectaculum.
3190 4059 3246 4103 et
3305 4062 3403 4119 per

1834 4139 2071 4207 speciem
2121 4139 2364 4209 corporis
2403 4139 2596 4192 animae
2656 4139 2905 4192 nobilitas
2968 4137 3173 4192 sensim
3209 4140 3263 4193 in
3321 4139 3402 4193 eis

1833 4228 2104 4282 relucebat
2134 4247 2145 4282 :
2174 4239 2229 4283 et
2305 4240 2457 4282 erant
2495 4230 2734 4296 pulchra:
2788 4231 2922 4282 citra
2981 4230 3350 4283 curiositatem
3383 4269 3397 4285 .

1831 4317 2097 4372 Paulatim
2164 4322 2344 4374 autem
2383 4319 2462 4374 eis
2501 4319 2826 4374 excurrebat
2861 4329 3011 4383 atlas,
3049 4325 3104 4374 et
3155 4330 3402 4377 amantes

1832 4411 2194 4482 virginitatem
2258 4411 2533 4482 fugiebant
2587 4413 2867 4468 hominum
2931 4411 3400 4478 consuetudinem,

1834 4516 1885 4560 et
1945 4504 2319 4557 desiderabant
2386 4505 2752 4559 solitudinem.
2827 4508 3052 4574 Propter
3124 4506 3400 4563 Christum

1831 4611 1978 4668 ergo,
1998 4595 2178 4649 relicta
2205 4608 2324 4662 quae
2347 4611 2436 4650 eas
2452 4596 2648 4650 tulerat
2673 4597 2866 4667 patria,
2883 4596 3105 4653 veniunt
3135 4600 3188 4654 in
3210 4615 3400 4670 quem—

1833 4690 1954 4744 dam
1983 4690 2250 4745 tnmulum
2291 4706 2401 4745 non
2431 4691 2619 4760 procul
2639 4690 2890 4762 aPythiis
2918 4694 3164 4759 thermis,
3184 4702 3240 4747 et
3263 4702 3402 4747 tem-

1835 4791 2086 4851 peranter
2144 4784 2200 4836 in
2265 4797 2330 4836 eo
2362 4783 2632 4847 vivcbant,
2663 4793 2717 4837 et
2747 4785 2797 4835 in
2845 4786 2991 4837 omni
3052 4787 3154 4839 alia
3184 4787 3402 4840 virtutis

1834 4874 2217 4926 exercitatione
2281 4873 2535 4928 studiosae
2590 4883 2747 4929 erant
2795 4885 2849 4930 et
2905 4875 3214 4946 diligentes.
3261 4878 3398 4932 Cum

137 4940 216 5029 δὲ.
245 4971 442 5023 πᾶσαν
470 4968 568 5034 τὴν
597 4963 690 5014 τοῦ
723 4962 872 5014 θείου
905 4940 1239 5027 ’Πνεῦμα-τος
1296 4954 1722 5022 εἰσοικισάμεναι

1830 4971 2006 5017 autem
2028 4963 2351 5033 procedente
2372 4974 2612 5035 tempore
2639 4967 2980 5022 admisissent
3023 4983 3240 5023 omnem
3287 4985 3401 5041 gra-

138 5066 355 5138 χὰριν,
406 5053 700 5126 ὃιέλαμπόν
756 5067 814 5103 τε
870 5052 980 5110 τοῖς
1031 5048 1216 5109 καλοῖς
1272 5046 1454 5118 ἔργοις
1491 5046 1726 5108 καὶτοῖς

140 5133 434 5222 θαῦμασι,
466 5147 561 5198 καὶ
608 5146 672 5214 τῇ
722 5138 949 5209 ἀφθονίᾳ
997 5137 1105 5190 τῶν
1139 5138 1374 5207 χαρίτων
1405 5136 1555 5198 πόλις
1587 5133 1728 5208 ἦσαν

136 5241 391 5312 ἀληθῶς
442 5235 622 5290 ἐπάνω
666 5234 829 5304 ὅρους
862 5229 1114 5299 κειμένη.
1152 5228 1262 5280 Καὶ
1311 5226 1398 5278 διά
1429 5225 1586 5279 τοῦτο
1637 5229 1730 5280 καὶ

137 5332 307 5403 ταχὺ
344 5327 498 5396 δῆλαι
532 5323 795 5393 γίνονται,
845 5322 940 5372 καὶ
995 5317 1177 5370 πολλοὶ
1214 5318 1347 5388 πρὸς
1389 5318 1555 5378 αὑτάς
1603 5322 1732 5388 crop-

140 5429 391 5499 ῥέοντες
420 5417 580 5486 ἦσαν,
625 5415 674 5468 οἳ
705 5415 766 5467 οὺ
805 5413 963 5482 μόνον
997 5412 1165 5464 νόσων
1190 5426 1248 5461 τε
1277 5411 1372 5462 καὶ
1405 5410 1732 5478 πνευμάτων

141 5511 433 5582 πονηρῶν
475 5509 906 5577 ἀπηλλάττοντο,
956 5502 1088 5557 ἀλλὰ
1139 5501 1232 5555 καὶ
1279 5503 1393 5570 φῶς
1425 5500 1600 5571 ψυχῆς
1640 5502 1734 5554 καὶ

140 5603 452 5674 σωτηρίαν
479 5599 793 5671 ἐπλούτουν.
826 5591 1012 5649 Ταῦτα
1031 5595 1125 5647 καὶ
1147 5597 1223 5656 είς
1249 5595 1529 5663 Φρόντωνα
1554 5596 1732 5664 φοιτᾷ,

138 5703 212 5763 ὃς
265 5695 377 5761 τὴν
407 5693 579 5762 ἀρχὴν
629 5688 926 5758 τηνικαῦτα
998 5686 1097 5756 τῆς
1169 5686 1472 5757 περιχώρου
1538 5685 1736 5757 ταύτης

141 5788 533 5847 πεπίστευτο,
594 5777 931 5848 Μαξιμιανοῦ
980 5778 1078 5846 τὴν
1120 5775 1403 5846 Ῥωμαίων
1455 5776 1733 5848 βασιλείαν

1826 5056 1953 5109 tiam
1971 5055 2134 5108 divini
2152 5054 2406 5123 Spiritus,
2435 5056 2596 5111 bonis
2610 5057 3024 5126 reSplendebant
3045 5061 3328 5128 operibus,
3344 5073 3399 5116 et

1829 5143 2126 5207 miraculis,
2147 5153 2201 5197 et
2221 5145 2372 5213 copia
2389 5147 2676 5215 gratiarum
2693 5156 2846 5202 erant
2876 5165 3059 5204 revera
3082 5152 3272 5206 civitas
3294 5154 3398 5208 sita

1828 5250 1990 5304 supra
2023 5244 2281 5291 montem.
2320 5236 2381 5288 Et
2411 5235 2531 5291 ideo
2561 5237 2667 5293 cito
2698 5240 2933 5294 evadunt
2975 5241 3296 5309 manifestae,
3345 5258 3399 5298 et

1830 5329 1986 5381 multi
2003 5330 2066 5381 ad
2089 5342 2180 5382 eas
2199 5325 2578 5382 conﬂuebant:
2600 5329 2688 5398 qui
2710 5345 2818 5384 non
2843 5332 3015 5386 solum
3031 5334 3401 5390 liberabantur

1831 5431 1860 5468 a
1902 5415 2106 5468 morbis
2135 5423 2183 5468 et
2223 5430 2252 5468 a
2287 5415 2444 5470 malis
2479 5417 2787 5485 Spiritibus,
2827 5420 2920 5474 sed
2989 5421 3188 5475 ﬁebant
3235 5423 3400 5476 etiam

1832 5506 2024 5560 divites
2058 5506 2177 5559 luce
2207 5506 2404 5560 animae
2431 5514 2484 5561 ει
2510 5507 2700 5562 salute.
2725 5507 2848 5564 Haec
2875 5513 3198 5580 perveniunt
3230 5515 3397 5567 etiam

1833 5599 1899 5652 ad
1932 5613 2090 5652 aures
2123 5596 2429 5662 Frontonis,
2451 5599 2605 5667 cujus
2642 5601 2762 5656 ﬁdei
2795 5606 3077 5659 commissa
3104 5606 3279 5659 fuerat
3310 5621 3398 5660 re-

1836 5690 2010 5759 gionis
2093 5688 2240 5744 illius
2299 5688 2723 5756 administratio,
2794 5692 3117 5748 Maximiano
3177 5705 3399 5751 tenente

1838 5781 2202 5836 Romanorum
2237 5780 2648 5844 imperiumzet
2675 5785 2935 5842 continuo
2991 5788 3153 5842 mittit
3204 5786 3398 5842 Fronto
