4170 6322
735 397 842 466 655

1963 391 2248 452 MENSIS
2288 388 2758 450 SEPTEMBER.

3884 379 3991 440 656

738 531 899 572 suum
948 527 1278 570 assessorem
1348 524 1470 565 cum
1552 508 1816 563 ministris
1878 517 1930 562 et
1984 508 2314 562 satellitibus

2443 511 2734 573 ἱιέποντος·
2792 510 2884 563 καὶ
2918 508 3127 577 πέμπει
3159 507 3249 560 τὸν
3305 507 3696 578 συμπάρεδρον
3755 505 3921 569 siis-la;
3969 508 3994 559 ὁ

733 607 935 679 iubens
952 615 1007 660 ut
1025 613 1292 674 quaereret
1318 603 1578 672 virgines.

811 895 918 951 Ill.
946 894 1080 948 Cum
1141 897 1322 945 autem
1377 889 1612 942 inventa:
1701 882 1927 936 fuissent
1960 878 2305 946 ,Undenam,

743 987 958 1044 dicebat
989 983 1178 1053 iudex,
1208 989 1354 1034 tanta
1387 986 1468 1032 est
1522 974 1672 1029 vobis
1713 973 1960 1036 audacia,
2021 981 2102 1030 ut,
2154 968 2308 1020 mitto

744 1089 963 1142 cetera,
994 1076 1164 1132 Deum
1220 1071 1429 1134 colatis,
1481 1082 1642 1137 quem
1703 1079 1881 1134 neque
1933 1062 2044 1130 ipse
2080 1072 2308 1128 rnagnus

747 1169 1129 1228 Maximianus,
1171 1175 1346 1230 neque
1395 1172 1494 1211 nos
1519 1157 1850 1209 honorantes
1882 1151 1935 1205 in
1989 1145 2310 1201 hodiernum

750 1279 924 1332 usque
972 1259 1116 1314 diem
1162 1250 1440 1322 conspecti
1487 1245 1718 1302 sumus?
1749 1244 2096 1313 Nequaquam
2132 1244 2312 1288 autem

745 1353 1097 1426 perturbatae,
1152 1346 1244 1402 sed
1297 1347 1349 1397 in
1375 1341 1565 1396 eodem
1614 1339 1806 1392 anima:
1865 1341 2011 1388 statu
2037 1338 2316 1383 manentes

746 1425 987 1518 virgines
1023 1484 1036 1502 .
1066 1441 1198 1502 Nos,
1283 1452 1316 1492 ο
1357 1435 1545 1506 judex,
1599 1431 1874 1492 dixerunt,
1925 1440 2033 1479 non
2082 1425 2318 1477 humano

748 1542 973 1597 decreto
1016 1533 1184 1587 Deum
1217 1543 1376 1583 nosse
1407 1525 1727 1586 didicimus;
1787 1518 1882 1572 scd
1936 1532 2062 1571 eum
2109 1513 2314 1582 utique,

748 1635 842 1705 qui
917 1640 1134 1697 semper
1172 1630 1274 1685 est,
1344 1627 1398 1674 et
1442 1617 1756 1672 universum
1807 1613 2066 1674 intuetur,
2093 1606 2322 1661 conﬁte-

747 1701 1031 1794 murzqui
1086 1719 1248 1774 etiam
1290 1715 1434 1769 hunc
1501 1708 1744 1763 continet
1809 1701 2053 1760 ordinem
2103 1701 2323 1753 univer-

750 1833 956 1881 sorum,
989 1823 1044 1868 et
1076 1817 1358 1882 potestate,
1397 1819 1504 1858 non
1540 1800 1793 1857 essentia,
1823 1805 2008 1848 mente
2076 1803 2324 1856 compre-

2414 602 2658 671 Φρόντων
2688 603 2826 674 μετά
2860 601 3056 672 πολλῆς
3099 601 3197 670 τῆς
3241 601 3730 671 ὑπερασπισάντων
3763 599 3857 651 καὶ
3891 598 3995 650 τῶν

2415 692 2723 761 δορυφόρων
2782 691 3022 762 πληθύος
3069 690 3136 744 τὰ
3171 691 3310 745 κατά
3360 693 3456 755 τὰς
3503 690 3808 753 παρθένους
3849 689 3995 758 αὑτῴ

2415 785 2732 855 ἐπιτρέψας.

2488 873 2562 928 1".
2605 874 2664 930 '0
2695 876 2750 928 δέ
2791 877 2879 930 διὰ
2927 875 3038 929 τῶν
3093 874 3553 945 ὑπηρετουμένων
3599 874 3751 943 αὐτῷ
3783 875 3996 942 δημίων

2421 969 2914 1038 μεταστειλάμενος
2962 968 3186 1033 ταύτας,
3220 968 3391 1021 Πόθεν
3457 969 3583 1036 ὑμῖν
3625 969 3658 1038 ἡ
3715 971 3978 1034 τοσαύτη,

2421 1061 2600 1129 ἔλεγε,
2627 1061 2824 1127 τόλμα,
2859 1060 2958 1125 ὡς,
3003 1061 3089 1113 ἵνα
3136 1060 3300 1114 τᾶλλα
3335 1059 3511 1118 παρῶ,
3541 1058 3672 1111 Θεὸν
3702 1059 3912 1120 σέϐειν,
3943 1059 3998 1110 ἰν

2420 1151 2542 1204 οὔτε
2577 1149 2919 1218 Μαξιμιανὸς
2945 1149 3104 1212 αὑτὸς
3125 1152 3153 1202 ὀ
3186 1150 3356 1217 μέγας
3400 1147 3510 1201 οὔθ’
3542 1151 3704 1217 ἡμεῖς
3728 1148 3997 1216 τιμιίντες

2423 1242 2548 1310 ἄχρι
2580 1241 2673 1294 καὶ
2713 1242 2806 1294 νῦν
2837 1241 3136 1308 ὥρθῃμειω
3186 1240 3324 1292 Ὑπὸ
3350 1239 3427 1308 τῷ
3458 1239 3608 1308 αὑτῷ
3651 1239 3837 1290 τοίνυν
3870 1236 3999 1289 καθ⁴

2424 1332 2566 1401 άπερ
2596 1333 2690 1402 τῆς
2721 1332 2896 1401 ψυχῆς
2924 1331 3308 1401 παραστήματι
3359 1333 3414 1382 ai
3447 1331 3737 1398 παρθένοι,
3784 1330 3998 1396 Ἡμεῖς,

2424 1427 2468 1480 ὦ
2495 1430 2702 1496 ἅρχων,
2762 1428 2995 1497 ἔφησαν,
3033 1429 3133 1480 οὑκ
3168 1427 3494 1497 ἀνθρωπίνῳ
3533 1427 3769 1493 δόγματι
3801 1439 4000 1475 πεπαι-

2425 1518 2661 1587 δεύμεθα
2711 1518 2912 1571 εἰδέναι
2954 1517 3107 1580 Θεὸν,
3161 1516 3295 1570 ἀλλὰ
3321 1517 3510 1570 τοῦτον
3547 1517 3722 1585 δήπου
3773 1514 3866 1566 τὸν
3921 1515 4001 1563 ἀεὶ

2428 1612 2555 1664 διτα
2577 1612 2669 1663 καὶ
2691 1611 2749 1662 τὸ
2773 1612 2881 1662 πᾶν
2911 1609 3191 1680 ἐφορῶντα
3217 1609 3608 1677 ὁμολογοῦμεν,
3633 1609 3692 1669 ὃς
3715 1609 3814 1659 καὶ
3845 1607 3998 1674 τήνδε

2429 1704 2525 1774 τὴν
2555 1705 2662 1755 τῶν
2700 1703 2837 1756 ὅλων
2891 1705 3190 1771 συγκρατεῖ
3226 1701 3378 1764 τάξιν
3428 1701 3518 1752 καὶ
3573 1699 3806 1766 δυνάμει
3847 1701 3906 1751 οὑ
3939 1702 4000 1768 τῇ

2433 1797 2590 1865 οὐσίᾳ
2651 1797 3014 1848 κατανοεῖτσι.
3071 1794 3127 1856 ὃς
3183 1793 3402 1862 καθαρᾷ
3429 1808 3487 1844 τε
3535 1791 4002 1860 ἦδεταιπολιτείᾳ

754 1909 1012 1967 henditur
1060 1867 1198 1973 :lqui
1258 1897 1459 1952 munda
1503 1894 1610 1948 vita
1663 1890 1965 1944 delectatur
2017 1893 2071 1937 et
2101 1883 2322 1942 virtute,

2443 1889 2524 1938 ιαὶ
2579 1888 2770 1954 ἀρετῇ,
2831 1887 2921 1937 καὶ
2983 1888 3095 1947 τοῖς
3152 1886 3294 1938 οὕτω
3352 1885 3452 1953 μὲν
3511 1882 3794 1952 καθαρῶς,
3867 1881 4005 1932 οὑτω

751 2013 807 2058 et
852 2003 916 2057 iis
976 1997 1067 2068 qui
1126 1994 1204 2048 sic
1247 2007 1312 2046 ex
1342 1989 1542 2042 virtute
1577 1985 1740 2036 vitam
1808 1985 1980 2047 agunt
2031 1987 2143 2027 suae
2171 1969 2325 2025 boni-

754 2095 885 2150 tatis
938 2067 1109 2162 gratia
1192 2083 1330 2138 solet
1385 2088 1645 2148 apparere
1689 2092 1701 2126 :
1743 2079 1800 2125 et
1875 2067 1979 2122 sub
2028 2079 2136 2134 quo
2169 2074 2325 2131 reges

757 2152 1049 2255 imperant,
1098 2185 1153 2232 et
1201 2172 1419 2244 tyranni
1520 2179 1720 2221 terram
1782 2177 1878 2215 sua
1947 2158 2194 2210 obtinent
2243 2152 2316 2204 di-

760 2245 928 2333 tione.
967 2263 1214 2340 Virgines
1265 2265 1381 2318 haec
1437 2258 1593 2314 valde
1624 2261 1938 2310 constanter
1958 2257 2012 2303 et
2062 2245 2328 2300 concinne

761 2364 1158 2438 respondentes
1217 2368 1423 2428 praeses
1455 2353 1696 2413 intuens,
1727 2354 1783 2400 et
1831 2338 2149 2438 modestiam
2172 2333 2329 2386 valde

761 2421 1200 2514 est'admiratus,
1222 2421 1698 2510 'etresponsorum
1737 2430 2073 2501 sapientiam.
2107 2421 2208 2476 Diu
2231 2423 2330 2474 ita-

761 2569 869 2625 que
959 2555 1165 2608 tacens,
1203 2548 1256 2592 et
1285 2537 1402 2590 time
1470 2533 1675 2586 ducens
1723 2541 1822 2598 pro
1901 2518 2182 2580 miraculo,
2245 2513 2329 2565 vix

765 2612 984 2696 tandem
1019 2629 1308 2689 secundam
1343 2621 1530 2678 intulit
1594 2612 2091 2684 interrogationem.
2138 2616 2334 2673 rogans

762 2741 1011 2802 quaenam
1082 2727 1266 2776 essent
1318 2728 1504 2768 earum
1555 2708 1796 2769 nomina,
1851 2712 1905 2756 et
1964 2714 2082 2768 qua:
2137 2694 2332 2763 patria.

766 2791 872 2881 like
920 2829 1103 2874 autem
1136 2831 1148 2867 :
1187 2809 1430 2863 Primum
1488 2800 1726 2870 quidem,
1779 2811 1807 2848 a
1864 2791 2080 2848 Christo
2133 2794 2337 2840 vocatm

765 2927 976 2979 sumus,
1012 2908 1284 2962 dixerunt.
1333 2895 1485 2962 Quod
1529 2893 1574 2945 si
1613 2891 1774 2944 etiam
1811 2879 2339 2948 nomenabaptismo

768 2967 1077 3077 impositum
1117 2999 1366 3065 oporteat
1394 2986 1614 3045 addere,
1649 2994 1756 3033 una
1794 2976 2009 3046 quidem
2029 2967 2339 3077 anodqra,

769 3059 938 3154 altera
993 3059 1175 3146 autem
1225 3079 1552 3140 bletrodora,
1592 3070 1790 3127 deinde
1857 3067 2011 3120 tertia
2070 3059 2340 3132 Nympho-

769 3151 924 3248 dora.
964 3184 1221 3239 dicimur.
1288 3171 1467 3227 Patria
1525 3179 1702 3222 autem
1756 3162 1913 3217 nobis
1951 3167 2032 3212 est
2061 3151 2342 3222 Bithynia.

775 3284 850 3337 Ex
905 3276 1096 3333 eodem
1157 3283 1287 3324 vero
1317 3263 1521 3320 semine
1563 3259 1836 3330 productae
1903 3263 2110 3310 sumus,
2169 3253 2222 3296 et
2278 3242 2345 3295 ab

771 3373 960 3428 cadent
1039 3369 1211 3417 matre
1290 3367 1480 3411 sumus
1559 3349 1826 3407 educatae,
1868 3339 2036 3394 etab
2140 3332 2343 3388 eisdem

776 3461 1094 3536 parentibus
1144 3453 1354 3507 dilect-ae
1421 3455 1630 3505 sumus,
1674 3447 1723 3491 et
1790 3432 2034 3490 eamdem
2117 3437 2342 3483 matrem

774 3526 829 3618 et
856 3553 1106 3611 eumdem
1135 3555 1343 3617 patrem
1374 3534 1784 3608 appellavimus.
1842 3526 2097 3582 Eamdcm
2131 3530 2345 3588 qquue

778 3650 900 3702 vitae
950 3611 1215 3696 rationem
1277 3639 1478 3686 secuta:
1551 3637 1763 3684 sumus,
1804 3629 1858 3672 et
1895 3614 2144 3669 eamdem
2171 3611 2348 3662 adhuc

778 3744 1026 3793 tenemus
1079 3722 1427 3782 sententiam.

847 3846 915 3903 IV
969 3843 1176 3898 Morum
1231 3835 1408 3903 itaque
1451 3842 1504 3885 et
1535 3827 1820 3883 verborum
1857 3814 2229 3873 liberalitatem
2259 3809 2347 3864 ille

777 3935 996 3998 silentio
1034 3931 1354 3992 admiratus,
1418 3925 1633 3978 curiose
1703 3914 1994 3972 admodum
2047 3922 2102 3964 et
2155 3908 2349 3964 callide

782 4037 930 4092 vafer
990 4030 1077 4085 ille
1111 4033 1335 4080 conatus
1365 4028 1447 4074 est
1481 4016 1730 4088 protinus
1763 4011 2000 4081 virgines
2049 4005 2347 4061 seducere:

770 4130 856 4186 Ne
887 4140 1034 4196 ergo,
1054 4120 1261 4180 dicens,
1291 4129 1410 4182 qua:
1439 4112 1512 4164 dii
1541 4110 1606 4162 ad
1637 4105 1979 4160 concordiam
2009 4102 2154 4154 bona
2185 4096 2352 4151 dede-

781 4225 929 4277 runt,
951 4189 1086 4275 vvos,
1117 4223 1149 4262 ο
1175 4207 1352 4260 chara:
1382 4199 1595 4271 puellm,
1626 4196 1863 4252 reddatis
1898 4206 2034 4248 vana
2052 4197 2111 4245 et
2148 4189 2351 4254 inania,

782 4308 877 4364 sed
917 4318 1080 4374 super
1142 4299 1257 4352 haec
1324 4294 1486 4348 etiam
1563 4290 1666 4344 alia
1759 4288 2037 4352 wdiiicate,
2115 4296 2170 4342 et
2221 4284 2350 4340 mihi

784 4405 1062 4470 parentes,
1101 4391 1202 4444 diis
1273 4398 1488 4454 quoque
1550 4381 1906 4434 communiter
1976 4378 2276 4431 sacriﬁcate
2301 4383 2356 4426 et

787 4469 1043 4558 tanquam
1099 4491 1317 4536 sorores
1375 4475 1427 4528 in
1480 4469 1861 4528 benevolentia
1934 4485 2061 4540 erga
2104 4484 2199 4523 eos
2222 4480 2356 4520 con-

785 4585 984 4639 sentite
1075 4576 1351 4646 protinus,
1387 4584 1492 4623 ncc
1549 4567 1810 4621 sustineat
1872 4564 2040 4617 altera
2125 4561 2350 4615 alteram

788 4683 1030 4728 sororem
1066 4664 1252 4717 videre
1287 4657 1620 4726 turpissima,
1676 4670 1709 4708 ο
1765 4655 1836 4708 dii
1865 4655 1875 4706 !
1908 4663 1962 4707 et
2005 4652 2355 4706 acerbissima

790 4764 1105 4835 patientem,
1125 4765 1181 4817 e;
1193 4755 1376 4808 liorem
1397 4747 1816 4820 pulchritudinis
1842 4746 2053 4815 probris
2091 4754 2144 4796 et
2165 4751 2358 4796 contu-

790 4855 967 4910 rncliis
1063 4844 1444 4902 miserabiliter
1506 4840 1663 4894 allici.
1716 4839 1840 4893 Hac
1920 4852 2069 4907 ergo,
2130 4844 2187 4888 ut
2241 4836 2357 4903 qui,

791 4963 911 5015 quae
944 4951 1178 5013 oportet,
1229 4938 1403 4992 dicam
1439 4940 1492 4987 et
1525 4931 1678 4986 vobis
1716 4932 1888 4993 utilia,
1919 4946 1947 4982 a
1995 4945 2079 4984 me
2102 4928 2356 4996 accipite,

795 5047 849 5089 et
884 5035 1013 5088 mihi
1063 5039 1267 5102 parete,
1326 5037 1580 5091 tanquam
1627 5021 1787 5095 patri,
1844 5020 1900 5073 in
1957 5033 2051 5072 vos
2082 5027 2358 5086 paternam

793 5097 1077 5171 servanti—
1147 5106 1511 5166 allectionem.
1588 5103 1683 5156 Sic
1787 5104 1930 5154 enim
2023 5097 2362 5168 imperatoris

792 5205 1228 5263 benevolentiam
1261 5196 1627 5270 assequemini
1653 5203 1708 5250 et
1738 5192 1984 5264 gloriam,
2007 5201 2062 5244 et
2096 5207 2193 5246 vos
2217 5191 2365 5245 exci-

798 5305 907 5370 piet
955 5296 1230 5351 alliuentla
1265 5302 1319 5350 et
1355 5306 1502 5346 mare
1551 5289 1851 5351 bonorum;
1877 5296 1928 5340 et
1953 5282 2147 5337 merito
2179 5282 2364 5338 felices

797 5401 1010 5456 semper
1069 5381 1532 5443 existimabimini,
1553 5387 1608 5433 et
1635 5377 1911 5431 memoriae
1938 5373 2362 5429 mandabimini:

797 5483 882 5534 sin
985 5476 1164 5530 minus
1241 5473 1477 5527 immane
1572 5476 1628 5523 et
1711 5464 1929 5520 crudele
2038 5462 2363 5534 supplicium

797 5575 1085 5625 consumet
1119 5563 1399 5634 pulchram
1428 5561 1660 5612 vestram
1705 5564 1760 5610 et
1802 5565 2042 5608 teneram
2104 5553 2363 5624 speciem.

801 5657 880 5710 Ad
942 5656 1056 5710 haec
1084 5652 1362 5722 excipiens
1428 5645 1862 5712 Menodom,At
1921 5644 2098 5706 nobis,
2167 5643 2366 5712 inquit,

802 5765 834 5800 ο
882 5747 1070 5816 iudex,
1146 5759 1246 5798 nec
1314 5755 1433 5812 quae
1510 5749 1567 5794 tu
1628 5738 1899 5808 promittis
1953 5736 2204 5790 videntur
2246 5749 2368 5791 esse

805 5853 1021 5911 magna,
1086 5851 1188 5892 nec
1251 5851 1372 5904 qua:
1439 5844 1494 5890 tu
1586 5841 1777 5891 rursus
1850 5829 2074 5886 minaris
2139 5835 2368 5902 possunt

2425 1977 2480 2030 δὲ
2535 1976 2808 2045 ἐναρέτως
2869 1974 3069 2042 βιοῦσι,
3120 1979 3189 2045 τῇ
3241 1975 3340 2043 τῆς
3391 1975 3601 2037 οἰκείας
3663 1973 4004 2040 ἀγαθότητος

2425 2070 2605 2141 χάριτι
2637 2068 2782 2136 φιλεῖ
2820 2065 3221 2136 ἐπιφαίνεσθαι,
3289 2069 3381 2122 καὶ
3413 2068 3502 2135 ὑφ’
3531 2061 3596 2119 οὗ
3663 2065 3906 2134 βασιλεῖς
3953 2081 4006 2114 τε

2429 2164 2655 2231 ἄρχουσι
2684 2161 2780 2213 καὶ
2811 2159 3058 2228 τύραννοι
3088 2156 3349 2227 κρατοῦσι
3383 2160 3483 2228 τῆς
3508 2159 3631 2226 γῆς.
3684 2156 3877 2208 Ταῦτα
3917 2156 4006 2215 τὰς

2430 2252 2732 2322 παρθένους
2766 2250 3048 2321 ἀτρέπτως
3087 2250 3226 2304 πάνυ
3261 2251 3355 2303 καὶ
3405 2248 3658 2318 ἐμμελῶς
3699 2249 4004 2316 ἀποκρινα-

2434 2344 2604 2412 μένας
2638 2343 2666 2394 ὁ
2706 2343 2891 2412 ἄρχων
2937 2340 3235 2408 ἐμϐλέψας,
3285 2339 3640 2410 ὑπερηγάσθη
3694 2339 3797 2408 τήν
3838 2355 3898 2389 τε
3925 2354 4009 2387 κο-

2435 2434 2600 2501 σμίαν
2632 2434 2971 2500 παράστασιν
3002 2431 3094 2482 κα)⁵
3143 2429 3203 2481 τὸ
3248 2429 3356 2481 τῶν
3387 2431 3730 2497 ἀποκρίσεων
3766 2427 4009 2494 νουνεχὲς

2435 2524 2530 2577 καὶ
2561 2523 2867 2576 εὑσύνετον.
2903 2523 3012 2574 Καὶ
3045 2519 3219 2582 οὑτως
3249 2514 3317 2590 ἦν
3340 2519 3430 2572 ἐττί
3462 2519 3596 2570 πολὺ
3636 2517 3886 2580 σιωπῶν,
3921 2517 4010 2565 καὶ

2434 2617 2493 2666 ἐν
2524 2612 2762 2682 θαύματι
2784 2614 2986 2674 ταύτας
3017 2611 3362 2681 ποιούμενος.
3392 2609 3518 2677 ’0ψέ
3549 2609 3594 2660 δ’
3629 2603 3723 2659 οὖν
3745 2609 3896 2675 ὅμως
3922 2622 4011 2655 και

2437 2707 2702 2774 δευτέραν
2733 2704 3003 2773 ἐρώτησιν
3033 2705 3230 2770 ἐπῆγε,
3263 2705 3382 2756 τίνα
3420 2719 3479 2752 τε
3513 2701 3579 2752 τά
3610 2700 3884 2766 ὀνόματα,
3925 2699 4008 2747 καὶ

2440 2799 2560 2866 ἥτις
2588 2797 2776 2856 αὑταῖς
2833 2793 3232 2861 πυνθανόμενος
3279 2793 3312 2860 ὴ
3347 2792 3563 2856 πατρίς.
3601 2791 3667 2841 At
3700 2792 3782 2852 δὲ,
3820 2789 4012 2856 Πρῶτα

2445 2888 2543 2958 μὲν
2589 2886 2696 2939 ἀπὸ
2741 2883 2983 2953 Χριστοῦ
3031 2883 3368 2951 κεκλήμεθα,
3401 2876 3575 2931 εἷπον.
3613 2880 3674 2930 Εἰ
3721 2880 3782 2931 δὲ
3835 2879 3930 2929 καὶ
3956 2878 4011 2928 τὸ

2442 2977 2550 3030 ἀπο
2591 2977 2685 3030 τοῦ
2728 2975 3106 3045 βαπτίσματος
3138 2973 3309 3041 θνομα
3339 2971 3420 3022 δεῖ
3465 2969 3814 3038 προσθεῖναι,
3849 2969 3881 3035 ἡ
3922 2967 4013 3034 μὲν

2453 3070 2779 3140 Μηνοδώρα,
2817 3071 2852 3137 ἡ
2899 3069 2952 3119 δὲ
2985 3066 3343 3136 Μητροδιὶλρα,
3392 3065 3484 3114 καὶ
3519 3065 3554 3132 ἡ
3585 3061 3702 3127 μετ’
3747 3060 3921 3128 αὐτὴν
3965 3057 4015 3110 ει

2445 3158 2831 3228 Νυμφοδώρα,
2889 3154 3496 3225 λεγόμεθα.,11ατρίδος
3549 3151 3862 3220 ὁρμώμεθα
3920 3150 4013 3216 τῆς

2446 3253 2710 3306 Βιθυνῶν.
2747 3251 2994 3319 Ἐφυμεν
3020 3250 3073 3301 δὲ
3097 3248 3203 3301 ἀπὸ
3234 3245 3326 3299 τοῦ
3361 3244 3524 3298 αὑτοῦ
3558 3246 3903 3314 σπέρματος,
3929 3247 4016 3293 καὶ

2449 3348 2553 3402 ὑπὸ
2587 3348 2683 3417 τῆς
2707 3345 2873 3415 αὑτῆς
2906 3344 3110 3412 μητρὸς
3143 3343 3484 3410 ἐτράῳημεν,
3522 3340 3618 3389 καὶ
3651 3339 3760 3389 ὑπὸ
3789 3339 3898 3386 τῶν
3929 3336 4018 3384 αὖ·

2450 3441 2558 3494 τῶν
2591 3439 2794 3506 γονέων
2824 3432 3183 3503 ἠγαπήμεθα,
3216 3432 3310 3483 καὶ
3339 3433 3438 3498 τὴν
3486 3432 3657 3496 αὑτὴν
3687 3429 3906 3496 μητέρα
3931 3429 4019 3477 καὶ

2449 3532 2539 3582 τὸν
2573 3528 2731 3582 αὑτὸν
2764 3525 2977 3594 πατέρα
3003 3523 3555 3594 προσηγορεύσαμεν.
3591 3521 3700 3572 Καὶ
3753 3518 4018 3575 πολιτείας

2451 3621 2508 3672 δὲ
2546 3617 2802 3688 ἡψάμεθα
2835 3617 2932 3687 τῆς
2974 3617 3170 3687 αὐτῆς,
3221 3613 3316 3669 καὶ
3370 3615 3470 3682 τῆς
3511 3614 3632 3682 ῑσης
3675 3610 3758 3663 ἔτι
3791 3609 4018 3677 ἐχόμεθα

2451 3712 2694 3782 γνώμης.

2519 3809 2589 3859 Δ’.
2643 3805 2716 3857 Τδ
2766 3801 3074 3871 ἐλευθέριον
3105 3800 3284 3854 τοίνυν
3329 3797 3424 3852 τοῦ
3459 3815 3519 3851 τε
3549 3799 3764 3866 τρόπου
3795 3797 3894 3851 καὶ
3921 3793 4021 3847 τῶν

2452 3897 2717 3969 ῥημάτων
2741 3895 2920 3966 ήσυχῆ
2956 3895 3164 3954 ἐκεῖνος
3193 3893 3503 3958 θαυμάσας,
3541 3891 3861 3961 περιέργως
3890 3892 4021 3955 ἄγαν

2452 3992 2480 4042 ὁ
2517 3990 2686 4053 δεινὸς
2716 3991 2809 4042 καὶ
2842 3986 3112 4051 ὑπούλως,
3154 3983 3481 4051 κλέψαι,τὰς
3524 3983 3834 4051 παρθένους
3871 3983 4021 4042 εὐθὺς

2453 4081 2766 4148 ἐπεχείρει,
2799 4080 2889 4149 Μὴ
2920 4078 3011 4130 οὖν
3042 4076 3077 4130 ἆ
3128 4077 3177 4128 οί
3223 4075 3357 4139 θεοὶ,
3385 4073 3591 4142 λέγων,
3643 4075 3726 4135 είς
3779 4075 4021 4142 ὁμόνοιαν

2453 4172 2574 4234 ταῖς
2622 4171 2878 4240 ἀδελφαῖς
2911 4173 3182 4241 παρέσχον
3226 4170 3294 4223 τὰ
3324 4167 3524 4237 ἀγαθὰ,
3568 4165 3781 4237 μάταια
3853 4165 4025 4231 ὑμεῖς,

2454 4259 2498 4318 ὦ
2535 4265 2685 4334 φίλαι
2717 4267 2907 4336 κόραι,
2950 4267 3214 4333 ποιήσητε
3235 4277 3248 4292 ⁸
3288 4261 3406 4313 ἀλλ”
3441 4262 3533 4336 ἐπὶ
3566 4260 3743 4312 ταῦτα
3775 4259 3870 4310 καὶ
3899 4258 4024 4309 ἄλλα

2455 4355 2787 4422 οἰκοδομεῖτε
2817 4353 3004 4421 φιλικὰ
3038 4355 3197 4421 ἔργα,
3235 4351 3330 4402 καὶ
3357 4349 3563 4415 ἀδελφά
3605 4365 3699 4418 μοι
3735 4347 3882 4399 οὕτω
3933 4345 4022 4397 τ’,ὖ

2454 4446 2645 4500 λοιποῦ
2697 4448 2941 4513 φρονεῖτε
2989 4461 3002 4475 ’
3065 4445 3160 4496 καὶ
3209 4442 3474 4512 πειθήνιοί
3552 4457 3643 4512 μοι
3716 4441 4024 4511 γενόμεναι,

2388 4552 2429 4606 ι)
2460 4541 2612 4610 κοινῇ
2643 4536 2787 4592 οὕτω
2839 4538 2934 4588 καὶ
2993 4536 3106 4598 τοῖς
3159 4534 3299 4599 θεοῖς
3353 4533 3553 4587 θύσατε
3608 4534 3704 4586 καὶ
3736 4534 3813 4597 ὡς
3875 4533 4026 4585 ἀδελ-

2461 4636 2581 4703 φαὶ,
2616 4634 2708 4685 καὶ
2774 4631 2876 4700 μὲν
2932 4628 3062 4699 περὶ
3092 4629 3192 4696 τὴν
3241 4630 3320 4691 είς
3379 4627 3574 4681 αὐτοὺς
3614 4623 3834 4674 εὔνοιαν
3873 4621 4028 4678 εὐθὺς

2461 4725 2740 4778 διαστᾶσαι
2783 4721 3049 4787 ἀλλήλων,
3078 4717 3378 4787 ἀνάσχεσθε
3425 4713 3663 4782 ἀδελφὴν
3691 4711 3849 4780 ὑμῶν
3887 4710 4028 4767 ίδεῖν,

2461 4815 2528 4866 τὰ
2556 4814 2830 4879 αἴσχιστα,
2868 4804 2912 4861 ὦ
2941 4809 3076 4870 θεοὶ,
3123 4809 3219 4859 καὶ
3273 4805 3577 4876 πικρότατα
3625 4803 4026 4872 ὑπομένουσαν,

2463 4906 2557 4959 καὶ
2586 4905 2647 4958 τὸ
2696 4906 2796 4971 τῆς
2831 4900 2979 4975 ὥρας
3015 4899 3175 4963 ἄνθος
3225 4897 3473 4962 ἐλεεινῶς
3523 4895 3915 4968 ὑϐριζόμενον.
3953 4894 4028 4954 Ὣς

2463 4991 2554 5047 οὖν
2577 4996 2644 5047 τὰ
2671 4995 2855 5046 δέοντα
2900 4991 2994 5047 καὶ
3039 4990 3312 5061 λυσιτελῆ,
3365 4989 3616 5056 λέγοντος
3658 4987 3823 5057 ἐμοῦ,
3865 4984 4030 5043 οὕτως

2464 5085 2817 5155 ἀποδέχεσθε,
2862 5084 2956 5136 καί
3007 5100 3098 5152 μοι
3139 5083 3238 5135 ὅσα
3269 5081 3364 5134 καὶ
3404 5077 3793 5148 περιπείθεσθε
3847 5091 4030 5142 πατρι-

2467 5179 2571 5248 κὴν
2630 5181 2764 5247 πρὸς
2822 5176 2965 5246 ὑμᾶς
3019 5173 3272 5244 τηροῦντι
3315 5156 3570 5227 διάθεσιν.
3629 5170 3792 5223 Οὕτω
3837 5169 3947 5240 γὰρ
3978 5169 4027 5219 Et:

2467 5269 2754 5339 εὐμενείας
2791 5285 2850 5320 τε
2893 5265 3238 5336 ἀπολαύσητε
3275 5262 3558 5335 βασιλικῆς
3602 5261 3696 5312 καὶ
3722 5259 3916 5332 δόξης,
3953 5259 4029 5310 εὑ-

2472 5361 2592 5431 ροιά
2640 5376 2696 5411 τε
2749 5359 2865 5428 βίου
2913 5357 3056 5426 ὑμᾶς
3078 5355 3175 5409 καὶ
3219 5353 3436 5422 ἀγαθῶν
3461 5350 3744 5420 ἐκδέξηται
3775 5352 4036 5412 θάλασσα,

2469 5453 2565 5506 καὶ
2620 5450 3012 5523 μακαρίζοισθέ
3063 5466 3126 5518 γε
3175 5448 3396 5511 δικαίως
3425 5446 3516 5500 τὸν
3570 5448 3658 5501 ἀεὶ
3704 5447 3926 5516 χρόνον,
3956 5447 4038 5495 καὶ

2473 5547 2692 5615 μνήμης
2722 5543 3060 5612 τυγχάνοιτε.
3097 5542 3160 5594 Εἰ
3195 5540 3357 5605 δὀὒν,
3401 5537 3534 5593 ἀλλὰ
3555 5540 3678 5610 χεὶρ
3710 5539 3937 5607 ἀπηνὴς
3958 5539 4040 5590 καὶ

2471 5637 2690 5698 κόλασις
2724 5635 3000 5706 ὼμοτέρα,
3033 5633 3094 5687 τὸ
3122 5633 3304 5697 καλὸν,
3361 5631 3510 5700 οῖμοι
3551 5633 3649 5700 τῆς
3711 5630 3868 5700 ὧρας
3895 5631 4041 5686 τοξιῖο

2471 5729 2564 5783 καὶ
2619 5727 2827 5782 ἁπαλὸν
2894 5725 3253 5782 ἀναλώσουσι.
3307 5724 3450 5794 Πρὸς
3503 5722 3679 5776 ταῦτα
3740 5721 4042 5794 Μηνοδὼρι

2473 5823 2844 5890 ὑπολαϐοῦσα,
2905 5821 3044 5878 Ἀλλ’
3088 5821 3239 5894 ἡμῖν,
3266 5813 3310 5873 ὦ
3358 5819 3566 5890 ἄρχων,
3604 5813 3782 5884 εἶπεν,
3809 5819 3938 5872 οὔτε
3987 5833 4042 5870 τα
