4170 6322
189 386 292 451 65Ἰ

988 377 1453 442 MARTYRIUM
1490 376 1551 438 S.
1595 372 2030 437 ΜΕΝΟΒΟΜΞ
2069 377 2166 439 ET
2206 380 2618 443 SOCIARUM.

3311 380 3428 442 658.

189 495 335 565 παρὰ
376 493 467 547 σοῦ
510 493 918 562 ὑπισχνούμενα
974 494 1185 560 μεγάλα
1213 489 1375 547 θεῖναι
1412 492 1579 555 δοκεῖ,
1622 488 1746 541 οὔτε
1772 520 1784 544 Δ

1859 489 2016 544 ullum
2072 500 2333 548 terrorem
2374 493 2639 551 incutere.
2674 494 2803 549 Nam
2824 495 2925 549 frui
2954 496 3168 565 quidem
3189 494 3413 557 divitiis,

192 589 296 655 μὴν
324 587 485 640 πάλιν
511 585 578 639 τὰ
607 584 979 654 ἀπειλούμενα
1035 586 1198 654 φόϐον
1227 588 1475 652 ἐμποιεῖν
1500 585 1744 639 δύναται.

191 677 427 729 Πλούτου
460 679 555 746 μὲν
587 677 717 745 γὰρ,
751 676 844 729 καὶ
873 676 1106 745 τρυφῆς,
1140 679 1233 729 καὶ
1256 676 1433 744 δόξης,
1464 679 1557 729 καὶ
1582 678 1614 747 ἡ
1641 676 1749 728 τῶν

188 769 359 821 ἄλλων
388 770 559 838 ἡδέων
610 770 930 834 ἀπόλαυσις,
966 773 1075 840 ὅσῳ
1110 772 1443 841 πρόσκαιρον
1487 772 1599 840 ἔχει
1653 773 1751 841 τὴν

187 861 402 929 ἡδονὴν,
432 860 671 929 τοσούτῳ
707 864 930 931 μόνιμον
974 864 1182 916 ἐκεῖθεν
1211 864 1307 933 τὴν
1357 866 1627 933 τιμωρίαν
1650 880 1662 893 ·
1694 866 1750 916 ul.

188 950 526 1015 δὲ’κολάσεις
570 955 662 1006 καὶ
715 956 746 1022 ἡ
802 955 893 1006 τοῦ
949 955 1190 1025 φθαρτοῦ
1252 957 1439 1010 τούτου
1500 954 1751 1026 σώματος

190 1045 432 1106 κάκωσις
464 1044 765 1114 λυπήσουσι
814 1047 912 1115 μὲν
949 1047 1077 1111 ίσως
1122 1048 1360 1102 ἐνταῦθα
1405 1052 1498 1101 καὶ
1554 1049 1750 1118 μικρὸν

189 1136 422 1206 ἀλγῆσαι
469 1141 1028 1206 παρασκευάσουσιν,
1101 1143 1441 1210 εὐφροσύνης
1499 1142 1553 1194 δὲ
1618 1144 1750 1209 ἡμῖν

187 1225 398 1279 ἔσονται
437 1230 681 1293 πρόξενοι
726 1230 994 1296 μηδέποτε
1024 1232 1353 1299 παυομένης.
1388 1234 1486 1285 Σοῦ
1516 1234 1612 1301 μὲν
1644 1232 1749 1301 γὰρ

188 1320 358 1372 καὶτὸ
380 1320 542 1373 κακὸν
572 1320 903 1388 πρόσκαιρον
943 1320 1037 1374 καὶ
1077 1322 1136 1374 τὸ
1168 1323 1370 1389 ἀγαθὸν
1409 1326 1753 1394 παρερχόμε-

188 1426 279 1460 νον
302 1424 314 1438 ’
344 1409 437 1460 τοῦ
471 1409 739 1480 ἡμετέρου
770 1409 827 1461 δὲ
863 1410 1136 1463 Δεσπότου
1170 1413 1261 1464 καὶ
1293 1414 1353 1463 τὸ
1386 1411 1591 1465 λυποῦν
1624 1411 1754 1464 αἰώ-

190 1516 301 1551 νιον
340 1501 435 1553 καὶ
472 1500 532 1554 τὸ
562 1502 856 1572 εὐφραῖνον
901 1504 987 1556 ἀεί
1020 1522 1147 1557 ποτε
1192 1504 1463 1573 διαμένον.
1490 1506 1675 1577 Ταύτῃ
1699 1506 1753 1558 δὲ

188 1592 289 1643 καὶ
313 1592 511 1660 μᾶλλον
540 1593 767 1663 ἀδελφαὶ
784 1595 1027 1663 δόξομεν.
1062 1596 1157 1650 καὶ
1189 1596 1413 1663 ἀδελφαὶ
1448 1596 1547 1658 τὰς
1576 1596 1754 1667 ψυχὰς

196 1684 396 1751 μᾶλλον
448 1685 480 1755 ἢ
530 1685 597 1738 τὰ
630 1684 880 1755 σώματα,
912 1688 961 1739 εί
998 1686 1186 1757 ὥσπερ
1222 1689 1318 1755 μία
1370 1690 1580 1758 γαστὴρ
1606 1692 1754 1759 ἡμᾶς

1849 592 1902 636 et
1919 583 2128 639 deliciis
2147 594 2199 640 et
2220 586 2385 654 gloria
2410 599 2463 641 et
2482 588 2889 659 aliisjucundis,
2912 600 3019 657 quo
3043 587 3299 655 majorem
3324 586 3441 639 ha-

1850 672 1937 725 bet
1963 675 2028 726 ad
2058 683 2272 745 tempus
2298 678 2650 747 voluptatem,
2690 695 2755 735 eo
2770 681 3013 735 stabilius
3026 695 3087 734 ac
3105 680 3417 733 diuturnius

1852 759 1957 814 illic
1988 762 2149 817 habet
2198 766 2546 832 supplicium.
2600 766 2874 838 Supplicia
2926 777 3127 834 autem,
3157 776 3213 822 et
3234 766 3417 836 hujus,

1852 850 1907 905 in
1976 857 2120 922 quod
2185 857 2330 911 cadit
2388 857 2661 923 interitus,
2736 860 2981 929 corporis
3053 858 3421 923 aﬂ'lictio,nos

1852 946 2067 1012 quidem
2102 947 2187 1003 hic
2215 946 2439 1004 fortasse
2469 952 2710 1005 molesria
2732 954 2988 1017 afficiunt,
3025 965 3077 1008 et
3098 952 3337 1007 efficiunt
3364 960 3421 1003 ut

1851 1034 2004 1092 dolor
2022 1038 2214 1109 aliquis
2244 1043 2540 1099 sentiatur:
2568 1043 2805 1099 laetitiam
2831 1054 3007 1100 autem
3033 1041 3417 1102 conciliabunt.

1851 1145 1971 1189 qu:e
2026 1150 2299 1204 nunquam
2347 1148 2429 1193 est
2460 1140 2721 1195 desitura.
2782 1138 2913 1193 Nam
2962 1135 3161 1190 malum
3197 1132 3417 1202 quidem

1853 1225 1992 1292 quod
2027 1242 2056 1278 a
2085 1237 2135 1280 te
2168 1227 2399 1282 infertur
2429 1238 2512 1283 est
2546 1230 2610 1284 ad
2639 1238 2875 1298 tempus,
2933 1235 2988 1281 et
3017 1227 3220 1280 bonum
3277 1222 3420 1290 quod

1855 1315 2127 1372 confertur
2159 1320 2413 1385 praeterit;
2469 1321 2635 1375 nostri
2670 1331 2848 1377 autem
2878 1318 3088 1373 Domini
3120 1326 3171 1369 et
3196 1316 3247 1369 id
3279 1314 3420 1381 quod

1858 1405 2013 1459 aﬂert
2068 1407 2368 1462 molestiam
2402 1420 2485 1463 est
2532 1420 2817 1474 aeternum,
2848 1420 2903 1464 et
2952 1409 3002 1462 id
3034 1408 3177 1476 quod
3239 1406 3420 1459 laetitia

1857 1496 2018 1552 allicit
2068 1514 2280 1569 semper
2308 1512 2507 1555 manet.
2542 1501 2632 1556 Sic
2659 1514 2713 1555 et
2783 1501 2953 1573 magis
3008 1500 3307 1557 videbimur
3337 1514 3427 1552 so-

1858 1604 2030 1654 rores,
2066 1602 2120 1644 et
2164 1606 2380 1646 sorores
2424 1592 2621 1647 animis
2649 1593 2829 1663 potius
2892 1608 3054 1661 quam
3084 1592 3423 1671 corporibus.

1857 1681 1898 1734 si
1931 1680 2071 1734 sicut
2118 1699 2217 1737 nos
2253 1696 2440 1740 venter
2492 1702 2632 1741 unus
2686 1686 2915 1756 peperit,
2954 1687 3026 1740 ita
3063 1687 3224 1740 etiam
3279 1700 3424 1739 mors

193 1775 400 1840 ὤδινεν,
436 1777 579 1830 οὕτω
605 1782 697 1831 καὶ
728 1780 956 1843 Θάνατος
986 1778 1065 1841 είς
1090 1782 1227 1849 ὑπὲρ
1254 1783 1508 1847 ἀσεϐείας
1537 1783 1756 1837 τελειώ-

1862 1783 2148 1829 consnmet
2176 1791 2272 1845 pro
2299 1776 2518 1845 pietate,
2565 1788 2619 1833 et
2668 1781 2807 1833 idem
2831 1777 3091 1850 suscipiat
3130 1780 3421 1835 thalamus.

194 1883 299 1926 σει,
332 1868 425 1918 καὶ
458 1868 699 1935 ὕαλαμος
730 1871 756 1919 ὁ
786 1871 945 1932 αὐτὸς
970 1871 1304 1934 ὑποδέξεται.
1337 1874 1522 1938 Οὕτως
1567 1878 1627 1929 οὺ
1670 1879 1762 1930 λυ-

192 1956 417 2025 θήσεται
456 1960 588 2026 ἡμῖν
614 1959 645 2025 ή
697 1959 847 2025 φιλία
884 1959 1005 2012 οὐδὲ
1028 1961 1121 2029 ἀφ’
1149 1962 1303 2030 ἡμῶν
1329 1962 1758 2031 διαστησόμεθα,

194 2049 330 2100 ἀλλὰ
359 2048 582 2118 διηνεκῆ
607 2048 703 2119 τὴν
724 2050 1063 2122 ἀδελφότητα
1094 2053 1313 2120 ἑαυταῖς
1344 2054 1437 2106 καὶ
1464 2055 1561 2123 τὴν
1598 2056 1759 2118 συζυ·

193 2143 317 2203 γίαν
349 2141 686 2212 τηρήσομεν,
739 2145 788 2196 εί
847 2143 925 2214 τῷ
978 2144 1216 2213 ἀδελφὰς
1297 2149 1443 2217 ἡμᾶς
1497 2148 1761 2202 πλάσαντι.

192 2232 399 2300 ἀδελφὰ
421 2235 515 2285 καὶ
545 2235 613 2287 τὰ
642 2236 969 2305 φρονήματα
1008 2238 1455 2308 παραστήσομεν.
1492 2238 1633 2293 Ἀλλ’
1663 2241 1762 2293 οὐκ

194 2326 541 2396 ἀρνησόμεοά
576 2344 655 2393 σε,
684 2328 881 2397 νυμφίε
927 2330 1153 2399 Χριστὲ,
1189 2330 1496 2400 ἔμπροσθεν
1520 2333 1627 2386 τῶν
1667 2336 1763 2388 ἀν-

196 2413 457 2482 θρώπων,
499 2415 572 2484 μὴ
626 2416 809 2467 τοίνυν
862 2415 997 2484 μηδὲ
1037 2417 1197 2480 αὐτὸς
1256 2422 1403 2488 ἡμᾶς
1450 2422 1763 2491 ἔμπροσθεν

194 2507 291 2558 τοῦ
324 2508 531 2575 [ἰατρός
569 2523 657 2558 σου
690 2506 783 2559 τοῦ
830 2508 888 2559 ὲν
936 2511 1051 2571 τοῖς
1094 2509 1362 2577 οὐρανοῖς.
1398 2512 1539 2581 Πρὸς
1569 2513 1761 2578 ταῦτα,

193 2591 239 2648 ὦ
278 2596 527 2660 δικαστὰ,
554 2596 749 2660 κόλαζε
774 2598 833 2650 τὸ
867 2597 1033 2650 καλόν
1065 2616 1156 2653 σου
1181 2598 1337 2653 τοῦτο
1374 2600 1468 2653 τοῦ
1504 2602 1763 2671 σώματος

192 2689 377 2754 ἄνθος,
398 2688 491 2741 καὶ
514 2690 864 2743 καταδαπὰνα
882 2695 1003 2754 ταῖς
1025 2692 1292 2761 μάστιξιν,
1314 2694 1603 2763 οὐδεὶςγὰρ
1622 2696 1762 2750 οὕτω

195 2780 481 2843 κάλλιστος
520 2781 744 2850 κόσμος.
772 2781 891 2833 οὐδὲ
924 2783 1145 2850 χρυσὸς,
1168 2784 1287 2835 οὐδὲ
1315 2785 1599 2849 πολυτελὲς
1644 2788 1763 2840 ὲπί-

193 2875 381 2946 ϐλημα
399 2875 490 2928 καὶ
514 2876 748 2927 ποικίλον
769 2875 908 2927 οὕτω
926 2878 1245 2945 κοσμήσειεν
1262 2878 1335 2939 ὡς
1356 2880 1409 2930 αἱ
1432 2881 1517 2931 σαὶ
1537 2882 1639 2947 πλη
1650 2884 1761 2947 γαί,

196 2972 252 3020 αἱ
304 2970 391 3019 σαὶ
449 2968 733 3035 μάστιγες,
780 2970 844 3033 ἃς
890 2971 952 3023 ὲκ
985 2970 1179 3024 πολλοῦ
1218 2973 1379 3041 ἡμεῖς
1403 2972 1642 3044 διψῶμεν
1679 2974 1766 3030 διὰ

192 3060 449 3130 Χριστὸν,
484 3062 578 3115 καὶ
608 3056 681 3117 ὧν
714 3064 795 3117 ἔτι
820 3065 1136 3135 γλιχόμεθα.

1862 1865 1953 1921 Sic
2002 1881 2111 1920 non
2139 1866 2466 1923 dissolvetur
2493 1869 2649 1922 nobis
2685 1870 2941 1933 amicitia,
2988 1886 3166 1939 neque
3196 1887 3223 1924 a
3267 1871 3424 1927 nobis

1862 1957 2095 2012 invicem
2128 1960 2503 2028 separabimur
2537 1980 2549 2015 :
2585 1963 2678 2017 sed
2718 1972 3033 2031 perpetuam
3087 1963 3427 2019 servabimus

1861 2048 2023 2102 nobis
2076 2049 2469 2106 fraternitatem
2524 2063 2578 2108 et
2645 2053 3114 2123 coniunctionem.
3151 2054 3194 2109 si
3249 2054 3297 2108 ei
3332 2053 3424 2123 qui

1861 2153 1960 2191 nos
1995 2138 2148 2192 ﬁnxit
2179 2156 2394 2195 sorores
2451 2144 2809 2197 exhibeamus
2844 2144 3005 2198 etiam
3033 2145 3271 2198 sororias
3330 2160 3427 2198 vo-

1862 2229 2120 2284 luntates.
2151 2229 2258 2285 Sed
2307 2243 2358 2285 te
2398 2248 2505 2287 non
2561 2234 2900 2304 negabimus,
2956 2250 3153 2304 sponse
3186 2235 3426 2298 Christe,

1863 2338 2043 2377 coram
2085 2324 2418 2379 hominibus.
2456 2323 2567 2380 Nec
2622 2335 2677 2380 tu
2729 2342 2857 2398 ergo
2891 2344 2993 2382 nos
3032 2344 3197 2398 neges
3242 2344 3426 2383 coram

1870 2416 2025 2472 Patre
2057 2427 2265 2482 nostro.
2304 2419 2395 2488 qui
2436 2426 2519 2474 est
2576 2420 2629 2473 in
2670 2420 2845 2475 ccelis.
2886 2421 3103 2489 Castiga
3152 2422 3357 2490 itaque,
3393 2436 3426 2478 ο

1864 2509 2048 2577 judex,
2115 2510 2261 2564 hunc
2304 2512 2399 2565 tibi
2461 2512 2748 2578 pulchrum
2814 2511 2998 2567 ﬂorem
3054 2515 3320 2583 corporis,
3372 2524 3427 2568 et

1866 2614 2129 2653 consume
2156 2599 2399 2670 ﬂagellis.
2451 2601 2665 2655 Nullum
2710 2604 2855 2655 enim
2894 2614 3281 2657 ornamentum
3311 2607 3431 2675 pul-

1864 2692 2225 2756 cherrimum,
2259 2708 2436 2763 neque
2470 2709 2687 2757 aurum,
2717 2710 2892 2764 neque
2942 2705 3311 2767 tegumentum
3344 2700 3427 2751 ul-

1868 2786 1979 2839 lum
2012 2785 2359 2857 magnificum
2398 2793 2451 2839 et
2484 2786 2713 2850 varium,
2744 2785 2817 2840 ita
2870 2788 3151 2842 ornaverit
3208 2803 3428 2858 corpus,

1870 2888 1926 2929 ιιι
1958 2885 2061 2932 tua:
2085 2876 2274 2943 plagae,
2313 2888 2402 2929 tua
2429 2875 2660 2944 ﬂagella,
2690 2893 2811 2946 qua:
2844 2892 2945 2932 nos
2967 2878 3176 2947 jamdiu
3211 2879 3429 2933 sitimus

1868 2976 2092 3036 propter
2114 2966 2415 3034 Christum,
2446 2977 2503 3019 et
2549 2982 2669 3035 quae
2698 2969 2878 3022 adhuc
2925 2969 3095 3040 magis
3153 2969 3430 3025 desidera-

1869 3076 2008 3116 mus.

274 3152 349 3203 Β.
392 3152 575 3205 Ταῦτα
616 3155 713 3207 οὐκ
754 3155 949 3222 ἤνεγκε
1008 3156 1199 3223 πράως
1246 3158 1274 3209 ὁ
1315 3157 1572 3225 δικάζων,
1625 3160 1757 3216 ἀλλὰ

1938 3154 1996 3206 ν.
2041 3152 2163 3208 Haec
2202 3168 2308 3208 non
2338 3153 2612 3209 moderate
2668 3154 2788 3209 tulit
2826 3155 3009 3224 iudex,
3068 3156 3162 3210 sed
3212 3169 3429 3210 omnem

195 3241 379 3296 πάντα
433 3243 603 3313 Ουμὸν
658 3246 797 3297 κατὰ
830 3246 928 3314 τῆς
973 3246 1239 3316 παρθένου
1292 3246 1495 3316 ταύτης
1545 3250 1757 3325 ἀφῇκε·

193 3338 296 3390 καὶ
330 3340 671 3409 παραχρῆμα
713 3340 927 3394 κελεύει
974 3339 1309 3410 Μηνοδώραν
1355 3343 1759 3413 περιδυθεῖσαν,

191 3431 306 3482 ὑπὸ
338 3430 596 3497 τέσσαρσι
639 3432 1005 3496 διαξαίνεσοαι
1048 3438 1158 3497 τοῖς
1202 3436 1417 3505 δημίοις
1467 3440 1556 3489 καὶ
1591 3439 1762 3509 ταύτῃ

191 3524 291 3573 τὸν
324 3523 539 3589 κήρυκα
565 3522 771 3590 ἐμϐοᾶν
804 3542 817 3555 ⁸
849 3526 1013 3585 Θεοὺς
1062 3525 1216 3591 τίμα,
1252 3525 1473 3594 βασιλέα
1503 3528 1760 3596 εὐφημει,

193 3614 330 3676 τοὺς
378 3615 665 3683 κειμένους
706 3616 902 3685 νόμους
943 3617 1016 3688 μὴ
1049 3617 1259 3688 ὕϐριζε.
1307 3620 1369 3671 Ἥ
1398 3620 1453 3673 δὲ
1490 3622 1582 3674 καὶ
1606 3620 1763 3690 ὡρῶν

193 3708 299 3760 δύο
358 3712 477 3771 ταῖς
543 3709 775 3778 πληγαῖς
832 3710 1241 3781 διαξαινομένη,
1294 3714 1548 3782 οὐδεμιᾶς
1580 3714 1765 3784 ὥσπερ

194 3798 398 3865 ὀδύνης
474 3800 757 3868 ᾐσθάνετο,
813 3804 1102 3872 περιουσίᾳ
1156 3806 1340 3869 μέντοι
1390 3806 1765 3873 γενναιότητος

191 3890 310 3942 οὐδ’
344 3889 664 3953 ἐπεστέναξε
700 3893 817 3953 ταῖς
842 3890 1098 3961 πληγαῖς.
1148 3892 1221 3945 Τὸ
1244 3892 1298 3945 δὲ
1336 3894 1431 3962 τῆς
1469 3894 1643 3964 ὅψεως
1674 3896 1764 3965 ῥό-

192 3984 291 4035 δον
316 3983 436 4035 οὐδὲ
465 3983 644 4050 ὀλίγον
677 3984 889 4058 ὠχρίαθ
951 3987 1056 4053 ὅλῳ
1108 3987 1214 4058 γὰρ
1263 3988 1472 4058 ὄμματι
1524 3990 1657 4060 πρὸς
1698 3992 1767 4045 τὰ

200 4076 469 4145 μέλλοντα
504 4078 666 4146 ἐώρα,
721 4080 811 4130 καὶ
846 4082 960 4141 ταῖς
1003 4082 1223 4132 ἐκείνων
1258 4080 1435 4133 ἐλπίσι
1466 4081 1561 4151 τὴν
1591 4082 1767 4150 ψυχὴν

200 4170 559 4239 μετεώριστο.
610 4171 666 4222 Ὁ
718 4170 901 4237 μέντοι
952 4172 1174 4239 ἀνόητος
1230 4173 1435 4243 ἄρχων,
1480 4173 1768 4243 διαϐλέψαι

198 4262 347 4331 πρδς
385 4263 556 4315 ταῦτα
596 4264 695 4316 οὐκ
747 4263 909 4335 ἔχων,
960 4264 1271 4334 τετύφλωτο
1325 4267 1434 4334 γὰρ
1485 4268 1611 4330 τοὺς
1668 4268 1766 4337 τῆς

190 4354 382 4424 ψυχῆς
430 4354 739 4425 ὀφθαλμοὺς
796 4357 1158 4426 μαλακωτέρα
1209 4357 1313 4408 ὑπὸ
1345 4357 1452 4409 τῶν
1493 4359 1767 4428 μαστίγων

196 4446 553 4509 ἑνεεύξεσϐαι
584 4450 645 4513 τῇ
689 4447 926 4514 μάρτυρι
955 4446 1113 4517 ᾤετο,
1148 4447 1238 4499 καὶ
1290 4447 1383 4499 ἐπὶ
1414 4450 1482 4502 τὰ
1526 4450 1765 4520 πρότερα

197 4536 507 4604 παρεκάλει
546 4535 807 4593 mili-38w
829 4532 983 4602 αὖθις
1016 4538 1285 4593 ἐκέλευεν.
1348 4540 1411 4593 Ἢ
1453 4542 1530 4607 δὲ,
1569 4543 1677 4596 Καὶ
1714 4545 1765 4596 τί

197 4627 358 4697 παρὰ
389 4626 545 4679 τοῦτο
563 4628 767 4698 ἓτερον,
806 4629 934 4699 ἔφη,
970 4629 1187 4699 μάταιε.
1239 4631 1299 4683 τὸ
1330 4631 1486 4703 ἔργον
1508 4634 1665 4702 ἐμοίς
1699 4635 1769 4687 Ἦ

193 4720 307 4790 οὐχ
333 4719 463 4789 ὁρᾷς
508 4719 582 4783 ὡς
627 4720 755 4788 ὅλην
790 4721 1036 4790 ἐμαυτὴν
1084 4721 1285 4775 τέΟυκα
1331 4722 1407 4791 τῷ
1448 4724 1565 4793 ἐμῷ
1612 4724 1765 4794 Θεῴ;

194 4810 301 4871 Τίς
336 4812 442 4878 γὰρ
470 4812 545 4879 τῷ
577 4812 766 4880 αἵματί
804 4829 903 4881 μου
936 4812 1171 4881 ὠφέλεια
1201 4814 1257 4865 ὲν
1303 4813 1380 4883 τῷ
1420 4814 1769 4869 καταϐαίνειν

199 4919 280 4973 με
313 4902 391 4963 είς
421 4900 743 4969 διαφθορὰν,
777 4905 823 4955 εἰ
858 4904 932 4972 μὴ
975 4902 1050 4971 τῷ
1081 4902 1198 4971 ὲμῴ
1224 4902 1381 4955 τοῦτο
1424 4904 1769 4974 προλαϐοῦσα

195 4993 501 5067 καταθύσω
554 4994 807 5064 νυμφίῳ;
860 4995 1067 5061 Ταῦτα,
1106 4996 1296 5066 ὥσπερ
1324 5014 1402 5060 τις
1433 4998 1662 5068 σπινθὴρ
1694 5000 1770 5069 τῷ

196 5084 303 5137 τοῦ
349 5086 735 5155 συμπαρέδρου
777 5087 931 5157 θυμῷ
970 5094 1299 5159 ἐμπεσόντα,
1334 5095 1536 5165 ἐξῆπτε
1570 5096 1769 5163 μᾶλλον

196 5179 386 5249 αὐτὴν
419 5180 510 5231 καὶ
559 5180 846 5247 ἁνέφλεγε,
908 5182 998 5235 καὶ
1053 5166 1423 5257 σφοδροτέραν
1470 5190 1613 5243 κατὰ
1673 5193 1771 5259 τῆς

200 5272 369 5338 ἱερᾶς
403 5270 577 5341 ψυχῆς
629 5272 845 5339 ἐκείνης
884 5272 1087 5340 ὥπλιζε
1120 5274 1217 5346 τὴν
1265 5280 1483 5345 μανίαν,
1544 5285 1635 5333 καὶ
1680 5282 1770 5352 pat-

200 5361 360 5424 δδοις
397 5363 745 5433 συνετρίϐετο
776 5365 983 5419 τάόστᾶ
1010 5369 1041 5436 ἡ
1089 5368 1304 5434 γενναία
1341 5371 1431 5421 καὶ
1460 5373 1769 5430 συνεῡλᾶτο.

204 5452 288 5524 μὴ
336 5460 633 5525 κινουμένη
692 5460 845 5522 ὅλως,
913 5460 987 5528 μὴ
1052 5463 1484 5529 μεταπίπτουσα.
1533 5463 1620 5533 Τῷ
1668 5467 1774 5531 γὰρ

203 5546 423 5619 ἰσχυρῷ
470 5549 562 5600 τοῦ
600 5552 835 5621 Χριστοῦ
879 5553 1024 5621 πὸοῳ
1060 5554 1266 5607 ἐδέδετο
1310 5556 1593 5611 πάντοθεν.
1644 5553 1771 5609 Εἶτα

202 5642 286 5711 τῷ
318 5639 845 5709 νυμφίῳτὴνᾶφιξιν
880 5644 1199 5714 προμηνύει,
1234 5646 1347 5711 καί,
1380 5647 1545 5715 Κύριε
1600 5648 1769 5716 Ἰησοῦ

205 5731 440 5801 Χριστὲ,
483 5728 621 5798 μέγα
660 5731 914 5799 βοήσασα,
964 5735 1023 5786 τὸ
1068 5736 1195 5802 ἐμὸν
1226 5736 1562 5804 ἀγαλλίαμα,
1589 5740 1614 5790 ό
1644 5739 1768 5805 ὲμὸς

204 5828 376 5907 truc.
432 5823 521 5874 ἐπὶ
580 5822 636 5873 σὲ
688 5822 786 5893 -τὴν
838 5822 1025 5877 ἐλπίδα
1071 5826 1162 5891 τὴν
1216 5828 1346 5893 ἐμὴν
1419 5827 1764 5893 καταφεύγω·

1863 3244 1999 3296 iram
2042 3244 2094 3295 in
2145 3245 2282 3297 hanc
2322 3243 2544 3297 immisit
2589 3244 2850 3313 virginem
2887 3263 2899 3309 ;
2934 3255 2988 3299 et
3028 3248 3207 3300 statim
3255 3246 3432 3316 jubel.

1863 3337 1979 3390 aliis
2008 3336 2215 3390 duabus
2260 3335 2529 3400 abductis,
2573 3346 2789 3391 exutam
2829 3337 3173 3393 Mcnodoram
3232 3339 3363 3392 caedi
3400 3356 3431 3393 a

1864 3439 2096 3499 quatuor
2141 3428 2437 3495 lictoribus,
2486 3440 2539 3485 et
2586 3427 2663 3486 sic
2715 3431 3018 3485 exclamare
3077 3447 3430 3502 praeconem:

1867 3521 2002 3572 Deos
2070 3521 2228 3582 cole;
2266 3521 2422 3572 bonis
2477 3520 2653 3576 verbis
2704 3530 2761 3576 et
2805 3522 3052 3577 laudibus
3104 3540 3434 3595 prosequere

1864 3609 2243 3679 imperatorem
2279 3630 2292 3677 ;
2324 3611 2457 3666 latas
2488 3611 2629 3681 leges
2656 3614 2763 3667 noli
2816 3616 3015 3684 injuria
3076 3616 3305 3671 allicere.
3343 3617 3431 3670 Illa

1866 3715 2067 3767 autem,
2100 3720 2221 3757 cum
2259 3704 2466 3759 duabus
2492 3704 2638 3758 boris
2662 3706 2977 3766 caederetur.
3027 3707 3231 3760 nullum
3262 3709 3432 3761 sensit

1866 3793 2126 3847 dolorem.
2166 3793 2296 3846 Nam
2340 3806 2557 3864 propter
2600 3797 2862 3866 insignem
2904 3798 3318 3867 generositatem
3364 3814 3433 3851 ne

1868 3887 2033 3957 plagis
2090 3886 2307 3956 quidem
2360 3887 2761 3955 ingemiscebat.
2803 3888 2993 3943 Vultus
3031 3899 3210 3944 autem
3270 3890 3435 3944 rubor

1866 3981 2002 4035 nihil
2031 3982 2253 4034 omnino
2292 3980 2579 4049 expalluit;
2616 3988 2730 4035 toto
2751 3981 2893 4034 enim
2950 3983 3105 4035 oculo
3139 3983 3434 4050 aspiciebat

1867 4074 1932 4128 ad
1968 4075 2167 4141 futura,
2196 4088 2398 4143 speque
2451 4088 2747 4143 suspensus
2785 4081 2837 4127 et
2896 4082 3110 4127 erectus
3172 4081 3289 4127 erat
3315 4076 3434 4144 ejus

1867 4169 2097 4222 animus.
2142 4165 2352 4221 Stultus
2381 4175 2561 4219 autem
2607 4165 2799 4231 judex,
2833 4166 2925 4229 qui
2957 4165 3071 4220 haec
3124 4166 3431 4234 perspicere

1868 4275 1973 4314 non
1995 4268 2205 4329 poterat
2221 4257 2538 4331 (occmeatos
2553 4255 2696 4311 enim
2715 4255 2946 4311 habebat
2967 4256 3152 4311 oculos
3194 4257 3431 4321 animm).

1866 4353 2209 4407 existimabat
2257 4367 2315 4406 se
2354 4360 2575 4421 propter
2623 4360 2889 4406 tormenta
2928 4350 3226 4404 molliorem
3280 4349 3433 4402 habi-

1870 4453 2048 4499 turum
2082 4452 2387 4512 martyrem.
2422 4452 2476 4495 et
2509 4443 2574 4495 ad
2608 4457 2689 4504 ea.
2722 4443 2786 4496 ad
2803 4456 2920 4509 quae
2952 4441 3115 4509 prius,
3152 4455 3271 4493 eam
3304 4441 3431 4493 hor-

1872 4536 2105 4598 tabatur,
2164 4540 2218 4586 et
2243 4532 2467 4601 iubebat
2517 4546 2708 4585 rursus
2764 4529 3089 4585 sacrificare.
3144 4530 3229 4583 llla
3258 4547 3429 4584 vero:

1870 4628 1936 4682 Et
1966 4626 2258 4696 quodnam,
2293 4623 2488 4691 inquit.
2514 4624 2679 4687 aliud,
2710 4634 2905 4692 praeter
2942 4623 3062 4685 hoc,
3098 4638 3234 4691 opus
3282 4639 3311 4676 a
3349 4635 3433 4677 me

1870 4719 2070 4773 factum
2097 4718 2214 4771 est?
2242 4716 2429 4768 Annon
2481 4714 2652 4780 vides,
2686 4715 2827 4781 quod
2860 4729 2945 4768 tne
2979 4723 3144 4767 totam
3174 4713 3282 4767 Deo
3314 4729 3433 4767 meo

1872 4807 2204 4864 sacrificavi?
2233 4806 2488 4873 Qua-nam
2518 4806 2659 4861 enim
2682 4816 2763 4861 est
2791 4821 2911 4860 meo
2933 4804 3179 4875 sanguini
3210 4804 3429 4869 utilitas,

1871 4903 1999 4956 dum
2039 4903 2307 4957 descendo
2336 4902 2387 4953 in
2418 4900 2716 4962 interitum.
2742 4900 2785 4953 si
2817 4913 2923 4951 non
2954 4912 3079 4952 eum
3124 4899 3273 4964 prius
3312 4910 3434 4950 meo

1873 5009 2071 5063 sponso
2125 4991 2539 5045 sacrificavero?
2591 4990 2712 5044 Hzec
2767 5003 2891 5043 cum
2958 4989 3121 5042 veluti
3186 4986 3432 5055 quaedam

1872 5082 2105 5137 scintilla
2131 5081 2459 5137 cecidissent
2485 5082 2538 5135 in
2568 5082 2806 5135 animum
2828 5079 3138 5139 assessoris,
3166 5093 3289 5131 eum
3316 5093 3432 5132 ma-

1872 5176 1952 5247 gis
2018 5174 2401 5237 accenderunt,
2471 5180 2529 5226 et
2588 5172 2704 5243 ejus
2766 5172 3000 5224 furorem
3061 5170 3433 5249 vehementius

1873 5268 2273 5322 inﬂammarth
2307 5275 2362 5319 et
2411 5272 2755 5318 armaverunt
2798 5270 2987 5315 contra
3038 5272 3243 5314 sacram
3288 5259 3431 5313 illam

1873 5366 2127 5419 animam.
2168 5360 2233 5415 Et
2264 5358 2424 5429 virgis
2447 5373 2568 5413 ossa
2623 5356 3061 5417 conterebantur,
3109 5363 3165 5407 et
3192 5353 3432 5409 confrin-

1874 5458 2134 5526 gebantur
2167 5463 2319 5523 gente
2352 5467 2518 5506 roseze
2548 5450 2787 5519 martyri.
2836 5461 2952 5515 quae
2980 5462 3085 5501 non
3118 5448 3434 5502 movebatur

1875 5548 2120 5609 omnino.
2154 5561 2253 5599 nec
2294 5541 2628 5599 concidebat.
2665 5542 2790 5594 Erat
2817 5539 2959 5594 enim
2995 5539 3140 5593 omni
3182 5554 3243 5592 ex
3280 5550 3431 5608 parte

1874 5646 2085 5715 alligata
2121 5643 2294 5698 valido
2320 5657 2381 5695 ac
2434 5638 2587 5693 firmo
2629 5636 2827 5691 Christi
2884 5635 3173 5692 desiderio.
3232 5635 3432 5689 Deinde

1876 5754 2075 5808 sponso
2106 5752 2259 5790 suum
2299 5734 2586 5788 adventum
2628 5732 2909 5801 signiticat.
2965 5731 3031 5783 Et
3076 5743 3197 5783 cum
3242 5744 3431 5797 magna

1882 5846 2007 5888 voce
2040 5830 2323 5886 clamasset
2354 5845 2364 5881 :
2404 5826 2623 5880 Domine
2654 5824 2780 5879 .lesu
2823 5823 3052 5888 Christe.
3114 5838 3229 5878 mea
3256 5823 3427 5878 exsul-
