4156 6314
764 374 869 435 659

1989 369 2274 429 MENSIS
2314 367 2790 427 SEPTEMBER.

3905 358 4003 420 ὅθί)

762 485 1098 552 tatio,meus
1155 500 1326 546 amor,
1382 483 1446 537 ad
1508 493 1556 537 te
1606 499 1757 553 Spem
1832 500 2001 538 meam
2057 483 2328 549 confugio,

2435 480 2580 546 δέξαι
2623 498 2724 547 μου
2752 478 2849 549 τὴν
2886 478 3068 547 ψυχὴν
3103 476 3222 546 μετ’
3270 474 3520 544 εἰρήνης’
3567 473 3701 524 αὖτό
3732 488 3791 523 τε
3829 472 4001 539 ἀφῆκα

758 578 942 647 accipe
973 577 1025 631 in
1054 592 1185 646 pace
1214 592 1384 629 meam
1412 576 1671 638 animam,
1708 586 1762 629 et
1791 578 1962 645 ipsmu
2003 578 2179 631 emisit
2219 576 2330 644 spi-

759 669 943 731 ritum,
996 678 1049 722 et
1106 667 1358 736 praeclare
1412 666 1658 720 ascendit
1714 666 1778 719 ad
1839 680 2116 734 Sponsum,
2170 682 2329 735 quem

758 760 1031 829 diligebat.
1062 776 1154 829 pro
1184 760 1299 830 ipso
1317 758 1584 827 susceptis
1610 757 1947 827 stigmatibus
1970 768 2020 812 et
2047 760 2329 814 vulnerum

758 848 1097 903 cicatricibus
1126 858 1404 914 exornata,
1463 856 1515 902 et
1544 849 1734 917 quovis
1790 846 1917 901 ﬂore
1952 850 2250 917 speciosius
2280 861 2330 902 et

751 942 1047 1009 jucundius
1079 945 1306 997 variata.

828 1036 915 1089 Vl.
948 1036 1077 1089 Post
1107 1047 1360 1104 quartum
1390 1044 1567 1090 autem
1601 1036 1741 1091 diem
1779 1052 1901 1091 cum
1938 1037 2075 1103 apud
2117 1052 2173 1090 se
2203 1051 2324 1091 con-

755 1125 1012 1180 sultasset
1045 1140 1306 1186 assessor.
1341 1141 1406 1178 ue
1440 1125 1505 1179 ab
1528 1125 1646 1181 aliis
1672 1142 1889 1195 quoque
1911 1126 2028 1193 ejus
2054 1126 2332 1179 sororibus

756 1218 1082 1281 vinceretur,
1111 1226 1166 1270 et
1196 1218 1432 1271 animum
1470 1227 1737 1272 versasset
1772 1218 1827 1270 in
1851 1232 2063 1271 omnem
2097 1228 2323 1286 partem,

752 1318 809 1361 et
838 1307 1034 1360 mentis
1094 1308 1493 1376 quodammodo
1562 1308 1751 1362 intima
1799 1308 2119 1378 explicasset
2158 1324 2324 1378 pene-

757 1400 933 1464 tralia,
960 1399 1315 1454 Metrodoram
1342 1401 1559 1469 quidem
1593 1408 1649 1455 et
1700 1398 2136 1471 Nymphodoram
2180 1401 2327 1455 ducit

755 1491 823 1545 ad
851 1491 1108 1547 tribunal.
1140 1491 1245 1545 Eas
1281 1502 1458 1546 autem
1496 1491 1585 1546 ille
1610 1493 1829 1561 quidem
1858 1493 2023 1546 miser
2047 1493 2147 1546 sub
2170 1508 2326 1546 suum

754 1584 1006 1653 producit
1032 1595 1404 1653 conspectum,
1436 1595 1489 1638 et
1514 1585 1669 1653 ponit
1701 1593 1827 1638 ante
1859 1585 2022 1653 pedes
2047 1584 2331 1654 virginales

752 1676 1038 1744 pulchrum
1068 1674 1200 1731 illud
1233 1692 1430 1744 corpus
1472 1678 1694 1740 sororis,
1737 1678 1879 1744 quod
1939 1693 2044 1730 non
2100 1677 2332 1731 habebat

751 1767 1031 1832 amictum,
1063 1782 1171 1821 non
1221 1766 1671 1833 integumentum,
1724 1772 1898 1824 totum
1953 1768 2216 1821 tumidum
2278 1777 2331 1821 et

2433 578 2493 628 τὸ
2522 576 2735 644 πνεῦμα
2778 575 2872 627 καὶ
2918 574 3055 643 πρὸς
3084 572 3143 625 ὃν
3193 571 3384 641 ἠγάπα
3443 571 3677 638 νυμφίον
3735 568 4004 637 λαμπρῶς

2433 669 2743 737 ἀνέρχεται,
2789 669 2901 729 τοῖς
2936 666 3073 735 ὑπὲρ
3105 662 3270 717 αῦτοῦ
3308 663 3569 731 στίγμασι
3612 661 3707 713 καὶ
3746 661 3868 723 ταῖς
3901 659 4006 711 τῶν

2433 763 2762 831 τραυμάτων
2815 760 3001 820 οὐλαῖς
3065 758 3327 811 κάλλιστα
3382 753 3857 822 διεσκευασμένη,
3914 754 4002 804 καὶ

2434 855 2634 914 παντὸς
2680 853 2873 914 ἄνθους
2929 849 3297 919 εὐχροώτερόν
3350 865 3407 901 τε
3466 844 3873 915 πεποικιλμένη
3917 845 4003 895 καὶ

2432 946 2808 1015 χαριέστερον.

2506 1034 2595 1102 (Τ.
2631 1035 2784 1088 Μετὰ
2814 1034 2998 1105 μέντοι
3028 1034 3303 1104 τετάρτην
3340 1034 3557 1104 ἡμέραν
3588 1035 3940 1103 σκεψάμενος
3976 1034 4001 1083 ὀ

2435 1128 2816 1197 συμπάρεδρος
2851 1128 2999 1188 ὅπως
3050 1127 3114 1179 ἂν
3157 1125 3230 1196 μὴ
3289 1127 3380 1177 καὶ
3435 1127 3543 1177 τῶν
3600 1126 3780 1179 ἄλλων
3840 1126 4000 1193 αὐτῆς

2433 1219 2677 1287 ἀδελφῶν
2711 1219 2995 1288 ἡττηθείη,
3047 1218 3140 1271 καὶ
3184 1218 3525 1287 πανταχόθεν
3580 1219 3996 1287 συγκροτηθεὶς,

2434 1313 2529 1364 καὶ
2559 1312 2747 1381 ὥσπερ
2778 1310 2896 1363 τινὰ
2940 1310 3246 1379 βαθυτέραν
3275 1310 3591 1373 ἀναπτύξας
3622 1311 3820 1379 φρένα,
3855 1310 3978 1377 Napi.

2433 1402 2685 1471 ᾳοδώραν
2747 1403 2846 1470 μὲν
2900 1402 3022 1468 ἄγει
3061 1391 3157 1461 καὶ
3208 1399 3578 1470 Μητροδὼραν
3634 1400 3714 1467 τῲ
3774 1399 3996 1469 βήματν

2435 1495 2680 1563 παράγει
2713 1494 2766 1545 δὲ
2798 1496 2822 1544 ὀ
2862 1492 3045 1554 ἄθλιος
3093 1493 3196 1545 ὑπὸ
3226 1491 3324 1559 τὴν
3371 1490 3491 1557 ὄψιν
3530 1492 3727 1553 αὑταῖς
3762 1494 3859 1543 καὶ
3900 1492 3999 1560 πρὸ

2433 1588 2540 1639 τῶν
2576 1585 2751 1638 ποδῶν
2796 1585 2977 1654 τίθησι
3006 1585 3111 1636 τῶν
3137 1582 3486 1655 παρθενικῶν
3526 1582 3588 1634 τὸ
3622 1584 3795 1636 καλὸν
3832 1587 3999 1636 ἐκεῖνο

2433 1678 2531 1745 τῆς
2556 1678 2791 1745 ἀδελφῆς
2824 1676 2981 1745 σῶμα
3005 1692 3017 1706 ·
3052 1676 3150 1728 οὐκ
3180 1674 3456 1743 ἐπίϐλημα
3498 1673 3643 1741 ἔχον,
3678 1674 3741 1726 οὐ
3774 1676 3997 1743 περικά-

2434 1767 2642 1837 λυμμα,
2682 1767 2802 1821 ὅλον
2831 1766 3093 1837 διῳῐηκὺς
3139 1768 3254 1829 τοῖς
3310 1764 3535 1835 μώλωῴι
3566 1766 3658 1817 καὶ
3706 1781 3999 1833 κατειργα-

751 1857 1058 1913 confectum
1090 1858 1371 1922 vibicibus,
1401 1873 1700 1928 apertaque
1757 1860 2047 1929 ﬂagrorum
2109 1870 2162 1913 et
2218 1860 2328 1929 pla.

2435 1861 2654 1927 σμένον,
2695 1860 2839 1926 σαφῆ
2874 1859 2940 1910 τά
2968 1858 3075 1910 τῶν
3109 1860 3387 1927 μαστίγων
3417 1858 3537 1926 ίχνη
3575 1858 3670 1910 καὶ
3702 1856 3819 1909 τῶν
3866 1856 4000 1924 πλη-

751 1966 938 2017 garum
974 1951 1195 2020 vestigia
1237 1950 1419 2003 ferens
1451 1951 1502 2003 in
1542 1951 1690 2003 omni
1743 1952 2009 2012 membro,
2067 1961 2121 2004 et
2171 1951 2326 2019 quasi

750 2040 999 2094 sentibus
1047 2040 1284 2098 obsitum
1336 2040 1673 2103 vulneribus,
1746 2041 1993 2095 mirabile
2061 2042 2329 2110 quoddam

749 2130 1117 2197 spectaculum
1146 2141 1201 2184 ct
1254 2146 1354 2185 nec
1384 2132 1515 2201 ipsis
1551 2132 1765 2201 quidem
1827 2132 1997 2186 oculis
2050 2130 2326 2190 credibile.

749 2220 839 2274 Sic
862 2220 1006 2274 enim
1060 2221 1404 2274 existimabat
1447 2221 1580 2287 fore,
1619 2232 1674 2274 ut
1730 2237 1823 2275 eas
1873 2221 2327 2290 obstupefaceret,

750 2316 808 2366 et
835 2321 1038 2366 metum
1074 2313 1153 2367 eis
1207 2312 1447 2376 afferret,
1497 2314 1811 2367 timentibus
1846 2329 1913 2367 ne
1966 2314 2043 2367 eis
2072 2314 2174 2365 tale
2229 2312 2329 2365 ali-

750 2403 879 2472 quid
907 2404 1171 2457 eveniret.
1206 2405 1311 2459 Sed
1375 2405 1520 2457 illius
1583 2403 1797 2473 quidem
1856 2420 2054 2473 corpus
2113 2404 2191 2459 sic
2235 2404 2331 2459 fuit

751 2496 1108 2565 propositum,
1139 2506 1191 2549 et
1250 2512 1443 2551 omnes
1496 2496 1587 2564 qui
1618 2496 2115 2560 circumsistebant,
2146 2495 2328 2549 animo

751 2590 1226 2657 perturbabantur,
1257 2598 1311 2643 et
1334 2590 1646 2645 manifestas
1669 2590 2015 2646 effundebant
2040 2591 2324 2661 lacrymas,

749 2693 801 2733 et
827 2694 892 2735 eo
952 2680 1264 2749 spectaculo
1334 2683 1690 2735 movebantur
1754 2685 1818 2735 ad
1878 2682 2326 2743 misericordiam,

750 2781 946 2842 praeter
975 2789 1171 2828 saevam
1200 2785 1254 2828 et
1300 2774 1589 2828 immanem
1642 2774 1877 2827 animam
1913 2774 2131 2843 iudicis.
2194 2775 2326 2826 Eum

726 2867 896 2921 .enim
945 2883 1053 2922 non
1095 2867 1468 2922 misericordia
1531 2866 1625 2920 sed
1656 2866 1735 2920 ira
1782 2866 1960 2935 potius
2017 2865 2236 2919 subibat
2277 2876 2331 2920 et

750 2960 1072 3029 indignatio.
1116 2960 1223 3014 Illae
1253 2969 1434 3013 autem
1485 2958 1837 3013 trahebantur
1882 2960 2101 3028 quidem
2132 2974 2160 3012 a
2201 2974 2327 3028 pro-

750 3053 884 3120 priis
914 3051 1211 3106 visceribus
1240 3053 1303 3106 ad
1332 3052 1767 3120 lacrymaudum;
1804 3052 1897 3103 sed
1932 3051 1981 3103 id
2006 3052 2086 3105 eis
2118 3064 2328 3119 nequa-

2432 1949 2543 2016 γῶν
2569 1950 2660 2002 ἐπὶ
2690 1950 2887 2011 παντὸς
2915 1950 3078 2015 ιρὲρον
3108 1948 3303 2018 μέλους
3336 1950 3428 2000 καὶ
3463 1948 3865 2017 ἡκανθωμένον
3896 1951 4000 2008 τοῖς

2431 2041 2733 2111 τραύμασι,
2777 2040 3092 2108 παράλογόν
3130 2056 3182 2091 τι
3226 2039 3403 2109 θέαμα
3448 2041 3542 2092 καὶ
3582 2040 3705 2092 οὐδὲ
3738 2040 3890 2107 αῦτῴ
3921 2056 4004 2091 πι-

2436 2134 2557 2184 στὸν
2611 2132 2842 2203 ὄμματι.
2896 2132 3083 2202 Ταύτῃ
3133 2132 3240 2202 γὰρ
3276 2132 3446 2200 αὑτάς
3486 2131 3864 2200 καταπλήξειν
3914 2134 4003 2184 καὶ

2432 2225 2509 2287 εἰς
2539 2225 2655 2288 δέος
2703 2226 2964 2293 ἐμϐαλεῖν
3007 2223 3164 2295 ᾤετο,
3205 2225 3511 2289 δεδοικυίας
3560 2226 3636 2296 μὴ
3693 2227 3792 2278 καὶ
3837 2224 4002 2285 αὐτὰς

2435 2316 2504 2368 τὰ
2559 2318 2917 2386 παραπλήσια
2997 2317 3187 2369 παθεῖν
3259 2316 3489 2384 γένοιτο.
3561 2318 3724 2370 Ἀλλά
3792 2316 3855 2368 τὸ
3914 2315 4003 2384 μὲν

2434 2410 2647 2480 ἐκείνης
2712 2410 2870 2479 σῶμα
2931 2409 3074 2463 οὕτω
3147 2410 3455 2479 προέκειτο,
3515 2410 3610 2461 καὶ
3680 2410 3892 2469 πάντες
3958 2409 4002 2460 ei

2433 2505 2855 2572 περιεστηκότες
2906 2502 3239 2571 ἐπληροῦντο
3288 2499 3531 2566 πάθους,
3606 2501 3703 2555 καὶ
3771 2501 3853 2563 εἰς
3912 2500 3999 2552 δά-

2433 2613 2574 2667 κρυα
2624 2596 2834 2663 φανερά
2889 2596 3213 2663 κατήγοντο,
3248 2592 3357 2646 καί
3389 2594 3469 2655 είς
3515 2587 3721 2645 ὀἶκτον
3773 2592 3882 2645 ὑπὸ
3912 2591 4003 2659 τῆς

2433 2691 2561 2751 Θέας
2593 2687 2868 2740 ἐκινοῦντο
2915 2688 3053 2755 πλὴν
3092 2687 3191 2755 τῆς
3221 2686 3315 2739 τοῦ
3369 2684 3627 2737 δικαστοῦ
3667 2684 3857 2751 ψυχῆς
3910 2685 4003 2751 τῆς

2431 2780 2675 2851 ἀπηνοῦς
2714 2798 2771 2835 τε
2831 2780 2923 2832 καὶ
2974 2780 3275 2847 ἀνημέρου.
3316 2776 3520 2830 Τοῦτον
3555 2779 3664 2847 γάρ
3707 2778 3811 2829 οὐκ
3863 2778 4004 2837 ἕλεος

2432 2873 2549 2926 ἀλλ’
2578 2875 2714 2942 ὀργὴ
2751 2871 2952 2941 μᾶλλον
2986 2871 3078 2923 καὶ
3131 2868 3352 2937 νέμεσις
3404 2870 3674 2941 ὑπεισῄει.
3719 2871 3786 2923 Δί
3824 2871 3881 2922 δὲ
3917 2872 4005 2922 δα⁸

2433 2967 2632 3038 κρύσαι
2668 2966 2767 3033 μὲν
2789 2965 2893 3016 ὑπὸ
2923 2965 3029 3015 τῶν
3057 2963 3275 3015 οἰκείων
3310 2963 3635 3033 σπλάγχνων
3664 2963 4003 3029 ἐφείλκοντο,

2432 3060 2492 3111 τὸ
2521 3058 2756 3117 συνειδδς
2801 3056 2856 3108 δὲ
2892 3056 3085 3116 αὐταῖς
3126 3054 3222 3105 οὐκ
3267 3054 3587 3123 ἐπέτρεπεν.
3624 3054 3872 3125 ’ᾘδεσαν
3905 3055 4005 3123 γάρ

751 3160 911 3216 quam
953 3144 1200 3215 permisit
1223 3142 1576 3198 conscientia.
1617 3140 1874 3195 Sciebant
1910 3142 2053 3195 enim
2095 3150 2148 3195 et
2182 3153 2324 3193 mar-

2437 3150 2689 3222 μάρτυρά
2712 3166 2768 3201 τε
2800 3149 2897 3220 τὴν
2925 3147 3158 3219 ἀδελφὴν
3193 3143 3354 3209 εἶναι,
3394 3145 3487 3200 καὶ
3513 3147 3674 3199 τοῦτο
3709 3148 3809 3199 καὶ
3841 3150 4005 3208 αὐτας

753 3247 924 3305 tyrem
979 3250 1101 3291 esse
1148 3250 1413 3300 sororem,
1462 3244 1517 3291 et
1562 3236 1707 3304 ipsas
1750 3250 1964 3305 quoque
1994 3235 2095 3289 hoc
2144 3243 2326 3304 postea

751 3330 1050 3393 futuras,et
1079 3327 1144 3381 ad
1177 3329 1347 3398 ipsam
1382 3343 1502 3382 mox
1522 3343 1643 3382 esse
1667 3338 1923 3383 venturas
1948 3345 2042 3397 per
2064 3343 2326 3383 consum-

751 3420 1066 3475 mationem.
1114 3420 1294 3489 Itaque
1343 3420 1421 3474 sic
1464 3419 1686 3474 fuerunt
1733 3419 1957 3484 aﬂ'ectaa,
2007 3419 2237 3487 perinde
2272 3434 2333 3474 ac

754 3512 796 3564 si
823 3510 1095 3566 venissent
1127 3512 1191 3565 ad
1240 3510 1507 3565 thalamos
1552 3509 1802 3576 sororis;
1864 3520 2127 3579 erantque
2178 3509 2331 3564 valde

758 3605 892 3657 lata:
922 3613 978 3657 et
1006 3602 1177 3671 plena)
1224 3602 1522 3671 voluptate,
1556 3611 1614 3657 ut
1665 3618 1783 3671 qua:
1831 3619 1950 3657 eam
1998 3603 2331 3657 deducerent

758 3697 825 3752 ad
864 3695 1150 3758 thalamos,
1210 3695 1264 3749 in
1299 3710 1434 3763 quos
1484 3711 1590 3749 non
1650 3694 1792 3746 cadit
1840 3694 2110 3757 interitus,
2163 3703 2217 3743 et
2275 3703 2331 3746 ut

677 3790 684 3799 ’
755 3805 823 3842 ne
858 3789 989 3857 ipsm
1036 3788 1102 3840 ab
1152 3789 1217 3841 iis
1264 3796 1447 3840 essent
1499 3793 1719 3839 remotae
1794 3796 2171 3854 preperareut.
2223 3784 2326 3839 Sed

753 3880 918 3951 judex
946 3880 1156 3937 etiamsi
1189 3888 1293 3934 tam
1320 3878 1440 3933 forti
1481 3888 1535 3933 et
1569 3888 1673 3932 tam
1713 3880 1925 3934 excelso
1956 3879 2183 3935 fuissent
2210 3879 2328 3934 aui-

756 3987 846 4027 mo
875 3972 940 4027 ad
970 3981 1320 4041 conspectum
1340 3971 1562 4033 sororis,
1598 3988 1703 4026 non
1729 3971 2039 4039 desperavit
2069 3982 2247 4025 tamen
2272 3988 2328 4027 se

757 4080 848 4119 eas
878 4078 998 4119 esse
1046 4076 1475 4133 persuasurum;
1510 4061 1602 4115 sed
1656 4062 1739 4131 (ut
1776 4069 1859 4115 est
1906 4063 1959 4114 in
2013 4062 2325 4130 proverbio)

758 4172 976 4214 omnem
1008 4154 1447 4225 movitlapidem,
1489 4154 1682 4224 partim
1735 4154 1951 4225 quidem
2002 4154 2165 4209 minis
2222 4165 2330 4209 tor-

761 4260 1067 4303 mentorum
1098 4258 1314 4303 tentans
1343 4263 1525 4301 carum
1552 4248 1880 4302 labefactare
1902 4249 2166 4309 animum,
2202 4263 2328 4316 par-

760 4345 856 4397 tim
890 4351 1069 4395 autem
1102 4341 1365 4394 bonorum
1392 4338 1673 4408 promissis
1700 4338 1904 4393 illiccre
1937 4356 1951 4405 ;
1982 4348 2055 4401 et,
2081 4339 2134 4392 Si
2164 4339 2329 4392 sacri-

761 4435 1080 4497 tit-averitis,
1103 4433 1295 4501 inquit,
1326 4431 1556 4486 scribam
1602 4431 1781 4485 statim
1815 4431 1879 4485 ad
1924 4431 2323 4501 imperatorem.

2439 3245 2636 3315 μικρὸν
2676 3242 2904 3311 ὕστερον
2932 3241 3173 3306 ἔσεσθαι,
3222 3239 3315 3293 καὶ
3358 3240 3494 3308 πρὸς
3536 3239 3710 3308 αὐτὴν
3751 3239 3876 3291 ὅσον
3923 3239 4007 3290 οὗ·

2434 3338 2581 3389 δέπω
2636 3335 2883 3403 χωρῆσαι
2936 3332 3023 3385 διὰ
3063 3331 3162 3399 τῆς
3212 3330 3379 3397 αὑτης
3426 3330 3767 3391 τελειώσεως
3818 3329 4004 3397 ἀμέλει

2434 3429 2527 3483 καὶ
2562 3429 2634 3488 ὡς
2666 3426 2757 3480 ἐπὶ
2798 3423 3075 3486 παστάδας
3119 3422 3216 3491 τῆς
3270 3421 3506 3491 ἀδελφῆς
3554 3420 3818 3474 ὲλΘοῦσαι
3870 3421 4004 3473 οὕτω

2432 3524 2719 3583 διέκειντο,
2754 3520 2845 3573 καὶ
2875 3516 3095 3587 φαιδραί
3141 3533 3197 3568 τε
3238 3510 3378 3586 ἦσαν
3418 3514 3512 3568 καὶ
3544 3514 3743 3583 ἡδονῆς
3790 3513 4001 3583 μεσταὶ,

2431 3611 2518 3669 οἷα
2548 3616 2640 3666 ἐτιί
2671 3615 2795 3675 τοὺς
2820 3614 3127 3680 ἀκηράτους
3155 3612 3451 3680 νυμφῶνας
3482 3613 3731 3676 ἐκείνους
3760 3611 4007 3681 προπέμ-

2433 3725 2633 3761 πουσαι
2671 3707 2899 3776 ταύτην,
2940 3698 3015 3758 ὧν
3053 3704 3188 3774 μηδὲ
3220 3704 3380 3755 αὑταὶ
3414 3702 3817 3771 ἀπολειφθῆναι
3851 3702 4006 3770 ἠπείο

2430 3818 2607 3870 γοντο.
2656 3799 2794 3853 Ἀλλ’
2818 3798 3151 3867 ὁδικαστὴς,
3188 3797 3363 3851 καίτοι
3396 3796 3669 3865 γενναίως
3714 3794 3865 3848 οὕτω
3898 3795 4004 3847 δια-

2431 3893 2691 3947 τεθεισῶν
2727 3892 2834 3943 τῶν
2860 3888 3146 3960 παρθένων
3177 3888 3312 3958 πρὸς
3328 3888 3425 3957 τὴν
3450 3889 3549 3959 τῆς
3579 3887 3828 3957 ἀδελφῆς
3856 3886 3996 3954 δ’ζιιν,

2429 3987 2578 4053 ὅμως
2607 3985 2668 4036 τὸ
2701 3985 2909 4035 πείσειν
2941 3982 3107 4048 αὐτὴν
3135 3981 3235 4033 οὐκ
3267 3981 3511 4047 ἀπέγνω.
3561 3979 3707 4032 Ἀλλ’
3744 3977 4004 4047 (ὥσπερὸ

2429 4075 2605 4144 λόγος)
2650 4076 2832 4127 πάντα
2866 4071 3013 4125 λίθον
3048 4070 3256 4125 ἐκίνει·
3282 4068 3444 4123 τοῦτο
3486 4069 3587 4140 μὲν
3622 4070 3887 4131 ἀπειλαῖς
3917 4068 4005 4139 βα·

2433 4168 2609 4220 σάνων
2656 4166 2970 4219 κατασείειν
2999 4164 3180 4217 αὐτῶν
3208 4163 3267 4218 τὸ
3308 4162 3535 4236 στερρὸν
3580 4160 3679 4214 τοῦ
3724 4163 4003 4231 φρονῆμα·

2431 4277 2544 4322 τος,
2573 4258 2731 4311 τοῦτο
2775 4257 2831 4308 δὲ
2862 4259 2957 4310 καὶ
2992 4258 3213 4326 ἀγαθῶν
3248 4255 3601 4323 ἐπαγγελίαις
3644 4255 4005 4307 ὑποκλέπτειν

2433 4351 2624 4413 αὐταῖς
2651 4346 3025 4418 πειρώμενος·
3060 4350 3157 4400 καὶ
3185 4349 3257 4410 ὠς
3288 4346 3582 4411 Εἰουσετε,
3618 4347 3779 4414 φησι,
3810 4344 4004 4413 γράιξω

2434 4444 2777 4515 παραχρῆμα
2836 4440 2913 4511 τῷ
2967 4440 3198 4509 βασιλεῖ.
3268 4439 3327 4494 '0
3370 4438 3427 4491 δὲ
3468 4440 3564 4491 καὶ
3601 4439 3857 4507 χρήμασι
3916 4436 4003 4487 καὶ

760 4527 851 4581 ille
873 4536 1050 4580 autem
1079 4524 1325 4594 pecuniis
1356 4532 1409 4578 et
1460 4525 1655 4592 Opibus
1714 4524 1898 4577 multis
1945 4540 2036 4578 vos
2082 4526 2325 4586 donabit,

2437 4536 2653 4604 πλούτῳ
2688 4535 2870 4601 πολλῷ
2908 4536 3203 4603 χαριεῖται,
3232 4534 3327 4587 καὶ
3356 4532 3584 4603 ἀνδράσι
3633 4531 3783 4599 γένει
3816 4532 3876 4582 τε
3913 4532 4002 4581 καὶ

760 4633 964 4687 vosque
1026 4617 1158 4671 viris
1201 4629 1401 4685 genere
1443 4624 1495 4667 et
1535 4613 1799 4683 dignitate
1841 4616 2154 4668 clarissimis
2198 4630 2331 4669 eun-

762 4709 947 4776 ]unsret
983 4705 1347 4769 ntatrimonio,
1396 4713 1449 4758 et
1505 4704 1792 4758 invenietis
1849 4718 2077 4775 sponsos
2142 4704 2333 4775 dignos

762 4810 940 4857 vestra
976 4795 1399 4866 pulchritudine.

834 4911 945 4965 V'll.
975 4914 1037 4964 Et
1054 4911 1098 4964 is
1112 4910 1328 4978 quidem
1354 4906 1487 4974 haec;
1504 4907 1606 4962 illa:
1630 4918 1830 4962 autem:
1852 4907 2167 4976 Quousque,
2191 4910 2331 4964 dice-

746 4992 914 5069 bant,
947 5017 1053 5056 non
1084 5001 1342 5067 cessabis,
1370 5002 1558 5065 miser,
1592 5017 1697 5055 non
1731 5011 1916 5056 nostro
1949 5003 2118 5057 solum
2146 5019 2328 5075 scopo,

764 5101 860 5152 sed
895 5098 1056 5153 etiam
1096 5095 1189 5149 tibi
1213 5094 1312 5165 ipsi
1341 5096 1521 5149 dicere
1546 5097 1844 5150 contraria?
1868 5108 2082 5150 etnunc
2113 5100 2327 5166 quidem

767 5206 865 5243 nos
895 5203 1090 5242 vocare
1116 5202 1329 5241 sorores
1373 5186 1534 5254 hujus
1566 5186 1753 5248 beatw,
1792 5202 1937 5239 nunc
1991 5197 2173 5240 autem
2231 5200 2331 5244 nos

767 5281 1002 5351 aggredi,
1038 5287 1289 5348 tanquam
1344 5280 1567 5341 alienas,
1622 5288 1677 5331 et
1727 5294 1845 5347 (ιιιαι
1902 5279 2054 5332 facile
2108 5288 2334 5347 possunt

770 5374 941 5427 vinci?
980 5373 1034 5425 Si
1071 5387 1171 5427 nos
1205 5385 1334 5441 ergo
1367 5371 1642 5426 credidisti
1679 5388 1795 5425 esse
1830 5390 2047 5425 sorores
2112 5388 2329 5442 genere,

771 5469 909 5521 hanc
942 5464 1105 5519 etiam
1133 5480 1229 5531 pro
1257 5467 1459 5533 pietate
1485 5465 1867 5523 constantiam,
1904 5474 1957 5517 et
1985 5457 2120 5517 nihil
2147 5464 2329 5530 abch-

770 5569 916 5615 ctum
942 5570 996 5612 et
1040 5556 1320 5619 illiberale,
1351 5572 1527 5626 neque
1555 5557 1642 5609 tali
1677 5570 1883 5616 sorore,
1916 5572 2087 5623 neque
2113 5557 2220 5617 illa,
2270 5574 2330 5610 ex

771 5668 873 5719 qua
906 5661 1014 5705 tres
1038 5651 1175 5703 rami
1213 5650 1316 5704 orti
1353 5664 1564 5715 sumus,
1596 5649 1775 5705 radice
1808 5648 2087 5717 indignum
2142 5651 2331 5703 inven-

769 5748 949 5795 turum
975 5742 1242 5795 existima.
1274 5738 1368 5794 Sin
1398 5752 1573 5794 autem
1602 5738 1677 5791 vis
1696 5741 1849 5804 scire,
1875 5739 2050 5809 qualis
2067 5738 2334 5795 sitnostra

734 5856 741 5865 ·
772 5836 1097 5902 constantia,
1130 5850 1190 5891 ex
1218 5848 1285 5891 ea
1315 5848 1434 5906 qua
1485 5835 1758 5905 praecessit
1792 5841 2039 5892 accurate
2077 5834 2330 5901 intellige.

2434 4625 2706 4693 ἀξιώμασι
2761 4625 3246 4693 περιφανεστάτοις
3304 4625 3438 4694 πρὸς
3478 4626 3658 4692 γάμον
3695 4624 3843 4692 ὑμᾶς
3881 4640 4001 4673 συν-

2433 4718 2612 4786 άψειε,
2647 4717 2743 4769 καὶ
2781 4716 2964 4779 ἀξίους
2990 4713 3083 4767 τοῦ
3130 4715 3353 4777 κάλλους
3390 4714 3544 4784 ὑμῶν
3579 4715 3846 4781 εὑρήσετε
3886 4714 4003 4773 to”;

2433 4812 2723 4881 νυμφίους.

2504 4903 2578 4961 Ζ’.
2606 4904 2715 4956 Καὶ
2745 4905 2771 4956 ὁ
2807 4904 2905 4971 μὲν
2927 4901 3101 4956 ταῦτα
3121 4918 3133 4933 ’
3160 4904 3218 4955 αἱ
3245 4902 3322 4965 δὲ,
3351 4902 3529 4970 Μέχρι
3558 4902 3723 4963 τίνος,
3745 4898 3921 4961 εἷπον,
3949 4905 4002 4952 οῦ

2436 4998 2652 5068 παύσῃ,
2680 4997 2938 5061 ἄθλιε,οὺ
2991 4996 3067 5063 τῷ
3115 4994 3366 5063 ἡμετέρῳ
3413 4995 3573 5063 μόνον
3633 4993 3846 5063 σκοπῷ,
3875 4993 4006 5044 ἀλλά

2436 5092 2526 5140 καὶ
2568 5088 2780 5157 σεαυτῷ
2821 5088 2885 5138 τὰ
2917 5086 3131 5137 ἐναντία
3185 5085 3601 5153 διαλεγόμενοςς
3648 5087 3747 5137 καὶ
3784 5085 3882 5134 νῦν
3916 5083 4007 5150 μὲν

2434 5181 2665 5248 ἀδελφάς
2694 5181 2837 5248 ἡμᾶς
2872 5180 2967 5245 τῆς
3021 5180 3299 5249 μακαρίας
3349 5177 3551 5247 ταύτης
3585 5177 3797 5238 καλῶν,
3827 5174 3928 5229 νῦν
3952 5174 4005 5227 δὲ

2435 5273 2507 5333 ὠς
2540 5272 2849 5340 ἀλλοτρίαις
2909 5271 3097 5331 οὔσαις
3133 5268 3483 5338 εὑχειρώτοις
3520 5266 3923 5338 «podium;
3950 5270 4005 5319 Ei

2434 5365 2611 5417 τοίνυν
2632 5364 2867 5433 ἀδελφάς
2894 5362 3035 5417 εἶναι
3065 5362 3125 5415 τὸ
3159 5364 3313 5430 γένος
3344 5362 3743 5419 πεπίστευκας,
3767 5360 4004 5427 ἀδελφάς

2436 5459 2527 5511 καὶ
2562 5459 2658 5519 τὴν
2686 5458 2855 5527 καλὴν
2884 5457 3084 5525 ταύτην
3115 5456 3253 5523 ὑπὲρ
3290 5455 3389 5522 τῆς
3440 5453 3722 5514 εὐσεϐείας
3758 5454 4003 5505 ἔνστασιν

2437 5551 2926 5617 ὑπο>.άμ6ανε,καὶ
2978 5552 3144 5621 μηδὲν
3199 5542 3418 5613 ἀγεννὲς
3477 5548 3533 5597 ἐν
3572 5546 3699 5614 ἡμῖν
3750 5547 4002 5615 εὑρήσειν

2440 5642 2575 5712 μηδὲ
2638 5643 2870 5712 ἀδελφῆς
2943 5644 3194 5709 τοιαύτης
3256 5639 3389 5708 μηδὲ
3451 5640 3608 5709 ῥίζης
3666 5640 3882 5705 ἐκεὶνης
3946 5630 4003 5697 ἧς

2437 5737 2483 5788 οἱ
2534 5739 2681 5805 τρεῖς
2736 5737 2940 5806 ἔφυμεν
2991 5736 3173 5790 κλάδοι
3220 5736 3437 5801 ἀνάξιον
3515 5734 3580 5786 Εἰ
3639 5732 3691 5784 δὲ
3728 5730 3822 5781 καὶ
3874 5724 3993 5793 περὶ

2440 5828 2594 5899 ἡμῶν
2648 5828 2823 5898 βούλει
2858 5828 3047 5899 μαθεῖν
3079 5822 3235 5881 ἇποῖα
3262 5827 3327 5880 ἂν
3365 5826 3461 5897 τὴν
3512 5826 3764 5879 ἔνστασιν
3793 5818 3997 5886 εἴημεν,
