4156 6314
203 389 308 453 661

1007 390 1470 452 MARTYRIUM
1510 389 1572 449 s.
1614 372 2053 449 MENODORE
2095 390 2191 450 ET
2226 389 2640 452 scamnum.

3342 385 3450 447 662

203 503 311 558 ἀπὸ
346 505 444 572 τῆς
472 501 850 571 προλαὸούσης
877 503 1122 573 ἀκριϐῶς
1157 505 1409 573 μάνθανε.
1442 506 1502 557 Εί
1538 506 1646 574 γὰρ
1681 507 1772 557 καὶ

1881 503 1934 557 Si
1960 506 2104 558 enim
2130 520 2214 569 ea,
2246 521 2368 560 cum
2400 505 2604 558 nullum
2637 503 2864 558 haberet
2892 502 3167 572 exemplar
3207 503 3454 573 proposl'

202 597 371 665 χωρὶς
394 595 785 664 ὑποδείγματος
827 594 1127 666 τηλικαύτη
1159 596 1312 666 ὤφθη
1338 598 1435 667 τὴν
1471 600 1696 669 ἀρετὴν,
1726 599 1774 651 τί

203 674 334 740 ποτε
389 684 456 739 ἂν
482 688 644 756 ἡμεῖς
683 685 987 756 δράσαιμεν
1029 689 1166 757 πρὸς
1209 689 1448 742 τοιοῦτον
1469 691 1775 760 ὑπόδειγμα

202 780 300 845 τὴν
355 778 590 846 ἀδελφὴν
655 777 989 845 βλέπουσαι;
1017 781 1086 831 ’⁸11
1112 781 1211 850 οὐχ
1257 783 1388 850 ὁρᾷς
1437 785 1586 844 ὅπως
1627 784 1774 852 ἡμᾶς

203 867 297 920 καὶ
315 867 542 937 κειμένη
572 869 960 937 προτρέπεται,
984 871 1193 939 καὶτῆς
1223 873 1543 938 συγγενείας
1573 875 1774 943 ὑπομι-

206 962 459 1029 μνήσκει,
509 963 604 1012 καὶ
645 962 780 1030 πρὸς
814 962 904 1012 τὸν
934 955 1118 1029 δμόιον
1147 964 1562 1034 παραθαρρύνει
1591 966 1771 1035 ζῆλον,

202 1053 366 1104 καλὸν
404 1052 699 1121 ἀθλήσεται
740 1054 909 1105 τύπον
972 1055 1171 1125 ἑαυτὴν
1211 1059 1609 1128 παρασχούσας
1666 1053 1774 1122 Ἧς

201 1145 321 1196 οὐδὲ
358 1145 873 1216 άπολειφθησόμεθκ
919 1148 1051 1210 ἴσθι,
1082 1150 1201 1202 οὐδὲ
1233 1151 1331 1220 τὴν
1365 1151 1582 1220 ἐκείνης
1615 1151 1773 1220 εὐγέ-

202 1253 352 1287 νειαν
407 1237 770 1307 ἀτιμάσομεν.
814 1241 887 1292 Οὐ
941 1241 1258 1309 ψευσόμεθα
1305 1243 1432 1306 τοὺς
1488 1245 1770 1310 τεκόντας,

201 1329 416 1398 ἐκείνης
441 1332 684 1400 πατέρας
717 1327 857 1385 εἶναι
889 1334 1173 1387 πείθουσαι
1207 1337 1397 1406 μόνης,
1441 1339 1490 1390 εί
1525 1337 1654 1407 περὶ
1672 1339 1772 1410 τὴν

201 1421 459 1473 ἀσέϐειαν
498 1410 657 1490 ’ἡμᾶς
709 1424 1149 1496 κινδυνεύσομεν.
1217 1427 1458 1499 Ἐρρἐω
1520 1429 1768 1495 πλοῦτος,

201 1516 411 1584 ἐρρέτω
443 1514 591 1580 δόξα,
623 1515 691 1568 τὰ
726 1517 818 1568 ἐπὶ
845 1520 945 1586 γῆς
988 1518 1159 1572 ταῦτα
1191 1520 1286 1572 καὶ
1338 1521 1418 1583 εἰς
1459 1521 1562 1588 γῆν
1616 1520 1770 1584 αὖθις

203 1604 433 1672 ῥέονταο
491 1607 808 1676 ἐρρέτωσαν
870 1610 1098 1677 φθαρτοὶ
1157 1610 1491 1681 μνηστῆρες.
1534 1612 1770 1681 Ἔχομεν

199 1697 433 1765 Χριστὸν
467 1700 629 1767 ἡμεῖς
675 1699 765 1752 τὸν
822 1705 1089 1770 ἡμέτερον
1135 1698 1388 1770 νυμφίδν,
1444 1701 1504 1756 οὒ
1563 1705 1769 1776 σφόδρα

200 1789 439 1856 ὲρῶμεν,
469 1784 511 1858 ᾧ
543 1793 636 1843 καὶ
682 1793 880 1862 προῖκα
911 1792 1073 1859 μόνον
1106 1793 1196 1846 τὸν
1222 1795 1360 1864 ὑπὲρ
1391 1795 1558 1849 αὑτοῦ
1582 1797 1768 1851 δοῦσαι

199 1877 452 1942 θάνατον,
470 1882 746 1942 παστάδας
766 1899 824 1932 τε
843 1883 1016 1949 ἱερὰς,
1035 1884 1128 1936 καὶ
1149 1884 1423 1954 θαλάμους
1438 1886 1763 1953 ἀθανάτους,

199 1977 295 2025 καὶ
350 1974 642 2041 νυμφῶνας
702 1975 974 2042 διηνεκεῖς
1026 1978 1430 2050 ἀντιλάϐοιμεν,
1485 1982 1580 2033 καὶ
1633 1983 1764 2052 παρ’

196 2063 347 2131 αὐτῷ
377 2063 641 2133 λαμπρῶς
678 2065 1093 2137 βασιλεύσομεν.

269 2149 350 2206 ιγ.
380 2153 522 2222 [Ιρδς
551 2155 722 2209 ταῦτα
751 2157 778 2208 ὁ
806 2156 1090 2229 δικαστὴς,
1117 2159 1271 2223 εἰδὼς
1305 2162 1379 2223 ὡς
1406 2162 1624 2216 ἀνύσειε
1663 2162 1764 2231 μὲν

195 2241 362 2295 πλέον
395 2244 565 2308 οὐδὲν,
592 2247 986 2317 φλεγμαίνοντι
1021 2251 1076 2303 δὲ
1107 2252 1255 2322 ὅμως
1298 2253 1375 2322 τῷ
1405 2254 1562 2324 θυμῷ
1605 2272 1763 2327 χαρι-

193 2334 440 2400 ζόμενος,
471 2337 566 2407 τὴν
594 2340 854 2409 δευτέραν
883 2342 993 2396 τῶν
1024 2345 1267 2412 ἀδελφῶν
1306 2347 1534 2418 δευτέρα
1582 2347 1764 2401 δίδωσι

189 2428 312 2487 ταῖς
346 2425 620 2494 βασάνοις.
660 2431 767 2482 Καὶ
802 2434 1122 2503 μετεωρίζει
1151 2435 1252 2504 μὲν
1286 2437 1380 2487 ἐπὶ
1405 2439 1499 2490 τοῦ
1539 2437 1697 2502 ξύλου
1729 2441 1761 2509 ή

191 2520 419 2585 γενναία
473 2521 610 2589 γυνὴ
676 2523 1038 2593 Μητροδώρα,
1107 2525 1387 2596 λαμπάδες
1461 2529 1518 2580 δὲ
1595 2530 1766 2598 πυρὸς

193 2611 442 2664 διέκαιον
477 2613 643 2683 αὐτὴν
675 2614 976 2668 πάντοθεν’
1010 2619 1104 2671 καὶ
1129 2619 1286 2690 ὡρῶν
1329 2620 1422 2673 δύο
1466 2624 1532 2692 τῇ
1563 2623 1766 2691 ἀπηνεῖ

191 2703 374 2774 ταύτῃ
429 2705 728 2778 πιεζομένη
794 2708 1034 2774 κολάσει,
1065 2713 1155 2764 τὸν
1217 2711 1456 2783 ἐραστὴν
1500 2713 1766 2766 ἐπεϐοᾶτο

194 2794 381 2862 μόνον,
421 2798 516 2848 καὶ
575 2799 672 2866 τὴν
721 2800 932 2853 ἐκεῖθεν
982 2801 1170 2854 ἐκάλει
1224 2801 1570 2873 ἐπικουρίαν.
1605 2803 1766 2857 Ἀλλὰ

196 2886 309 2951 μὴν
348 2884 467 2936 οὐδὲ
500 2885 598 2954 τῆς
634 2888 917 2958 εἰδωλικῆς
959 2889 1152 2957 ἠμέλει
1196 2891 1431 2961 ἀπάτης,
1477 2892 1592 2945 ἀλλ’
1633 2894 1766 2963 ὲμυ-

191 2971 422 3042 κτήριζέ
444 2991 503 3026 τε
529 2975 695 3044 αὐτὴν
719 2978 831 3038 καὶ,
849 2979 986 3046 ὅπερ
1002 2976 1069 3047 ἦν
1088 2980 1325 3050 ἀληθῶς,
1345 2981 1605 3051 αἰσχύνην
1627 2982 1764 3035 ὲδείο

191 3084 292 3119 xw
323 3068 412 3117 καὶ
443 3068 677 3134 γέλωτα.
735 3069 928 3120 Ἔνθεν
955 3088 1036 3122 τοι
1080 3073 1173 3124 καὶ
1224 3074 1456 3141 κατάγει
1514 3074 1613 3142 μὲν
1665 3077 1763 3143 τὴν

190 3156 451 3223 γενναίαν
478 3159 687 3211 ἐκεῖθεν
708 3177 721 3190 ·
759 3161 976 3227 μοχλοῖς
1001 3161 1057 3211 δὲ
1084 3164 1322 3230 σιδηροῖς
1347 3164 1638 3217 ὑποϐάλλει
1671 3164 1764 3218 καὶ

188 3255 250 3302 τὸ
285 3252 391 3303 πᾶν
422 3252 588 3320 αὐτῆς
623 3253 794 3316 πιέζει
853 3253 1010 3322 σῶμα
1067 3254 1164 3305 καὶ
1210 3255 1475 3324 καταθλᾷ.
1539 3256 1754 3325 Ἐκείνη

189 3342 378 3410 μέντοι
405 3342 503 3410 τὴν
531 3341 691 3409 φύσιν
721 3343 819 3412 ήδη
852 3343 1313 3414 άπαγορεύσασαν
1340 3345 1658 3416 αἰσθομένη,
1679 3345 1755 3417 τῷ

186 3435 768 3505 φίλουμένῳθυλλαλεῐ
790 3438 1048 3507 Νυμφίῳ,
1080 3436 1167 3492 οἷα
1197 3439 1259 3508 δὴ
1287 3438 1374 3490 διὰ
1398 3439 1488 3492 τοῦ
1516 3441 1750 3494 θανάτου

187 3525 329 3592 πρὸς
362 3527 525 3577 αὑτὸν
582 3526 983 3592 πλησιάζουσα,
1031 3527 1128 3579 καὶ
1166 3528 1256 3580 τὸν
1287 3531 1552 3597 νυμφῶνα
1589 3533 1753 3600 ἑαυτῇ

190 3617 733 3684 προπαρασκευάζει.
766 3615 902 3672 Εἶτα
939 3619 1031 3672 καὶ
1068 3619 1169 3691 τὴν
1219 3619 1397 3691 ψυχὴν
1441 3623 1559 3685 ταῖς
1591 3623 1758 3690 ἀγγέ-

183 3705 298 3757 λων
325 3707 482 3776 χερσὶ
513 3705 781 3771 πιστεύει,
806 3711 900 3762 καὶ
923 3709 1018 3778 ὅλη
1052 3710 1187 3778 πρὸς
1208 3711 1374 3762 αὑτὸν
1409 3712 1657 3780 ὲκδημεῖ.
1697 3711 1756 3764 '0

185 3799 506 3869 παράνομος
528 3799 585 3851 δὲ
611 3800 792 3871 ἄρχων
816 3805 1018 3864 ἐκεῖνος
1045 3805 1156 3864 τοῖς
1187 3803 1326 3865 ὅλοις
1350 3803 1753 3871 ἀπαγορεύσας,

181 3891 283 3942 καὶ
315 3892 373 3942 τὸ
403 3892 499 3957 τῆς
528 3893 790 3958 αἰσχύνης
835 3894 1109 3961 ὑπερφυὲς
1156 3894 1478 3961 ύπενεγκεῖν
1508 3895 1565 3944 ού
1593 3893 1755 3946 δυνά-

185 3998 374 4049 μενος,
402 3982 696 4034 ὑπελίπετό
721 3999 843 4035 τινα
875 3985 1022 4051 ὅμως
1053 3985 1233 4054 ἑαυτῷ
1256 3988 1632 4056 παραμυθίαν,
1655 3989 1753 4058 τὴν

177 4075 381 4144 τρίτην
424 4075 533 4128 τῶν
565 4074 832 4144 ἀδελφῶν·
868 4078 960 4130 καὶ
1007 4079 1504 4149 παραστησάμενος
1534 4079 1759 4150 Νυμφο-

175 4169 365 4238 δώραν
387 4172 444 4223 τδ
474 4171 645 4238 πρᾶον
668 4173 1043 4241 ἀναισχύντως
1067 4173 1162 4224 καὶ
1186 4174 1366 4244 ίλαρδν
1393 4175 1752 4243 ὑπεκρίνατο,

178 4265 304 4324 καὶ,
329 4262 588 4331 Πείσθητί
624 4279 712 4330 μοι
743 4264 847 4315 κᾶν
871 4263 1030 4332 αὐτὴ,
1059 4265 1272 4332 ἔλεγεν,
1297 4259 1340 4316 ὦ
1375 4267 1514 4335 καλὴ
1548 4268 1750 4332 νεᾶνις,

180 4360 253 4422 ἣν
289 4352 397 4420 ἐγὼ
427 4354 583 4408 πλέον
607 4356 713 4408 τῶν
765 4356 962 4422 ἄλλων,
1004 4358 1060 4409 αἱ
1110 4358 1262 4426 φίλαι
1285 4358 1394 4411 τῶν
1427 4359 1560 4412 Θεῶν
1603 4363 1751 4414 ῑσασι

177 4444 430 4512 χάριτες,
479 4445 571 4496 καὶ
623 4445 714 4497 τοῦ
749 4447 981 4508 κάλλους
1016 4449 1228 4517 ἄγαμαι
1263 4452 1356 4503 καὶ
1391 4452 1488 4520 τῆς
1533 4452 1750 4522 ἡλικίας

1878 605 2014 660 tum,
2038 606 2240 654 tantam
2266 597 2510 652 ostendit
2544 598 2825 660 virtutem,
2854 594 3115 664 quidnam
3155 594 3450 650 fecerimus

1877 703 1979 742 nos
2009 689 2112 743 tale
2171 689 2468 760 exemplar,
2519 702 2713 757 nempe
2771 702 3033 752 sororem,
3082 684 3452 754 aspicientes?

1875 782 1956 833 An
1985 795 2091 834 non
2124 781 2293 845 vides,
2337 782 2790 851 quemadmodum
2820 781 2909 834 illa
2949 779 3030 834 vel
3084 778 3274 849 jacens
3352 792 3452 832 nos

1877 875 2210 939 adhortatur,
2271 883 2326 929 et
2393 873 2765 944 cognationem
2794 871 3087 926 revocatin
3110 869 3450 931 memoriam,

1875 979 1928 1022 et
1975 968 2041 1021 ad
2076 968 2232 1022 talem
2287 967 2460 1021 zelum
2517 966 2676 1020 nobis
2719 965 2866 1019 addit
2916 964 3178 1024 animum,
3219 963 3450 1031 seips‘am

1877 1061 2123 1128 praebens
2177 1059 2461 1130 pulchrum
2517 1058 2795 1127 exemplar
2824 1054 3301 1112 decertationis?A
3345 1069 3448 1121 qua

1875 1138 2023 1205 certo
2063 1152 2202 1205 scias
2233 1167 2332 1206 nos
2362 1166 2468 1205 non
2525 1165 2649 1205 esse
2699 1150 3054 1211 discessuras,
3095 1161 3272 1216 neque
3308 1146 3450 1200 illius

1876 1243 2214 1297 nobilitatem
2274 1242 2559 1296 habituras
2616 1242 2977 1310 contemptui.
3043 1238 3160 1294 Non
3205 1238 3450 1293 fallemus

1875 1344 2148 1405 parentes,
2199 1334 2341 1390 illius
2381 1335 2549 1390 solius
2579 1342 2832 1404 parentes
2887 1347 3003 1387 esse
3041 1333 3451 1401 persuadentes,

1874 1427 1919 1480 si
1976 1428 2027 1480 in
2084 1427 2384 1496 perieulum
2451 1428 2734 1481 veniamus
2785 1425 2853 1479 de
2925 1425 3142 1494 pietate.
3215 1421 3441 1477 Valeant

1873 1518 2096 1583 divitiae,
2188 1518 2360 1574 valeat
2404 1517 2593 1589 gloria,
2647 1525 2703 1572 et
2759 1516 2876 1570 haec
2920 1531 3041 1585 quae
3069 1522 3258 1569 sunte
3306 1522 3452 1568 terra

1873 1620 1927 1664 et
1968 1625 2156 1664 rursus
2214 1610 2268 1664 in
2313 1620 2513 1664 terram
2566 1615 2934 1662 revertuntur.
2999 1605 3229 1660 Valeant
3275 1605 3447 1674 proci,

1873 1704 1927 1754 in
1987 1717 2120 1771 quos
2169 1701 2311 1756 cadit
2368 1702 2639 1756 interitus.
2691 1700 2964 1754 Habemus
3022 1713 3121 1754 nos
3170 1697 3447 1753 Christum

1873 1803 2116 1848 nostrum
2151 1810 2429 1863 sponsum,
2456 1810 2615 1860 quem
2648 1792 2798 1849 valde
2824 1807 3089 1857 amamus,
3125 1798 3180 1846 et
3209 1790 3295 1846 cui
3322 1806 3448 1846 cum

1873 1885 2050 1939 dotem
2072 1885 2243 1940 solum
2289 1886 2623 1949 dederimus,
2644 1901 2760 1940 eam
2778 1900 2938 1954 quam
2957 1883 3182 1953 proipso
3201 1881 3448 1938 subimus

1872 1987 2122 2042 mortem,
2144 1976 2675 2033 sacrosimmortales
2709 1986 2764 2032 et
2799 1985 3032 2031 aeternos
3092 1974 3442 2043 accipiemus

1871 2066 2154 2132 thalamos,
2217 2078 2270 2123 ct
2340 2069 2594 2137 praeclare
2641 2069 2782 2137 apud
2855 2067 3028 2136 ipsum
3080 2066 3444 2137 regnabimus.

1946 2158 2072 2213 Vlll.
2096 2159 2174 2212 Ex
2196 2160 2280 2212 his
2305 2159 2613 2228 intelligens
2630 2159 2794 2228 judex
2819 2174 2878 2213 se
2897 2157 3034 2213 nihil
3070 2157 3288 2226 quidem
3315 2154 3447 2211 elic-

1870 2258 2109 2313 cturum,
2141 2249 2367 2305 ferventi
2423 2258 2600 2304 tamen
2655 2249 2748 2304 irae
2805 2249 3108 2319 indulgens,
3150 2247 3444 2302 secundam

1872 2355 2112 2396 sororem
2138 2357 2380 2396 seorsum
2412 2340 2895 2397 datsecundoloco
2948 2338 3323 2409 torquendam.
3379 2337 3446 2393 Et

1872 2434 2104 2488 sublime
2141 2434 2359 2502 quidem
2399 2434 2454 2488 in
2507 2435 2652 2506 ligno
2695 2435 2894 2505 pendet
2920 2433 3208 2488 mulierum
3263 2431 3444 2488 fortis-

1873 2521 2010 2576 sima
2046 2521 2372 2588 Metrodora,
2396 2524 2673 2593 lampades
2701 2531 2882 2578 autem
2904 2523 3044 2594 ignis
3068 2537 3188 2576 eam
3217 2522 3445 2577 urebant

1870 2628 1934 2668 ex
1960 2614 2108 2666 omni
2143 2625 2317 2684 parte;
2352 2624 2406 2670 et
2435 2630 2557 2670 cum
2593 2616 2769 2684 spatio
2793 2615 3022 2669 duarum
3057 2615 3308 2668 horarum
3339 2614 3444 2667 hoc

1872 2705 2020 2776 gravi
2070 2717 2409 2776 premeretur
2446 2708 2735 2778 supplicio,
2765 2709 2940 2762 solum
2968 2722 3126 2762 suum
3175 2706 3444 2760 clamabat

1871 2807 2189 2867 amatorem,
2221 2810 2276 2855 et
2301 2801 2418 2872 ejus
2447 2801 2729 2855 invocabat
2787 2796 3206 2862 auxilium.'Sed
3264 2813 3443 2868 neque

1872 2888 2136 2944 idolorum
2166 2892 2472 2962 negligebat
2501 2891 2902 2961 deceptionem,
2935 2889 3029 2945 sed
3065 2897 3121 2944 et
3147 2904 3266 2945 eam
3307 2889 3442 2943 sub-

1872 2982 2156 3047 sannabat,
2175 2993 2252 3047 et,
2271 2983 2323 3036 id
2352 2984 2494 3054 quod
2519 2992 2636 3040 erat
2658 2998 2866 3048 revera,
2892 2983 3103 3053 turpem
3121 2981 3441 3036 ostendebat

1871 3082 1925 3126 et
1958 3073 2260 3128 ridiculam.
2300 3075 2562 3142 Deinceps
2617 3085 2798 3129 autem
2846 3088 3166 3144 generosam
3223 3071 3439 3152 quidem

1873 3163 2016 3218 illam
2046 3164 2308 3235 virginem
2346 3168 2492 3222 illinc
2517 3167 2754 3229 deducit,
2786 3165 2985 3220 ferreis
3029 3179 3161 3219 vero
3191 3155 3440 3218 vectibus

1865 3256 2102 3323 subjicit,
2131 3266 2186 3312 et
2210 3259 2524 3312 universum
2545 3258 2664 3328 ejus
2689 3272 2887 3325 corpus
2907 3256 3103 3325 premit
3126 3251 3436 3308 etconl'rin-

1860 3344 1953 3413 git.
1993 3343 2084 3399 llla
2117 3357 2320 3412 autem,
2360 3348 2710 3416 defatigatam
2737 3347 2846 3416 jam
2883 3345 3125 3400 sentiens
3162 3351 3438 3410 naturam,

1860 3449 2121 3504 sponsum
2151 3435 2406 3490 dilectum
2445 3435 2755 3504 alloquitur,
2772 3444 2829 3488 ut
2848 3448 2968 3503 quae
2988 3448 3082 3501 per
3112 3441 3341 3485 mortem
3370 3430 3428 3484 ei

1858 3527 2342 3596 appropinquaret,
2381 3537 2435 3582 et
2486 3527 2585 3582 sibi
2644 3535 2796 3594 parat
2844 3525 3168 3578 thalamum.
3225 3522 3433 3578 Deinde

1858 3617 2092 3669 animam
2127 3633 2278 3670 suam
2304 3619 2747 3672 crcditmanibus
2769 3615 3105 3687 angelorum,
3140 3622 3196 3668 et
3222 3621 3330 3667 tota
3365 3615 3432 3667 ad

1860 3708 2036 3777 ipsum
2066 3708 2296 3763 excedit.
2320 3707 2540 3777 Iniquus
2557 3718 2737 3761 autem
2764 3708 3023 3776 illejudex
3049 3720 3198 3769 spem
3213 3715 3433 3759 omnem

1859 3799 2141 3867 abjiciens,
2166 3810 2220 3852 et
2249 3816 2358 3853 non
2387 3801 2568 3854 valens
2586 3797 2726 3853 ferre
2751 3813 3020 3853 summum
3044 3797 3298 3864 dedecus,
3325 3797 3430 3854 sibi

1861 3897 2041 3943 tamen
2073 3891 2357 3960 quamdam
2387 3892 2725 3960 relinquebat
2757 3891 3204 3959 consolationem,
3230 3907 3429 3962 nempe

1864 3983 2080 4037 tertiam
2118 3997 2381 4038 sororem.
2446 3980 2510 4036 Et
2565 3997 2688 4037 cum
2743 3983 3147 4051 producendam
3185 3984 3465 4041 curasset

1860 4074 2321 4143 Nymphodoram,
2364 4074 2842 4130 mansuetudinem
2872 4083 2923 4128 et
2956 4073 3288 4131 hilaritatem
3314 4077 3420 4132 im-

1859 4166 2132 4234 pudenter
2158 4166 2451 4231 simulavit,
2473 4176 2527 4220 et
2552 4167 2602 4221 ei
2631 4167 2786 4221 dixit:
2817 4166 2946 4220 Mihi
2975 4184 3182 4224 morem
3210 4185 3361 4240 gere,
3393 4187 3426 4227 ο

1857 4255 2085 4324 pulchra
2115 4256 2534 4320 adulescentula,
2571 4274 2732 4326 quam
2774 4275 2875 4327 ego
2905 4261 3028 4328 plus
3081 4275 3243 4329 qualn
3292 4262 3426 4316 alias

1859 4349 2104 4419 (deorum
2125 4350 2311 4402 amica:
2336 4349 2386 4402 id
2404 4348 2838 4419 sciuntGratiaz),
2865 4361 2920 4406 et
2941 4352 3180 4407 admiror
3202 4364 3424 4424 prepter

1859 4441 2342 4510 pulchritudinem,
2391 4452 2446 4497 et
2480 4443 2656 4498 aetatis
2696 4444 2973 4500 misereor.
3028 4445 3229 4501 Morem
3292 4449 3423 4503 mihi

174 4536 462 4604 οἰκτείρω·
491 4535 742 4604 πείσθητί
773 4554 861 4604 μοι
892 4538 968 4606 τῷ
995 4538 1169 4600 οὔτως
1201 4540 1277 4600 ὡς
1309 4541 1495 4602 παιδὸς
1515 4542 1747 4610 γνησίας

1866 4547 2004 4603 gere,
2045 4533 2134 4602 qui
2169 4550 2277 4589 non
2314 4535 2511 4598 minus,
2545 4551 2706 4604 quam
2767 4552 3035 4605 germanae
3066 4538 3187 4594 filiae
3221 4548 3315 4595 tuo
3340 4541 3424 4595 in-

179 4646 284 4681 σου
364 4629 792 4700 περικαιομένῳ,
863 4631 956 4682 καὶ
1030 4630 1424 4700 προσελθοῦσα,
1482 4633 1534 4685 τί
1589 4633 1748 4687 τοῦτο

186 4719 374 4792 βαρύς
426 4721 808 4793 προσκύνησον
843 4725 955 4786 τοῖς
1011 4723 1155 4786 θεοῖς
1190 4724 1366 4792 μόνον,
1397 4724 1493 4776 καὶ
1549 4725 1748 4778 αὐτίκα

177 4815 455 4885 μεγίστην
507 4816 603 4884 μὲν
654 4815 861 4868 εἴσεταί
917 4833 998 4869 σοι
1049 4816 1749 4887 χάρινόβασιλεύς·δώσει

171 4909 238 4958 δὲ
275 4908 367 4958 καί
401 4909 660 4974 χρήματα
693 4909 784 4958 καὶ
817 4908 1002 4975 τιμὰς,
1054 4909 1147 4961 καὶ
1171 4910 1230 4960 τό
1257 4926 1320 4975 γε
1366 4909 1568 4977 μεῖζον,
1601 4911 1746 4979 παρ-

172 4995 384 5067 ρησίαν
404 4997 500 5066 τὴν
525 4996 660 5067 πρὸς
686 4995 868 5050 αὐτόν.
893 4997 952 5047 Εἰ
973 4997 1026 5048 δὲ
1052 4998 1147 5064 μὴ,
1174 4997 1309 5050 ἀλλὰ
1337 4998 1541 5063 κακῶς,
1558 4997 1705 5068 οἴμοι
1731 5000 1743 5052 1

175 5090 282 5142 καὶ
336 5088 474 5157 αύτὴ
531 5089 743 5159 ἀπολεῖ,
789 5088 886 5140 καὶ
927 5086 1077 5138 οὐδὲν
1129 5086 1346 5149 πάντως
1393 5089 1492 5156 τῆς
1542 5090 1747 5159 πικρᾶς

171 5183 391 5250 ταύτης
419 5179 586 5250 ὀνήσῃ
615 5157 877 5256 τελευτῆς
931 5179 1117 5248 ὥσπερ
1174 5178 1265 5232 οὖν
1297 5180 1404 5232 οὐδ’
1432 5181 1487 5232 αί
1519 5157 1748 5247 ἀδελφαὶ

171 5273 355 5341 αὐτῆς
385 5271 610 5326 ὤναντο.

253 5361 333 5420 Θ’.
363 5364 548 5425 Οὖτως
601 5356 693 5414 οὖν
726 5359 817 5414 τού
840 5360 1100 5432 ἄρχοντος
1133 5363 1443 5431 εἰρηκότος,
1465 5361 1562 5414 ἐπὶ
1599 5364 1746 5416 τέλει

164 5459 235 5510 δὲ
273 5456 370 5506 καὶ
405 5455 666 5523 φρόνιμον
704 5453 799 5505 καὶ
847 5453 956 5506 τῶν
988 5453 1230 5522 ἀδελφῶν
1267 5454 1636 5521 συνετωτέραν
1665 5458 1744 5508 εἰ·

167 5547 397 5608 πόντος,
418 5546 602 5611 ἐκείνη
632 5545 740 5597 τῶν
772 5545 947 5598 ἄλλων
981 5546 1143 5600 αὐτοῦ
1189 5544 1365 5613 λόγων
1394 5547 1492 5598 εσα
1530 5547 1623 5599 καὶ
1648 5548 1744 5616 λήο

163 5659 294 5715 ρων
330 5637 664 5707 φροντίσασι
688 5651 702 5667 ⁸
725 5638 785 5689 τὸ
807 5640 1070 5706 φρόνιμον
1087 5639 1142 5690 δὲ
1172 5637 1333 5705 μόνον
1364 5638 1739 5699 ὑπολαϐοῦσα,

163 5730 316 5790 εἶτα
343 5736 440 5785 οὐκ
465 5729 717 5802 αἰσχύνῃ.
749 5729 874 5802 ἔφη,
900 5732 1019 5784 οὐδὲ
1044 5731 1322 5801 ἐρυθριᾷς,
1353 5730 1445 5784 νῦν
1480 5733 1577 5802 μὲν
1610 5734 1742 5801 φρόο

165 5840 345 5896 νιμον
395 5821 693 5893 ὀνομάζων,
727 5820 820 5875 νῦν
871 5823 927 5874 δὲ
976 5822 1066 5875 τὸν
1121 5822 1294 5892 ἁληθῆ
1329 5822 1736 5877 καταλιποῦσαν

1855 4626 2057 4679 cendor
2081 4641 2284 4690 amore;
2313 4634 2364 4678 et
2390 4627 2652 4682 accedens
2677 4627 2952 4697 (quidnam
2976 4630 3188 4684 esthoc
3215 4634 3418 4701 grave?)

1853 4716 1981 4770 deos
2010 4717 2185 4771 solum
2214 4717 2396 4783 adora,
2429 4727 2483 4773 et
2521 4719 2701 4773 statim
2739 4721 3024 4777 maximam
3053 4723 3272 4793 quidem
3323 4726 3420 4781 tibi

1853 4808 2077 4877 gratiam
2113 4809 2659 4878 habebitimperator;
2680 4810 2826 4864 dabit
2853 4822 3034 4866 autem
3054 4815 3313 4884 pecunias
3361 4827 3419 4873 et

1852 4900 2106 4964 honores,
2141 4913 2193 4956 et
2243 4901 2384 4968 quod
2418 4910 2498 4955 est
2530 4902 2688 4973 longe
2731 4905 3046 4967 maximum.
3071 4908 3216 4976 apud
3236 4907 3412 4978 ipsum

1853 4992 2123 5045 fiduciam.
2156 4992 2249 5046 Sin
2277 4993 2477 5058 minus,
2509 4995 2592 5049 hei
2638 4997 2789 5063 mihi,
2819 5006 2873 5051 tu
2893 5014 3106 5068 quoque
3135 5001 3251 5070 ipsa
3274 5002 3415 5057 male

1854 5085 2093 5152 peribis;
2131 5103 2306 5156 neque
2351 5089 2462 5143 haec
2514 5105 2661 5146 mors
2715 5093 2906 5147 acerba
2961 5095 3058 5149 tibi
3087 5081 3408 5165 quidquam

1851 5177 2074 5233 omnino
2126 5181 2386 5249 proderit,
2441 5183 2711 5250 quomodo
2735 5200 2836 5239 nec
2888 5186 2993 5240 tuis
3015 5187 3223 5257 profuit
3256 5203 3408 5249 soro-

1853 5270 2021 5324 ribus.

1921 5361 2008 5415 IX.
2045 5361 2178 5416 Cum
2205 5366 2281 5420 sic
2313 5365 2539 5421 dixisset
2556 5367 2744 5436 judex,
2777 5379 3051 5438 postremo
3067 5383 3246 5430 autem
3289 5392 3408 5432 eam

1847 5463 1901 5506 et
1927 5455 2247 5523 prudentem
2276 5468 2330 5512 et
2358 5460 2568 5516 caeteris
2610 5472 2850 5517 vocasset
2878 5463 3287 5534 sapientiorem,
3319 5471 3404 5524 illa

1847 5547 1948 5599 alia
1976 5549 2091 5618 ejus
2124 5551 2288 5604 verba
2319 5567 2426 5605 non
2469 5556 2637 5619 magis
2669 5570 2887 5623 curans,
2919 5573 3083 5627 quam
3114 5576 3308 5633 nugas,
3352 5563 3405 5618 id

1845 5650 2022 5695 autem
2048 5641 2408 5712 solum,quod
2428 5659 2543 5698 eam
2568 5648 2792 5701 vocabat
2839 5651 3182 5719 prudentem,
3255 5656 3404 5710 exci-

1847 5733 2017 5798 piens,
2037 5732 2149 5787 Non
2186 5743 2233 5788 te
2252 5737 2434 5804 pudet,
2455 5739 2647 5808 inquit,
2679 5756 2778 5798 nec
2800 5743 3093 5812 erubescis,
3118 5762 3263 5801 nunc
3284 5749 3404 5817 qui-

1845 5825 1962 5882 dem
1989 5825 2268 5882 nominare
2288 5831 2624 5900 prudentem,
2649 5849 2786 5890 nunc
2807 5845 2983 5891 autem
3009 5854 3196 5894 verum
3232 5840 3398 5897 Deum
