4156 6314
752 346 859 409 663

1977 363 2261 424 MENSIS
2303 366 2774 433 SEPTEMBER.

3898 378 3997 445 664

754 455 1179 527 relinquentem,
1209 458 1399 527 jubere
1430 462 1497 516 ad
1518 469 1640 518 tuos
1667 465 1928 520 accedere
1954 466 2320 523 daemones?Et

2434 476 2666 529 κελεύων
2727 479 2842 541 τοῖς
2898 478 3116 550 δαίμοσι
3174 480 3286 543 τοῖς
3325 482 3438 543 σοῖς
3494 482 3859 552 προσελθεῖνς
3900 488 4000 540 Καὶ

751 564 983 616 quonam
1022 551 1199 614 modo,
1233 553 1430 622 inquit,
1471 564 1729 610 extrema:
1779 572 1883 609 non
1903 557 2066 611 fuerit
2094 558 2195 614 hoc
2230 563 2314 613 in-

761 642 950 703 saniae,
982 651 1034 697 et
1058 646 1254 698 mentis
1284 647 1440 714 plane
1476 656 1691 709 emotae,
1723 663 1750 700 a
1782 651 2056 703 communi
2089 650 2316 705 Domino

754 738 808 783 et
834 731 1206 786 universorum
1270 734 1464 803 opifice
1498 736 1836 791 deiicientem
1867 740 2018 809 sequi
2063 755 2319 794 manuum

752 835 939 891 opera,
969 838 1087 891 quae
1116 834 1301 877 carent
1323 840 1487 880 sensu
1508 835 1560 880 et
1583 825 1958 898 intelligentia,
1984 838 2038 883 et
2062 845 2123 884 ea
2145 830 2321 884 colere

756 923 1010 983 tanquam
1037 914 1201 968 deos?
1225 914 1481 980 Quaenam
1519 930 1581 970 ex
1638 918 1717 971 eis
1756 919 1957 986 possim
1998 933 2239 987 sperare,
2271 927 2325 972 et

752 1018 999 1074 quaenam
1031 1004 1369 1068 lucrifacere,
1408 1006 1495 1060 dic
1539 1005 1693 1071 mihi,
1723 1015 1776 1062 et
1825 1009 2056 1077 accipio.
2087 1008 2326 1063 Ostende

752 1097 889 1151 mihi
923 1096 1051 1166 quid
1102 1096 1229 1152 boni
1249 1099 1323 1152 sis
1367 1109 1694 1153 consecutus
1723 1115 1788 1154 ex
1835 1109 1924 1154 tua
1960 1101 2013 1154 in
2044 1101 2167 1156 illos
2197 1116 2325 1170 spe;

750 1198 807 1244 et
852 1190 1073 1258 parebo.
1125 1189 1231 1244 Sed
1280 1191 1416 1245 nihil
1482 1201 1635 1261 potes
1673 1192 1873 1250 dicere.
1928 1194 2136 1248 Revera
2185 1196 2328 1249 enim

745 1281 1032 1335 simulacra
1065 1284 1294 1352 gentium
1343 1293 1616 1354 argentum
1652 1293 1702 1339 et
1740 1302 1952 1345 aurum,
2017 1301 2176 1354 opera
2218 1302 2330 1339 ma-

751 1387 913 1424 nuum
960 1373 1249 1426 hominum.
1293 1372 1506 1427 Similes
1558 1374 1667 1427 illis
1691 1374 1823 1442 ﬁant
1856 1375 1943 1443 qui
1985 1372 2157 1426 colunt
2199 1389 2259 1428 ea
2288 1374 2329 1428 ¹.

684 1458 685 1461 “
749 1462 818 1517 Et
847 1463 966 1517 ideo
990 1479 1057 1517 ne
1096 1479 1285 1533 parcas
1313 1480 1375 1518 ea
1400 1480 1517 1533 quae
1542 1464 1676 1520 velis
1723 1464 1921 1519 facere.
1953 1464 2035 1518 En
2064 1465 2159 1519 tibi
2215 1480 2330 1518 car-

755 1569 855 1609 nes
897 1562 1097 1622 parata:
1136 1555 1242 1623 pati
1280 1566 1501 1624 propter
1528 1555 1830 1620 Cbrismm,
1868 1563 1923 1611 et
1965 1555 2136 1625 magis
2168 1570 2329 1624 quam

752 1656 812 1698 tu
846 1659 946 1698 nos
978 1644 1195 1714 punire.
1230 1643 1385 1699 Tunc
1428 1644 1683 1715 ignorans
1715 1645 2004 1709 scelestus,
2033 1644 2163 1714 quid
2208 1659 2333 1715 age-

757 1748 859 1801 ret,
897 1750 951 1789 et
978 1750 1269 1807 quamnam
1317 1750 1465 1805 spem
1506 1735 1943 1805 apprehenderet
1989 1737 2107 1806 (per
2144 1735 2329 1788 omnia

750 1830 895 1882 enim
916 1828 1091 1882 fuerat
1107 1827 1398 1898 repulsus),
1418 1828 1556 1882 hanc
1574 1843 1789 1896 quoque
1807 1826 2093 1880 sublimem
2115 1825 2165 1878 in
2180 1825 2324 1895 ligno
2364 1830 2404 1884 Β

751 1920 981 1981 extollit,
1012 1927 1070 1972 et
1101 1917 1292 1973 ferreis
1313 1933 1433 1972 eam
1467 1918 1728 1987 discerpit
1790 1917 2023 1987 ungulis.
2082 1916 2187 1971 Sed
2240 1916 2334 1971 illa

752 2013 817 2066 ad
844 2013 944 2066 hoc
965 2012 1164 2066 nullam
1183 2024 1361 2080 neque
1373 2024 1580 2075 vocem,
1602 2024 1779 2079 neque
1866 2009 2123 2078 gemitum
2180 2006 2337 2061 emit”

754 2103 921 2166 tebat;
960 2112 1142 2172 aperte
1171 2111 1349 2157 autem
1415 2102 1735 2156 ostendebat
1786 2115 1844 2155 se
1871 2116 1991 2155 cum
2026 2099 2135 2154 Deo
2164 2098 2333 2154 collo-

758 2196 874 2265 qui.
912 2194 978 2247 Et
1010 2196 1110 2249 hoc
1143 2194 1411 2249 docebant
1442 2193 1661 2247 etlabra
1697 2208 1818 2262 quae
1869 2193 2247 2254 movebantur,
2280 2200 2336 2243 et

755 2288 901 2342 oculi
950 2302 1089 2357 quos
1122 2285 1184 2340 ad
1206 2285 1402 2341 ccelum
1431 2284 1741 2339 extollebat.
1768 2284 1861 2337 Ille
1893 2292 2076 2335 autem
2108 2279 2335 2334 stolidus

762 2393 953 2433 rursus
980 2392 1197 2447 quoque
1233 2376 1414 2448 verbis
1442 2388 1562 2430 eam
1586 2383 1670 2430 est
1700 2386 2006 2444 aggressus;
2065 2385 2175 2424 non
2201 2369 2334 2423 citra

760 2470 1099 2536 violentiam,
1128 2479 1182 2524 et
1219 2484 1312 2539 per
1335 2482 1639 2539 praeconem
1668 2466 1965 2538 jussiteam
2006 2462 2331 2525 sacrificare,

758 2574 814 2618 et
838 2562 1055 2617 liberari
1081 2577 1109 2615 a
1137 2561 1440 2616 tormentis.
1467 2559 1556 2615 Illa
1581 2573 1708 2614 vero
1727 2557 1977 2614 dicebat:
2003 2553 2087 2609 Me
2106 2552 2334 2607 Domino

762 2670 887 2710 meo
915 2653 1235 2718 sacriﬁcavi,
1268 2663 1493 2723 pr0pter
1513 2667 1676 2720 quem
1702 2652 1789 2705 vel
1825 2649 1934 2719 pati
1962 2656 2046 2703 est
2062 2647 2331 2715 voluptas,

758 2757 814 2805 et
838 2747 973 2803 mori
1022 2746 1251 2800 lucrum.
1299 2745 1430 2800 lllud
1462 2741 2049 2813 auteminjustojudici
2073 2739 2334 2806 majorem

761 2842 1007 2897 accendit
1034 2840 1292 2897 furorem.
1320 2839 1518 2893 Deinde
1547 2844 1727 2891 autem
1761 2851 1877 2891 eam
1913 2847 2126 2903 quoque
2146 2830 2336 2884 ferreis

762 2934 1020 2990 contrivit
1068 2942 1121 2986 et
1162 2931 1431 3000 confregit
1459 2931 1724 2993 vectibus.
1765 2926 1871 2982 Sed
1924 2926 2084 2997 hujus
2119 2936 2334 2994 quoque

762 3026 984 3081 omnino
1018 3040 1200 3077 curam
1243 3022 1493 3077 similiter
1510 3023 1731 3092 gerebat
1773 3018 1915 3074 Deus
1936 3028 1995 3073 ut
2059 3029 2329 3077 sororum,

765 3128 821 3173 et
840 3117 1105 3173 efﬁciebat
1152 3125 1209 3171 ut
1237 3114 1472 3170 immane
1503 3116 1739 3169 vinceret
1767 3111 2119 3181 supplicium,
2143 3118 2198 3161 et
2243 3107 2335 3159 ad-

766 3225 957 3265 versus
1012 3208 1181 3277 ipsam
1244 3207 1397 3260 fortis
1435 3214 1603 3259 staret
1642 3213 1913 3257 naturam.
1962 3198 2165 3254 Deinde
2214 3211 2275 3251 ea

766 3314 983 3370 quoque
1006 3299 1071 3353 ad
1107 3313 1164 3352 se
1184 3297 1435 3361 accersit,
1472 3309 1527 3353 et
1549 3296 1696 3367 virgo
1717 3293 1945 3349 libenter
1964 3288 2192 3362 deponit
2213 3288 2335 3342 ani-

770 3407 913 3448 mam
946 3392 998 3446 in
1038 3390 1159 3446 sinu
1195 3390 1472 3444 amatoris.

854 3674 919 3729 Χ.
949 3671 1155 3742 Impius
1184 3677 1364 3723 autem
1394 3665 1581 3738 judex,
1609 3663 1701 3716 ira:
1734 3667 1893 3713 utens
1925 3656 2145 3715 auxilio,
2181 3656 2341 3707 etiam

777 3771 833 3825 in
859 3768 975 3839 ipsa
1003 3773 1215 3819 mortua
1240 3772 1467 3827 corpora
1494 3755 1693 3807 bellum
1726 3749 1882 3821 gerit;
1912 3757 1966 3801 et
1998 3759 2121 3800 cum
2149 3758 2344 3799 accen-

779 3838 951 3915 disset
1002 3853 1303 3913 fornacem,
1378 3858 1606 3913 eamque
1657 3839 1877 3894 aluisset
1933 3838 2100 3891 multa
2119 3844 2174 3889 et
2221 3843 2347 3903 apta

778 3946 1027 4011 materia,
1085 3944 1142 3999 in
1203 3941 1372 4011 ipsam
1424 3934 1696 4006 iaculatur
1769 3941 1997 3996 corpora
2042 3923 2345 3992 martyrica.

782 4040 922 4094 Deus
948 4046 1126 4092 autem
1157 4040 1363 4087 amator
1390 4028 1718 4087 animarum,
1744 4034 1844 4074 nec
1878 4031 2098 4087 corpora
2135 4013 2350 4085 quidem

780 4124 1178 4203 neglexit;sed
1234 4135 1423 4191 magna
1473 4118 1553 4171 vis
1603 4122 1825 4183 repente
1865 4123 2158 4169 erumpens
2207 4105 2349 4161 toni—

787 4199 969 4280 truum
1028 4228 1084 4273 et
1133 4215 1406 4286 fulgurum
1456 4206 1719 4279 praevenit
1761 4205 1937 4273 ignem
1997 4199 2354 4261 fornacis,_et

786 4319 965 4387 ipsum
997 4310 1253 4381 iudicem,
1283 4314 1336 4359 et
1361 4317 1479 4371 qua:
1524 4299 1575 4353 ei
1633 4296 1900 4351 serviebat
1952 4289 2354 4345 multitudinem

786 4382 842 4459 iii
897 4400 1131 4456 favillam
1160 4393 1350 4461 redigit
1371 4400 1425 4442 et
1461 4387 1762 4457 fuliginem.
1794 4382 1857 4435 Et
1883 4385 1985 4437 hoc
2033 4384 2357 4436 invenerunt

792 4490 1115 4565 prooemium
1142 4485 1424 4557 gehennie,
1481 4492 1599 4549 qua:
1658 4490 1932 4544 nunquam
1963 4470 2184 4536 desinit,
2264 4469 2354 4538 qui

789 4538 947 4643 erant
1008 4582 1093 4636 Illa
1143 4538 1265 4633 :ola
1287 4588 1475 4631 revera
1555 4568 1721 4641 digni.
1798 4562 2104 4621 Vehemens
2176 4538 2584 4643 autcleMOl‘
2608 4540 2706 4609 τῆς

788 4681 1013 4745 repente
1060 4680 1351 4737 erumpens
1386 4663 1562 4734 pluvia
1620 4658 1915 4729 exstinguit
1946 4657 2214 4710 fornacem
2249 4672 2261 4706 :
2304 4662 2358 4706 et

792 4744 913 4825 cum
946 4764 1125 4819 statim
1156 4758 1327 4814 avidis
1358 4755 1608 4811 manibus
1667 4752 1935 4823 virginum
1995 4761 2225 4815 corpora
2284 4744 2357 4813 pii

793 4859 1163 4920 sustulissent,
1192 4850 1580 4923 magniﬁcoque
1607 4855 1891 4901 ornassent
1918 4854 1972 4898 et
2025 4840 2360 4909 composuis-

795 4956 935 5011 sent,
960 4945 1212 5001 foderunt
1237 4942 1315 4996 eis
1341 4940 1647 5010 sepulcrum
1680 4937 1733 4989 in
1756 4936 1871 4989 loco
1894 4949 2081 4988 earum
2106 4944 2361 4984 consum-

798 5037 1051 5096 mationis
1078 5076 1091 5090 .
1125 5036 1232 5090 Deo
1280 5033 1382 5087 hoc
1410 5044 1627 5101 quoque
1668 5027 1987 5097 providente
2030 5018 2359 5077 admirabili-

800 5144 901 5197 tcr,
938 5139 995 5184 ut
1018 5142 1152 5198 quas
1212 5140 1352 5179 unus
1410 5130 1694 5192 pepererat
1744 5128 1949 5183 uterus,
2010 5116 2086 5169 eis
2148 5127 2363 5182 quoque

802 5238 968 5280 unum
999 5221 1217 5275 daretur
1246 5216 1551 5286 sepulcrum
1586 5229 1599 5275 ;
1632 5221 1687 5264 et
1729 5225 1955 5280 quarum
1987 5209 2178 5261 animae
2200 5220 2365 5257 unum

803 5327 859 5371 et
879 5313 1130 5369 eumdem
1166 5316 1292 5364 sunt
1347 5306 1640 5359 thalamum
1697 5308 2020 5362 consecutae,
2070 5311 2253 5350 earum
2300 5308 2368 5347 ne

805 5408 999 5465 surdus
1032 5404 1251 5475 quidem
1303 5401 1439 5455 cinis
1495 5409 1855 5467 separaretur,
1910 5393 2005 5447 sed
2050 5404 2265 5446 sorores
2312 5389 2367 5442 in

810 5505 942 5565 vita,
970 5511 1189 5553 sorores
1218 5495 1271 5548 in
1300 5492 1477 5555 caelis,
1509 5504 1724 5545 sorores
1746 5488 1905 5541 etiam
1938 5487 1990 5539 in
2026 5491 2165 5538 terra
2189 5491 2370 5537 osten-

810 5594 1087 5648 derentur.
1151 5583 1434 5653 Templum
1474 5587 1654 5635 autem
1710 5579 1762 5632 in
1812 5577 2136 5631 hodiernum
2201 5584 2368 5639 usque

887 5846 899 5877 ⁸
939 5840 1074 5897 Psal.
1108 5853 1257 5903 cxnl,
1283 5835 1334 5903 4,
1366 5837 1418 5894 8.

2283 3211 2333 3250 m
2364 3181 2408 3240 ρ
2444 3159 2659 3221 πάντως

2424 572 2584 633 ποίας
2636 572 2736 662 οὐκ
2777 573 3013 641 ἐσχάτης
3062 571 3228 628 τοῦτό
3280 574 3482 643 μανίας
3538 576 3633 629 καὶ
3699 576 4001 648 διαφθορᾶς

2422 661 2531 713 τῶν
2564 663 2798 732 φρενῶν,
2826 668 3096 719 Δεσπὸτου
3132 666 3316 720 κοινοῦ
3343 668 3437 719 καὶ
3460 668 3551 720 τοῦ
3574 667 3685 721 τῶν
3712 670 3855 722 ὅλων
3878 671 3997 721 τοῦ·

2422 770 2530 807 των
2568 754 2883 809 ἀποστᾶσαν
2917 760 3291 829 Δημιουργου,
3325 758 3522 828 χειρῶν
3582 759 3789 827 ἔργοις,
3814 760 3999 832 αἰσθή-

2426 845 2564 909 σεώς
2598 863 2655 899 τε
2706 849 2800 901 καὶ
2838 850 3050 918 φρενῶν
3094 852 3327 921 ἐρήμοις
3358 850 3751 918 ἀκολουθῆσαι,
3789 852 3888 904 καὶ
3912 854 3999 904 αῦ-

2373 969 2376 973 -
2425 941 2539 1000 τοῖς
2576 938 2666 991 ῖσα
2688 940 2780 993 καὶ
2804 940 2940 994 θεῶν
2960 945 3359 1013 προσανέχειν;
3386 942 3505 995 Ἵνα
3530 942 3651 995 τινα
3691 944 3830 1010 γοῦν
3866 944 3999 996 ἐκεῖ·

2430 1028 2521 1082 θεν
2568 1031 2774 1084 ἐλπίσω
2800 1047 2813 1095 ;
2844 1031 2954 1085 Ἵνα
2972 1033 3102 1086 τίδὲ
3128 1034 3404 1102 κερδάνω;
3433 1031 3587 1096 Εἰπὲ,
3613 1034 3707 1084 καὶ
3734 1031 3992 1100 δέχομαιο

2429 1122 2602 1188 δεῖξόν
2636 1140 2727 1193 μοι
2764 1124 2816 1176 τί
2847 1124 3083 1194 χρηστὸν
3114 1124 3213 1191 τῆς
3243 1127 3329 1177 ἐπ’
3361 1121 3502 1177 αὐτὰ
3548 1124 3612 1176 σὺ
3668 1122 3996 1190 προσδοκίας

2431 1216 2759 1279 ἀπέλαυσας,
2789 1218 2883 1269 καὶ
2919 1218 3198 1285 πείθομαι.
3238 1216 3375 1269 Ἀλλ’
3399 1214 3502 1269 οὐκ
3524 1214 3587 1267 ἂν
3619 1214 3766 1284 ἔχοις
3800 1215 3995 1267 εἰπεῖν·

2432 1310 2648 1381 ἀληθῶς
2685 1312 2796 1380 γὰρ
2820 1310 2892 1363 τὰ
2929 1309 3149 1363 εἴδωλα
3196 1309 3314 1364 τῶν
3356 1307 3551 1366 ἐθνῶν
3587 1308 3882 1377 ἀργύριον
3910 1307 3998 1360 καὶ

2434 1403 2711 1470 χρυσίον,
2742 1403 2883 1472 ἔργα
2909 1401 3120 1471 χειρῶν
3144 1402 3489 1470 ἀνθρώπων.
3519 1399 3749 1468 Ὅμοιοι
3800 1400 3997 1465 αὐτοῖς

2434 1497 2699 1566 γένοιντο
2726 1500 2779 1550 οὶ
2809 1495 3090 1564 τιμῶντες
3141 1496 3479 1566 αὐτά.Πρδς
3533 1494 3713 1549 ταῦτα
3777 1494 3997 1563 μηδενὸς

2435 1589 2639 1657 ἀπέχου
2672 1582 2745 1641 ὧν
2778 1588 2980 1658 βούλει.
3015 1588 3145 1641 Ἰδού
3184 1605 3267 1641 σοι
3295 1591 3386 1641 καὶ
3420 1588 3623 1658 σάρκες
3655 1586 3892 1654 πάσχειν
3920 1586 3997 1637 διὰ

2434 1680 2669 1750 Χριστὸν
2707 1680 2937 1750 ἕτοιμοι,
2990 1681 3081 1733 καὶ
3117 1680 3319 1751 μᾶλλον
3351 1680 3384 1751 ἢ
3418 1678 3481 1731 σὺ
3519 1677 3777 1740 κολάζειν
3842 1679 3995 1745 ἡμᾶς.

2452 1771 2716 1824 Ἐνταῦθα
2773 1774 2847 1843 μὴ
2883 1772 3022 1841 ἔχων
3056 1775 3083 1827 ὁ
3116 1774 3317 1843 μιαρὸς
3356 1775 3382 1826 ὅ
3404 1789 3456 1823 τι
3500 1773 3593 1823 καὶ
3642 1767 3891 1839 δράσειε,
3918 1769 3999 1818 καὶ

2450 1863 2609 1928 ποίας
2632 1864 2737 1935 ἄρα
2767 1868 2865 1937 τῆς
2896 1866 3108 1929 ἐλπίδος
3157 1866 3437 1929 ἀνθέξεται
3495 1862 3603 1933 (διὰ
3636 1863 3863 1913 πάντων
3884 1876 3999 1928 τρο-

2442 1958 2558 2011 πῶν
2583 1958 2976 2029 ἀπεκρούσθη),
3011 1958 3105 2012 καὶ
3137 1958 3335 2026 ταύτην
3357 1959 3447 2010 ἐπὶ
3476 1955 3569 2007 τοῦ
3608 1954 3770 2019 ξύλου
3806 1967 3999 2020 μετεω-

2444 2050 2606 2119 ρίζει,
2631 2051 2727 2105 καὶ
2770 2050 3034 2116 διαξαίνει
3065 2050 3300 2117 σιδηροῖς
3329 2049 3527 2113 ὄνυξιν.
3566 2047 3709 2101 Ἀλλ’
3752 2044 3999 2112 οὐδεμίαν

2442 2144 2577 2212 πρὸς
2611 2145 2781 2198 ταῦτα
2804 2144 2985 2212 ἐκείνη
3004 2142 3124 2195 οὐδὲ
3146 2140 3330 2210 φωνὴν
3348 2140 3467 2193 οὐδὲ
3498 2137 3812 2206 στεναγμὸν
3838 2136 3998 2204 tein,

2443 2238 2655 2307 φανερὰ
2710 2237 2766 2289 δὲ
2796 2235 2863 2308 ἦν
2912 2234 3254 2289 συλλαλοῦσα
3307 2233 3445 2301 Θεῷ.
3515 2234 3625 2285 Καὶ
3662 2230 3828 2284 τοῦτο
3874 2231 3998 2297 αὐτῇ

2442 2329 2509 2381 τά
2541 2345 2603 2395 γε
2640 2328 3043 2394 ὑποκινούμενα
3091 2327 3244 2395 χείλη
3274 2324 3569 2386 ἐδίδασκον,
3622 2323 3717 2374 καὶ
3774 2322 3826 2372 οἱ
3877 2321 4001 2389 πρὸς

2440 2420 2703 2489 οὐρανοὺς
2754 2420 3032 2489 αἰρόμεναι
3078 2416 3365 2488 ὀφθαλμοί.
3422 2416 3478 2468 ’0
3521 2412 3703 2466 τοίνυν
3752 2411 4002 2470 ἀσύνετος

2442 2515 2646 2579 ἐκεῖνος
2688 2514 2899 2581 λόγους,
2927 2512 3063 2582 αὐτῇ
3090 2512 3183 2565 καὶ⁵
3219 2510 3380 2565 πάλιν
3400 2508 3498 2560 οὐκ
3518 2505 3793 2565 ἀϐιάστως
3814 2501 4001 2569 ἐπῆγε,

2442 2609 2535 2661 καὶ
2568 2606 2715 2659 θύειν
2743 2606 2829 2658 διὰ
2874 2605 2968 2657 τοῦ
3020 2607 3259 2675 κήρυκος
3299 2602 3540 2664 ἐκέλευε,
3585 2600 3679 2650 καί
3731 2594 4004 2649 amur.

2442 2699 2629 2753 τεσθαι
2659 2697 2765 2751 τῶν
2791 2696 3065 2764 βασάνων.
3104 2696 3166 2748 'll
3192 2694 3271 2756 δὲ,
3298 2694 3514 2747 Τέθυκα
3532 2688 3805 2759 ἐμαυτὴν,
3838 2686 4000 2752 ἔλεγε,

2442 2792 2598 2861 κάγὼ
2628 2790 2705 2862 τῷ
2752 2790 2944 2861 Κυρίῳ
2979 2806 3104 2859 μου,
3138 2787 3204 2841 δι’
3236 2786 3296 2840 ὃν
3330 2786 3423 2839 καὶ
3461 2784 3521 2836 τὸ
3577 2781 3772 2834 παθεῖν
3828 2779 4001 2850 ἡδονὴ,

2443 2884 2537 2937 καὶ
2560 2884 2619 2935 τὸ
2644 2882 2934 2936 ἀποθανεῖν
2958 2880 3168 2951 κέρδος.
3193 2878 3265 2931 Τὸ
3282 2878 3337 2931 δὲ
3360 2877 3467 2947 ἄρα
3492 2873 3717 2945 μείζονα
3740 2872 3821 2943 τῷ
3843 2872 4001 2939 ἀδίκῳ

2440 2978 2601 3046 κριτῇ
2629 2977 2727 3044 τὴν
2758 2974 2955 3044 μανίαν
2981 2972 3250 3041 ὑφῆπτεν.
3268 2970 3433 3023 Ὅθεν
3456 2970 3551 3022 καὶ
3585 2967 3810 3037 μοχλοῖς
3840 2964 3999 3031 αὐτὴν

2443 3068 2679 3136 σιδηροῖς
2700 3063 2979 3132 συνέτριὸε
3002 3064 3095 3115 καὶ
3126 3059 3377 3114 συνέθλα.
3410 3057 3569 3111 Ἀλλὰ
3594 3062 3691 3109 καὶ
3717 3056 3921 3124 ταύτης
3940 3049 3999 3121 ἦν

2690 3157 2718 3208 ὁ
2748 3159 2856 3211 τῶν
2885 3155 3131 3225 ἀδελφῶν
3164 3153 3297 3215 Θεὸς
3333 3152 3537 3221 ὁμοίως
3583 3148 3889 3217 κηδόμενος
3918 3147 4002 3196 καὶ

2437 3253 2535 3321 τῆς
2548 3267 2610 3303 τε
2636 3249 2871 3319 βασάνου
2893 3248 3115 3316 κρατεῖν
3141 3242 3315 3295 ἐποίει
3337 3242 3434 3306 τῆς
3464 3236 3736 3305 ἀπηνοῦς,
3757 3235 3854 3287 καὶ
3880 3233 4001 3299 πρὸς

2440 3342 2608 3408 αὐτὴν
2644 3339 2897 3391 ἵστασθαι
2929 3337 3194 3404 γενναίως
3227 3335 3324 3404 τὴν
3365 3329 3528 3400 φύσιν
3549 3343 3564 3357 '
3598 3325 3722 3381 εἶτα
3750 3327 3845 3381 καὶ
3873 3324 3999 3395 πρὸς

2443 3433 2634 3484 ἑαυτὸν
2697 3429 3111 3500 μετακαλεῖται,
3152 3429 3250 3482 καὶ
3304 3426 3399 3497 τὴν
3433 3423 3614 3493 ψυχὴν
3654 3424 3688 3491 ἡ
3742 3420 4001 3490 παρθένος

2441 3527 2553 3585 τοῖς
2585 3523 2805 3585 κόλποις
2832 3520 3004 3591 ἡδέως
3030 3525 3127 3573 τοῦ
3163 3517 3394 3589 ἐραστοῦ
3421 3514 3775 3570 ἀποτίθεται.

2513 3613 2567 3668 1⁸.
2624 3615 2681 3663 '0
2718 3614 2897 3673 ἄδικος
2953 3611 3132 3663 τοίνυν
3189 3609 3402 3678 κριτὴς,
3436 3608 3533 3675 τὴν
3578 3608 3647 3656 ὲκ
3692 3603 3792 3656 τοῦ
3844 3600 4002 3668 θυμοῦ

2448 3706 2765 3776 συμμαχίαν
2790 3702 3139 3774 παραλαόὼν,
3166 3700 3261 3753 καὶ
3282 3699 3462 3758 αὐτοῖς
3488 3695 3877 3763 ἐπιστρατεύει
3907 3694 4004 3751 τοῖς

2446 3804 2658 3870 νεκροῖς
2708 3798 2947 3868 σώμασι,
2996 3798 3090 3849 καὶ
3124 3796 3353 3862 κάμινον
3408 3790 3645 3858 ἀνάψας,
3699 3788 3799 3840 καὶ
3850 3784 4005 3849 πολλῇ

2447 3895 2650 3964 ταύτην
2682 3892 2784 3965 ὕλῃ
2823 3891 2915 3943 καὶ
2971 3887 3248 3958 ἐπιτηδεία
3305 3883 3529 3953 θρέψας,
3582 3879 3859 3944 ἀκοντίζει
3902 3881 4005 3929 κατ’

2450 3989 2617 4054 αὐτῆς
2656 3988 2720 4040 τά
2752 3983 3068 4056 μαρτυρικά
3119 3981 3366 4051 σώματα.
3394 3978 3525 4038 Θεὸς
3556 3977 3612 4029 δὲ.
3644 3978 3673 4029 ὁ
3700 3975 3811 4028 τῶν
3836 3971 4007 4041 ψυχῶν

2453 4079 2687 4149 ἐραστὴς
2726 4078 2845 4129 οὐδὲ
2877 4076 2986 4126 τῶν
3042 4074 3309 4140 σωμάτων
3343 4070 3535 4137 ἠμέλει
3562 4083 3576 4096 ·
3603 4067 3748 4120 ἀλλὰ
3782 4062 4007 4133 βροντῶν

2456 4173 2638 4242 μέντοι
2678 4168 2865 4239 χρῆμα
2896 4165 2992 4218 καὶ
3014 4162 3312 4235 ἀστραπῶν
3336 4160 3533 4227 ἀθρόον
3584 4158 4007 4225 καταρῤαγεῖσιι

2456 4262 2822 4332 προφθάνουσι
2861 4262 2922 4313 τὸ
2966 4260 3065 4327 τῆς
3123 4255 3357 4326 καμίνου
3418 4250 3549 4320 πῦρ,
3590 4248 3689 4300 καὶ
3742 4246 3903 4300 αὑτὸν
3932 4244 4011 4295 τὸν

2456 4355 2744 4417 δικάζοντα
2778 4356 2874 4404 καὶ
2904 4354 2963 4401 τὸ
2996 4347 3437 4418 ὑπηρετούμενον
3485 4340 3638 4407 αὺτῷ
3690 4337 3917 4409 πλῆθος,
3941 4335 4012 4387 ai-

2461 4446 2626 4514 θάλην
2658 4444 2967 4497 δεικνύουσι
3000 4442 3093 4492 καὶ
3118 4437 3373 4507 ἀσϐόλην.
3407 4436 3514 4489 Καὶ
3554 4432 3715 4485 τοῦτὸ
3748 4449 3815 4500 γε
3848 4427 4012 4499 προοί-

2748 4536 3107 4606 ἀτελευτήτου
3162 4533 3389 4601 γεέννης
3422 4522 3604 4599 εὗρον,
3650 4528 3699 4580 οἱ
3735 4525 3834 4579 καὶ
3867 4525 4013 4595 μάνης

2458 4635 2671 4703 ἐκείνης
2742 4633 2815 4692 ὡς
2875 4629 3090 4699 ἀληθῶς
3136 4627 3297 4691 ἄξιοι.
3365 4624 3550 4679 ’Υετὺς
3581 4621 3640 4672 δὲ
3681 4619 3829 4671 κατά
3866 4615 4013 4673 πόδας

2463 4727 2714 4797 ῥαγδαῖος
2769 4720 3049 4776 ἐπιπεσὼν
3088 4715 3334 4771 σόεννύει
3367 4713 3464 4783 τὴν
3496 4713 3754 4779 κάμινον,
3801 4710 3895 4759 καὶ
3930 4721 4013 4756 πο·

2461 4796 2682 4880 θούσαις
2721 4815 2920 4869 αὐτίκα
2954 4811 3113 4882 χερσὶ
3139 4808 3208 4862 τὰ
3244 4803 3553 4875 παρθενικά
3597 4800 3840 4869 λείψανα
3868 4797 3915 4850 οἱ
3941 4796 4017 4846 εὖ-

2467 4913 2643 4973 σε6εἰς
2692 4908 3032 4976 ἀνελόμενοι,
3066 4902 3164 4956 καὶ
3209 4897 3527 4970 διαπρεπῶς
3560 4892 3948 4965 κοσμήσαντες
3969 4904 4017 4940 τε

2461 5006 2553 5058 καὶ
2590 4999 3054 5069 περισιιείλαντες,
3086 4996 3255 5063 τάφον
3287 4994 3469 5052 αὐτοῖς
3500 4994 3557 5042 ὲν
3578 4987 3656 5057 τῷ
3680 4987 3789 5055 τῆς
3822 4980 4019 5037 τελειώ-

2463 5115 2598 5159 σεως
2630 5097 2839 5165 ἔχωσαν
2868 5094 3040 5160 τόπῳ,
3061 5088 3196 5142 Θεοῦ
3229 5087 3323 5138 καὶ
3352 5082 3525 5137 ταῦτα
3548 5077 4020 5151 θαυματουργοῦν-

2464 5208 2575 5253 τος,
2615 5190 2763 5251 ὅπως
2796 5186 2859 5249 ἃς
2896 5187 2996 5253 μία
3044 5182 3255 5251 ’γαστὴρ
3281 5179 3458 5242 ὧδινε,
3486 5177 3692 5239 ταύτας
3738 5174 3841 5228 καὶ
3872 5176 4019 5239 τάφος

2467 5281 2545 5346 εἷς
2582 5282 2874 5349 πιστευθῇ·
2910 5278 3002 5330 καὶ
3046 5270 3119 5329 ὧν
3152 5274 3248 5327 ἕνα
3285 5274 3377 5325 καὶ⁵
3421 5272 3515 5324 τὸν
3546 5267 3709 5321 αὐτὸν
3755 5269 3947 5336 ἔλαχον
3978 5265 4019 5315 αἱ

2467 5378 2635 5449 ψυχαὶ
2667 5373 2951 5444 νυμφῶνα,
2979 5369 3181 5422 τούτων
3217 5366 3350 5436 μηδὲ
3382 5367 3413 5433 ἡ
3447 5362 3603 5433 κωφὴ
3628 5362 3832 5431 διαστῇ
3859 5361 4018 5419 κόνις⁴

2430 5521 2443 5532 ,
2469 5472 2581 5526 ἀλλ’
2624 5463 2730 5521 εἷεν
2763 5464 2992 5531 ἀδελφαὶ
3024 5463 3124 5514 κάν
3159 5457 3234 5529 τῷ
3262 5458 3385 5527 βίῳ,
3410 5455 3638 5524 ἀδελφαὶ
3669 5457 3781 5507 κάν
3820 5458 3929 5516 τοῖς
3949 5453 4024 5503 οὓς

2472 5563 2673 5633 ρανοῖς,
2706 5555 2933 5625 ἀδελφαὶ
2967 5556 3066 5607 κάν
3102 5553 3167 5621 τῇ
3223 5553 3291 5618 γῂ
3342 5549 3754 5619 δεικνυόμεναι.
3804 5545 4023 5616 Tigna;
