4156 6314
158 382 272 445 665

1089 390 1268 451 VITA
1306 390 1369 452 S.
1401 390 1837 454 THEODORJE
1880 396 2483 459 ALEXANDRIN/E.

3297 406 3403 471 666

158 517 218 553 τε
240 503 317 560 είς
336 496 495 569 δεῦρο
520 500 625 571 πρδ
654 498 731 569 τῷ
750 500 902 572 τάφῳ
926 502 1105 557 αὐτῶν
1139 507 1280 575 ἱερὸν
1310 507 1546 577 ἵδρυται,
1575 510 1719 562 οίον-

1826 512 1967 567 diem
1997 516 2232 583 positum
2264 526 2346 571 est
2372 517 2425 570 in
2458 532 2643 572 earnm
2713 520 2989 590 sepulcro,
3018 523 3192 581 instar
3221 528 3407 598 cujus-

155 591 209 643 εί
260 605 379 644 τινα
420 593 679 661 ποταμὸν,
708 594 853 648 ἔνδον
884 597 1182 667 προχέοντι
1218 599 1491 669 Θαύματα.

230 686 333 739 lA'.
371 686 787 740 Ἀκουσάτωσαν
815 689 988 743 ταῦτα
1023 692 1117 742 καὶ
1151 692 1385 762 ἀδελφαὶ
1433 697 1530 748 καὶ
1592 714 1730 769 παρ-

156 775 325 839 θένοι,
360 778 450 829 καὶ
475 778 595 830 ὅσαι
630 779 734 831 ὑπ’)
779 781 963 848 ζυγόν.
994 784 1103 836 Καὶ
1132 789 1187 837 αἱ
1220 787 1317 854 μὲν
1352 787 1526 850 οὕτως
1565 790 1727 860 ἀλλή-

154 867 260 929 λας
290 868 637 936 φιλείτωσαν,
668 874 721 923 αἱ
754 871 809 923 δὲ
846 872 917 941 μὴ
949 874 1048 940 τῆς
1074 877 1285 940 οἰκείας
1323 884 1729 945 καταγινωσκέσ

153 976 342 1011 τωσαν
382 961 594 1029 φύσεως
629 977 641 989 ·
670 962 903 1030 Ἀνέῳγε
960 966 1067 1033 γὰρ
1130 970 1222 1019 καὶ
1282 970 1523 1035 γυναιξὶν
1573 972 1723 1037 ἡντοῦ

157 1052 467 1120 μαρτυρίου
517 1051 657 1119 θύρα
677 1068 691 1083 ·
746 1055 913 1106 πᾶσαι
947 1054 1001 1106 δὲ
1027 1056 1227 1124 ὁμοίως
1254 1059 1345 1109 καὶ
1374 1058 1607 1113 θανάτου
1638 1062 1727 1115 διὰ

154 1141 398 1209 Χριστὸν
433 1144 524 1195 καὶ
562 1146 777 1205 πάντως
809 1148 1347 1215 καταφρονείτωσαν,
1385 1151 1474 1203 ἵνα
1506 1154 1728 1207 καὶτῶν

152 1233 363 1299 ὁμοίων
395 1235 542 1297 παρὰ
572 1235 669 1303 τῆς
703 1236 866 1287 αὑτοῦ
900 1237 1314 1307 φιλανθρωπίας
1348 1242 1441 1293 καὶ
1472 1243 1570 1310 τῆς
1594 1261 1728 1313 χρη-

158 1326 421 1391 στότητος
440 1327 828 1390 ἀπολαύσειαν,
864 1322 936 1380 ὧν
971 1329 1180 1397 γένοιτο
1209 1332 1419 1395 πάντας
1442 1336 1583 1403 ἡμᾶς
1607 1337 1730 1388 im-

153 1419 344 1485 τυχεῖν
390 1419 573 1485 χάριτι
622 1420 715 1469 καὶ
778 1418 1161 1492 φιλανθρωπίᾳ
1195 1424 1287 1475 τοῦ
1335 1425 1538 1493 Κυρίου
1571 1427 1727 1494 ἡμῶν

169 1506 349 1572 ’1ησοῦ
408 1506 665 1575 Χριστοῦ,
732 1510 850 1576 μεθ’
908 1506 968 1563 οὗ
999 1512 1076 1580 τῷ
1108 1512 1283 1581 Πατρὶ
1338 1513 1455 1581 ἅμα
1482 1513 1559 1583 τῷ
1587 1516 1726 1585 ἁγίῳ

156 1595 442 1664 ῐῐνεύματι
501 1597 651 1663 δόξα,
690 1600 846 1669 τιμὴ,
875 1604 1074 1671 κράτος
1123 1606 1219 1655 νῦν
1252 1605 1346 1656 καὶ
1380 1605 1490 1667 ἀεὶ,
1514 1607 1608 1657 καὶ
1644 1608 1724 1667 εὶς

153 1688 287 1750 τοὺς
319 1690 521 1752 αἰῶνας
542 1690 649 1741 τῶν
682 1692 913 1745 αίώνων.
958 1693 1150 1763 Ἀμήν.

1829 604 1950 658 dam
1985 604 2131 660 ﬂuvii
2160 609 2305 662 intus
2337 608 2623 664 eﬂ’undens
2654 611 2936 667 miracula.

1900 696 1989 751 XI.
2020 698 2144 753 Haec
2180 701 2403 754 audiant
2450 717 2688 764 sorores,
2724 714 2777 758 et
2828 706 3095 762 universae
3124 710 3401 775 mulieres,

1830 796 1937 840 tam
1968 790 2217 859 virgines,
2256 807 2417 859 quam
2453 809 2573 861 qua;
2604 804 2729 849 sunt
2765 797 3070 865 conjunctae
3115 802 3401 856 matrimo-

1828 878 1940 932 nio.
2010 879 2074 933 Et
2119 883 2220 934 illa;
2240 883 2457 951 quidem
2509 885 2587 939 sic
2627 900 2685 939 se
2726 887 2957 942 invicem
2995 890 3404 959 diligant;ha2c

1827 981 2006 1024 autem
2044 986 2194 1026 suam
2231 989 2337 1026 non
2370 976 2733 1032 condemnent
2786 976 3057 1036 naturam.
3089 982 3217 1035 Nam
3245 983 3407 1056 [emi-

1822 1062 1909 1116 nis
1940 1078 2152 1131 quoque
2182 1076 2363 1133 aperta
2392 1077 2474 1120 est
2496 1068 2654 1135 ianua
2694 1072 2952 1140 martyrii.
2984 1073 3186 1129 Omnes
3216 1086 3399 1132 autem

1825 1152 2084 1206 similiter
2111 1162 2164 1207 et
2195 1164 2425 1209 mortem
2454 1166 2508 1209 et
2537 1158 2714 1211 omnia
2730 1171 3101 1226 contemnant,
3131 1174 3187 1217 ut
3209 1166 3405 1219 similia

1822 1258 2036 1312 quoque
2067 1256 2472 1313 consequantur
2504 1248 2571 1301 ab
2612 1249 2732 1316 ejus
2767 1250 3007 1305 bmiitate
3035 1261 3090 1306 et
3149 1254 3404 1325 benigni-

1828 1345 1956 1390 tate.
1992 1337 2121 1400 Quze
2147 1337 2307 1389 detur
2338 1339 2497 1391 nobis
2538 1340 2791 1394 omnibus
2837 1345 3096 1409 consequi
3148 1348 3313 1414 gratia
3351 1358 3407 1401 et

1827 1428 2158 1496 benignitate
2192 1428 2400 1482 Domini
2444 1430 2612 1483 nostri
2658 1430 2783 1485 Jesu
2824 1432 3051 1497 Christi,
3116 1452 3237 1489 cum
3297 1453 3403 1507 quo

1823 1514 1964 1566 Patri
1999 1518 2161 1576 simul
2195 1533 2317 1571 cum
2346 1530 2536 1574 sancto
2603 1521 2806 1590 Spiritu
2863 1524 3051 1593 gloria,
3116 1528 3289 1581 honor
3351 1539 3408 1583 et

1822 1608 2082 1675 potentia.
2116 1624 2258 1662 nunc
2291 1620 2342 1663 et
2365 1628 2597 1682 semper,
2635 1624 2690 1667 et
2724 1616 2779 1667 in
2834 1619 3028 1670 saecula
3061 1620 3404 1676 sreculorum.

1822 1702 2023 1753 Amen.

171 1854 3392 1916 mm

829 1883 1125 1894 -——————.

1246 2028 1493 2112 ΒΙοΣ
1567 2026 1761 2110 ΚΑΙ
1836 2025 2379 2115 ΠΟΛΙΤΕΙΑ

1306 2206 1443 2259 ΤΗΣ
1485 2208 1684 2262 ΟΣῙΔΣ
1730 2210 2016 2265 ΜΗΤΡΟΣ
2054 2210 2249 2264 ΗΜΩΙΝ

295 2374 1196 2514 ΘΕΟΔΩΡΑΣ
1307 2389 1647 2514 ΤΗΣ
1767 2393 1974 2517 ΕΝ
2094 2378 3290 2519 ΑΛΕΞΑΝΔΡΕΙΑ.

1049 2813 1325 2901 VITA
1429 2813 1577 2901 ET
1682 2811 2517 2905 CONVERSATIO

1426 3002 1484 3059 S.
1539 3001 1799 3058 MATRIS
1844 3000 2142 3059 ΝΟΒΤΒΑΞ

384 3183 1488 3338 THEODOR/E

1691 3186 2466 3342 ALEXAN
2477 3195 2935 3346 DRIN
2948 3194 3177 3344 1E.

942 3454 1136 3517 (Latine
1165 3456 1292 3520 apud
1321 3456 1522 3507 Surium
1556 3456 1697 3518 Sept.
1727 3454 1809 3517 il,
1846 3457 2017 3508 Graece
2051 3470 2116 3509 ex
2140 3471 2235 3508 ms.
2276 3458 2429 3509 Paris.
2461 3458 2615 3520 1526.)

1714 3632 1785 3647 —

214 3792 297 3847 A’.
337 3793 526 3862 Ζήνων
571 3792 669 3862 μὲν
713 3793 814 3864 ἥδη
859 3792 957 3863 τὴν
988 3793 1369 3865 αὐτοκράτορα
1408 3793 1709 3864 Ῥωμαίοις

1885 3789 2030 3846 Zeno
2067 3791 2284 3859 quidem
2316 3793 2619 3849 Romanum
2662 3794 2771 3864 jam
2828 3794 3047 3856 tenebat
3087 3794 3396 3865 imperium,

134 3885 351 3939 διεῖπεν
407 3884 620 3958 ἀρχὴν,
678 3886 985 3957 Γρηγόριος
1044 3888 1101 3942 δὲ
1152 3890 1252 3957 τὴν
1310 3887 1403 3940 τοῦ
1460 3886 1711 3956 ὑπάρχου

134 3978 395 4044 ἐξουσίαν
444 3980 500 4030 ὲν
542 3982 606 4045 τῇ
651 3980 773 4030 κατ’
803 3979 1075 4041 Αἴγυπτον
1130 3974 1275 4047 εἶχεν
1309 3976 1710 4047 Ἀλεξανδρείᾳ.

152 4073 222 4124 Ἠ
264 4071 319 4123 δὲ
350 4070 408 4121 οὐ
438 4070 696 4122 τοσοῦτον
730 4068 817 4120 ἐπ’
849 4070 996 4140 ἄλλῳ
1024 4072 1133 4123 τῶν
1175 4071 1433 4125 ἁπάντων
1460 4068 1712 4133 Ἀλεξάν-

131 4164 300 4233 δρεια
365 4163 488 4216 ὅσον
550 4162 645 4216 ἐπὶ
721 4162 972 4234 Θεοδώρᾳ
1021 4164 1222 4231 μᾶλλον
1270 4162 1708 4225 ἐκαλλωπίζετο,

130 4258 259 4321 οἵας
322 4258 524 4329 μητρὸς
585 4258 757 4327 αὐτῆς
821 4256 1115 4328 ὑπάρξασα
1175 4256 1271 4310 καὶ
1326 4257 1568 4325 πατρὶς,
1617 4257 1713 4309 καὶ

127 4348 383 4401 τοιοῦτον
414 4348 589 4415 ἀγενῆ
621 4349 816 4403 κλάδον
842 4350 1134 4416 ἀντιδοῦσα,
1173 4349 1270 4403 καὶ
1314 4347 1457 4402 οὕτω
1506 4349 1711 4412 πάσαις

135 4442 389 4512 βρύοντα
411 4439 649 4509 χάρισιν.
702 4441 792 4493 Ἔν
840 4444 978 4513 αὐτῇ
1017 4444 1125 4511 γὰρ
1175 4445 1208 4512 ἡ
1248 4442 1424 4514 σεμνὴ
1454 4442 1531 4511 τῷ
1571 4441 1710 4504 ὄντι,

128 4535 229 4588 καὶ
298 4532 500 4603 κοσμία
546 4535 661 4597 τοῖς
708 4533 886 4605 ἤθεσι,
940 4535 1039 4597 τὰς
1092 4535 1149 4585 ὲν
1201 4535 1391 4603 κόσμῳ
1424 4534 1710 4602 διατριϐὰς

128 4625 417 4677 ἐποιεῖτοο
446 4624 611 4695 ἀνδρὶξ
665 4624 765 4695 μὲν
839 4626 1114 4679 συνοικεῖν
1154 4624 1395 4697 λαχοῦσα
1438 4624 1709 4694 συναφεία

128 4718 321 4786 γάμου
363 4719 427 4787 τῇ
463 4719 605 4770 κατὰ
632 4718 819 4787 νόμον,
852 4719 1028 4791 ταύτῃ
1059 4719 1115 4774 δὲ
1148 4721 1242 4773 καὶ
1273 4720 1448 4783 ἄλλως
1481 4719 1581 4789 μὲν
1612 4720 1709 4790 τὴν

127 4810 499 4881 ὀφειλομένην
520 4813 633 4873 τοῖς
656 4811 883 4879 ἀνδράσι
908 4814 1073 4881 τιμὴν
1096 4814 1445 4883 ἁπονέμουσα
1474 4813 1709 4884 μάλιστα

127 4903 189 4954 δὲ
247 4901 328 4968 τῷ
368 4902 798 4971 σωφρονεστάτη
844 4919 903 4955 τε
958 4903 1098 4956 εἶναι
1131 4919 1145 4935 ⁸
1185 4905 1291 4956 τῶν
1337 4908 1392 4957 ὲν
1434 4909 1498 4977 τῇ
1552 4907 1706 4958 πόλει

128 4992 330 5048 πασῶν
356 4992 573 5053 οἰκείως
604 5011 660 5047 τε
694 4995 831 5065 πρὸς
867 4994 1059 5049 τοῦτον
1099 4998 1193 5050 καὶ
1248 4998 1451 5062 πιστῶς
1502 4999 1706 5052 διακεῖ-

131 5087 289 5151 σθαι,
321 5085 415 5139 καὶ
440 5084 690 5155 καθαρὰν
725 5089 873 5157 αὑτῷ
896 5090 991 5160 τὴν
1027 5089 1262 5161 στοργὴν
1292 5091 1583 5158 φυλάττειν
1616 5092 1706 5143 καὶ

129 5179 325 5240 πόθοις
378 5181 649 5250 ῥυπαροῖς
690 5179 1070 5249 ἀνεπίμικτον.
1128 5183 1345 5253 Ἐπειδὴ
1401 5185 1456 5237 δὲ
1508 5188 1704 5238 ἀνεπι-

125 5272 355 5341 λήπτως
378 5269 706 5336 ἀγαπῶντας
738 5271 886 5342 βιοῦν
923 5274 1021 5326 οὐκ
1054 5275 1133 5327 ἔτι
1178 5278 1252 5347 μὴ
1282 5278 1488 5339 καὶτὰς
1518 5278 1579 5329 ὲκ
1609 5275 1705 5329 τοῦ

126 5358 379 5431 πονηροῦ
414 5360 720 5431 προσϐολὰς
748 5364 1043 5434 δέχεσθαι,
1076 5369 1380 5438 πειρασμὸς
1426 5369 1705 5437 ἐγείρεται

126 5456 223 5507 καὶ
284 5452 461 5525 ταύτῃ
506 5453 698 5517 δεινός.
791 5457 1024 5520 Ἐκεῖνος
1057 5459 1164 5527 γὰρ
1198 5460 1258 5511 τό
1292 5477 1348 5512 τε
1382 5460 1477 5512 τοῦ
1512 5460 1705 5527 ἀνδρὸς

127 5546 357 5615 σῶφρον
378 5546 540 5616 ὁρῶν,
568 5548 636 5617 τῇ
688 5563 747 5599 τε
791 5548 1082 5620 σεμνότητι
1102 5554 1199 5619 τῆς
1224 5550 1376 5613 ὁσίας
1399 5550 1701 5619 διαφθονῶν

129 5639 299 5708 ἔργον
346 5636 501 5689 ἔθετο
556 5637 650 5689 καὶ
703 5639 943 5711 σπουδὴν
994 5641 1092 5710 τὴν
1144 5641 1403 5710 τοιαύτην
1436 5642 1699 5711 συζυγίαν

121 5730 434 5795 διατεμεῖν.

198 5816 275 5869 B'.
315 5820 419 5870 Καὶ
468 5820 531 5886 δή
588 5839 707 5873 τινα
764 5819 996 5901 ῥεόντων
1047 5823 1290 5892 χρήμασι
1331 5823 1424 5875 καὶ
1473 5822 1688 5893 πλούτῳ

1818 3885 2107 3956 Gregorius
2155 3896 2335 3940 autem
2401 3889 2640 3956 praefecti
2672 3889 2891 3959 gerebat
2921 3889 3293 3958 magistratum
3339 3890 3395 3943 in

1816 3978 2177 4033 Alexandrina
2202 3977 2413 4049 Egypti
2441 3978 2679 4033 civitate.
2708 3979 3030 4038 Alexandria
3047 3991 3228 4035 autem
3249 3982 3398 4036 nullo

1816 4086 1879 4125 ex
1937 4073 2192 4127 omnibus
2259 4073 2380 4128 aliis
2442 4081 2649 4128 tantum
2697 4074 3051 4144 gloriabatur,
3132 4085 3394 4145 quantum

1817 4161 2120 4220 Theodora.
2175 4172 2233 4216 ut
2258 4180 2378 4232 qua:
2404 4172 2550 4216 esset
2585 4165 2703 4231 ejus
2735 4176 2925 4239 mater,
2967 4176 3021 4219 et
3096 4181 3217 4234 qua
3272 4182 3391 4220 eam

1815 4264 2097 4325 pepererat
2120 4256 2311 4323 patria.
2346 4264 2401 4309 et
2434 4271 2642 4309 ramum
2676 4256 2936 4311 edidisset
2961 4266 3071 4311 tam
3105 4256 3391 4326 pulchrum

1816 4358 1869 4402 et
1897 4349 2147 4403 omnibus
2174 4349 2307 4402 adeo
2333 4358 2630 4404 scatentem
2667 4351 2873 4420 gratiis.
2900 4350 2957 4404 ιιι
2986 4365 3047 4404 ea
3066 4351 3210 4404 enim
3239 4366 3392 4406 suam

1847 4438 2179 4491 mundanam
2246 4439 2479 4490 habebat
2533 4442 3001 4493 conuersationem
3096 4441 3197 4494 ista
3268 4456 3394 4496 vere

1813 4528 2139 4593 veneranda,
2164 4538 2218 4583 et
2248 4537 2440 4583 ornata
2476 4529 2738 4597 moribus,
2768 4547 2893 4585 cum
2944 4532 3067 4588 viro
3099 4534 3391 4603 conjuncta

1815 4622 2054 4692 legitimo
2086 4622 2469 4684 matrimonio,
2524 4624 2571 4676 ei
2612 4623 2830 4690 quidem
2880 4640 3004 4678 eum
3055 4625 3145 4692 qui
3182 4625 3392 4677 ntaritis

1812 4718 2043 4771 debetur
2100 4718 2366 4772 honorem
2421 4716 2691 4779 tribuens;
2723 4716 2953 4770 maxime
2982 4727 3163 4769 autem
3223 4716 3293 4769 ab
3323 4731 3390 4770 eo

1812 4809 2026 4871 dilecta,
2056 4808 2206 4878 quod
2273 4820 2419 4863 esset
2455 4807 2761 4862 castissima
2817 4809 3061 4864 omnium
3089 4827 3208 4880 qua:
3234 4821 3391 4867 erant

1813 4900 1865 4954 in
1914 4900 2151 4964 civitate,
2214 4900 2583 4970 benevoleque
2629 4910 2684 4954 et
2723 4902 2954 4955 ﬁdeliter
2987 4902 3041 4955 in
3088 4919 3215 4959 eum
3245 4918 3391 4960 esset

1811 4992 2022 5054 aﬂ‘ecta,
2052 5003 2106 5045 et
2136 5007 2332 5059 purum
2388 4992 2437 5046 ei
2502 5002 2748 5047 servaret
2797 5007 3061 5058 amorem,
3104 5003 3159 5049 et
3224 4996 3389 5050 nullis

1812 5083 2060 5153 turpibus
2082 5082 2380 5137 immistum
2410 5082 2717 5137 desideriis.
2741 5082 3009 5148 Quoniam
3035 5100 3165 5139 vero
3199 5087 3232 5140 ii
3263 5089 3387 5156 qui-

1731 5140 1774 5201 Ο
1808 5176 1911 5230 bus
1961 5175 2137 5240 placet
2170 5177 2347 5229 vivere
2379 5176 2515 5230 citra
2587 5178 3068 5246 reprehensionem
3112 5178 3225 5233 ﬁeri
3274 5195 3384 5235 non

1809 5276 2002 5337 potest,
2031 5279 2088 5321 ut
2116 5283 2221 5322 non
2252 5282 2634 5339 oppugnentur
2684 5270 2904 5341 maligni
2934 5272 3166 5337 insidiis.
3200 5278 3383 5343 gravis

1807 5375 2022 5428 quoque
2058 5362 2109 5414 in
2138 5376 2256 5416 eam
2292 5362 2359 5415 ab
2386 5363 2504 5431 ipso
2536 5363 2805 5418 excitatur
2832 5366 3081 5419 tentatio.
3116 5366 3209 5421 Ille
3236 5369 3381 5422 enim

1810 5462 1937 5506 tunc
1966 5453 2164 5507 videns
2189 5455 2351 5522 hujus
2397 5455 2575 5509 mariti
2615 5456 3069 5517 moderationem.
3112 5470 3168 5513 et
3216 5461 3379 5531 hujus

1803 5552 2003 5598 sanet-.2
2044 5546 2290 5600 invidens
2324 5546 2614 5611 honestati,
2646 5548 2899 5604 adhibuit
2935 5565 3097 5603 omne
3124 5551 3368 5606 studium

1804 5644 1856 5689 et
1880 5634 2236 5706 diligentiam,
2280 5648 2337 5692 ut
2367 5639 2506 5693 hanc
2542 5640 2879 5697 rescinderet
2908 5642 3371 5711 conjunctionem.

1872 5821 1936 5876 ll.
1965 5820 2261 5887 Quemtlam
2298 5823 2479 5894 itaque
2501 5828 2779 5904 juvenem,
2812 5830 3054 5899 pecuniis
3084 5840 3137 5886 et
3171 5830 3367 5899 opibus
