4156 6314
776 395 882 462 667

2014 377 2066 437 Μ
2076 376 2171 437 EN
2180 374 2297 436 SIS
2337 369 2803 432 SEPTEMBER.

3920 362 4021 426 669

778 516 1056 572 onustum,
1088 506 1288 575 quibus
1323 516 1505 558 rerum
1547 499 1702 568 cepia
1756 492 2135 566 suppeditabat
2185 492 2357 542 mate-

2464 483 2864 554 βαρυνομένων,
2896 474 2979 546 οἷς
3011 481 3107 552 ὕλη
3127 478 3262 551 πρὸς
3286 473 3503 550 οἶστρον
3537 480 3569 546 ἡ
3601 474 3856 544 εὐθηνίσ.
3886 476 4021 543 πρδς

777 603 912 654 riam
946 596 1011 652 ad
1044 596 1323 652 stimulum
1384 591 1607 653 amoris,
1644 586 1889 642 incitavit
1919 581 1985 637 ad
2021 594 2140 634 eam
2163 590 2350 630 aman-

776 697 897 747 datn
926 699 1147 762 prepter
1174 689 1454 742 ﬂorentem
1486 684 1605 754 ejus
1632 682 1886 751 speciem.
1907 676 1999 730 Illa
2030 684 2207 729 autem
2241 685 2347 723 non

779 798 995 847 nutum,
1052 797 1158 837 non
1210 787 1444 848 gestum,
1482 790 1586 830 nec
1633 774 1925 843 quidquam
1976 767 2080 823 tale
2128 764 2351 817 omnino

779 878 1105 935 sustinente,
1138 874 1322 925 nullus
1358 885 1466 923 non
1527 867 1659 935 lapis
1692 866 1758 918 ab
1784 880 1849 917 eo
1899 859 2241 917 movebatur,
2294 865 2352 909 ut

783 970 846 1027 ad
878 967 1131 1021 edectum
1190 963 1413 1017 omnino
1442 960 1731 1015 deduceret
1769 957 1818 1008 id
1871 953 2014 1023 quod
2077 950 2354 1005 desidera-

781 1064 958 1123 batur;
995 1058 1128 1111 adeo
1154 1065 1211 1109 ut
1236 1056 1353 1123 ejus
1388 1052 1681 1106 familiares
1713 1058 1761 1101 et
1796 1047 2025 1107 vicinas.
2064 1044 2129 1097 ad
2159 1044 2259 1095 hoc
2301 1041 2352 1094 ei

783 1151 1164 1209 insanientes,
1223 1145 1441 1200 assidue
1499 1141 1889 1196 transmitteret
1931 1134 2189 1204 quidquid
2242 1139 2356 1185 erat

782 1240 1136 1296 desiderabile
1201 1246 1256 1291 et
1323 1234 1602 1289 blandiens
1652 1230 1929 1300 cupiditati
1984 1244 2040 1281 se
2105 1228 2351 1281 daturum

786 1334 1066 1402 pollicens.
1110 1330 1200 1383 illa
1230 1339 1409 1381 autem
1469 1326 1551 1378 his
1592 1324 1768 1377 verbis
1796 1332 1850 1376 et
1885 1319 2154 1374 illecebris
2188 1332 2353 1386 Oppo-

784 1426 944 1479 nebat
971 1424 1111 1476 diem
1144 1420 1330 1491 judicii
1360 1428 1413 1472 et
1442 1420 1685 1470 timorem
1705 1415 1998 1485 gehennae:
2030 1411 2168 1476 Quin
2194 1410 2354 1463 etiam

751 1511 755 1514 ’
789 1518 1077 1571 erubesco.
1113 1516 1347 1576 dicebat,
1380 1514 1463 1567 vel
1504 1512 1679 1579 ipsum
1713 1510 1879 1563 solem
1932 1505 2132 1560 habere
2164 1511 2352 1557 testem

788 1611 908 1665 talis
940 1610 1143 1680 ﬂagitii.
1179 1608 1331 1673 Quod
1364 1606 1580 1676 quidem
1606 1605 1829 1658 verbum
1888 1616 2010 1656 cum
2052 1596 2356 1669 apprehen-

786 1704 956 1761 disset
986 1719 1093 1754 una
1124 1717 1189 1755 ex
1217 1700 1374 1762 leuis,
1397 1700 1519 1751 mali
1555 1696 1923 1750 accessionem
1958 1693 2164 1747 habens
2185 1698 2355 1743 artem

786 1797 1072 1860 magicam,
1126 1794 1225 1845 hoc
1260 1791 1309 1844 ei
1350 1789 1633 1857 pr0posuit
1666 1786 2017 1855 probabiliter
2048 1799 2060 1835 :
2092 1781 2201 1834 Sed
2254 1781 2358 1833 hoc
2395 1816 2433 1869 Β

788 1883 1060 1952 inquiens,
1094 1899 1123 1936 a
1159 1893 1209 1937 te
1243 1882 1335 1935 ﬂat
1373 1890 1493 1950 post
1518 1880 1646 1933 solis
1681 1891 1930 1930 occasum
1966 1884 2021 1929 et
2050 1873 2232 1926 nullus
2261 1869 2363 1925 erit

786 1974 878 2041 qui
920 1982 969 2027 te
1002 1980 1287 2041 cognoscat
1320 1986 1333 2024 :
1364 1984 1539 2039 neque
1595 1968 1811 2021 futurus
1851 1975 1934 2019 est
1970 1964 2109 2018 ullus
2139 1960 2361 2016 omnino

790 2063 941 2115 testis
965 2063 1104 2131 apud
1141 2062 1327 2123 Deum,
1356 2072 1447 2113 aut
1480 2058 1621 2129 apud
1678 2058 1946 2112 homines.
2000 2053 2123 2108 Haec
2155 2052 2362 2107 audivit

786 2167 841 2207 et
868 2154 967 2207 fuit
1000 2169 1093 2205 cor
1117 2153 1233 2222 ejus
1263 2153 1511 2220 protinus
1553 2152 1787 2203 illectum
1820 2158 1873 2201 et
1898 2146 2200 2201 seductum.
2232 2145 2362 2199 Erat

791 2248 935 2299 enim
959 2246 1154 2299 mulier
1181 2261 1299 2313 qua:
1328 2254 1520 2297 natura
1545 2242 1702 2297 facile
1730 2241 1847 2311 capi
1874 2250 2051 2310 potest
2070 2250 2125 2293 et
2161 2239 2358 2306 decipi,

792 2351 847 2392 et
870 2338 1100 2393 maxime
1129 2336 1271 2406 quod
1301 2338 1535 2392 futurum
1572 2346 1716 2389 esset
1738 2344 1796 2389 ut
1819 2337 2015 2387 factum
2038 2332 2207 2384 Deum
2232 2330 2365 2381 late-

794 2447 896 2497 ret,
937 2449 1035 2503 per
1066 2434 1309 2487 fraudem
1342 2433 1625 2485 audiverat
1657 2442 1713 2486 et
1742 2430 2066 2485 crediderat.
2098 2427 2162 2479 Et
2190 2424 2267 2483 sic
2298 2423 2364 2480 ad

792 2525 1041 2579 ell'ectum
1073 2523 1359 2578 deductum
1392 2533 1473 2578 est
1511 2520 1708 2577 malum
1745 2525 1864 2600 ejus
1904 2522 2219 2577 consilium.

866 2617 955 2669 ΙΙΙ.
990 2615 1271 2685 Postquam
1300 2626 1476 2671 autem
1511 2634 1567 2672 re
1601 2617 1740 2671 faeta
1762 2633 1921 2685 quam
1978 2616 2153 2685 turpis
2179 2623 2234 2670 et
2270 2614 2358 2667 in-

795 2709 989 2763 decora
1010 2723 1096 2762 res
1130 2709 1200 2762 sit
1230 2719 1534 2776 peccatum,
1568 2710 1829 2779 agnoscit.
1860 2710 2083 2765 acerbos
2140 2691 2365 2763 ohabens

797 2802 1046 2855 stimulos
1076 2810 1128 2855 et
1171 2803 1327 2859 valde
1379 2814 1700 2873 compuncta
1736 2805 2071 2858 conscientia
2135 2802 2364 2856 cruciari

798 2896 978 2951 animo
1007 2895 1173 2962 coepit
1223 2904 1277 2948 et
1316 2912 1499 2951 amara
1555 2897 1677 2949 duci
1730 2896 2047 2964 poenitentia
2110 2894 2297 2949 dicens
2349 2910 2362 2946 :

800 2986 874 3037 Ex
927 2986 1067 3053 quali
1105 2986 1311 3040 honore
1334 2987 1400 3040 ad
1435 2997 1690 3056 quantam
1729 2987 1916 3039 transii
1984 2986 2361 3055 ignominiam!

805 3074 1164 3129 (Putl'uerunl
1193 3084 1245 3129 et
1277 3086 1541 3144 corrupt-ie
1572 3085 1699 3131 sunt
1722 3078 1999 3131 cicatrices
2017 3090 2147 3131 meae
2175 3093 2205 3131 a
2233 3077 2368 3130 facie

2452 576 2542 630 τὸν
2603 574 2806 645 ταύτης
2852 573 2940 628 διὰ
2995 574 3095 645 τὴν
3145 569 3487 626 ἐπανθοῦσαν
3553 568 3707 639 ὥραν
3764 566 4019 631 ἐκίνησεν

2453 668 2655 737 ἔρωτα.
2694 667 2940 736 Ἐκείνης
2991 666 3048 720 δὲ
3104 666 3179 735 μὴ
3234 665 3431 735 νεῦμα,
3490 662 3563 732 μὴ
3594 661 3804 731 σχῆμα,
3852 656 4015 728 μηδὲν

2452 762 2587 823 ὅλως
2615 760 2724 813 τῶν
2765 760 3024 812 τοιούτων
3078 757 3438 826 ἀνεχομένης,
3480 754 3627 815 λίθος
3671 752 3823 817 αὐτῴ
3873 751 4015 810 ἄπας

2454 854 2689 904 ἐκινεῖτο
2716 851 2815 904 τοῦ
2847 851 3066 912 πάντως
3106 852 3188 911 είς
3231 849 3392 918 ἔργον
3424 847 3651 912 ἀγαγεῖν
3687 844 3748 895 τὸ
3785 840 4016 893 ὑποθού-

2458 961 2657 1013 μενονο
2691 944 2766 1007 ὡς
2824 944 2918 996 καὶ
2974 943 3074 1003 τὰς
3135 941 3388 1009 συνήθεις
3441 938 3605 1005 αὐτῇ,
3664 932 3906 993 καὶτὰς
3958 933 4017 983 ὲκ

2457 1037 2716 1103 γειτόνων
2797 1034 2935 1103 πρὸς
2996 1032 3152 1085 τοῦτο
3229 1026 3699 1097 διακοσμουμένας
3778 1021 4018 1088 συνεχῶς

2453 1129 2859 1198 διαπέμπεσθαι
2888 1131 2996 1182 πᾶν
3025 1129 3162 1198 ὅπερ
3187 1128 3374 1194 ἐφετὸν
3396 1125 3489 1176 καὶ
3510 1125 3692 1176 σαῖνον
3720 1119 4019 1186 ἐπιθυμίαν

2454 1223 2646 1276 δώσειν
2678 1222 3170 1291 ἐπαγγελλόμενος.
3210 1220 3276 1273 'H
3306 1218 3363 1271 δὲ
3396 1219 3515 1278 τοῖς
3560 1215 3777 1285 ῥήμασι
3810 1211 4020 1271 τούτοις

2458 1313 2554 1364 καὶ
2607 1310 2977 1377 ύποκνίσμασι
3032 1310 3131 1378 τὴν
3190 1306 3291 1375 τῆς
3364 1306 3601 1373 κρίσεως
3652 1302 3879 1371 ἡμέραν
3934 1300 4023 1349 καὶ

2455 1406 2545 1456 τὸν
2580 1403 2680 1470 τῆς
2726 1404 2949 1470 γεέννης
3010 1398 3279 1453 ἀντετίθει
3326 1398 3530 1467 φόϐον
3581 1394 3722 1448 ἀλλὰ
3761 1392 3867 1461 μὲν
3910 1388 4018 1448 καὶ,

2457 1496 2561 1547 Τὸν
2589 1495 2741 1565 ἣλιον
2776 1492 3122 1563 αἰσχύνομαι,
3158 1491 3313 1560 φησὶ,
3348 1490 3599 1561 μάρτυρα
3644 1485 3742 1538 τοῦ
3776 1484 4019 1535 τοιούτου

2462 1593 2880 1664 μιάσματος.....
2908 1589 3218 1660 δραξαμένη
3262 1588 3511 1657 ῥήματος
3542 1585 3650 1636 τῶν
3678 1579 4023 1653 προαγωγῶν

2464 1687 2561 1755 μία
2600 1685 2923 1754 προσθήκην
2962 1681 3057 1736 τοῦ
3099 1680 3269 1735 κακοῦ
3320 1679 3415 1732 κα)⁵
3453 1678 3552 1745 τὴν
3602 1677 3781 1743 μάγον
3830 1674 4022 1741 ἔχουσα

2461 1778 2680 1846 τέχνην,
2750 1774 2995 1837 πιθανῶς
3051 1773 3214 1845 δῆθεν
3264 1773 3403 1841 αὐτῇ
3455 1770 3775 1839 προέτεινεν
3818 1786 3834 1800 ο
3868 1763 4023 1816 Ἀλλὰ

2468 1873 2605 1940 μετὰ
2629 1871 2835 1938 δυσμὰς
2865 1868 3036 1940 ἡλίου,
3066 1868 3311 1933 λέγουσα,
3337 1867 3454 1918 τόδε
3482 1881 3562 1915 σοι
3584 1858 3912 1932 πραχθὴτω,
3938 1859 4023 1909 καὶ

2463 1960 2586 2014 οὔτε
2627 1963 2751 2014 τινά
2787 1961 2879 2014 τὸν
2924 1961 3365 2028 συγγινώσκοντα
3390 1958 3552 2021 ἕξεις,
3586 1955 3712 2007 οὕτε
3749 1953 3861 2021 μὴν
3893 1951 4023 2019 πρὲς

2460 2055 2593 2109 Θεὸν
2648 2054 2679 2125 ἢ
2737 2055 2872 2124 πρὸς
2925 2053 3267 2124 ἀνθρώπους,
3333 2052 3585 2121 μάρτυρα
3639 2048 3701 2101 τὸ
3762 2047 4024 2114 παράπαν

2463 2150 2745 2218 ἐσόμενον,
2784 2148 2971 2200 Ταῦτα
3006 2149 3208 2217 ἢκουσέ
3246 2163 3305 2198 τε
3329 2187 3342 2207 ,
3390 2145 3484 2195 καὶ
3532 2142 3631 2209 τὴν
3662 2141 3901 2208 καρδίαν
3948 2138 4025 2190 εὖ-

2464 2236 2559 2300 θὺς
2597 2237 2970 2289 ὑποϐλέπεται
2996 2252 3009 2266 ·
3046 2236 3183 2301 γυνὴ
3220 2235 3329 2302 γὰρ
3364 2228 3430 2301 ἧν
3476 2231 3637 2297 φύσις
3682 2228 4026 2295 εὐεξαπάτη-

2464 2346 2554 2391 τος
2600 2329 2695 2381 καὶ
2742 2328 3038 2396 ἁλώσιμος,
3097 2326 3191 2378 καὶ
3246 2325 3482 2393 μάλιστα
3521 2324 3604 2374 ὅτι
3657 2320 3756 2372 καὶ
3806 2320 3944 2372 Θεὸν
3975 2320 4029 2371 τὸ

2465 2418 2712 2488 πραχθὲν
2737 2418 2890 2470 λάθοι
2922 2416 3155 2486 δολερῶς
3186 2416 3386 2485 ἤκουσε
3422 2415 3516 2466 καὶ
3559 2412 3861 2465 ἐπίστευσε
3893 2426 3907 2440 ·
3943 2412 4029 2463 καὶ

2463 2511 2638 2574 οὕτως
2669 2512 2748 2575 είς
2785 2510 2945 2580 ἔργον
2980 2508 3140 2579 ἐξέϐη
3173 2506 3231 2560 τὸ
3263 2504 3497 2575 πονηρὸν
3528 2503 3804 2572 βούλημα.

2538 2603 2612 2660 Γ.
2676 2604 2830 2655 Ἐπεὶ
2880 2604 2956 2666 δὲ,
3014 2601 3155 2669 μετὰ
3195 2600 3293 2667 τὴν
3342 2596 3559 2664 πρᾶξιν,
3612 2594 3763 2651 ὃπως
3807 2588 4027 2657 alar)»

2468 2694 2563 2748 xui.
2593 2695 2832 2762 ἄσεμνον
2859 2695 2891 2762 ἡ
2917 2690 3165 2760 ἁμαρτία
3204 2685 3554 2755 γνωρίζεται,
3588 2682 3797 2751 πικρὰς
3840 2680 4031 2747 ἔχουσα

2467 2790 2563 2851 τὰς
2588 2788 2779 2850 ἀκίδας
2809 2786 2903 2838 καὶ
2946 2782 3186 2856 ἰσχυρῶς
3215 2780 3276 2833 τὸ
3315 2779 3556 2841 συνειδὸς
3599 2776 4027 2841 καταξαίνουσα,

2469 2882 2563 2933 καὶ
2615 2879 2850 2949 μάλιστα
2890 2876 2985 2930 τοῦ
3031 2874 3339 2947 πράξαντος
3387 2873 3581 2941 σεμνὸν
3650 2871 3712 2923 τὸ
3766 2871 4028 2938 πρότερον

2475 2973 2903 3044 μεωδιὼκοντος
2973 2970 3086 3040 βίον
3149 2972 3244 3022 καὶ
3307 2968 3594 3037 φιλοσοφίᾳ.
3664 2967 4029 3035 προσέχοντος

2470 3066 2704 3133 ἤρξαντο
2759 3063 2855 3113 καὶ
2906 3062 3044 3127 αὑτὴ
3104 3057 3521 3127 σπαράττεσθαι
3561 3056 3661 3126 τὴν
3712 3056 3899 3124 ψυχὴν
3944 3053 4030 3105 καὶ

801 3167 1126 3235 insipientia».
1158 3184 1295 3222 mea;
1335 3171 1387 3233 ¹;
1422 3188 1440 3218 ι
1472 3177 1525 3223 et
1560 3188 1570 3222 :
1606 3190 1621 3218 ι
1653 3170 1926 3226 Conversa
1977 3187 2095 3225 sum
2137 3170 2193 3222 in
2226 3182 2364 3222 inru-

2472 3154 2665 3230 πικρὸν
2707 3148 2818 3204 οἷον
2864 3151 2953 3204 τὸν
2988 3151 3290 3221 μετάμελον
3335 3150 3587 3219 δέχεσθαι
3615 3165 3629 3180 ·
3682 3150 3783 3210 E5;
3826 3150 3943 3201 οἵαν
3978 3145 4028 3209 ἐξ

802 3275 1004 3322 mnam,
1048 3262 1176 3317 dum
1224 3262 1387 3317 inﬁxa
1418 3272 1504 3317 est
1537 3263 1666 3318 mihi
1695 3265 1870 3333 Spina.
1914 3281 1932 3313 ι
1972 3262 2093 3317 Haec
2154 3261 2368 3317 dicebat

801 3363 855 3405 et
884 3353 1237 3422 lacrymarum
1285 3356 1567 3409 emittebat
1624 3356 1804 3407 fontes
1860 3352 2083 3435 calidos,
2125 3354 2203 3408 sic
2244 3367 2369 3420 pec-

801 3447 907 3496 cati
938 3446 1255 3515 abstergens
1309 3446 1554 3500 fuatorem
1609 3456 1664 3501 ct
1710 3431 2130 3501 deformitatem.
2158 3431 2382 3513 Conjux.

801 3541 981 3589 autem
1012 3538 1268 3606 ignorans
1300 3553 1526 3593 causam
1567 3539 1684 3606 ejus
1728 3539 1982 3597 tristitiae,
2009 3537 2189 3589 omnia
2215 3536 2368 3588 dice-

802 3623 894 3674 bat
919 3633 971 3673 et
993 3622 1247 3685 faciebat,
1300 3639 1421 3676 eam
1461 3626 1750 3678 consolans
1780 3634 1834 3675 et
1863 3638 1961 3692 pro
2011 3624 2221 3675 viribus
2247 3636 2368 3675 eam

800 3729 1006 3768 conans
1064 3729 1329 3769 recreare.
1378 3713 1482 3769 Sed
1529 3715 1637 3778 illa,
1667 3723 1893 3784 peccato
1935 3723 2186 3783 tanquam
2237 3729 2371 3783 quo-

799 3807 925 3860 dam
993 3807 1171 3861 ulcere
1234 3809 1437 3861 interna
1490 3814 1815 3877 deposcente
1864 3817 1920 3861 et
1996 3806 2367 3877 cogitationem

801 3911 911 3952 non
936 3899 1151 3952 sinente
1181 3899 1483 3968 quiescere,
1516 3908 1632 3952 erat
1678 3899 2105 3961 inconsolabilis,
2161 3908 2215 3951 et
2248 3899 2370 3950 nul-

801 3989 904 4043 lam
963 3991 1280 4045 attendebat
1341 3991 1668 4054 orationem,
1732 4007 1851 4058 quae
1900 4003 2021 4043 eam
2073 3994 2368 4041 recrearet.

802 4081 1098 4147 Pmpterca
1126 4082 1317 4135 statuit
1353 4082 1536 4134 venire
1571 4081 1637 4133 ad
1662 4095 1825 4133 unum
1876 4096 1941 4132 ex
1980 4080 2147 4134 sacris
2182 4095 2368 4134 mona-

804 4171 1009 4235 steriis,
1052 4171 1105 4225 in
1142 4187 1250 4240 quo
1314 4173 1415 4243 pia:
1455 4172 1855 4226 exercebantur
1887 4171 2118 4233 femime,
2182 4182 2236 4226 et
2289 4171 2367 4225 sic

804 4265 984 4332 aliqua
1049 4264 1259 4318 ratione
1317 4280 1508 4333 parare
1563 4266 1665 4319 sibi
1727 4265 2173 4318 consolationem.
2230 4262 2366 4317 Cum

804 4369 933 4424 ergo
964 4355 1207 4419 abiisset,
1249 4364 1305 4409 et
1354 4355 1473 4423 ejus
1522 4369 1640 4423 quae
1692 4363 1921 4424 praeerat
1970 4354 2137 4422 pedes
2171 4367 2367 4421 appre-

2469 3246 2583 3305 οἵας
2612 3244 2774 3313 τιμῆς
2801 3243 2897 3313 την
2946 3242 3209 3312 αἰσχύνην
3249 3242 3449 3309 μετέϐη
3490 3241 3503 3292 l
3539 3238 3907 3308 Προσώζεσαν
3945 3235 4027 3284 καὶ

2469 3338 2751 3403 ὲσάπησαν
2777 3338 2824 3385 οἱ
2858 3335 3122 3402 μώλωπες
3154 3351 3280 3400 μου,
3306 3333 3562 3397 λέγουσα,
3596 3331 3704 3380 ἀπὸ
3746 3326 4027 3394 προσώπου

2469 3434 2568 3500 τῆς
2596 3428 2907 3499 ἀφροσύνης
2926 3430 3065 3496 μου,
3118 3427 3213 3480 καὶ
3244 3427 3325 3476 ὅτι
3361 3423 3605 3493 ἐτράφην
3640 3423 3723 3482 εἰς
3756 3420 4026 3471 ταλαιπω-

2476 3522 2619 3592 ρίαν,
2663 3522 2718 3572 ὲν
2746 3520 2821 3588 τῷ
2850 3517 3168 3589 ὲμπαγῆνοίί
3202 3535 3287 3586 μοι
3320 3514 3582 3569 ἄκανθαν,
3664 3514 3860 3565 Ταῦτα
3889 3514 4027 3577 ἔλεγέ

2470 3629 2529 3666 τε
2593 3614 2685 3665 καὶ
2721 3613 2929 3681 θερμὰς
2962 3608 3216 3681 δακρύων
3246 3609 3398 3679 ηῳίει
3442 3607 3652 3677 πηγὰς,
3709 3606 3775 3658 τὸ
3809 3605 4029 3665 δυσῶδες

2469 3706 2611 3759 οὕτω
2654 3708 2749 3759 καὶ
2792 3706 3027 3766 ἀκαλλὲς
3073 3706 3171 3773 τῆς
3218 3702 3495 3772 ἁμαρτίας
3556 3699 4029 3769 ἀποκαθαίρουσα.

2492 3790 2549 3844 '0
2579 3792 2762 3860 μέντοι
2802 3791 3071 3854 σύνοίκος,
3097 3792 3193 3860 τὴν
3236 3791 3414 3843 αἰτίαν
3447 3791 3546 3855 τῆς
3574 3789 4030 3859 σκυθρωπότητος

2470 3882 2699 3951 ἀγνοῶν,
2757 3883 2932 3935 πάντα
2984 3897 3045 3934 τε
3103 3882 3257 3947 ἔλεγε
3311 3881 3405 3932 καὶ
3462 3882 3640 3932 ἐποίει
3698 3883 4029 3951 παρηγορῶν

2470 3976 2655 4047 αὐτὴν,
2699 3976 2791 4029 καὶ
2825 3980 2922 4047 ὅση
2947 3975 3196 4045 δύναμις,
3232 3973 3639 4043 ἀναλαμϐάνειν
3669 3976 4027 4043 πειρώμενκ·

2467 4071 2585 4124 ἀλλ’
2619 4070 2803 4139 ἐκείνη
2828 4070 3016 4139 ὥσπερ
3051 4071 3194 4132 τινὸς
3226 4069 3416 4132 ’ἐλκους
3456 4067 3557 4138 τῆς
3590 4070 3882 4138 ἁμαρτίας
3926 4069 4030 4120 δια-

2469 4163 2807 4231 ϐοσκομένης
2859 4160 2925 4214 τὰ
2968 4160 3137 4223 ἔνδον,
3203 4161 3298 4213 καὶ
3344 4162 3434 4212 τὸν
3477 4159 3745 4226 λογισμὸν
3812 4162 4029 4230 ἠρεμεῖν

2467 4253 2565 4303 οὐκ
2621 4253 2825 4319 ἐώσης,
2859 4250 3246 4318 ἀπαράκλητος
3282 4246 3351 4319 ἦν
3389 4248 3481 4299 καὶ
3512 4248 3691 4299 οὐδενὶ
3726 4248 3874 4315 λόγῳ
3904 4267 4032 4315 παρ-

2470 4343 2762 4412 ηγοροῦντι
2803 4344 3163 4411 προσέχουσα.
3195 4342 3293 4394 Διὰ
3322 4338 3493 4391 ταῦτα
3534 4340 3632 4391 καὶ
3685 4342 3769 4400 εἰς
3804 4341 3863 4391 ἓν
3905 4342 4033 4403 ἔγνω

808 4447 1109 4511 hendisset,
1149 4462 1267 4502 eam
1304 4447 1460 4502 valde
1495 4447 1721 4519 rogabat
1745 4458 1797 4501 et
1831 4446 2072 4517 petebat,
2102 4455 2363 4515 utquam-

2470 4438 2578 4492 τῶν
2620 4436 2779 4507 ίερῶν
2812 4434 3109 4504 ἀφικέσθαι
3142 4430 3590 4504 φροντιστηρίων,
3626 4432 3683 4484 ἐν
3705 4426 3753 4499 ᾧ
3785 4434 4031 4498 γυναῖκες

806 4543 1049 4610 primum
1107 4540 1395 4593 aﬂ'erretur
1448 4540 1691 4594 divinum
1757 4538 2125 4607 Evangelium.
2192 4542 2365 4593 Causa

808 4636 990 4680 autem
1021 4635 1158 4691 erat,
1185 4635 1243 4680 ut
1278 4626 1404 4680 hinc
1430 4625 1629 4680 certior
1659 4625 1830 4689 ﬁeret,
1867 4640 1935 4678 an
1964 4625 2109 4693 quod
2140 4640 2369 4693 vespere

808 4718 857 4773 ei
898 4722 1100 4772 factum
1155 4720 1353 4779 fuerat,
1386 4718 1646 4771 evasisset
1669 4716 1893 4771 evidens
1939 4715 2033 4769 Dei
2086 4715 2275 4770 oculis.
2305 4716 2373 4769 Et

810 4810 964 4881 quid,
998 4810 1073 4862 ait
1117 4809 1166 4863 ei
1225 4809 1500 4877 praelecta,
1535 4820 1621 4863 est
1657 4809 1767 4863 Deo
1806 4808 2182 4879 incognitum?
2230 4807 2369 4862 Num

809 4902 958 4956 enim
994 4900 1158 4971 (sicut
1188 4901 1263 4954 ait
1304 4900 1521 4955 divinus
1561 4900 1726 4954 David
1760 4900 1801 4966 ³)
1837 4901 1930 4974 qui
1980 4899 2245 4969 plantavit
2270 4916 2365 4953 au-

809 5011 922 5048 rem
947 5011 1055 5048 non
1096 4995 1291 5049 audit?
1337 5007 1429 5049 aut
1465 4995 1556 5063 qui
1593 4994 1747 5048 tinxit
1805 4994 2021 5049 oculum
2072 5009 2184 5048 non
2234 5009 2370 5047 cou—

812 5086 1037 5151 siderat,
1076 5086 1163 5140 cui
1202 5088 1287 5140 vel
1314 5088 1428 5156 ipse
1458 5088 1665 5155 primus
1711 5095 1766 5141 et
1804 5087 1960 5141 exilis
1991 5086 2170 5141 cordis
2202 5085 2372 5141 nostri

812 5188 995 5232 motus
1056 5179 1242 5232 evadit
1294 5179 1660 5232 manifestus?
1696 5180 1800 5233 Sed
1838 5180 1884 5232 si
1929 5180 2170 5235 dolorem
2235 5179 2373 5235 nolis

816 5269 1014 5326 habere
1079 5269 1463 5333 intensiorem,
1525 5270 1658 5325 mihi
1716 5283 1925 5339 expone
1968 5271 2222 5338 quidnam
2282 5272 2373 5338 sit,

814 5361 961 5430 quod
1005 5371 1156 5415 tuum
1190 5360 1709 5429 mordetanimum;
1749 5375 1799 5418 et
1836 5362 2067 5417 fortasse
2090 5364 2244 5419 nobis
2262 5381 2371 5420 non

813 5451 983 5506 deerit
1045 5453 1367 5507 remedium.
1427 5451 1522 5506 Illa
1578 5464 1756 5507 autem
1812 5454 2187 5509 recordatione
2236 5456 2372 5523 ejus,

815 5550 960 5613 quod
997 5546 1199 5599 factum
1250 5544 1451 5611 fuerat,
1502 5558 1769 5600 commota
1814 5547 1881 5601 ad
1907 5548 2194 5617 lacrymas,
2232 5550 2373 5617 quod

816 5637 883 5690 ab
911 5636 1065 5690 initio
1092 5636 1339 5706 petierat,
1366 5638 1547 5691 denuo
1576 5631 1957 5705 petiitChristi
1994 5637 2368 5709 Evangelium.

892 5811 902 5838 ί
937 5810 1071 5862 Psal.
1104 5824 1303 5868 xxvvtt.
1334 5810 1387 5864 6.
1464 5812 1483 5841 ³
1520 5808 1660 5864 Psal.
1692 5824 1833 5873 xui,
1868 5809 1916 5862 4.
1996 5810 2013 5839 ³
2040 5806 2182 5861 Psal.
2221 5822 2368 5871 xcttt,
2396 5808 2449 5862 9.

2469 4532 2734 4600 ἠσκοῦντο
2760 4528 3053 4592 θεοσεϐεῖς,
3080 4529 3177 4582 καὶ
3210 4525 3357 4582 οὕτω
3389 4526 3590 4595 τρόπον
3621 4526 3751 4577 τινὰ
3782 4524 4033 4595 impediu-

2469 4625 2571 4693 χ’ἡς
2633 4625 2804 4691 ἑαυτῇ
2856 4621 3298 4691 μηχανήσασθαι.
3348 4616 3690 4671 Ἀπελθοῦσα
3744 4616 3885 4683 γοῦν
3953 4616 4033 4669 καὶ

2466 4715 2577 4769 τῶν
2608 4714 2705 4782 τῆς
2742 4712 3095 4781 προεστώσης
3125 4709 3401 4778 λαϐομένη
3452 4707 3629 4759 ποδῶν
3653 4746 3668 4770 ,

2466 4804 2536 4879 ἦν
2585 4807 2812 4877 δεομένη
2854 4805 3079 4873 ταύτης,
3110 4802 3206 4856 καὶ
3243 4802 3304 4855 τὸ
3339 4802 3480 4855 θεῖον
3516 4800 3863 4869 Εύαγγέλιον
3910 4818 4035 4871 παρ·

2468 4900 2702 4969 αχθῆναι
2758 4896 2819 4949 τὸ
2869 4896 3032 4966 τάχος
3081 4894 3310 4948 αίτοῦσα
3340 4909 3353 4922 ·
3405 4893 3496 4946 καὶ
3540 4894 3603 4946 τὸ
3661 4892 3850 4945 αἴτιον
3910 4891 4034 4944 ὥστε

2469 4992 2849 5061 πληροφορίαν
2901 4989 3115 5041 ἐκεῖθεν
3170 4986 3397 5049 λαϐεῖν,
3468 4985 3515 5036 εί
3571 4984 3634 5036 τὸ
3693 4984 4034 5054 διαπραχθὲν

2470 5087 2709 5156 ἑσπέρας
2727 5086 2865 5152 αὐτῇ
2891 5084 3001 5144 τοῖς
3021 5081 3114 5134 τοῦ
3135 5078 3270 5131 Θεοῦ
3289 5077 3445 5147 δῆλον
3468 5079 3689 5146 γέγονεν
3712 5078 4031 5146 ὀφθαλμοῖς.

2471 5179 2580 5231 Καὶ
2613 5178 2685 5241 τί,
2726 5176 2887 5243 φησίν
2936 5177 2969 5244 ἡ
3015 5172 3402 5241 καθηγουμένη
3430 5170 3566 5240 πρὸς
3598 5169 3800 5239 αὐτὴν,
3853 5172 4034 5241 iam“.

2472 5284 2562 5321 ται
2595 5266 2669 5336 τῷ
2723 5266 2881 5336 Θεῷς
2923 5264 3014 5331 Μὴ
3073 5264 3181 5333 γάρ
3218 5261 3312 5330 (ὡς
3368 5260 3396 5312 ὁ
3449 5259 3590 5320 θεῖος
3636 5257 3742 5330 ἔφη
3796 5262 4034 5327 Auct-sle

2472 5359 2746 5427 φυτεύσας
2797 5359 2856 5409 τδ
2901 5351 2991 5417 οὖς
3034 5356 3153 5423 οὐχὶ
3209 5352 3436 5414 ἀκούεις
3489 5350 3520 5421 ἢ
3589 5352 3617 5403 ὁ
3687 5352 3920 5415 πλάσας
3960 5356 4033 5402 τὸν

2473 5448 2750 5517 ὀφθαλμὸν
2779 5446 2902 5514 οὐχὶ
2946 5444 3241 5503 κατανοεῖ,
3391 5438 3487 5491 καὶ
3520 5439 3658 5509 αὑτὴ
3703 5438 3912 5508 πρώτη
3956 5441 4035 5491 καὶ

2476 5540 2646 5612 λεπτὴ
2709 5540 2921 5608 κίνησις
2973 5539 3070 5607 τῆς
3129 5532 3357 5603 καρδίας
3410 5531 3571 5603 ἡμῶν
3619 5528 3761 5599 δήλη
3815 5532 4036 5598 γίνεται,

2479 5636 2645 5705 πλὴν,
2677 5635 2724 5687 εἱ
2774 5633 2847 5703 μὴ
2901 5631 3113 5702 μέλλοις
3162 5627 3454 5681 ἐπιτείνειν
3503 5626 3565 5680 τδ
3614 5623 3891 5695 ἄλγημα,
3929 5624 4037 5691 ipsi

3752 4710 3932 4778 πολλή
3964 4726 4034 4769 τις
