4156 6314
805 354 907 417 671

2025 373 2312 434 ΜΕΝὸΙὸ
2351 370 2817 435 SEPTEMBER.
3939 370 4034 432 ϐ’ἓῖ

796 470 931 526 foris
972 474 1132 529 etiam
1187 479 1506 545 serviturus,
1556 492 1609 537 et
1659 486 1874 554 quando
1927 502 2057 543 usus
2105 489 2362 558 exegerit.

2475 493 2934 558 παραιτοῦμενος.
2981 487 3055 540 Ού
3106 484 3213 556 μὴν
3243 484 3396 541 ἔσται
3431 502 3513 538 σοι
3540 482 3718 537 ταῦτα
3762 481 4033 552 πρόφασις

798 571 857 617 ut
907 578 1003 619 eas
1053 567 1109 620 in
1158 568 1455 637 civitatem,
1498 576 1720 632 minime
1768 588 2137 637 recusaturus.
2171 581 2361 651 Neque

799 662 981 709 tamen
1036 658 1135 713 hoc
1181 675 1445 731 praetextu
1498 672 1829 737 contemptui
1877 672 2103 728 habebis
2144 675 2361 731 labores

797 749 1221 817 exercitationis,
1279 758 1371 811 sed
1448 771 1660 828 oportet
1734 764 2089 822 nihilosecius
2164 784 2361 823 vacare

792 838 1003 907 jejunio
1046 854 1101 896 et
1142 846 1401 911 orationi,
1444 861 1497 905 et
1531 854 1597 908 de
1651 870 1800 910 more
1852 860 2104 926 psallere,
2143 875 2357 929 vesper-

800 928 1083 999 tinamque
1132 944 1188 989 et
1244 942 1567 995 matutinam
1617 944 2062 1013 glorificationem
2117 928 2362 1019 quotidie

798 1033 1102 1087 peragere;
1158 1039 1422 1093 praeterea
1481 1041 1660 1087 autem
1725 1052 1829 1091 nec
1888 1039 2165 1106 horarum,
2237 1057 2357 1111 quae

798 1122 1081 1180 vocantur,
1147 1117 1307 1172 ullam
1383 1127 1845 1193 prastermittere;
1907 1131 2035 1199 quin
2087 1134 2250 1187 etiam
2306 1135 2360 1188 in

795 1206 1027 1270 genibus
1082 1206 1364 1265 ﬂectendis
1410 1213 1675 1281 laborare,
1729 1226 1783 1273 et
1835 1220 1913 1276 sic
1973 1237 2171 1293 corpus
2230 1224 2361 1278 allii-

796 1309 923 1360 gere
979 1308 1202 1365 propter
1248 1302 1475 1359 insidias
1520 1320 1708 1361 eorum
1758 1310 1850 1379 qui
1900 1312 2096 1368 bellum
2144 1324 2358 1386 gerunt.

794 1384 972 1452 Atque
1014 1388 1168 1445 beata
1208 1394 1455 1461 quidem,
1501 1411 1624 1451 cum
1665 1400 1775 1455 haec
1816 1403 1998 1457 omnia
2038 1404 2150 1459 suis
2201 1421 2361 1460 acce-

797 1477 966 1543 pisset
1037 1483 1279 1548 auribus,
1343 1495 1397 1539 et
1473 1503 1534 1542 ea
1594 1505 1714 1545 esse
1788 1502 2051 1563 putasset,
2105 1507 2362 1565 tanquam

796 1569 1007 1638 aliquas
1073 1574 1267 1630 animae
1340 1579 1584 1649 delicias,
1636 1600 1759 1638 cum
1838 1603 2037 1658 magno
2086 1600 2142 1644 et
2201 1590 2363 1646 alacri

794 1658 962 1712 animi
1019 1664 1198 1718 studio
1262 1682 1321 1722 se
1371 1685 1433 1723 ea
1487 1686 1605 1726 esse
1664 1673 1926 1731 facturam
1975 1686 2057 1731 est
2104 1679 2361 1748 pollicita.

803 1748 870 1804 Et
922 1750 1001 1805 sic
1066 1755 1372 1813 admittitur
1440 1762 1498 1815 in
1574 1766 1826 1820 eumdem
1905 1768 2150 1825 ordinem
2235 1785 2359 1827 cum

794 1843 1017 1913 egregio
1061 1846 1151 1902 illo
1189 1851 1359 1906 choro
1410 1856 1828 1913 monachorum.

869 1935 928 1989 V.
959 1937 1226 2003 Quoniam
1258 1953 1439 2001 autem
1465 1950 1581 2018 ejus
1614 1964 1735 2007 cum
1775 1954 1883 2010 Deo
1911 1966 2066 2026 pacta
2116 1974 2362 2014 conven-

796 2034 847 2078 ta
883 2025 1060 2083 futura
1094 2043 1249 2087 erant
1275 2052 1418 2101 vera,
1453 2049 1506 2093 et
1536 2056 1566 2095 a
1590 2043 1873 2099 mendacio
1937 2048 2133 2112 aliena,
2184 2051 2363 2106 valere

789 2117 992 2185 jubens
1022 2136 1241 2181 omnem
1280 2130 1459 2184 carnis
1494 2133 1856 2202 prudentiam,
1890 2151 1948 2192 se
1975 2140 2159 2194 statim
2214 2143 2364 2197 exuit

794 2208 863 2261 ad
896 2214 1217 2281 certamina,
1249 2219 1452 2275 nullam
1512 2239 1740 2291 moram,
1818 2243 1994 2299 neque
2040 2243 2361 2301 praetextum

797 2300 965 2355 ullum
998 2304 1256 2371 all‘erens,
1288 2325 1397 2378 quo
1422 2313 1601 2368 minus
1640 2318 1991 2375 ministraret.
2041 2300 2186 2376 iCum
2236 2340 2365 2395 ergo

796 2400 921 2445 octo
971 2410 1148 2451 annos
1217 2402 1457 2469 quotidie
1512 2419 1887 2475 perseveraret
1940 2411 1991 2464 in
2052 2413 2363 2484 irrigatione

795 2483 1101 2551 plantarum
1167 2500 1220 2545 et
1275 2493 1504 2561 olerum,
1557 2511 1675 2568 qua:
1737 2516 1891 2555 usum
1930 2483 2239 2573 prebebant
2299 2509 2364 2565 iis

796 2578 889 2644 qui
928 2582 1162 2635 erantin
1200 2590 1553 2654 monasterio,
1601 2593 1947 2663 molendique
2005 2608 2058 2652 et
2109 2599 2358 2670 pinsendi

798 2666 1134 2725 frumentum
1164 2684 1219 2727 et
1249 2676 1312 2729 ad
1341 2693 1534 2745 panem
1568 2686 1907 2751 praeparandi
1935 2666 2134 2743 munus
2158 2692 2362 2745 nihilo-

796 2760 978 2811 secius
1000 2775 1412 2833 exsequeretur,
1435 2777 1490 2823 et
1524 2785 1785 2841 coqueret
1814 2775 1934 2830 olus
1986 2794 2091 2847 quo
2139 2794 2196 2835 se
2248 2782 2361 2836 ale-

796 2848 929 2904 bant
961 2854 1050 2921 qui
1102 2870 1301 2926 corpus
1356 2863 1646 2918 studebant
1688 2867 2032 2939 mortificare,
2086 2887 2361 2942 nunquam

798 2951 980 2997 tamen
997 2946 1171 3002 abfuit
1199 2966 1226 3002 a
1259 2953 1468 3020 synaxi,
1496 2970 1614 3023 quae
1643 2960 2003 3029 peragebatur
2028 2964 2082 3017 in
2107 2966 2359 3032 ecclesia,

796 3035 894 3087 sed
926 3038 1061 3089 inea
1092 3056 1306 3110 quoque
1335 3044 1482 3113 pium
1526 3062 1683 3099 suum
1742 3052 2062 3106 ostendebat
2097 3058 2361 3111 animum.

2470 578 2607 648 πρὸς
2645 579 2772 641 τοὺς
2810 576 3146 647 ἀσκητικοὺς
3182 576 3381 640 πόνους
3412 576 3722 645 ὀλιγωρεῖν,
3772 573 3917 626 ἀλλά
3950 578 4035 627 καὶ

2463 667 2606 722 οὓτω
2644 670 2841 739 μᾶλλον
2887 669 3311 737 ἀπαραλείπτως
3357 671 3582 738 νηστείᾳ.
3641 668 3723 720 δεῖ
3770 684 3832 720 σε
3870 684 4035 736 προσ-

2460 760 2675 830 ανέχειν
2726 762 2819 813 καὶ
2864 761 3165 829 προσευχῇ,
3204 759 3485 828 ψάλλαντα
3523 758 3773 827 συνήθως
3809 761 3909 811 καὶ
3948 758 4035 827 τὴν

2465 848 2763 918 ἑσπερινὴν
2846 849 3119 918 ὁσημέραι
3198 850 3294 902 καὶ
3368 848 3630 920 ὀρθρινὴν
3717 848 4031 915 δοξολογίαν

2463 938 2734 992 ἐπιτελεῖν
2768 959 2782 972 ο
2860 941 2997 1012 πρὸς
3048 940 3105 993 δὲ
3164 941 3261 993 καὶ
3314 942 3420 995 τῶν
3463 942 3831 1011 καλουμένων
3885 942 4031 1008 ὡρῶν

2470 1030 2745 1100 μηδεμίαν
2807 1033 3292 1104 παραλιμπάνειν,
3343 1035 3782 1103 προσπονεῖσθαι
3834 1034 3896 1086 δὲ
3949 1034 4031 1085 καὶ

2463 1123 2709 1189 γονάτων
2754 1125 2953 1191 κλίσει,
3011 1127 3105 1179 καὶ
3165 1126 3307 1179 οὕτω
3351 1125 3575 1194 τρύχειν
3625 1126 3688 1178 τὸ
3729 1125 3900 1194 σῶμα
3950 1127 4028 1177 διὰ

2462 1214 2564 1277 τὰς
2614 1215 2824 1270 ἐκεῖθεν
2882 1217 2990 1269 τῶν
3039 1217 3425 1287 πολεμούντων
3460 1217 3782 1279 ἐπιϐουλάς.
3834 1218 3903 1270 Ἢ
3938 1233 4031 1283 μα-

2465 1303 2633 1371 καρία
2679 1306 2776 1374 μὲν
2834 1301 3138 1371 οὗν,’ταυτ“ι
3180 1306 3357 1360 πάντα
3401 1306 3619 1361 ἐνθεῖσα
3666 1310 3791 1369 ταῖς
3825 1308 4028 1372 ἀκοαῖς,

2467 1397 2563 1449 καὶ
2592 1396 2781 1467 ὣσπερ
2804 1414 2856 1450 τι
2883 1397 3062 1468 ψυχῆς
3102 1395 3243 1452 εἶναι
3291 1398 3624 1469 λογισαμένη
3679 1397 4028 1467 ὲντρύφημα,

2470 1489 2608 1556 μετά
2670 1488 2875 1557 πολλῆς
2933 1489 3076 1543 αὐτὰ
3128 1491 3227 1560 τῆς
3282 1490 3595 1559 προθυμίας
3662 1489 4027 1556 ἐπηγγείλατο

2465 1580 2769 1648 πράττειν,
2835 1581 2932 1634 καὶ
2989 1581 3161 1643 οὕτως
3214 1581 3483 1653 ὁμοτελὴς
3528 1581 3606 1651 τῷ
3650 1580 3807 1650 καλῷ
3843 1578 4027 1647 ἐκείνῳ

2467 1670 2578 1721 τῶν
2606 1671 2857 1741 μοναχῶν
2912 1672 3060 1743 χορῷ
3087 1673 3320 1741 γίνεται.

2539 1940 2613 1995 E'.
2666 1942 2821 1995 Ἐπεὶ
2855 1942 2913 1995 δὲ
2956 1945 3011 1996 ai
3056 1944 3190 2014 πρὸς
3238 1945 3373 2000 Θεὸν
3429 1947 3600 2018 αὐτῆς
3642 1949 3918 2018 συνθῆκαι
3977 1953 4031 2003 τὸ

2465 2034 2694 2102 ἀψευδὲς
2720 2037 2867 2101 έξειν
2899 2038 3126 2106 ἔμελλον
3150 2081 3165 2104 ,
3200 2040 3336 2093 πᾶσι
3365 2042 3477 2105 τοῖς
3508 2043 3606 2111 τῆς
3650 2046 3861 2112 σαρκὸς
3906 2062 4027 2114 φρο-

2467 2130 2675 2199 νήμασι
2730 2129 2944 2200 χαίρειν
2994 2131 3261 2196 εἰποῦσα,
3315 2132 3479 2197 εὐθὺς
3526 2134 3840 2188 ἀπεδύσατο
3900 2137 4027 2205 πρὸς

2465 2221 2842 2293 τοὺςπὸνους,
2872 2223 3079 2293 μηδένα
3104 2225 3272 2278 ὄκνον
3303 2225 3441 2295 μηδὲ
3496 2225 3774 2295 πρόφασιν
3816 2228 3896 2287 εἰς
3922 2228 4029 2279 δια-

2466 2312 2653 2363 κονίαν
2701 2314 3137 2385 προϐαλλομένη.
3185 2318 3335 2370 Είσιν
3387 2313 3480 2371 οὖν
3520 2319 3664 2372 ὀκτὼ
3702 2321 3767 2387 τῇ
3831 2335 3892 2371 τε
3929 2320 4030 2371 τῶν

2468 2400 2651 2469 φυτῶν
2692 2402 2883 2475 ἀρδείᾳ
2914 2404 3006 2457 καὶ
3042 2405 3151 2458 τῶν
3195 2406 3445 2475 λαχάνων
3483 2406 3518 2461 ἃ.
3557 2411 3671 2470 τοῖς
3705 2410 3763 2460 ὲν
3796 2412 3865 2479 τῇ
3897 2402 4025 2477 μονῇ

2466 2493 2564 2561 τὴν
2594 2495 2784 2564 χρείαν
2816 2498 3099 2567 παρεῖχεν,
3126 2498 3245 2551 ὅσαι
3274 2498 3476 2568 ἡμέραι
3516 2502 4023 2572 προσκαρτεροῦσι·

2465 2585 2558 2638 τοῦ
2594 2603 2652 2638 τε
2684 2586 2906 2657 ἀλήθειν
2932 2589 3023 2642 τὸν
3051 2592 3195 2644 σῖτον
3236 2593 3330 2643 καὶ
3366 2594 3573 2662 τρυγᾷν
3610 2594 3669 2645 τὸ
3712 2594 4024 2663 ἀλούμενον,

2467 2679 2561 2732 καὶ
2592 2681 2907 2751 εἰςᾶρτους
2943 2680 3412 2750 παρασκευάζειν,
3473 2684 3568 2753 οὐχ
3623 2685 4023 2754 ὑστερίζουσι,

2466 2767 2675 2837 ἕψουσὰ
2713 2787 2771 2822 τε
2807 2770 2867 2823 τὸ
2905 2770 3135 2841 λάχανον
3165 2765 3209 2839 ᾧ
3239 2771 3333 2825 καὶ⁵
3376 2774 3685 2844 ἀπέτρεφον
3723 2776 3953 2838 ἑαυτοὺς
3984 2777 4024 2827 οἱ

2468 2860 2694 2931 νεκροῦν
2725 2862 2784 2915 τὸ
2816 2863 2973 2934 σῶμα
3014 2865 3430 2932 σπουδάζοντες,
3457 2869 3577 2920 οὐδὲ
3600 2869 3701 2937 τῆς
3735 2871 3793 2921 ὲν
3836 2872 4026 2939 ἐκκλη-

2468 2955 2559 3025 σίᾳ
2584 2956 2917 3027 τελουμένης
2955 2959 3227 3023 συνάξεως
3256 2960 3558 3027 ἀπελείφθη
3588 2960 3743 3025 ποτὲ,
3771 2962 3911 3013 ἀλλὰ
3943 2966 4028 3015 καὶ

2475 3047 2674 3123 μᾶλλον
2706 3050 2762 3101 ἐν
2801 3051 2975 3121 ταύτῃ
3002 3054 3100 3119 τῆς
3133 3053 3311 3120 ψυχῆς
3355 3051 3602 3119 ἐνέφαινε
3655 3053 3721 3105 τὸ
3763 3054 4022 3123 φιλόθεον.

796 3123 903 3178 Sed
935 3127 1060 3182 licet
1092 3131 1164 3184 ita
1196 3134 1439 3203 degeret,
1471 3146 1526 3190 et
1566 3139 1728 3194 vitam
1758 3141 2013 3214 elegisset
2046 3154 2154 3200 tam
2208 3148 2361 3205 labo-

2478 3113 2644 3191 Ἆλλά
2685 3139 2779 3193 καὶ
2821 3113 2995 3203 οὕτως
3028 3113 3540 3213 ἔχουσαν-ἀγωγῇ,
3599 3145 3694 3198 καὶ
3749 3113 3867 3221 β’ίον
3897 3150 4025 3213 ἄγαν

799 3218 1606 3291 riosam,prtecedentisdeliCti
1674 3235 1929 3303 cogitatio
1990 3252 2102 3292 non
2152 3239 2364 3298 sinebat

798 3323 918 3361 eam
952 3314 1175 3367 omnino
1200 3317 1519 3383 quiescere;
1557 3325 1651 3377 sed
1681 3325 1861 3389 nocte,
1909 3340 2028 3396 quae
2099 3332 2365 3399 sequeba-

800 3394 889 3453 tur
921 3400 1037 3456 hmc
1083 3403 1276 3459 diurna
1328 3408 1646 3477 ministeria,
1703 3394 2014 3484 quando'et
2065 3394 2255 3473 soni—no
2312 3430 2366 3474 et

800 3493 1058 3547 mediocri
1093 3498 1378 3565 oportebat
1407 3502 1589 3568 quiete
1619 3504 1745 3568 frui,
1784 3517 1976 3573 pectus
2015 3508 2256 3577 pulsans,
2311 3518 2365 3565 et

800 3582 1036 3635 animam
1070 3600 1295 3640 movens
1318 3589 1383 3641 ad
1408 3590 1671 3659 lacrymas
1704 3610 1717 3646 :
1747 3593 2006 3651 Condona
2047 3599 2181 3652 mihi
2240 3616 2365 3670 pec-

798 3682 1006 3740 catum,
1041 3675 1277 3743 dicebat,
1310 3677 1559 3747 Domine,
1591 3685 1735 3754 quod
1771 3688 2011 3756 perdidit
2036 3691 2205 3749 decus
2228 3712 2363 3751 mete

798 3766 1180 3819 continentiae.
1223 3767 1359 3822 Cum
1397 3774 1678 3827 monachis
1716 3787 1897 3829 autem
1922 3780 2209 3847 aliquando
2271 3787 2363 3841 dc-

800 3855 1018 3911 fecisset
1060 3858 1268 3925 oleum,
1324 3861 1550 3931 jubetur
1606 3874 1667 3920 ut
1719 3867 1950 3938 accipiat
2002 3876 2257 3941 camelos,
2310 3888 2364 3935 et

799 3952 1023 4003 veniens
1051 3951 1105 4003 in
1132 3953 1430 4021 civitatem,
1465 3957 1546 4011 eis
1570 3958 1755 4014 aﬂ’erat
1773 3963 1971 4031 oleum,
1991 3981 2096 4035 quo
2123 3970 2223 4024 sibi
2251 3984 2367 4029 erat

798 4057 959 4112 opus.
984 4041 1120 4097 Cum
1146 4055 1326 4098 autem
1365 4047 1611 4115 jam.iter
1662 4062 1812 4106 esset
1858 4055 2121 4124 ingressa,
2169 4063 2365 4118 accidit

799 4141 859 4187 ut
882 4144 1078 4202 praeter
1103 4138 1563 4206 exspectationem
1590 4142 1842 4197 maritum
1870 4148 2155 4215 aspiceret,
2184 4153 2364 4207 divina

800 4226 929 4280 huic
961 4228 1184 4281 omnino
1207 4244 1366 4298 opem
1392 4230 1602 4285 ferente
1630 4233 1996 4294 Providentia.
2052 4238 2185 4295 Nam
2243 4257 2364 4297 cum

800 4317 1043 4385 seipsum
1074 4318 1346 4374 consolari
1371 4338 1478 4377 non
1511 4336 1695 4393 posset
1729 4328 1848 4397 ejus
1882 4333 2129 4400 maritus,
2194 4347 2249 4391 ut
2272 4339 2364 4407 qui

801 4419 951 4463 esset
977 4428 1005 4463 a
1033 4411 1122 4464 tali
1159 4414 1392 4485 conjuge
1413 4428 1717 4487 separatus,
1750 4430 1803 4475 et
1833 4437 1895 4476 ea
1931 4423 1997 4478 de
2039 4441 2197 4481 causa
2242 4430 2363 4484 abs-

798 4516 904 4571 que
927 4503 1331 4561 intermissione
1371 4506 1671 4565 effunderct
1698 4511 1981 4582 lacrymas,
2010 4526 2065 4570 et
2096 4534 2192 4572 nec
2226 4529 2363 4575 tem-

802 4609 934 4664 pore
948 4595 1169 4663 quidem
1192 4607 1376 4666 posset
1405 4602 1751 4673 exstinguere
1771 4606 1936 4658 animi
1961 4610 2358 4678 aegritudinem,

800 4687 997 4753 petiita
1028 4687 1154 4753 Deo,
1202 4690 1293 4758 qui
1342 4704 1562 4747 noverat
1633 4696 1820 4760 telum.
1877 4700 2018 4767 quod
2080 4702 2199 4770 ejus
2266 4722 2359 4761 cor

798 4780 1097 4845 sauciabat,
1138 4789 1196 4835 ut
1225 4782 1325 4836 sibi
1355 4786 1698 4841 manifestum
1720 4787 1891 4855 ﬁeret,
1947 4807 2013 4845 an
2077 4793 2360 4851 Theodora

800 4874 1055 4926 statuerit
1092 4874 1256 4927 alium
1322 4876 1497 4929 virum
1551 4879 1723 4947 sequi.
1795 4880 1904 4936 Hoc
1976 4884 2119 4937 enim
2188 4889 2361 4956 suspi-

797 4960 1045 5025 cabatur,
1106 4971 1162 5018 et
1205 4977 1490 5034 propterea
1545 4968 1717 5038 major
1755 4969 1968 5027 flamma
2012 4976 2194 5030 cordis
2248 4980 2360 5033 ale-

798 5054 979 5109 batur.

875 5234 963 5290 γι.
998 5238 1096 5303 Qui
1146 5244 1399 5299 contritis
1456 5262 1587 5317 ergo
1637 5251 1885 5306 medetur
1913 5254 2108 5309 animis
2143 5258 2206 5311 ad
2236 5275 2358 5313 eum

807 5328 978 5383 mittit
1015 5333 1285 5401 angelum,
1345 5338 1438 5403 qui
1507 5341 1628 5409 ejus
1689 5345 2013 5411 suspicionis
2067 5349 2365 5418 depelleret

805 5422 1106 5474 molestiam
1130 5441 1144 5477 :
1172 5424 1225 5478 Si
1262 5428 1412 5494 velis,
1451 5428 1722 5499 inquiens,
1760 5437 1945 5492 venire
1996 5438 2047 5491 in
2076 5441 2194 5509 ejus
2232 5442 2362 5497 con-

808 5524 1075 5583 spectum,
1113 5516 1197 5570 fac
1224 5528 1281 5572 ut
1310 5536 1468 5577 mane
1497 5540 1704 5597 surgas,
1722 5538 1774 5583 et
1795 5531 1956 5585 vadas
1973 5541 2115 5587 recta
2135 5534 2200 5589 ad
2227 5552 2365 5589 ntar—

807 5612 1001 5677 tyrium
1068 5609 1206 5665 Petri
1263 5617 1519 5681 apostoli,
1566 5630 1618 5671 et
1684 5622 1935 5674 attendas
1981 5627 2184 5681 vultum
2246 5630 2378 5699 ejus

805 5702 897 5780 qui
938 5702 1030 5756 tibi
1060 5704 1234 5773 primo
1278 5716 1359 5760 est
1398 5723 1747 5778 occursurus,
1775 5722 1829 5768 et
1870 5722 1919 5769 te
1968 5722 2360 5791 contemplatu-

812 5809 925 5850 ωδ.
964 5793 1052 5852 Sic
1094 5797 1235 5853 enim
1298 5799 1408 5870 fiet,
1460 5811 1517 5857 ut
1567 5818 1906 5875 nequaquam
1970 5807 2243 5869 frustreris
2301 5831 2363 5870 eo

2466 3232 2728 3286 ἐπίπονον
2761 3233 3046 3304 ἑλομένην,
3098 3238 3125 3289 ό
3166 3235 3261 3288 τοῦ
3311 3236 3675 3305 προλαϐόντος
3715 3240 4021 3308 σφάλματος

2465 3320 2727 3390 λογισμὸς
2760 3324 2859 3376 οὐκ
2881 3326 3080 3392 ἀνῆκεν
3112 3324 3247 3386 ὅλως
3275 3326 3446 3395 αὐτὴν
3477 3329 3734 3395 ἠρεμεῖν,
3763 3330 3899 3381 ἀλλά
3919 3332 4023 3392 cui;

2468 3414 2813 3483 πανημέροις
2852 3414 3079 3478 ταύταις
3124 3416 3424 3480 διακονίαις
3453 3418 3554 3485 τῆς
3601 3420 3803 3483 νυκτὸς
3851 3423 4023 3473 smmi-

2469 3523 2588 3577 σης,
2644 3508 2730 3558 ὅτε
2782 3508 2875 3561 καὶ
2913 3508 3081 3560 ὕπνου
3130 3509 3225 3562 καὶ
3267 3510 3493 3580 μετρίας
3538 3510 3650 3564 ἔδει
3706 3513 4023 3583 μεταλαχεῖν

2467 3597 2853 3660 ἀναπαύσεως,
2891 3601 3205 3665 πλήττουσα
3232 3602 3293 3651 τὸ
3322 3601 3543 3679 στῆθος,
3592 3605 3687 3657 καὶ
3729 3606 3833 3677 τὴν
3857 3610 4023 3677 ψυχὴν

2468 3688 2696 3742 κινοῦσα
2729 3691 2865 3759 πρὸς
2892 3691 3127 3761 δάκρυα,
3177 3691 3543 3761 Συγχώρησόν
3582 3711 3675 3763 μοι
3721 3696 3823 3766 τὴν
3858 3701 4022 3767 ἀμαρ-

2468 3781 2609 3844 τίαν,
2642 3780 2818 3847 ἔλεγε,
2849 3782 3045 3852 Κύριε,
3096 3781 3129 3853 ἢ
3167 3784 3229 3836 τὸ
3269 3782 3544 3854 εὔσχημον
3581 3789 3676 3857 τῆς
3712 3789 3857 3857 ἐμῆς
3888 3792 4027 3843 ἀπώ-

2468 3870 2606 3925 λεσε·
2646 3875 3027 3945 σωφροσύνης.
3078 3877 3286 3929 Ἐλαίου
3332 3878 3387 3930 δέ
3422 3895 3553 3931 ποτε
3594 3882 3725 3943 τοὺς
3771 3887 4025 3953 μοναχοὶις

2468 3966 2832 4033 ἐπιλιπόντος,
2863 3969 3216 4039 ἐπιτρέπεται
3241 3970 3377 4039 αὐτὴ
3396 3970 3492 4032 τὰς
3519 3974 3809 4042 καμήλους
3834 3977 4021 4039 λαϐεῖν,

2468 4056 2553 4127 ἐφ’
2601 4050 2644 4125 ᾧ
2702 4062 2836 4130 πρὸς
2871 4060 2968 4131 τὴν
3025 4060 3178 4113 πόλιν
3232 4062 3541 4134 ἀφικομένη
3590 4063 3654 4117 τὸ
3711 4068 3798 4130 εἰς
3847 4071 4023 4137 χρείαν

2473 4153 2866 4221 μετακομίσειν
2923 4155 3108 4217 αὖτοῖς
3169 4155 3366 4208 ἔλαιον.
3430 4158 3517 4220 Ὠς
3568 4158 3662 4211 οὖν
3719 4162 3903 4231 εἴχετο
3935 4162 4023 4230 τῆς

2468 4243 2802 4311 ὁδοιπορίας,
2857 4248 2935 4307 είς
2995 4246 3122 4299 θέαν
3177 4248 3453 4317 ἀδοκήτως
3499 4248 3597 4301 τοῦ
3650 4253 3849 4321 ἀνδρὸς
3879 4270 4025 4324 περιρ

2469 4335 2680 4400 πίπτει,
2713 4334 2809 4404 τῆς
2860 4335 3009 4400 Θείας
3044 4339 3127 4400 είς
3172 4338 3328 4392 τοῦτο
3378 4340 3596 4403 πάντως
3652 4347 4027 4415 συναραμένης

2470 4426 2747 4497 προνοίας.
2806 4429 3151 4499 Παρηγορείν
3190 4430 3297 4499 γὰρ
3340 4431 3533 4483 ἑαυτὸν
3580 4433 3679 4502 οὐχ
3728 4433 3845 4499 οἷὸς
3876 4453 3933 4487 τε
3962 4435 4026 4487 ὢν

2470 4522 2499 4571 ό
2526 4520 2727 4590 ταύτης
2754 4520 2893 4589 ἀνὴρ
2920 4521 3173 4591 τοιαύτης
3204 4522 3436 4588 συζύγου
3478 4524 3829 4595 διατμηθεὶς,
3864 4531 4027 4582 ἀπαν-

2471 4612 2594 4663 στόν
2631 4627 2686 4662 τε
2720 4612 2780 4662 τὸ
2806 4613 2897 4664 ἐπὶ
2925 4618 3097 4684 ταύτῃ
3156 4614 3417 4678 σταλάζον
3448 4615 3715 4686 δάκρυον,
3763 4622 3861 4672 καὶ
3908 4621 4027 4687 μηξςὲ

2470 4701 2546 4770 τῷ
2575 4701 2749 4772 χρόνῳ
2772 4701 3069 4769 δυνάμενος
3101 4702 3295 4754 σϐέσαι
3319 4706 3416 4771 τὴν
3445 4704 3705 4772 ἀθυμίαν,
3738 4709 3833 4760 τὸν
3864 4711 4025 4762 εεᾶτα

2469 4794 2579 4849 οἷον
2613 4795 2757 4865 αὖτῴ
2783 4797 2841 4849 τὸ
2874 4795 3027 4867 βέλος
3072 4796 3368 4867 ἐτίτρωσκε
3400 4796 3495 4866 τὴν
3526 4798 3759 4868 καρδίαν
3794 4801 3917 4872 ᾔτει
3949 4802 4027 4855 τὸν

2470 4892 2600 4945 Θεὸν
2661 4892 2893 4961 φανερὸν
2940 4891 3087 4961 αὐτῷ
3129 4891 3403 4959 γενέσθαι,
3438 4893 3485 4944 εἰ
3518 4892 3777 4962 Θεοδὼρα
3810 4896 4027 4963 προσεί-

2469 4985 2592 5037 λετο
2630 4985 2785 5053 ἀνδρὶ
2814 4985 2989 5051 ἑτέρῳ
3016 4982 3330 5035 ἀκολουθεῖν
3357 4997 3371 5010 ·
3415 4982 3573 5034 τοῦτο
3614 4984 3724 5054 γὰρ
3762 4986 3918 5055 αὗτῴ
3946 4989 4027 5039 καὶ

2473 5075 2870 5143 ὑπονοούμενον
2904 5070 2990 5142 ἦν,
3031 5074 3123 5127 καὶ
3158 5072 3244 5127 διὰ
3274 5070 3432 5126 τοῦτο
3466 5073 3670 5143 μείζων
3697 5076 3730 5144 η
3775 5074 3880 5145 τῆς
3906 5095 4026 5146 καρ-

2469 5169 2587 5230 δίας
2623 5166 2883 5235 ὲτρέφετο
2915 5167 3068 5234 φλόξ.

2542 5256 2631 5324 (ζ’.
2674 5256 2731 5309 '0
2758 5257 2937 5311 τοίνυν
2965 5257 3190 5325 ἰώμενος
3228 5255 3327 5320 τάς
3354 5256 3832 5328 συντετριμμένοις
3868 5260 4025 5329 duxi;

2470 5353 2702 5421 ἄγγελον
2738 5351 2885 5420 αύτῷ
2918 5350 3226 5415 ἐπιπέμπει
3276 5350 3335 5401 τὸ
3364 5351 3609 5421 λυπηρὸν
3639 5356 3735 5421 τῆς
3778 5354 4025 5415 ὑπονοίας

2470 5445 2890 5508 διασκεδάζοντα
2922 5460 2935 5475 ’
2980 5444 3039 5496 Et
3074 5442 3319 5511 βούλοιτο
3366 5444 3442 5508 δὲ,
3489 5446 3647 5514 φησὶ,
3677 5446 3780 5496 καὶ
3810 5448 3892 5511 είς
3924 5450 4027 5515 διξιν

2472 5535 2607 5604 αὐτῇ
2650 5535 2987 5602 προσελθεῖν,
3042 5533 3405 5604 ὀρθριώτερον
3437 5536 3740 5604 ἀναστῆναι
3781 5541 3880 5592 καὶ
3916 5538 4024 5590 εὐθὺ

2474 5626 2690 5696 βαδίσαι
2750 5626 2843 5678 τοῦ
2909 5626 3212 5694 μαρτυρίου
3268 5626 3478 5697 Πέτρου
3532 5626 3627 5679 τοῦ
3682 5630 4023 5689 ἀποστόλου,

2476 5716 2763 5789 προσέχειν
2788 5734 2848 5769 τε
2872 5720 2938 5787 τῇ
2970 5716 3089 5786 ὕψει
3122 5716 3212 5771 τοῦ
3238 5718 3454 5789 πρώτου
3482 5718 3628 5790 αὐτῷ
3670 5725 4024 5788 συναντήσονο

2478 5826 2569 5874 τος
2604 5810 2694 5863 καὶ
2736 5808 3270 5879 προσαγορεύσοντας
3326 5808 3482 5865 Οὕτω
3525 5812 3655 5881 γὰρ,
3714 5808 3895 5877 εἶπεν,
3939 5811 4022 5864 οὐκ
