4156 6314
158 391 260 454 673

1065 374 1244 437 νιΤΑ
1287 373 1347 434 S.
1385 363 1814 429 TllEODOR£
1864 362 2467 423 ALEXANDRINJE.

3285 357 3392 419 674

167 501 427 573 ἄποτεύξῃ
481 497 575 552 τοῦ
629 492 988 567 ζητουμένου.
1032 492 1302 543 Ἤκουσεν
1350 486 1577 548 ἐκεῖνος,
1630 481 1757 535 καὶ.

1863 475 1967 530 uod
1998 475 2219 545 quaeris.
2252 475 2473 531 Audivit
2506 473 2616 538 ille,
2648 481 2701 528 et
2726 466 2853 529 fecit
2881 476 3023 529 sicut
3056 474 3242 544 jussus
3285 476 3402 529 fue-

170 596 301 651 κατά
336 593 402 645 τὰ
435 587 824 660 ἐπηγγελμένα
856 585 1021 646 ποιεῖ,
1057 583 1149 634 καὶ
1180 578 1424 632 συνίασιν
1473 574 1722 642 αλλήλοις

167 687 580 756 ἀντιπρόσωπον
636 682 730 734 καὶ
790 678 913 732 κατ’
965 673 1300 744 ὀφθαλμούς.
1349 670 1507 724 Ἀλλὰ
1562 666 1724 720 πόθεν

165 784 231 835 ἂν
258 779 452 847 ἐκείνῳ
485 774 789 846 συμϐαλεῖν
813 772 910 841 τὴν
934 769 1207 836 όμόζυγον
1240 762 1404 828 εἶναι,
1454 762 1623 816 ἄνδρα
1668 758 1727 810 τὸ

171 872 496 940 φαινόμενον
544 863 875 934 καθορῶντι,
918 862 1010 913 καὶ
1043 859 1166 912 κατ’
1198 857 1400 926 ἄνδρας
1440 850 1728 919 ἐνδεδυμέ-

170 982 277 1029 νον,
314 963 406 1015 καὶ
434 961 607 1023 ἄλλως
653 957 875 1025 ἐσθῆτος
912 952 1080 1022 οὔσης
1146 950 1471 1021 μοναχικῆς,
1526 946 1625 1016 ἤδη
1673 942 1729 994 δὲ

168 1059 265 1111 καὶ
296 1056 397 1124 τῆς
432 1053 581 1123 ὥρας
635 1045 1121 1118 ὑπομαρανθείσης
1174 1045 1312 1111 αὐτῇ
1395 1044 1461 1110 τῇ
1506 1037 1732 1107 ἀμέτρῳ

174 1148 513 1218 κακοπαθείᾳ
549 1146 642 1198 καὶ
671 1142 749 1213 τῷ
803 1142 994 1211 τραχεῖ
1024 1140 1119 1207 τῆς
1148 1137 1475 1206 ἀσκήσεως;
1518 1132 1730 1199 Ἐκείνη

177 1243 357 1312 μέντοι
410 1240 487 1309 τῷ
544 1238 705 1308 μόνον
756 1234 918 1286 αὐτὸν
979 1232 1123 1295 ίδεῖν,
1168 1230 1261 1283 καὶ
1309 1227 1408 1297 τὴν
1438 1225 1559 1294 εψιν
1594 1224 1731 1292 αὐτῇ

176 1336 409 1405 μηνύσαι
440 1334 521 1395 τίς
546 1336 573 1385 ό
601 1328 933 1400 βλεπόμενος
990 1324 1182 1397 (ἔσωζε
1243 1324 1351 1392 γὰρ
1380 1323 1406 1374 ό
1450 1316 1733 1391 χαρακτὴρ

174 1429 376 1481 ἐκείνου
402 1425 707 1493 ἀτρέστατα
733 1423 799 1474 τὰ
829 1417 1227 1488 γνωρίσματα),
1253 1414 1558 1482 ἀνάμνησιν
1578 1409 1738 1469 εὐθὺς

176 1514 444 1584 ἐλάμϐανε
470 1512 565 1565 τοῦ
595 1512 677 1572 είς
710 1509 873 1563 αὑτὸν
906 1509 1130 1576 φίλτρου
1166 1508 1261 1558 καὶ
1315 1502 1736 1572 ἁμαρτήματος,

177 1611 272 1659 καὶ
307 1605 376 1661 Oi
407 1606 533 1675 μοιέ
574 1605 731 1674 ἄνερ,
794 1601 1182 1655 ἀνακλαύσασα
1223 1592 1397 1661 εἶπεν,
1461 1597 1540 1658 είς
1595 1594 1740 1654 οἵους

178 1698 370 1760 πόνους
406 1697 679 1749 ἐκδέδωκα
732 1694 975 1762 ἐμαυτὴν
1016 1688 1315 1758 θεραπείαν
1374 1686 1740 1757 μηχανωμένη

176 1789 269 1842 τοῦ
296 1789 429 1857 πρὸς
459 1790 517 1840 σὲ
540 1786 876 1853 σφάλματος,
913 1781 1005 1834 καὶ
1033 1780 1295 1849 δάκρυσιν
1324 1780 1499 1832 έκεῖνο
1526 1776 1742 1835 πολλοῖς

175 1881 464 1946 ἀναλεῖψαι
499 1876 902 1939 σπουδάζουσα.
946 1873 1055 1926 Καὶ
1082 1872 1144 1942 δὴ
1178 1871 1272 1924 καὶ
1314 1869 1541 1940 πλησίον
1575 1866 1739 1921 αὐτοῦ

178 1972 473 2041 γενομένη,
514 1969 686 2037 Χαῖρε
720 1984 779 2019 τε
816 1964 963 2033 αύτῴ
998 1965 1461 2035 προσφωνήσασα,
1496 1962 1553 2012 τὸ
1578 1962 1742 2028 τάχος

181 2063 642 2132 ἀντιπαρήρχετο.
686 2058 745 2111 ’0
780 2056 835 2109 δὲ
859 2060 924 2126 τῇ
953 2056 1113 2124 ὁμοίᾳ
1148 2055 1245 2123 μὲν
1281 2055 1373 2105 καὶ
1408 2051 1568 2112 αὐτὸς
1594 2053 1743 2102 ἀντι-

179 2153 579 2224 προσαγορεύει
641 2152 817 2220 φωνῇ.
898 2145 1146 2217 Παρῆλθε
1202 2144 1258 2197 δὲ
1311 2142 1418 2195 τῶν
1475 2141 1744 2213 ῥηθέντων

180 2247 331 2317 αύτῷ
365 2245 503 2314 πρὸς
532 2245 626 2297 τοῦ
652 2244 888 2310 ἀγγέλου
918 2240 1173 2309 καθάπερ
1211 2236 1622 2306 ἐπιλαθόμενος,
1670 2235 1747 2296 ὡς

181 2342 247 2409 τῇ
288 2338 559 2407 μεταϐολῇ
595 2352 655 2386 τε
706 2334 802 2386 τοῦ
841 2335 1121 2402 σχήματος
1152 2334 1246 2384 καὶ
1277 2328 1352 2399 τῷ
1377 2328 1613 2399 ἀνομοίῳ
1647 2328 1749 2398 τῆς

180 2432 357 2499 bibam;
397 2429 458 2479 τὸ
490 2426 756 2494 παράπαν
791 2426 1119 2495 ἀπατηθείς.

252 2520 328 2576 κ’.
361 2520 534 2589 Πολλῇ
598 2519 689 2570 οὖν
738 2520 803 2587 τῇ
854 2516 1063 2587 ἀθυμίᾳ
1122 2516 1456 2586 βαλλόμενος
1503 2509 1593 2567 οἷα
1636 2515 1751 2566 διας

180 2614 401 2683 ψευθεὶς
419 2616 515 2682 τὴν
538 2611 887 2679 ἐπαγγελίαν,
910 2609 1081 2661 Ἴνατί
1104 2608 1463 2677 με,δέσποτα,
1486 2605 1748 2677 παριδὼν,

185 2709 363 2775 ἒλεγε,
413 2705 487 2775 μὴ
511 2707 590 2766 εἰς
644 2704 799 2763 τέλος
830 2702 897 2754 τὰ
951 2702 1337 2771 ἐπηγγελμένα
1393 2702 1749 2769 προήγαγες;

197 2800 345 2854 Ἀλλ’
364 2794 522 2859 αὖθις
546 2799 572 2849 ὁ
595 2797 782 2866 φανεὶς
812 2794 956 2863 αύτῷ
979 2796 1283 2864 παραστὰς,
1310 2795 1423 2846 Ούκ
1450 2795 1751 2863 ἡπάτησαι,

184 2889 365 2944 εἶπεν.
395 2889 457 2939 '0
478 2892 543 2957 τῇ
569 2888 872 2956 προτεραίᾳ
895 2890 1003 2956 γὰρ
1037 2888 1372 2957 συναντήσας
1403 2904 1484 2939 σοι
1521 2887 1756 2954 μοναχδς

185 2986 286 3037 καὶ
314 2981 487 3051 Χαίρέ
522 2997 603 3033 σοι
632 2981 973 3050 προσειπὼν,
1012 2982 1173 3045 αὐτὸς
1197 2978 1287 3053 ἦν,
1330 2982 1539 3042 ἐκεῖνος
1570 2981 1753 3045 αὐτὸς,

187 3080 314 3149 ἢσοι
342 3074 643 3134 σπουδαίως
695 3072 1036 3141 ἐπιζητεῖται
1094 3075 1257 3145 γυνή.
1309 3075 1417 3126 Καὶ
1461 3072 1603 3125 οὕτω
1658 3071 1757 3141 μὲν

1830 579 1934 623 rat.
1966 568 2031 623 Et
2052 568 2390 623 conveniunt
2421 568 2663 622 adversis
2702 566 2995 631 frontibus,
3054 580 3109 624 et
3159 584 3217 625 sc
3260 568 3405 623 invi-

1829 676 1948 716 cem
1984 661 2343 732 aspicientes;
2381 661 2473 714 sed
2505 662 2777 715 undenam
2836 670 3018 731 posset
3072 662 3164 715 ille
3235 663 3405 734 conji-

1828 767 1951 807 cere
1983 767 2101 806 eam
2132 767 2254 806 esse
2287 768 2441 807 suam
2495 754 2805 823 conjugem,
2865 765 2987 807 cum
3044 754 3097 807 id
3156 755 3298 823 quod
3357 755 3406 807 ei

1830 846 2126 915 apparebat
2156 847 2360 902 videret
2391 861 2513 900 esse
2548 849 2750 911 virum,
2778 854 2833 901 et
2873 848 3013 901 virili
3051 857 3206 901 veste
3246 848 3406 905 indu-

1832 948 1970 1003 tum,
2000 940 2235 994 maxime
2269 956 2395 994 cum
2436 943 2605 995 vestis
2631 953 2779 994 esset
2811 943 3133 1004 mouastica,
3206 951 3261 995 et
3297 942 3407 1010 jam

1834 1032 1882 1086 ei
1912 1033 2271 1086 emarcuisset
2322 1034 2534 1101 species
2567 1033 2856 1086 immodica
2900 1033 3198 1087 alﬁictione
3229 1043 3284 1085 et
3321 1049 3409 1086 as-

1835 1126 2061 1195 peritate
2077 1126 2477 1180 exercitationis
2495 1126 2517 1176 7
2535 1126 2622 1180 Illa
2641 1136 2818 1180 autem
2842 1141 2963 1179 cum
2980 1140 3103 1180 eum
3135 1129 3305 1179 solum
3332 1126 3412 1177 vi-

1835 1219 2025 1284 disset,
2057 1220 2177 1272 etei
2210 1220 2477 1273 indicaret
2511 1221 2714 1284 vultus,
2745 1222 2998 1289 quisnam
3028 1229 3177 1272 esset
3206 1218 3296 1287 qui
3328 1217 3413 1271 vi-

1838 1311 2071 1366 debatur
2127 1313 2567 1383 (servabatenitn
2604 1313 2751 1365 illius
2806 1313 2977 1382 ﬁgura
3051 1312 3252 1366 indicia
3307 1311 3415 1364 im-

1840 1402 2166 1469 mutabilia),
2213 1404 2494 1457 recordata
2525 1412 2609 1457 est
2637 1404 2884 1471 protinus
2908 1403 2989 1456 sui
3023 1403 3079 1456 in
3106 1416 3230 1455 eum
3267 1416 3414 1454 amo-

1840 1496 1915 1550 ris
1943 1506 1996 1550 et
2032 1498 2262 1565 peccati,
2288 1507 2360 1561 et,
2393 1498 2656 1564 Heitnibi,
2688 1513 2720 1551 o
2743 1500 2955 1560 marite,
2982 1496 3115 1550 ﬁcus
3138 1504 3192 1549 et
3224 1495 3415 1550 humili

1843 1601 1975 1641 voce
2013 1588 2169 1650 dixit,
2235 1589 2300 1641 ad
2330 1598 2563 1657 quantos
2622 1597 2709 1641 me
2779 1587 2995 1641 lobores
3040 1586 3254 1649 tradidi,
3289 1586 3417 1639 dum

1844 1679 1948 1732 mei
1992 1677 2046 1732 in
2078 1688 2130 1732 te
2158 1679 2336 1733 delicti
2365 1695 2549 1748 quaero
2576 1679 2924 1745 medicinam,
2959 1688 3013 1732 et
3043 1679 3237 1733 studeo
3281 1676 3419 1730 mul-

1846 1769 1916 1823 tis
1939 1769 2066 1823 illud
2102 1770 2284 1824 delere
2308 1770 2597 1841 lacrymisl
2636 1770 2698 1823 Et
2727 1786 2849 1825 cum
2885 1770 2935 1825 ei
2962 1769 3418 1837 fuissetpropius,

1846 1868 1901 1912 et
1936 1861 2008 1923 ei,
2041 1859 2219 1922 Salve,
2254 1860 2497 1924 dixisset,
2525 1874 2684 1929 quam
2702 1860 2936 1927 primum
2994 1858 3279 1928 praeteriit.
3330 1856 3422 1910 Ille

1846 1961 2027 2004 autem
2059 1966 2178 2004 eam
2208 1967 2427 2020 quoque
2453 1954 2617 2005 simili
2654 1965 2786 2006 voce
2822 1950 3159 2005 resalutavit.
3209 1951 3420 2003 Praate-

1846 2042 2148 2095 riitantem
2210 2042 2377 2095 veluti
2431 2042 2635 2096 oblitus
2677 2057 2867 2096 eorum
2916 2057 3036 2112 qute
3101 2042 3151 2096 ei
3212 2042 3423 2095 dixerat

1846 2135 2090 2203 angelus,
2120 2133 2288 2203 utqui
2311 2134 2494 2205 ﬁgurae
2520 2136 2823 2188 mutatione
2852 2144 2906 2189 et
2937 2136 3120 2190 vultus
3178 2135 3422 2190 dissimi-

1850 2226 2309 2281 litudineluisset
2378 2226 2604 2281 omnino
2671 2227 2957 2295 deceptus.

1922 2438 2033 2495 VII.
2071 2438 2240 2493 Multa
2274 2439 2457 2507 itaque
2497 2435 2733 2491 atllictus
2769 2437 2936 2491 animi
2982 2438 3327 2509 aegritudine,
3370 2452 3427 2495 ut

1851 2534 1939 2603 qui
1962 2533 2253 2586 frustratus
2280 2531 2472 2584 fuisset
2491 2531 2850 2599 promissione
2873 2548 2885 2583 :
2906 2530 3017 2584 Cur
3035 2546 3140 2596 me,
3176 2531 3428 2598 Domine,

1853 2626 2181 2693 despiciens,
2210 2624 2447 2686 dicebat,
2484 2639 2595 2677 non
2621 2624 2897 2678 deduxisti
2929 2624 2995 2677 ad
3038 2624 3200 2677 ﬁnem
3226 2640 3289 2677 ea
3310 2640 3431 2694 qua:

1856 2718 2121 2787 promissa
2164 2716 2422 2770 fuerant?
2451 2715 2557 2771 Sed
2589 2732 2781 2771 rursus
2812 2718 3080 2770 accedens
3127 2717 3195 2781 is,
3228 2716 3324 2785 qui
3380 2718 3429 2770 ei

1856 2817 2224 2881 apparuerat:
2257 2808 2376 2865 Non
2430 2808 2583 2863 fuisti
2619 2810 2903 2879 deceptus,
2938 2809 3094 2863 dixit.
3152 2808 3286 2862 Nam
3337 2811 3431 2878 qui

1860 2906 1954 2960 tibi
1987 2905 2159 2975 pridie
2182 2904 2424 2959 occurrit
2452 2902 2771 2963 monachus,
2793 2912 2849 2957 et
2873 2902 3007 2958 dixit
3034 2901 3150 2965 tibi,
3184 2896 3364 2963 Salve,
3388 2901 3433 2953 is

1862 3001 1976 3070 ipse
1996 3011 2111 3053 erat
2135 3000 2222 3052 illa
2246 3008 2335 3052 tua
2364 2999 2584 3068 conjux,
2617 3014 2737 3068 quae
2766 3006 2863 3051 ate
2883 2996 3123 3050 studiose
3144 2996 3429 3065 quatritur.

1862 3093 1928 3149 Et
1958 3094 2036 3147 sic
2058 3094 2275 3162 quidem
2307 3092 2484 3147 soluta
2512 3092 2563 3144 ei
2610 3090 3005 3160 fuitsuspicio,
3055 3090 3199 3160 quod
3248 3105 3311 3143 ea
3366 3089 3432 3143 ad

187 3162 339 3232 αὐτῷ
370 3162 438 3215 τὰ
467 3162 561 3231 τῆς
623 3161 877 3224 ὑπονοίας
933 3160 1136 3224 ἐλύετο,
1166 3163 1226 3214 τὸ
1256 3162 1331 3231 μὴ
1350 3164 1525 3232 ἑτέρῳ
1553 3164 1756 3233 ταύτην

1862 3188 2097 3240 alterum
2126 3188 2301 3239 virum
2340 3201 2451 3239 non
2474 3186 2798 3239 accessisset
2833 3202 2847 3238 :
2902 3184 3050 3253 quod
3096 3183 3315 3254 quidem
3364 3185 3436 3237 si-

184 3256 346 3326 ἀνδρὶ
411 3252 730 3326 προσελθεῖν
782 3255 921 3323 ὅπερ
966 3253 1136 3323 ἡτῶν
1180 3254 1490 3323 μοναχικῶν
1538 3255 1755 3322 ἀμφίων

182 3351 383 3421 ἐδήλου
429 3349 715 3421 περιϐολή.
756 3346 957 3415 Ἔμενε
986 3346 1030 3400 δ’
1060 3342 1153 3401 οὖν
1206 3346 1349 3401 οὕτω
1426 3345 1757 3416 περιαλγῶν,

184 3446 288 3498 καὶ
320 3447 386 3514 τῇ
418 3446 516 3512 τῆς
545 3442 815 3511 ὁμοζύγου
851 3445 1103 3511 στερήσει
1144 3442 1551 3511 διακαιόμενος.
1621 3440 1760 3495 Ἡδὲ

189 3534 446 3604 μακαρία
489 3532 764 3600 Θεοδώρα,
816 3536 877 3586 τὸ
928 3536 1064 3603 πρὸς
1118 3535 1327 3603 Κύριον
1376 3536 1761 3603 φιλάνθρωπον

182 3628 355 3680 πλέον
380 3626 711 3690 ὲξάπτουσα,
743 3624 837 3678 ἅτε
863 3626 958 3678 καὶ
984 3625 1079 3696 τῆς
1111 3625 1273 3679 αὐτοῦ
1300 3626 1635 3696 γλυκύτητος
1661 3627 1759 3699 ἤδη

185 3719 538 3790 γευσαμένη,
572 3720 667 3772 καὶ
704 3720 950 3788 μείζοσιν
1003 3721 1211 3787 ἀγῶσιν
1268 3720 1468 3791 ἑαυτὴν
1506 3720 1765 3789 ἐμϐαλεῖν

183 3810 477 3882 ⁸πρόθυμος
496 3806 585 3881 ἦν,
606 3810 700 3862 καὶ
726 3809 1007 3878 ἂπαξ,τῆς
1035 3811 1251 3881 ἡμέρας
1284 3812 1483 3863 ἐσθίειν
1513 3811 1571 3865 τὸ
1604 3812 1762 3881 σῶμα

185 3905 575 3970 ἐπαιδαγώγει
598 3920 613 3934 ο
682 3902 875 3956 ἔπειτα
923 3908 1038 3965 τοῖς
1071 3904 1254 3965 πόνοις
1278 3887 1581 3972 προσθεῖσα
1622 3903 1764 3956 κατὰ

186 3993 407 4059 δύο,τά
460 3992 607 4044 σιτία
674 3995 923 4062 παρεῖχε,
987 3994 1082 4044 καὶ
1123 3991 1266 4045 οὕτω
1308 3993 1591 4061 κατολίγον
1654 3996 1765 4058 τοῖς

188 4087 633 4154 ὲπιπονωτέροις
682 4082 1113 4152 προσϐαίνουσσ,
1166 4085 1261 4137 καὶ
1310 4086 1389 4148 είς
1424 4085 1538 4149 ἕξιν
1591 4088 1764 4154 ἄκρας

186 4175 531 4245 ἐγκρατείας
580 4174 813 4228 ἐλθοῦσα
873 4178 1015 4228 κινεῖ
1064 4177 1201 4247 πρὸς
1253 4178 1464 4230 ἱκεσίαν
1490 4179 1612 4239 τοὺς
1641 4194 1767 4229 συν·

190 4271 580 4336 ασκουμένους
634 4266 773 4335 αὐτῇ
839 4267 1131 4334 μοναχοὺς,
1165 4269 1467 4338 ἐπιτροπὴν
1512 4272 1604 4322 τοῦ
1637 4288 1769 4341 προ-

189 4358 439 4421 εστῶτος
468 4357 679 4421 λαϐεῖν,
712 4354 1003 4427 ἀρκεῖσθαι
1033 4356 1099 4410 δι’
1119 4354 1409 4429 ἑϐδομάδος
1432 4365 1767 4434 προσαγωγῇ

1861 3273 2149 3342 gniﬁcabat
2179 3276 2410 3327 amictus
2435 3276 2864 3327 monasticarum
2897 3275 3151 3328 vestium.
3213 3272 3303 3328 llle
3356 3286 3436 3329 ta-

1864 3380 1988 3418 men
2017 3363 2275 3433 deinceps
2306 3365 2559 3420 manebat
2588 3367 2774 3421 dolore
2801 3367 3031 3422 allectus
3067 3375 3118 3422 et
3164 3371 3438 3425 cruciatus

1864 3469 2089 3528 propter
2116 3458 2478 3526 privationem
2507 3461 2775 3531 conjugis.
2801 3460 2968 3515 Beata
3007 3470 3189 3516 autem
3252 3461 3439 3517 Theo-

1863 3551 1994 3603 dora
2026 3565 2211 3604 amore
2237 3551 2451 3603 Domini
2501 3556 2674 3623 magis
2732 3569 2986 3618 accensa,
3050 3565 3109 3609 ut
3152 3572 3272 3626 qua:
3324 3558 3439 3625 jam

1866 3647 2108 3708 gustarat
2134 3640 2253 3709 ejus
2283 3641 2630 3704 suavitatem,
2678 3651 2733 3696 et
2789 3653 2973 3713 parata
3032 3654 3152 3699 erat
3204 3647 3439 3715 seipsam

1869 3733 1924 3785 in
1955 3734 2161 3801 majora
2197 3734 2472 3801 conjicere
2496 3736 2818 3801 certamina,
2854 3746 2907 3791 et
2933 3739 3104 3792 semel
3133 3740 3189 3793 in
3229 3740 3317 3794 die
3343 3756 3438 3795 co-

1868 3825 2117 3891 medens,
2155 3838 2355 3891 corpus
2395 3826 2697 3894 castigabat
2728 3843 2742 3892 ;
2771 3829 2968 3881 deinde
2995 3830 3258 3899 adjicicns
3285 3831 3442 3885 labo-

1869 3915 2041 3977 ribus,
2083 3917 2323 3971 secundo
2347 3931 2564 3987 quoque
2597 3918 2684 3973 die
2712 3920 2894 3973 cibum
2955 3922 3247 3989 sumebat;
3279 3935 3333 3980 et
3363 3927 3444 3979 sic

1869 4008 2128 4079 paulatim
2156 4010 2477 4079 aggrediens
2512 4010 2681 4080 magis
2712 4013 3002 4078 laboriosa,
3054 4027 3177 4069 cum
3243 4033 3440 4086 perve-

1871 4105 2040 4155 nisset
2071 4103 2137 4155 ad
2165 4100 2409 4156 habitum
2451 4118 2677 4158 summa:
2703 4106 3067 4172 abstinentiae,
3091 4118 3275 4161 mouet
3327 4124 3446 4163 mo.

1873 4196 2103 4261 nachos,
2126 4196 2218 4265 qui
2244 4210 2450 4250 cumea
2516 4196 2933 4262 exercebantur,
2988 4210 3048 4253 ut
3100 4213 3130 4253 ι
3184 4200 3444 4271 praefecto

1872 4297 2126 4359 peterent
2154 4289 2202 4343 ei
2237 4290 2496 4357 permitti,
2530 4300 2591 4344 ut
2621 4291 2802 4345 cibum
2828 4292 2996 4347 semel
3024 4304 3231 4349 tantum
3259 4312 3446 4351 sume-

1875 4392 1959 4436 ret
1992 4383 2046 4434 in
2078 4381 2441 4435 hebdomada.
2481 4380 2586 4436 Sed
2622 4397 2745 4435 cum
2800 4384 2851 4436 id
2905 4400 3123 4453 quoque
3167 4397 3334 4452 esset,
3388 4398 3446 4443 ut

190 4448 304 4517 τῆς
333 4453 561 4517 τροφῆς.
579 4448 739 4499 Ἀλλὰ
774 4450 868 4500 καὶ
894 4450 1085 4501 τούτου
1115 4452 1253 4504 κατὰ
1273 4452 1499 4525 γνώμην
1531 4456 1757 4525 τυχοῦσα

1873 4473 2105 4540 volebat,
2139 4479 2453 4543 consecuta,
2484 4475 2551 4530 ad
2612 4478 2835 4531 alteram
2865 4480 3072 4547 aspexit
3105 4481 3446 4551 petitionem,

191 4541 342 4609 πρὸς
368 4539 558 4609 ἑτέραν
622 4537 810 4592 ἀπεῖδε
862 4537 1068 4607 δέησιν,
1158 4545 1422 4612 τριχίνοις
1476 4545 1771 4613 ὲνδύμασιν

192 4631 489 4703 ἱπιτρίψαι
519 4630 580 4683 τὸ
611 4630 792 4700 σῶμα,
811 4629 1002 4701 ὥσπερ
1024 4633 1341 4705 ἀμυνομένη
1367 4634 1463 4706 τὴν
1490 4634 1773 4707 πλήξασαν

197 4726 419 4794 ἡδονήν.
454 4710 640 4776 ΔΟὖπω
696 4723 803 4795 γὰρ
869 4725 991 4778 οὐδὲ
1045 4726 1187 4795 μετὰ
1211 4727 1504 4792 τοσούτους
1558 4730 1775 4799 ἀγῶνας

194 4818 378 4887 λήθην
441 4814 677 4884 ἠδύνατο
707 4815 810 4886 τῆς
866 4816 1082 4886 πληγῆς
1135 4818 1354 4890 ἐκείνης
1385 4820 1588 4885 λαϐεῖν,
1648 4823 1775 4876 ἀλλ’

194 4908 422 4974 ἔμεινεν
450 4908 539 4957 ἀεὶ
574 4909 639 4975 τῇ
672 4907 960 4977 προσθήκῃ
1002 4910 1110 4959 τῶν
1141 4912 1439 4973 ἐπιπόνων,
1461 4912 1550 4963 τὸν
1583 4914 1776 4982 βεϐλη-

192 4997 347 5052 κότα
406 4995 697 5064 βάλλουσα,
757 4998 851 5050 καὶ
905 4997 1084 5068 πολλῷ
1121 4998 1343 5068 μείζονα
1373 5000 1471 5071 τὴν
1512 5002 1775 5071 αἰσχύνην

243 5108 272 5153 ς
341 5090 479 5158 αὑτὴ
531 5089 803 5141 πέπονθεν
858 5089 1055 5161 ἐκείνῳ
1120 5093 1483 5162 περιτιθεῖσα,
1530 5096 1774 5166 γυνὴτον

194 5184 304 5235 καὶ
339 5182 567 5244 πολλοὺς
613 5183 913 5252 νικήσαντα
962 5184 1071 5234 τῶν
1108 5184 1318 5253 ἀνδρῶν
1346 5189 1438 5237 καὶ
1470 5185 1650 5254 σάρκα
1682 5203 1776 5254 φο.

198 5272 386 5345 ροῦσα
433 5272 524 5324 τὸν
550 5272 841 5345 ἀσώματον
874 5275 1246 5347 τροπουμένη.

279 5416 369 5467 H'.
404 5414 523 5467 ’Ὶνα
561 5411 616 5463 δὲ
650 5415 743 5466 καὶ
770 5416 797 5466 ὁ
829 5414 997 5477 πολὺς
1040 5417 1097 5469 ἐν
1145 5416 1286 5471 ἐλέει
1335 5419 1469 5483 Θεὸς
1520 5420 1776 5490 δοξασθῇν

193 5504 304 5560 καὶ
366 5506 398 5573 ὴ
454 5502 672 5574 ἐκείνης
740 5504 1179 5577 ἁξιοθαύμαστος
1258 5510 1449 5580 ἀγωγὴ
1502 5512 1779 5583 γνώριμος

193 5598 482 5664 καταστῇ,
536 5596 1035 5672 θαυματουργεῖταί
1092 5617 1144 5653 τι
1181 5601 1423 5655 τοιοῦτον
1468 5605 1628 5673 λόγου
1686 5608 1779 5660 καὶ

196 5690 439 5761 μνήμης
493 5688 662 5754 ἀξιον·
724 5689 905 5760 Λίμνη
952 5693 1051 5761 τῆς
1107 5695 1271 5763 μονῆς
1304 5688 1778 5768 ὑπῆρχεν’ὲγγύς’

199 5780 399 5855 ταύτῃ
442 5782 791 5854 κροκόδειλος
821 5782 1237 5857 ἑμφιλοχωρῶν,
1286 5781 1329 5856 ᾧ
1370 5789 1436 5843 ἀν
1472 5790 1682 5861 ἐντύχοι
1714 5797 1781 5861 τῇ

1877 4582 2074 4639 nempe
2096 4577 2154 4623 ut
2182 4582 2381 4638 corpus
2415 4578 2723 4623 contereret
2749 4570 2949 4633 cilicio,
2976 4571 3141 4627 veluti
3180 4574 3448 4629 ulciscens

1880 4678 2022 4728 eam,
2084 4677 2205 4732 quae
2274 4665 2443 4731 ipsam
2488 4662 2776 4727 sauciarat,
2808 4664 3161 4732 voluptatem.
3194 4665 3445 4720 Nondum

1880 4760 2025 4812 enim
2057 4771 2159 4809 nec
2190 4765 2313 4825 post
2346 4764 2453 4808 tam
2496 4757 2664 4809 multa
2694 4757 2913 4825 quidem
2949 4758 3251 4811 certamina
3287 4767 3445 4828 pote-

1880 4857 1963 4901 rat
1984 4862 2102 4901 eam
2126 4863 2321 4917 capere
2351 4847 2550 4901 oblivio
2578 4846 2723 4901 illius
2750 4847 2938 4917 plagae,
2965 4849 3059 4902 sed
3081 4863 3299 4917 semper
3327 4866 3450 4919 per—

1886 4942 2067 5013 gebat,
2093 4941 2402 5009 adjiciendo
2430 4939 2668 5003 labores,
2704 4940 2869 4995 ferire
2895 4957 3020 4995 eum
3049 4941 3140 5007 qui
3169 4956 3450 5008 percusse-

1882 5043 1987 5097 rat,
2020 5045 2071 5087 et
2106 5032 2154 5086 ei
2188 5031 2447 5100 majorem
2495 5031 2716 5085 inurere
2784 5030 3138 5102 ignominiam
3178 5045 3242 5084 ea
3286 5046 3447 5099 quam

1882 5144 2039 5201 passa
2081 5128 2275 5191 fuerat,
2307 5126 2506 5181 femina
2536 5142 2660 5180 eum
2694 5126 2786 5191 qui
2816 5127 3017 5180 multos
3045 5126 3191 5179 viros
3220 5125 3445 5189 vicerat,

1882 5238 1937 5282 et
1964 5239 2183 5281 carnem
2214 5234 2458 5296 gestans,
2487 5239 2610 5279 eum
2642 5222 2878 5279 fundens
2919 5235 2983 5275 ac
3020 5219 3335 5290 proﬁigans,
3354 5220 3447 5289 qui

1883 5332 2002 5378 erat
2033 5321 2407 5389 incorporeus.

1956 5413 2087 5470 Vlll.
2139 5412 2211 5467 Ut
2264 5422 2449 5466 autem
2506 5411 2897 5480 gloriﬁcaretur
2974 5408 3139 5475 Deus,
3206 5410 3299 5480 qui
3366 5418 3450 5464 est

1884 5524 2111 5580 magnus
2155 5515 2209 5561 et
2250 5505 2503 5574 copiosus
2555 5504 2609 5557 in
2665 5501 3057 5565 misericordia,
3124 5510 3180 5557 et
3246 5517 3445 5573 cogno.

1884 5614 2125 5660 sceretur
2155 5600 2302 5656 illius
2340 5600 2451 5652 vita
2480 5595 2833 5661 admirabilis,
2864 5596 2923 5650 ﬁt
2965 5597 3073 5651 tale
3112 5595 3447 5657 miraculum,

1887 5701 2106 5770 dignum
2151 5695 2293 5765 quod
2359 5694 2630 5748 scribatur
2677 5702 2732 5747 et
2802 5691 3089 5747 mandetur
3153 5689 3447 5744 memori-te.

1896 5794 2024 5851 Erat
2092 5791 2307 5860 quidam
2366 5787 2516 5843 lacus
2586 5801 2755 5857 prope
2815 5788 3228 5843 monasterium.
3276 5788 3331 5840 In
3384 5802 3450 5841 eo
