4156 6314
746 356 854 417 675

1972 347 2254 408 MENSIS
2296 348 2768 408 SEPTEMBER.

3886 353 3987 416 676

753 471 1006 526 habitans
1077 468 1406 531 crocodilus,
1484 467 1535 521 in
1594 482 1970 536 quemcunque
2040 466 2312 522 incidisset

2425 466 2589 535 λίμνῃ
2642 465 3044 536 παραϐάλλοντι
3093 466 3363 536 ἀνθρώπῳ
3433 468 3462 536 ἢ
3526 469 3738 536 κτήνει,
3804 473 3987 540 μικρῷ

753 566 1026 616 hominem
1074 561 1157 614 vel
1212 561 1463 619 bestiam,
1518 574 1611 611 seu
1652 574 1869 627 parvam
1908 576 2000 612 seu
2042 574 2311 628 magnam,

749 671 867 708 eam
931 654 1176 723 protinus
1240 650 1528 705 exedebat.
1610 652 1676 704 lis
1743 652 1943 721 itaque,
1999 651 2089 720 qui
2150 653 2202 705 in
2254 666 2315 704 ca

749 750 968 818 regione
1018 747 1352 808 habitabant,
1410 757 1527 799 erat
1578 748 1775 799 malum
1855 751 1989 800 adeo
2052 748 2311 807 terribile,

752 850 809 893 ut
862 842 974 909 ipse
1027 838 1314 909 praefectus
1370 838 1786 907 civ'itatis(erat
1842 848 2023 893 autem
2089 840 2177 893 llic
2228 839 2313 892 ille

748 930 1085 999 Gregorius,
1179 944 1337 997 quem
1422 944 1540 997 quae
1635 930 1914 997 praecessit
1992 929 2311 999 signiﬁcavit

748 1022 1041 1087 oratio)in
1078 1036 1141 1072 eo
1180 1020 1297 1073 loco
1348 1020 1599 1074 statuerit
1660 1021 1859 1074 milites
1924 1020 1986 1073 ad
2054 1021 2313 1075 arcendos

746 1125 841 1164 eos
912 1110 1002 1179 qui
1074 1110 1193 1163 illac
1252 1111 1573 1164 transibant.
1642 1111 1778 1164 Cum
1861 1126 1989 1179 ergo
2066 1111 2312 1164 SClViSSCl

747 1202 1033 1271 praefectus
1056 1202 1392 1264 monasterii,
1412 1202 1584 1271 qualis
1611 1211 1754 1255 esset
1781 1203 1887 1255 vita
1911 1202 2224 1261 Theodorae.
2258 1212 2312 1257 et

744 1292 887 1361 quod
951 1307 1120 1361 prope
1180 1291 1418 1345 conferri
1480 1303 1664 1360 posset
1716 1307 1838 1346 cum
1889 1292 2021 1361 ipsis
2079 1291 2308 1360 angelis.

748 1392 802 1435 et
839 1383 986 1449 quod
1044 1398 1151 1435 non
1206 1391 1350 1435 esset
1409 1397 1605 1449 expers
1672 1382 1865 1436 divina:
1932 1384 2143 1452 gratim,
2192 1398 2308 1440 eam

745 1478 1028 1529 accersivit
1064 1485 1117 1529 et
1161 1477 1207 1529 ei
1240 1477 1411 1530 dixit:
1446 1475 1566 1538 Fili,
1603 1474 1901 1539 Theodore,
1941 1476 2064 1530 tolle
2097 1492 2309 1542 urnam,

745 1578 800 1622 et
854 1584 1084 1637 propera
1128 1568 1282 1621 nobis
1327 1582 1522 1637 aquam
1558 1568 1751 1622 afferre
1786 1584 1851 1621 ex
1892 1569 1997 1623 hoc
2033 1569 2170 1623 lacu.
2213 1571 2304 1623 llla

746 1668 929 1713 autem
969 1676 1032 1712 ex
1066 1660 1368 1728 apostolico
1416 1671 1687 1730 praecepto
1728 1663 1909 1716 sciens
1955 1679 2075 1717 esse
2108 1679 2308 1730 paren-

744 1753 872 1805 dum
923 1752 990 1805 iis
1022 1753 1107 1820 qui
1145 1762 1398 1821 praesunt,
1451 1753 1693 1822 implevit
1728 1754 1871 1820 quod
1913 1754 2063 1820 jussa
2109 1753 2305 1806 fuerat.

746 1845 809 1899 Et
834 1847 1017 1901 multis
1045 1846 1360 1915 jnbentibus
1389 1847 1534 1899 illam
1567 1862 1597 1900 e
1637 1847 1755 1901 loco
1784 1846 2068 1912 excedere,
2116 1848 2158 1901 si
2194 1862 2303 1901 non

745 1954 973 1996 mortem
1007 1951 1233 2011 cuperet
1260 1943 1626 2010 apertissime,
1660 1942 1748 1994 illa
1798 1952 1975 1994 tamen
2022 1942 2157 1997 freta
2200 1943 2304 1997 lide

746 2033 798 2084 in
837 2032 1026 2094 Deum,
1065 2043 1117 2086 et
1152 2049 1415 2101 peragens
1456 2050 1590 2101 opus
1635 2034 1978 2095 obedientite,
2008 2050 2129 2103 quae
2157 2035 2308 2088 novit

746 2123 910 2175 vitam
973 2123 1288 2185 conciliare,
1359 2138 1466 2175 non
1532 2135 1783 2185 mortem,
1838 2140 1959 2178 cum
2025 2126 2307 2195 etTugisset

746 2229 936 2266 omnes
986 2214 1077 2281 qui
1150 2214 1447 2277 arcebant,
1495 2216 1701 2269 accedit
1755 2217 1819 2269 ad
1874 2216 2050 2271 locum
2084 2235 2097 2273 :
2136 2223 2190 2272 et
2241 2220 2309 2285 (ο

747 2305 1085 2357 admirabilia
1162 2316 1248 2356 tua
1332 2320 1514 2373 opera,
1578 2322 1610 2358 ο
1680 2307 1969 2375 Domine“)
2020 2318 2306 2375 conspecta

747 2396 846 2450 fuit
908 2396 1031 2449 velii
1101 2412 1128 2450 a
1197 2397 1369 2449 bellua
1410 2407 1509 2461 ;et
1558 2413 1679 2451 cum
1745 2414 1940 2467 aquam
2018 2400 2306 2465 lmususset,

746 2496 802 2541 et
866 2487 1146 2556 implesset
1202 2504 1293 2539 vas
1345 2488 1487 2556 quod
1543 2498 1660 2541 erat
1714 2488 1765 2541 in
1836 2489 2106 2551 manibus,
2158 2498 2307 2543 vecta

747 2597 940 2634 rursus
982 2581 1050 2633 ab
1099 2580 1184 2633 illa
1237 2581 1415 2634 bellua
1464 2591 1616 2635 terrae
1673 2583 1938 2637 redditur.
1995 2582 2059 2637 Et
2105 2585 2184 2637 sic
2223 2580 2308 2637 illa

747 2674 966 2741 quidem
1014 2673 1069 2725 in
1110 2680 1252 2726 terra
1286 2683 1635 2728 conservatur
1662 2675 1823 2728 illtcsa
1852 2693 1865 2740 ;
1902 2674 2075 2729 bellua
2106 2685 2307 2740 autem,

748 2779 872 2817 cum
966 2774 1152 2817 sancta
1257 2764 1423 2831 ipsam
1508 2766 1859 2834 increpassct,
1934 2765 2035 2817 luit
2118 2779 2311 2833 poenas

749 2870 939 2909 eorum
1015 2872 1134 2923 qua:
1188 2856 1253 2908 ad
1321 2857 1424 2911 hoc
1495 2873 1670 2927 usque
1725 2868 1937 2926 tempus
1997 2856 2308 2918 admiserat,

749 2956 805 3000 et
857 2962 923 3000 eo
977 2946 1032 2999 in
1084 2947 1202 3001 loco
1261 2948 1441 3001 statim
1509 2949 1754 3003 cernitur
1826 2958 2060 3001 mortua.
2123 2947 2313 3001 Evadit

746 3054 876 3109 ergo
935 3047 1024 3093 res
1068 3040 1189 3093 aliis
1262 3056 1480 3110 quoque
1537 3040 1842 3107 manifesta,
1909 3050 2091 3111 utpote
2169 3040 2311 3109 quod

2420 574 2477 608 τε
2506 558 2597 611 καὶ
2632 559 2860 627 μείζονι,
2884 556 3044 609 τοῦτο
3067 558 3284 610 δεῖπνον
3319 558 3475 620 sie-3;
3503 562 3772 613 ἐποιεῖτο’
3814 563 3984 624 οὕτως

2419 645 2510 702 οὖν
2539 650 2770 718 κατέστη
2835 651 2946 713 τοῖς
2996 650 3465 719 ἐπιχωριάζουσιν
3510 652 3776 719 ὲπίφοὸον
3805 653 3866 704 τὸ
3897 671 3993 705 κα.

2416 743 2529 805 κὸν,
2550 743 2623 803 ὡς
2653 741 2746 794 καὶ
2772 742 2932 793 αὑτὸν
2956 744 3047 795 τὶν
3085 743 3186 811 τῆς
3222 742 3431 804 πόλεως
3464 740 3712 810 ὕπαρχον
3760 746 3990 813 (Γρηγύ-

2418 853 2531 904 ριος
2584 836 2639 888 δὲ
2679 830 2833 895 οὗτος
2863 830 2930 903 ἦν
2964 835 3021 886 ὃν
3086 836 3179 888 καὶ
3243 835 3481 906 πρόσθεν
3535 835 3746 901 φθασας
3772 842 3799 887 6
3838 840 3993 903 λόγος

2415 927 2677 995 ἐδήλωσε)
2722 924 3058 995 στρατιώτας
3114 926 3495 993 παρακαθίσαι
3521 926 3598 995 τῷ
3654 928 3828 995 τόπῳ,
3882 931 3989 998 εῖρ-

2414 1034 2531 1085 γειν
2561 1020 2685 1080 τοὺς
2714 1017 2781 1069 δι’
2838 1018 3054 1085 ἐκείνης
3110 1018 3414 1080 ὁδεύοντας.
3482 1017 3654 1078 Εἰδὼς
3695 1016 3787 1069 οὖν
3822 1021 3850 1069 ὁ
3893 1018 3993 1084 tif;

2416 1113 2584 1181 μονῆς
2618 1110 2921 1183 προεστὼς,
2956 1104 3070 1172 οἷος
3104 1105 3172 1179 ἦν
3202 1112 3228 1163 ὁ
3259 1110 3357 1178 τῆς
3388 1112 3673 1181 Θεοξώρας
3715 1113 3854 1179 βίος,
3901 1116 3993 1165 καί

2410 1202 2483 1263 ὡς
2515 1203 2714 1271 μικροῦ
2764 1204 2860 1256 καὶ
2916 1203 3174 1271 ἀγγέλοις
3225 1202 3411 1264 αὐτοῖς
3451 1202 3857 1273 ἁμιλλώμενος,
3903 1208 3994 1256 καὶ

2413 1293 2511 1357 ὡς,
2538 1293 2639 1344 οὐκ
2673 1292 2739 1344 ἂν
2773 1292 2862 1359 εἴη
2935 1295 3028 1343 καὶ
3059 1292 3283 1362 χάριτος
3350 1292 3502 1353 θείας
3569 1292 3708 1359 αὓτη
3740 1293 3991 1360 ἄμοιῳς,

2415 1385 2759 1455 μετὰκλητον
2789 1387 2958 1454 αὐτὴν
2985 1387 3374 1455 ποιησάμενος,
3409 1386 3631 1446 Τέκνον,
3666 1380 3790 1437 εἶπε
3812 1424 3827 1446 ,
3861 1388 3991 1436 θεό-

2411 1481 2573 1549 δωρε,
2621 1479 2683 1531 τὸ
2738 1480 3006 1546 κεράμιον
3067 1476 3233 1547 ἄρας,
3269 1478 3570 1547 ὒδιορημῖν
3614 1479 3725 1529 ἀπὸ
3759 1478 3862 1544 τῆς
3893 1474 3993 1528 ὧδε

2411 1572 2606 1640 λίμνης
2666 1570 2892 1639 ἐπείχθη
2942 1586 2995 1621 τι
3052 1569 3300 1635 ἀγαγεῖν.
3341 1570 3407 1619 Ίι
3455 1569 3511 1620 δὲ
3548 1569 3837 1620 πείθεσθαι
3878 1572 3995 1630 τοῖς

2411 1667 2733 1734 ἡγουμένοις
2757 1665 3122 1736 ἁποστολικὴν
3154 1664 3331 1716 εἰδυῖα
3370 1664 3715 1731 παραίνεσιν.
3754 1665 3991 1731 ἐπλήρου

2413 1762 2470 1811 τὸ
2512 1759 2823 1821 κελευσθὲν,
2863 1760 2957 1812 καὶ⁸
2990 1759 3202 1810 πολλῶν
3240 1757 3408 1824 αὐτὴν
3477 1757 3747 1823 ἐκχωρεῖν
3779 1755 3876 1805 τοῦ
3909 1755 3990 1805 τά.

2411 1868 2513 1902 που
2566 1852 3048 1920 διακελευομένων,
3083 1852 3130 1902 εί
3185 1850 3255 1919 μὴ
3311 1848 3518 1917 θανατᾷ
3584 1846 3988 1916 προδηλότατα,

2410 1943 2593 2009 ἐκείνη
2651 1944 2832 1994 πίστει
2870 1947 2934 2013 τῇ
2970 1944 3049 2003 είς
3124 1944 3256 1994 Θεὸν
3293 1941 3572 2010 θαρροῦσα
3605 1942 3698 1992 καὶ
3734 1933 3987 2006 ὑπακοῆς

2409 2035 2568 2104 ἔργον
2612 2034 2774 2085 ἁνυου
2790 2051 2871 2098 σα,
2908 2036 2939 2103 ἢ
2971 2034 3115 2103 ζωὴν
3154 2033 3355 2101 μᾶλλον
3378 2027 3539 2093 οἶδεν,
3576 2031 3699 2097 οὐχὶ
3731 2028 3991 2085 θάνατον,

2410 2126 2712 2195 προξενεῖν,
2748 2128 2955 2188 πάντας
2993 2123 3127 2193 ὁμοῦ
3155 2122 3499 2192 διαφυγοῦσα
3528 2125 3655 2182 τοὺς
3679 2124 3989 2190 εἴργοντας,

2408 2222 2474 2289 τῇ
2505 2220 2666 2286 λίμνῃ
2702 2220 3059 2287 προσϐάλλει,
3096 2219 3209 2281 καὶ,
3244 2216 3288 2267 ὣ
3320 2219 3426 2265 τῶν
3453 2215 3774 2281 παραδόξων
3808 2214 3991 2281 ἔργων

2414 2328 2529 2372 σου,
2560 2312 2727 2379 Κύριε
2757 2313 2765 2362 l
2803 2312 2983 2363 ἐπάνω
3007 2310 3099 2362 τοῦ
3128 2309 3312 2378 θηρὸς,
3346 2309 3551 2375 ἑωρᾶτο
3584 2306 3989 2376 βασταζομένη,

2413 2405 2773 2477 ἀῤῥυσαμὲνη
2801 2419 2859 2455 τε
2927 2403 3069 2472 ὕδωρ
3105 2404 3198 2454 καὶ
3229 2402 3287 2454 τὸ
3323 2403 3379 2451 ὲν
3411 2402 3597 2470 χερσὶν
3640 2401 3813 2466 ἄγγος
3848 2402 3990 2467 πλή-

2414 2517 2573 2561 σασα,
2627 2499 2820 2567 ἔποχος
2869 2496 3032 2551 πάλιν
3091 2496 3182 2547 ὑπ’
3229 2494 3439 2547 ἐκείνου
3477 2494 3540 2561 δὴ
3566 2494 3660 2543 τοῦ
3694 2493 3891 2561 Orig-3;,
3924 2495 3987 2559 τῇ

2412 2594 2551 2662 ξηρᾷ
2590 2593 2967 2661 παραδίδοται.
3017 2590 3125 2643 Καὶ
3154 2590 3325 2650 οὕτως
3389 2586 3573 2654 ἐκείνη
3618 2586 3716 2653 μὲν
3768 2585 3991 2651 ἀπαθὴς

2410 2686 2477 2752 τῇ
2516 2686 2585 2750 γῇ
2617 2682 2940 2744 διασώζεται
2973 2697 2987 2713 ο
3024 2681 3083 2732 τὸ
3114 2680 3170 2731 δὲ
3202 2677 3390 2745 θηρίον
3444 2677 3575 2744 παρ’
3600 2676 3778 2743 αὐτῆς
3812 2677 3989 2726 ἐπιτι-

2416 2774 2587 2844 μηθὲν
2645 2773 3025 2845 εἰσπράττεται
3072 2772 3226 2841 δίκην
3254 2771 3362 2822 τῶν
3406 2771 3565 2839 μέχρι
3602 2769 3723 2821 τότε
3780 2768 3991 2838 τολμη-

2413 2872 2616 2925 θέντων
2630 2868 2796 2937 αὐτῷ,
2820 2868 2912 2919 καὶ
2931 2867 3059 2935 παρ’
3091 2866 3285 2917 αὐτίκα
3308 2862 3383 2933 τῷ
3405 2863 3557 2930 τόπῳ
3588 2861 3757 2913 πεσὸν
3777 2861 3988 2930 ἑωρᾶτο

2412 2963 2603 3029 νεκρόν
2634 2975 2648 2990 ⁸
2705 2961 2916 3028 γίνεται
2981 2954 3073 3011 οὖν
3118 2957 3179 3010 τὸ
3215 2959 3447 3024 πρᾶγμα
3506 2954 3599 3006 καὶ
3654 2954 3770 3013 τοῖς
3807 2953 3987 3011 ἄλλοις

2413 3054 2685 3123 ἐπίδηλον,
2717 3053 2811 3104 at;
2841 3051 2947 3102 τῶν
2982 3049 3282 3115 ὀφθαλμοῖς
3315 3045 3476 3097 τοῦτο
3526 3043 3985 3111 παραλαϐόντων,

749 3132 842 3199 (ιιιί
892 3132 1267 3200 Ρθτεθβίεδθηῑ
1314 3133 1508 3195 Ocnus,
1561 3148 1676 3187 eam
1723 3134 2017 3188 ΙηυῙῑοΐυπι
2088 3133 2310 3186 auribus
2338 3132 2381 3190 α
2415 3144 2623 3198 πολλῶν
2652 3144 2843 3204 ἀκοαῖς
2872 3139 3205 3210 χαρίσασθαι
3233 3134 3629 3207 βουληθέντων,
3659 3135 3757 3187 καὶ
3779 3134 3988 3195 πάντας

750 3223 964 3277 tradere
1044 3224 1357 3278 voluerint:
1420 3235 1475 3279 et
1550 3234 1839 3280 uronterea
1927 3224 2040 3279 Deo
2115 3238 2308 3280 omnes

748 3325 973 3385 egerunt
1019 3319 1241 3386 gratias.

820 3407 910 3462 lx.
960 3409 1088 3461 Erat
1145 3417 1326 3461 autem
1386 3406 1473 3461 hic
1542 3423 1760 3477 quoque
1818 3406 2017 3461 invidia
2072 3406 2309 3471 factura,

749 3516 868 3571 quze
938 3500 988 3553 ei
1062 3500 1415 3565 conveniunt,
1511 3508 1563 3553 et
1654 3502 1773 3567 ejus
1871 3507 1998 3549 sunt
2074 3497 2310 3565 propria.

750 3594 981 3656 Quidam
1057 3593 1203 3645 enim
1274 3608 1339 3644 ex
1404 3589 1685 3643 monachis
1731 3588 1928 3658 (nemo
1998 3598 2081 3641 est
2145 3586 2309 3648 enim,

750 3683 841 3751 qui
919 3696 1029 3733 non
1084 3689 1372 3751 appetatur
1434 3680 1641 3735 inimici
1717 3677 1961 3747 insidiis)
2007 3678 2314 3732 invidentia:

749 3774 987 3828 stimulis
1038 3773 1151 3836 icti,
1216 3774 1378 3841 qmod
1433 3773 1681 3824 viderent
1734 3771 1946 3825 beatam
2006 3772 2192 3824 venire
2246 3771 2313 3825 ad

750 3880 1023 3918 summum
1076 3864 1314 3927 virtutis,
1368 3855 1633 3918 insciente
1680 3864 1956 3933 prmlecto,
2007 3878 2128 3919 eam
2182 3864 2313 3918 mit-

751 3964 876 4008 tunt
923 3954 979 4008 in
1028 3955 1299 4024 quoddam
1345 3956 1535 4025 procul
1587 3963 1852 4007 remotum
1902 3953 2312 4015 monasterium,

752 4048 1029 4102 tradentes
1078 4048 1128 4100 ei
1186 4047 1492 4114 epistolam,
1554 4048 1737 4115 specie
1787 4044 2029 4113 quidem,
2091 4054 2147 4097 ut
2195 4058 2315 4113 qua:

752 4141 981 4196 haberet
1014 4138 1213 4207 aliquid
1244 4139 1386 4208 quod
1420 4149 1655 4208 urgeret,
1682 4147 1737 4193 et
1786 4137 2087 4206 postularet
2119 4138 2313 4191 celeri—

755 4237 919 4283 tatem
952 4246 966 4294 ;
1004 4244 1191 4283 revera
1236 4238 1414 4282 autem
1447 4230 1520 4281 ita
1561 4239 1777 4283 structa:
1823 4229 2039 4282 fuerant
2082 4229 2312 4293 insidiae,

752 4322 1009 4388 quoniam
1092 4320 1195 4374 lioc
1273 4329 1439 4376 noctu
1515 4320 1696 4382 ﬁebat,
1768 4332 1828 4373 ut
1885 4324 2235 4373 devoraretur
2285 4335 2316 4372 a

753 4413 966 4467 beStiis.
1038 4410 1166 4466 Erat
1230 4414 1376 4466 enim
1442 4413 1532 4466 illa
1591 4413 1677 4466 via
1741 4415 1974 4471 deserta,
2020 4422 2073 4471 et
2112 4412 2166 4464 in
2210 4426 2315 4481 qua

755 4507 884 4559 solae
942 4506 1227 4557 alebantur
1284 4504 1430 4557 ferte.
1499 4502 1601 4559 Sed
1670 4504 1868 4558 l'rustra
1932 4505 2029 4557 lias
2093 4505 2316 4557 insidias

756 4595 977 4650 molitus
1039 4606 1125 4649 est
1180 4596 1541 4661 adversarius,
1589 4604 1644 4650 et
1694 4612 1853 4649 secus
1914 4597 2099 4648 evenit
2156 4610 2317 4663 quam

756 4689 872 4756 ipse
938 4690 1371 4742 maeliinabatur.
1428 4690 1508 4741 Ad
1575 4698 1817 4741 sanctam
1892 4689 2037 4740 enim
2107 4688 2161 4738 in
2234 4689 2316 4739 via

756 4790 1029 4834 errantem
1093 4781 1301 4835 accedit
1350 4780 1595 4850 quasdam
1658 4782 1850 4842 bestia,
1905 4781 2069 4848 ﬁtque
2116 4780 2163 4832 ei
2210 4778 2319 4832 dux

758 4875 857 4928 via:
910 4888 1019 4927 non
1069 4871 1252 4940 fallax,
1304 4874 1475 4928 donec
1549 4889 1666 4926 eant
1734 4872 1955 4926 deduxit
2007 4871 2073 4923 ad
2133 4884 2320 4923 mona-

758 4965 1005 5030 sterium,
1058 4966 1123 5019 ad
1149 4969 1291 5033 quod
1342 4965 1517 5019 fuerat
1547 4968 1709 5018 missa
1736 4980 1749 5016 :
1788 4968 1895 5017 imo
1920 4980 2047 5017 vero
2077 4978 2145 5015 nc
2195 4972 2322 5015 tunc

757 5059 973 5127 quidem
1059 5060 1332 5113 discessit.
1386 5056 1519 5112 Cum
1577 5074 1639 5113 ea
1700 5058 1840 5110 enim
1901 5056 2159 5124 ingressa,
2207 5056 2319 5122 ipsa

758 5165 975 5220 quoque
1012 5150 1263 5214 introiit;
1322 5160 1375 5203 et
1413 5166 1535 5203 cum
1586 5149 1673 5203 illa
1703 5149 1908 5209 ivisset,
1962 5159 2017 5200 ut
2068 5146 2321 5216 νιωΐρειο

761 5241 1013 5295 redderet
1044 5241 1268 5305 litteras,
1313 5242 1549 5310 ingressa
1600 5252 1684 5296 est
1735 5241 1845 5293 tera
1894 5240 1956 5293 ad
2008 5242 2319 5308 janitorern,

762 5346 997 5399 cumque
1028 5347 1150 5384 mox
1190 5342 1305 5385 erat
1335 5332 1692 5399 discerptura,
1728 5332 1831 5383 nisi
1864 5330 1953 5383 ille
1994 5331 2319 5392 clamasset;

760 5429 818 5473 et
875 5434 998 5473 cum
1046 5434 1111 5473 ex
1167 5419 1404 5474 clamore
1462 5434 1721 5475 conversa
1778 5421 1933 5473 beata
1978 5422 2322 5488 cognovisset

762 5514 1018 5580 quisnam
1076 5519 1222 5565 esset
1272 5512 1555 5575 tumultus,
1603 5512 1831 5566 olIendit
1879 5513 2169 5579 virum,qui
2211 5513 2320 5581 jam

762 5602 1095 5657 caedebatur
1123 5619 1151 5655 a
1189 5602 1388 5657 bestia.
1426 5602 1517 5658 illa
1551 5617 1680 5675 ergo
1725 5604 1932 5666 statim,
1967 5603 2310 5671 apprehenso

1420 3235 1475 3279 et
1550 3234 1839 3295 propterea

838 5808 857 5840 ⁸
885 5805 1027 5860 Psal.
1059 5823 1242 5869 nux.
1270 5808 1326 5866 6.

2411 3239 2520 3311 εἶχε
2559 3238 2690 3302 Θεὸς
2716 3238 2782 3290 δι’
2804 3237 3019 3305 ἐκείνης
3064 3231 3519 3305 εὐχαριστοῦντας
3543 3229 3715 3298 αὐτῷ.

2482 3396 2559 3447 Θ¹.
2592 3396 2683 3444 Δεῖ
2718 3394 2817 3445 κάν
2850 3392 3023 3459 τούτῳ
3068 3393 3135 3443 τὰ
3194 3393 3371 3443 οἰκεῖα
3403 3392 3431 3440 ὀ
3472 3390 3667 3456 φθόνος
3716 3388 3987 3440 ὲνδείκνυ·

2416 3488 2562 3540 σθαι.
2612 3486 2765 3546 Τινὲς
2806 3483 2911 3552 γὰρ
2949 3484 3057 3535 τῶν
3114 3482 3363 3549 μοναχῶν
3420 3480 3566 3548 (ἐπεὶ
3616 3480 3815 3547 μηδεὶς
3870 3482 3983 3539 ταῖς

2413 3575 2697 3645 ἑπηρείαις
2732 3578 3029 3643 ἀχείρωτος
3059 3572 3154 3624 τοῦ
3188 3570 3433 3639 ἐχθροῦ),
3453 3569 3759 3637 βασκανίας
3779 3571 3985 3639 κέντρῳ

2416 3668 2726 3739 βληθέντες,
2760 3663 2839 3729 οἷς
2866 3666 3052 3737 ἐώρων
3073 3666 3173 3733 τὴν
3202 3663 3483 3733 μακαρίαν
3513 3665 3594 3723 είς
3631 3662 3810 3731 ἄκρον
3865 3662 3987 3731 ἀρε-

2412 3762 2511 3830 τῆς
2540 3762 2783 3829 ἤκουσαν
2809 3800 2822 3823 ,
2862 3758 3034 3827 λάθρα
3087 3757 3189 3825 τῆς
3219 3754 3313 3809 τοῦ
3355 3754 3705 3826 προεστῶτος
3741 3755 3980 3822 γνώμης,

2414 3854 2492 3912 εἰς
2518 3851 2574 3902 ἓν
2605 3867 2655 3901 τι
2713 3849 2819 3902 τὼν
2852 3848 3073 3919 μακρὰν
3120 3849 3472 3917 ἁσκητηρίων
3523 3846 3737 3915 ταύτην
3764 3846 3971 3913 ἐκπέμ-

2414 3960 2626 4003 πουσιν,
2683 3941 2978 4011 ἐπιστολὴν
3041 3940 3463 4010 ἐγχείριζοντες,
3530 3939 3591 3989 τὸ
3662 3938 3983 4006 ιςαινὸμενον

2418 4036 2538 4105 μὲν,
2583 4034 2723 4086 ὥστε
2786 4035 2893 4085 τῶν
2943 4032 3282 4097 ἐπειγόντων
3327 4031 3583 4096 ἔχουσαν,
3650 4032 3750 4079 καὶ
3802 4032 3982 4089 τέλους

2413 4129 2667 4197 δεόμενον
2705 4125 2987 4195 ὀξυτέρου,
3022 4123 3083 4175 τὸ
3114 4122 3170 4175 δὲ
3196 4121 3397 4191 ἀληθὲς
3448 4122 3687 4190 συσκειὴ
3728 4116 3823 4190 ἦν,
3866 4122 3983 4172 ἐπεὶ

2414 4220 2509 4273 καὶ
2566 4220 2760 4280 νυκτὸς
2812 4217 3210 4287 διεπράττετο,
3310 4211 3652 4279 κατάφρωνα
3728 4212 3981 4277 γενέσθαι

2419 4311 2658 4381 θηρίων·
2696 4311 2899 4379 ἕρημος
2963 4310 3070 4378 γὰρ
3110 4311 3142 4377 ὴ
3194 4308 3312 4370 ὁδδς
3370 4304 3551 4376 ἐκείνη
3617 4304 3715 4357 καὶ
3786 4304 3984 4373 θηρίων

2422 4404 2598 4473 μόνων
2678 4403 2895 4472 τροφός.
3000 4401 3138 4454 Ἀλλ’
3222 4403 3300 4463 είς
3382 4400 3557 4469 μάτην
3620 4399 3656 4467 ἡ
3725 4398 3985 4463 ἐπιεουλη

2421 4497 2497 4568 τῷ
2540 4496 2925 4567 ἀντικειμένῳ,
2979 4498 3073 4549 καὶ
3110 4494 3422 4548 τούναντίον
3483 4491 3707 4558 μᾶλλον,
3750 4491 3780 4557 ᾖ
3829 4490 3986 4549 αὐτὸς

2420 4592 2753 4660 ὲτεχνάξετο.
2850 4587 3189 4654 Πλανωμένῃ
3233 4586 3338 4652 γὰρ
3378 4581 3504 4633 καθ’
3570 4581 3687 4633 ὁδον
3739 4584 3809 4650 τῇ
3867 4582 3986 4649 ὁσῖᾳ

2420 4679 2783 4749 προσέρχεταί
2826 4694 2877 4728 τι
2929 4676 3136 4745 θηρίον,
3178 4675 3268 4728 καὶ
3302 4675 3514 4743 γίνεται
3558 4672 3766 4741 ταύτης
3797 4672 3985 4740 ὁδηγος

2419 4773 2661 4843 ἀπλανὴς
2696 4773 2800 4834 ἕως
2828 4770 2976 4839 ἄγων
3007 4774 3071 4841 τῇ
3110 4772 3243 4841 μονῇ
3274 4768 3611 4837 παρέστησε,
3638 4770 3780 4835 πρὸς
3818 4768 3986 4833 ἦνκαὶ

2422 4868 2610 4935 ἔτυχεν
2667 4864 3083 4935 ὲκπεμφθεῖσαο
3140 4861 3339 4929 μᾶλλον
3393 4857 3451 4909 δὲ
3507 4856 3625 4907 οὐδὲ
3672 4855 3852 4917 οὕτως
3886 4862 3987 4906 αττ·

2427 4960 2559 5029 έστη
2597 4974 2609 4986 ·
2651 4956 2977 5029 εἰσελθούσῃ
3007 4954 3113 5023 γὰρ
3165 4953 3257 5003 καὶ
3288 4949 3418 5002 αὐτὸ
3454 4948 3752 5016 σννεισήει.
3790 4945 3990 4997 Rixer-

2426 5069 2518 5119 νης
2553 5050 2686 5118 πρὸς
2716 5050 2775 5099 τὸ
2801 5047 3105 5116 ἐγχειρίσαι
3136 5042 3212 5113 τῷ
3238 5041 3540 5113 προεστῶτι
3569 5040 3667 5109 τὴν
3700 5038 3988 5105 ἐπιστολὴν

2425 5140 2786 5208 ἀπελθούσης,
2818 5142 2845 5192 ὀ
2898 5139 3003 5207 θὴρ
3048 5136 3125 5205 τῷ
3179 5134 3415 5203 πυλωρῷ
3475 5132 3656 5199 ἐπῄει,
3716 5131 3813 5181 καὶ
3867 5132 3987 5181 ὅσον

2423 5234 2576 5287 οὔπω
2624 5228 2877 5299 διασπᾷνν
2917 5228 3077 5281 αὑτὸν
3135 5224 3379 5302 ἔμελλεν,
3426 5224 3475 5275 εί
3534 5224 3609 5291 μὴ
3692 5219 3988 5290 βοήσαντος

2425 5326 2657 5387 ἐκείνου,
2692 5324 2785 5375 καὶ
2834 5318 3142 5388 συνδρομῆς
3201 5313 3487 5384 γεγονυίας
3522 5314 3933 5381 ἐπιστραφεῖσα
3964 5312 3991 5377 η

2429 5415 2694 5487 μακαρία,
2728 5415 2822 5467 καὶ
2852 5414 3000 5473 ὅστις
3046 5411 3130 5481 εἴη
3154 5411 3181 5462 ὁ
3213 5408 3440 5476 θόρυϐος
3472 5405 3792 5472 διαγνοῦσα,
3828 5420 3989 5454 κατα.

2426 5509 2696 5578 λαμὸάνει
2723 5508 2814 5559 τὸν
2844 5504 3014 5573 ἄνδρα
3040 5502 3241 5572 βρῶσιν
3267 5500 3390 5570 ἤδη,
3423 5498 3519 5552 τοῦ
3552 5500 3721 5565 θηρὸς
3772 5497 3992 5563 γινομε-

2425 5619 2531 5659 νον.
2581 5599 2753 5662 Εὐθὺς
2784 5594 2876 5650 οὖν
2936 5596 3123 5664 ἐκείνη
3165 5590 3258 5645 τοῦ
3310 5591 3599 5661 φάρυγγος
3633 5586 3801 5641 αὐτοῦ
3871 5588 4002 5655 δραι
