4156 6314
136 360 237 421 677

1066 358 1241 417 VlTA
1278 358 1339 415 S.
1378 356 1810 417 TIlEODOR/E
1853 356 2447 420 ALEXANDRINE.

3263 371 3369 436 618

132 468 357 539 ξαμένη,
395 467 697 537 διαφθορᾶς
725 467 813 519 τὸν
844 466 1131 536 ἄνθρωπον
1157 466 1512 533 ἀπαλλάττει,
1534 468 1680 536 ἐλαίιε

1805 467 1922 536 ejus
1954 476 2192 537 gutture,
2226 470 2402 539 ipsum
2431 470 2624 524 liberat
2648 471 2716 526 ab
2749 470 2992 531 interitu.
3027 478 3159 536 Oleo
3186 496 3367 543 autem

129 563 184 612 δὲ
220 561 594 629 ὑπαλείφουσα
647 565 715 613 τὰ
747 560 1015 629 βλαϐέντα
1062 561 1221 629 μέλη,
1245 562 1339 613 καὶ
1375 561 1613 629 Χριστοῦ
1639 560 1699 613 τὸ

126 652 291 720 ὄνομα
342 650 782 721 προσεπᾴδουσα,
843 650 1027 702 τοῦτον
1082 652 1178 719 μὲν
1237 650 1311 712 ὠς
1342 652 1400 702 τὸ
1433 654 1699 721 πρότερον

129 741 254 805 ὑγιᾶ
281 742 651 805 ἀποδείκνυσι,
695 741 753 793 τὸ
777 740 830 793 δὲ
868 740 1058 810 Θηρίον
1089 745 1274 793 πεσεῖν
1301 759 1355 794 τε
1400 742 1495 795 καὶ
1546 743 1698 812 διαρ-

129 833 363 900 ραγῆναι
398 835 745 903 παραχρῆμα
768 835 933 884 ποιεῖ.

195 918 249 972 l'.
283 920 468 972 Ταῦτα
502 922 685 988 ἐκείνη
718 922 817 989 μὲν
840 920 1026 972 λαϐεῖν
1092 921 1376 991 ἠϐούλετο,
1416 923 1514 976 καὶ
1542 923 1695 977 οὐδὲν

129 1011 266 1077 μετὰ
312 1011 411 1079 τὴν
470 1011 727 1062 ἐπάνοδον
782 1012 1045 1080 ἐφανέρου
1109 1014 1223 1073 τοῖς
1278 1016 1577 1081 μοναχοῖςο
1642 1016 1692 1068 οί

126 1103 377 1170 τυχόντες
404 1102 459 1152 δὲ
525 1102 623 1168 τῆς
658 1101 978 1169 εὐεργεσίας
1014 1103 1128 1170 ἅμα
1178 1102 1326 1172 πρωῒ
1367 1105 1692 1173 αὐτάγγελοι

124 1194 215 1245 τοῦ
250 1194 587 1263 πραχθέντος
635 1195 900 1261 γίνονται,
937 1197 1138 1262 Εὐχαῖς
1172 1197 1474 1269 Θεοδώρου,
1508 1198 1693 1267 λέγον-

125 1301 243 1349 τες,
274 1284 516 1353 χαλεποῦ
567 1285 802 1339 Θανάτου
848 1287 1037 1356 ῥύεται
1068 1288 1353 1359 ἄνθρωπος
1383 1293 1478 1345 καὶ
1502 1290 1691 1362 Θηρίου

124 1375 340 1443 φάρυγξ
386 1378 520 1445 ἡμῖν
566 1377 877 1450 χαρίζεται,
926 1380 1019 1432 τὸν
1077 1381 1155 1443 εἰς
1224 1382 1428 1453 βρῶσιν
1458 1385 1557 1454 ἥδη
1594 1383 1691 1455 ληο

124 1468 344 1534 φθέντα.
378 1463 479 1521 Ὧν
506 1471 597 1522 καὶ
631 1472 754 1533 τοὺς
788 1471 983 1541 λόγους
1009 1475 1037 1525 6
1081 1476 1364 1541 προεστὼς
1403 1478 1494 1530 τοῦ
1526 1497 1690 1549 φρον-

121 1559 401 1627 τιστηρίου
462 1562 844 1630 καταπλαγεὶς
900 1564 981 1627 τίς
1012 1564 1070 1629 ὃς
1096 1570 1274 1619 ἐκεῖσε
1309 1568 1497 1621 τοῦτον
1528 1570 1690 1622 ἀπεί-

123 1650 353 1703 σταλκεν
378 1653 756 1723 ἀπορούμενος
781 1657 1047 1727 διηρώτα·
1074 1658 1148 1721 ὡς
1181 1659 1238 1711 δὲ
1282 1655 1424 1729 ἦσαν
1450 1660 1689 1726 ἅπαντες

118 1736 355 1807 ἔξαρνοι,
384 1743 481 1812 τὴν
516 1745 801 1813 μακαρίαν
828 1748 1196 1816 προσϐλέψας·
1234 1749 1331 1813 Τίς
1352 1747 1528 1815 οὗτος,
1559 1753 1684 1824 ἔφη,

1804 562 2052 615 membra
2085 560 2208 613 laisa
2272 563 2558 633 inungens,
2606 573 2660 618 et
2706 564 2910 622 Christi
2954 586 3153 629 nomen
3204 595 3369 651 super

1801 665 1862 703 ea
1934 662 2182 714 cantans,
2252 669 2376 707 eum
2435 655 2675 723 quidem,
2742 659 2885 713 sicut
2963 666 3135 731 prius.
3191 675 3367 728 reddit

1800 756 2038 807 sanum;
2083 744 2241 796 efiicit
2295 756 2501 810 autem,
2554 757 2612 801 ut
2663 749 2834 804 bestia
2896 758 3148 820 protinus
3204 765 3365 819 cade-

1800 842 1902 896 ret,
1957 840 2011 887 et
2067 836 2520 905 disrumperetur.

1871 923 1938 976 X.
1998 926 2123 980 Ilaec
2182 927 2267 979 illa
2325 931 2545 995 quidem
2608 934 2822 990 volebat
2890 938 3078 1006 latere,
3135 952 3190 996 et
3248 959 3369 1015 post

1804 1015 2040 1069 reditum
2110 1018 2247 1070 nihil
2315 1022 2597 1088 aperiebat
2666 1031 2988 1083 monachis:
3042 1035 3130 1102 qui
3187 1045 3365 1092 autem

1798 1105 2122 1161 beneficium
2164 1107 2381 1165 fuerant
2424 1118 2683 1170 assecuti.
2728 1119 2905 1171 statim
2962 1122 3061 1190 ipsi
3123 1124 3173 1178 id
3222 1131 3364 1195 quod

1794 1194 1996 1251 factum
2081 1199 2258 1255 fuerat
2311 1206 2643 1266 renuntiant.
2722 1210 2971 1266 dicentes
3039 1233 3049 1267 :
3106 1194 3365 1272 Precibus

1795 1284 2067 1342 Theodori
2124 1291 2386 1348 liberatus
2450 1308 2532 1350 est
2596 1298 2757 1354 homo
2803 1318 2831 1355 a
2876 1306 3029 1372 gravi
3062 1318 3257 1372 morte,
3311 1320 3364 1363 et

1793 1382 1978 1437 bestim
2014 1387 2134 1455 gula
2168 1389 2324 1442 nobis
2377 1393 2614 1447 restituit
2662 1410 2809 1461 eum,
2845 1399 2932 1467 qui
2982 1402 3090 1469 jam
3136 1413 3357 1471 coeptus

1792 1485 1911 1530 erat
1950 1477 2221 1533 devorari.
2270 1478 2511 1546 Quorum
2554 1487 2738 1541 verbis
2768 1491 3173 1559 obstupefactus
3220 1512 3361 1565 pra?-

1792 1565 1964 1621 fectus
1996 1573 2336 1635 monasterii,
2370 1577 2618 1643 quisnam
2666 1594 2789 1632 eum
2835 1584 3065 1646 miserit,
3101 1588 3361 1641 dubitans

1792 1661 2180 1731 interrogabat.
2236 1662 2530 1734 Postquam
2591 1678 2771 1722 autem
2812 1687 3001 1727 omnes
3052 1688 3359 1743 negassent,

1791 1747 2003 1802 beatam
2034 1752 2304 1806 intuitus:
2358 1754 2492 1819 Quis
2543 1768 2646 1821 est,
2707 1760 2903 1828 inquit,
2958 1780 2989 1817 o
3049 1765 3360 1830 Theodore,

117 1831 382 1904 Θεόδωρε,
415 1834 479 1899 ὃς
513 1836 610 1889 ἐπὶ
639 1842 910 1906 προφανεῖ
937 1841 1168 1911 κινδύνῳ
1185 1841 1385 1914 ἀωρίσε
1415 1845 1524 1896 τῶν
1559 1845 1680 1898 νύκ-

1792 1840 1901 1908 qui,
1936 1855 2057 1895 cum
2112 1853 2257 1898 esset
2312 1846 2656 1902 manifestum
2706 1852 3027 1920 periculum,
3080 1868 3130 1911 te
3172 1859 3363 1912 intem-

114 1938 223 1973 των
250 1929 551 1994 κατήπειγε
595 1927 661 1978 τὰ
698 1931 879 1981 ἐκεῖσε
928 1932 1295 1999 καταλαϐεῖνς
1334 1936 1440 1987 Καὶ
1464 1937 1559 1988 θέα
1597 1955 1687 2006 μοι

112 2015 290 2083 ψυχῆς
352 2017 571 2079 εὐθείας
627 2018 988 2090 ἀνάπλασμα,
1053 2026 1146 2075 καὶ
1205 2026 1268 2076 τὸ
1336 2026 1542 2093 ἄτυφον
1576 2028 1685 2097 γὰρ

114 2106 279 2174 ἑαυτῇ
310 2109 766 2180 περιποιουμένῃ,
789 2113 884 2163 καὶ
914 2114 1024 2175 τοῖς
1055 2114 1308 2182 ἀδελφοῖς
1336 2116 1685 2183 φυλάττουσα

110 2196 173 2249 τὸ
212 2197 574 2267 ἁνέγκλητον’
610 2201 821 2270 ”Υπνῳ,
859 2200 1033 2268 εἶπεν,
1064 2207 1182 2257 τότε
1210 2209 1336 2271 τοὺς
1374 2209 1684 2277 ὀφθαλμοὺς

110 2288 237 2350 τοὺς
264 2288 411 2341 ἔνδον
441 2307 497 2342 τε
526 2291 618 2344 καὶ
673 2293 800 2357 τοὺς
846 2294 952 2357 ἔξω
985 2296 1350 2367 βαρυνομένη,
1385 2301 1459 2371 μὴ
1511 2304 1686 2355 εἰπεῖν

109 2380 258 2450 ἔχειν
318 2382 442 2453 άρτι
500 2384 628 2447 τοὺς
687 2388 1097 2453 ἀποσταλέντας
1136 2390 1193 2455 ἐξ
1240 2394 1541 2463 ὀνόματος·
1574 2397 1686 2448 διε..

110 2473 306 2541 πρίετο
335 2475 526 2538 δεινῶς
549 2479 576 2529 6
623 2477 888 2542 διάϐολος,
919 2481 1088 2549 αὐτὴν
1121 2482 1217 2548 μὲν
1252 2484 1349 2552 τὴν
1394 2486 1683 2539 ὑποσκελι-

115 2564 335 2619 σθεῖσαν
365 2568 507 2638 ὁρῶν
558 2574 855 2631 τοσαύταις
905 2571 1084 2634 νίκαις
1140 2574 1239 2642 τὴν
1269 2571 1442 2645 ἧτταν
1472 2578 1678 2630 ἀναπα-

112 2656 394 2721 λαίουσαν,
437 2659 635 2710 ἑαυτὸν
682 2659 738 2711 δὲ
767 2661 1110 2730 κατακράτος
1143 2665 1474 2736 ἡττώμενον.
1523 2669 1683 2739 Ἀφέ-

112 2762 274 2813 μενος
301 2746 396 2800 οῦν
443 2749 537 2802 τοῦ
571 2750 709 2804 κατά
734 2752 793 2803 τὸ
821 2751 1081 2807 λανθάνον
1111 2756 1483 2811 ἐπιϐουλεύειν
1512 2778 1680 2830 φανε-

108 2838 225 2909 ρῶς
254 2840 425 2911 αὐτῆς
452 2844 743 2911 παραστὰς
790 2845 1001 2913 ἠπείλει
1047 2847 1121 2916 μὴ
1144 2849 1366 2917 ἀνήσειν
1412 2853 1538 2914 τοὺς
1564 2870 1684 2905 πει·

111 2934 363 3002 ρασμοῦς
398 2935 699 3001 ἐπάγοντα,
723 2935 827 3000 ἕως
854 2938 1023 3003 αὐτὴν
1054 2939 1172 3008 Οείη
1206 2941 1407 3011 πτῶμα
1438 2942 1683 3013 γελώμε-

105 3042 200 3075 νον
234 3025 333 3084 τὴν
364 3025 458 3077 νῦν
524 3026 633 3078 ἀπὸ
694 3028 915 3082 πάντων
940 3030 1387 3105 θαυμαζομένην.
1421 3033 1553 3090 Εῖπε
1588 3039 1681 3091 καὶ

102 3116 166 3169 οὐ
194 3116 360 3170 πολὺν
382 3117 560 3187 ἀφῆκε
590 3119 681 3173 τὸν
749 3122 952 3189 μεταξὺ
986 3125 1179 3193 χρόνον
1231 3128 1506 3195 γένεσθαι,
1542 3130 1680 3184 ἀλλὰ

104 3206 260 3260 σίτου
280 3209 379 3280 τῆς
411 3211 575 3280 μονῆς
605 3213 684 3272 είς
732 3212 941 3265 ἔνδειαν
976 3218 1351 3289 καταστάσης,
1400 3221 1681 3276 κελεύεται

102 3301 262 3371 παρὰ
305 3302 400 3353 τοῦ
431 3302 773 3371 προεστῶτος
802 3306 833 3374 ή
869 3308 1116 3377 μακαρία
1166 3310 1241 3381 μὴ
1276 3311 1514 3380 μέλλειν,
1549 3315 1685 3369 ἀλλὰ

98 3392 204 3453 τὰς
260 3395 559 3463 καμήλους·
610 3394 766 3458 αὖθις
815 3396 1058 3452 λαϐοῦσα
1088 3401 1358 3471 καὶπρὸς
1405 3405 1504 3474 τὴν
1528 3407 1683 3460 πόλιν

98 3484 455 3554 ἀφικομένην
498 3489 644 3539 σῖτον
697 3488 882 3551 αὐτοῖς
933 3491 1228 3559 πρίασθαι.
1275 3494 1683 3566 Ἐπετέτραπτο

98 3575 163 3628 δὲ
193 3576 289 3627 καὶ
316 3575 496 3639 τοῦτο,
528 3575 604 3636 ὡς
631 3576 684 3627 εί
711 3593 774 3643 γε
827 3578 1107 3641 ἀδυνάτως
1139 3581 1276 3652 αὐτῇ
1332 3584 1545 3651 γένοιτο
1577 3588 1681 3658 πρὸ

95 3666 205 3733 τῆς
259 3667 500 3735 ἑσπέρας
552 3668 893 3733 ἐπανελθεῖν,
950 3672 1284 3729 καταλύσειν
1346 3678 1404 3729 ἐν
1458 3679 1535 3748 τῷ
1584 3679 1678 3732 τοῦ

103 3759 302 3812 ἐνάτου
330 3761 755 3833 φροντιστηρίῳ,
787 3766 1013 3818 κάκεῖσε
1061 3769 1160 3832 τὰς
1190 3770 1470 3840 καμήλους
1498 3773 1681 3827 διανα-

97 3849 342 3903 παῦσαι.
388 3852 715 3905 Ἐπανιοῦσα
747 3857 1039 3924 τοιγαροῦν
1060 3861 1123 3910 ἐκ
1146 3858 1242 3929 τῆς
1272 3861 1499 3929 πόλεως,
1532 3865 1681 3918 ἐπεί-

97 3959 214 4011 περ
249 3941 350 4012 ήδη
383 3944 522 4014 πρὸς
552 3944 764 4015 δυσμὰς
790 3944 937 4016 ἐώρα
975 3948 1067 4001 τὸν
1101 3950 1276 4021 ἥλιον,
1311 3956 1379 4025 τῇ
1413 3955 1508 4007 τοῦ
1555 3957 1680 4009 ἐνά-

90 4053 196 4089 του
229 4036 373 4090 κατὰ
407 4036 466 4091 τὸ
497 4036 779 4109 ἐπίταγμα
810 4042 948 4111 μονῇ
979 4044 1306 4115 προσφοιτᾷ,
1348 4045 1571 4115 δοθῆναί
1616 4065 1674 4101 τε

90 4131 268 4182 τόπον
319 4132 454 4200 αὐτῇ
512 4132 609 4183 καὶ
687 4134 806 4194 ταῖς
872 4135 1139 4203 καμήλοις
1196 4137 1332 4206 πρὸς
1363 4138 1675 4195 ἀνάπαυσιν

92 4220 248 4289 ⁴ᾔτει,
269 4213 330 4271 οὐ
362 4220 471 4273 καὶ.
499 4221 815 4291 γενομένου,
850 4222 988 4293 πρὸς
1020 4227 1148 4278 ποσὶ
1182 4225 1321 4301 αὕτη
1352 4229 1461 4283 τῶν
1494 4233 1675 4303 καμή-

90 4314 211 4368 λων
260 4312 641 4368 διανεπαύετο.

171 4403 279 4457 IA'.
322 4403 601 4455 Ἐντεῦθεν
634 4400 728 4456 οῦν
759 4406 903 4475 ἀρχὴ
931 4409 1143 4474 γίνεται
1177 4412 1270 4463 τοῦ
1304 4413 1543 4482 πολέμου
1578 4414 1670 4466 τοῦ

92 4497 229 4549 κατ’
256 4496 427 4565 αὐτήν
447 4511 462 4526 ο
488 4497 516 4548 6
539 4496 648 4568 γὰρ
666 4499 795 4567 ,τοῖς
830 4502 1090 4572 πονηροῖς
1134 4501 1319 4574 ἔργοις

93 4606 269 4661 μενος
302 4588 531 4657 δαίμων,
562 4588 655 4649 καῖ
672 4591 797 4654 τοὺς
827 4593 969 4647 κατὰ
998 4594 1106 4646 τῶν
1134 4597 1304 4664 ἁγίων
1330 4598 1669 4669 πειρασμοὺς

87 4682 402 4750 ἀνεγείρειν
429 4680 516 4732 ἀεὶ
551 4681 964 4751 μηχανώμενος,
1015 4689 1154 4740 κατά
1182 4688 1343 4757 τῆσδε
1374 4690 1469 4744 καὶ
1502 4691 1670 4743 πλείω

88 4773 201 4842 τὴν
233 4772 439 4824 λύσσαν
508 4772 980 4842 ἐπιδεικνύμενος,
1038 4774 1133 4829 ἅτε
1182 4778 1246 4848 δὴ
1279 4780 1371 4832 καὶ
1402 4781 1539 4850 μετά
1572 4780 1670 4852 τὴν

90 4866 280 4933 θήραν
334 4865 432 4925 τὰς
468 4863 676 4917 ἐκείνου
708 4867 896 4936 χεῖρας
950 4867 1347 4941 διαφυγούσης,
1379 4872 1449 4925 τὰ
1471 4872 1669 4927 ἑαυτοῦ

88 4957 279 5009 ποιεῖν
328 4956 428 5009 οὐκ
469 4957 683 5027 ἠμέλει,
742 4958 880 5011 ἀλλά
942 4960 1164 5013 νεάνιδά
1217 4979 1363 5028 τινα,
1404 4965 1526 5017 τότε
1560 4967 1669 5018 τῶν

91 5048 359 5121 μοναχῶν
420 5050 525 5103 τινὶ
603 5051 924 5117 συγγενείας
978 5052 1121 5123 λόγῳ
1182 5055 1668 5127 συνδιατρίϐουσαν

85 5142 241 5212 πρὸς
288 5136 506 5212 οῐστρον
566 5143 873 5213 ἀνερεθίζει
932 5143 1212 5213 λαγνείας,
1269 5150 1301 5219 ἢ
1357 5150 1449 5201 καὶ
1502 5150 1669 5220 ἄνδρα

86 5229 245 5285 εἶναι
280 5232 379 5301 τὴν
442 5235 721 5306 μακαρίαν
756 5236 815 5301 ἐξ
845 5230 921 5290 ὧν
960 5236 1106 5308 ἑώρα
1137 5238 1497 5310 λογισαμένη,
1532 5243 1668 5310 πρὸς

83 5324 155 5379 τὸ
187 5326 367 5397 ταύτῃ
401 5326 839 5397 συγκαθευδῆσαι
878 5331 1287 5397 προσεκαλεῖτο,
1332 5332 1465 5385 αἰδῶ
1486 5334 1668 5385 πᾶσαν

83 5417 432 5484 ἀποθεμένη,
488 5417 580 5470 καὶ
643 5416 938 5489 προσώπου
982 5421 1204 5488 καὶτῆς
1251 5420 1452 5492 ψυχῆς.
1497 5423 1581 5486 Ὠς
1611 5422 1665 5475 δὲ

85 5512 192 5563 καὶ
225 5508 465 5577 ὑπήκοον
492 5510 637 5582 ἐώρα
662 5511 796 5580 πρὸς
824 5512 1001 5577 τοῦτο,
1022 5512 1116 5564 καὶ
1141 5516 1496 5583 προτιμῶσαν
1529 5514 1667 5586 μᾶλ-

83 5604 188 5655 λον
253 5599 349 5671 τὴν
402 5602 496 5654 ἐπὶ
553 5602 693 5674 ψιλῷ
746 5604 825 5674 τῷ
878 5603 1065 5673 ἐδάφει
1119 5609 1214 5658 καὶ
1245 5609 1364 5671 ταῖς
1396 5609 1665 5679 καμήλοις

83 5695 389 5751 κατάκλισι
448 5694 509 5747 τὸ
576 5695 906 5767 ἐνδομυχοῦν
950 5698 1135 5769 ἐκείνη
1186 5698 1281 5752 τοῦ
1336 5702 1554 5771 οῑστρου
1589 5705 1665 5773 μὴ

82 5787 441 5842 κατασϐέσαι
472 5784 581 5856 πῦρ
602 5785 897 5859 δυναμένη,
922 5790 1199 5845 ἐκδίδωσιν
1217 5793 1414 5864 ἑαυτὴν
1443 5794 1522 5848 ἐνὶ
1554 5796 1661 5847 τῶν

1792 1938 1944 1994 pesta
2017 1942 2177 1985 nocte
2261 1935 2493 2001 impulit,
2552 1947 2609 1990 ut
2693 1941 2802 1995 illic
2884 1948 3360 2013 proficiscercris?

1792 2016 1921 2070 Mihi
1993 2036 2123 2073 vero
2196 2025 2482 2079 considera
2535 2039 2696 2082 rectae
2764 2034 2957 2088 anima:
3018 2037 3354 2107 figmentum.

1794 2107 1907 2163 Sibi
1955 2112 2101 2165 enim
2140 2119 2440 2171 attribuens
2486 2120 2911 2192 simplicitatem,
2943 2139 2997 2182 et
3027 2147 3358 2189 conservans

1788 2199 1981 2254 fratres
2042 2210 2297 2272 tanquam
2380 2211 2515 2262 nulli
2584 2213 2800 2267 crimini
2882 2221 3123 2275 allincs:
3181 2226 3355 2285 Tunc.

1790 2291 1983 2361 inquit,
2044 2303 2156 2349 tam
2220 2296 2423 2352 interni
2514 2316 2674 2369 quam
2733 2310 2944 2363 externi
3014 2315 3154 2367 oculi
3201 2331 3357 2373 erant

1787 2384 1919 2437 mihi
1964 2400 2154 2440 somno
2205 2389 2339 2443 adeo
2383 2396 2608 2458 gravati,
2658 2407 2715 2450 ut
2768 2416 2873 2453 non
2925 2408 3126 2471 possim
3178 2414 3357 2464 nomi-

1786 2477 1952 2528 natim
2007 2478 2188 2560 dicere
2222 2497 2317 2534 eos
2364 2488 2457 2550 qui
2492 2487 2781 2542 miserunt.
2824 2492 3127 2561 Egerrimc
3175 2509 3355 2553 autem

1785 2566 1992 2621 ferebat
2044 2551 2308 2636 diabolus,
2363 2575 2553 2630 videns
2603 2579 2773 2647 ipsam
2829 2551 3048 2651 quidem
3101 2551 3357 2658 supplan-

1789 2666 1973 2724 tatam,
2028 2663 2226 2718 talibus
2285 2666 2526 2722 victoriis
2579 2686 2608 2723 a
2660 2687 2718 2725 sc
2759 2674 2996 2731 dedecus
3043 2681 3354 2750 rcpulisse;

1783 2766 1843 2806 se
1871 2763 2052 2809 autem
2085 2757 2136 2809 vi
2173 2773 2293 2812 esse
2330 2772 2667 2830 superatum.
2716 2765 2939 2824 Mittens
2972 2787 3099 2843 ergo
3130 2775 3353 2828 clancu-

1786 2845 1896 2901 lum
1950 2848 2219 2915 insidiari,
2266 2862 2455 2920 aperte
2504 2857 2570 2911 ad
2612 2873 2734 2911 eam
2780 2864 3065 2930 accedens,
3120 2868 3356 2923 minatus

1792 2945 1874 2988 est
1941 2952 2000 2991 se
2056 2955 2163 2993 non
2241 2954 2577 2997 cessaturum
2646 2948 2915 3006 intentare
3002 2959 3351 3019 tentationes,

1788 3027 1967 3082 donec
2028 3030 2290 3095 etlecerit,
2344 3044 2403 3086 ut
2450 3035 2565 3099 ipsa
2613 3040 2788 3103 cadat,
2832 3058 2953 3111 qua:
3004 3045 3236 3101 habetur
3281 3051 3351 3103 ab

1783 3120 2038 3175 omnibus
2112 3123 2167 3176 in
2237 3126 2620 3184 admiratione.
2695 3131 2896 3189 Dixit:
2947 3148 2999 3191 et
3051 3155 3158 3193 non
3226 3143 3355 3196 sivit

1787 3211 2016 3263 multum
2070 3213 2406 3269 intercedere
2442 3224 2743 3288 temporis;
2777 3227 2870 3279 sed
2914 3243 3036 3282 cum
3087 3232 3354 3284 laboraret

1786 3302 2182 3355 monasterium
2251 3304 2438 3374 inopia
2504 3307 2788 3380 frumenti,
2840 3316 2994 3384 jubet
3066 3321 3354 3389 pra-fectus

1785 3391 1955 3447 beatae
2019 3409 2089 3448 ne
2158 3407 2486 3466 cunctetur;
2537 3404 2630 3456 sed
2682 3408 2954 3473 accipiens
3015 3428 3203 3470 rursus
3252 3431 3352 3469 ca-

1784 3485 1977 3549 melos,
2027 3496 2083 3538 et
2145 3489 2351 3544 vadens
2393 3492 2447 3545 in
2513 3493 2807 3563 civitatem,
2886 3502 2965 3554 eis
3027 3517 3173 3559 emat
3242 3509 3354 3568 fru-

1783 3584 2050 3630 mentum.
2093 3576 2261 3632 Porro
2298 3589 2483 3634 autem
2530 3585 2632 3641 hoc
2672 3604 2885 3657 quoque
2932 3594 2980 3647 ei
3028 3594 3350 3665 imperatum

1782 3664 1976 3728 fuerat,
2006 3670 2149 3736 quod
2177 3670 2220 3724 si
2249 3686 2311 3725 ea
2340 3688 2447 3727 non
2476 3688 2657 3743 posset
2681 3681 2856 3732 redire
2886 3693 3012 3739 ante
3047 3702 3350 3756 vesperam,

1779 3756 2147 3813 diversaretur
2200 3763 2255 3815 in
2310 3768 2645 3821 monasterio
2702 3768 2877 3835 Nono,
2909 3784 2963 3825 et
3003 3776 3240 3832 efficeret
3292 3792 3350 3837 ut

1781 3850 1973 3903 cameli
2060 3852 2173 3907 illic
2244 3857 2673 3926 requiescerent.
2756 3863 3059 3922 Revertens
3134 3887 3262 3941 ergo
3320 3888 3352 3927 e

1778 3941 2019 4005 civitate,
2065 3944 2323 4011 quoniam
2369 3947 2480 4015 jam
2527 3951 2695 4004 solem
2746 3955 2963 4009 videbat
3025 3963 3077 4011 in
3122 3978 3343 4031 occasu,

1782 4032 1925 4086 venit
1962 4031 2031 4087 ad
2065 4030 2278 4088 Nonum
2314 4041 2728 4107 monasterium,
2764 4045 2913 4101 sicut
2953 4047 3000 4101 ei
3038 4049 3213 4107 fuerat
3246 4056 3348 4109 im-

1777 4132 2022 4194 peratum
2058 4143 2070 4190 ;
2109 4136 2164 4181 et
2202 4129 2358 4197 petiit
2403 4131 2505 4185 sibi
2539 4143 2593 4187 et
2625 4140 2850 4192 camelis
2894 4140 3009 4195 dari
3059 4143 3235 4199 locum
3281 4150 3348 4203 ad

1777 4217 2191 4284 quiescendum.
2224 4221 2375 4285 Quod
2395 4238 2518 4277 cum
2550 4226 2748 4282 factum
2779 4242 2944 4295 esset,
2977 4233 3094 4302 ipsa
3127 4240 3345 4308 requie-

1780 4308 1961 4363 scebat
1995 4310 2062 4364 ad
2096 4311 2265 4380 pedes
2294 4315 2647 4373 camelorum.

1847 4435 1942 4491 ΧΙ.
1960 4436 2095 4492 Hinc
2119 4455 2247 4511 ergo
2269 4444 2438 4496 oritur
2463 4445 2586 4498 belli
2612 4446 2664 4500 in
2683 4448 2854 4516 ipsam
2875 4451 3221 4525 principium.
3244 4459 3346 4527 Qui

1380 4506 1673 4611 έπξτερπξό·
1697 4516 1751 4578 D
1777 4526 1920 4582 enim
1960 4506 2222 4599 improbis
2281 4531 2435 4588 factis
2466 4506 2767 4595 delectatur
2813 4506 3127 4611 daemonfet
3151 4506 3347 4607 adver-

1777 4632 1869 4673 sus
1886 4630 2103 4674 sanctos
2136 4634 2353 4692 semper
2389 4628 2605 4682 molitur
2640 4633 2873 4687 excitare
2908 4635 3256 4706 tentationes,
3291 4643 3348 4697 in

1778 4708 1947 4779 ipsam
1996 4720 2177 4765 autem
2211 4716 2473 4781 majorem
2512 4720 2676 4775 etiam
2722 4732 3004 4781 ostentans
3032 4730 3257 4799 rabiem,
3290 4746 3349 4789 ut

1775 4815 1897 4869 qua:
1941 4811 2059 4869 post
2096 4806 2441 4861 venationem
2480 4809 2764 4881 eﬂ'ugisset
2815 4815 2961 4872 illius
3001 4835 3213 4885 manus,
3236 4840 3347 4880 non

1775 4894 2013 4964 neglexit
2042 4894 2223 4951 facere
2268 4914 2387 4969 qum
2418 4912 2546 4957 sunt
2597 4921 2713 4971 sua,
2742 4908 2838 4964 sed
2907 4913 3193 4979 quamdam
3218 4918 3349 4972 ado-

1774 4984 2153 5055 lescentulam,
2186 5005 2305 5059 quae
2330 5001 2459 5049 tunc
2507 5000 2830 5055 versabatur
2863 5017 2986 5057 cum
3022 5008 3347 5074 quibusdam

1775 5078 2059 5131 monachis
2090 5081 2299 5136 ratione
2343 5090 2859 5160 consanguinitatis,
2902 5095 3093 5151 incitat
3141 5096 3348 5170 ad,'sti~

1775 5168 1978 5220 mulum
2012 5168 2251 5226 libidinis
2281 5190 2430 5244 :qua:
2452 5178 2661 5233 beatam
2691 5180 2833 5235 illam
2863 5199 2928 5238 ex
2962 5187 3031 5241 iis
3054 5204 3175 5257 qua:
3194 5168 3345 5245 vide-

1776 5260 1889 5324 bat,
1953 5261 2212 5319 arbitrata
2281 5280 2404 5323 esse
2481 5271 2655 5326 virum
2730 5274 2993 5333 invitabat
3053 5291 3109 5334 ut
3160 5297 3347 5340 secum

1775 5349 2058 5415 dormiret,
2091 5353 2338 5423 deposito
2371 5361 2520 5414 omni
2563 5363 2768 5430 pudore
2800 5375 2856 5420 et
2882 5382 2946 5420 ex
2982 5369 3133 5424 vultu
3191 5382 3243 5426 et
3278 5390 3343 5428 ex

1775 5442 1977 5498 animo.
2010 5445 2300 5514 Postquam
2347 5459 2529 5505 autem
2580 5453 2715 5507 vidit
2766 5472 2883 5509 eam
2935 5474 3044 5514 non
3100 5462 3344 5529 obedire,

1774 5539 1828 5583 et
1884 5531 2043 5585 malle
2087 5533 2142 5586 in
2200 5537 2347 5591 nudo
2411 5540 2527 5593 solo
2578 5542 2821 5600 dormire
2882 5563 3047 5619 prope
3090 5553 3349 5619 camelos,

1774 5634 1885 5673 non
1920 5620 2106 5677 valens
2142 5623 2232 5679 illa
2268 5630 2616 5700 exstinguere
2665 5634 2925 5689 latentem
2964 5639 3109 5692 intus
3166 5640 3347 5712 ignem

1776 5711 2037 5778 libidinis,
2083 5714 2176 5769 dat
2226 5732 2284 5772 se
2333 5721 2424 5773 uni
2472 5736 2536 5777 ex
2582 5724 2650 5777 iis
2694 5726 2786 5793 qui
2821 5726 2933 5781 illic
2982 5711 3345 5799 dormiebant,

1776 5804 1865 5870 qui
1900 5802 2014 5872 ipse
2065 5821 2281 5881 quoque
2310 5821 2429 5867 erat
2474 5813 2671 5883 viator,
2703 5825 2757 5868 et
2790 5817 2842 5871 in
2895 5821 3123 5875 transitu
3164 5824 3343 5879 diver—
