4156 6314
742 364 851 427 679
1970 351 2254 411 MENSIS
2294 351 2333 409 S

2439 351 2767 413 TEMBEB.
3899 344 4001 406 680

744 487 894 529 satus
918 481 1033 526 erat
1073 470 1125 523 in
1154 467 1504 521 monasterio.
1539 465 1673 519 Cum
1714 462 1759 514 is
1805 474 1950 529 ergo,
1986 462 2074 528 qui
2110 461 2311 514 fecerat

2447 464 2593 513 κεῖσε
2624 457 3155 528 προσκαθευδύντων,
3210 457 3360 527 ὀδίτῃ
3399 455 3491 510 καὶ
3535 454 3687 525 αὐτῷ
3730 455 3873 512 ὄντι.
3906 457 3999 507 καὶ

749 564 1108 633 iniquitatem,
1164 560 1264 613 sub
1304 573 1551 612 auroram
1604 554 1918 613 recessisset
1963 554 2016 606 in
2064 569 2187 607 eum
2232 554 2317 607 loc

747 672 896 720 cum,
948 655 1093 710 unde
1154 658 1521 722 processerat,
1584 648 1885 719 procedens
1941 658 2154 716 tempus
2203 649 2314 716 jam

748 752 1200 804 intumescentem
1252 743 1573 799 ostendebat
1622 751 1833 794 uterum
1882 739 2124 809 virginis.
2184 738 2315 803 Quae

751 856 781 894 a
833 839 1077 909 cognatis
1129 838 1457 903 interrogata
1513 851 1541 888 a
1592 848 1697 902 quo
1743 833 1845 885 hoc
1898 831 2097 886 factum
2148 841 2313 892 esset,

747 931 900 993 dixit,
933 930 1274 982 Theodorum
1312 928 1633 980 monachum
1705 922 2093 979 Octavidccimi
2128 937 2314 974 mona—

759 1023 909 1076 sterii
936 1037 1058 1074 cum
1082 1036 1141 1073 ea
1176 1018 1533 1078 coivisse.lis.
1561 1033 1677 1086 quae
1706 1018 1845 1069 dicta
1877 1014 2104 1069 fuerant.
2136 1015 2313 1065 statim

748 1115 975 1169 credunt
1019 1112 1293 1167 monachi.
1358 1110 1491 1163 Nam
1531 1113 1619 1179 qui
1648 1110 1821 1163 beatae
1860 1107 2097 1160 minatus
2142 1104 2316 1159 fuerat

748 1207 1074 1261 tentationes
1127 1205 1307 1259 docuit
1364 1205 1526 1259 etiam
1605 1202 1835 1272 puellam
1933 1201 2035 1254 hoc
2102 1201 2317 1265 dicere,

748 1306 803 1352 et
862 1297 983 1349 illos
1062 1296 1307 1349 credere.
1360 1294 1567 1347 Deinde
1636 1307 1758 1345 cum
1827 1291 2182 1344 accessissent
2243 1289 2311 1343 ad

750 1388 1160 1444 monasterium,
1222 1385 1312 1439 ubi
1368 1400 1426 1437 se
1484 1382 1771 1437 exercebat
1826 1381 1922 1434 illa
1972 1379 2151 1442 beata,
2194 1394 2314 1432 cum

752 1495 944 1548 magna
1002 1478 1384 1531 vociferatione
1424 1485 1475 1529 et
1524 1474 1756 1527 tumultu
1804 1473 2099 1526 dicebant:
2137 1471 2317 1527 Theo-

752 1573 935 1637 thl‘llS,
992 1572 1078 1639 qui
1128 1580 1210 1624 est
1261 1569 1401 1637 apud
1440 1582 1534 1621 vos
1588 1565 1910 1626 monachus,
1962 1578 2069 1616 non
2112 1568 2318 1617 veritus

754 1672 836 1717 est
890 1672 1102 1715 tantum
1170 1660 1458 1714 admittere
1536 1656 1817 1729 ﬂagitium.
1874 1652 2078 1722 Rogata
2138 1664 2315 1707 autem

756 1769 785 1807 a
839 1753 1114 1821 praefecto,
1159 1768 1224 1805 an
1274 1767 1389 1805 rem
1439 1742 1664 1803 fecisset
1709 1755 1816 1799 tam
1874 1745 2312 1806 abominandam,

2420 558 2482 607 ἐκ
2515 557 2752 622 παρόδου
2804 557 2868 624 τῇ
2926 555 3060 623 μονῇ
3129 553 3512 605 καταλύσαντι.
3553 552 3659 604 Τοῦ
3691 551 3881 602 τοίνυν
3908 550 3997 616 τὴν

2417 648 2647 716 ἀνομίαν
2673 645 3074 715 ἐργασαμένου,
3108 644 3212 694 ὑπὸ
3246 641 3345 711 τὴν
3375 642 3448 694 ἔω
3477 643 3574 709 τῆς
3610 640 3793 709 μονῆς
3823 641 3999 706 ἐκχω-

2418 739 2706 807 ρήσαντος,
2745 737 2838 789 καὶ
2870 735 2965 803 τῆς
2998 733 3153 794 ὁσίας
3183 731 3243 796 ἐξ
3275 726 3333 784 οὗ
3362 732 3633 801 προῆλθεν
3693 729 4001 784 ἀνασωθεί-

2416 844 2533 898 σης,
2564 829 2597 895 ἡ
2626 826 2719 878 τοῦ
2778 825 2971 894 χρύνου
3028 821 3362 889 παράτασις,
3384 819 3692 888 αἰρομένην
3731 818 3839 886 ήδη
3867 816 3997 882 πρὸς

2414 920 2577 986 δγκον
2604 918 2700 987 τὴν
2731 916 2976 984 γαστέρα
2998 914 3094 982 τῆς
3126 914 3295 983 κόρης
3313 912 3547 966 ἐδείκνυο
3576 913 3671 964 καὶ
3689 910 3819 962 ὅθεν
3845 908 3999 960 τοῦτο

2416 1011 2568 1080 παρὰ
2623 1007 2730 1062 τῶν
2804 1007 3085 1076 συγγενῶν
3168 1008 3340 1058 εἰπεῖν
3410 1004 3831 1074 ἀνακρινομένη
3915 1002 3999 1052 τὸν

2418 1103 2670 1173 μοναχὸν,
2719 1097 2872 1167 εἷπε,
2942 1099 3237 1168 Θεόδωρον,
3295 1097 3386 1149 τὸν
3440 1097 3539 1166 τῆς
3583 1093 4001 1149 Ὀκτωδεκάτου

2420 1195 2605 1265 μονῆς,
2637 1194 2773 1263 αὐτῇ
2807 1191 3215 1260 συμφθαρῆναι.
3277 1187 3631 1241 Πιστεύουσιν
3657 1185 3869 1238 αὐτίκα
3899 1186 4003 1245 τοῖς

2414 1288 2688 1356 λεχθεῖσιν
2719 1286 2770 1337 οί
2830 1285 3055 1353 μοναχοί
3075 1301 3086 1313 ·
3122 1284 3149 1335 ὁ
3180 1283 3289 1351 γὰρ
3320 1284 3386 1351 τῇ
3444 1280 3694 1349 μακαρίᾳ
3716 1280 3852 1340 τοὺς
3886 1295 4004 1329 πει-

2420 1380 2663 1450 ρασμοὺς
2711 1377 3233 1446 διαπειλησάμενος,
3296 1376 3389 1427 καὶ
3445 1374 3544 1443 τὴν
3613 1372 3794 1441 κόρην
3848 1369 4005 1421 τοῦτο

2416 1474 2593 1541 λέγειν
2624 1472 2894 1536 ἐδίδασκε,
2934 1470 3223 1531 κάκείνους
3254 1468 3558 1520 πιστεύειν.
3597 1462 3734 1517 Εἶτα
3764 1466 3831 1533 τῇ
3871 1465 4003 1529 μονῇ

2419 1565 2832 1635 προσελθόντος,
2888 1564 3031 1633 ἥπερ
3070 1557 3215 1630 εἶχεν
3270 1561 3615 1628 ἀσκουμένην
3676 1556 3780 1625 τὴν
3828 1571 4008 1623 μακα-

2420 1656 2539 1724 ρίαν
2574 1656 2669 1707 σὺν
2704 1653 2797 1722 βοῇ
2835 1652 2927 1705 καὶ
2971 1649 3204 1721 θορύϐῳ,
3234 1648 3528 1716 Θεόδωρος,
3566 1647 3779 1711 ἔλεγον,
3835 1647 3861 1695 ὁ
3910 1644 4005 1709 ἐᾷ’

2418 1746 2561 1816 ὑμᾶς
2592 1745 2736 1798 τελεῖ
2772 1743 3028 1815 μοναχδς,
3081 1741 3281 1795 τοιόνδε
3335 1738 3505 1807 μῦσος
3584 1739 3852 1804 πράττειν
3912 1735 4007 1787 οὐκ

757 1845 871 1912 ipsa
925 1844 1057 1897 dixit
1110 1843 1155 1893 ei
1212 1858 1271 1896 se
1322 1856 1431 1893 non
1502 1838 1704 1891 habere
1770 1848 1883 1886 rem
1944 1833 2106 1886 ullam
2162 1835 2319 1900 cujus

2439 1838 2665 1908 ἱφριξεν.
2700 1839 2792 1898 Εἰς
2820 1838 3116 1905 ἐρωτήσεις
3146 1830 3237 1887 οὖν
3273 1832 3503 1885 ἐλθοῦσα
3533 1832 3686 1898 παρὰ
3716 1828 3815 1880 τοῦ
3851 1831 4009 1894 ἦγον.

756 1934 879 2002 jure
935 1943 1233 1985 teneretur.
1295 1930 1467 1997 Atque
1518 1928 1589 1980 illi
1632 1925 1848 1994 quidem
1932 1930 2061 1977 tunc
2119 1925 2318 1979 reversi

761 2033 887 2078 sunt
921 2023 986 2080 ad
1037 2038 1195 2078 suum
1247 2020 1657 2076 monasterium.
1710 2008 1713 2011 ’

832 2323 949 2378 XII.
1008 2321 1301 2389 Postquam
1362 2330 1541 2373 autem
1604 2316 1782 2371 infans
1824 2317 1931 2385 jam
1981 2316 2162 2370 editus
2218 2315 2325 2368 fuit

766 2417 819 2469 in
874 2416 1072 2473 lucem,
1120 2428 1240 2465 enm
1294 2412 1567 2474 tollentes,
1618 2408 1915 2477 projiciunt
1972 2407 2023 2459 in
2094 2406 2327 2458 medium

765 2506 1178 2567 monasterium,
1219 2504 1269 2556 in
1318 2518 1424 2571 quo
1468 2511 1585 2554 erat
1626 2500 1712 2553 illa
1765 2500 1941 2554 beata.
1997 2496 2110 2549 Hoc
2147 2506 2329 2549 autem

765 2607 884 2654 erat
924 2596 1131 2650 insidize
1183 2604 1239 2649 et.
1298 2593 1581 2647 artificium
1646 2590 1873 2654 inimici,
1929 2589 2198 2643 studentis
2276 2588 2327 2642 ei

769 2690 993 2760 injicere
1058 2686 1223 2739 animi
1295 2683 1687 2753 aegritudinem,
1756 2690 1809 2734 et
1873 2680 1991 2748 ejus
2064 2679 2328 2747 impedire

768 2781 1106 2835 institutum.
1165 2775 1272 2829 Sed
1330 2775 1526 2827 frustra
1584 2786 1773 2826 rursus
1823 2786 1850 2823 a
1884 2777 1956 2832 te.
1996 2784 2028 2823 ο
2073 2769 2333 2838 maligne,

768 2881 970 2942 parata:
1009 2877 1138 2923 sunt
1183 2867 1414 2929 insidiae;
1474 2866 1582 2919 imo
1631 2879 1759 2918 vero
1809 2874 1917 2914 non
1970 2859 2187 2921 frustra,
2244 2858 2336 2912 sed

768 2978 862 3021 eas
888 2965 941 3016 in
983 2961 1211 3030 teipsum
1239 2974 1297 3012 es
1336 2959 1692 3014 machinatus,
1736 2963 1786 3007 te
1827 2953 2056 3007 feriente
2081 2964 2339 3022 generosa

771 3056 1004 3110 muliere
1060 3053 1163 3106 illis
1216 3052 1348 3119 ipsis
1414 3049 1555 3113 telis,
1591 3047 1789 3116 quibus
1825 3055 1875 3100 te
1914 3060 2032 3099 eam
2084 3043 2340 3112 sperabas

774 3149 1159 3203 sauciaturum.
1203 3144 1341 3208 Quid
1381 3142 1525 3195 enim
1572 3139 1699 3194 hinc
1739 3136 2129 3206 consequitur?
2162 3134 2343 3188 lnfan-
2369 3151 2411 3207 ο

777 3241 848 3294 tis
887 3254 1005 3293 esse
1051 3249 1205 3307 pater
1250 3235 1486 3290 creditur
1540 3231 1865 3295 Theodora;
1908 3227 2123 3282 silentio
2161 3233 2340 3279 autem

776 3332 974 3400 accipit
1006 3345 1147 3393 eam,
1204 3344 1322 3396 quae
1364 3326 1532 3395 ipsam
1586 3321 1937 3384 condemnat,
1967 3319 2291 3373 sententiam
2322 3337 2336 3385 ;

778 3431 835 3475 et
883 3422 1043 3474 simul
1105 3435 1227 3473 cum
1294 3418 1499 3471 infante
1576 3412 1864 3483 expellitur
1921 3426 1951 3465 e
1996 3409 2339 3463 monasterio.

782 3512 901 3581 Ipsa
958 3514 1135 3578 itaque
1180 3508 1239 3561 fit
1279 3505 1483 3567 nutrix,
1534 3514 1587 3557 et
1654 3512 1909 3569 tanquam
1979 3508 2156 3569 pater,
2221 3514 2343 3552 eum

783 3602 994 3672 cogitur
1046 3600 1209 3662 alere,
1258 3599 1399 3651 lacte
1448 3595 1669 3664 quidem
1718 3593 1901 3648 ovium
1934 3598 2145 3659 (neque
2201 3590 2344 3644 enim

785 3700 998 3763 poterat
1043 3688 1231 3757 aliter)
1264 3687 1527 3741 infantem
1587 3698 1764 3751 nuper
1823 3693 2012 3734 natum
2062 3682 2344 3747 nutriens;

781 3782 934 3836 lanas
974 3790 1153 3835 autem
1201 3789 1389 3850 petens
1424 3778 1587 3831 etiam
1631 3790 1659 3829 a
1702 3774 2032 3844 pastoribus,
2085 3772 2152 3827 ad
2193 3788 2347 3826 usum

782 3875 954 3927 vestis
1000 3888 1093 3927 eas
1130 3885 1299 3938 puero
1340 3868 1599 3922 contexit.
1649 3866 1755 3919 Sed
1812 3865 2061 3932 quisnam
2140 3866 2352 3917 animus

786 3964 1062 4034 acceperit
1130 3962 1266 4017 adeo
1332 3974 1549 4032 gravem
1640 3957 2017 4013 calumniam?
2094 3954 2349 4021 Quaenam

788 4067 969 4112 autem
1020 4068 1214 4108 manus
1271 4067 1380 4105 non
1429 4064 1567 4119 aegre
1626 4048 1838 4101 tulisset
1889 4056 1993 4100 tam
2058 4048 2351 4099 molestum

785 4147 1146 4204 ministerium
1172 4145 1195 4196 ?
1229 4142 1417 4213 Spatio
1446 4141 1590 4196 enim
1622 4149 1827 4209 septem
1864 4152 2129 4192 annorum
2160 4136 2355 4191 alllicta

785 4239 892 4294 fuit
948 4238 1065 4291 haec
1115 4236 1291 4290 beata.
1335 4231 1378 4289 Ο
1424 4233 1537 4297 Dei,
1614 4232 1706 4302 qui
1778 4240 1975 4285 cuncta
2053 4229 2351 4293 intuimini,

788 4327 959 4392 oculi,
1007 4325 1154 4378 inani
1195 4332 1249 4376 et
1291 4322 1419 4375 falsa
1455 4334 1711 4389 Oppressa
1754 4316 2043 4371 calumnia.
2078 4324 2133 4367 ct
2175 4329 2205 4367 e
2246 4330 2360 4365 mo-

794 4419 1039 4475 nasterio
1067 4413 1417 4486 ejecta,niliil
1472 4412 1654 4482 pusilli
1709 4417 1763 4464 et
1810 4406 2005 4477 abjecti
2053 4405 2216 4459 animi
2268 4414 2360 4458 aut

2423 1930 2608 1999 μένου,
2637 1931 2683 1980 εί
2712 1924 2978 1997 κατῆρξεν
3033 1924 3175 1976 οὕτω
3228 1924 3491 1992 βδελυρᾶς
3543 1922 3829 1992 πράξεως,
3864 1917 4006 1984 αὕτη

2421 2021 2657 2090 πρᾶγμα
2705 2015 2779 2087 μὴ
2808 2016 2951 2085 ἔχειν
3016 2010 3138 2066 εἷπε
3201 2013 3336 2081 πρὸς
3382 2012 3546 2063 αὑτὸν
3603 2012 3803 2079 ένοχῆς
3827 2010 4005 2072 ἄξιον.

2433 2114 2662 2166 Ἐκεῖνοι
2720 2111 2818 2181 μὲν
2851 2108 2943 2163 οὖν
2981 2108 3103 2161 τότε
3158 2106 3293 2177 πρὸς
3324 2105 3422 2175 τὴν
3450 2104 3588 2156 ἰδίαν
3633 2104 3805 2173 μονὴν
3836 2106 4008 2155 ἐπα-ιο

2424 2207 2709 2276 έστρεφον.

2495 2295 2592 2349 ω’.
2640 2295 2727 2357 Ὠς
2765 2294 2820 2345 ἃ
2860 2292 2952 2344 καὶ
2989 2293 3050 2342 τὸ
3116 2290 3310 2359 βρέφος
3367 2290 3555 2359 τεχθὲν
3589 2288 3689 2358 ἤδη
3737 2286 4013 2355 προῆλθεν

2431 2390 2508 2448 εἰς
2536 2386 2669 2453 φῶς,
2708 2383 2971 2453 ἀράμενοι
3001 2381 3178 2443 τοῦτο,
3209 2380 3348 2432 κατὰ
3379 2379 3551 2447 μέσην
3585 2378 3714 2430 ἔνθα
3749 2378 3783 2445 ἡ
3828 2394 4012 2444 μακα-

2433 2479 2522 2548 ρία
2548 2478 2706 2545 διῆγε
2741 2476 2839 2545 τὴν
2863 2474 3028 2543 μονὴν
3064 2470 3483 2541 ἀπορρίπτουσι.
3510 2469 3679 2520 Τοῦτο
3710 2469 3767 2518 δὲ
3795 2470 4011 2527 πάντως

2435 2566 2682 2639 μεθοδεία
2715 2565 2809 2618 καὶ
2849 2565 3013 2632 τέχνη
3053 2561 3145 2614 τοῦ
3184 2557 3478 2629 δυσμενοῦς
3520 2552 3589 2627 ἦν
3632 2557 3878 2625 ἀθυμίαν
3918 2558 4015 2623 ὲμ-

2433 2659 2650 2723 ϐαλλεῖ,
2689 2658 2825 2725 αὑτῇ
2879 2653 3267 2716 σπουδάζοντος
3300 2650 3572 2720 ὲμποδιών
3603 2666 3662 2700 τε
3690 2648 3756 2699 τὰ
3796 2647 4015 2699 σκοπῶν

2434 2749 2756 2819 παρασχεῖν.
2808 2746 2944 2797 Ἀλλ’
2980 2745 3060 2805 είς
3086 2743 3261 2813 μάτην
3293 2757 3372 2793 σοι
3407 2742 3501 2792 καὶ
3524 2741 3679 2800 αὖθις
3708 2740 3777 2789 τά
3806 2741 4014 2806 ἐνεξρα,

2438 2838 2660 2906 πονηρὲ,
2714 2836 2914 2904 μᾶλλον
2951 2836 3009 2886 δὲ
3052 2836 3155 2886 οὐκ
3201 2833 3280 2893 εἰς
3335 2832 3529 2900 μάτην,
3562 2831 3700 2884 ἀλλὰ
3742 2832 3843 2885 καὶ
3881 2829 4016 2883 κατὰ

2440 2929 2535 2983 σοῦ
2562 2928 2955 2996 τεκταινόμενα
2974 2943 2987 2957 ·
3045 2926 3234 2995 ὥσπερ
3271 2919 3353 2988 οἷς
3378 2926 3611 2994 τρώσειν
3646 2926 3894 2992 ἤλπισας
3922 2926 4016 2976 αὖ·

2440 3025 2549 3084 τοῖς
2597 3022 2821 3082 ἐκείνοις
2870 3022 2980 3082 τοῖς
3024 3019 3199 3088 βέλεσι
3241 3018 3581 3087 πληττούσης
3632 3034 3695 3067 σε
3740 3018 3847 3086 τῆς
3898 3034 4016 3084 γενο

2440 3117 2612 3176 ναίας.
2650 3112 2713 3166 Τί
2753 3114 2858 3182 γὰρ
2892 3112 2950 3162 τδ
2984 3109 3262 3175 ἐντεῦθεν;
3309 3110 3488 3179 πατὴρ
3532 3104 3671 3160 εἶναι
3707 3110 4018 3162 πιστεύεται

2442 3207 2536 3261 τοῦ
2569 3207 2762 3276 νηπίου
2798 3206 2830 3274 ἡ
2865 3202 3116 3272 Θεοδώρα
3139 3243 3151 3264 ,
3191 3205 3316 3271 σιγῇ
3350 3219 3409 3253 τε
3441 3201 3540 3272 τὴν
3573 3204 4020 3271 κατακρίνουσαν

2440 3300 2619 3370 ψῆφον
2650 3298 2888 3367 δέχεται,
2922 3296 3014 3349 καὶ
3046 3293 3195 3362 αὐτῷ
3228 3294 3417 3363 βρέφει
3448 3294 3543 3361 τῆς
3574 3294 3749 3361 μονῆς
3782 3292 4019 3360 ἐξορίζε-

2441 3408 2552 3444 ται.
2589 3389 2817 3455 Τιθηνὸς
2852 3383 2944 3439 οὖν
2979 3387 3115 3453 αὑτὴ
3152 3387 3387 3451 γίνεται,
3425 3386 3521 3435 καὶ
3548 3379 3638 3436 οἷα
3670 3388 3871 3455 μήτηρ
3908 3405 4022 3438 παιο

2443 3480 2723 3547 δοτροφεῖν
2751 3474 3144 3542 ἀναγκάζεται,
3176 3473 3411 3542 γάλακτι
3435 3473 3533 3543 μὲν
3556 3473 3882 3543 προϐάτων,
3915 3475 4021 3526 ἐπεὶ

2449 3573 2522 3643 μὴ
2549 3573 2720 3633 ἄλλως
2737 3566 2872 3639 εἶχε,
2891 3570 2949 3621 τὸ
2971 3568 3211 3635 νεογενὲς
3230 3568 3634 3639 ἀποτρέφουσα,
3664 3567 3799 3636 ἔρια
3827 3571 3906 3630 δὲ,
3936 3573 4021 3619 κὰ-

2447 3668 2601 3717 κείνα
2635 3664 2790 3732 παρὰ
2831 3661 2939 3711 τῶν
2976 3660 3249 3728 ποιμένων
3283 3658 3544 3719 αἰτοῦσα,
3576 3660 3677 3709 καὶ
3717 3662 3802 3720 είς
3846 3662 4021 3728 χρείαν

2447 3756 2665 3826 ἁμφίων
2729 3754 2900 3807 ταῦτα
2930 3754 3008 3824 τῷ
3040 3751 3191 3806 παιδὶ
3228 3749 3603 3820 σχεδιάζουσα.
3648 3751 3821 3803 Ἀλλά
3856 3752 3940 3813 τίς
3970 3751 4023 3803 iv

2449 3849 2543 3901 καὶ
2569 3848 2715 3918 ψυχὴ
2746 3847 3080 3918 παρεδέξατο
3106 3845 3413 3915 βαρυτάτην
3435 3843 3577 3896 οὕτω
3610 3848 4020 3911 συκοφαντίανς

2452 3942 2587 3993 Ποία
2623 3939 2679 3992 δέ
2719 3941 2811 3990 καὶ
2845 3939 2969 4006 χεὶρ
3007 3938 3105 3987 οὐκ
3151 3937 3216 3988 ἂν
3260 3934 3588 4002 ἐδυσχέρανε
3630 3935 3777 4002 πρὸς
3820 3934 4023 4005 ἐπαχθῆ

2452 4032 2706 4098 τοιαύτην
2747 4027 3053 4098 ὑπηρεσίαν
3080 4043 3095 4093 ;
3131 4027 3263 4097 Ἐτη
3294 4026 3403 4095 γὰρ
3436 4025 3577 4078 ἑπτά
3609 4027 4024 4096 παρετάθησαν,

2454 4124 2511 4176 ὲν
2557 4118 2637 4184 οἷς
2668 4119 3038 4189 ἐταλαιπώρει
3090 4119 3310 4186 γυναίου
3358 4117 3540 4187 φύσις,
3590 4112 3636 4170 ὦ
3671 4118 3818 4171 Θεοῦ
3861 4122 4023 4171 πάντα

2458 4215 2740 4285 βλέποντες
2790 4211 3077 4282 ὀφθαλμοὶ,
3130 4210 3382 4277 διαϐολὴν
3456 4210 3694 4277 ματαίαν
3762 4214 4028 4279 καταψευ-

2463 4306 2670 4367 σθεῖσα,
2703 4306 2795 4355 καὶ
2816 4304 2912 4371 τῆς
2940 4302 3103 4371 μονῆς
3123 4302 3144 4352 ε
3152 4302 3224 4367 ξω
3245 4301 3521 4370 βληθεῖσα,
3544 4302 3642 4353 καὶ
3661 4304 3825 4354 οὐδὲν
3846 4304 4029 4373 μυιρέ-

2459 4394 2629 4465 ψυχόν
2660 4409 2711 4445 τι
2746 4394 2840 4446 καὶ
2873 4394 3096 4461 ἀγεννὲς
3153 4392 3185 4461 ἢ
3227 4391 3449 4461 ἔδρασεν
3482 4391 3514 4461 ἢ
3552 4392 3889 4459 ἐφθέγξατο,
3928 4395 4026 4446 ἀλλ’

788 4512 937 4575 fecit,
994 4482 1112 4563 aut:
1154 4512 1236 4562 est
1294 4506 1512 4558 locuta:
1556 4503 1650 4556 sed
1718 4502 1837 4554 talis
1900 4498 2084 4567 probri
2153 4495 2340 4565 delegit

2456 4488 2627 4541 εἵλετο
2662 4484 2915 4553 τοιαύτης
2952 4484 3177 4552 ἀτιμίαν
3214 4482 3494 4553 αἰσχύνης,
3546 4484 3612 4535 ἵν’
3634 4486 3776 4554 ὅπερ
3813 4488 4028 4557 αἰσχρὶν

791 4601 1166 4674 ignominiam,
1206 4605 1264 4652 ut
1322 4595 1464 4664 quod
1524 4604 1680 4661 turpe
1740 4591 1868 4646 fecit
1908 4590 2113 4651 volens,
2173 4602 2361 4641 rursus

790 4691 1098 4747 voluntario
1153 4696 1358 4760 tegeret
1409 4686 1698 4747 dedecore,
1759 4691 1812 4735 et
1845 4696 1980 4749 quos
2045 4694 2155 4733 non
2209 4678 2365 4732 latuit

793 4787 982 4840 oculos
1054 4783 1208 4853 prius
1266 4780 1465 4834 malum
1527 4777 1752 4840 faciens,
1812 4773 2051 4843 placaret
2122 4785 2359 4823 rursus:

796 4892 891 4931 eos
936 4876 1079 4929 solos
1131 4874 1336 4927 habens
1388 4878 1576 4932 testes,
1617 4881 1737 4922 cum
1774 4865 1848 4918 rei
1893 4861 2149 4932 improba:
2197 4861 2360 4914 susti-

798 4978 955 5025 neret
1003 4966 1353 5019 calumniam.
1400 4961 1554 5027 Quali
1617 4968 1796 5012 autem
1870 4954 2089 5009 vivendi
2154 4951 2361 5004 ratione

798 5059 1053 5115 utebatur
1126 5069 1247 5110 cum
1327 5052 1514 5105 aliis?
1587 5049 1665 5102 llli
1742 5048 1886 5101 enim
1963 5045 2357 5097 nutrimentum

795 5157 953 5204 erant
1020 5146 1203 5199 herba:
1258 5152 1519 5213 agrestes,
1575 5149 1734 5209 potus
1798 5145 1974 5189 autem
2027 5142 2143 5187 erat
2199 5147 2358 5200 aqua,

798 5254 918 5309 qua:
953 5250 984 5289 e
1057 5236 1178 5288 lacu
1239 5245 1512 5301 utcunque
1597 5232 1663 5285 ab
1716 5244 1776 5283 ea
1836 5225 2202 5286 hauriebatur,
2258 5222 2364 5277 nisi

801 5334 958 5388 malis
1008 5329 1211 5391 dicere,
1268 5328 1385 5394 ejus
1435 5327 1703 5395 lacrymae.
1761 5320 1974 5374 Nullum
2036 5318 2179 5372 enim
2248 5326 2363 5371 erat

803 5434 1033 5489 tempus.
1097 5434 1204 5487 quo
1249 5432 1325 5470 ea:
1375 5430 1482 5467 non
1543 5415 1822 5468 ellluerent
1879 5426 1940 5463 ex
1994 5410 2110 5477 cjns
2170 5409 2360 5483 oculis,

802 5515 936 5568 adeo
992 5521 1048 5565 ut
1092 5511 1334 5564 Psalmus
1387 5506 1442 5561 in
1488 5519 1550 5557 ea
1600 5505 1961 5573 impleretur:
2005 5519 2019 5550 l
2062 5499 2124 5552 Ει
2178 5509 2360 5567 potum

804 5619 987 5659 meum
1059 5617 1180 5654 cum
1253 5600 1379 5653 llctu
1436 5594 1809 5651 miscebam'.
1849 5612 1866 5644 ι
1911 5594 2001 5646 Sic
2058 5603 2186 5659 ergo
2241 5604 2361 5642 cuin

808 5708 1007 5764 corpus
1060 5693 1107 5747 ei
1159 5691 1503 5760 liquesceret,
1553 5696 1604 5741 et
1632 5683 2011 5756 negligeretnr,
2040 5690 2195 5735 erant
2245 5679 2366 5749 qui-

884 5831 901 5863 ²
940 5828 1082 5885 Psal.
1110 5843 1179 5889 cr,
1218 5828 1295 5883 l0.

2458 4576 2665 4648 ἔπραξε
2695 4575 3015 4648 βουλομένη,
3058 4574 3283 4645 ἑκουσίᾳ
3317 4575 3479 4628 πάλιν
3508 4577 3743 4647 αἰσχύνῃ
3794 4594 4030 4633 κατακα-

2457 4670 2624 4738 λύψῃ,
2686 4668 2779 4721 καὶ
2825 4666 2919 4728 οὓς
2972 4666 3071 4718 οὐκ
3146 4664 3337 4717 ἔλαθεν
3394 4665 3705 4735 ὀφθαλμοὺς
3769 4670 4030 4735 πρότερον

2458 4759 2517 4810 τὸ
2568 4758 2804 4826 πονηρὸν
2850 4758 3190 4825 πράττουσα,
3238 4755 3555 4827 θεραπεύσῃ
3602 4758 3794 4820 πάλιν,
3842 4760 4032 4825 μόνους

2459 4850 2658 4920 ἔχουσα
2719 4849 3003 4918 μάρτυρας
3057 4845 3296 4916 πονηροῦ
3346 4848 3701 4917 πράγματος,
3732 4850 4028 4919 ἀνεχομένη

2462 4943 2847 5009 συκοφαντίαν.
2900 4940 2998 4993 υἷα
3054 4941 3114 4993 δέ
3156 4940 3293 5010 μετά
3334 4940 3443 4991 τῶν
3480 4940 3654 4993 ἀλλων
3708 4942 3806 4995 καὶ
3861 4944 4029 5009 διαίτη

2461 5037 2700 5103 ἐχρῆτος
2734 5033 2921 5101 Τροφὴ
2965 5033 3060 5099 μὲν
3097 5033 3205 5100 γὰρ
3249 5031 3432 5101 ἐκείνῃ
3467 5034 3526 5082 τὸ
3549 5034 3613 5083 ἐκ
3645 5034 3758 5083 τῶν
3807 5010 4033 5099 βοτανῶν

2462 5128 2586 5179 ὅσον
2628 5125 2817 5195 ἄρτον,
2847 5126 3009 5178 ποτδιν
3031 5123 3087 5176 δέ
3120 5124 3179 5175 τὸ
3215 5125 3278 5175 ἐκ
3316 5128 3413 5191 τῆς
3449 5125 3647 5195 λίμνης
3685 5128 4030 5195 ἀμωσγέπως

2464 5221 2601 5289 αὐτῇ
2647 5220 2965 5288 ἀρυόμενον,
3026 5218 3075 5268 εί
3120 5217 3194 5284 μὴ
3234 5218 3327 5269 καὶ
3367 5217 3569 5284 μᾶλλον
3619 5220 3797 5280 είποις
3845 5224 3906 5271 τὸ
3940 5220 4030 5270 τῶν

2468 5309 2720 5381 δακρύων
2749 5325 2762 5338 ·
2800 5311 2899 5361 οὐκ
2928 5306 2994 5379 ἦν
3035 5310 3143 5378 γὰρ
3176 5310 3261 5360 ὅτε
3297 5311 3396 5360 οὐκ
3434 5310 3670 5380 ἀπέρρει
3702 5314 3913 5381 ταύτης
3938 5313 4030 5363 τῶν

2469 5398 2785 5469 ὀφθαλμῶν,
2814 5398 2885 5463 ὡς
2906 5399 2965 5450 τὸ
2994 5400 3100 5451 τῶν
3125 5397 3369 5465 Ψαλμῶν
3392 5399 3478 5450 ἐπ’
3508 5401 3646 5470 αὐτῇ
3680 5402 4026 5469 πληροῦσθαι·

2478 5494 2614 5545 «Kal
2654 5492 2712 5545 τὸ
2741 5492 2889 5560 πόμα
2920 5508 3017 5560 μου
3056 5490 3196 5559 μετά
3220 5489 3500 5560 κλαυθμοῦ
3530 5495 3822 5561 ἐκίρνων.»
3860 5498 4029 5555 Οὕτως

2470 5585 2561 5638 οὖν
2590 5584 2730 5654 αὐτῇ
2759 5583 2854 5635 τοῦ
2882 5582 3132 5652 σώματος
3156 5583 3487 5652 τηκομένου,
3525 5586 3621 5640 καὶ
3654 5588 3868 5653 ἀμελῶς
3898 5590 4029 5655 ἔχον-

2470 5695 2580 5741 τος,
2632 5678 2677 5728 οἱ
2727 5676 2824 5747 μὲν
2864 5675 3053 5745 δνυχες
3094 5676 3391 5744 ἐπιμήκεις
3439 5672 3605 5747 ἦσαν,
3642 5682 3738 5735 καί
3784 5700 3890 5736 τισι
3933 5680 4027 5731 τῶν
