4156 6314
130 353 228 422 681

1063 351 1236 413 νιΤΑ
1280 352 1340 411 S.
1381 343 1812 409 THEODORE
1855 341 2440 405 ALEXANDIIINE.

3243 344 3347 408 682

131 465 362 537 ἀγριωτέ
372 483 476 536 ριυν
509 463 663 530 ζώων
707 463 902 534 μᾶλλον
929 463 1282 533 ἁρμόζοντες,
1308 461 1363 513 αἱ
1382 460 1434 512 δὲ
1461 458 1644 530 τρίχες
1670 497 1684 521 ,
1716 507 1720 518 ί

1830 467 1912 508 em
1965 468 2174 523 ungues
2234 451 2446 523 prolixi,
2501 460 2555 506 et
2605 450 2925 522 quibusdam
2985 453 3115 510 feris
3172 457 3360 514 bestiis

129 557 402 625 αὐχμηραί
426 573 480 607 τε
512 557 605 608 καὶ
627 556 784 609 λάσια
815 597 828 618 ,
850 559 942 608 καὶ
963 554 1149 619 δεινῶς
1172 556 1288 616 ταῖς
1311 553 1506 612 νάπαις
1527 565 1694 618 προσ-

131 652 383 705 εοικυῖαν.
435 648 491 700 Ἠ
544 649 661 717 ὄψις
696 648 751 700 δὲ
807 651 870 718 τῇ
913 649 1099 717 ἀμέσῳ
1128 647 1234 698 τῶν
1271 643 1509 715 ἡλιακῶν
1541 641 1695 696 ἀκτί-

130 743 475 811 νωνετιιόολῇ
507 743 605 810 ἥδη
632 742 1051 810 κατοπτηθεῐαα,
1085 742 1219 810 πρὸς
1249 739 1310 790 τὸ
1363 734 1695 790 Αίθιοπικώο

129 848 282 899 τερον
318 831 629 897 ἐμελαίνετο
655 849 666 863 ·
699 833 767 884 τὰ
819 831 1060 900 βλέφαρα
1099 846 1158 881 τε
1183 830 1442 900 ἠλλοίωτο
1480 831 1545 897 τῇ
1569 843 1699 878 συν-

130 923 267 989 τόνῳ
319 923 642 994 κατα-ιάγκῃ
697 923 796 991 τῆς
830 922 1158 991 ἀγρυπνίας,
1210 919 1304 974 καὶ
1334 922 1481 988 ὅμως
1525 917 1695 978 οὕτως

131 1012 538 1082 ἐγκαρτεροῦσα
557 1016 650 1066 καὶ
669 1015 855 1067 δεινῶν
873 1016 1132 1082 ἐπαγωγῇ
1151 1012 1374 1082 τοιαύτῃ
1393 1009 1695 1062 παλαίουσα

132 1105 228 1156 ναὶ
251 1107 466 1170 νιφάσιν
493 1106 593 1158 οὐκ
617 1108 813 1176 ἀερίοις
841 1105 1001 1175 μόνον
1022 1145 1036 1168 ,
1061 1105 1196 1158 ἀλλὰ
1219 1106 1310 1157 καὶ
1343 1106 1461 1166 ταῖς
1492 1105 1555 1154 ὲκ
1589 1099 1696 1152 τῶν

133 1198 458 1267 πειρασμῶν
499 1198 797 1267 βαλλομένη
822 1241 834 1258 ,
871 1199 992 1252 οὐδὲ
1030 1199 1163 1267 πρὸς
1198 1197 1367 1268 βραχὺ
1395 1196 1493 1262 τῆς
1534 1193 1698 1263 μονῆς

130 1289 433 1356 ἀποττῆναι
467 1289 759 1358 ἠνέσχετο,
796 1288 928 1339 ἀλλὰ
964 1288 1234 1358 διέμεινεν
1277 1287 1418 1341 οὕτω
1457 1285 1698 1353 καλύϐην

131 1376 452 1448 πηξαμένης
491 1379 624 1448 πρὸς
666 1379 738 1448 τῷ
783 1379 1025 1443 πυλῶνι,
1068 1383 1162 1432 καὶ⁵
1200 1381 1369 1450 ἡδέως
1409 1377 1558 1446 αὐτῷ
1597 1393 1702 1429 πα·-

130 1471 550 1541 ραῤῥιπτείσθαι
583 1474 724 1524 κατά
753 1473 842 1524 τὸν
873 1472 1166 1542 Προφήτην
1195 1470 1521 1540 ἀνεχομένη.

205 1645 283 1699 II"
311 1649 395 1700 ,Τί
419 1648 474 1702 δὲ
497 1651 658 1702 πάλιν
687 1652 713 1703 ὁ
731 1652 842 1712 τοῖς
866 1649 1088 1716 ἀγαθοῖς
1128 1651 1500 1718 ἀντικείμενος
1520 1665 1534 1714 ;
1556 1643 1703 1717 τΔρα,

137 1740 409 1801 τοιούτοις
467 1742 634 1810 αὐτὴν
693 1741 1088 1794 καθυποόαλὼν
1136 1744 1495 1810 πειρασμοῖς,
1544 1742 1703 1810 κόρον

1803 546 1973 616 magis
2028 554 2392 614 congruentes
2428 560 2442 606 ;
2480 544 2574 614 pili
2623 553 2799 600 autem
2850 546 3001 602 densi
3043 558 3098 603 et
3132 551 3362 615 sordidi,

1804 648 1855 692 et
1890 638 2039 692 valde
2072 637 2278 691 similes
2307 636 2557 690 saltibus.
2600 636 2790 692 Vultus
2837 647 3034 701 autem.
3074 653 3364 711 propterea

1801 731 1944 800 quod
2012 730 2158 783 nulla
2213 745 2269 783 re
2329 728 2699 783 intercedente
2763 746 2885 783 eum
2945 730 3168 786 ferirent
3228 734 3365 788 radii

1803 822 1955 888 solis,
2008 821 2119 892 jam
2160 830 2354 883 tostus,
2397 820 2671 890 AithiOpis
2709 823 2878 876 instar
2909 823 3060 893 niger
3100 836 3364 892 evaserat,

1803 921 1858 968 ct
1909 922 2116 967 mutata
2178 921 2334 966 erant
2401 912 2688 982 supercilia
2761 913 2973 968 intensa
3047 915 3369 970 necessitate

1803 1005 2126 1077 vigiliarum.
2186 1005 2252 1060 Et
2304 1013 2481 1057 tamen
2544 1004 2622 1058 sic
2678 1019 3060 1074 perseverans,
3130 1015 3183 1060 et
3242 1021 3366 1061 cum

1806 1097 1962 1152 malis
2016 1112 2134 1166 qua:
2191 1095 2617 1156 intentabantur.
2675 1095 2752 1150 sic
2804 1097 3011 1151 luctans
3046 1107 3100 1152 et
3158 1099 3371 1153 nivibus

1803 1203 1912 1241 non
1960 1189 2101 1242 aeris
2153 1185 2349 1249 solum,
2393 1185 2487 1239 scd
2542 1186 2706 1240 etiam
2755 1189 3112 1241 mutationum
3160 1199 3371 1250 vexata,

1807 1293 1876 1330 ne
1934 1276 2202 1330 tantillum
2263 1274 2480 1344 quidem
2536 1275 2798 1328 sustinuit
2841 1274 3122 1330 discedere
3168 1293 3198 1330 a
3258 1293 3374 1332 mo-

1808 1367 2082 1432 nasterio,
2145 1366 2240 1420 sed
2310 1364 2388 1419 sic
2465 1367 2768 1435 permansit
2837 1367 3050 1436 tugurio
3127 1367 3230 1421 ﬁxo
3315 1368 3370 1421 in

1806 1458 2098 1522 vestibulo,
2146 1467 2202 1511 et
2245 1457 2476 1510 libenter
2527 1455 2580 1510 in
2631 1472 2698 1511 eo
2758 1456 2921 1528 abjici
2967 1460 3062 1529 (ut
3113 1459 3188 1512 ait
3248 1459 3379 1514 Pro-

1809 1549 1990 1620 pheta)
2032 1549 2326 1603 sustinens.

1883 1639 2018 1694 XIII.
2051 1639 2191 1704 Quid
2239 1645 2420 1692 autem
2455 1654 2640 1693 rursus
2670 1639 2934 1694 bonorum
2991 1641 3380 1698 adversarius?

1814 1725 1976 1790 Num,
2041 1742 2163 1780 cum
2207 1742 2326 1780 eam
2402 1727 2453 1783 in
2508 1728 2642 1781 tales
2699 1728 2974 1797 injecissct
3037 1733 3377 1798 mutationes,

130 1833 259 1902 ἔσχε
299 1833 406 1886 τῶν
441 1835 757 1902 προπεολῶν
784 1876 796 1898 ,
837 1835 926 1887 καὶ
957 1833 1128 1885 ταῦτα
1162 1833 1486 1902 νικώμενοςς
1526 1832 1702 1900 05p:—

1826 1817 1952 1870 llum
1986 1817 2132 1884 cepit
2195 1832 2314 1869 eam
2367 1817 2658 1872 invadendi
2720 1819 2959 1884 satietas,
3021 1819 3180 1890 idque
3251 1837 3376 1876 cum

131 1943 283 1990 νουν,
313 1927 424 1979 ἀλλ’
460 1927 551 1978 ἐπὶ
578 1929 692 1987 ταῖς
738 1926 1134 1995 προλαϐοὕσαις
1167 1927 1261 1978 καὶ
1287 1927 1489 1995 ταύτην
1521 1929 1702 1978 ἐπιτε-

131 2015 414 2085 χνάζεται.
444 2017 552 2085 Τὴν
580 2020 686 2086 γὰρ
719 2018 932 2086 μορφὴν
957 2016 1051 2069 τοῦ
1076 2016 1265 2086 ἀνδρὸς
1295 2017 1460 2084 αὐτῆς
1487 2015 1708 2079 ὑποδὺς,

132 2109 236 2159 καὶ
271 2107 362 2159 ὑπ’
397 2107 516 2174 ὄψιν
553 2108 690 2176 αὐτῇ
730 2108 1017 2176 παραστὰς
1064 2107 1276 2176 δάκρυά
1305 2125 1360 2159 τε
1407 2106 1553 2175 ἀφίει
1602 2104 1710 2158 τῶν

129 2194 429 2263 ὸιρθαλμῶν
474 2197 567 2248 καὶ
608 2196 784 2264 λόγοις
824 2196 1024 2266 ἐχρῆτο
1064 2192 1146 2260 οἷς
1186 2198 1250 2250 ἂν
1286 2198 1425 2266 ἀνὴρ
1459 2195 1709 2247 σύνευνον

131 2287 467 2358 ςιλουμένην
487 2289 708 2356 ὑπάγων
725 2293 1007 2360 χρήσαιτο’
1031 2291 1293 2360 φωστῆρα
1321 2289 1494 2355 λέγων
1519 2289 1710 2356 αὐτὴν,

132 2377 480 2447 ἀγαλλξαμα,
507 2380 721 2450 ἡδονὴν,
755 2381 863 2434 τῶν
893 2380 1185 2456 ὁφθαλμῷν
1210 2382 1346 2450 φῶς,
1374 2381 1480 2434 τῶν
1510 2381 1710 2433 ὀδυνῶν

133 2474 531 2542 παρη-ίὸρημα,
556 2473 671 2536 καὶ,
694 2473 882 2542 Δεῦρο,
919 2479 1102 2543 φησὶν,
1136 2468 1180 2526 ὦ
1208 2475 1394 2543 κυρία,
1426 2473 1483 2525 τὸ
1509 2475 1599 2526 ἐπὶ
1627 2473 1710 2525 σοι

128 2563 230 2616 διὰ
263 2568 534 2617 τοσούτων
567 2566 777 2634 χρόνων
807 2567 1026 2634 ἐπίσχες
1053 2582 1142 2632 μοι
1183 2565 1382 2627 πένθος
1408 2605 1421 2629 ,
1452 2567 1545 2618 καὶ
1576 2565 1711 2636 πρὸς

130 2656 232 2708 τὸν
284 2657 414 2709 ἴδιον
455 2655 609 2720 αὖθις
644 2653 793 2710 οἷκον
825 2657 1144 2711 ἐπανελθεῖν
1178 2658 1583 2729 προθυμήθητι.
1627 2657 1715 2721 Ὠς

131 2747 195 2800 δὲ
240 2746 423 2817 ἐκείνη
461 2749 548 2799 τὸν
583 2746 750 2820 ἄνδρα.
783 2744 921 2801 εἶναι
967 2751 1085 2808 ταῖς
1118 2749 1400 2818 ἀληθείαις
1435 2747 1672 2802 ὑπέλαϐε
1698 2787 1714 2813 ,

130 2840 402 2910 τοιαύτην
457 2840 626 2892 ἔδωκε
669 2841 766 2910 τὴν
816 2841 1129 2910 ἀπόκρισιν,
1179 2843 1245 2911 ἣν
1287 2839 1456 2910 ὲχρῆν
1511 2841 1717 2892 ἐκεῖνον

133 2932 407 2994 ἀκοῦσαι,
438 2934 484 2982 εἰ
524 2931 660 3000 ὅπερ
696 2932 993 3000 ὑπείληπτο
1022 2934 1180 2986 τοῦτο
1210 2929 1276 3004 ἦν
1303 2974 1316 2992 ,
1353 2933 1445 2984 καὶ
1475 2934 1550 3001 μὴ
1583 2931 1716 2998 φάν-

136 3039 335 3092 τασμα
365 3023 422 3074 τὸ
449 3022 742 3091 ὁρώμενον.
782 3021 924 3090 Ἐγὼ
947 3026 1056 3084 τοῖς
1107 3025 1198 3076 τοῦ
1236 3025 1437 3092 κόσμου
1472 3024 1720 3094 ματαίοις

136 3115 559 3186 ἀποταξαμένη,
593 3115 865 3178 ἀδυνάτως
893 3115 1000 3186 ἔχω
1025 3118 1135 3178 τοῖς
1164 3117 1372 3178 ἐκείνου
1400 3119 1558 3171 πάλιν
1582 3135 1721 3188 συμ-

1811 1909 2127 1962 vincerctur
2151 1909 2172 1961 ‘3
2204 1906 2578 1978 Nequaquam,
2615 1909 2708 1964 sed
2746 1921 2944 1980 praeter
2975 1926 3038 1965 ea
3087 1929 3204 1981 quae
3247 1929 3382 1983 prte-

1812 2010 2108 2064 ccsserant,
2146 2001 2249 2054 hoc
2283 2016 2499 2070 quoque
2543 2012 2627 2056 est
2662 2002 3021 2058 machinatus.
3061 2003 3190 2073 Ejus
3234 2005 3378 2059 enim

1814 2089 1990 2142 mariti
2081 2089 2308 2142 fortnam
2400 2089 2724 2158 suscipiens,
2785 2091 2950 2142 etin
3030 2101 3382 2160 conspectum

1813 2181 1932 2248 ejus
1971 2179 2218 2243 veniens,
2257 2181 2524 2250 lacrymas
2561 2179 2846 2234 emittebat
2889 2195 2955 2235 ex
3003 2183 3195 2246 oculis,
3232 2194 3285 2237 et
3316 2182 3384 2238 iis

1813 2270 1996 2326 verbis
2049 2271 2325 2335 utebatur,
2379 2272 2577 2341 quibus
2636 2288 2768 2327 usus
2829 2271 2993 2326 fuerit
3055 2278 3280 2329 maritus
3319 2276 3385 2328 ad

1814 2363 2034 2418 charam
2099 2379 2251 2419 suam
2330 2364 2597 2419 accedens
2657 2367 2964 2436 conjugem,
3019 2381 3137 2420 eam
3198 2367 3388 2422 dicens

1817 2470 1978 2509 suum
2019 2455 2304 2520 luminare,
2340 2456 2784 2520 exsultationem,
2825 2457 3178 2526 voluptatem,
3210 2457 3388 2512 lucem

1815 2546 2120 2611 oculorum,
2164 2547 2414 2601 solatium
2475 2549 2739 2601 malorum
2773 2565 2787 2613 ;
2819 2554 2872 2602 et
2907 2563 2921 2600 :
2953 2548 3087 2618 Age,
3122 2547 3318 2617 lnquit,
3355 2564 3388 2602 o

1819 2637 2059 2703 domina,
2099 2637 2233 2692 siste
2264 2637 2398 2691 mihi
2432 2638 2637 2693 luctum
2695 2647 2772 2692 tot
2804 2652 3080 2692 annorum
3116 2650 3202 2693 tua
3226 2655 3390 2696 causa

1819 2738 2157 2801 susceptum,
2203 2739 2564 2801 promptuque
2608 2739 2660 2784 et
2719 2731 2880 2787 alacri
2932 2732 3112 2787 animo
3163 2735 3385 2788 domum

1821 2831 2118 2878 revertere.
2178 2822 2314 2878 Cum
2372 2831 2553 2877 autem
2609 2823 2695 2878 illa
2753 2829 2965 2894 putaret
3040 2841 3226 2882 revera
3276 2843 3396 2881 esse

1822 2915 2099 2976 maritum,
2139 2914 2193 2969 id
2245 2915 2396 2968 dedit
2437 2916 2703 2983 responsi,
2757 2917 2898 2984 quod
2925 2916 3072 2969 illum
3113 2920 3395 2986 oportuis-

1823 3016 1905 3060 set
1934 3007 2147 3073 audire,
2182 3006 2226 3060 si
2270 3006 2321 3060 id
2349 3007 2538 3061 fuisset
2581 3007 2724 3077 quod
2750 3007 3062 3078 putabatur,
3091 3017 3145 3061 et
3175 3025 3282 3062 non
3313 3010 3396 3062 vi-

1827 3115 1970 3164 sum,
1999 3103 2141 3169 quod
2176 3100 2536 3154 cernebatur:
2568 3100 2701 3170 Ego,
2725 3099 2933 3164 dicens,
2967 3101 3056 3168 qui
3088 3101 3395 3155 renuntiavi

138 3208 452 3278 φύρεσθαι·
490 3207 604 3270 πῶς
631 3207 686 3259 δὲ
730 3209 822 3260 καὶ
860 3210 1128 3258 συνοικεῖν
1177 3224 1258 3257 σοι
1301 3208 1714 3260 καταναιδεύσο-

1833 3193 1985 3244 vanis
2029 3193 2191 3246 rebus
2219 3193 2380 3262 hujus
2417 3193 2629 3256 mundi,
2662 3208 2769 3246 non
2799 3207 3016 3262 possunt
3054 3209 3240 3247 rursus
3271 3210 3396 3248 cum

141 3319 278 3372 μαι,
312 3303 344 3372 ἡ
377 3300 576 3370 ταύτην
619 3301 786 3370 μόνην
821 3298 1020 3369 ἔχουσα
1048 3300 1144 3370 τῆς
1179 3299 1354 3369 φυγῆς
1379 3299 1559 3352 αἰτίαν
1582 3341 1596 3364 ,
1626 3298 1723 3370 τὴν

146 3398 238 3458 εἰς
265 3395 324 3446 σὲ
351 3395 683 3464 πραχθείσάν
709 3411 798 3466 μοι
825 3395 1137 3465 ἁμαρτίανὶ
1166 3394 1269 3446 καὶ
1296 3395 1368 3457 ὡς
1397 3395 1475 3456 είς
1503 3394 1723 3465 μνήμην

143 3491 382 3541 ἐκείνων
423 3486 576 3557 ἦλθε,
625 3489 720 3538 καὶ
765 3487 862 3547 τὰς
911 3489 1094 3556 χεῖρας
1137 3487 1216 3549 εἰς
1261 3485 1488 3556 οὐρανὸν
1528 3487 1726 3555 ἐπῆρε,

138 3582 283 3650 ὅλην
334 3579 534 3647 ἑαυτὴν
585 3581 661 3640 εἰς
711 3578 872 3645 εὐχὴν
918 3577 1186 3646 τρέψασα,
1231 3573 1299 3646 ἦν
1345 3579 1550 3628 ἐκεῖνον
1601 3579 1728 3629 ἰδεῖν

145 3675 308 3742 φυγῇ
348 3670 654 3740 χρώμενον,
690 3670 782 3722 καὶ
836 3668 971 3740 μηδὲ
1002 3670 1060 3720 τὸ
1089 3669 1384 3740 πρόσχημα
1425 3669 1522 3739 τῆς
1562 3668 1725 3740 εὐχῆς

139 3768 455 3835 δυνάμενον
492 3763 828 3833 ὑποστῆναι·
874 3765 968 3815 καὶ
1017 3766 1138 3816 τότε
1190 3762 1428 3829 ἔγνωστο
1460 3764 1526 3832 τῇ
1567 3764 1688 3834 ὁσία
1715 3802 1728 3827 ,

141 3866 238 3922 τίς
272 3865 299 3913 ὁ
328 3858 663 3928 προσελθὼν,
701 3859 792 3911 καὶ
824 3859 854 3927 ἡ
885 3857 1000 3909 κατ’
1025 3857 1195 3925 αὐτῆς
1222 3855 1453 3919 ἐκείνου,
1481 3855 1733 3927 πολυμή-

141 3968 323 4024 χανος
356 3952 617 4020 συσκευὴ.

236 4203 334 4254 IA'.
370 4200 590 4253 Ἀλλοτε
609 4198 662 4251 δὲ
691 4199 851 4252 πάλιν
878 4200 940 4250 τὰ
968 4196 1131 4266 θηρία
1156 4195 1290 4266 ὁμοῦ
1317 4193 1515 4259 πάντα,
1548 4196 1647 4247 ὅσα
1678 4213 1736 4248 τε

148 4294 444 4346 θάλασσαν
482 4293 576 4344 καὶ
619 4292 718 4344 ὅσα
764 4290 868 4358 γῆν
891 4290 1156 4351 κατοικεῖ,
1200 4288 1373 4341 ἐδόκει
1400 4287 1520 4340 κατ’
1568 4287 1740 4357 αὐτῆς

148 4389 381 4444 ὲπιέναι
404 4401 418 4416 ·
454 4387 514 4436 τὸ
543 4385 599 4436 δὲ
638 4385 734 4452 οὐχ
767 4384 938 4444 οὕτως
969 4380 1054 4449 ἦν,
1092 4383 1208 4435 ἀλλ’
1238 4381 1377 4436 αὑτά
1410 4382 1507 4449 τῆς
1537 4381 1737 4444 κακίας

1828 3281 1932 3335 illis
1971 3284 2250 3352 congredi.
2290 3285 2574 3348 Quomodo
2624 3293 2806 3337 autem
2843 3293 2992 3336 tanta
3040 3293 3230 3352 potero
3281 3300 3401 3337 esse

1829 3372 2187 3442 impudentia,
2225 3384 2282 3428 ut
2311 3381 2489 3428 tecum
2523 3374 2783 3439 habitent,
2811 3376 2895 3430 cui
2931 3376 3043 3429 sola
3073 3375 3208 3447 fugae
3237 3392 3404 3431 causa

1831 3462 1929 3517 fuit
1972 3480 1998 3517 a
2033 3481 2117 3519 me
2151 3465 2351 3521 factum
2398 3466 2452 3520 iu
2485 3476 2539 3521 te
2573 3480 2854 3536 peccatum
2890 3466 3070 3522 ?Cum
3105 3478 3286 3522 autem
3315 3468 3404 3522 illa

1830 3570 2016 3610 eorum
2069 3559 2371 3622 recordata,
2427 3573 2622 3612 manus
2674 3558 2728 3611 in
2801 3560 2996 3613 cmlum
3073 3561 3402 3625 sustulisset,

1832 3656 1892 3697 se
1958 3657 2124 3700 totam
2189 3647 2256 3702 ad
2345 3663 2536 3718 preces
2590 3657 2940 3715 convertens,
2997 3650 3194 3707 lirebat
3256 3652 3406 3706 illum

1835 3737 2023 3789 videre
2060 3736 2381 3806 fugientem,
2421 3749 2476 3792 et
2525 3755 2626 3792 nec
2667 3740 2939 3795 valentem
2998 3742 3212 3811 quidem
3264 3740 3408 3795 ferre

1836 3832 2067 3899 speciem
2119 3830 2401 3885 orationis.
2452 3829 2518 3884 Et
2554 3842 2682 3885 tunc
2733 3835 2988 3902 cngnovit
3022 3845 3208 3888 sancta
3259 3834 3410 3902 quis-

1837 3935 1960 3975 nam
2027 3923 2072 3976 is
2127 3933 2294 3987 esset,
2357 3922 2450 3992 qui
2500 3936 2830 3987 accesserat,
2891 3933 2945 3978 et
3008 3939 3171 3994 quam
3223 3935 3411 3980 essent

1841 4013 2168 4082 multiplices
2217 4014 2336 4083 ejus
2377 4013 2430 4069 in
2485 4014 2629 4068 illaut
2679 4016 2912 4082 insidiae,
2955 4025 3008 4071 et
3050 4032 3212 4087 quam
3262 4020 3410 4074 varia

1839 4103 2189 4156 machinatio.

1913 4193 2055 4249 XIV.
2111 4193 2322 4250 Rursus
2381 4205 2566 4250 autem
2623 4199 2917 4268 aliquando
2988 4215 3179 4256 omnes
3253 4203 3414 4258 simul

1842 4286 2046 4350 bestiae,
2083 4296 2190 4341 tam
2221 4303 2342 4351 qure
2399 4288 2648 4343 habitant
2687 4291 2739 4342 in
2797 4292 2957 4356 mari,
3001 4309 3160 4360 quam
3195 4311 3315 4364 qua:
3358 4297 3412 4349 iu

1849 4390 2013 4439 terra,
2079 4379 2408 4432 videbantur
2457 4394 2576 4432 eam
2636 4381 2939 4447 invadere;
2995 4398 3180 4437 revera
3233 4395 3413 4440 autem

149 4479 314 4550 φημὶ
347 4477 412 4530 τὰ
446 4476 769 4546 πνεύματα,
797 4477 894 4545 τὴν
930 4474 1154 4526 ἐκείνων
1200 4474 1568 4542 ὑποκριθέντα
1604 4488 1720 4544 μιορ⁴

1847 4484 1956 4522 non
1993 4467 2069 4521 ita
2101 4476 2243 4536 erat,
2279 4468 2374 4523 sed
2417 4480 2574 4524 erant
2621 4472 2844 4542 spiritus
2886 4474 3122 4538 malitiae,
3156 4478 3247 4546 qui
3303 4477 3414 4531 for-

148 4579 295 4642 φήν.
327 4569 640 4636 Ἀνθρωπος
663 4568 718 4619 δὲ
742 4567 949 4629 τούτοις
976 4565 1394 4636 ἐπιφαινόμενος
1419 4566 1740 4634 ἐπιδραμεῖν

149 4671 230 4736 τῇ
258 4665 404 4733 ὁσία,
427 4665 517 4715 καί
543 4662 882 4730 καταςαγεῖν
907 4660 1112 4727 ταύτην
1136 4655 1494 4720 ὲνεκελεύετο,
1527 4656 1740 4724 Ἐκείνη

148 4762 220 4814 δὲ
245 4759 322 4820 ὡς
347 4757 491 4827 ὅπλῳ
521 4755 593 4826 τῷ
625 4754 895 4822 savium?
928 4753 1132 4824 ᾅσματι
1161 4751 1502 4821 χρησαμένην
1537 4748 1609 4810 ὡς
1644 4753 1740 4816 μά-

151 4868 259 4903 νον
306 4849 432 4914 ἔφη,
463 4844 859 4906 Κυκλ.ώσαντες
889 4843 1208 4896 ἐκύκλωσαν
1248 4860 1335 4910 με,
1391 4843 1486 4893 καὶ
1520 4840 1595 4910 τῷ
1627 4841 1742 4891 ὀνό-

153 4956 305 5012 ματι
331 4937 532 5005 Κυρίου
572 4937 872 5005 ἠμυνάμην
914 4935 1105 4995 αὐτούς
1131 4949 1144 4964 ·
1193 4935 1350 4996 εὐθὺς
1390 4935 1467 4996 εἰς
1511 4933 1651 5002 ἀέρα
1687 4930 1747 4984 τὺ

151 5036 465 5103 φάντασμα
502 5029 772 5081 διελύετο·
807 5026 1102 5097 προϐάλλει
1131 5029 1222 5076 καὶ
1265 5026 1460 5094 ἑτέραν
1493 5027 1686 5094 πεῖραν
1718 5027 1746 5076 ὁ

155 5123 439 5191 Πονηρὸς.
488 5118 656 5174 Πάλιν
689 5119 797 5186 γὰρ
848 5115 1077 5188 στρατὸς
1129 5117 1266 5184 αὐτῇ
1319 5115 1742 5186 πολυάνθρωπος

155 5216 511 5282 καθεωρᾶτο,
545 5213 640 5265 καὶ
677 5213 704 5264 ὁ
745 5210 928 5280 ἄρχων
965 5210 1190 5274 τούτων,
1221 5207 1361 5278 μετά
1408 5207 1603 5261 πολλοῦ
1651 5208 1744 5260 τοῦ

151 5305 438 5377 πλήθους,
470 5304 714 5374 σοϐαρῶς
745 5302 1141 5374 πορευόμενος·
1174 5296 1217 5368 ᾧ
1252 5305 1345 5354 καὶ
1374 5303 1474 5372 τὴν
1506 5299 1746 5371 προσκύ-

151 5417 332 5471 νησιν
356 5398 647 5467 ἀπονέμειν
677 5399 725 5449 oi
750 5395 1189 5466 λειτουργοῦντες
1219 5392 1535 5450 ἐπέταττον.
1564 5395 1742 5464 Λύτῆς

150 5496 223 5549 δὲ
257 5494 394 5546 Θεὸν
426 5492 585 5560 μόνον
612 5489 870 5556 εἰπούσης
900 5489 1009 5540 δεῖν
1038 5489 1383 5557 προσκυνεῖν,
1414 5487 1628 5557 πληγὰς
1658 5490 1748 5539 ὲνο

149 5589 346 5646 τεῖναι
378 5583 548 5657 ταύτῃ
575 5586 602 5636 ὁ
623 5580 784 5652 δῆθεν
818 5581 999 5649 ἅρχων
1029 5581 1367 5632 διεκελεύετο
1391 5621 1406 5647 ,
1441 5581 1535 5634 καὶ
1563 5580 1622 5633 τὸ
1653 5596 1752 5633 κει

281 5775 302 5801 ’ί
337 5767 477 5821 Psal.
515 5778 738 5827 uuln,
779 5764 860 5816 ll.

587 5865 859 5922 Ριτιιοι..
905 5857 1021 5916 Gn.
1067 5856 1249 5919 CXV.

1845 4560 2242 4616 mamillorum
2301 4562 2613 4618 induerant.
2675 4565 2803 4619 Post
2864 4567 2976 4620 haec
3017 4579 3196 4622 autem
3255 4572 3416 4626 homo

1843 4669 2128 4723 apparens,
2158 4655 2345 4724 jussus
2372 4665 2456 4709 est
2487 4656 2552 4709 ad
2596 4665 2836 4711 sanctam
2875 4669 3180 4724 aecurrere,
3215 4674 3268 4716 et
3299 4680 3416 4718 eam

1843 4749 2123 4802 devorare.
2161 4748 2253 4802 illa
2297 4764 2427 4804 vero
2459 4758 2714 4819 tanquam
2751 4752 2916 4806 armis
2977 4753 3227 4809 Davidico
3262 4767 3420 4812 utens

1845 4839 2085 4901 cantico,
2141 4848 2428 4909 postquam
2477 4841 2651 4894 solum
2715 4843 2849 4897 dixit
2892 4863 2905 4896 :
2955 4863 2972 4894 ι
3007 4847 3423 4904 Circumdautes

1845 4930 2327 4985 circumdederunt
2359 4947 2467 4996 mc,
2502 4942 2558 4987 et
2594 4934 2818 4988 nomine
2867 4935 3080 4992 Domini
3110 4941 3257 4994 ultus
3300 4956 3419 4997 sum

1847 5039 1940 5079 eos
1961 5021 2006 5089 ⁸,
2040 5043 2058 5077 ι
2111 5024 2289 5080 visum
2369 5025 2550 5078 statim
2610 5027 2854 5080 evanuit.
2898 5028 3098 5098 Objicit
3156 5033 3423 5104 malignus

1846 5119 2006 5172 aliam
2054 5133 2270 5189 quoque
2303 5118 2686 5174 teutatiouem.
2725 5117 2936 5176 Rursus
2982 5123 3127 5176 enim
3160 5128 3426 5180 cerneba-

1847 5223 1936 5266 tur
1981 5213 2048 5266 ab
2097 5226 2158 5265 ea
2209 5213 2399 5283 ingens
2438 5214 2732 5268 exercitus.
2786 5213 2915 5284 Ejus
2951 5224 3133 5272 autem
3173 5217 3427 5288 princeps

1845 5321 1968 5360 cum
2017 5321 2210 5376 magna
2249 5306 2596 5362 multitudine
2637 5308 2871 5376 superbe
2923 5307 3228 5371 incedebat,
3262 5325 3423 5381 quem

1848 5398 2065 5468 quidem
2112 5407 2170 5451 ut
2215 5397 2487 5462 adoraret,
2535 5399 2802 5467 jubebant
2851 5400 2969 5469 ejus
3001 5401 3256 5456 ministri.
3289 5402 3424 5456 Cum

1853 5489 1965 5559 ipsa
1999 5497 2179 5542 autem
2212 5487 2441 5542 dixisset
2471 5486 2641 5542 Deum
2692 5488 2867 5542 solum
2899 5503 3022 5544 esse
3067 5490 3424 5555 adorandum,

1848 5579 2014 5648 jussit
2072 5580 2330 5651 princeps
2384 5579 2433 5635 ei
2493 5580 2676 5652 plagas
2735 5579 2919 5654 inﬂigi.
2997 5583 3061 5639 Et
3119 5583 3302 5654 jussus
3359 5586 3426 5640 ad

3034 5858 3108 5921 99
