4156 6314
767 349 873 413 683

1994 344 2271 407 MENSIS
2308 341 2774 405 SEPTEMBER.

3900 345 4005 408 684

770 461 1020 515 ellectnm
1079 467 1164 512 est
1220 456 1506 512 deductus.
1572 456 1625 510 ld
1684 456 1826 510 enim
1886 454 2241 510 declarabant
2287 461 2336 506 et

2444 451 2665 505 λευσθὲν
2694 452 2851 521 ἔργον
2873 445 2961 522 ἦν’
2987 452 3205 522 ἐδήλουν
3227 454 3333 525 γὰρ
3357 454 3416 507 αῐ
3432 473 3489 509 τι
3516 456 3724 527 πληγαὶ
3749 461 4011 527 φαινόμεο

775 550 960 621 plagae,
995 563 1114 617 quae
1149 546 1509 614 apparebant,
1567 555 1620 600 et
1657 545 1771 615 ipsa
1818 546 1932 598 visa
1982 553 2192 599 mortua
2246 542 2331 605 ils,

769 640 858 707 qui
943 645 1286 707 aspexerant.
1364 634 1614 689 Fuerunt
1700 646 1881 689 autem
1956 634 2006 687 hi
2068 644 2332 704 pastores,

768 728 857 796 qui
886 726 1103 780 iverunt
1152 724 1202 777 in
1244 726 1655 789 monasterium,
1692 734 1748 777 et
1782 724 2031 778 dixerunt
2084 722 2336 776 Theodo-

770 828 890 871 rum
957 830 1076 870 esse
1142 824 1445 880 mortuum,
1508 824 1563 868 et
1600 823 1853 883 oportere
1909 829 2038 868 eum
2075 814 2334 867 mandare

768 908 1080 975 sepulturae.
1113 904 1219 959 Sed
1264 907 1419 961 beata
1456 906 1564 967 illa,
1607 920 1729 959 cum
1765 904 1943 960 media
1972 915 2132 959 nocte
2173 905 2239 959 ad
2276 918 2336 958 se

769 995 1037 1055 rediisset,
1087 995 1187 1048 sibi
1237 995 1543 1048 ascribebat
1587 1007 1830 1058 causam,
1862 1006 1917 1049 et
1947 995 1999 1048 id
2026 995 2167 1063 quod
2198 996 2336 1048 acci-

770 1088 947 1149 derat,
1003 1084 1220 1139 dicebat
1278 1100 1399 1139 esse
1449 1085 1532 1138 sui
1575 1084 1754 1138 delicti
1809 1085 2172 1154 disciplinam.
2202 1084 2334 1138 Cum

768 1192 828 1232 se
862 1192 988 1246 ergo
1024 1177 1312 1229 muniisset
1348 1176 1515 1229 armis
1547 1176 1836 1237 orationis,
1877 1176 2039 1245 petiit
2088 1175 2336 1230 inducias

777 1267 1139 1319 tentationum
1176 1284 1189 1319 :
1226 1262 1269 1317 Ο
1306 1266 1448 1318 Deus
1481 1281 1652 1329 meus,
1695 1266 1905 1330 dicens,
1943 1264 2169 1320 Domine
2214 1265 2338 1319 titti-

768 1357 936 1419 versi,
979 1358 1184 1411 oblitus
1221 1356 1326 1410 mei
1383 1358 1613 1425 peccati,
1674 1357 1841 1411 libera
1893 1372 1982 1411 me
2013 1357 2081 1411 ab
2137 1358 2336 1410 insultu

771 1449 996 1515 inimici,
1028 1449 1117 1518 qui
1156 1458 1247 1502 tuo
1279 1449 1485 1504 invidet
1524 1448 1800 1520 ﬁgmento.
1829 1448 1964 1504 Cum
2001 1463 2121 1504 eam
2152 1459 2334 1503 autem

768 1552 1081 1611 precantem
1120 1541 1402 1605 vidissent,
1456 1542 1544 1610 qui
1578 1542 1688 1595 illic
1727 1551 1883 1595 erant
1923 1553 2188 1611 pastores,
2222 1556 2339 1610 qua:

767 1632 837 1685 ab
870 1633 950 1685 eis
981 1632 1139 1701 paulo
1168 1639 1295 1685 ante
1332 1632 1443 1685 visa
1478 1641 1595 1685 erat
1645 1641 1878 1697 mortua,
1920 1632 2088 1687 Deum
2118 1634 2337 1702 quidem

767 1724 1071 1786 laudarunt,
1154 1723 1435 1777 monachis
1514 1734 1720 1787 autem,
1806 1724 1953 1791 quod
2028 1723 2336 1787 revixisset,

766 1815 1192 1870 annuntiarunt.

839 1906 953 1960 XV.
992 1908 1194 1961 Statuit
1245 1922 1375 1961 vero
1426 1908 1715 1978 prtefectus
1776 1908 2092 1962 monasterii
2152 1908 2331 1963 infan-

762 2010 876 2054 tem
948 2001 1213 2069 recipere,
1274 2011 1532 2070 reputans
1583 2018 1747 2071 quam
1819 2002 2078 2056 diuturna
2144 2002 2336 2056 fuisset

766 2100 972 2144 sanetae
1009 2091 1253 2146 atllictio.
1296 2091 1415 2144 Non
1469 2093 1613 2144 enim
1674 2107 1791 2145 eam
1846 2109 2009 2162 parra
2073 2094 2337 2150 alliciebat

768 2183 1017 2236 molestia
1067 2198 1257 2236 errans
1310 2198 1447 2252 puer
1499 2198 1595 2253 per
1628 2199 1816 2252 aspera
1850 2186 1964 2239 loca
2003 2187 2332 2242 solitudinis.

767 2272 872 2328 Sed
903 2290 970 2328 ne
1016 2276 1097 2329 sic
1137 2274 1354 2345 quidem
1409 2276 1617 2330 destitit
1668 2276 1840 2330 hostis
1888 2292 2006 2329 eam
2059 2280 2335 2342 invadere,

769 2361 880 2418 Deo
934 2364 1013 2418 sic
1064 2363 1433 2433 permittente,
1489 2363 1563 2416 uti
1601 2378 1663 2416 ea
1719 2362 1819 2416 sibi
1874 2362 2057 2431 plures
2111 2379 2339 2418 coronas

767 2463 1103 2510 contexeret.
1142 2455 1201 2508 Ei
1232 2454 1378 2508 enim
1412 2468 1600 2507 rursus
1632 2454 1804 2508 visum
1838 2464 1921 2508 est
1964 2470 2153 2509 aurum
2187 2457 2335 2509 humi

770 2545 1097 2614 projectum.
1130 2545 1331 2598 Aderat
1382 2555 1563 2597 autem
1625 2559 1817 2614 magna
1873 2545 2109 2599 virorum
2152 2546 2335 2599 multi-

766 2637 920 2699 tudo,
954 2650 1073 2706 quae
1110 2634 1241 2689 illud
1276 2635 1581 2704 colligebat.
1618 2634 1672 2688 Id
1708 2649 1834 2688 vero
1874 2650 1979 2688 non
2014 2644 2130 2689 erat
2161 2636 2331 2701 aliud,

765 2741 927 2797 quam
981 2724 1116 2778 visio
1146 2723 1343 2777 inanis.
1378 2721 1511 2776 Nam
1550 2731 1606 2776 ut
1659 2737 1774 2776 eam
1818 2724 1990 2775 solum
2035 2722 2331 2790 deciperet,

763 2826 820 2872 et
851 2827 907 2870 ut
938 2830 1129 2869 aurum
1158 2822 1365 2867 amaret
1395 2813 1653 2876 elliceret,
1687 2810 1738 2863 id
1778 2820 1948 2864 totum
1988 2820 2105 2863 erat
2137 2809 2338 2863 machi-

762 2916 947 2961 natus.
997 2905 1116 2960 Non
1165 2905 1316 2958 multi
1349 2904 1465 2957 dies
1517 2904 1912 2973 pneterierant,
1962 2912 2016 2958 et
2055 2905 2102 2957 ei
2141 2917 2334 2957 rursus

765 3000 876 3052 visa
907 3008 991 3053 est
1040 2997 1233 3051 adesse
1273 3011 1554 3050 servorum
1603 2995 1912 3061 multitudo,
1948 2996 1995 3049 ei
2039 2996 2093 3049 in
2142 3010 2334 3049 manus

764 3090 1095 3145 tradentium
1143 3089 1366 3142 obsonia
1428 3088 1576 3140 varie
1622 3088 1840 3141 condita
1895 3102 2013 3154 qua:
2060 3088 2106 3138 ei
2154 3087 2335 3139 dixit:

768 3181 872 3247 Qui
928 3180 1020 3233 tibi
1083 3179 1264 3248 plagas
1304 3178 1583 3246 imposuit,
1641 3178 1725 3229 his
1786 3186 1836 3231 te
1868 3178 2033 3231 donat
2072 3177 2333 3231 obsoniis.

768 3272 900 3340 Qua:
931 3271 1149 3340 quidem
1198 3271 1251 3322 in
1304 3267 1460 3332 nihil,
1515 3269 1659 3321 sicut
1701 3280 1880 3334 erant,
1912 3269 2178 3337 dissolvit,
2212 3286 2334 3324 cum

768 3381 825 3420 se
859 3366 1124 3435 signasset
1157 3362 1278 3416 luce
1311 3361 1490 3415 vultus
1532 3362 1763 3415 Domini.
1798 3363 1932 3417 Cum
1966 3380 2029 3417 ex
2077 3363 2160 3416 his
2214 3377 2335 3416 eam

767 3458 996 3512 vidisset
1049 3455 1303 3507 invictam
1354 3454 1397 3507 is
1432 3454 1522 3522 qui
1572 3454 1810 3507 minatus
1859 3464 1977 3506 erat
2025 3469 2081 3505 se
2135 3462 2334 3506 terram

768 3562 824 3606 et
848 3565 996 3604 mare
1043 3562 1163 3602 esse
1197 3547 1530 3608 deletorum,
1580 3559 1817 3614 cumque
1863 3559 1926 3597 ex
1977 3545 2138 3604 bello,
2193 3546 2336 3612 quod

768 3646 1036 3698 adversus
1093 3650 1211 3690 eam
1267 3644 1526 3704 gesserat,
1599 3634 1808 3705 pudore
1876 3646 2025 3689 esset
2082 3634 2331 3701 allectus,

770 3734 963 3792 statuit
989 3730 1295 3785 discedere.

842 3827 975 3884 XVI.
1027 3825 1162 3883 Cum
1218 3832 1397 3879 autem
1467 3831 1670 3891 septem
1739 3821 1865 3879 anni
1925 3819 2335 3888 prieteriissent,

775 3922 1027 3977 monachi
1058 3922 1254 3975 laureae
1296 3914 1423 3969 noni
1458 3912 1792 3972 monasterii,
1850 3911 1942 3979 qui
1998 3909 2126 3962 illati
2164 3909 2336 3978 stupri

776 4030 892 4067 eam
930 4017 1341 4066 accusaverunt,
1387 4018 1504 4057 eam
1537 4016 1656 4055 esse
1687 3999 1966 4054 mulierem
2005 3998 2336 4067 ignorantes,

774 4124 899 4162 cum
934 4104 1187 4158 omnibus
1221 4100 1493 4168 supplices
1552 4103 1745 4163 petunt
1796 4108 1823 4144 a
1862 4092 2115 4161 puniet-to
2152 4104 2340 4146 mona-

774 4202 949 4265 sterii,
985 4208 1045 4253 ut
1093 4198 1147 4251 iu
1183 4209 1289 4262 quo
1327 4192 1444 4244 loco
1480 4203 1541 4240 ea
1578 4187 1727 4255 prius
1766 4200 1822 4239 se
1873 4183 2181 4245 exercebat,
2220 4198 2337 4235 eam

776 4308 968 4351 rursus
1012 4290 1343 4347 admitteret,
1376 4290 1425 4335 et
1483 4282 1710 4333 referret
1747 4278 1799 4329 in
1848 4291 2133 4328 numerum
2182 4283 2343 4326 uete-

777 4398 964 4441 rorum
1022 4376 1439 4435 monachorum.
1510 4371 1654 4425 Satis
1725 4369 1893 4432 enim,
1946 4356 2182 4428 aiebant,
2244 4365 2342 4419 luit

2437 560 2559 605 ναι,
2596 545 2688 596 καὶ
2715 544 2853 614 αὑτὴ
2884 546 3051 614 νεκρά
3082 545 3276 609 δόξασα
3320 548 3430 609 τοῖς
3464 548 3817 619 θεασαμένοις
3851 552 4005 619 (ποι-

2441 632 2595 701 μένες
2624 635 2679 687 δὲ
2710 631 2851 705 ἦσαν
2874 629 3062 704 οὗτοι),
3108 637 3157 688 οῖ
3191 636 3285 689 καὶ
3312 639 3367 690 ἐν
3394 641 3456 707 τῇ
3490 643 3621 708 μονῇ
3651 641 4007 705 ἀπελθόντες,

2439 720 2590 777 εἷπον
2632 727 2713 779 ὅτι
2744 727 2995 797 τεθνήκοι
3035 728 3330 799 Θεόδωρος,
3363 730 3456 782 καὶ
3492 730 3568 794 ὡς
3599 733 3771 802 ἐχρῆν
3821 733 4009 786 τοῦτον

2438 816 2665 880 ἀξιῶσαι
2695 819 2887 886 ταφῆς.
2939 821 3083 873 Ἀλλ’
3112 822 3143 890 ἡ
3174 822 3419 891 μακαρία
3454 826 3579 894 περ)⁵
3608 826 3781 894 μέσας
3810 826 4009 886 νύκτας

2442 907 2832 959 ἁνανενευκυῑα
2880 908 3042 978 ἑαυτῇ
3090 912 3365 979 ἐπέγραφε
3422 913 3519 983 τὴν
3568 914 3767 973 αίτίαν,
3808 918 3897 966 καὶ
3952 919 4011 966 τὸ

2441 996 2652 1063 συμϐὰν
2685 998 2837 1063 ἔλεγε
2859 998 2953 1049 τοῦ
2998 1001 3199 1053 οἰκείου
3228 1002 3542 1071 σφάλματος
3567 999 3709 1055 εἶναι
3738 1005 4009 1056 παιδείαν.

2447 1087 2520 1138 Τὸ
2548 1087 2677 1151 γοῦν
2711 1089 2863 1158 ὅπλῳ
2891 1089 2988 1155 τῆς
3019 1091 3186 1160 εὐχῆς
3228 1095 3430 1163 ἑαυτὴν
3465 1096 3854 1165 περιφράξασα
3893 1099 4012 1148 ὲκε-

2438 1180 2647 1247 χειρίαν
2673 1180 2788 1249 ᾔτει
2819 1180 2926 1232 τῶν
2962 1184 3305 1251 πειρασμῶν,
3331 1186 3429 1237 Θεέ
3462 1204 3587 1254 μου,
3623 1187 3881 1253 λέγουσα,
3921 1191 4013 1240 καὶ

2440 1271 2682 1321 Δέσποτα
2719 1271 2811 1322 τοῦ
2854 1274 3091 1335 παντὸς,
3130 1273 3288 1344 ῥῦσαί
3336 1294 3399 1343 με
3435 1278 3533 1344 τῆς
3578 1279 3882 1345 ἐπαγωγῆς
3919 1278 4013 1329 τοῦ

2438 1358 2517 1426 τῷ
2562 1361 2637 1423 σεξ)
2686 1361 2963 1427 πλάσματι
3005 1363 3415 1430 διαφθονοῦντος
3458 1366 3692 1436 ἐχθροῦ,
3735 1368 3839 1435 τῆς
3879 1369 4016 1436 ἐμῆς

2440 1448 2833 1517 ἐπιλαθόμενος
2878 1452 3176 1520 ἁμαρτίας.
3204 1455 3517 1525 Εὺχομένην
3563 1457 3619 1510 δὲ
3670 1460 3721 1509 ot
3751 1460 3872 1511 ἐκεῖ
3898 1476 4017 1510 ποι-

2444 1540 2620 1608 μένες,
2664 1542 2862 1604 ἰδόντες
2901 1544 3001 1610 τὴν
3051 1550 3156 1614 πρὸ
3204 1546 3399 1614 μικροῦ
3459 1549 3659 1617 νεκράν
3704 1550 3889 1609 αὐτοῖς
3932 1568 4015 1600 νο·

2445 1632 2748 1700 μισθεῑσαν,
2782 1634 2859 1702 τῷ
2894 1635 2991 1702 μὲν
3026 1635 3144 1702 Θεῴ
3173 1636 3334 1701 δόξαν
3367 1638 3648 1706 άνέσερον,
3684 1643 3801 1703 τοῖς
3836 1641 3891 1692 δὲ
3920 1645 4017 1709 τῆς

2446 1725 2609 1794 μονῆς
2637 1724 2709 1787 ὡς
2741 1728 3051 1780 ἀναστᾶσαν
3080 1727 3240 1780 πάλιν
3262 1729 3700 1799 εὐηγγελίζοντο.

2510 1900 2610 1952 IE'.
2656 1901 2877 1971 Ἐκρινε
2902 1901 2957 1953 δὲ
2992 1902 3085 1954 καὶ
3126 1902 3154 1953 6
3185 1902 3280 1971 τῆς
3327 1903 3493 1972 μονῆς
3523 1902 3935 1973 ἐξηγούμενος,
3961 1908 4019 1959 τὸ

2440 1991 2649 2044 παιδίον
2676 1993 2962 2046 ἀναλαϐεῖν
2987 1995 3371 2064 άναμετρήσας
3397 1995 3493 2065 ὅση
3523 1996 3619 2047 καὶ
3650 1997 3804 2057 ὅπως
3832 1999 4019 2066 χρονία

2437 2084 2535 2151 τῆς
2586 2083 2738 2146 ὁσίας
2780 2087 2813 2155 ἡ
2862 2085 3228 2148 κακοπάθεια,
3277 2086 3567 2138 καὶτοῦτο
3616 2090 3798 2161 χαρᾶς
3850 2090 4019 2156 αὐτῆς

2440 2173 2640 2242 ἔπλησε
2695 2176 2792 2242 τὴν
2848 2175 3051 2244 ψυχήν.
3104 2176 3176 2227 Οὐ
3214 2175 3321 2244 γὰρ
3364 2180 3579 2245 μικροῖς
3615 2181 3786 2247 αὐτὴν
3833 2181 4018 2233 ἐλύπει

2439 2266 2550 2325 τοῖς
2580 2267 2803 2334 τραχέσι
2832 2268 2926 2333 τῆς
2957 2267 3168 2334 ἐρήμου
3196 2282 3259 2317 πε
3273 2266 3707 2337 ριπλανώμενον,
3741 2272 3863 2321 ἀλλ’
3900 2274 4019 2324 οὐδὲ

2439 2352 2607 2415 οὕτως
2628 2356 2892 2422 ἀφίστατο
2920 2357 3015 2424 τῆς
3052 2356 3355 2427 προσϐολῆς
3385 2360 3412 2410 6
3435 2360 3719 2429 πολέμιος,
3752 2362 3852 2414 τοῦ
3884 2361 4017 2415 Θεοῦ

2439 2445 2597 2496 τοῦτο
2623 2445 3100 2516 παραχωροῦντος,
3137 2447 3220 2500 ἵνα
3274 2455 3368 2500 καὶ
3395 2449 3649 2513 πλείονας
3673 2453 3822 2520 αὐτῇ
3854 2455 4016 2521 πλέξῃ

2438 2538 2561 2600 τοὺς
2590 2539 2907 2605 στεφάνους.
2948 2539 3186 2607 Ἐωρᾶτο
3206 2540 3312 2609 γὰρ
3336 2542 3471 2608 αὐτῇ
3505 2544 3729 2608 χρυσίον
3752 2544 4019 2610 ἐρριμμέ-

2438 2646 2525 2680 νον
2567 2630 2644 2689 εἰς
2676 2631 2801 2696 γῆν,
2851 2631 3052 2697 πλῆθος
3094 2648 3151 2681 τε
3203 2630 3459 2698 παρῆσαν
3503 2632 3715 2697 ἀνδρῶν
3771 2633 3823 2682 οἳ
3870 2632 4019 2684 τοῦτο

2444 2720 2647 2788 σπουδῇ
2683 2720 2990 2786 συνέλεγον.
3036 2720 3105 2771 Τὸ
3135 2720 3191 2771 at
3228 2721 3375 2773 οὐδὲν
3405 2722 3588 2792 ἕτερον
3617 2718 3684 2792 ἦν
3743 2724 3778 2791 ἦ
3824 2741 4019 2790 φαντα-

2442 2809 2531 2861 σία
2554 2812 2707 2882 κενή.
2741 2812 2855 2863 Ἵνα
2891 2812 2999 2880 γὰρ
3032 2812 3287 2883 ἀπατήσῃ
3331 2814 3489 2881 μόνον
3511 2855 3525 2879 ,
3565 2817 3661 2867 καὶ
3691 2816 3771 2878 ὠς
3806 2818 4018 2884 ἐρῶσαν

2439 2900 2589 2973 δείξῃ
2624 2903 2827 2973 χρυσοῦ
2850 2944 2863 2967 ,
2893 2904 2954 2956 τὸ
2978 2904 3086 2956 πᾶν
3117 2904 3513 2974 ἐσκαιώρησεν.
3533 2908 3610 2959 Οὐ
3644 2910 3847 2962 πολλαὶ
3883 2928 4019 2978 παρα

2440 2994 2600 3062 ἦλθον
2650 2995 2892 3064 ἡμέραι,
2966 2998 3061 3047 καὶ
3134 2996 3294 3051 πάλιν
3344 2999 3568 3052 οἰκετῶν
3620 3002 3765 3071 αὑτῇ
3818 3005 4016 3070 πλῆθος

2445 3085 2606 3154 ἐῴκει
2638 3086 3021 3153 παρίστασθαι,
3059 3087 3162 3156 δψα
3202 3089 3473 3157 φερόντων
3495 3092 3586 3143 ἐπὶ
3619 3096 3819 3161 χεῖρας
3852 3092 4019 3146 stt-txi-

2447 3177 2552 3240 λως
2584 3178 2979 3247 ἐσκευασμένα,
3002 3180 3094 3232 καὶ
3140 3179 3198 3232 '0
3226 3182 3321 3242 τὰς
3349 3182 3559 3248 πληγάς
3588 3200 3672 3234 σοι
3706 3184 4015 3249 ἐπενεγκὼν

2446 3271 2627 3339 ἄρχων
2648 3310 2661 3333 ,
2692 3273 2855 3340 φησί,
2890 3271 3099 3334 τούτοις
3132 3290 3189 3324 σε
3220 3273 3515 3336 δεξιοῦται,
3544 3273 3578 3324 ἃ
3624 3276 3725 3325 καὶ
3758 3277 3838 3336 είς
3877 3276 4016 3329 οὐδὲν

2446 3360 2634 3429 ὥσπερ
2663 3357 2802 3430 ἦσαν
2834 3362 3063 3423 διέλυσε,
3092 3361 3167 3430 τῷ
3195 3364 3329 3428 φωτὶ
3357 3362 3449 3412 τοῦ
3478 3364 3788 3430 προσώπου
3833 3369 4013 3436 κυρίου

2449 3449 2803 3518 σημειώσασα
2838 3450 3059 3520 ἑαυτήν.
3106 3450 3233 3502 ’Λπδ
3276 3455 3478 3502 τούτων
3513 3452 3569 3502 τὸ
3598 3452 3819 3521 ἄμαχον
3856 3455 4016 3523 αὐτῆς

2450 3542 2573 3593 ἰδὼν
2609 3542 2702 3595 καὶ
2735 3542 3029 3612 ἀήττητον,
3069 3545 3096 3596 6
3128 3542 3229 3613 γῆν
3269 3544 3362 3596 καὶ
3402 3544 3683 3599 θάλασσαν
3717 3540 4015 3616 ἐξαλείφειν

2447 3634 2781 3707 ἠπειληκὼς,
2810 3636 2902 3689 τοῦ
2934 3636 3068 3705 προς
3098 3638 3265 3707 αὐτὴν
3291 3638 3530 3708 πολέμου
3564 3642 3839 3711 αἰσχύνην
3865 3644 4017 3711 ὀφλή-

2446 3741 2565 3785 σας,
2596 3726 2893 3792 ἀποστῆναι
2918 3727 3197 3791 διέγνωκε.

2518 3813 2635 3881 ις’.
2656 3817 2774 3869 Τῶν
2813 3817 2949 3870 ἑπτὰ
2980 3818 3035 3869 δὲ
3070 3819 3460 3886 διαγεγονότων
3494 3821 3651 3879 ἐτῶν,
3687 3824 3740 3874 οἱ
3774 3824 3871 3892 τῆς
3897 3825 4017 3877 iml-

2453 3922 2545 3977 ρας
2584 3905 2675 3959 τοῦ
2706 3907 2893 3961 ἐνάτου
2941 3906 3262 3975 μονάζοντες
3295 3910 3342 3962 οἳ
3378 3914 3470 3963 καὶ
3502 3912 3597 3983 τὴν
3627 3912 3731 3983 τῆς
3771 3920 4014 3986 πορνείας

2449 4001 2664 4070 γραφὴν
2719 4001 3005 4069 inposui)?“
3049 4005 3113 4074 τῇ
3164 4006 3429 4075 μακαρίᾳ,
3478 4005 3540 4057 τὸ
3598 4009 3842 4071 γυναῖκα
3888 4006 4013 4062 εἶναι

2449 4090 2653 4160 ταύτην
2704 4092 2842 4160 μετὰ
2891 4094 3106 4145 πάντων
3144 4095 3492 4163 ἠγνοηκότες,
3547 4095 3726 4147 ἱκέται
3784 4099 4014 4164 γίνονται

2451 4182 2544 4234 τοῦ
2602 4182 2699 4249 τῆς
2747 4184 2912 4252 μονῆς
2962 4185 3323 4251 προεστῶτος,
3352 4183 3477 4235 ἔνθα
3519 4186 3792 4255 πρότερον
3836 4192 4013 4259 ἔτυχεν

2462 4273 2798 4341 ἁσκουμένη,
2830 4274 3083 4335 δέξασθαί
3112 4291 3170 4324 τε
3200 4274 3359 4325 πάλιν
3388 4273 3577 4344 αὐτὴν,
3614 4281 3709 4329 καὶ
3742 4282 3821 4347 τῷ
3854 4281 4015 4347 λοιπῷ

2452 4361 2559 4414 τῶν
2582 4364 2921 4427 μοναζόντων
2940 4364 3306 4434 ἐναριθμῆσαι
3323 4367 3562 4436 τάγματι
3586 4372 3899 4437 ’ἀρκοῦσαν
3920 4376 4015 4440 γὰρ

774 4493 985 4550 pmnas,
1020 4474 1112 4543 qui
1153 4479 1303 4523 tanto
1335 4478 1577 4533 tempore
1614 4463 1715 4516 fuit
1746 4472 1895 4515 extra
1929 4461 2336 4521 monasterium,

2450 4452 2687 4519 ἔφασκον
2712 4493 2727 4517 ,
2763 4454 2929 4507 ἔδωκε
2960 4455 3133 4526 δίκην,
3167 4459 3513 4511 ἐπιτοσοῦτον
3548 4460 3653 4527 ἔξω
3683 4463 3785 4530 τῆς
3818 4469 4013 4533 μονῆς,

777 4584 832 4629 et
882 4575 935 4625 in
972 4570 1089 4638 ipso
1141 4564 1289 4617 aditu
1350 4568 1493 4614 totos
1558 4564 1767 4624 septem
1828 4568 2001 4605 annos
2058 4552 2335 4619 transegit.

780 4662 1127 4735 Adjiciebant
1181 4665 1386 4715 autem,
1424 4666 1524 4719 per
1556 4649 1798 4703 divinam
1860 4659 2075 4714 quoque
2118 4641 2343 4735 appari-

780 4732 985 4809 tionem
1048 4748 1147 4801 sibi
1215 4744 1408 4797 factam
1480 4753 1601 4791 esse
1662 4737 1843 4796 Iidem,
1902 4736 2044 4801 quod
2111 4734 2220 4800 jam
2276 4732 2344 4784 sit

774 4852 1056 4917 peccatum
1086 4836 1372 4892 remissum
1406 4828 1712 4884 Theodoro.
1746 4827 1981 4892 Quorum
2025 4824 2110 4877 ille
2142 4823 2341 4876 cedens

775 4936 1048 5014 precibus,
1100 4930 1305 4982 relaxat
1338 4924 1678 4978 Theodoram
1715 4920 1782 4971 ab
1832 4920 2030 4987 injusta
2073 4916 2159 4968 illa
2208 4932 2340 4967 eon-

778 5006 1145 5084 detnnntione,
1182 5019 1378 5088 iubens
1409 5028 1528 5067 eam
1563 5012 1628 5063 de
1665 5020 1860 5063 caetero
1892 5022 2110 5060 manere
2159 5006 2209 5056 in
2256 5006 2336 5057 in-

777 5123 906 5174 tima
952 5114 1108 5175 cella,
1150 5122 1214 5164 et-
1233 5122 1507 5178 nunquam
1547 5103 1824 5175 progredi,
1856 5115 2033 5168 neque.
2082 5100 2247 5152 ullum
2289 5097 2334 5153 ei

778 5207 1043 5267 committi
1087 5200 1445 5258 ministerium
1476 5194 1805 5251 monasterii.
1845 5192 1959 5246 Duo
1985 5190 2182 5245 deinde
2213 5189 2338 5240 anni

780 5301 1176 5375 prieterierant,
1226 5308 1287 5345 ex
1338 5305 1445 5359 quo
1498 5304 1561 5342 ea
1596 5287 1673 5341 sic
1732 5285 1935 5354 majore
1986 5280 2339 5336 exercebatur

782 5373 1122 5449 continentia
1156 5395 1211 5438 et
1249 5378 1632 5435 intentioribus
1662 5378 1934 5447 precibus.
1975 5373 2179 5426 lleinde
2214 5386 2335 5423 cum

780 5497 896 5543 orta
926 5490 1068 5537 esset
1116 5475 1354 5535 siccitas,
1406 5481 1458 5528 et
1493 5474 1765 5532 cisternte.
1802 5484 1920 5538 qua:
1951 5475 2105 5520 erant
2144 5466 2197 5516 in
2229 5478 2335 5516 ece-

780 5575 962 5635 nobio,
993 5565 1341 5622 ostenderent
1372 5578 1430 5618 se
1458 5579 1527 5618 ne
1556 5563 1840 5617 minimum
1874 5560 2090 5629 quidem
2134 5557 2334 5610 habere

780 5680 931 5731 aqum
982 5661 1307 5715 humorem:
1350 5655 1607 5725 quoniam
1664 5664 1718 5707 et
1780 5654 1843 5707 iis
1892 5668 2010 5721 qua:
2069 5652 2335 5711 audierat,

780 5770 838 5814 et
896 5756 962 5810 iis
1016 5764 1132 5821 qum
1193 5749 1309 5817 ipse
1366 5748 1571 5803 viderat
1643 5745 1927 5817 praefectus
1998 5744 2333 5805 monasterii,

2448 4550 2539 4598 καὶ
2585 4550 2714 4616 παρ’
2744 4548 2909 4617 αὐτὴν
2938 4549 3035 4619 τὴν
3073 4549 3275 4602 εἴσοδον
3305 4550 3458 4613 ὅλους
3487 4553 3627 4606 ἐπτὰ
3653 4559 3886 4632 χρόνους
3916 4559 4015 4610 διε-

2445 4638 2751 4704 νεγκοῦσα·
2800 4639 3125 4705 προσέθεντο
3165 4641 3222 4691 δὲ
3265 4642 3359 4691 καὶ
3402 4643 3489 4693 διὰ
3534 4644 3682 4706 θείας
3718 4650 4015 4715 ἐμφανείας

2451 4728 2665 4789 πίστιν,
2734 4728 2976 4790 ἐκείνους
3049 4727 3252 4792 λαϐεῖν,
3303 4729 3377 4789 ὠς
3442 4731 3540 4800 ἥδη
3602 4738 4013 4805 συγκεχώρηται

2451 4820 2511 4871 τὺ
2574 4821 2871 4890 ἁμάρτημα
2927 4816 3207 4891 Θεοδώρῳ.
3263 4815 3360 4875 Ὧν
3430 4824 3524 4877 καὶ
3603 4824 3758 4891 εἱξας
3820 4830 4013 4891 ἐκεῖνος

2447 4919 2514 4986 τῇ
2556 4917 2919 4986 παρακλήσει,
2971 4916 3152 4987 ἀνίησι
3197 4919 3298 4997 τῆς
3339 4921 3525 4974 ἀδίκου
3571 4925 3884 4995 καταδίκης
3929 4931 4015 4993 τὴν

2449 5009 2760 5077 Θεοδώραν,
2794 5010 2868 5071 είς
2908 5010 3185 5064 ἐνδότατον
3219 5010 3425 5062 κελλίον
3456 5012 3517 5064 τὸ
3564 5015 3703 5079 μετὰ
3740 5016 3908 5068 τοῦτο
3938 5034 4012 5066 κε-

2443 5102 2645 5162 ,λεύσας
2680 5102 2858 5167 μένειν
2887 5103 3201 5169 ἀπρόσιτον,
3252 5106 3341 5155 καὶ
3371 5104 3642 5172 μηδεμίαν
3691 5108 3875 5178 αὐτὴν
3915 5110 4016 5161 διαο

2452 5190 2636 5243 κονίαν
2684 5190 2781 5257 τῆς
2844 5193 3009 5259 μονῆς
3067 5192 3490 5262 ἐγχειρίζεσθαι.
3552 5192 3658 5245 Δύο
3712 5197 3781 5248 τὸ
3842 5198 4014 5251 λοιπὸν

2454 5285 2800 5355 παρέδραμον
2868 5285 2994 5354 ἐτη,
3056 5284 3228 5349 οὕτως
3303 5288 3650 5357 άσκουμένης
3719 5292 4012 5362 ἐγκρατείᾳ

2455 5378 2682 5446 μείζονι,
2747 5376 2841 5429 καὶ
2905 5378 3326 5448 συντονωτέραις
3388 5378 3614 5447 εὐχαῖς·
3681 5378 3791 5433 εἶθ’
3854 5383 4014 5444 οὕτως

2451 5467 2664 5537 αὐχμοῦ
2696 5469 3008 5538 γενομένου,
3041 5469 3134 5521 καὶ
3166 5468 3273 5519 τῶν
3313 5470 3368 5521 ἐν
3395 5470 3473 5539 τῷ
3513 5471 3777 5542 κοινοσιῳ
3808 5475 4013 5527 λάκκων

2451 5558 2571 5610 οὑδέ
2606 5558 2781 5612 νοτίδα
2812 5560 3013 5628 μικρὰν
3044 5557 3234 5619 ὓδατος
3265 5556 3412 5627 ἔχειν
3447 5559 3870 5628 ὑποφαινόντων
3906 5562 4013 5616 ἐπεί

2452 5667 2555 5719 περ
2591 5646 2670 5713 οἷς
2697 5667 2755 5703 τε
2780 5651 2997 5721 ήκουεν,
3025 5644 3105 5713 οἷς
3134 5665 3192 5702 τε
3222 5648 3385 5713 αὐτὸς
3410 5650 3531 5702 ἐὸλε
3546 5667 3643 5703 πεν
3668 5654 3696 5705 ὁ
3729 5656 3831 5722 τῆς
3861 5653 4015 5720 μονῆς

2450 5741 2708 5811 ἀρκτιγδς,
2752 5742 2847 5794 τοῦ
2882 5741 3219 5811 χαρίσματος
3262 5738 3530 5810 ἠξιῶσθαι
3583 5742 3696 5797 τῶν
3743 5746 4010 5813 ἰαμάτων,
