4156 6314
123 397 231 461 685

1060 396 1231 460 VlTA
1275 401 1337 460 S.
1375 398 1805 461 THEODORIE
1844 401 2438 465 ALEXANDRlN/E.

3264 414 3367 478 686

122 508 224 573 τὴν
263 503 538 575 μακαρίαν
577 502 1033 577 πεπὶηροιρόρητο
1059 549 1071 570 ,
1113 509 1536 578 μεταστέλλεται
1568 507 1682 561 ταύι

1800 511 1998 565 certior
2032 511 2204 567 factus
2234 525 2345 568 erat
2380 514 2588 569 beatam
2619 531 2739 572 esse
2788 530 3133 578 consecutam
3165 521 3367 579 donum

121 615 245 666 την,
279 598 370 648 καὶ
396 599 471 669 τῷ
493 598 681 668 λάκκῳ
712 600 771 651 τὸ
796 600 1059 669 κεράμιον
1081 601 1324 653 καθεῖναι
1347 603 1697 669 προστάττει,

122 690 217 739 καὶ
268 686 410 756 ὕδωρ
450 691 779 756 ἀνενεγκεῖν.
830 689 893 743 Ἦ
947 691 1000 742 δὲ
1029 693 1194 743 εἴκειν
1242 689 1489 760 μαθοῦσα
1520 693 1698 759 λόγοις

119 782 375 849 πατέρος,
404 782 571 851 μηδὲν
599 783 1192 854 πολυπραγμονήσασα,
1239 784 1376 853 μηδὲ
1404 785 1699 839 ἀναϐαλλο⁴

123 872 283 939 μένη,
326 873 552 941 πράττει
597 874 656 925 τὸ
687 874 974 927 κελευσθέν
999 891 1013 904 ’
1064 877 1156 927 καὶ
1187 876 1346 938 εὐθὺς
1375 876 1563 939 ὕδατος
1598 895 1691 947 με·

124 963 246 1012 σ;ὸν
285 965 550 1031 ἀνήνεγκε
592 966 653 1016 τὸ
682 966 964 1034 κεράμιον,
1001 967 1057 1032 ἐξ
1093 962 1151 1021 οὗ
1181 967 1277 1023 καὶ
1314 970 1361 1020 οἱ
1408 969 1556 1022 ἄλλοι
1583 970 1687 1022 τῶν

120 1052 341 1106 λάκκων
370 1057 596 1126 πλήρεις
623 1056 807 1119 ὓδατος
825 1057 1196 1129 καθεωρῶντο.

193 1231 288 1287 ιε’.
353 1234 578 1302 Ὀλίγων
631 1236 687 1288 δὲ
735 1236 1122 1305 παρελθουσῶν
1168 1238 1393 1308 ἡμερῶν
1446 1240 1694 1310 ἀραμένη

115 1328 180 1379 τὸ
206 1329 419 1381 παιδίον
452 1330 537 1381 ἐπ’
561 1330 714 1397 ὂψεσι
747 1330 957 1381 πολλῶν
996 1330 1097 1399 ἠδη
1123 1334 1221 1400 τῆς
1258 1332 1492 1400 ἑσπέρας
1524 1348 1691 1384 κατα-

118 1418 414 1483 λαϐούσης,
443 1425 531 1472 καὶ
555 1422 749 1490 ἑαυτὴν
784 1422 1205 1492 ἐγκλεισαμένη,
1239 1416 1325 1475 οἶα
1354 1423 1533 1491 πατὴρ
1557 1423 1693 1490 πρὸς

118 1514 236 1563 υἱον
282 1516 536 1580 γνήσιον,
571 1514 854 1576 νουθεσίας
898 1515 1102 1584 ἤρξατο
1134 1517 1266 1586 πρὸς
1315 1516 1493 1568 αὐτόν.
1526 1516 1693 1568 Τοῦτο

116 1604 176 1655 δὲ
223 1604 378 1670 δῆλον
420 1606 496 1672 τῷ
531 1606 836 1673 προεστῶτι
879 1608 1198 1673 γενόμενον,
1239 1606 1514 1674 ἐκπέμπει
1542 1606 1692 1668 τινὰς

114 1692 226 1743 τῶν
250 1693 489 1760 ἀδελφῶν
512 1695 913 1764 ἀκουσομένους
939 1695 1227 1765 ἀκριϐέστε
1240 1711 1329 1764 ρον
1351 1695 1458 1747 τῶν
1484 1695 1615 1765 πρὸς
1633 1695 1692 1749 τὸ

116 1783 331 1834 παιδίον
366 1786 653 1852 ῥημάτων,
687 1786 735 1837 οἲ
770 1786 861 1838 καὶ
889 1790 955 1856 τῇ
990 1786 1129 1857 θύρᾳ
1166 1789 1263 1854 τὴν
1295 1786 1464 1855 ἀκοὴν
1497 1803 1692 1857 προσε-

118 1874 433 1943 ρείσαντες,
490 1878 581 1927 καὶ
636 1879 727 1929 τὸν
782 1877 905 1929 νοῦν
960 1880 1373 1941 συντείναντες,
1432 1880 1686 1947 ἐμμελῶς
1719 1861 1760 1918 Β

114 1966 397 2035 ἠκροῶντο
445 1967 552 2017 τῶν
594 1968 921 2035 λεγομένων.
972 1968 1209 2019 Τοιαῦτα
1252 1969 1307 2019 δὲ
1342 1965 1429 2037 ἦν,
1476 1969 1511 2021 ἂ
1553 1973 1693 2039 μετά

115 2062 483 2129 προσαγωγῆς
534 2063 877 2130 φιλημάτων,
923 2062 1235 2131 ἐπέσκηπτε
1279 2063 1356 2133 τῷ
1401 2064 1551 2116 παιδί
1579 2081 1592 2093 ·
1635 2066 1690 2117 ’0

112 2155 306 2222 χρόνος
337 2153 436 2222 ἤδη
469 2154 567 2224 τῆς
600 2156 737 2224 ἐμῆς
767 2155 910 2224 ζωῆς
933 2195 947 2221 ,
980 2156 1062 2206 υἱέ
1112 2172 1210 2224 μου
1263 2154 1482 2222 φίλτατε
1503 2193 1519 2219 ,
1553 2156 1688 2223 πρὲις

113 2244 291 2314 πέρας
316 2247 444 2316 ὁρᾷ,
482 2247 571 2299 καὶ
603 2249 738 2316 πρὸς
769 2249 857 2300 τὸν
878 2248 1054 2299 ἐκεῖσε
1078 2247 1261 2299 λοιπον
1291 2247 1464 2301 αἰῶνα
1493 2250 1688 2318 χωρεῖν

113 2340 536 2405 κατεπείγομαι.
575 2338 714 2405 Ἐγὼ
742 2339 796 2390 δέ
827 2356 883 2391 σε
914 2340 989 2409 τῷ
1014 2341 1180 2411 πατρὶ
1203 2341 1310 2393 τῶν
1331 2341 1575 2411 ὀρφανῶν
1598 2342 1690 2395 καὶ

110 2428 235 2495 Θεῷ
287 2428 631 2496 παρατίθημι
670 2432 762 2480 καὶ
798 2430 875 2499 τῷ
927 2434 1099 2501 κυρίῳ
1154 2435 1353 2504 ταύτης
1393 2434 1548 2503 ἡμῶν
1589 2434 1689 2503 τῆς

112 2519 282 2588 μονῆς
312 2533 322 2545 ·
358 2519 496 2582 ’ἐξεις
524 2519 578 2571 δὲ
612 2520 705 2571 καὶ
746 2520 991 2589 ἀδελφῶν
1024 2523 1265 2574 διάθεσιν
1294 2525 1686 2592 ἁποσὼζοντάς

108 2628 195 2662 σοι
225 2611 664 2681 τοῦςμοναχοῦς.
698 2613 762 2663 Τί
790 2612 904 2675 οῦν,
933 2613 1212 2679 εὐγένειαν
1238 2614 1376 2683 τάχα
1399 2615 1679 2685 ζητήσειςς

117 2698 185 2753 Ἥ
211 2702 267 2754 δὲ
313 2705 387 2771 μὴ
419 2705 639 2756 ἄλλοθεν
682 2705 1006 2774 γνωρίσεταί
1044 2722 1145 2769 σοι,
1196 2705 1371 2774 ἢὸθεν
1410 2708 1442 2775 ἡ
1481 2706 1685 2776 ἀληθὴς

106 2794 363 2862 εὐγένεια
386 2796 793 2863 καταφαίνεται.
820 2797 910 2865 Μὴ
932 2798 1065 2864 πρὸς
1098 2797 1260 2867 τιμὴν
1292 2797 1487 2870 ἀπίδῃς
1514 2800 1611 2868 τὴν
1631 2797 1687 2862 ἐξ

104 2887 448 2956 ἀνθρώπων·
486 2889 606 2939 οὐδὲ
652 2892 758 2957 γὰρ
804 2889 938 2959 αὕτη
976 2892 1279 2959 μακαρίους
1313 2887 1418 2943 οἶδε
1442 2892 1567 2953 τοὺς
1602 2908 1681 2942 τι-

109 2980 400 3047 μωμένους
437 2981 637 3030 ποιεῖν’
672 2980 770 3031 οὐκ
798 2984 1010 3047 ἀγνοεῖς
1044 2982 1150 3049 γάρ
1183 2983 1264 3032 ὅτι
1288 2981 1378 3033 τοῦ
1413 2983 1468 3033 ἐν
1500 2980 1684 3050 Κυρίῳ

110 3070 468 3139 μακαρισμοῦ
521 3073 569 3122 οἱ
624 3072 681 3124 τι
734 3074 790 3137 ἐξ
838 3072 1137 3141 ἀνθρώπιον
1187 3073 1385 3132 ὄνειδος
1441 3074 1534 3123 καὶ
1584 3072 1680 3142 τὴν

1803 604 2213 669 miraculorum,
2244 621 2362 659 eam
2399 608 2649 673 accersit,
2682 619 2735 664 et
2771 611 2823 665 in
2876 618 3168 669 cisternam
3215 617 3369 686 jubet

1801 691 2087 748 demittere
2123 697 2464 762 ampltoram,
2519 708 2573 752 et
2621 700 2838 755 haurire
2875 718 3087 776 aquam.
3126 705 3216 759 Illa
3267 722 3368 761 au-

1803 792 1933 846 tem,
1987 803 2107 855 quae
2166 788 2431 843 didicerat
2487 792 2679 846 cedere
2742 795 2923 849 verbis
2979 797 3169 861 Patris,
3229 799 3365 851 nihil

1799 875 2018 928 curiose
2068 878 2372 944 inquirens.
2429 895 2528 933 nec
2569 879 2847 946 differens,
2900 884 3028 937 facit
3068 886 3209 953 quod
3247 886 3365 939 fuc-

1798 974 1883 1019 rat
1943 966 2290 1034 imperatum,
2344 979 2398 1022 et
2444 972 2690 1037 protinus
2742 987 2881 1040 aqua
2921 975 3135 1042 plenam
3172 976 3365 1029 extulit

1798 1057 2135 1126 amphoram.
2178 1059 2295 1123 Qua
2335 1078 2398 1114 ex
2438 1077 2493 1115 re
2520 1063 2637 1115 aliae
2668 1079 2881 1133 quoque
2936 1067 3195 1120 cisterna:
3229 1082 3360 1121 con-

1798 1164 1997 1219 specta:
2032 1162 2158 1205 sunt
2189 1168 2324 1223 aqua
2356 1155 2546 1223 plenae.

1872 1243 2031 1299 XVII.
2068 1245 2203 1300 Cum
2263 1248 2415 1315 pauci
2474 1259 2656 1301 autem
2700 1250 2817 1303 dies
2863 1250 3269 1318 praeteriissent,
3301 1268 3362 1305 ea

1799 1337 1996 1391 tollens
2027 1338 2289 1392 infantem
2332 1340 2385 1393 in
2430 1350 2726 1409 conspectu
2762 1344 3060 1397 multorum
3099 1361 3221 1399 cum
3249 1346 3363 1415 jam

1797 1439 1941 1482 esset
1992 1444 2239 1499 vespera,
2278 1441 2333 1486 et
2382 1434 2612 1503 seipsam
2668 1433 2972 1497 includens,
3030 1438 3195 1505 cmpit
3240 1454 3362 1491 eum

1796 1519 2072 1573 adhortari
2108 1536 2214 1575 non
2273 1536 2454 1584 secus,
2510 1539 2573 1577 ac
2621 1533 2771 1593 pater
2812 1540 3129 1594 germanum
3171 1526 3360 1580 ﬁlium.

1798 1609 1911 1665 Hoc
1952 1626 2072 1665 cum
2123 1612 2435 1666 rescivisset
2494 1615 2783 1682 praefectus
2818 1617 3154 1683 monasterii,
3203 1619 3364 1672 mittit

1796 1704 2057 1772 quosdam
2098 1720 2161 1757 ex
2197 1704 2459 1758 fratribus
2493 1708 2803 1768 accura_tius
2838 1708 3122 1761 audituros
3174 1710 3360 1768 verba.

1798 1808 1916 1861 qua:
1946 1795 2154 1848 diceret
2192 1810 2380 1863 puero.
2422 1793 2523 1858 Qui
2566 1811 2688 1848 cum
2740 1811 2926 1849 aurem
2983 1799 3122 1851 nstio
3176 1800 3363 1852 admo-

1794 1887 2019 1949 vissent,
2075 1896 2130 1941 et
2191 1898 2428 1941 mentem
2491 1868 2793 1957 diligenter.
2830 1890 3225 1957 adhibuissent,
3266 1908 3363 1945 au-

1795 1980 2017 2033 diebant
2073 1995 2134 2032 ea
2194 1996 2315 2048 quae
2369 1980 2705 2037 dicebantur.
2766 1981 2890 2037 lla'c
2943 1993 3124 2037 autem
3186 1994 3362 2048 erant,

1794 2088 1911 2140 quae
1945 2088 2113 2140 puero
2144 2073 2511 2140 praecipiebat,
2554 2089 2677 2125 eum
2721 2070 3041 2127 deosculans
3074 2093 3084 2127 :
3121 2075 3362 2144 Tempus

1794 2166 1916 2215 vitae
1973 2177 2124 2224 meai,
2188 2163 2258 2214 tili
2317 2163 2390 2215 mi
2447 2163 2787 2225 charissime,
2841 2165 2951 2234 jam
3030 2173 3238 2234 spectat
3294 2167 3360 2220 ad

1793 2254 1976 2316 linem,
2017 2253 2161 2307 etde
2192 2262 2389 2306 cretero
2440 2252 2639 2307 festino
2671 2256 2746 2308 ire
2780 2256 2844 2309 ad
2898 2258 3177 2320 smt-ulum,
3218 2259 3361 2326 quod

1792 2343 1901 2401 illic
1950 2356 2053 2399 est.
2094 2343 2205 2413 Ego
2246 2350 2427 2398 autem
2484 2354 2534 2398 te
2569 2346 2701 2413 patri
2741 2350 3131 2415 orphanorum,
3163 2358 3216 2403 et
3252 2349 3362 2405 Deo

1795 2436 2142 2499 commendo,
2200 2443 2252 2488 et
2288 2434 2509 2487 domino
2566 2436 2724 2503 hujus
2810 2437 2983 2490 nostri
3020 2441 3357 2493 monasterii.

1792 2526 2029 2584 Habebis
2068 2537 2249 2581 autem
2308 2527 2607 2580 monachos
2655 2542 2869 2595 quoque
2922 2528 3014 2596 qui
3069 2528 3121 2582 in
3155 2540 3205 2583 te
3244 2544 3359 2583 ser-

1787 2619 1997 2672 vabunt
2048 2619 2277 2670 fratrum
2336 2618 2698 2670 adactionem.
2737 2620 2876 2682 Quid
2929 2621 3104 2687 ergo?
3139 2620 3361 2685 Quaeres

1787 2713 2021 2765 fortasse
2074 2711 2454 2764 nobilitatem?
2486 2710 2573 2764 Illa
2615 2720 2794 2763 autem
2832 2726 2939 2764 non
2989 2712 3206 2767 aliunde
3263 2714 3358 2766 tibi

1788 2814 2164 2872 cognoscatur,
2191 2818 2352 2873 quam
2398 2803 2539 2856 unde
2563 2816 2687 2855 vera
2726 2814 2948 2872 apparet
2973 2804 3246 2858 nobilitas.
3285 2805 3363 2859 Ne

1788 2897 2065 2965 aspexeris
2091 2898 2156 2950 ad
2186 2898 2442 2950 honorem
2469 2897 2764 2949 hominum.
2796 2896 2979 2963 Neque
3004 2898 3144 2948 enim
3174 2898 3217 2950 is
3241 2913 3360 2963 eos,

1788 2989 1879 3057 qui
1917 2991 2467 3057 bonorantur,potest
2500 2987 2687 3041 beatos
2735 2984 2967 3042 efficere.
3022 2984 3127 3041 Sed
3181 3003 3356 3058 neque

1788 3074 2145 3141 ignoraveris,
2189 3077 2335 3143 quod
2380 3091 2496 3129 eam
2539 3091 2659 3143 qua:
2710 3086 2793 3130 est
2832 3078 2884 3129 in
2918 3072 3169 3137 Domino,
3224 3078 3358 3132 bea-

103 3162 338 3230 ἀτιμίαν
386 3165 477 3214 καὶ
520 3163 587 3215 τά
629 3164 837 3232 ψευδῶς
880 3165 1058 3217 αὐτῶν
1115 3163 1679 3232 καταμαρτυροῦμενα

1795 3166 2078 3218 titudinem
2116 3166 2189 3218 illi
2255 3166 2424 3233 magis
2459 3174 2893 3233 consequuntur,
2943 3168 3031 3234 qui
3072 3169 3351 3224 hominum

104 3255 389 3324 φέροντες,
424 3259 621 3309 ἐκεῖνοι
657 3258 853 3327 μᾶλλον
883 3260 1018 3309 εἰσιν
1051 3257 1099 3309 οἱ
1124 3258 1500 3325 τυγχάνοντες.
1532 3259 1592 3309 Ι·Ζί
1621 3259 1677 3310 δέ

102 3363 192 3408 τις
236 3348 496 3417 ἐπιθυμία
534 3350 687 3420 φέρει
726 3365 784 3399 σε
818 3348 948 3417 πρὸς
987 3345 1163 3410 τοῦτο,
1187 3348 1245 3399 τὸ
1273 3350 1438 3417 τιμῆς
1463 3350 1680 3410 πάντως

103 3438 413 3505 ἀξιοῦσθαι,
440 3442 498 3491 τὸ
520 3443 683 3510 τιμᾷν
716 3441 924 3506 πρῶτος
965 3440 1275 3508 ἀγάπησον,
1319 3438 1484 3491 ’ὑπνον
1518 3439 1679 3509 μίση-

105 3549 224 3585 σον.
264 3532 333 3583 Τὸ
376 3533 606 3599 σκληρὸν
634 3532 878 3597 ἄσπασαι
907 3534 1005 3599 τῆς
1043 3532 1274 3597 διαίτης,
1320 3531 1393 3598 τῷ
1453 3530 1679 3599 μαλακῴ

103 3622 375 3686 ἀπὸταξαι
406 3624 495 3675 τοῦ
524 3624 839 3693 ἐνδύματος,
877 3623 981 3674 τῶν
1013 3621 1257 3691 συνήθων
1306 3621 1495 3691 εὐχῶν
1515 3625 1677 3692 μηδέ·

102 3731 244 3769 ,ποτε
274 3714 742 3791 κατολιγωρήσῃς,
787 3716 917 3786 μηδὲ
948 3714 1053 3768 τῶν
1084 3716 1193 3777 τοῖς
1213 3713 1462 3783 ἀδελφοῖς
1486 3716 1677 3767 ἀποτε-

103 3808 361 3874 ταμένων
413 3809 715 3872 συνάξεωνο
754 3808 947 3877 ὄρθρου
982 3807 1123 3875 φημὶ
1163 3809 1254 3858 καὶ
1289 3807 1475 3875 τρίτης
1504 3806 1668 3872 ἕκτης

104 3916 169 3950 τε
204 3900 297 3951 καὶ
322 3899 517 3969 ἐνάτης
535 3940 548 3962 ,
580 3900 671 3951 καὶ
692 3899 798 3949 τῶν
830 3898 1127 3966 ἐσπερινῶν
1145 3912 1158 3924 ·
1188 3896 1322 3947 ἀλλά
1356 3897 1447 3947 καὶ
1471 3896 1676 3966 τροφῆς

108 3991 545 4061 μεταλαμϐάνων
580 3988 845 4059 μνήσθητι
886 3992 975 4039 καὶ
1004 3988 1189 4059 ἐτέρου
1224 3988 1544 4053 πεινῶντος,
1579 3991 1677 4042 καὶ

100 4082 285 4146 τούτῳ
330 4083 390 4133 τὸ
440 4082 520 4133 σοὶ
573 4081 890 4151 περιττεῦον
943 4080 1294 4151 θησαύρισον.
1354 4082 1675 4151 Ἀλλοτρίων

101 4174 372 4242 ἀπόσχου,
406 4174 729 4242 κατηγορεῖν
755 4170 1005 4240 ἀδελφοῦ,
1033 4172 1168 4241 μηδέ
1198 4173 1337 4225 κατὰ
1360 4172 1481 4225 νοῦν
1506 4174 1673 4244 λάϐῃς

101 4265 278 4316 ποτέ·
357 4266 744 4333 ἐρωτώμενος,
810 4265 980 4315 νεύων
1046 4266 1124 4326 είς
1184 4265 1285 4332 γῆν
1355 4266 1668 4331 ἀπόκριναι.

100 4358 319 4423 Πτῶμα
342 4358 415 4425 μὴ
444 4358 677 4426 γελάσῃς
705 4356 914 4424 ἐτέρου,
941 4356 1227 4426 θρήνησον,
1269 4356 1354 4408 ἵνα
1392 4356 1671 4425 sapa-AM-

102 4449 209 4516 θῇς
236 4463 250 4477 ο
284 4449 467 4511 κακῶς
495 4445 743 4517 βιοῦντας
774 4448 986 4500 ἀκούων
1016 4450 1165 4510 τινὰς
1197 4447 1336 4518 ὑπὲρ
1372 4448 1548 4500 αὐτῶν
1576 4446 1667 4498 εὖ·

1790 3259 1971 3311 ferunt
2033 3258 2225 3327 probra
2256 3266 2310 3311 et
2367 3257 2746 3319 contumelias,
2795 3265 2850 3311 ct
2906 3256 3060 3320 falsa,
3122 3274 3240 3327 qum
3300 3259 3356 3311 in

1788 3351 1935 3418 ipsos
1994 3350 2270 3413 feruntur,
2349 3350 2675 3403 testimonia.
2733 3349 2786 3402 Si
2861 3350 3097 3403 tenearis
3176 3361 3355 3402 autem

1788 3441 1969 3508 aliquo
1998 3440 2271 3494 desiderio
2302 3441 2527 3492 omnino
2567 3440 2894 3507 assequendi
2950 3440 3193 3503 honoris,
3238 3440 3355 3508 ipso

1789 3532 2022 3599 primum
2080 3530 2241 3601 dilige
2294 3530 2557 3583 honorem
2606 3528 2885 3583 exhibere.
2928 3529 3188 3582 Somnum
3228 3530 3355 3584 odio

1787 3620 1948 3675 habe.
1993 3622 2189 3676 Duram
2238 3633 2292 3677 et
2354 3634 2595 3692 asperam
2649 3622 2864 3675 vivendi
2921 3622 3183 3675 rationem
3238 3637 3355 3675 am-

1785 3714 2045 3785 plectere.
2084 3714 2354 3768 [lenuntia
2411 3715 2665 3767 mollibus
2698 3713 3051 3765 vestimentis.
3108 3714 3351 3767 Consue-

1791 3817 1876 3859 tas
1934 3820 2122 3875 preces
2204 3820 2479 3873 nunquam
2551 3805 2872 3871 neglexeris,
2932 3820 3109 3876 neque
3170 3805 3351 3865 horas,

1783 3912 1903 3966 qua:
1956 3907 2082 3951 sunt
2130 3897 2439 3950 constituta:
2482 3892 2739 3948 fratribus
2775 3895 2837 3947 ad
2882 3896 3348 3955 conveniendum,

1784 3991 2077 4054 Matutinae,
2116 3991 2355 4058 inquam,
2412 3989 2625 4049 Tertiae,
2684 3986 2880 4049 Sexta),
2936 3998 2989 4041 et
3049 3984 3233 4047 Nonae,
3298 3998 3351 4042 et

1786 4081 2171 4151 Vesper-arum.
2210 4082 2435 4135 Abstine
2470 4080 2537 4133 ab
2588 4080 2801 4134 alienis.
2853 4082 3122 4133 Accusare
3159 4078 3352 4132 fratres

1782 4189 1851 4228 ne
1904 4174 1994 4227 tibi
2034 4176 2254 4241 quidem
2304 4172 2487 4227 veniat
2545 4172 2598 4226 in
2664 4182 2921 4225 mentem.
2983 4171 3350 4239 Interrogatus

1781 4268 2071 4335 responde,
2129 4266 2421 4333 reSpiciens
2492 4264 2546 4316 iu
2605 4274 2825 4316 terram.
2884 4262 3123 4317 Alterius
3166 4276 3347 4315 casum

1783 4371 1851 4410 ne
1893 4355 2147 4410 lrriseris.
2186 4353 2354 4425 Luge,
2388 4362 2448 4408 ut
2497 4354 2929 4409 consolationem
2968 4353 3344 4423 consequaris.

1780 4450 2004 4519 Aliqnas
2057 4449 2285 4503 audiens
2322 4449 2462 4503 male
2517 4449 2783 4509 viventes,
2844 4460 2910 4500 ne
2966 4446 3203 4514 negligas
3256 4456 3351 4513 pro

100 4538 301 4605 χεσθαι
330 4539 403 4607 μὴ
427 4539 616 4605 ἀμέλει
681 4539 740 4589 τὸ
771 4540 907 4606 πρὸς
939 4538 1296 4600 ἀσθενοῦντας
1328 4540 1567 4602 ἀπιέναι,
1601 4539 1674 4609 μὴ

1788 4542 1859 4596 eis
1901 4541 2132 4610 precari.
2187 4535 2268 4595 Ire
2301 4541 2367 4593 ad
2402 4556 2517 4604 eos,
2550 4541 2641 4609 qui
2700 4549 2827 4593 sunt
2877 4537 3099 4600 infirmi,
3154 4551 3223 4589 ne
3264 4552 3348 4591 re-

101 4627 413 4700 παραιτοῦ,
438 4629 549 4679 καὶ
600 4628 888 4679 συνελόντα
932 4628 1133 4695 φάναι,
1173 4630 1379 4695 ,παντὸς
1412 4629 1673 4684 ἐκκλίνων

100 4717 306 4781 κακοῦ,
344 4720 544 4789 ἀρετῆς
576 4718 755 4789 πάσης
788 4718 1165 4790 ἀντιποιηθητι
1192 4734 1205 4747 ”
1239 4719 1525 4771 δούλευσον
1562 4722 1674 4782 τοῖς

104 4811 363 4879 ἀδελφοῖς
399 4811 471 4873 ὡς
504 4811 791 4874 δεσπόταις
835 4812 920 4864 ῖνα
953 4810 1190 4880 Χριστοῦ
1237 4811 1385 4879 φίλος
1419 4812 1550 4881 γένῃ
1584 4812 1671 4863 τοῦ

101 4904 197 4957 διά
247 4903 305 4957 οδ
343 4904 555 4973 μορφὴν
597 4904 783 4955 δούλου
815 4903 1199 4973 ἐνδυσαμένου.
1246 4902 1389 4973 eam
1420 4903 1556 4955 ἔστω
1592 4918 1673 4955 σοι

102 4996 384 5066 διηνεκὴς,
412 4997 703 5067 πειρασμῴ
735 4995 809 5066 μὴ
840 5000 1157 5066 περιπεσεῖν
1182 5012 1195 5026 '
1227 4999 1275 5049 ei
1302 4998 1356 5050 δὲ
1392 5000 1484 5050 καὶ
1516 5014 1672 5066 περι-

102 5090 322 5152 πέσοις,
373 5089 634 5157 γενναίως
686 5088 989 5159 ἀντίστηθι,
1038 5092 1130 5142 καὶ
1179 5090 1341 5144 πάλιν
1397 5090 1537 5143 ῶστε
1601 5089 1675 5158 μὴ

99 5181 315 5235 ἁλῶναι
360 5180 681 5251 προσεύχου.
739 5180 926 5245 Οὕτως
978 5180 1255 5249 βιοτεύων,
1287 5182 1560 5249 ἀγαπητέ,
1611 5181 1671 5231 οῦ

106 5274 334 5344 μακρὰν
391 5275 531 5338 ἕξεις
584 5275 675 5325 τὸν
728 5273 1049 5343 βοηθοῦντα,
1110 5275 1201 5326 καὶ
1273 5272 1535 5343 ὀρέγοντα
1592 5288 1672 5324 σοι

101 5367 503 5438 πολεμουμένῳ
570 5368 668 5440 τὴν
730 5367 931 5435 δεξιάν.
983 5368 1222 5421 Τοιαῦτα
1282 5367 1664 5438 παραινέσασα

99 5457 188 5526 τῷ
238 5460 387 5512 παιδὶ⁵
432 5461 548 5521 ταῖς
602 5463 786 5530 χερσὶν
833 5459 1001 5531 ἡδέως
1047 5459 1108 5511 τὸ
1147 5459 1361 5528 πνεῦμα
1409 5456 1674 5525 παρέθετο

98 5548 201 5604 τοῦ
238 5549 393 5606 Θεοῦ.

181 5644 289 5696 IH'.
324 5645 432 5699 Καὶ
462 5647 519 5700 τδ
553 5646 651 5716 μὲν
681 5647 891 5699 παιδίον
940 5646 1159 5716 θρήνοις
1186 5641 1529 5716 παραχρῆμα
1554 5642 1677 5696 ἐκό-

100 5755 297 5802 πτετο,
340 5740 432 5790 καὶ
466 5741 494 5790 ὀ
535 5738 775 5801 οίκίσκος
821 5737 946 5809 βοῆς
1011 5738 1311 5810 ἐπληροῦτο
1337 5750 1350 5764 ·
1404 5738 1472 5789 τὰ
1511 5738 1675 5789 ἀκου-

96 5833 299 5888 σθέντα
347 5830 401 5884 δέ
449 5830 607 5895 εὐθὺς
657 5833 704 5886 oi
756 5834 891 5903 πρὸς
946 5830 1098 5883 τοῦτο
1152 5826 1518 5897 πεμφθέντες,
1575 5828 1651 5896 τῷ

1778 4650 1955 4691 cuses.
1989 4632 2055 4687 Et
2088 4644 2144 4687 ut
2176 4633 2341 4687 semel
2377 4634 2573 4691 diram,
2612 4645 2775 4684 omne
2813 4630 3010 4679 malum
3046 4627 3347 4685 declinans.

1775 4727 1989 4781 vindica
2049 4726 2145 4780 tibi
2204 4728 2502 4778 virtutem:
2552 4724 2696 4776 servi
2753 4719 3029 4779 fratribus,
3091 4726 3347 4787 tanquam

1775 4814 2029 4877 dominis,
2073 4821 2133 4866 ut
2190 4814 2387 4867 evadas
2446 4812 2650 4867 Christi
2708 4813 2937 4872 amicus.
3006 4812 3096 4878 qui
3149 4825 3243 4877 pro
3299 4818 3347 4863 te

1776 4903 1915 4956 servi
1972 4903 2199 4957 formam
2247 4902 2446 4955 induit.
2482 4902 2715 4955 Assidue
2759 4915 3001 4969 precare,
3039 4914 3106 4951 ne
3144 4902 3347 4951 incidas

1779 4994 1833 5047 in
1894 4995 2270 5047 tentationem.
2355 4992 2517 5057 Quod
2577 4992 2621 5046 si
2684 4992 2959 5053 incideris,
3018 4992 3067 5044 ei
3139 4990 3350 5044 fortiter

1777 5086 2008 5147 resiste;
2057 5094 2112 5139 et
2171 5100 2362 5139 rursus
2401 5099 2644 5153 precare,
2685 5098 2753 5137 ne
2811 5083 3104 5151 superet-is.
3164 5080 3219 5134 Si
3272 5085 3348 5134 sic

1778 5179 1950 5241 vivas,
1984 5192 2017 5229 ο
2056 5177 2274 5240 dilecte,
2312 5190 2422 5230 non
2466 5175 2653 5245 procul
2685 5174 2883 5237 aberit,
2920 5173 3010 5243 qui
3044 5174 3137 5225 tibi
3188 5186 3345 5240 Opem

1779 5270 1937 5334 ferat,
1996 5278 2049 5323 et
2081 5269 2171 5338 qui
2227 5265 2366 5322 bello
2438 5267 2678 5336 appetito
2740 5266 2834 5320 tibi
2864 5266 2934 5318 sit
2994 5273 3346 5335 porrecturus

1780 5363 2083 5416 dexteram.
2128 5359 2262 5415 Cum
2322 5362 2437 5416 haec
2467 5362 2728 5414 suasisset
2762 5372 2953 5430 puero,
3006 5359 3245 5427 jucunde
3293 5358 3345 5411 in

1780 5454 1871 5509 Dei
1913 5468 2103 5507 manus
2139 5454 2359 5508 tradidit
2392 5452 2663 5523 spiritum.

1852 5642 2030 5700 XVIII.
2071 5645 2139 5700 Et
2179 5660 2313 5715 puer
2344 5646 2561 5716 quidem
2599 5645 2781 5701 statim
2812 5644 3053 5715 lugebat,
3097 5655 3154 5700 et
3194 5646 3339 5716 plan~

1781 5737 1959 5806 gebat,
1997 5746 2052 5790 et
2072 5736 2459 5792 vociferatione
2494 5736 2650 5807 plena
2685 5745 2799 5790 erat
2834 5737 3182 5790 domuncula.
3217 5736 3343 5799 Qua

1778 5830 2068 5890 audierant
2124 5842 2305 5886 autem
2366 5831 2399 5885 li
2459 5833 2551 5901 qui
2602 5829 2665 5883 ad
2730 5830 2831 5884 hoc
2905 5830 3056 5886 missi
3108 5829 3339 5889 fuerant.
