  <div class='ocr_page' id='page_1' title='image "/cluster/home/n/w/nwhite01/storage/ocr_20150623/115/pst.000005714285/420.png"; bbox 0 0 4156 6314; ppageno 0'>
   <div class='ocr_carea' id='block_1_1' title="bbox 154 380 260 444">
    <p class='ocr_par' dir='ltr' id='par_1_1' title="bbox 154 380 260 444">
     <span class='ocr_line' id='line_1_1' title="bbox 154 380 260 444; baseline -0.019 0"><span class='ocrx_word' id='word_1_1' title='bbox 154 380 260 444; x_wconf 82' lang='lat'><strong>689</strong></span> 
     </span>
    </p>
   </div>
   <div class='ocr_carea' id='block_1_2' title="bbox 1065 370 2454 440">
    <p class='ocr_par' dir='ltr' id='par_1_2' title="bbox 1065 370 2454 440">
     <span class='ocr_line' id='line_1_2' title="bbox 1065 370 2454 440; baseline -0.005 0"><span class='ocrx_word' id='word_1_2' title='bbox 1065 378 1238 440; x_wconf 83' lang='grc' dir='ltr'>νιΤΑ</span> <span class='ocrx_word' id='word_1_3' title='bbox 1275 376 1333 440; x_wconf 92' lang='lat' dir='ltr'><strong>S.</strong></span> <span class='ocrx_word' id='word_1_4' title='bbox 1376 370 1812 436; x_wconf 60' lang='lat' dir='ltr'><strong>THEODORA‘Z</strong></span> <span class='ocrx_word' id='word_1_5' title='bbox 1853 372 2454 437; x_wconf 67' lang='lat' dir='ltr'><strong>ALEXANDRINAS.</strong></span> 
     </span>
    </p>
   </div>
   <div class='ocr_carea' id='block_1_3' title="bbox 3271 382 3380 446">
    <p class='ocr_par' dir='ltr' id='par_1_3' title="bbox 3271 382 3380 446">
     <span class='ocr_line' id='line_1_3' title="bbox 3271 382 3380 446; baseline -0.018 0"><span class='ocrx_word' id='word_1_6' title='bbox 3271 382 3380 446; x_wconf 71' lang='lat'><strong>690</strong></span> 
     </span>
    </p>
   </div>
   <div class='ocr_carea' id='block_1_4' title="bbox 157 483 1727 563">
    <p class='ocr_par' dir='ltr' id='par_1_4' title="bbox 157 483 1713 562">
     <span class='ocr_line' id='line_1_4' title="bbox 157 483 1713 562; baseline -0.007 -15"><span class='ocrx_word' id='word_1_7' title='bbox 157 493 489 562; x_wconf 78' lang='grc' dir='ltr'>θεαοὰμενος</span> <span class='ocrx_word' id='word_1_8' title='bbox 521 490 615 544; x_wconf 73' lang='grc' dir='ltr'>νῦν</span> <span class='ocrx_word' id='word_1_9' title='bbox 649 490 742 544; x_wconf 79' lang='grc' dir='ltr'><strong>τδν</strong></span> <span class='ocrx_word' id='word_1_10' title='bbox 801 489 914 562; x_wconf 79' lang='grc' dir='ltr'>βίον</span> <span class='ocrx_word' id='word_1_11' title='bbox 973 489 1333 542; x_wconf 73' lang='grc' dir='ltr'>ὶκλείπούσαν</span> <span class='ocrx_word' id='word_1_12' title='bbox 1397 483 1713 554; x_wconf 78' lang='grc' dir='ltr'>ἀναμαθὼν,</span> 
     </span>
    </p>
   </div>
   <div class='ocr_carea' id='block_1_5' title="bbox 1832 483 3374 563">
    <p class='ocr_par' dir='ltr' id='par_1_5' title="bbox 1832 486 3374 563">
     <span class='ocr_line' id='line_1_5' title="bbox 1832 486 3374 563; baseline 0.007 -26"><span class='ocrx_word' id='word_1_13' title='bbox 1832 486 2103 554; x_wconf 77' lang='lat' dir='ltr'><strong>respondit</strong></span> <span class='ocrx_word' id='word_1_14' title='bbox 2132 506 2144 540; x_wconf 94' lang='lat'><em>:</em></span> <span class='ocrx_word' id='word_1_15' title='bbox 2177 487 2309 542; x_wconf 87' lang='lat' dir='ltr'><strong>Cum</strong></span> <span class='ocrx_word' id='word_1_16' title='bbox 2345 502 2520 542; x_wconf 84' lang='lat' dir='ltr'><strong>meam</strong></span> <span class='ocrx_word' id='word_1_17' title='bbox 2552 503 2776 544; x_wconf 68' lang='lat' dir='ltr'><strong>uxorem</strong></span> <span class='ocrx_word' id='word_1_18' title='bbox 2814 489 2972 560; x_wconf 75' lang='lat' dir='ltr'><strong>longo</strong></span> <span class='ocrx_word' id='word_1_19' title='bbox 2993 500 3234 563; x_wconf 87' lang='lat' dir='ltr'><strong>tempore</strong></span> <span class='ocrx_word' id='word_1_20' title='bbox 3269 508 3374 548; x_wconf 84' lang='lat' dir='ltr'><strong>non</strong></span> 
     </span>
    </p>
   </div>
   <div class='ocr_carea' id='block_1_6' title="bbox 158 579 1722 652">
    <p class='ocr_par' dir='ltr' id='par_1_6' title="bbox 158 579 1722 652">
     <span class='ocr_line' id='line_1_6' title="bbox 158 579 1722 652; baseline -0.005 -14"><span class='ocrx_word' id='word_1_21' title='bbox 158 587 350 652; x_wconf 74' lang='grc' dir='ltr'>ἄπειμι</span> <span class='ocrx_word' id='word_1_22' title='bbox 403 585 471 636; x_wconf 78' lang='grc' dir='ltr'>τὰ</span> <span class='ocrx_word' id='word_1_23' title='bbox 505 583 793 639; x_wconf 82' lang='grc' dir='ltr'>τελευταῖα</span> <span class='ocrx_word' id='word_1_24' title='bbox 847 581 1098 652; x_wconf 77' lang='grc' dir='ltr'><strong>δακρύων</strong></span> <span class='ocrx_word' id='word_1_25' title='bbox 1127 581 1320 650; x_wconf 76' lang='grc' dir='ltr'>αὑτήν.</span> <span class='ocrx_word' id='word_1_26' title='bbox 1361 579 1722 641; x_wconf 75' lang='grc' dir='ltr'>Ἀναϐιὸάσας</span> 
     </span>
    </p>
   </div>
   <div class='ocr_carea' id='block_1_7' title="bbox 155 671 1718 742">
    <p class='ocr_par' dir='ltr' id='par_1_7' title="bbox 155 671 1718 742">
     <span class='ocr_line' id='line_1_7' title="bbox 155 671 1718 742; baseline -0.002 -16"><span class='ocrx_word' id='word_1_27' title='bbox 155 676 330 728; x_wconf 79' lang='grc' dir='ltr'>τοίνυν</span> <span class='ocrx_word' id='word_1_28' title='bbox 358 677 447 728; x_wconf 74' lang='grc' dir='ltr'>ἐπὶ</span> <span class='ocrx_word' id='word_1_29' title='bbox 476 675 566 727; x_wconf 82' lang='grc' dir='ltr'><strong>τὸν</strong></span> <span class='ocrx_word' id='word_1_30' title='bbox 621 674 786 727; x_wconf 83' lang='grc' dir='ltr'><strong>ἵππον</strong></span> <span class='ocrx_word' id='word_1_31' title='bbox 822 674 1004 737; x_wconf 68' lang='grc' dir='ltr'>αὒτδν,</span> <span class='ocrx_word' id='word_1_32' title='bbox 1040 675 1118 735; x_wconf 80' lang='grc' dir='ltr'><strong>είς</strong></span> <span class='ocrx_word' id='word_1_33' title='bbox 1149 671 1246 742; x_wconf 79' lang='grc' dir='ltr'>τὴν</span> <span class='ocrx_word' id='word_1_34' title='bbox 1302 671 1472 741; x_wconf 71' lang='grc' dir='ltr'>μονὴν</span> <span class='ocrx_word' id='word_1_35' title='bbox 1511 672 1718 740; x_wconf 64' lang='grc' dir='ltr'>ἤγαγεν</span> 
     </span>
    </p>
   </div>
   <div class='ocr_carea' id='block_1_8' title="bbox 155 758 1717 840">
    <p class='ocr_par' dir='ltr' id='par_1_8' title="bbox 155 758 1717 840">
     <span class='ocr_line' id='line_1_8' title="bbox 155 758 1717 840; baseline -0.003 -22"><span class='ocrx_word' id='word_1_36' title='bbox 155 769 214 818; x_wconf 84' lang='grc' dir='ltr'>ὲν</span> <span class='ocrx_word' id='word_1_37' title='bbox 306 767 365 820; x_wconf 77' lang='grc' dir='ltr'>τὸ</span> <span class='ocrx_word' id='word_1_38' title='bbox 395 768 536 820; x_wconf 78' lang='grc' dir='ltr'>θετον</span> <span class='ocrx_word' id='word_1_39' title='bbox 605 768 803 835; x_wconf 80' lang='grc' dir='ltr'>σκῆνος</span> <span class='ocrx_word' id='word_1_40' title='bbox 856 766 1160 836; x_wconf 72' lang='grc' dir='ltr'>προέκειτο,</span> <span class='ocrx_word' id='word_1_41' title='bbox 1208 758 1250 831; x_wconf 79' lang='grc' dir='ltr'>ᾧ</span> <span class='ocrx_word' id='word_1_42' title='bbox 1276 766 1370 818; x_wconf 71' lang='grc' dir='ltr'><strong>καὶ</strong></span> <span class='ocrx_word' id='word_1_43' title='bbox 1417 763 1717 827; x_wconf 71' lang='grc' dir='ltr'>ἐπιπεσὼν,</span> 
     </span>
    </p>
   </div>
   <div class='ocr_carea' id='block_1_9' title="bbox 157 857 1719 928">
    <p class='ocr_par' dir='ltr' id='par_1_9' title="bbox 157 857 1719 928">
     <span class='ocr_line' id='line_1_9' title="bbox 157 857 1719 928; baseline -0.001 -18"><span class='ocrx_word' id='word_1_44' title='bbox 157 860 290 926; x_wconf 74' lang='grc' dir='ltr'>προς</span> <span class='ocrx_word' id='word_1_45' title='bbox 355 859 528 927; x_wconf 74' lang='grc' dir='ltr'>ὄνομα</span> <span class='ocrx_word' id='word_1_46' title='bbox 576 858 675 926; x_wconf 81' lang='grc' dir='ltr'>τὴν</span> <span class='ocrx_word' id='word_1_47' title='bbox 730 858 877 910; x_wconf 78' lang='grc' dir='ltr'>ὁσίαν</span> <span class='ocrx_word' id='word_1_48' title='bbox 943 857 1277 921; x_wconf 78' lang='grc' dir='ltr'>ἀνεκαλεῖτο,</span> <span class='ocrx_word' id='word_1_49' title='bbox 1333 860 1552 928; x_wconf 78' lang='grc' dir='ltr'>πικροῖς</span> <span class='ocrx_word' id='word_1_50' title='bbox 1605 857 1719 926; x_wconf 73' lang='grc' dir='ltr'><strong>ἅμα</strong></span> 
     </span>
    </p>
   </div>
   <div class='ocr_carea' id='block_1_10' title="bbox 161 949 1712 1020">
    <p class='ocr_par' dir='ltr' id='par_1_10' title="bbox 161 949 1712 1020">
     <span class='ocr_line' id='line_1_10' title="bbox 161 949 1712 1020; baseline -0.001 -20"><span class='ocrx_word' id='word_1_51' title='bbox 161 951 586 1020; x_wconf 67' lang='grc' dir='ltr'>περιρῤεὸμειδος</span> <span class='ocrx_word' id='word_1_52' title='bbox 616 950 904 1018; x_wconf 79' lang='grc' dir='ltr'>δάκρυσιν,</span> <span class='ocrx_word' id='word_1_53' title='bbox 939 949 1013 1011; x_wconf 81' lang='grc' dir='ltr'>ὡς</span> <span class='ocrx_word' id='word_1_54' title='bbox 1051 950 1144 1002; x_wconf 74' lang='grc' dir='ltr'>καὶ</span> <span class='ocrx_word' id='word_1_55' title='bbox 1197 949 1402 1011; x_wconf 76' lang='grc' dir='ltr'>πάντας</span> <span class='ocrx_word' id='word_1_56' title='bbox 1431 951 1557 1010; x_wconf 73' lang='grc' dir='ltr'>τοὺς</span> <span class='ocrx_word' id='word_1_57' title='bbox 1589 966 1712 1002; x_wconf 82' lang='grc' dir='ltr'>συν-</span> 
     </span>
    </p>
   </div>
   <div class='ocr_carea' id='block_1_11' title="bbox 157 1039 1715 1111">
    <p class='ocr_par' dir='ltr' id='par_1_11' title="bbox 157 1039 1715 1111">
     <span class='ocr_line' id='line_1_11' title="bbox 157 1039 1715 1111; baseline 0.001 -21"><span class='ocrx_word' id='word_1_58' title='bbox 157 1040 470 1108; x_wconf 68' lang='grc' dir='ltr'>ειλημένους</span> <span class='ocrx_word' id='word_1_59' title='bbox 501 1041 613 1111; x_wconf 67' lang='grc' dir='ltr'>(καὶ</span> <span class='ocrx_word' id='word_1_60' title='bbox 648 1040 755 1108; x_wconf 76' lang='grc' dir='ltr'><strong>γὰρ</strong></span> <span class='ocrx_word' id='word_1_61' title='bbox 784 1040 970 1092; x_wconf 78' lang='grc' dir='ltr'>πολλοὶ</span> <span class='ocrx_word' id='word_1_62' title='bbox 1035 1040 1128 1093; x_wconf 78' lang='grc' dir='ltr'><strong>καὶ</strong></span> <span class='ocrx_word' id='word_1_63' title='bbox 1181 1040 1285 1091; x_wconf 84' lang='grc' dir='ltr'><strong>τῶν</strong></span> <span class='ocrx_word' id='word_1_64' title='bbox 1317 1039 1478 1108; x_wconf 78' lang='grc' dir='ltr'>πέριξ</span> <span class='ocrx_word' id='word_1_65' title='bbox 1526 1040 1715 1108; x_wconf 74' lang='grc' dir='ltr'>ἠθροί-</span> 
     </span>
    </p>
   </div>
   <div class='ocr_carea' id='block_1_12' title="bbox 155 1126 1713 1202">
    <p class='ocr_par' dir='ltr' id='par_1_12' title="bbox 155 1126 1713 1202">
     <span class='ocr_line' id='line_1_12' title="bbox 155 1126 1713 1202; baseline -0.001 -19"><span class='ocrx_word' id='word_1_66' title='bbox 155 1133 361 1200; x_wconf 77' lang='grc' dir='ltr'>σθησαν</span> <span class='ocrx_word' id='word_1_67' title='bbox 394 1131 678 1202; x_wconf 81' lang='grc' dir='ltr'>μοναχῶν),</span> <span class='ocrx_word' id='word_1_68' title='bbox 726 1133 802 1194; x_wconf 76' lang='grc' dir='ltr'>εἰς</span> <span class='ocrx_word' id='word_1_69' title='bbox 858 1126 1035 1183; x_wconf 78' lang='grc' dir='ltr'>οἶκτον</span> <span class='ocrx_word' id='word_1_70' title='bbox 1066 1130 1360 1201; x_wconf 84' lang='grc' dir='ltr'>διερεθίσαι</span> <span class='ocrx_word' id='word_1_71' title='bbox 1394 1131 1529 1200; x_wconf 68' lang='grc' dir='ltr'>πρὸς</span> <span class='ocrx_word' id='word_1_72' title='bbox 1570 1130 1713 1183; x_wconf 76' lang='grc' dir='ltr'>ὑπό-</span> 
     </span>
    </p>
   </div>
   <div class='ocr_carea' id='block_1_13' title="bbox 159 1214 1719 1288">
    <p class='ocr_par' dir='ltr' id='par_1_13' title="bbox 159 1214 1719 1288">
     <span class='ocr_line' id='line_1_13' title="bbox 159 1214 1719 1288; baseline 0.001 -18"><span class='ocrx_word' id='word_1_73' title='bbox 159 1221 355 1287; x_wconf 83' lang='grc' dir='ltr'>μνησίν</span> <span class='ocrx_word' id='word_1_74' title='bbox 389 1237 447 1272; x_wconf 88' lang='grc' dir='ltr'><strong>τε</strong></span> <span class='ocrx_word' id='word_1_75' title='bbox 475 1220 581 1271; x_wconf 83' lang='grc' dir='ltr'>τῶν</span> <span class='ocrx_word' id='word_1_76' title='bbox 614 1219 990 1288; x_wconf 74' lang='grc' dir='ltr'>βεϐιασμένων</span> <span class='ocrx_word' id='word_1_77' title='bbox 1021 1221 1218 1284; x_wconf 72' lang='grc' dir='ltr'>αὐτοὺς</span> <span class='ocrx_word' id='word_1_78' title='bbox 1243 1222 1493 1288; x_wconf 79' lang='grc' dir='ltr'>ἀγαγεῖν,</span> <span class='ocrx_word' id='word_1_79' title='bbox 1527 1220 1598 1284; x_wconf 84' lang='grc' dir='ltr'>ὡς</span> <span class='ocrx_word' id='word_1_80' title='bbox 1642 1214 1719 1272; x_wconf 77' lang='grc' dir='ltr'><strong>εἷο</strong></span> 
     </span>
    </p>
   </div>
   <div class='ocr_carea' id='block_1_14' title="bbox 155 1312 1720 1382">
    <p class='ocr_par' dir='ltr' id='par_1_14' title="bbox 155 1312 1720 1382">
     <span class='ocr_line' id='line_1_14' title="bbox 155 1312 1720 1382; baseline 0.001 -19"><span class='ocrx_word' id='word_1_81' title='bbox 155 1330 247 1364; x_wconf 85' lang='grc' dir='ltr'><strong>ναι</strong></span> <span class='ocrx_word' id='word_1_82' title='bbox 297 1316 494 1374; x_wconf 77' lang='grc' dir='ltr'>πάντα,</span> <span class='ocrx_word' id='word_1_83' title='bbox 545 1313 612 1364; x_wconf 76' lang='grc' dir='ltr'>τά</span> <span class='ocrx_word' id='word_1_84' title='bbox 647 1328 704 1362; x_wconf 89' lang='grc' dir='ltr'><strong>τε</strong></span> <span class='ocrx_word' id='word_1_85' title='bbox 756 1312 1027 1381; x_wconf 75' lang='grc' dir='ltr'>ἑρώμενα,</span> <span class='ocrx_word' id='word_1_86' title='bbox 1069 1313 1139 1365; x_wconf 80' lang='grc' dir='ltr'>τά</span> <span class='ocrx_word' id='word_1_87' title='bbox 1167 1329 1226 1364; x_wconf 90' lang='grc' dir='ltr'><strong>τε</strong></span> <span class='ocrx_word' id='word_1_88' title='bbox 1284 1313 1388 1382; x_wconf 74' lang='grc' dir='ltr'><strong>μὴν</strong></span> <span class='ocrx_word' id='word_1_89' title='bbox 1416 1312 1720 1381; x_wconf 75' lang='grc' dir='ltr'><strong>ἀκουόμενα</strong></span> 
     </span>
    </p>
   </div>
   <div class='ocr_carea' id='block_1_15' title="bbox 159 1403 1648 1475">
    <p class='ocr_par' dir='ltr' id='par_1_15' title="bbox 159 1403 1648 1475">
     <span class='ocr_line' id='line_1_15' title="bbox 159 1403 1648 1475; baseline 0.003 -22"><span class='ocrx_word' id='word_1_90' title='bbox 159 1403 481 1465; x_wconf 75' lang='grc' dir='ltr'><strong>συνειδότος,</strong></span> <span class='ocrx_word' id='word_1_91' title='bbox 518 1403 839 1470; x_wconf 75' lang='grc' dir='ltr'>ἀνάπτυξις,</span> <span class='ocrx_word' id='word_1_92' title='bbox 869 1405 964 1458; x_wconf 62' lang='grc' dir='ltr'><strong>καὶ</strong></span> <span class='ocrx_word' id='word_1_93' title='bbox 1009 1403 1188 1475; x_wconf 72' lang='grc' dir='ltr'>ψυχῆς</span> <span class='ocrx_word' id='word_1_94' title='bbox 1220 1404 1462 1474; x_wconf 79' lang='grc' dir='ltr'>ἀτεχνῶς</span> <span class='ocrx_word' id='word_1_95' title='bbox 1492 1403 1648 1473; x_wconf 77' lang='grc' dir='ltr'>ἴαμα.</span> 
     </span>
    </p>
   </div>
   <div class='ocr_carea' id='block_1_16' title="bbox 231 1670 1726 1742">
    <p class='ocr_par' dir='ltr' id='par_1_16' title="bbox 231 1670 1726 1742">
     <span class='ocr_line' id='line_1_16' title="bbox 231 1670 1726 1742; baseline 0.002 -18"><span class='ocrx_word' id='word_1_96' title='bbox 231 1670 361 1725; x_wconf 79' lang='lat' dir='ltr'><strong>KA&#39;.</strong></span> <span class='ocrx_word' id='word_1_97' title='bbox 437 1671 564 1738; x_wconf 65' lang='grc' dir='ltr'><strong>Ὀψὲ</strong></span> <span class='ocrx_word' id='word_1_98' title='bbox 598 1673 652 1724; x_wconf 80' lang='grc' dir='ltr'>δὲ</span> <span class='ocrx_word' id='word_1_99' title='bbox 688 1673 780 1724; x_wconf 80' lang='grc' dir='ltr'><strong>καὶ</strong></span> <span class='ocrx_word' id='word_1_100' title='bbox 841 1673 994 1739; x_wconf 70' lang='grc' dir='ltr'>μόλις</span> <span class='ocrx_word' id='word_1_101' title='bbox 1059 1674 1149 1724; x_wconf 81' lang='grc' dir='ltr'>τοῦ</span> <span class='ocrx_word' id='word_1_102' title='bbox 1207 1673 1437 1734; x_wconf 85' lang='grc' dir='ltr'>πένθους</span> <span class='ocrx_word' id='word_1_103' title='bbox 1464 1674 1726 1742; x_wconf 72' lang='grc' dir='ltr'>λήξαντος</span> 
     </span>
    </p>
   </div>
   <div class='ocr_carea' id='block_1_17' title="bbox 152 1761 1720 1838">
    <p class='ocr_par' dir='ltr' id='par_1_17' title="bbox 152 1761 1720 1838">
     <span class='ocr_line' id='line_1_17' title="bbox 152 1761 1720 1838; baseline 0.003 -25"><span class='ocrx_word' id='word_1_104' title='bbox 152 1763 363 1838; x_wconf 70' lang='grc' dir='ltr'>ψαλμοὶ</span> <span class='ocrx_word' id='word_1_105' title='bbox 387 1765 481 1816; x_wconf 67' lang='grc' dir='ltr'>καὶ</span> <span class='ocrx_word' id='word_1_106' title='bbox 516 1764 673 1829; x_wconf 70' lang='grc' dir='ltr'>ὕμνοι</span> <span class='ocrx_word' id='word_1_107' title='bbox 722 1761 787 1814; x_wconf 70' lang='grc' dir='ltr'>τὰ</span> <span class='ocrx_word' id='word_1_108' title='bbox 819 1762 928 1814; x_wconf 80' lang='grc' dir='ltr'>τῶν</span> <span class='ocrx_word' id='word_1_109' title='bbox 968 1761 1180 1831; x_wconf 79' lang='grc' dir='ltr'>θρήνων</span> <span class='ocrx_word' id='word_1_110' title='bbox 1206 1764 1365 1824; x_wconf 72' lang='grc' dir='ltr'>εὐθὺς</span> <span class='ocrx_word' id='word_1_111' title='bbox 1405 1764 1720 1834; x_wconf 76' lang='grc' dir='ltr'><strong>διεδέχοντο,</strong></span> 
     </span>
    </p>
   </div>
   <div class='ocr_carea' id='block_1_18' title="bbox 152 1853 1715 1922">
    <p class='ocr_par' dir='ltr' id='par_1_18' title="bbox 152 1853 1715 1922">
     <span class='ocr_line' id='line_1_18' title="bbox 152 1853 1715 1922; baseline 0 -14"><span class='ocrx_word' id='word_1_112' title='bbox 152 1859 250 1910; x_wconf 72' lang='grc' dir='ltr'><strong>καὶ</strong></span> <span class='ocrx_word' id='word_1_113' title='bbox 283 1857 454 1917; x_wconf 70' lang='grc' dir='ltr'>οὕτως</span> <span class='ocrx_word' id='word_1_114' title='bbox 487 1853 914 1920; x_wconf 77' lang='grc' dir='ltr'>ἐξοσιωσάμενοι</span> <span class='ocrx_word' id='word_1_115' title='bbox 945 1854 1006 1906; x_wconf 75' lang='grc' dir='ltr'>τὸ</span> <span class='ocrx_word' id='word_1_116' title='bbox 1033 1853 1332 1906; x_wconf 78' lang='grc' dir='ltr'>πολύαθλον</span> <span class='ocrx_word' id='word_1_117' title='bbox 1359 1855 1534 1907; x_wconf 83' lang='grc' dir='ltr'>ἐκεῖνο</span> <span class='ocrx_word' id='word_1_118' title='bbox 1555 1855 1715 1922; x_wconf 83' lang='grc' dir='ltr'>σῶμα</span> 
     </span>
    </p>
   </div>
   <div class='ocr_carea' id='block_1_19' title="bbox 150 1940 1719 2016">
    <p class='ocr_par' dir='ltr' id='par_1_19' title="bbox 150 1940 1719 2016">
     <span class='ocr_line' id='line_1_19' title="bbox 150 1940 1719 2016; baseline -0.002 -14"><span class='ocrx_word' id='word_1_119' title='bbox 150 1951 254 2002; x_wconf 68' lang='grc' dir='ltr'><strong>καὶ</strong></span> <span class='ocrx_word' id='word_1_120' title='bbox 282 1947 594 2015; x_wconf 68' lang='grc' dir='ltr'>ἱερώτατον,</span> <span class='ocrx_word' id='word_1_121' title='bbox 654 1946 876 2007; x_wconf 74' lang='grc' dir='ltr'>κόλποις</span> <span class='ocrx_word' id='word_1_122' title='bbox 935 1945 1032 2010; x_wconf 73' lang='grc' dir='ltr'><strong>τῆς</strong></span> <span class='ocrx_word' id='word_1_123' title='bbox 1085 1946 1188 2015; x_wconf 78' lang='grc' dir='ltr'><strong>γῆς</strong></span> <span class='ocrx_word' id='word_1_124' title='bbox 1213 1944 1547 2016; x_wconf 74' lang='grc' dir='ltr'>κρύπτουσιν</span> <span class='ocrx_word' id='word_1_125' title='bbox 1566 1940 1628 2000; x_wconf 72' lang='grc' dir='ltr'>οὗ</span> <span class='ocrx_word' id='word_1_126' title='bbox 1658 1948 1719 1999; x_wconf 79' lang='grc' dir='ltr'>τὸ</span> 
     </span>
    </p>
   </div>
   <div class='ocr_carea' id='block_1_20' title="bbox 149 2035 1717 2107">
    <p class='ocr_par' dir='ltr' id='par_1_20' title="bbox 149 2035 1717 2107">
     <span class='ocr_line' id='line_1_20' title="bbox 149 2035 1717 2107; baseline 0 -17"><span class='ocrx_word' id='word_1_127' title='bbox 149 2039 376 2106; x_wconf 79' lang='grc' dir='ltr'>πνεῦμα</span> <span class='ocrx_word' id='word_1_128' title='bbox 431 2036 522 2089; x_wconf 77' lang='grc' dir='ltr'>τοῦ</span> <span class='ocrx_word' id='word_1_129' title='bbox 582 2035 832 2106; x_wconf 72' lang='grc' dir='ltr'>’Λϐραὰμ</span> <span class='ocrx_word' id='word_1_130' title='bbox 871 2035 1060 2089; x_wconf 81' lang='grc' dir='ltr'>κόλποι</span> <span class='ocrx_word' id='word_1_131' title='bbox 1113 2038 1316 2107; x_wconf 67' lang='grc' dir='ltr'>νοεεροὶ</span> <span class='ocrx_word' id='word_1_132' title='bbox 1372 2037 1717 2103; x_wconf 82' lang='grc' dir='ltr'>ὑπεδέξαντο,</span> 
     </span>
    </p>
   </div>
   <div class='ocr_carea' id='block_1_21' title="bbox 154 2127 1721 2198">
    <p class='ocr_par' dir='ltr' id='par_1_21' title="bbox 154 2127 1721 2198">
     <span class='ocr_line' id='line_1_21' title="bbox 154 2127 1721 2198; baseline 0.001 -18"><span class='ocrx_word' id='word_1_133' title='bbox 154 2130 224 2181; x_wconf 79' lang='grc' dir='ltr'>Τί</span> <span class='ocrx_word' id='word_1_134' title='bbox 261 2129 316 2180; x_wconf 76' lang='grc' dir='ltr'><strong>τὸ</strong></span> <span class='ocrx_word' id='word_1_135' title='bbox 342 2129 477 2197; x_wconf 72' lang='grc' dir='ltr'>μετὰ</span> <span class='ocrx_word' id='word_1_136' title='bbox 506 2127 711 2190; x_wconf 74' lang='grc' dir='ltr'>ταύτας</span> <span class='ocrx_word' id='word_1_137' title='bbox 735 2128 814 2181; x_wconf 75' lang='grc' dir='ltr'><strong>Τὰ</strong></span> <span class='ocrx_word' id='word_1_138' title='bbox 845 2129 1078 2198; x_wconf 69' lang='grc' dir='ltr'>ἐκείνης,</span> <span class='ocrx_word' id='word_1_139' title='bbox 1104 2131 1131 2182; x_wconf 87' lang='grc' dir='ltr'>ὁ</span> <span class='ocrx_word' id='word_1_140' title='bbox 1155 2129 1358 2196; x_wconf 79' lang='grc' dir='ltr'>ταύτης</span> <span class='ocrx_word' id='word_1_141' title='bbox 1390 2130 1528 2198; x_wconf 77' lang='grc' dir='ltr'>ἀνὴρ</span> <span class='ocrx_word' id='word_1_142' title='bbox 1551 2129 1721 2181; x_wconf 79' lang='grc' dir='ltr'>διεδέ-</span> 
     </span>
    </p>
   </div>
   <div class='ocr_carea' id='block_1_22' title="bbox 157 2219 1720 2290">
    <p class='ocr_par' dir='ltr' id='par_1_22' title="bbox 157 2219 1720 2290">
     <span class='ocr_line' id='line_1_22' title="bbox 157 2219 1720 2290; baseline 0.001 -18"><span class='ocrx_word' id='word_1_143' title='bbox 157 2221 294 2283; x_wconf 76' lang='grc' dir='ltr'>ξατο</span> <span class='ocrx_word' id='word_1_144' title='bbox 326 2237 340 2286; x_wconf 90' lang='grc'><strong>;</strong></span> <span class='ocrx_word' id='word_1_145' title='bbox 397 2219 505 2271; x_wconf 74' lang='grc' dir='ltr'><strong>Καὶ</strong></span> <span class='ocrx_word' id='word_1_146' title='bbox 559 2223 669 2283; x_wconf 87' lang='grc' dir='ltr'>τοῖς</span> <span class='ocrx_word' id='word_1_147' title='bbox 721 2221 812 2273; x_wconf 80' lang='grc' dir='ltr'>τοῦ</span> <span class='ocrx_word' id='word_1_148' title='bbox 847 2221 1055 2290; x_wconf 77' lang='grc' dir='ltr'>κόσμου</span> <span class='ocrx_word' id='word_1_149' title='bbox 1091 2222 1257 2273; x_wconf 69' lang='grc' dir='ltr'>πᾶσιν</span> <span class='ocrx_word' id='word_1_150' title='bbox 1287 2219 1720 2289; x_wconf 73' lang='grc' dir='ltr'>ἀποταξάμενος,</span> 
     </span>
    </p>
   </div>
   <div class='ocr_carea' id='block_1_23' title="bbox 151 2310 1726 2380">
    <p class='ocr_par' dir='ltr' id='par_1_23' title="bbox 151 2310 1726 2380">
     <span class='ocr_line' id='line_1_23' title="bbox 151 2310 1726 2380; baseline 0.002 -19"><span class='ocrx_word' id='word_1_151' title='bbox 151 2311 258 2361; x_wconf 78' lang='grc' dir='ltr'><strong>καὶ</strong></span> <span class='ocrx_word' id='word_1_152' title='bbox 304 2311 417 2370; x_wconf 80' lang='grc' dir='ltr'>τοῖς</span> <span class='ocrx_word' id='word_1_153' title='bbox 475 2313 727 2380; x_wconf 82' lang='grc' dir='ltr'>μοναχοίς</span> <span class='ocrx_word' id='word_1_154' title='bbox 781 2311 1094 2379; x_wconf 73' lang='grc' dir='ltr'>ἐναρίθμιον</span> <span class='ocrx_word' id='word_1_155' title='bbox 1148 2311 1338 2362; x_wconf 66' lang='grc' dir='ltr'>ἑαυτὸν</span> <span class='ocrx_word' id='word_1_156' title='bbox 1364 2310 1609 2380; x_wconf 77' lang='grc' dir='ltr'>θέμενος,</span> <span class='ocrx_word' id='word_1_157' title='bbox 1649 2313 1726 2375; x_wconf 79' lang='grc' dir='ltr'><strong>είς</strong></span> 
     </span>
    </p>
   </div>
   <div class='ocr_carea' id='block_1_24' title="bbox 149 2401 1726 2473">
    <p class='ocr_par' dir='ltr' id='par_1_24' title="bbox 149 2401 1726 2473">
     <span class='ocr_line' id='line_1_24' title="bbox 149 2401 1726 2473; baseline 0.001 -21"><span class='ocrx_word' id='word_1_158' title='bbox 149 2401 343 2472; x_wconf 78' lang='grc' dir='ltr'>ἔρωτά</span> <span class='ocrx_word' id='word_1_159' title='bbox 371 2419 430 2455; x_wconf 85' lang='grc' dir='ltr'><strong>τε</strong></span> <span class='ocrx_word' id='word_1_160' title='bbox 489 2403 718 2473; x_wconf 74' lang='grc' dir='ltr'>ἡσυχίας</span> <span class='ocrx_word' id='word_1_161' title='bbox 755 2401 945 2464; x_wconf 78' lang='grc' dir='ltr'>ἐλθὼν,</span> <span class='ocrx_word' id='word_1_162' title='bbox 997 2401 1056 2452; x_wconf 75' lang='grc' dir='ltr'>τὸ</span> <span class='ocrx_word' id='word_1_163' title='bbox 1087 2401 1302 2453; x_wconf 88' lang='grc' dir='ltr'>κελλίον</span> <span class='ocrx_word' id='word_1_164' title='bbox 1330 2402 1594 2469; x_wconf 73' lang='grc' dir='ltr'>λαμϐάνει</span> <span class='ocrx_word' id='word_1_165' title='bbox 1626 2405 1726 2471; x_wconf 81' lang='grc' dir='ltr'><strong>τῆς</strong></span> 
     </span>
    </p>
   </div>
   <div class='ocr_carea' id='block_1_25' title="bbox 147 2492 1728 2565">
    <p class='ocr_par' dir='ltr' id='par_1_25' title="bbox 147 2492 1728 2565">
     <span class='ocr_line' id='line_1_25' title="bbox 147 2492 1728 2565; baseline 0.001 -20"><span class='ocrx_word' id='word_1_166' title='bbox 147 2494 462 2564; x_wconf 72' lang='grc' dir='ltr'>Θεοδώρας,</span> <span class='ocrx_word' id='word_1_167' title='bbox 497 2494 785 2546; x_wconf 74' lang='grc' dir='ltr'>σπουδαῖον</span> <span class='ocrx_word' id='word_1_168' title='bbox 836 2510 894 2546; x_wconf 88' lang='grc' dir='ltr'><strong>τε</strong></span> <span class='ocrx_word' id='word_1_169' title='bbox 945 2493 1040 2547; x_wconf 74' lang='grc' dir='ltr'><strong>καὶ</strong></span> <span class='ocrx_word' id='word_1_170' title='bbox 1071 2494 1358 2565; x_wconf 78' lang='grc' dir='ltr'>φιλάρετον</span> <span class='ocrx_word' id='word_1_171' title='bbox 1385 2492 1497 2563; x_wconf 87' lang='grc' dir='ltr'>βίον</span> <span class='ocrx_word' id='word_1_172' title='bbox 1533 2496 1728 2546; x_wconf 80' lang='grc' dir='ltr'>ἐπανε-</span> 
     </span>
    </p>
   </div>
   <div class='ocr_carea' id='block_1_26' title="bbox 151 2586 1730 2658">
    <p class='ocr_par' dir='ltr' id='par_1_26' title="bbox 151 2586 1730 2658">
     <span class='ocr_line' id='line_1_26' title="bbox 151 2586 1730 2658; baseline 0 -20"><span class='ocrx_word' id='word_1_173' title='bbox 151 2588 392 2658; x_wconf 77' lang='grc' dir='ltr'>λόμενος</span> <span class='ocrx_word' id='word_1_174' title='bbox 458 2586 681 2658; x_wconf 81' lang='grc' dir='ltr'>χρηστῷ</span> <span class='ocrx_word' id='word_1_175' title='bbox 736 2586 880 2639; x_wconf 85' lang='grc' dir='ltr'>τέλει</span> <span class='ocrx_word' id='word_1_176' title='bbox 937 2586 1034 2658; x_wconf 78' lang='grc' dir='ltr'>τὴν</span> <span class='ocrx_word' id='word_1_177' title='bbox 1064 2586 1208 2655; x_wconf 75' lang='grc' dir='ltr'>ζωὴν</span> <span class='ocrx_word' id='word_1_178' title='bbox 1243 2587 1524 2642; x_wconf 76' lang='grc' dir='ltr'>καταλύει.</span> <span class='ocrx_word' id='word_1_179' title='bbox 1575 2587 1730 2638; x_wconf 78' lang='grc' dir='ltr'>Ἐπεὶ</span> 
     </span>
    </p>
   </div>
   <div class='ocr_carea' id='block_1_27' title="bbox 148 2677 1732 2749">
    <p class='ocr_par' dir='ltr' id='par_1_27' title="bbox 148 2677 1732 2749">
     <span class='ocr_line' id='line_1_27' title="bbox 148 2677 1732 2749; baseline -0.001 -18"><span class='ocrx_word' id='word_1_180' title='bbox 148 2677 259 2732; x_wconf 79' lang='grc' dir='ltr'><strong>οὖν</strong></span> <span class='ocrx_word' id='word_1_181' title='bbox 286 2677 541 2747; x_wconf 77' lang='grc' dir='ltr'>τοιαύτην</span> <span class='ocrx_word' id='word_1_182' title='bbox 591 2680 814 2749; x_wconf 66' lang='grc' dir='ltr'>ἀγωγὴν</span> <span class='ocrx_word' id='word_1_183' title='bbox 847 2679 896 2731; x_wconf 78' lang='grc' dir='ltr'>οι</span> <span class='ocrx_word' id='word_1_184' title='bbox 937 2681 1159 2749; x_wconf 71' lang='grc' dir='ltr'>μοναχοὶ</span> <span class='ocrx_word' id='word_1_185' title='bbox 1209 2679 1522 2744; x_wconf 74' lang='grc' dir='ltr'>ἐθεάσαντο,</span> <span class='ocrx_word' id='word_1_186' title='bbox 1579 2678 1732 2731; x_wconf 68' lang='grc' dir='ltr'>οὐδὲν</span> 
     </span>
    </p>
   </div>
   <div class='ocr_carea' id='block_1_28' title="bbox 151 2770 1733 2840">
    <p class='ocr_par' dir='ltr' id='par_1_28' title="bbox 151 2770 1733 2840">
     <span class='ocr_line' id='line_1_28' title="bbox 151 2770 1733 2840; baseline 0.004 -21"><span class='ocrx_word' id='word_1_187' title='bbox 151 2770 374 2838; x_wconf 81' lang='grc' dir='ltr'>ἀπᾷδον</span> <span class='ocrx_word' id='word_1_188' title='bbox 425 2770 684 2840; x_wconf 80' lang='grc' dir='ltr'>ἐνόμισαν</span> <span class='ocrx_word' id='word_1_189' title='bbox 717 2771 777 2822; x_wconf 74' lang='grc' dir='ltr'><strong>το</strong></span> <span class='ocrx_word' id='word_1_190' title='bbox 825 2772 1154 2840; x_wconf 77' lang='grc' dir='ltr'>ἀμφοτέροις</span> <span class='ocrx_word' id='word_1_191' title='bbox 1193 2771 1288 2821; x_wconf 86' lang='grc' dir='ltr'>’ἐνα</span> <span class='ocrx_word' id='word_1_192' title='bbox 1321 2778 1414 2822; x_wconf 72' lang='grc' dir='ltr'><strong>καὶ</strong></span> <span class='ocrx_word' id='word_1_193' title='bbox 1442 2771 1530 2824; x_wconf 73' lang='grc' dir='ltr'>τὸν</span> <span class='ocrx_word' id='word_1_194' title='bbox 1563 2771 1733 2837; x_wconf 65' lang='grc' dir='ltr'>τάφον</span> 
     </span>
    </p>
   </div>
   <div class='ocr_carea' id='block_1_29' title="bbox 150 2860 1734 2931">
    <p class='ocr_par' dir='ltr' id='par_1_29' title="bbox 150 2860 1734 2931">
     <span class='ocr_line' id='line_1_29' title="bbox 150 2860 1734 2931; baseline -0.001 -18"><span class='ocrx_word' id='word_1_195' title='bbox 150 2861 443 2926; x_wconf 83' lang='grc' dir='ltr'>γενέσθαι,</span> <span class='ocrx_word' id='word_1_196' title='bbox 504 2862 590 2914; x_wconf 79' lang='grc' dir='ltr'>διὰ</span> <span class='ocrx_word' id='word_1_197' title='bbox 647 2860 739 2914; x_wconf 79' lang='grc' dir='ltr'>τοῦ</span> <span class='ocrx_word' id='word_1_198' title='bbox 807 2865 899 2913; x_wconf 65' lang='grc' dir='ltr'><strong>καὶ</strong></span> <span class='ocrx_word' id='word_1_199' title='bbox 952 2864 1102 2931; x_wconf 86' lang='grc' dir='ltr'>κοινῇ</span> <span class='ocrx_word' id='word_1_200' title='bbox 1136 2861 1204 2914; x_wconf 72' lang='grc' dir='ltr'>τὰ</span> <span class='ocrx_word' id='word_1_201' title='bbox 1253 2861 1479 2930; x_wconf 65' lang='grc' dir='ltr'>λείψανα</span> <span class='ocrx_word' id='word_1_202' title='bbox 1509 2863 1617 2914; x_wconf 85' lang='grc' dir='ltr'><strong>τῶν</strong></span> <span class='ocrx_word' id='word_1_203' title='bbox 1641 2862 1734 2913; x_wconf 80' lang='grc' dir='ltr'><strong>δύο</strong></span> 
     </span>
    </p>
   </div>
   <div class='ocr_carea' id='block_1_30' title="bbox 148 2952 1734 3024">
    <p class='ocr_par' dir='ltr' id='par_1_30' title="bbox 148 2952 1734 3024">
     <span class='ocr_line' id='line_1_30' title="bbox 148 2952 1734 3024; baseline 0 -17"><span class='ocrx_word' id='word_1_204' title='bbox 148 2954 482 3018; x_wconf 74' lang='grc' dir='ltr'>κατέθεντο,</span> <span class='ocrx_word' id='word_1_205' title='bbox 544 2953 604 3005; x_wconf 76' lang='grc' dir='ltr'>οὐ</span> <span class='ocrx_word' id='word_1_206' title='bbox 649 2953 756 3024; x_wconf 83' lang='grc' dir='ltr'>μὴν</span> <span class='ocrx_word' id='word_1_207' title='bbox 803 2952 938 3006; x_wconf 70' lang='grc' dir='ltr'>ἀλλὰ</span> <span class='ocrx_word' id='word_1_208' title='bbox 990 2956 1086 3007; x_wconf 71' lang='grc' dir='ltr'><strong>καὶ</strong></span> <span class='ocrx_word' id='word_1_209' title='bbox 1111 2953 1172 3008; x_wconf 85' lang='grc' dir='ltr'>τὸ</span> <span class='ocrx_word' id='word_1_210' title='bbox 1217 2956 1428 3010; x_wconf 72' lang='grc' dir='ltr'>παιδίον</span> <span class='ocrx_word' id='word_1_211' title='bbox 1478 2955 1734 3008; x_wconf 76' lang='grc' dir='ltr'>τοιούτων</span> 
     </span>
    </p>
   </div>
   <div class='ocr_carea' id='block_1_31' title="bbox 155 3046 1735 3119">
    <p class='ocr_par' dir='ltr' id='par_1_31' title="bbox 155 3046 1735 3119">
     <span class='ocr_line' id='line_1_31' title="bbox 155 3046 1735 3119; baseline 0.001 -18"><span class='ocrx_word' id='word_1_212' title='bbox 155 3050 385 3116; x_wconf 79' lang='grc' dir='ltr'>μέτρων</span> <span class='ocrx_word' id='word_1_213' title='bbox 413 3046 613 3116; x_wconf 76' lang='grc' dir='ltr'>ἀρετῆς</span> <span class='ocrx_word' id='word_1_214' title='bbox 683 3046 881 3117; x_wconf 59' lang='grc' dir='ltr'>ἥψατο,</span> <span class='ocrx_word' id='word_1_215' title='bbox 939 3050 1014 3112; x_wconf 85' lang='grc' dir='ltr'>ὡς</span> <span class='ocrx_word' id='word_1_216' title='bbox 1050 3050 1144 3102; x_wconf 66' lang='grc' dir='ltr'><strong>καὶ</strong></span> <span class='ocrx_word' id='word_1_217' title='bbox 1187 3050 1287 3118; x_wconf 80' lang='grc' dir='ltr'>τῆς</span> <span class='ocrx_word' id='word_1_218' title='bbox 1319 3051 1486 3119; x_wconf 73' lang='grc' dir='ltr'>μονῆς</span> <span class='ocrx_word' id='word_1_219' title='bbox 1518 3049 1735 3119; x_wconf 75' lang='grc' dir='ltr'>ἐκείνης</span> 
     </span>
    </p>
   </div>
   <div class='ocr_carea' id='block_1_32' title="bbox 1821 575 3378 649">
    <p class='ocr_par' dir='ltr' id='par_1_32' title="bbox 1821 575 3378 649">
     <span class='ocr_line' id='line_1_32' title="bbox 1821 575 3378 649; baseline 0.004 -20"><span class='ocrx_word' id='word_1_220' title='bbox 1821 575 2069 640; x_wconf 85' lang='lat' dir='ltr'><strong>viderim,</strong></span> <span class='ocrx_word' id='word_1_221' title='bbox 2096 585 2149 631; x_wconf 89' lang='lat' dir='ltr'><strong>et</strong></span> <span class='ocrx_word' id='word_1_222' title='bbox 2170 591 2288 632; x_wconf 89' lang='lat' dir='ltr'><strong>eam</strong></span> <span class='ocrx_word' id='word_1_223' title='bbox 2319 593 2467 632; x_wconf 91' lang='lat' dir='ltr'><strong>nunc</strong></span> <span class='ocrx_word' id='word_1_224' title='bbox 2507 593 2537 633; x_wconf 89' lang='lat' dir='ltr'><strong>e</strong></span> <span class='ocrx_word' id='word_1_225' title='bbox 2574 578 2678 634; x_wconf 82' lang='lat' dir='ltr'><strong>vita</strong></span> <span class='ocrx_word' id='word_1_226' title='bbox 2710 579 3011 636; x_wconf 82' lang='lat' dir='ltr'><strong>excessisse</strong></span> <span class='ocrx_word' id='word_1_227' title='bbox 3044 583 3378 649; x_wconf 79' lang='lat' dir='ltr'><strong>resciverim,</strong></span> 
     </span>
    </p>
   </div>
   <div class='ocr_carea' id='block_1_33' title="bbox 1821 672 3376 748">
    <p class='ocr_par' dir='ltr' id='par_1_33' title="bbox 1821 672 3376 748">
     <span class='ocr_line' id='line_1_33' title="bbox 1821 672 3376 748; baseline 0.005 -23"><span class='ocrx_word' id='word_1_228' title='bbox 1821 675 1962 726; x_wconf 83' lang='lat' dir='ltr'><strong>vado</strong></span> <span class='ocrx_word' id='word_1_229' title='bbox 2001 688 2119 726; x_wconf 87' lang='lat' dir='ltr'><strong>eam</strong></span> <span class='ocrx_word' id='word_1_230' title='bbox 2151 683 2397 727; x_wconf 72' lang='lat' dir='ltr'><strong>extremo</strong></span> <span class='ocrx_word' id='word_1_231' title='bbox 2441 672 2761 729; x_wconf 77' lang='lat' dir='ltr'><strong>deﬂeturus.</strong></span> <span class='ocrx_word' id='word_1_232' title='bbox 2803 674 2940 729; x_wconf 88' lang='lat' dir='ltr'><strong>Cum</strong></span> <span class='ocrx_word' id='word_1_233' title='bbox 2995 692 3115 730; x_wconf 89' lang='lat' dir='ltr'><strong>eum</strong></span> <span class='ocrx_word' id='word_1_234' title='bbox 3155 693 3278 748; x_wconf 86' lang='lat' dir='ltr'><strong>ergo</strong></span> <span class='ocrx_word' id='word_1_235' title='bbox 3324 681 3376 732; x_wconf 91' lang='lat' dir='ltr'><strong>in</strong></span> 
     </span>
    </p>
   </div>
   <div class='ocr_carea' id='block_1_34' title="bbox 1818 765 3379 838">
    <p class='ocr_par' dir='ltr' id='par_1_34' title="bbox 1818 765 3379 838">
     <span class='ocr_line' id='line_1_34' title="bbox 1818 765 3379 838; baseline 0.004 -21"><span class='ocrx_word' id='word_1_236' title='bbox 1818 778 2017 831; x_wconf 88' lang='lat' dir='ltr'><strong>equum</strong></span> <span class='ocrx_word' id='word_1_237' title='bbox 2081 765 2409 827; x_wconf 72' lang='lat' dir='ltr'><strong>sustulisset,</strong></span> <span class='ocrx_word' id='word_1_238' title='bbox 2447 768 2595 821; x_wconf 78' lang='lat' dir='ltr'><strong>duxit</strong></span> <span class='ocrx_word' id='word_1_239' title='bbox 2646 767 2698 820; x_wconf 93' lang='lat' dir='ltr'><strong>in</strong></span> <span class='ocrx_word' id='word_1_240' title='bbox 2735 769 3148 833; x_wconf 79' lang='lat' dir='ltr'><strong>monasterium,</strong></span> <span class='ocrx_word' id='word_1_241' title='bbox 3190 770 3243 823; x_wconf 90' lang='lat' dir='ltr'><strong>in</strong></span> <span class='ocrx_word' id='word_1_242' title='bbox 3275 786 3379 838; x_wconf 89' lang='lat' dir='ltr'><strong>quo</strong></span> 
     </span>
    </p>
   </div>
   <div class='ocr_carea' id='block_1_35' title="bbox 1817 855 3381 929">
    <p class='ocr_par' dir='ltr' id='par_1_35' title="bbox 1817 855 3381 929">
     <span class='ocr_line' id='line_1_35' title="bbox 1817 855 3381 929; baseline 0.004 -21"><span class='ocrx_word' id='word_1_243' title='bbox 1817 855 2032 925; x_wconf 88' lang='lat' dir='ltr'><strong>jacebat</strong></span> <span class='ocrx_word' id='word_1_244' title='bbox 2098 856 2341 910; x_wconf 88' lang='lat' dir='ltr'><strong>divinum</strong></span> <span class='ocrx_word' id='word_1_245' title='bbox 2419 858 2550 912; x_wconf 87' lang='lat' dir='ltr'><strong>illud</strong></span> <span class='ocrx_word' id='word_1_246' title='bbox 2611 859 3049 914; x_wconf 74' lang='lat' dir='ltr'><strong>tabernaculum.</strong></span> <span class='ocrx_word' id='word_1_247' title='bbox 3095 861 3176 914; x_wconf 81' lang='lat' dir='ltr'><strong>Ad</strong></span> <span class='ocrx_word' id='word_1_248' title='bbox 3239 861 3381 929; x_wconf 87' lang='lat' dir='ltr'><strong>quod</strong></span> 
     </span>
    </p>
   </div>
   <div class='ocr_carea' id='block_1_36' title="bbox 1821 947 3382 1012">
    <p class='ocr_par' dir='ltr' id='par_1_36' title="bbox 1821 947 3382 1012">
     <span class='ocr_line' id='line_1_36' title="bbox 1821 947 3382 1012; baseline 0.002 -11"><span class='ocrx_word' id='word_1_249' title='bbox 1821 961 1943 1001; x_wconf 90' lang='lat' dir='ltr'><strong>cum</strong></span> <span class='ocrx_word' id='word_1_250' title='bbox 1971 947 2236 1011; x_wconf 89' lang='lat' dir='ltr'><strong>irruisset,</strong></span> <span class='ocrx_word' id='word_1_251' title='bbox 2263 957 2502 1002; x_wconf 87' lang='lat' dir='ltr'><strong>sanctam</strong></span> <span class='ocrx_word' id='word_1_252' title='bbox 2533 951 2760 1003; x_wconf 88' lang='lat' dir='ltr'><strong>vocabat</strong></span> <span class='ocrx_word' id='word_1_253' title='bbox 2787 951 3129 1012; x_wconf 83' lang='lat' dir='ltr'><strong>nominatim,</strong></span> <span class='ocrx_word' id='word_1_254' title='bbox 3157 952 3382 1005; x_wconf 78' lang='lat' dir='ltr'><strong>acerbas</strong></span> 
     </span>
    </p>
   </div>
   <div class='ocr_carea' id='block_1_37' title="bbox 1818 1037 3385 1112">
    <p class='ocr_par' dir='ltr' id='par_1_37' title="bbox 1818 1037 3385 1112">
     <span class='ocr_line' id='line_1_37' title="bbox 1818 1037 3385 1112; baseline 0.002 -20"><span class='ocrx_word' id='word_1_255' title='bbox 1818 1038 1977 1092; x_wconf 87' lang='lat' dir='ltr'><strong>simul</strong></span> <span class='ocrx_word' id='word_1_256' title='bbox 2010 1037 2245 1092; x_wconf 75' lang='lat' dir='ltr'><strong>fundens</strong></span> <span class='ocrx_word' id='word_1_257' title='bbox 2285 1039 2724 1109; x_wconf 79' lang='lat' dir='ltr'><strong>lacrymas,adeo</strong></span> <span class='ocrx_word' id='word_1_258' title='bbox 2765 1051 2823 1094; x_wconf 92' lang='lat' dir='ltr'><strong>ut</strong></span> <span class='ocrx_word' id='word_1_259' title='bbox 2862 1058 3074 1106; x_wconf 88' lang='lat' dir='ltr'><strong>omnes,</strong></span> <span class='ocrx_word' id='word_1_260' title='bbox 3106 1042 3195 1112; x_wconf 86' lang='lat' dir='ltr'><strong>qui</strong></span> <span class='ocrx_word' id='word_1_261' title='bbox 3231 1053 3385 1096; x_wconf 90' lang='lat' dir='ltr'><strong>erant</strong></span> 
     </span>
    </p>
   </div>
   <div class='ocr_carea' id='block_1_38' title="bbox 1819 1126 3384 1202">
    <p class='ocr_par' dir='ltr' id='par_1_38' title="bbox 1819 1126 3384 1202">
     <span class='ocr_line' id='line_1_38' title="bbox 1819 1126 3384 1202; baseline -0.001 -21"><span class='ocrx_word' id='word_1_262' title='bbox 1819 1127 2170 1202; x_wconf 68' lang='lat' dir='ltr'><strong>congregati,</strong></span> <span class='ocrx_word' id='word_1_263' title='bbox 2203 1127 2592 1197; x_wconf 79' lang='lat' dir='ltr'><strong>(convenerant</strong></span> <span class='ocrx_word' id='word_1_264' title='bbox 2646 1127 2789 1180; x_wconf 89' lang='lat' dir='ltr'><strong>enim</strong></span> <span class='ocrx_word' id='word_1_265' title='bbox 2859 1128 3011 1180; x_wconf 84' lang='lat' dir='ltr'><strong>multi</strong></span> <span class='ocrx_word' id='word_1_266' title='bbox 3059 1142 3123 1181; x_wconf 81' lang='lat' dir='ltr'><strong>ex</strong></span> <span class='ocrx_word' id='word_1_267' title='bbox 3169 1127 3235 1181; x_wconf 90' lang='lat' dir='ltr'><strong>iis</strong></span> <span class='ocrx_word' id='word_1_268' title='bbox 3293 1126 3384 1196; x_wconf 85' lang='lat' dir='ltr'><strong>qui</strong></span> 
     </span>
    </p>
   </div>
   <div class='ocr_carea' id='block_1_39' title="bbox 1821 1217 3382 1285">
    <p class='ocr_par' dir='ltr' id='par_1_39' title="bbox 1821 1217 3382 1285">
     <span class='ocr_line' id='line_1_39' title="bbox 1821 1217 3382 1285; baseline -0.002 -13"><span class='ocrx_word' id='word_1_269' title='bbox 1821 1218 2144 1272; x_wconf 83' lang='lat' dir='ltr'><strong>habitabant</strong></span> <span class='ocrx_word' id='word_1_270' title='bbox 2213 1218 2562 1272; x_wconf 84' lang='lat' dir='ltr'><strong>circumcirca</strong></span> <span class='ocrx_word' id='word_1_271' title='bbox 2630 1217 2930 1285; x_wconf 78' lang='lat' dir='ltr'><strong>monarhis)</strong></span> <span class='ocrx_word' id='word_1_272' title='bbox 2968 1226 3288 1284; x_wconf 87' lang='lat' dir='ltr'><strong>provocaret</strong></span> <span class='ocrx_word' id='word_1_273' title='bbox 3316 1217 3382 1269; x_wconf 90' lang='lat' dir='ltr'><strong>ad</strong></span> 
     </span>
    </p>
   </div>
   <div class='ocr_carea' id='block_1_40' title="bbox 1827 1308 3379 1381">
    <p class='ocr_par' dir='ltr' id='par_1_40' title="bbox 1827 1308 3379 1381">
     <span class='ocr_line' id='line_1_40' title="bbox 1827 1308 3379 1381; baseline -0.001 -17"><span class='ocrx_word' id='word_1_274' title='bbox 1827 1311 2114 1381; x_wconf 80' lang='lat' dir='ltr'><strong>lacrymas,</strong></span> <span class='ocrx_word' id='word_1_275' title='bbox 2145 1322 2198 1365; x_wconf 92' lang='lat' dir='ltr'><strong>et</strong></span> <span class='ocrx_word' id='word_1_276' title='bbox 2235 1310 2535 1366; x_wconf 88' lang='lat' dir='ltr'><strong>deduceret</strong></span> <span class='ocrx_word' id='word_1_277' title='bbox 2576 1311 2642 1365; x_wconf 91' lang='lat' dir='ltr'><strong>ad</strong></span> <span class='ocrx_word' id='word_1_278' title='bbox 2670 1326 2859 1365; x_wconf 86' lang='lat' dir='ltr'><strong>eorum</strong></span> <span class='ocrx_word' id='word_1_279' title='bbox 2884 1310 3007 1363; x_wconf 71' lang='lat' dir='ltr'><strong>vitre</strong></span> <span class='ocrx_word' id='word_1_280' title='bbox 3043 1308 3379 1363; x_wconf 91' lang='lat' dir='ltr'><strong>recordatio-</strong></span> 
     </span>
    </p>
   </div>
   <div class='ocr_carea' id='block_1_41' title="bbox 1823 1401 3386 1470">
    <p class='ocr_par' dir='ltr' id='par_1_41' title="bbox 1823 1401 3386 1470">
     <span class='ocr_line' id='line_1_41' title="bbox 1823 1401 3386 1470; baseline -0.004 -14"><span class='ocrx_word' id='word_1_281' title='bbox 1823 1416 1973 1456; x_wconf 87' lang='lat' dir='ltr'><strong>nem.</strong></span> <span class='ocrx_word' id='word_1_282' title='bbox 2017 1403 2204 1470; x_wconf 85' lang='lat' dir='ltr'><strong>Itaquc</strong></span> <span class='ocrx_word' id='word_1_283' title='bbox 2243 1409 2398 1454; x_wconf 88' lang='lat' dir='ltr'><strong>erant</strong></span> <span class='ocrx_word' id='word_1_284' title='bbox 2450 1403 2653 1465; x_wconf 87' lang='lat' dir='ltr'><strong>omnia,</strong></span> <span class='ocrx_word' id='word_1_285' title='bbox 2702 1412 2808 1457; x_wconf 89' lang='lat' dir='ltr'><strong>tam</strong></span> <span class='ocrx_word' id='word_1_286' title='bbox 2873 1417 2992 1470; x_wconf 63' lang='lat' dir='ltr'><strong>quae</strong></span> <span class='ocrx_word' id='word_1_287' title='bbox 3037 1401 3386 1464; x_wconf 79' lang='lat' dir='ltr'><strong>videbantur,</strong></span> 
     </span>
    </p>
   </div>
   <div class='ocr_carea' id='block_1_42' title="bbox 1833 1493 3387 1564">
    <p class='ocr_par' dir='ltr' id='par_1_42' title="bbox 1833 1493 3387 1564">
     <span class='ocr_line' id='line_1_42' title="bbox 1833 1493 3387 1564; baseline 0.003 -17"><span class='ocrx_word' id='word_1_288' title='bbox 1833 1509 1994 1563; x_wconf 83' lang='lat' dir='ltr'><strong>quam</strong></span> <span class='ocrx_word' id='word_1_289' title='bbox 2030 1510 2150 1560; x_wconf 62' lang='lat' dir='ltr'><strong>quia</strong></span> <span class='ocrx_word' id='word_1_290' title='bbox 2195 1495 2580 1560; x_wconf 80' lang='lat' dir='ltr'><strong>audiebantur,</strong></span> <span class='ocrx_word' id='word_1_291' title='bbox 2630 1494 2984 1549; x_wconf 75' lang='lat' dir='ltr'><strong>conscientize</strong></span> <span class='ocrx_word' id='word_1_292' title='bbox 3027 1493 3387 1564; x_wconf 74' lang='lat' dir='ltr'><strong>refrigeratio.</strong></span> 
     </span>
    </p>
   </div>
   <div class='ocr_carea' id='block_1_43' title="bbox 1824 1587 2633 1642">
    <p class='ocr_par' dir='ltr' id='par_1_43' title="bbox 1824 1587 2633 1642">
     <span class='ocr_line' id='line_1_43' title="bbox 1824 1587 2633 1642; baseline 0 -1"><span class='ocrx_word' id='word_1_293' title='bbox 1824 1598 1878 1641; x_wconf 89' lang='lat' dir='ltr'><strong>et</strong></span> <span class='ocrx_word' id='word_1_294' title='bbox 1902 1603 2092 1641; x_wconf 80' lang='lat' dir='ltr'><strong>revera</strong></span> <span class='ocrx_word' id='word_1_295' title='bbox 2117 1587 2312 1642; x_wconf 88' lang='lat' dir='ltr'><strong>animae</strong></span> <span class='ocrx_word' id='word_1_296' title='bbox 2342 1588 2633 1641; x_wconf 87' lang='lat' dir='ltr'><strong>medicina.</strong></span> 
     </span>
    </p>
   </div>
   <div class='ocr_carea' id='block_1_44' title="bbox 1897 1677 3387 1734">
    <p class='ocr_par' dir='ltr' id='par_1_44' title="bbox 1897 1677 3387 1734">
     <span class='ocr_line' id='line_1_44' title="bbox 1897 1677 3387 1734; baseline -0.001 0"><span class='ocrx_word' id='word_1_297' title='bbox 1897 1680 2041 1734; x_wconf 77' lang='lat' dir='ltr'><strong>XXI.</strong></span> <span class='ocrx_word' id='word_1_298' title='bbox 2079 1681 2214 1734; x_wconf 87' lang='lat' dir='ltr'><strong>Cum</strong></span> <span class='ocrx_word' id='word_1_299' title='bbox 2263 1679 2446 1734; x_wconf 76' lang='lat' dir='ltr'><strong>luctus</strong></span> <span class='ocrx_word' id='word_1_300' title='bbox 2490 1689 2669 1733; x_wconf 89' lang='lat' dir='ltr'><strong>autem</strong></span> <span class='ocrx_word' id='word_1_301' title='bbox 2710 1679 2798 1734; x_wconf 79' lang='lat' dir='ltr'><strong>vix</strong></span> <span class='ocrx_word' id='word_1_302' title='bbox 2866 1678 3084 1734; x_wconf 80' lang='lat' dir='ltr'><strong>tandem</strong></span> <span class='ocrx_word' id='word_1_303' title='bbox 3121 1677 3387 1733; x_wconf 84' lang='lat' dir='ltr'><strong>desiisset.</strong></span> 
     </span>
    </p>
   </div>
   <div class='ocr_carea' id='block_1_45' title="bbox 1831 1768 3389 1844">
    <p class='ocr_par' dir='ltr' id='par_1_45' title="bbox 1831 1768 3389 1844">
     <span class='ocr_line' id='line_1_45' title="bbox 1831 1768 3389 1844; baseline -0.004 -17"><span class='ocrx_word' id='word_1_304' title='bbox 1831 1774 2022 1844; x_wconf 77' lang='lat' dir='ltr'><strong>psalmi</strong></span> <span class='ocrx_word' id='word_1_305' title='bbox 2058 1782 2111 1827; x_wconf 89' lang='lat' dir='ltr'><strong>et</strong></span> <span class='ocrx_word' id='word_1_306' title='bbox 2145 1774 2331 1843; x_wconf 72' lang='lat' dir='ltr'><strong>hymni</strong></span> <span class='ocrx_word' id='word_1_307' title='bbox 2362 1772 2542 1827; x_wconf 86' lang='lat' dir='ltr'><strong>statim</strong></span> <span class='ocrx_word' id='word_1_308' title='bbox 2566 1773 2769 1826; x_wconf 90' lang='lat' dir='ltr'><strong>luctum</strong></span> <span class='ocrx_word' id='word_1_309' title='bbox 2797 1781 2925 1826; x_wconf 90' lang='lat' dir='ltr'><strong>sunt</strong></span> <span class='ocrx_word' id='word_1_310' title='bbox 2974 1770 3275 1826; x_wconf 83' lang='lat' dir='ltr'><strong>consecuti.</strong></span> <span class='ocrx_word' id='word_1_311' title='bbox 3328 1768 3389 1821; x_wconf 86' lang='lat' dir='ltr'><strong>Et</strong></span> 
     </span>
    </p>
   </div>
   <div class='ocr_carea' id='block_1_46' title="bbox 1828 1861 3389 1933">
    <p class='ocr_par' dir='ltr' id='par_1_46' title="bbox 1828 1861 3389 1933">
     <span class='ocr_line' id='line_1_46' title="bbox 1828 1861 3389 1933; baseline -0.003 -17"><span class='ocrx_word' id='word_1_312' title='bbox 1828 1865 2086 1933; x_wconf 79' lang='lat' dir='ltr'><strong>sicjustis</strong></span> <span class='ocrx_word' id='word_1_313' title='bbox 2122 1863 2278 1917; x_wconf 80' lang='lat' dir='ltr'><strong>factis</strong></span> <span class='ocrx_word' id='word_1_314' title='bbox 2301 1865 2373 1918; x_wconf 91' lang='lat' dir='ltr'><strong>illi</strong></span> <span class='ocrx_word' id='word_1_315' title='bbox 2403 1864 2670 1917; x_wconf 83' lang='lat' dir='ltr'><strong>laborioso</strong></span> <span class='ocrx_word' id='word_1_316' title='bbox 2703 1871 2756 1916; x_wconf 88' lang='lat' dir='ltr'><strong>ct</strong></span> <span class='ocrx_word' id='word_1_317' title='bbox 2780 1871 3124 1916; x_wconf 87' lang='lat' dir='ltr'><strong>sacrosancto</strong></span> <span class='ocrx_word' id='word_1_318' title='bbox 3155 1861 3389 1929; x_wconf 85' lang='lat' dir='ltr'><strong>corpori,</strong></span> 
     </span>
    </p>
   </div>
   <div class='ocr_carea' id='block_1_47' title="bbox 1826 1951 3394 2022">
    <p class='ocr_par' dir='ltr' id='par_1_47' title="bbox 1826 1951 3394 2022">
     <span class='ocr_line' id='line_1_47' title="bbox 1826 1951 3394 2022; baseline -0.004 -12"><span class='ocrx_word' id='word_1_319' title='bbox 1826 1957 1878 2010; x_wconf 89' lang='lat' dir='ltr'><strong>id</strong></span> <span class='ocrx_word' id='word_1_320' title='bbox 1948 1957 2066 2010; x_wconf 88' lang='lat' dir='ltr'><strong>sinu</strong></span> <span class='ocrx_word' id='word_1_321' title='bbox 2102 1964 2261 2009; x_wconf 69' lang='lat' dir='ltr'><strong>terra:</strong></span> <span class='ocrx_word' id='word_1_322' title='bbox 2324 1954 2688 2020; x_wconf 86' lang='lat' dir='ltr'><strong>abscondunt,</strong></span> <span class='ocrx_word' id='word_1_323' title='bbox 2738 1953 2896 2022; x_wconf 92' lang='lat' dir='ltr'><strong>cujus</strong></span> <span class='ocrx_word' id='word_1_324' title='bbox 2943 1952 3188 2022; x_wconf 89' lang='lat' dir='ltr'><strong>spiritum</strong></span> <span class='ocrx_word' id='word_1_325' title='bbox 3238 1951 3394 2004; x_wconf 86' lang='lat' dir='ltr'><strong>sinus</strong></span> 
     </span>
    </p>
   </div>
   <div class='ocr_carea' id='block_1_48' title="bbox 1829 2044 3391 2114">
    <p class='ocr_par' dir='ltr' id='par_1_48' title="bbox 1829 2044 3391 2114">
     <span class='ocr_line' id='line_1_48' title="bbox 1829 2044 3391 2114; baseline -0.004 -12"><span class='ocrx_word' id='word_1_326' title='bbox 1829 2048 2081 2111; x_wconf 73' lang='lat' dir='ltr'><strong>Abrahae,</strong></span> <span class='ocrx_word' id='word_1_327' title='bbox 2141 2046 2185 2098; x_wconf 87' lang='lat' dir='ltr'><strong>si</strong></span> <span class='ocrx_word' id='word_1_328' title='bbox 2260 2044 2610 2114; x_wconf 80' lang='lat' dir='ltr'><strong>intelligentia</strong></span> <span class='ocrx_word' id='word_1_329' title='bbox 2671 2053 2966 2114; x_wconf 78' lang='lat' dir='ltr'><strong>Spectctnr,</strong></span> <span class='ocrx_word' id='word_1_330' title='bbox 3039 2053 3391 2113; x_wconf 79' lang='lat' dir='ltr'><strong>exceperunt.</strong></span> 
     </span>
    </p>
   </div>
   <div class='ocr_carea' id='block_1_49' title="bbox 1828 2133 3396 2206">
    <p class='ocr_par' dir='ltr' id='par_1_49' title="bbox 1828 2133 3396 2206">
     <span class='ocr_line' id='line_1_49' title="bbox 1828 2133 3396 2206; baseline -0.003 -14"><span class='ocrx_word' id='word_1_331' title='bbox 1828 2139 2092 2206; x_wconf 85' lang='lat' dir='ltr'><strong>Quidnam</strong></span> <span class='ocrx_word' id='word_1_332' title='bbox 2128 2147 2211 2190; x_wconf 89' lang='lat' dir='ltr'><strong>est</strong></span> <span class='ocrx_word' id='word_1_333' title='bbox 2247 2135 2362 2189; x_wconf 67' lang='lat' dir='ltr'><strong>haec</strong></span> <span class='ocrx_word' id='word_1_334' title='bbox 2423 2133 2829 2190; x_wconf 82' lang='lat' dir='ltr'><strong>consecutum?</strong></span> <span class='ocrx_word' id='word_1_335' title='bbox 2886 2133 2970 2187; x_wconf 84' lang='lat' dir='ltr'><strong>Fit</strong></span> <span class='ocrx_word' id='word_1_336' title='bbox 3027 2149 3207 2186; x_wconf 90' lang='lat' dir='ltr'><strong>rerum</strong></span> <span class='ocrx_word' id='word_1_337' title='bbox 3252 2133 3396 2186; x_wconf 90' lang='lat' dir='ltr'><strong>illius</strong></span> 
     </span>
    </p>
   </div>
   <div class='ocr_carea' id='block_1_50' title="bbox 1830 2225 3396 2298">
    <p class='ocr_par' dir='ltr' id='par_1_50' title="bbox 1830 2225 3396 2298">
     <span class='ocr_line' id='line_1_50' title="bbox 1830 2225 3396 2298; baseline -0.005 -12"><span class='ocrx_word' id='word_1_338' title='bbox 1830 2231 2062 2286; x_wconf 87' lang='lat' dir='ltr'><strong>maritus</strong></span> <span class='ocrx_word' id='word_1_339' title='bbox 2093 2229 2210 2298; x_wconf 90' lang='lat' dir='ltr'><strong>ejus</strong></span> <span class='ocrx_word' id='word_1_340' title='bbox 2240 2241 2523 2284; x_wconf 74' lang='lat' dir='ltr'><strong>successor</strong></span> <span class='ocrx_word' id='word_1_341' title='bbox 2550 2245 2564 2283; x_wconf 88' lang='grc' dir='ltr'><strong>ι</strong></span> <span class='ocrx_word' id='word_1_342' title='bbox 2589 2237 2644 2281; x_wconf 92' lang='lat' dir='ltr'><strong>ct</strong></span> <span class='ocrx_word' id='word_1_343' title='bbox 2673 2241 2796 2281; x_wconf 91' lang='lat' dir='ltr'><strong>cum</strong></span> <span class='ocrx_word' id='word_1_344' title='bbox 2822 2227 2984 2281; x_wconf 86' lang='lat' dir='ltr'><strong>rebus</strong></span> <span class='ocrx_word' id='word_1_345' title='bbox 3013 2226 3267 2280; x_wconf 90' lang='lat' dir='ltr'><strong>omnibus</strong></span> <span class='ocrx_word' id='word_1_346' title='bbox 3294 2225 3396 2278; x_wconf 91' lang='lat' dir='ltr'><strong>hu-</strong></span> 
     </span>
    </p>
   </div>
   <div class='ocr_carea' id='block_1_51' title="bbox 1830 2317 3394 2393">
    <p class='ocr_par' dir='ltr' id='par_1_51' title="bbox 1830 2317 3394 2393">
     <span class='ocr_line' id='line_1_51' title="bbox 1830 2317 3394 2393; baseline -0.005 -16"><span class='ocrx_word' id='word_1_347' title='bbox 1830 2324 1918 2393; x_wconf 85' lang='lat' dir='ltr'><strong>jus</strong></span> <span class='ocrx_word' id='word_1_348' title='bbox 1947 2321 2132 2377; x_wconf 86' lang='lat' dir='ltr'><strong>mundi</strong></span> <span class='ocrx_word' id='word_1_349' title='bbox 2174 2320 2562 2383; x_wconf 86' lang='lat' dir='ltr'><strong>renuntiasset,</strong></span> <span class='ocrx_word' id='word_1_350' title='bbox 2617 2329 2667 2373; x_wconf 86' lang='lat' dir='ltr'><strong>et</strong></span> <span class='ocrx_word' id='word_1_351' title='bbox 2725 2319 2967 2388; x_wconf 82' lang='lat' dir='ltr'><strong>seipsum</strong></span> <span class='ocrx_word' id='word_1_352' title='bbox 3027 2317 3304 2373; x_wconf 83' lang='lat' dir='ltr'><strong>retulisset</strong></span> <span class='ocrx_word' id='word_1_353' title='bbox 3343 2317 3394 2369; x_wconf 91' lang='lat' dir='ltr'><strong>in</strong></span> 
     </span>
    </p>
   </div>
   <div class='ocr_carea' id='block_1_52' title="bbox 1836 2412 3399 2479">
    <p class='ocr_par' dir='ltr' id='par_1_52' title="bbox 1836 2412 3399 2479">
     <span class='ocr_line' id='line_1_52' title="bbox 1836 2412 3399 2479; baseline -0.004 -13"><span class='ocrx_word' id='word_1_354' title='bbox 1836 2428 2128 2466; x_wconf 87' lang='lat' dir='ltr'><strong>numerum</strong></span> <span class='ocrx_word' id='word_1_355' title='bbox 2182 2412 2597 2474; x_wconf 84' lang='lat' dir='ltr'><strong>monachorum,</strong></span> <span class='ocrx_word' id='word_1_356' title='bbox 2662 2420 2717 2464; x_wconf 85' lang='lat' dir='ltr'><strong>et</strong></span> <span class='ocrx_word' id='word_1_357' title='bbox 2793 2420 2982 2479; x_wconf 76' lang='lat' dir='ltr'><strong>raptus</strong></span> <span class='ocrx_word' id='word_1_358' title='bbox 3043 2419 3190 2462; x_wconf 86' lang='lat' dir='ltr'><strong>esset</strong></span> <span class='ocrx_word' id='word_1_359' title='bbox 3217 2423 3399 2464; x_wconf 77' lang='lat' dir='ltr'><strong>amore</strong></span> 
     </span>
    </p>
   </div>
   <div class='ocr_carea' id='block_1_53' title="bbox 1833 2497 3402 2574">
    <p class='ocr_par' dir='ltr' id='par_1_53' title="bbox 1833 2497 3402 2574">
     <span class='ocr_line' id='line_1_53' title="bbox 1833 2497 3402 2574; baseline -0.004 -18"><span class='ocrx_word' id='word_1_360' title='bbox 1833 2503 2035 2574; x_wconf 86' lang='lat' dir='ltr'><strong>quietis</strong></span> <span class='ocrx_word' id='word_1_361' title='bbox 2078 2510 2134 2556; x_wconf 88' lang='lat' dir='ltr'><strong>et</strong></span> <span class='ocrx_word' id='word_1_362' title='bbox 2172 2501 2396 2563; x_wconf 88' lang='lat' dir='ltr'><strong>silentii,</strong></span> <span class='ocrx_word' id='word_1_363' title='bbox 2457 2501 2661 2553; x_wconf 87' lang='lat' dir='ltr'><strong>cellcna</strong></span> <span class='ocrx_word' id='word_1_364' title='bbox 2719 2499 2915 2566; x_wconf 84' lang='lat' dir='ltr'><strong>accipit</strong></span> <span class='ocrx_word' id='word_1_365' title='bbox 2963 2497 3305 2559; x_wconf 69' lang='lat' dir='ltr'><strong>Theodoraa;</strong></span> <span class='ocrx_word' id='word_1_366' title='bbox 3347 2506 3402 2549; x_wconf 79' lang='lat' dir='ltr'><strong>et</strong></span> 
     </span>
    </p>
   </div>
   <div class='ocr_carea' id='block_1_54' title="bbox 1835 2587 3402 2658">
    <p class='ocr_par' dir='ltr' id='par_1_54' title="bbox 1835 2587 3402 2658">
     <span class='ocr_line' id='line_1_54' title="bbox 1835 2587 3402 2658; baseline -0.006 -8"><span class='ocrx_word' id='word_1_367' title='bbox 1835 2611 1958 2651; x_wconf 91' lang='lat' dir='ltr'><strong>cum</strong></span> <span class='ocrx_word' id='word_1_368' title='bbox 1994 2594 2188 2648; x_wconf 90' lang='lat' dir='ltr'><strong>bonam</strong></span> <span class='ocrx_word' id='word_1_369' title='bbox 2219 2591 2408 2652; x_wconf 87' lang='lat' dir='ltr'><strong>vitam,</strong></span> <span class='ocrx_word' id='word_1_370' title='bbox 2435 2600 2487 2648; x_wconf 80' lang='lat' dir='ltr'><strong>et</strong></span> <span class='ocrx_word' id='word_1_371' title='bbox 2522 2605 2587 2644; x_wconf 77' lang='lat' dir='ltr'><strong>ex</strong></span> <span class='ocrx_word' id='word_1_372' title='bbox 2626 2590 2820 2642; x_wconf 89' lang='lat' dir='ltr'><strong>virtute</strong></span> <span class='ocrx_word' id='word_1_373' title='bbox 2848 2588 3108 2658; x_wconf 78' lang='lat' dir='ltr'><strong>agendam</strong></span> <span class='ocrx_word' id='word_1_374' title='bbox 3149 2587 3402 2658; x_wconf 74' lang='lat' dir='ltr'><strong>elegisset</strong></span> 
     </span>
    </p>
   </div>
   <div class='ocr_carea' id='block_1_55' title="bbox 1839 2665 3401 2748">
    <p class='ocr_par' dir='ltr' id='par_1_55' title="bbox 1839 2665 3401 2748">
     <span class='ocr_line' id='line_1_55' title="bbox 1839 2665 3401 2748; baseline -0.006 -6"><span class='ocrx_word' id='word_1_375' title='bbox 1839 2688 1983 2742; x_wconf 79' lang='lat' dir='ltr'><strong>boao</strong></span> <span class='ocrx_word' id='word_1_376' title='bbox 2033 2687 2139 2740; x_wconf 85' lang='lat' dir='ltr'><strong>iine</strong></span> <span class='ocrx_word' id='word_1_377' title='bbox 2168 2685 2333 2738; x_wconf 88' lang='lat' dir='ltr'><strong>vitam</strong></span> <span class='ocrx_word' id='word_1_378' title='bbox 2381 2681 2604 2737; x_wconf 86' lang='lat' dir='ltr'><strong>claudit.</strong></span> <span class='ocrx_word' id='word_1_379' title='bbox 2633 2681 2768 2735; x_wconf 88' lang='lat' dir='ltr'><strong>Cum</strong></span> <span class='ocrx_word' id='word_1_380' title='bbox 2817 2695 2945 2748; x_wconf 77' lang='lat' dir='ltr'><strong>ergo</strong></span> <span class='ocrx_word' id='word_1_381' title='bbox 2985 2665 3251 2734; x_wconf 83' lang='lat' dir='ltr'><strong>vidissent</strong></span> <span class='ocrx_word' id='word_1_382' title='bbox 3283 2695 3401 2732; x_wconf 88' lang='lat' dir='ltr'><strong>mo-</strong></span> 
     </span>
    </p>
   </div>
   <div class='ocr_carea' id='block_1_56' title="bbox 1843 2770 3403 2844">
    <p class='ocr_par' dir='ltr' id='par_1_56' title="bbox 1843 2770 3403 2844">
     <span class='ocr_line' id='line_1_56' title="bbox 1843 2770 3403 2844; baseline -0.007 -12"><span class='ocrx_word' id='word_1_383' title='bbox 1843 2779 2002 2832; x_wconf 85' lang='lat' dir='ltr'><strong>nachi</strong></span> <span class='ocrx_word' id='word_1_384' title='bbox 2028 2792 2150 2832; x_wconf 91' lang='lat' dir='ltr'><strong>eum</strong></span> <span class='ocrx_word' id='word_1_385' title='bbox 2181 2777 2261 2830; x_wconf 92' lang='lat' dir='ltr'><strong>sic</strong></span> <span class='ocrx_word' id='word_1_386' title='bbox 2296 2776 2456 2828; x_wconf 83' lang='lat' dir='ltr'><strong>vitam</strong></span> <span class='ocrx_word' id='word_1_387' title='bbox 2504 2775 2703 2844; x_wconf 78' lang='lat' dir='ltr'><strong>egisse,</strong></span> <span class='ocrx_word' id='word_1_388' title='bbox 2765 2773 2904 2826; x_wconf 91' lang='lat' dir='ltr'><strong>nihil</strong></span> <span class='ocrx_word' id='word_1_389' title='bbox 2943 2773 3179 2826; x_wconf 90' lang='lat' dir='ltr'><strong>alienum</strong></span> <span class='ocrx_word' id='word_1_390' title='bbox 3219 2770 3403 2824; x_wconf 81' lang='lat' dir='ltr'><strong>existi-</strong></span> 
     </span>
    </p>
   </div>
   <div class='ocr_carea' id='block_1_57' title="bbox 1841 2863 3404 2933">
    <p class='ocr_par' dir='ltr' id='par_1_57' title="bbox 1841 2863 3404 2933">
     <span class='ocr_line' id='line_1_57' title="bbox 1841 2863 3404 2933; baseline -0.007 -7"><span class='ocrx_word' id='word_1_391' title='bbox 1841 2879 2079 2933; x_wconf 87' lang='lat' dir='ltr'><strong>marunt,</strong></span> <span class='ocrx_word' id='word_1_392' title='bbox 2145 2884 2264 2930; x_wconf 87' lang='lat' dir='ltr'><strong>esse</strong></span> <span class='ocrx_word' id='word_1_393' title='bbox 2326 2867 2604 2921; x_wconf 90' lang='lat' dir='ltr'><strong>amborum</strong></span> <span class='ocrx_word' id='word_1_394' title='bbox 2671 2881 2837 2918; x_wconf 90' lang='lat' dir='ltr'><strong>unum</strong></span> <span class='ocrx_word' id='word_1_395' title='bbox 2894 2874 2947 2918; x_wconf 88' lang='lat' dir='ltr'><strong>et</strong></span> <span class='ocrx_word' id='word_1_396' title='bbox 3006 2864 3148 2916; x_wconf 88' lang='lat' dir='ltr'><strong>idem</strong></span> <span class='ocrx_word' id='word_1_397' title='bbox 3216 2863 3404 2932; x_wconf 56' lang='lat' dir='ltr'><strong>scpu&#39;ln</strong></span> 
     </span>
    </p>
   </div>
   <div class='ocr_carea' id='block_1_58' title="bbox 1820 2952 3394 3032">
    <p class='ocr_par' dir='ltr' id='par_1_58' title="bbox 1820 2952 3394 3032">
     <span class='ocr_line' id='line_1_58' title="bbox 1820 2952 3394 3032; baseline -0.009 -12"><span class='ocrx_word' id='word_1_398' title='bbox 1820 2967 2036 3030; x_wconf 69' lang='lat' dir='ltr'><strong>&#39;crum;</strong></span> <span class='ocrx_word' id='word_1_399' title='bbox 2105 2969 2390 3032; x_wconf 84' lang='lat' dir='ltr'><strong>propterea</strong></span> <span class='ocrx_word' id='word_1_400' title='bbox 2435 2955 2817 3016; x_wconf 89' lang='lat' dir='ltr'><strong>communiter,</strong></span> <span class='ocrx_word' id='word_1_401' title='bbox 2863 2962 2920 3009; x_wconf 89' lang='lat' dir='ltr'><strong>et</strong></span> <span class='ocrx_word' id='word_1_402' title='bbox 2967 2953 3021 3008; x_wconf 93' lang='lat' dir='ltr'><strong>in</strong></span> <span class='ocrx_word' id='word_1_403' title='bbox 3051 2952 3241 3008; x_wconf 88' lang='lat' dir='ltr'><strong>eodem</strong></span> <span class='ocrx_word' id='word_1_404' title='bbox 3277 2953 3394 3006; x_wconf 86' lang='lat' dir='ltr'><strong>loco</strong></span> 
     </span>
    </p>
   </div>
   <div class='ocr_carea' id='block_1_59' title="bbox 1845 3046 3400 3124">
    <p class='ocr_par' dir='ltr' id='par_1_59' title="bbox 1845 3046 3400 3124">
     <span class='ocr_line' id='line_1_59' title="bbox 1845 3046 3400 3124; baseline -0.008 -14"><span class='ocrx_word' id='word_1_405' title='bbox 1845 3056 2214 3124; x_wconf 82' lang='lat' dir='ltr'><strong>deposuerunt</strong></span> <span class='ocrx_word' id='word_1_406' title='bbox 2282 3050 2559 3107; x_wconf 89' lang='lat' dir='ltr'><strong>amborum</strong></span> <span class='ocrx_word' id='word_1_407' title='bbox 2637 3048 2914 3117; x_wconf 87' lang='lat' dir='ltr'><strong>reliquias.</strong></span> <span class='ocrx_word' id='word_1_408' title='bbox 2995 3046 3164 3102; x_wconf 90' lang='lat' dir='ltr'><strong>Porro</strong></span> <span class='ocrx_word' id='word_1_409' title='bbox 3220 3054 3400 3099; x_wconf 88' lang='lat' dir='ltr'><strong>autem</strong></span> 
     </span>
    </p>
   </div>
   <div class='ocr_carea' id='block_1_60' title="bbox 153 3137 1727 3223">
    <p class='ocr_par' dir='ltr' id='par_1_60' title="bbox 153 3138 1727 3210">
     <span class='ocr_line' id='line_1_60' title="bbox 153 3138 1727 3210; baseline 0.001 -19"><span class='ocrx_word' id='word_1_410' title='bbox 153 3138 475 3209; x_wconf 67' lang='grc' dir='ltr'>προστῆναι</span> <span class='ocrx_word' id='word_1_411' title='bbox 511 3140 689 3209; x_wconf 78' lang='grc' dir='ltr'>κρίσει</span> <span class='ocrx_word' id='word_1_412' title='bbox 717 3141 940 3194; x_wconf 81' lang='grc' dir='ltr'>δικαίων</span> <span class='ocrx_word' id='word_1_413' title='bbox 981 3142 1088 3194; x_wconf 84' lang='grc' dir='ltr'><strong>τῶν</strong></span> <span class='ocrx_word' id='word_1_414' title='bbox 1119 3142 1207 3194; x_wconf 77' lang='grc' dir='ltr'><strong>τὸν</strong></span> <span class='ocrx_word' id='word_1_415' title='bbox 1234 3142 1347 3208; x_wconf 83' lang='grc' dir='ltr'>βίον</span> <span class='ocrx_word' id='word_1_416' title='bbox 1375 3143 1524 3210; x_wconf 82' lang='grc' dir='ltr'>αύτῴ</span> <span class='ocrx_word' id='word_1_417' title='bbox 1557 3159 1727 3194; x_wconf 73' lang='grc' dir='ltr'>σύνει-</span> 
     </span>
    </p>
   </div>
   <div class='ocr_carea' id='block_1_61' title="bbox 1832 3137 3406 3223">
    <p class='ocr_par' dir='ltr' id='par_1_61' title="bbox 1845 3137 3406 3216">
     <span class='ocr_line' id='line_1_61' title="bbox 1845 3137 3406 3216; baseline -0.006 -17"><span class='ocrx_word' id='word_1_418' title='bbox 1845 3163 1979 3216; x_wconf 88' lang='lat' dir='ltr'><strong>puer</strong></span> <span class='ocrx_word' id='word_1_419' title='bbox 2024 3159 2240 3213; x_wconf 88' lang='lat' dir='ltr'><strong>quoque</strong></span> <span class='ocrx_word' id='word_1_420' title='bbox 2296 3158 2360 3197; x_wconf 91' lang='lat' dir='ltr'><strong>eo</strong></span> <span class='ocrx_word' id='word_1_421' title='bbox 2399 3140 2662 3212; x_wconf 87' lang='lat' dir='ltr'><strong>processit</strong></span> <span class='ocrx_word' id='word_1_422' title='bbox 2701 3141 2936 3204; x_wconf 87' lang='lat' dir='ltr'><strong>virtutis,</strong></span> <span class='ocrx_word' id='word_1_423' title='bbox 2979 3147 3038 3193; x_wconf 89' lang='lat' dir='ltr'><strong>ut</strong></span> <span class='ocrx_word' id='word_1_424' title='bbox 3071 3137 3232 3192; x_wconf 90' lang='lat' dir='ltr'><strong>etiam</strong></span> <span class='ocrx_word' id='word_1_425' title='bbox 3269 3150 3406 3206; x_wconf 75' lang='lat' dir='ltr'><strong>prae-</strong></span> 
     </span>
    </p>
   </div>
   <div class='ocr_carea' id='block_1_62' title="bbox 145 3231 1732 3304">
    <p class='ocr_par' dir='ltr' id='par_1_62' title="bbox 145 3231 1732 3304">
     <span class='ocr_line' id='line_1_62' title="bbox 145 3231 1732 3304; baseline 0.002 -22"><span class='ocrx_word' id='word_1_426' title='bbox 145 3233 358 3290; x_wconf 73' lang='grc' dir='ltr'>δότωι,</span> <span class='ocrx_word' id='word_1_427' title='bbox 383 3233 471 3285; x_wconf 83' lang='grc' dir='ltr'>καί</span> <span class='ocrx_word' id='word_1_428' title='bbox 504 3234 838 3303; x_wconf 76' lang='grc' dir='ltr'>προστασίας</span> <span class='ocrx_word' id='word_1_429' title='bbox 862 3233 1112 3304; x_wconf 79' lang='grc' dir='ltr'>τοιαύτης</span> <span class='ocrx_word' id='word_1_430' title='bbox 1138 3233 1459 3302; x_wconf 66' lang='grc' dir='ltr'>ἐφιεμένων.</span> <span class='ocrx_word' id='word_1_431' title='bbox 1480 3231 1732 3286; x_wconf 74' lang='grc' dir='ltr'>Τοιοῦτον</span> 
     </span>
    </p>
   </div>
   <div class='ocr_carea' id='block_1_63' title="bbox 143 3325 1734 3397">
    <p class='ocr_par' dir='ltr' id='par_1_63' title="bbox 143 3325 1734 3397">
     <span class='ocr_line' id='line_1_63' title="bbox 143 3325 1734 3397; baseline 0.003 -22"><span class='ocrx_word' id='word_1_432' title='bbox 143 3325 272 3376; x_wconf 76' lang='grc' dir='ltr'><strong>τῶν</strong></span> <span class='ocrx_word' id='word_1_433' title='bbox 307 3325 514 3377; x_wconf 83' lang='grc' dir='ltr'>πολλῶν</span> <span class='ocrx_word' id='word_1_434' title='bbox 575 3327 750 3378; x_wconf 80' lang='grc' dir='ltr'>πόνων</span> <span class='ocrx_word' id='word_1_435' title='bbox 801 3326 900 3394; x_wconf 72' lang='grc' dir='ltr'>τῆς</span> <span class='ocrx_word' id='word_1_436' title='bbox 963 3326 1239 3396; x_wconf 80' lang='grc' dir='ltr'>μακαρίας</span> <span class='ocrx_word' id='word_1_437' title='bbox 1267 3327 1330 3379; x_wconf 84' lang='grc' dir='ltr'><strong>τὸ</strong></span> <span class='ocrx_word' id='word_1_438' title='bbox 1360 3329 1554 3397; x_wconf 78' lang='grc' dir='ltr'>πέρας.</span> <span class='ocrx_word' id='word_1_439' title='bbox 1587 3327 1734 3394; x_wconf 76' lang='grc' dir='ltr'>Αὕτη</span> 
     </span>
    </p>
   </div>
   <div class='ocr_carea' id='block_1_64' title="bbox 139 3417 1738 3493">
    <p class='ocr_par' dir='ltr' id='par_1_64' title="bbox 139 3417 1738 3493">
     <span class='ocr_line' id='line_1_64' title="bbox 139 3417 1738 3493; baseline 0.001 -25"><span class='ocrx_word' id='word_1_440' title='bbox 139 3418 276 3469; x_wconf 80' lang='grc' dir='ltr'><strong>τῶν</strong></span> <span class='ocrx_word' id='word_1_441' title='bbox 305 3417 570 3485; x_wconf 78' lang='grc' dir='ltr'>γενναίων</span> <span class='ocrx_word' id='word_1_442' title='bbox 599 3420 772 3471; x_wconf 69' lang='grc' dir='ltr'>ἄθλων</span> <span class='ocrx_word' id='word_1_443' title='bbox 799 3421 966 3489; x_wconf 76' lang='grc' dir='ltr'>αὐτῆς</span> <span class='ocrx_word' id='word_1_444' title='bbox 999 3422 1030 3487; x_wconf 80' lang='grc' dir='ltr'><strong>ἡ</strong></span> <span class='ocrx_word' id='word_1_445' title='bbox 1063 3420 1336 3490; x_wconf 74' lang='grc' dir='ltr'>διήγησις.</span> <span class='ocrx_word' id='word_1_446' title='bbox 1392 3420 1452 3472; x_wconf 68' lang='lat' dir='ltr'><strong>li!</strong></span> <span class='ocrx_word' id='word_1_447' title='bbox 1490 3420 1579 3474; x_wconf 76' lang='grc' dir='ltr'><strong>οὖν</strong></span> <span class='ocrx_word' id='word_1_448' title='bbox 1602 3421 1738 3493; x_wconf 84' lang='grc' dir='ltr'>ἀλη-</span> 
     </span>
    </p>
   </div>
   <div class='ocr_carea' id='block_1_65' title="bbox 157 3508 1732 3579">
    <p class='ocr_par' dir='ltr' id='par_1_65' title="bbox 157 3508 1732 3579">
     <span class='ocr_line' id='line_1_65' title="bbox 157 3508 1732 3579; baseline 0 -19"><span class='ocrx_word' id='word_1_449' title='bbox 157 3509 292 3573; x_wconf 76' lang='grc' dir='ltr'>θὲς,</span> <span class='ocrx_word' id='word_1_450' title='bbox 327 3508 512 3578; x_wconf 77' lang='grc' dir='ltr'>ὥσπερ</span> <span class='ocrx_word' id='word_1_451' title='bbox 541 3513 634 3561; x_wconf 78' lang='grc' dir='ltr'>καὶ</span> <span class='ocrx_word' id='word_1_452' title='bbox 660 3509 866 3579; x_wconf 77' lang='grc' dir='ltr'>ἁληθῆς</span> <span class='ocrx_word' id='word_1_453' title='bbox 891 3511 918 3559; x_wconf 87' lang='grc' dir='ltr'>ὁ</span> <span class='ocrx_word' id='word_1_454' title='bbox 951 3509 1163 3561; x_wconf 85' lang='grc' dir='ltr'>Παύλου</span> <span class='ocrx_word' id='word_1_455' title='bbox 1198 3509 1374 3574; x_wconf 84' lang='grc' dir='ltr'>λόγος,</span> <span class='ocrx_word' id='word_1_456' title='bbox 1409 3508 1468 3560; x_wconf 72' lang='grc' dir='ltr'>τὸ</span> <span class='ocrx_word' id='word_1_457' title='bbox 1501 3509 1732 3560; x_wconf 74' lang='grc' dir='ltr'>ἕκαστον</span> 
     </span>
    </p>
   </div>
   <div class='ocr_carea' id='block_1_66' title="bbox 142 3598 1737 3670">
    <p class='ocr_par' dir='ltr' id='par_1_66' title="bbox 142 3598 1737 3670">
     <span class='ocr_line' id='line_1_66' title="bbox 142 3598 1737 3670; baseline 0 -19"><span class='ocrx_word' id='word_1_458' title='bbox 142 3602 255 3652; x_wconf 70' lang='grc' dir='ltr'><strong>τον</strong></span> <span class='ocrx_word' id='word_1_459' title='bbox 298 3599 423 3652; x_wconf 74' lang='grc' dir='ltr'>ἴδιον</span> <span class='ocrx_word' id='word_1_460' title='bbox 457 3600 614 3650; x_wconf 79' lang='grc' dir='ltr'>πόνον</span> <span class='ocrx_word' id='word_1_461' title='bbox 665 3599 950 3667; x_wconf 58' lang='grc' dir='ltr'>λήψεσθαι,</span> <span class='ocrx_word' id='word_1_462' title='bbox 1008 3601 1124 3661; x_wconf 83' lang='grc' dir='ltr'>πῶς</span> <span class='ocrx_word' id='word_1_463' title='bbox 1150 3598 1209 3651; x_wconf 80' lang='grc' dir='ltr'><strong>ού</strong></span> <span class='ocrx_word' id='word_1_464' title='bbox 1246 3599 1492 3670; x_wconf 85' lang='grc' dir='ltr'>μακαρία</span> <span class='ocrx_word' id='word_1_465' title='bbox 1519 3599 1595 3668; x_wconf 76' lang='grc' dir='ltr'>τῷ</span> <span class='ocrx_word' id='word_1_466' title='bbox 1621 3600 1737 3652; x_wconf 75' lang='grc' dir='ltr'>ὄντι</span> 
     </span>
    </p>
   </div>
   <div class='ocr_carea' id='block_1_67' title="bbox 146 3689 1744 3761">
    <p class='ocr_par' dir='ltr' id='par_1_67' title="bbox 146 3689 1744 3761">
     <span class='ocr_line' id='line_1_67' title="bbox 146 3689 1744 3761; baseline 0.001 -18"><span class='ocrx_word' id='word_1_467' title='bbox 146 3695 262 3743; x_wconf 72' lang='grc' dir='ltr'>καὶ</span> <span class='ocrx_word' id='word_1_468' title='bbox 300 3690 432 3741; x_wconf 78' lang='grc' dir='ltr'>θεοῦ</span> <span class='ocrx_word' id='word_1_469' title='bbox 458 3689 629 3757; x_wconf 83' lang='grc' dir='ltr'>δῶρον</span> <span class='ocrx_word' id='word_1_470' title='bbox 656 3691 688 3759; x_wconf 86' lang='grc' dir='ltr'><strong>ή</strong></span> <span class='ocrx_word' id='word_1_471' title='bbox 717 3691 987 3761; x_wconf 82' lang='grc' dir='ltr'>Θεοδώρα,</span> <span class='ocrx_word' id='word_1_472' title='bbox 1049 3691 1319 3745; x_wconf 81' lang='grc' dir='ltr'>τοσούτων</span> <span class='ocrx_word' id='word_1_473' title='bbox 1385 3691 1563 3745; x_wconf 80' lang='grc' dir='ltr'>πόνων</span> <span class='ocrx_word' id='word_1_474' title='bbox 1620 3709 1744 3745; x_wconf 82' lang='grc' dir='ltr'>τοσ-</span> 
     </span>
    </p>
   </div>
   <div class='ocr_carea' id='block_1_68' title="bbox 143 3780 1744 3853">
    <p class='ocr_par' dir='ltr' id='par_1_68' title="bbox 143 3780 1744 3853">
     <span class='ocr_line' id='line_1_68' title="bbox 143 3780 1744 3853; baseline 0 -17"><span class='ocrx_word' id='word_1_475' title='bbox 143 3783 366 3844; x_wconf 66' lang='grc' dir='ltr'>αὐτούς</span> <span class='ocrx_word' id='word_1_476' title='bbox 431 3782 895 3852; x_wconf 67' lang='grc' dir='ltr'>ἀπολαμϐάνουσα</span> <span class='ocrx_word' id='word_1_477' title='bbox 959 3784 1084 3847; x_wconf 76' lang='grc' dir='ltr'>τοὺς</span> <span class='ocrx_word' id='word_1_478' title='bbox 1167 3784 1388 3853; x_wconf 88' lang='grc' dir='ltr'>μισθούς</span> <span class='ocrx_word' id='word_1_479' title='bbox 1425 3799 1438 3814; x_wconf 77' lang='grc' dir='ltr'><strong>ο</strong></span> <span class='ocrx_word' id='word_1_480' title='bbox 1500 3780 1568 3853; x_wconf 78' lang='grc' dir='ltr'>ἧς</span> <span class='ocrx_word' id='word_1_481' title='bbox 1623 3789 1744 3847; x_wconf 81' lang='grc' dir='ltr'>ταῖς</span> 
     </span>
    </p>
   </div>
   <div class='ocr_carea' id='block_1_69' title="bbox 143 3875 1742 3947">
    <p class='ocr_par' dir='ltr' id='par_1_69' title="bbox 143 3875 1742 3947">
     <span class='ocr_line' id='line_1_69' title="bbox 143 3875 1742 3947; baseline 0 -19"><span class='ocrx_word' id='word_1_482' title='bbox 143 3875 494 3947; x_wconf 80' lang='grc' dir='ltr'>πρεσὸείαις</span> <span class='ocrx_word' id='word_1_483' title='bbox 539 3878 634 3930; x_wconf 81' lang='grc' dir='ltr'>καὶ</span> <span class='ocrx_word' id='word_1_484' title='bbox 696 3879 850 3946; x_wconf 73' lang='grc' dir='ltr'>ἡμῶν</span> <span class='ocrx_word' id='word_1_485' title='bbox 913 3877 1122 3944; x_wconf 82' lang='grc' dir='ltr'>γένοιτο</span> <span class='ocrx_word' id='word_1_486' title='bbox 1153 3877 1248 3946; x_wconf 81' lang='grc' dir='ltr'>τῆς</span> <span class='ocrx_word' id='word_1_487' title='bbox 1284 3877 1392 3928; x_wconf 80' lang='grc' dir='ltr'><strong>τῶν</strong></span> <span class='ocrx_word' id='word_1_488' title='bbox 1421 3875 1742 3947; x_wconf 76' lang='grc' dir='ltr'>σωζομένων</span> 
     </span>
    </p>
   </div>
   <div class='ocr_carea' id='block_1_70' title="bbox 139 3969 1730 4042">
    <p class='ocr_par' dir='ltr' id='par_1_70' title="bbox 139 3969 1730 4042">
     <span class='ocr_line' id='line_1_70' title="bbox 139 3969 1730 4042; baseline 0.001 -20"><span class='ocrx_word' id='word_1_489' title='bbox 139 3969 427 4038; x_wconf 77' lang='grc' dir='ltr'>γενέσθαι</span> <span class='ocrx_word' id='word_1_490' title='bbox 499 3969 738 4036; x_wconf 79' lang='grc' dir='ltr'>μερίδος,</span> <span class='ocrx_word' id='word_1_491' title='bbox 791 3969 973 4040; x_wconf 73' lang='grc' dir='ltr'>χάριτι</span> <span class='ocrx_word' id='word_1_492' title='bbox 1020 3971 1112 4023; x_wconf 72' lang='grc' dir='ltr'><strong>καὶ</strong></span> <span class='ocrx_word' id='word_1_493' title='bbox 1167 3969 1550 4042; x_wconf 62' lang='grc' dir='ltr'>φιλανθρωπία.</span> <span class='ocrx_word' id='word_1_494' title='bbox 1584 3971 1730 4041; x_wconf 80' lang='grc' dir='ltr'>Χρι-</span> 
     </span>
    </p>
   </div>
   <div class='ocr_carea' id='block_1_71' title="bbox 142 4056 1742 4136">
    <p class='ocr_par' dir='ltr' id='par_1_71' title="bbox 142 4056 1742 4136">
     <span class='ocr_line' id='line_1_71' title="bbox 142 4056 1742 4136; baseline -0.001 -20"><span class='ocrx_word' id='word_1_495' title='bbox 142 4063 304 4116; x_wconf 75' lang='grc' dir='ltr'>στοῦ</span> <span class='ocrx_word' id='word_1_496' title='bbox 352 4062 605 4132; x_wconf 83' lang='grc' dir='ltr'>ἀληθινοῦ</span> <span class='ocrx_word' id='word_1_497' title='bbox 651 4061 786 4115; x_wconf 78' lang='grc' dir='ltr'>Θεοῦ</span> <span class='ocrx_word' id='word_1_498' title='bbox 821 4063 996 4132; x_wconf 82' lang='grc' dir='ltr'>ἡμῶν,</span> <span class='ocrx_word' id='word_1_499' title='bbox 1194 4063 1320 4129; x_wconf 74' lang='grc' dir='ltr'>δόξα</span> <span class='ocrx_word' id='word_1_500' title='bbox 1351 4066 1448 4117; x_wconf 79' lang='grc' dir='ltr'>καὶ</span> <span class='ocrx_word' id='word_1_501' title='bbox 1497 4064 1557 4117; x_wconf 86' lang='grc' dir='ltr'><strong>τὸ</strong></span> <span class='ocrx_word' id='word_1_502' title='bbox 1603 4064 1742 4132; x_wconf 72' lang='grc' dir='ltr'>κρά-</span> 
     </span>
    </p>
   </div>
   <div class='ocr_carea' id='block_1_72' title="bbox 143 4152 1737 4221">
    <p class='ocr_par' dir='ltr' id='par_1_72' title="bbox 143 4152 1737 4221">
     <span class='ocr_line' id='line_1_72' title="bbox 143 4152 1737 4221; baseline 0.001 -13"><span class='ocrx_word' id='word_1_503' title='bbox 143 4173 282 4218; x_wconf 78' lang='grc' dir='ltr'>τος,</span> <span class='ocrx_word' id='word_1_504' title='bbox 325 4152 416 4206; x_wconf 85' lang='grc' dir='ltr'>νῦν</span> <span class='ocrx_word' id='word_1_505' title='bbox 447 4155 541 4206; x_wconf 69' lang='grc' dir='ltr'><strong>καὶ</strong></span> <span class='ocrx_word' id='word_1_506' title='bbox 564 4155 670 4221; x_wconf 71' lang='grc' dir='ltr'>ἀεὶ,</span> <span class='ocrx_word' id='word_1_507' title='bbox 704 4155 800 4210; x_wconf 83' lang='grc' dir='ltr'><strong>καί</strong></span> <span class='ocrx_word' id='word_1_508' title='bbox 828 4155 906 4220; x_wconf 78' lang='grc' dir='ltr'><strong>είς</strong></span> <span class='ocrx_word' id='word_1_509' title='bbox 941 4159 1064 4220; x_wconf 69' lang='grc' dir='ltr'>τοὺς</span> <span class='ocrx_word' id='word_1_510' title='bbox 1099 4155 1302 4218; x_wconf 74' lang='grc' dir='ltr'>αἰῶνας</span> <span class='ocrx_word' id='word_1_511' title='bbox 1339 4155 1449 4208; x_wconf 81' lang='grc' dir='ltr'><strong>τῶν</strong></span> <span class='ocrx_word' id='word_1_512' title='bbox 1504 4155 1737 4210; x_wconf 80' lang='grc' dir='ltr'>αἰώνων.</span> 
     </span>
    </p>
   </div>
   <div class='ocr_carea' id='block_1_73' title="bbox 158 4249 385 4318">
    <p class='ocr_par' dir='ltr' id='par_1_73' title="bbox 158 4249 385 4318">
     <span class='ocr_line' id='line_1_73' title="bbox 158 4249 385 4318; baseline -0.004 -17"><span class='ocrx_word' id='word_1_513' title='bbox 158 4250 225 4301; x_wconf 76' lang='grc' dir='ltr'>Ἀ</span> <span class='ocrx_word' id='word_1_514' title='bbox 243 4249 385 4318; x_wconf 70' lang='grc' dir='ltr'>μήν.</span> 
     </span>
    </p>
   </div>
   <div class='ocr_carea' id='block_1_74' title="bbox 277 4526 696 4592">
    <p class='ocr_par' dir='ltr' id='par_1_74' title="bbox 277 4526 696 4592">
     <span class='ocr_line' id='line_1_74' title="bbox 277 4526 696 4592; baseline -0.014 -9"><span class='ocrx_word' id='word_1_515' title='bbox 277 4527 349 4582; x_wconf 80' lang='lat' dir='ltr'><strong>&#39;l</strong></span> <span class='ocrx_word' id='word_1_516' title='bbox 377 4526 503 4581; x_wconf 84' lang='lat' dir='ltr'><strong>Cor.</strong></span> <span class='ocrx_word' id='word_1_517' title='bbox 534 4539 612 4592; x_wconf 85' lang='lat' dir='ltr'><strong>lu,</strong></span> <span class='ocrx_word' id='word_1_518' title='bbox 645 4526 696 4579; x_wconf 84' lang='lat'><strong>8.</strong></span> 
     </span>
    </p>
   </div>
   <div class='ocr_carea' id='block_1_75' title="bbox 1836 3227 3400 3302">
    <p class='ocr_par' dir='ltr' id='par_1_75' title="bbox 1836 3227 3400 3302">
     <span class='ocr_line' id='line_1_75' title="bbox 1836 3227 3400 3302; baseline -0.008 -11"><span class='ocrx_word' id='word_1_519' title='bbox 1836 3237 1999 3293; x_wconf 79' lang='lat' dir='ltr'><strong>fuerit</strong></span> <span class='ocrx_word' id='word_1_520' title='bbox 2056 3235 2127 3289; x_wconf 88' lang='lat' dir='ltr'><strong>illi</strong></span> <span class='ocrx_word' id='word_1_521' title='bbox 2184 3233 2540 3294; x_wconf 85' lang='lat' dir='ltr'><strong>monasterio,</strong></span> <span class='ocrx_word' id='word_1_522' title='bbox 2577 3233 2723 3302; x_wconf 85' lang='lat' dir='ltr'><strong>justo</strong></span> <span class='ocrx_word' id='word_1_523' title='bbox 2779 3245 2964 3284; x_wconf 90' lang='lat' dir='ltr'><strong>eorum</strong></span> <span class='ocrx_word' id='word_1_524' title='bbox 3021 3229 3246 3298; x_wconf 86' lang='lat' dir='ltr'><strong>judicio,</strong></span> <span class='ocrx_word' id='word_1_525' title='bbox 3306 3227 3400 3296; x_wconf 92' lang='lat' dir='ltr'><strong>qui</strong></span> 
     </span>
    </p>
   </div>
   <div class='ocr_carea' id='block_1_76' title="bbox 1838 3319 3396 3399">
    <p class='ocr_par' dir='ltr' id='par_1_76' title="bbox 1838 3319 3396 3399">
     <span class='ocr_line' id='line_1_76' title="bbox 1838 3319 3396 3399; baseline -0.01 -13"><span class='ocrx_word' id='word_1_526' title='bbox 1838 3331 2002 3386; x_wconf 85' lang='lat' dir='ltr'><strong>vitam</strong></span> <span class='ocrx_word' id='word_1_527' title='bbox 2067 3329 2211 3382; x_wconf 89' lang='lat' dir='ltr'><strong>illius</strong></span> <span class='ocrx_word' id='word_1_528' title='bbox 2269 3325 2692 3399; x_wconf 77' lang='lat' dir='ltr'><strong>cognoscebant,</strong></span> <span class='ocrx_word' id='word_1_529' title='bbox 2762 3333 2818 3379; x_wconf 87' lang='lat' dir='ltr'><strong>et</strong></span> <span class='ocrx_word' id='word_1_530' title='bbox 2865 3336 2989 3377; x_wconf 89' lang='lat' dir='ltr'><strong>eum</strong></span> <span class='ocrx_word' id='word_1_531' title='bbox 3043 3319 3144 3375; x_wconf 88' lang='lat' dir='ltr'><strong>sibi</strong></span> <span class='ocrx_word' id='word_1_532' title='bbox 3190 3319 3396 3389; x_wconf 79' lang='lat' dir='ltr'><strong>praeﬁci</strong></span> 
     </span>
    </p>
   </div>
   <div class='ocr_carea' id='block_1_77' title="bbox 1835 3409 3406 3479">
    <p class='ocr_par' dir='ltr' id='par_1_77' title="bbox 1835 3409 3406 3479">
     <span class='ocr_line' id='line_1_77' title="bbox 1835 3409 3406 3479; baseline -0.009 -1"><span class='ocrx_word' id='word_1_533' title='bbox 1835 3421 2295 3478; x_wconf 81' lang='lat' dir='ltr'><strong>desideraverant.</strong></span> <span class='ocrx_word' id='word_1_534' title='bbox 2367 3417 2514 3472; x_wconf 85' lang='lat' dir='ltr'><strong>Talis</strong></span> <span class='ocrx_word' id='word_1_535' title='bbox 2593 3415 2696 3470; x_wconf 77' lang='lat' dir='ltr'><strong>fuit</strong></span> <span class='ocrx_word' id='word_1_536' title='bbox 2767 3413 2892 3470; x_wconf 74' lang='lat' dir='ltr'><strong>ﬁnis</strong></span> <span class='ocrx_word' id='word_1_537' title='bbox 2941 3413 3186 3468; x_wconf 89' lang='lat' dir='ltr'><strong>laborum</strong></span> <span class='ocrx_word' id='word_1_538' title='bbox 3249 3409 3406 3479; x_wconf 88' lang='lat' dir='ltr'><strong>hujus</strong></span> 
     </span>
    </p>
   </div>
   <div class='ocr_carea' id='block_1_78' title="bbox 1834 3507 3406 3577">
    <p class='ocr_par' dir='ltr' id='par_1_78' title="bbox 1834 3507 3406 3577">
     <span class='ocr_line' id='line_1_78' title="bbox 1834 3507 3406 3577; baseline -0.008 -8"><span class='ocrx_word' id='word_1_539' title='bbox 1834 3516 2026 3574; x_wconf 65' lang='lat' dir='ltr'><strong>beatae,</strong></span> <span class='ocrx_word' id='word_1_540' title='bbox 2088 3523 2142 3566; x_wconf 88' lang='lat' dir='ltr'><strong>et</strong></span> <span class='ocrx_word' id='word_1_541' title='bbox 2210 3513 2325 3564; x_wconf 75' lang='lat' dir='ltr'><strong>lucc</strong></span> <span class='ocrx_word' id='word_1_542' title='bbox 2398 3519 2483 3563; x_wconf 90' lang='lat' dir='ltr'><strong>est</strong></span> <span class='ocrx_word' id='word_1_543' title='bbox 2530 3508 2771 3563; x_wconf 87' lang='lat' dir='ltr'><strong>narratio</strong></span> <span class='ocrx_word' id='word_1_544' title='bbox 2830 3507 2948 3576; x_wconf 86' lang='lat' dir='ltr'><strong>ejus</strong></span> <span class='ocrx_word' id='word_1_545' title='bbox 3030 3507 3406 3577; x_wconf 70' lang='lat' dir='ltr'><strong>praeclarorum</strong></span> 
     </span>
    </p>
   </div>
   <div class='ocr_carea' id='block_1_79' title="bbox 1842 3596 3406 3674">
    <p class='ocr_par' dir='ltr' id='par_1_79' title="bbox 1842 3596 3406 3674">
     <span class='ocr_line' id='line_1_79' title="bbox 1842 3596 3406 3674; baseline -0.008 -13"><span class='ocrx_word' id='word_1_546' title='bbox 1842 3605 2224 3661; x_wconf 84' lang='lat' dir='ltr'><strong>certaminum.</strong></span> <span class='ocrx_word' id='word_1_547' title='bbox 2251 3603 2458 3674; x_wconf 78' lang='lat' dir='ltr'><strong>Silergo</strong></span> <span class='ocrx_word' id='word_1_548' title='bbox 2496 3616 2684 3656; x_wconf 80' lang='lat' dir='ltr'><strong>verum</strong></span> <span class='ocrx_word' id='word_1_549' title='bbox 2716 3609 2820 3662; x_wconf 88' lang='lat' dir='ltr'><strong>est,</strong></span> <span class='ocrx_word' id='word_1_550' title='bbox 2848 3609 2910 3654; x_wconf 91' lang='lat' dir='ltr'><strong>ut</strong></span> <span class='ocrx_word' id='word_1_551' title='bbox 2958 3615 3148 3652; x_wconf 87' lang='lat' dir='ltr'><strong>verum</strong></span> <span class='ocrx_word' id='word_1_552' title='bbox 3185 3596 3406 3666; x_wconf 87' lang='lat' dir='ltr'><strong>quidem</strong></span> 
     </span>
    </p>
   </div>
   <div class='ocr_carea' id='block_1_80' title="bbox 1841 3695 3407 3768">
    <p class='ocr_par' dir='ltr' id='par_1_80' title="bbox 1841 3695 3407 3768">
     <span class='ocr_line' id='line_1_80' title="bbox 1841 3695 3407 3768; baseline -0.008 -13"><span class='ocrx_word' id='word_1_553' title='bbox 1841 3710 2007 3764; x_wconf 87' lang='lat' dir='ltr'><strong>certe,</strong></span> <span class='ocrx_word' id='word_1_554' title='bbox 2065 3697 2209 3768; x_wconf 89' lang='lat' dir='ltr'><strong>quod</strong></span> <span class='ocrx_word' id='word_1_555' title='bbox 2253 3697 2383 3752; x_wconf 87' lang='lat' dir='ltr'><strong>dicit</strong></span> <span class='ocrx_word' id='word_1_556' title='bbox 2432 3695 2629 3749; x_wconf 79' lang='lat' dir='ltr'><strong>Paulus</strong></span> <span class='ocrx_word' id='word_1_557' title='bbox 2660 3695 2704 3757; x_wconf 73' lang='grc' dir='ltr'><strong>θ,</strong></span> <span class='ocrx_word' id='word_1_558' title='bbox 2771 3704 3211 3760; x_wconf 88' lang='lat' dir='ltr'><strong>unumquemque</strong></span> <span class='ocrx_word' id='word_1_559' title='bbox 3255 3703 3407 3744; x_wconf 85' lang='lat' dir='ltr'><strong>acce-</strong></span> 
     </span>
    </p>
   </div>
   <div class='ocr_carea' id='block_1_81' title="bbox 1841 3780 3407 3861">
    <p class='ocr_par' dir='ltr' id='par_1_81' title="bbox 1841 3780 3407 3861">
     <span class='ocr_line' id='line_1_81' title="bbox 1841 3780 3407 3861; baseline -0.01 -14"><span class='ocrx_word' id='word_1_560' title='bbox 1841 3803 2062 3861; x_wconf 85' lang='lat' dir='ltr'><strong>pturum</strong></span> <span class='ocrx_word' id='word_1_561' title='bbox 2101 3791 2376 3860; x_wconf 85' lang='lat' dir='ltr'><strong>propriam</strong></span> <span class='ocrx_word' id='word_1_562' title='bbox 2437 3788 2742 3840; x_wconf 82' lang='lat' dir='ltr'><strong>mercedem</strong></span> <span class='ocrx_word' id='word_1_563' title='bbox 2798 3784 3097 3838; x_wconf 80' lang='lat' dir='ltr'><strong>secundum</strong></span> <span class='ocrx_word' id='word_1_564' title='bbox 3131 3780 3407 3852; x_wconf 84' lang='lat' dir='ltr'><strong>prOprium</strong></span> 
     </span>
    </p>
   </div>
   <div class='ocr_carea' id='block_1_82' title="bbox 1847 3873 3407 3951">
    <p class='ocr_par' dir='ltr' id='par_1_82' title="bbox 1847 3873 3407 3951">
     <span class='ocr_line' id='line_1_82' title="bbox 1847 3873 3407 3951; baseline -0.012 -12"><span class='ocrx_word' id='word_1_565' title='bbox 1847 3884 2124 3939; x_wconf 76' lang='lat' dir='ltr'><strong>laboremt</strong></span> <span class='ocrx_word' id='word_1_566' title='bbox 2162 3877 2621 3951; x_wconf 89' lang='lat' dir='ltr'><strong>quemadmodum</strong></span> <span class='ocrx_word' id='word_1_567' title='bbox 2670 3890 2778 3929; x_wconf 91' lang='lat' dir='ltr'><strong>non</strong></span> <span class='ocrx_word' id='word_1_568' title='bbox 2815 3884 2898 3928; x_wconf 87' lang='lat' dir='ltr'><strong>est</strong></span> <span class='ocrx_word' id='word_1_569' title='bbox 2924 3873 3105 3934; x_wconf 84' lang='lat' dir='ltr'><strong>beata,</strong></span> <span class='ocrx_word' id='word_1_570' title='bbox 3141 3881 3193 3924; x_wconf 85' lang='lat' dir='ltr'><strong>et</strong></span> <span class='ocrx_word' id='word_1_571' title='bbox 3223 3885 3407 3926; x_wconf 77' lang='lat' dir='ltr'><strong>revera</strong></span> 
     </span>
    </p>
   </div>
   <div class='ocr_carea' id='block_1_83' title="bbox 1845 3961 3412 4038">
    <p class='ocr_par' dir='ltr' id='par_1_83' title="bbox 1845 3961 3412 4038">
     <span class='ocr_line' id='line_1_83' title="bbox 1845 3961 3412 4038; baseline -0.01 -10"><span class='ocrx_word' id='word_1_572' title='bbox 1845 3975 1938 4029; x_wconf 80' lang='lat' dir='ltr'><strong>Dei</strong></span> <span class='ocrx_word' id='word_1_573' title='bbox 1971 3976 2175 4030; x_wconf 91' lang='lat' dir='ltr'><strong>donum</strong></span> <span class='ocrx_word' id='word_1_574' title='bbox 2213 3973 2522 4035; x_wconf 83' lang='lat' dir='ltr'><strong>Theodora,</strong></span> <span class='ocrx_word' id='word_1_575' title='bbox 2560 3984 2680 4038; x_wconf 79' lang='lat' dir='ltr'><strong>quae</strong></span> <span class='ocrx_word' id='word_1_576' title='bbox 2734 3967 3040 4022; x_wconf 83' lang='lat' dir='ltr'><strong>mercedem</strong></span> <span class='ocrx_word' id='word_1_577' title='bbox 3090 3961 3291 4032; x_wconf 86' lang='lat' dir='ltr'><strong>accipit</strong></span> <span class='ocrx_word' id='word_1_578' title='bbox 3333 3969 3412 4017; x_wconf 89' lang='lat' dir='ltr'><strong>tot</strong></span> 
     </span>
    </p>
   </div>
   <div class='ocr_carea' id='block_1_84' title="bbox 1844 4057 3413 4136">
    <p class='ocr_par' dir='ltr' id='par_1_84' title="bbox 1844 4057 3413 4136">
     <span class='ocr_line' id='line_1_84' title="bbox 1844 4057 3413 4136; baseline -0.012 -13"><span class='ocrx_word' id='word_1_579' title='bbox 1844 4071 2087 4123; x_wconf 82' lang='lat' dir='ltr'><strong>laborum</strong></span> <span class='ocrx_word' id='word_1_580' title='bbox 2120 4067 2143 4121; x_wconf 68' lang='lat'><strong><em>1</em></strong></span> <span class='ocrx_word' id='word_1_581' title='bbox 2179 4066 2347 4136; x_wconf 85' lang='lat' dir='ltr'><strong>Cujus</strong></span> <span class='ocrx_word' id='word_1_582' title='bbox 2401 4061 2887 4117; x_wconf 86' lang='lat' dir='ltr'><strong>intercessionibus</strong></span> <span class='ocrx_word' id='word_1_583' title='bbox 2955 4057 3303 4118; x_wconf 82' lang='lat' dir='ltr'><strong>concedatur,</strong></span> <span class='ocrx_word' id='word_1_584' title='bbox 3354 4061 3413 4105; x_wconf 89' lang='lat' dir='ltr'><strong>ut</strong></span> 
     </span>
    </p>
   </div>
   <div class='ocr_carea' id='block_1_85' title="bbox 1844 4145 3406 4228">
    <p class='ocr_par' dir='ltr' id='par_1_85' title="bbox 1844 4145 3406 4228">
     <span class='ocr_line' id='line_1_85' title="bbox 1844 4145 3406 4228; baseline -0.014 -11"><span class='ocrx_word' id='word_1_585' title='bbox 1844 4176 1945 4216; x_wconf 90' lang='lat' dir='ltr'><strong>nos</strong></span> <span class='ocrx_word' id='word_1_586' title='bbox 1975 4172 2193 4228; x_wconf 87' lang='lat' dir='ltr'><strong>quoque</strong></span> <span class='ocrx_word' id='word_1_587' title='bbox 2225 4157 2394 4211; x_wconf 87' lang='lat' dir='ltr'><strong>simus</strong></span> <span class='ocrx_word' id='word_1_588' title='bbox 2425 4169 2454 4209; x_wconf 88' lang='lat' dir='ltr'><strong>e</strong></span> <span class='ocrx_word' id='word_1_589' title='bbox 2480 4167 2709 4207; x_wconf 89' lang='lat' dir='ltr'><strong>numero</strong></span> <span class='ocrx_word' id='word_1_590' title='bbox 2737 4166 2923 4205; x_wconf 90' lang='lat' dir='ltr'><strong>eorum</strong></span> <span class='ocrx_word' id='word_1_591' title='bbox 2958 4150 3047 4217; x_wconf 89' lang='lat' dir='ltr'><strong>qui</strong></span> <span class='ocrx_word' id='word_1_592' title='bbox 3075 4146 3204 4199; x_wconf 81' lang='lat' dir='ltr'><strong>salvi</strong></span> <span class='ocrx_word' id='word_1_593' title='bbox 3251 4145 3406 4201; x_wconf 74' lang='lat' dir='ltr'><strong>ttulit.</strong></span> 
     </span>
    </p>
   </div>
   <div class='ocr_carea' id='block_1_86' title="bbox 1844 4236 3409 4323">
    <p class='ocr_par' dir='ltr' id='par_1_86' title="bbox 1844 4236 3409 4323">
     <span class='ocr_line' id='line_1_86' title="bbox 1844 4236 3409 4323; baseline -0.011 -19"><span class='ocrx_word' id='word_1_594' title='bbox 1844 4252 2015 4323; x_wconf 80' lang='lat' dir='ltr'><strong>gratia</strong></span> <span class='ocrx_word' id='word_1_595' title='bbox 2065 4259 2121 4304; x_wconf 90' lang='lat' dir='ltr'><strong>et</strong></span> <span class='ocrx_word' id='word_1_596' title='bbox 2182 4247 2473 4306; x_wconf 88' lang='lat' dir='ltr'><strong>clementia</strong></span> <span class='ocrx_word' id='word_1_597' title='bbox 2522 4243 2726 4300; x_wconf 89' lang='lat' dir='ltr'><strong>Christi</strong></span> <span class='ocrx_word' id='word_1_598' title='bbox 2765 4240 2879 4296; x_wconf 86' lang='lat' dir='ltr'><strong>veri</strong></span> <span class='ocrx_word' id='word_1_599' title='bbox 2932 4238 3024 4294; x_wconf 88' lang='lat' dir='ltr'><strong>Dei</strong></span> <span class='ocrx_word' id='word_1_600' title='bbox 3088 4236 3284 4301; x_wconf 89' lang='lat' dir='ltr'><strong>nostri,</strong></span> <span class='ocrx_word' id='word_1_601' title='bbox 3320 4237 3409 4288; x_wconf 87' lang='lat' dir='ltr'><strong>cui</strong></span> 
     </span>
    </p>
   </div>
   <div class='ocr_carea' id='block_1_87' title="bbox 1844 4327 3414 4414">
    <p class='ocr_par' dir='ltr' id='par_1_87' title="bbox 1844 4327 3414 4414">
     <span class='ocr_line' id='line_1_87' title="bbox 1844 4327 3414 4414; baseline -0.009 -20"><span class='ocrx_word' id='word_1_602' title='bbox 1844 4342 2011 4414; x_wconf 68' lang='lat' dir='ltr'><strong>gloria</strong></span> <span class='ocrx_word' id='word_1_603' title='bbox 2045 4351 2098 4395; x_wconf 88' lang='lat' dir='ltr'><strong>et</strong></span> <span class='ocrx_word' id='word_1_604' title='bbox 2131 4337 2393 4409; x_wconf 87' lang='lat' dir='ltr'><strong>polentia,</strong></span> <span class='ocrx_word' id='word_1_605' title='bbox 2432 4350 2576 4392; x_wconf 89' lang='lat' dir='ltr'><strong>nunc</strong></span> <span class='ocrx_word' id='word_1_606' title='bbox 2633 4343 2688 4390; x_wconf 90' lang='lat' dir='ltr'><strong>et</strong></span> <span class='ocrx_word' id='word_1_607' title='bbox 2736 4347 2977 4404; x_wconf 86' lang='lat' dir='ltr'><strong>semper,</strong></span> <span class='ocrx_word' id='word_1_608' title='bbox 3030 4341 3080 4386; x_wconf 95' lang='lat' dir='ltr'><strong>et</strong></span> <span class='ocrx_word' id='word_1_609' title='bbox 3116 4330 3168 4385; x_wconf 91' lang='lat' dir='ltr'><strong>in</strong></span> <span class='ocrx_word' id='word_1_610' title='bbox 3221 4327 3414 4383; x_wconf 75' lang='lat' dir='ltr'><strong>saecula</strong></span> 
     </span>
    </p>
   </div>
   <div class='ocr_carea' id='block_1_88' title="bbox 1848 4431 2405 4491">
    <p class='ocr_par' dir='ltr' id='par_1_88' title="bbox 1848 4431 2405 4491">
     <span class='ocr_line' id='line_1_88' title="bbox 1848 4431 2405 4491; baseline -0.016 0"><span class='ocrx_word' id='word_1_611' title='bbox 1848 4436 2184 4491; x_wconf 70' lang='lat' dir='ltr'><strong>saeculorum.</strong></span> <span class='ocrx_word' id='word_1_612' title='bbox 2212 4431 2405 4487; x_wconf 82' lang='lat' dir='ltr'><strong>Amen.</strong></span> 
     </span>
    </p>
   </div>
  </div>
