4156 6314
189 384 296 455 697
1211 375 1670 440 MARTYRIUM
1708 377 1768 437 S.
1805 375 2098 438 NICETE
2138 379 2397 440 GOTI-IL
3318 375 3426 441 698

188 498 350 558 αὐτὸς
383 492 683 567 βεϐληκὼς,
715 491 970 566 αὐτόχειρ
1015 494 1223 564 γίνεται
1259 493 1355 548 τοῦ
1413 493 1750 564 θηράματος.
1784 496 1827 554 Α

1863 504 1978 547 rant
2013 493 2273 563 reliquiae,
2299 495 2534 563 leporem
2561 509 2690 550 arcu
2749 494 2975 558 feriens,
3029 493 3265 564 praedam
3312 507 3424 547 sua

190 585 324 641 Εῐτα
361 590 455 640 καὶ
497 588 633 641 ἄλλα
689 587 798 640 τῶν
859 587 1013 651 ζώων
1048 587 1342 658 θηρεύσας,
1371 588 1637 650 ἐπάνεισι,
1661 585 1756 638 καὶ

1863 600 2022 639 manu
2048 588 2266 642 occidit.
2305 590 2504 644 Deinde
2537 604 2658 644 cum
2699 589 2861 642 etiam
2888 586 2992 641 alia
3033 599 3256 642 venatus
3282 593 3429 640 esset

188 681 332 747 ὁρῶν
381 679 448 732 δι’
505 679 714 749 ὀνείρου
747 679 838 731 τὸν
898 679 1149 749 μάρτυρα
1198 679 1642 748 προτρεπόμενον
1699 678 1758 730 ἐν

1863 678 2130 741 animalia.
2165 683 2472 742 revertitur.
2507 692 2559 736 et
2595 683 2649 735 in
2687 680 2896 736 somnis
2944 679 3092 734 videt
3133 687 3422 748 martyrem

188 769 268 838 τῷ
307 771 456 838 τόπῳ
499 762 651 838 ᾧπερ
700 770 859 839 ἔτυχε
897 773 986 821 τὸν
1033 769 1214 836 λαγὼν
1266 769 1529 841 θηράσας,
1556 767 1758 838 σκηνὴν

1863 767 1905 820 ei
1935 769 2362 837 praecipientem,
2391 780 2449 826 ut
2476 772 2528 824 in
2549 771 2664 825 loco
2686 774 2736 824 in
2757 786 2864 840 quo
2884 779 2998 823 erat
3017 779 3248 823 venatus
3270 768 3422 836 lepo-

196 862 334 931 πρὸς
361 861 572 930 οἴκησιν
599 861 893 929 πήξασθαι,
924 863 1148 914 κάκεῖσε
1175 861 1452 931 διαμένειν
1483 862 1548 914 εκ
1578 861 1756 928 γειτό-

1863 875 2000 924 rem,
2038 862 2445 916 tabernaculum
2487 865 2677 934 ﬁgeret
2706 863 2771 917 ad
2799 861 3180 925 habitandum,
3212 869 3266 914 et
3296 874 3426 928 per-

187 970 296 1003 νων
321 951 611 1020 αὑτᾷ)Ἴοῦ
650 953 704 1005 δὲ
741 955 933 1006 θᾶττον
964 953 1023 1004 τὸ
1060 952 1486 1021 διατεταγμένον
1527 951 1759 1004 ἀνύσαν-

1863 963 2107 1006 maneret
2137 953 2244 1007 illic
2274 955 2321 1008 ei
2357 954 2592 1010 vicinus.
2617 956 2753 1008 Cum
2780 955 2826 1008 is
2869 963 3050 1007 autem
3086 953 3199 1007 cito
3241 949 3425 1020 peric-

189 1057 305 1102 τος.
333 1042 469 1110 μετὰ
491 1058 639 1102 τινας
665 1043 887 1110 χρόνους
923 1043 1331 1110 ἐμφανέστερον
1363 1042 1390 1094 ὁ
1428 1042 1758 1111 ἱερομάρτνς

1863 1041 2023 1096 cisset
2053 1043 2126 1106 id,
2155 1044 2299 1113 q'uod
2320 1043 2508 1113 jussus
2539 1046 2736 1102 fuerat.
2801 1052 2922 1114 post
2943 1043 3145 1112 aliquot
3175 1057 3349 1095 annos
3374 1039 3422 1093 ei

190 1133 499 1197 ἐφίσταται,
528 1131 622 1184 καὶ
659 1132 803 1194 ὅστις
832 1133 919 1199 εἴη
951 1131 1209 1196 διδάσκει,
1237 1134 1332 1185 καὶ
1362 1133 1444 1184 ὅτι
1490 1134 1588 1201 τῆς
1625 1149 1760 1202 σκη-

1863 1144 2061 1204 martyr
2091 1149 2316 1204 apparet
2351 1136 2680 1200 evidentius,
2721 1146 2778 1190 et
2819 1137 3000 1193 docet.
3061 1135 3308 1204 quisnam
3335 1133 3423 1192 sit,

191 1222 292 1290 νῆς
320 1223 480 1275 αὑτοῦ
521 1223 762 1276 κάτωθεν
805 1223 866 1274 τὸ
893 1223 1037 1293 ἱερὸν
1083 1225 1291 1276 ἐκείνου
1329 1223 1760 1294 τεθησαυρισθαι

1863 1240 1916 1282 et
1947 1229 2087 1297 quod
2117 1230 2216 1283 sub
2250 1229 2392 1282 illius
2422 1228 2773 1283 tabernaculo
2802 1229 3036 1282 condita:
3066 1234 3196 1279 sunt
3259 1239 3426 1277 sacra:

190 1311 465 1382 λείψανον.
501 1313 557 1366 Ὀ
585 1314 639 1365 δὲ
675 1314 1159 1384 στρατιώτης-,οὑκ
1215 1316 1496 1370 ἀκίνδυνον
1546 1317 1758 1386 ἡγησά-

1863 1335 1971 1374 sute
1997 1321 2256 1390 reliquias.
2281 1321 2432 1375 Miles
2466 1335 2597 1374 vero
2638 1335 2743 1374 non
2765 1335 2886 1374 esse
2918 1335 2943 1369 a
2970 1318 3216 1388 periculo
3250 1329 3429 1369 remo-

192 1399 355 1472 μενος
400 1405 506 1456 τῶν
547 1404 731 1457 θεόθεν
787 1406 937 1476 αὐτῷ
990 1409 1335 1477 μηνυθέντων
1380 1409 1478 1479 τὴν
1527 1411 1757 1479 σιωπὴν,

1863 1423 1974 1467 tum
2011 1416 2300 1468 arbitratus
2333 1429 2544 1475 eorum,
2569 1429 2691 1481 qua:
2747 1414 2850 1468 sibi
2903 1412 3168 1465 divinitus
3211 1406 3426 1477 signiti-

187 1487 331 1564 δῆλα
369 1497 545 1551 ταῦτα
587 1497 663 1565 τῷ
707 1492 1049 1568 βασιλεύοντι
1110 1501 1365 1571 καθιστᾷ.
1411 1501 1760 1564 ’Λναστὰσιος

1863 1517 1982 1558 cata
2016 1505 2254 1564 fuerant.
2291 1506 2592 1568 silentium,
2626 1507 2739 1560 haec
2762 1506 2938 1573 aperit
2973 1499 3285 1572 imperatori
3327 1514 3342 1562 ;
3379 1498 3428 1550 is

186 1587 247 1639 δὲ
287 1579 439 1649 οὗτος
469 1584 557 1660 ἦν,
580 1589 637 1652 ὃς
682 1591 926 1643 εὐσεόεῑν
960 1592 1058 1661 μὲν
1081 1591 1334 1662 καθαρῶς
1358 1593 1457 1646 οὐκ
1483 1594 1755 1654 ἐϐούλετο,

1863 1604 2042 1649 autem
2084 1598 2560 1660 eratAnastasius,
2625 1597 2715 1666 qui
2756 1596 2973 1650 nolebat
3027 1595 3242 1663 quidem
3295 1605 3430 1658 pure

188 1680 260 1730 τὰ
300 1678 358 1731 δὲ
390 1680 498 1731 τῶν
530 1682 770 1734 εὐσεϐῶν
800 1683 1058 1746 πολλάκις
1105 1686 1553 1756 ὑποκρινόμενος,
1572 1689 1669 1756 τὴν
1702 1688 1760 1752 ἐξ

1863 1701 1924 1743 ac
1947 1685 2160 1742 sincere
2204 1701 2324 1741 esse
2350 1688 2470 1757 pius
2505 1689 2796 1756 :pietatem
2832 1696 3011 1740 autem
3061 1701 3204 1754 saepe
3257 1683 3430 1736 simu.-

187 1770 494 1840 ἀνθρώπων
555 1773 768 1827 εὖνοιαν
816 1775 1072 1844 ἐθηρᾶτο.
1134 1777 1227 1829 Διὸ
1283 1779 1759 1842 κατασκευάζεται
1793 1838 1828 1846 __

1865 1777 1998 1841 laus.
2030 1781 2279 1846 captabat
2330 1780 2610 1836 hominum
2657 1778 3110 1833 benevolentiam.
3147 1773 3428 1840 Quamob-
3459 1841 3463 1844 _

189 1862 293 1930 μὲν
328 1864 454 1934 παρ’
487 1864 695 1916 ἐκείνου
727 1867 755 1918 ὁ
785 1867 878 1920 νῦν
909 1866 1158 1937 ἑστηκὼς
1216 1869 1510 1938 εὑκτήριος
1562 1867 1718 1933 οἶκος
1742 1886 1756 1901 ·
1792 1838 1832 1892 Β

188 1957 558 2020 ἑγκαινίξεται
587 1958 642 2010 δὲ
677 1960 830 2029 παρὰ
863 1959 958 2012 τοῦ
993 1958 1111 2030 μετ’
1139 1961 1301 2014 αὑτὸν
1350 1961 1448 2032 τὴν
1482 1962 1760 2032 βασιλείαν

1863 1962 2003 2014 edes
2029 1964 2610 2029 oratoria;dcdicalur
2642 1973 2823 2018 autem
2879 1965 2946 2018 ab
2999 1977 3083 2026 eo,
3153 1960 3245 2030 qui
3310 1967 3434 2027 post

191 2049 490 2116 ἰθύνοντος,
549 2051 831 2105 ’1ουστίνου
879 2051 942 2124 δὴ
997 2053 1090 2107 τοῦ
1150 2053 1523 2122 φιλευπεδοῦς·
1557 2054 1614 2117 ὃς
1668 2055 1763 2107 καὶ

1865 2055 2039 2122 ipsum
2072 2057 2283 2110 obtinet
2330 2057 2637 2126 imperium,
2713 2057 2820 2126 pio,
2867 2056 3115 2124 inquam,
3190 2051 3430 2105 Justino.

188 2158 211 2192 ε
229 2141 368 2192 ἱςαεὶ
396 2142 660 2210 διαμένει,
685 2144 896 2198 πολλῶν
929 2144 1234 2214 ἀνθρώποις
1269 2145 1457 2199 κακῶν
1479 2144 1764 2215 ἐλευθερία

1864 2147 1992 2214 Qum
2021 2163 2166 2202 nunc
2187 2164 2407 2218 quoque
2440 2160 2744 2221 permanet,
2799 2157 2852 2202 et
2904 2147 2958 2200 in
3018 2161 3081 2198 ea
3128 2143 3432 2197 liberantur

186 2234 491 2301 γινόμενος.
536 2235 624 2286 Ἐν
652 2236 862 2299 τούτοις
895 2237 994 2307 μὲν
1021 2233 1114 2291 οὖν
1155 2237 1220 2292 τὰ
1252 2239 1394 2293 κατὰ
1446 2239 1535 2292 τὸν
1593 2239 1764 2307 μέγαν

1865 2241 2118 2298 homines
2144 2256 2171 2294 a
2211 2241 2394 2294 multis
2417 2244 2594 2296 malis.
2648 2243 2830 2308 Atque
2859 2240 2975 2293 ltrec
3000 2237 3217 2308 quidem
3281 2241 3430 2298 sunt,

187 2325 498 2394 Αὐτόνομον
529 2326 868 2397 διηγήματα.

1864 2348 1984 2414 ηοω
2007 2335 2074 2388 de
2099 2349 2293 2403 magno
2320 2344 2613 2390 narrantur
2629 2334 2960 2386 Autonomo.

265 2417 354 2482 εἶ’.
390 2417 529 2483 Ἐγὼ
553 2418 630 2484 δὲ,
660 2421 896 2472 νικῶντα
928 2420 1018 2472 τὸν
1050 2421 1290 2491 ἀθλητὴν
1314 2421 1457 2491 ὀρῶν
1478 2423 1580 2491 τὴν
1606 2421 1764 2491 φύσιν

1943 2423 2031 2480 Vl.
2071 2424 2184 2494 Ego
2209 2435 2390 2480 autem
2415 2427 2605 2480 videns
2631 2427 2896 2480 athletam
2941 2423 3102 2478 etiam
3133 2427 3257 2492 post
3287 2433 3438 2473 mor-

186 2509 287 2561 καὶ
326 2512 462 2578 μετὰ
501 2510 728 2564 θάνατον
781 2512 916 2583 προς
967 2513 1274 2582 δοξολογίαν
1320 2515 1452 2566 Θεοῦ
1490 2514 1767 2568 διανίστα-

1869 2527 1976 2572 tem
2010 2519 2322 2573 vincentem
2363 2528 2640 2580 naturam,
2682 2532 2916 2587 exsurgo
2944 2517 3010 2570 ad
3046 2517 3214 2570 Deum
3274 2511 3438 2585 glori-

192 2618 316 2668 μαι.
356 2599 660 2656 Ἐπιϐαλὼν
685 2604 793 2673 γὰρ
838 2605 957 2658 τότε
990 2608 1088 2669 τὰς
1127 2607 1278 2676 ὄψεις
1325 2606 1402 2676 τῷ
1457 2607 1613 2678 τάφῳ
1669 2607 1762 2660 τοῦ

1869 2611 2166 2672 ﬁcandum.
2202 2609 2456 2677 Injiciens
2497 2611 2642 2664 enim
2700 2606 3197 2677 aliquandooculos
3242 2605 3296 2657 in
3357 2616 3440 2658 se-

190 2695 566 2764 μάρτυρος,τὺ
595 2698 738 2766 ἱερὸν
771 2699 930 2751 αὑτοῦ
968 2700 1164 2770 σκῆνος
1216 2699 1551 2770 ἐθεασάμην,
1581 2702 1673 2752 καὶ
1697 2695 1763 2770 ἦν

1868 2701 2115 2770 pulcrum
2142 2701 2415 2771 martyris.
2446 2699 2628 2768 aspexi
2663 2713 2845 2753 sacras
2864 2700 2981 2766 ejus
3015 2696 3286 2764 reliquias,
3311 2708 3435 2762 quae

187 2785 460 2853 ἀήττητον
487 2788 589 2839 ὑπὸ
616 2805 677 2855 γε
707 2789 803 2858 τῆς
829 2790 1010 2859 ἰσχύος
1033 2790 1124 2842 τοῦ
1153 2791 1384 2844 θανάτου
1416 2792 1721 2861 μεμενηκός
1747 2809 1762 2825 ο

1868 2794 2082 2848 invictae
2111 2803 2487 2848 manseranta
2555 2791 2743 2846 mortis
2799 2790 3024 2844 viribus.
3089 2786 3220 2854 Quae
3289 2784 3437 2840 enim

188 2876 220 2924 ὁ
257 2875 366 2940 γὰρ
417 2879 599 2928 πᾶσαν
653 2877 744 2929 τοῦ
811 2879 951 2942 ζώου
1010 2882 1112 2949 τὴν
1174 2880 1447 2950 σύμπηξιν
1482 2883 1765 2955 τριημέρῳ

1868 2887 2178 2941 universam
2203 2886 2451 2943 animalis
2477 2883 2926 2953 compositionem
2947 2897 3005 2935 se
3031 2881 3190 2934 trium
3223 2877 3435 2931 dierum

186 2964 522 3035 διαστήματι
556 2967 707 3020 λύειν
740 2968 923 3038 αὐχῶν
961 2970 1133 3023 ἔτεσιν
1160 2973 1260 3044 ἠδη
1279 2973 1574 3037 διακοσίοις
1600 2978 1766 3046 τρίχα

1868 2980 2045 3049 spatio
2078 2978 2340 3047 gloriatur
2369 2976 2773 3037 dissoluturam,
2802 2975 2912 3042 jam
2971 2969 3225 3027 ducentis
3279 2967 3438 3022 annis

186 3055 290 3108 τοῦ
321 3058 567 3124 γενναίου
599 3060 909 3131 διαςθεῖραι
943 3065 1041 3116 οὐκ
1069 3067 1310 3135 ἴσχυσεν·
1334 3069 1448 3121 ἀλλ’
1475 3070 1508 3138 ἦ
1540 3086 1596 3122 τε
1621 3069 1764 3138 κόμη

1875 3085 1984 3126 non
2021 3069 2194 3125 valuit
2222 3067 2464 3132 νηποιπί
2495 3067 2637 3120 illius
2670 3066 2769 3120 viri
2822 3065 2906 3118 vel
2962 3065 3131 3134 pilum
3187 3074 3438 3116 corrum-

188 3148 297 3215 τῆς
325 3152 565 3221 κεφαλῆς
598 3153 824 3225 δαψιλὴς
857 3156 950 3208 καὶ
982 3156 1310 3224 ἀλύμαντος,
1337 3159 1364 3210 ὅ
1402 3176 1459 3211 τε
1503 3160 1602 3227 τῆς
1636 3177 1766 3228 μορ·
1790 3171 1832 3233 (ξ

1870 3179 2000 3234 pere
2041 3181 2055 3217 :
2092 3163 2186 3219 sed
2205 3171 2257 3217 et
2290 3176 2443 3219 coma
2479 3160 2674 3231 capitis
2704 3168 2789 3217 est
2819 3157 2986 3213 densa
3041 3166 3094 3210 et
3140 3154 3326 3216 illmsa,
3383 3159 3439 3205 et

187 3243 306 3310 φῆς
357 3247 642 3316 χαρακτὴρ
725 3247 1069 3317 συνεστηκὼς
1111 3249 1204 3300 καὶ
1255 3248 1536 3320 ἁλώΰητος
1572 3252 1636 3320 τῇ
1668 3251 1766 3318 τῆς

1866 3253 2055 3307 forma:
2093 3252 2375 3304 character
2408 3249 2658 3304 consistit
2687 3249 2918 3319 integer,
2972 3245 3114 3315 pelle
3187 3243 3338 3296 ﬁrma
3384 3245 3440 3294 et

188 3331 360 3401 δορᾶς
404 3336 646 3408 εὐτονία,
676 3340 813 3404 μηδὲ
846 3342 945 3403 τὰς
974 3342 1070 3411 τῆς
1107 3341 1318 3411 ὑπήνης
1344 3343 1536 3412 τρέχας
1561 3341 1770 3397 ἀποδα-

1868 3345 2103 3408 intensa,
2135 3355 2202 3396 ne
2235 3341 2448 3398 amissis
2467 3341 2683 3407 quidem
2740 3340 2866 3407 pilis
2946 3336 3076 3390 labri
3120 3330 3436 3403 superioris.

194 3426 330 3476 ὶώνο
388 3428 595 3497 ἀνέῳγε
624 3431 678 3482 δὲ
709 3434 855 3502 αὑτῷ
906 3436 997 3486 καὶ
1027 3435 1056 3487 ὁ
1087 3436 1196 3487 τῶν
1243 3437 1505 3504 ὀμμάτων
1546 3434 1767 3497 κύκλος.

1871 3438 1962 3490 Est
1990 3446 2170 3490 autem
2209 3434 2258 3488 ei
2300 3432 2448 3488 orbis
2472 3445 2690 3501 quoque
2718 3436 2943 3498 apertus
2966 3425 3274 3480 oculorum.
3336 3420 3439 3474 Per

192 3519 281 3570 Δι’
313 3511 387 3572 ὧν
442 3520 567 3588 ἐμοὶ
619 3522 793 3574 δοκεῖν
827 3526 920 3576 καὶ
969 3526 1244 3592 θεώμενος
1293 3528 1432 3578 αἰδοῖ
1477 3525 1570 3578 τοῦ
1601 3529 1767 3592 νόμον

1868 3542 2006 3598 quos
2028 3527 2261 3580 intuenti
2289 3525 2748 3583 mihividebatur,
2785 3522 2931 3591 quod
2991 3519 3163 3585 legem
3228 3523 3436 3569 tantum

188 3610 298 3678 τῆς
328 3611 604 3682 τελευτῆς,
626 3614 724 3686 τὴν
758 3615 967 3689 σιωπὴν
1001 3620 1298 3691 προτιμᾷν.
1324 3619 1566 3691 Ἔστηκε
1589 3619 1644 3673 δὲ
1672 3620 1771 3672 καὶ

1869 3619 2063 3676 mortis
2119 3619 2236 3688 ipse
2288 3616 2584 3678 reveritus,
2647 3614 2926 3668 silentium
2974 3610 3273 3665 simularet.
3320 3607 3438 3659 Stat

186 3703 220 3753 ὀ
259 3703 364 3766 πᾶς
391 3704 484 3758 τοῦ
520 3706 775 3777 σώματος
805 3711 974 3775 τύπος
1002 3728 1014 3742 ’
1041 3713 1138 3783 τὴν
1186 3713 1323 3765 ἰδίαν
1359 3713 1640 3784 συντηρῶν
1674 3713 1770 3780 ἁρ-

1869 3721 2048 3766 autem
2086 3710 2345 3763 universa
2371 3723 2590 3776 quoque
2615 3708 2786 3776 ﬁgura
2819 3705 2937 3775 ejus
2979 3701 3226 3770 corporis
3281 3712 3437 3754 suam

193 3797 420 3864 μονίαν,
441 3801 532 3851 καὶ
561 3799 684 3852 οὔτε
714 3803 814 3869 τῆς
857 3806 1097 3874 κεφαλῆς
1133 3806 1363 3867 οὺδὸλως
1403 3806 1766 3876 ἀπορῤαγεὶς,

1869 3814 2200 3855 conservans
2231 3812 2572 3868 compagem,
2613 3805 2668 3850 et
2696 3811 2800 3849 nec
2844 3795 2962 3863 ejus
2992 3792 3187 3860 capitis
3217 3798 3436 3857 ruptum

186 3888 324 3938 οὗτε
355 3887 462 3938 τῶν
492 3888 695 3942 λοιπῶν
731 3895 934 3960 μορίων
960 3894 1059 3962 τὴν
1098 3895 1384 3949 διάστασιν
1423 3897 1726 3966 ὑπομείνας
1756 3910 1772 3929 ⁸

1868 3904 1953 3950 est
1992 3894 2213 3964 aliquid,
2238 3907 2340 3948 nec
2359 3892 2689 3960 reliquarum
2719 3887 2970 3959 corporis
3022 3885 3261 3955 partium
3300 3881 3440 3936 facta

186 3977 344 4029 οὕτω
375 3981 480 4046 γὰρ
534 3980 561 4032 ὁ
597 3983 974 4056 μεγαλόδωρος
1019 3988 1223 4058 Κύριος
1269 3989 1635 4056 ἁντιδοξάζειν
1661 3987 1768 4044 οἶδε

1868 3998 1950 4042 est
1978 3987 2082 4039 ulla
2107 4001 2134 4038 ο
2155 4001 2214 4039 se
2241 3985 2473 4037 invicem
2511 3981 2832 4049 disiunctio.
2856 3979 2945 4033 Sic
2975 3977 3123 4031 enim
3149 3974 3440 4030 muniﬁcus

184 4069 324 4132 τοὺς
355 4073 578 4137 οἰκείοις
625 4077 791 4131 αὑτὸν
827 4079 1016 4149 μέλεσι
1057 4081 1275 4146 δοξάσαι
1333 4084 1726 4156 προελομένους
1749 4098 1764 4114 °

1870 4075 2252 4134 Dominusscit
2304 4072 2550 4128 vicissim
2595 4070 2902 4143 gloriﬁcare
2980 4081 3102 4131 eos,
3165 4065 3258 4136 qui
3325 4065 3440 4120 suis

186 4163 281 4214 ὅτι
307 4163 455 4235 αὐτῷ
483 4169 678 4239 πρέπει
712 4172 861 4224 πᾶσα
890 4173 1036 4238 δόξα,
1062 4174 1195 4244 τιμὴ
1230 4176 1324 4228 καὶ
1363 4174 1763 4246 προσκύνησις,

1865 4167 2124 4224 membris
2152 4167 2440 4221 voluerunt
2460 4179 2584 4218 cum
2611 4160 2914 4232 gloriﬁcare
2950 4175 2966 4214 :
3008 4158 3265 4228 quoniam
3308 4169 3438 4210 eum

187 4256 294 4310 νῦν
326 4257 421 4311 καὶ
459 4261 565 4327 ἀεὶ,
600 4262 695 4314 καὶ
726 4265 805 4327 εις
841 4265 966 4327 τοὺς
995 4265 1216 4328 αἰῶνας.
1251 4265 1444 4336 ’Δμὴν.

1866 4263 2022 4317 decet
2043 4258 2230 4330 gloria,
2279 4259 2454 4311 honor
2486 4263 2541 4310 et
2585 4253 2853 4316 adoratio,
2916 4265 3066 4306 nunc
3103 4257 3158 4306 et
3199 4263 3436 4320 semper,

1865 4363 1920 4410 et
1939 4353 1992 4406 in
2015 4350 2235 4405 secula.
2263 4349 2457 4403 Amen.

194 4505 3422 4561 Μ

396 4709 647 4860 DE
826 4705 1566 4865 SANCTO
1701 4703 2400 4859 NICETA
2568 4697 3232 4857 GOTHO

1116 4979 1460 5037 NARTYRE
1511 4980 1575 5035 IN
1629 4977 1880 5036 GOTHIA
1943 4977 2172 5035 ULTRA
2234 4972 2523 5033 ISTRUM.

1225 5141 1365 5202 (Acta
1385 5138 1475 5189 SS.
1515 5135 1638 5189 Boil.
1660 5138 1718 5189 ad
1745 5140 1878 5188 diem
1912 5137 1964 5187 I5
1984 5136 2145 5199 Sept.,
2179 5143 2299 5188 tom.
2335 5135 2418 5199 ν.)

195 5287 487 5351 Celebris
520 5289 720 5353 sancti
749 5288 953 5351 cultus
999 5306 1012 5351 :
1062 5289 1237 5350 locus
1280 5294 1341 5348 et
1383 5293 1632 5363 tempus
1693 5284 1976 5362 martyrii
2027 5283 2440 5362 investigatur
2483 5301 2500 5363 :_
2537 5283 2839 5348 nonnulla
2897 5281 2973 5345 de
3019 5281 3435 5346 conversione

1092 5367 1438 5429 Gothorum
1471 5361 1795 5427 observata
1829 5361 2022 5426 {Acta
2053 5361 2566 5426 Grmca’edenda.

269 5706 312 5760 l.
345 5706 589 5762 Celebris
617 5707 903 5763 admodum
949 5719 1030 5764 cst
1067 5710 1226 5766 hodie
1274 5712 1416 5782 apud
1455 5712 1670 5769 Graecos
1706 5722 1759 5769 et
1791 5712 1834 5768 D
1864 5713 2043 5776 Gothi,
2101 5716 2169 5770 de
2208 5731 2314 5786 quo
2371 5713 2632 5770 Baronius
2678 5715 2733 5770 in
2768 5710 3141 5784 Martyrologio
3188 5708 3432 5768 Romano

193 5801 455 5859 Most-hos
513 5800 689 5855 cultus
749 5803 916 5856 sancti
980 5802 1178 5860 Niceta:
1244 5806 1492 5860 martvris
1542 5807 1761 5866 natione
1872 5809 1944 5865 ita
1984 5807 2226 5864 meminit
2275 5825 2286 5861 :
2328 5807 2554 5863 «Eodem
2608 5808 2696 5863 die
2757 5808 2925 5863 sancti
2995 5803 3190 5862 Nicctaa
3247 5805 3428 5873 Gothi,

1863 1885 1976 1922 rem
2008 1871 2075 1923 ab
2107 1871 2197 1926 illo
2235 1872 2450 1940 quidem
2495 1873 2852 1935 construitur,
2925 1885 3045 1941 qua:
3102 1882 3250 1922 nunc
3324 1873 3430 1928 est.
3507 1891 3512 1896 -
