4156 6314
765 371 878 435 699

1996 364 2277 425 ΜΕΝὸῐὸ
2323 358 2795 423 SEPTEMBER;

3929 356 4031 415 700

768 481 861 551 qui
893 479 961 534 ab
989 475 1325 531 Athanarico
1380 493 1506 548 rege
1552 476 1624 531 ob
1665 476 1989 530 catholicam
2027 477 2185 531 ﬁdem
2233 477 2352 545 jus-
2382 479 2430 539 Α
2460 475 2789 543 impressum
2856 479 2939 527 est
2986 472 3038 525 in
3096 469 3358 526 Thesauro
3404 470 3802 539 Aniiqut‘tutum
3856 468 4029 522 Italic

769 588 862 627 sus
885 579 966 625 est
998 570 1121 641 igne
1152 570 1421 625 comburi.
1461 567 1681 622 iPetrus
1712 567 1778 622 de
1820 566 2120 632 Natalibus,
2157 568 2252 621 lib.
2288 583 2344 634 v,

768 679 867 731 cap
897 661 969 727 ,4,
1024 662 1257 731 elogium
1316 662 1598 716 contexuit
1648 674 1714 713 ex
1757 660 1903 713 Actis
1950 659 2087 713 infra
2135 659 2350 723 dandis,

770 754 866 807 sed
902 769 1010 807 non
1044 754 1160 806 sine
1204 754 1484 806 erroribus
1527 752 1751 820 aliquot,
1791 761 2122 820 mortemque
2152 752 2348 815 Sancti,

770 860 927 913 quem
953 844 1202 899 Nicctum
1226 854 1403 905 vocat,
1438 844 1554 898 ﬁxit
1589 844 1657 898 25
1687 843 1831 897 Maii.
1870 844 2004 898 Hinc
2034 843 2262 908 factum,
2292 856 2350 899 ut

772 933 1054 988 Crevenus
1094 935 1295 1003 aliique
1343 935 1493 1003 pauci
1544 934 1884 1005 ntartyrologi
1942 934 2213 994 Nicetum,
2259 947 2351 988 aut

773 1022 953 1091 potius
985 1023 1246 1088 Nicetam,
1284 1025 1350 1077 ad
1391 1024 1461 1077 25
1489 1022 1609 1076 Maii
1654 1025 1765 1077 suis
1794 1022 1970 1078 FaSIis
1995 1023 2345 1078 inserueriut.

774 1115 873 1167 Alii
919 1125 1095 1169 tamen
1153 1115 1329 1168 Latini
1391 1131 1513 1170 eum
1558 1115 1769 1169 Molano
1805 1126 2052 1170 sanctum
2107 1116 2346 1171 Nicetam

777 1204 936 1259 hodie
967 1216 1358 1261 memorarunt.
1396 1207 1748 1275 Antiquiores
1784 1208 2126 1277 tuartyrologi
2171 1208 2348 1262 Latini

775 1305 1024 1350 sanctum
1066 1298 1210 1351 hunc
1262 1299 1574 1368 ignorarunt
1606 1317 1618 1351 :
1651 1302 1745 1353 sed
1774 1298 1946 1352 Graeci
1991 1280 2182 1368 magno
2214 1315 2348 1352 con-

772 1399 957 1449 sensu,
985 1394 1038 1439 et
1079 1402 1201 1439 cuin
1236 1386 1320 1441 his
1363 1386 1563 1441 Moschi
1612 1398 1859 1442 sanctum
1902 1387 2141 1442 Nicetam
2194 1389 2349 1443 hodie

771 1474 1067 1533 celebrant.
1120 1486 1176 1529 ut
1228 1493 1477 1547 maguum
1512 1489 1826 1548 martyrem,
1876 1480 1941 1531 de
1985 1494 2091 1547 quo
2119 1480 2348 1533 oflicium

771 1563 1201 1620 ecclesiasticum
1237 1568 1426 1621 eodem
1457 1569 1546 1621 die
1576 1569 1942 1637 peragendum
1974 1570 2027 1622 iit
2059 1570 2214 1623 libris
2249 1585 2345 1624 eo-

772 1672 888 1709 rum
918 1658 1201 1712 ritualibus
1233 1661 1621 1729 priescribitur.
1655 1661 1707 1714 ln
1740 1661 2036 1732 Menologio
2059 1663 2346 1718 Sirletiano

773 1749 875 1803 hoc
905 1751 1079 1804 sancti
1122 1751 1325 1805 Nicetaa
1351 1753 1509 1807 datur
1536 1755 1769 1824 elogium
1805 1770 1818 1806 :
1851 1753 2335 1806 iComtnetnoratio

2457 575 2591 620 tom.
2628 582 2658 618 v
2699 572 2839 633 part.
2890 579 2948 617 tt.
2992 563 3049 617 In
3094 562 3186 617 illo
3240 564 3383 616 enim
3425 569 3691 615 tractatur
3725 560 3793 614 de
3830 560 4032 627 templo

2454 657 2508 711 S.
2572 655 2797 720 Nicolai,
2878 654 3129 724 parochia
3194 654 3631 723 presbyterorum
3692 654 3748 707 in
3814 653 4031 720 regione

2452 747 2604 800 Dorsi
2650 746 2791 810 duri,
2852 754 3012 814 atque
3046 745 3097 797 itt
3130 744 3237 797 (ine
3281 744 3521 797 dicitur:
3563 742 3665 796 Hic
3705 744 3887 796 sancti
3926 742 4027 793 Ni-

2451 850 2582 893 cctze
2613 853 2809 907 corpus
2836 838 3064 906 aliinque
3094 848 3405 889 sanctorum
3442 835 3690 903 reliquiae
3729 833 4023 885 habentur.

2518 930 2606 984 ιν.
2652 930 2801 996 Quod
2834 940 3042 999 spectat
3068 930 3134 983 ad
3170 938 3403 998 tempus,
3441 943 3547 996 quo
3601 936 3838 980 sanctus
3876 925 4025 979 Nice-

2453 1030 2534 1076 tas
2559 1022 2815 1090 martyrio
2840 1032 3129 1077 coronatus
3155 1034 3255 1085 est,
3280 1021 3407 1074 illud
3430 1030 3731 1087 utcumque
3764 1017 4023 1086 assignari

2448 1125 2628 1185 potest
2665 1130 2727 1168 ex
2766 1124 3027 1184 tempore,
3084 1130 3193 1184 quo
3237 1113 3535 1168 Gothorum
3570 1116 3838 1183 princeps
3871 1115 4027 1167 Atha-

2450 1210 2669 1263 naricus
2703 1208 3136 1277 persecutionem
3172 1210 3341 1261 movit
3372 1208 3633 1261 adversus
3661 1207 4021 1260 Christianos.

2449 1301 2529 1354 De
2584 1315 2868 1353 numerosa
2923 1297 3222 1353 Gothorum
3278 1308 3572 1365 martyrum
3633 1299 3817 1352 classe
3866 1299 3933 1351 ad
3967 1299 4023 1350 '26

2448 1390 2624 1444 Martii
2681 1390 2785 1459 egit
2836 1390 3232 1458 Papebrochius
3306 1400 3488 1444 noster
3551 1390 3801 1444 breviter
3851 1391 4025 1442 admo-

2448 1483 2598 1536 dum.
2625 1480 2890 1535 Prolixius
2918 1490 2971 1534 et
2998 1482 3304 1535 accuratius
3335 1481 3401 1533 de
3433 1490 3622 1535 sancto
3653 1481 3800 1539 Saba
3829 1480 4023 1536 Gotbo.

2450 1574 2502 1626 iii
2535 1574 2719 1626 eadem
2755 1589 2970 1642 quoque
3001 1575 3377 1642 persecutione
3417 1587 3599 1641 passo,
3635 1573 3785 1625 idem
3836 1575 3946 1641 egit
3972 1572 4024 1623 ad

2447 1666 2512 1719 l2
2544 1666 2758 1733 Aprilis,
2801 1682 2907 1735 quo
2948 1667 3161 1720 occisus
3229 1675 3310 1719 est
3338 1680 3478 1719 anno
3504 1664 3631 1716 372.
3674 1665 3891 1718 Eodem
3927 1665 4025 1717 fore

2449 1772 2545 1810 san
2580 1773 2744 1818 anno,
2781 1768 2926 1811 certe
2964 1772 3066 1811 non
3104 1756 3285 1809 multis
3332 1756 3487 1809 annis
3526 1756 3691 1810 citius
3724 1767 3821 1807 aut
3860 1758 4027 1809 serius

771 1843 943 1896 sancti
980 1845 1231 1912 martyris
1252 1843 1473 1908 Nicone,
1506 1848 1596 1913 qui
1626 1846 1726 1900 sub
1758 1847 1985 1915 imperio
2010 1844 2346 1899 Constantini
2383 1834 2423 1887 Β
2455 1857 2746 1901 coronatus
2773 1858 2854 1900 est
2885 1857 3105 1901 sanctus
3149 1847 3381 1899 Nicetas.
3416 1845 3590 1899 Locus
3624 1847 3881 1913 martyrii
3941 1848 4028 1897 fuit

772 1934 944 2004 Magni
992 1945 1169 1998 natus,
1202 1946 1365 2005 atque
1405 1937 1669 1992 educatus
1708 1938 1760 1991 in
1797 1942 2015 2007 regione
2047 1937 2345 1992 Gothorum

775 2027 912 2079 ultra
942 2025 1265 2089 Danubium,
1303 2042 1407 2080 non
1441 2028 1880 2082 communicabat
1920 2043 2040 2080 cum
2074 2027 2342 2095 Barbaris,

773 2118 867 2169 sed
900 2132 1023 2168 cum
1051 2118 1178 2168 viris
1211 2118 1312 2186 piis
1335 2115 1503 2169 Deum
1529 2119 1852 2183 colentibus,
1884 2119 2108 2173 edoctus
2139 2118 2346 2174 Christi

774 2211 931 2263 fidem
969 2225 996 2261 a
1037 2209 1382 2263 sanctissimo
1415 2211 1671 2278 episcopo
1702 2211 1998 2265 Gothorum
2026 2213 2345 2281 TheOpbilo,

772 2303 1199 2367 comprehensus
1236 2302 1303 2356 ab
1346 2302 1641 2356 Athanasio
1673 2303 1809 2371 (lege
1841 2304 2165 2357 Athanarico
2207 2304 2351 2371 prin-

772 2392 890 2460 cipe
952 2402 1172 2460 propter
1229 2393 1554 2446 Christiante
1624 2392 1745 2446 fidei
1812 2394 2224 2461 professionem,
2297 2406 2348 2450 et

774 2484 958 2535 multis
1053 2483 1335 2540 tormentis
1398 2484 1691 2544 cruciattts,
1771 2485 1891 2553 igne
1978 2497 2348 2556 consumptus,

775 2582 1189 2627 consummatus
1230 2582 1331 2627 est.
1376 2593 1393 2623 ι
1425 2572 1737 2627 Consonant
1766 2574 1988 2627 omnino
2024 2572 2224 2628 Menzea
2255 2578 2350 2628 im-

777 2675 981 2733 pressa,
1019 2666 1106 2719 ubi
1141 2681 1337 2718 nomen
1373 2663 1710 2730 Athanariei,
1752 2682 1847 2734 pro
1869 2682 1976 2733 quo
2006 2667 2090 2722 hic
2130 2669 2351 2723 mendo-

774 2770 834 2807 se
866 2755 1193 2806 Athanasius
1220 2754 1429 2822 legitur.
1459 2766 1605 2809 recte
1626 2765 1708 2808 est
1735 2771 2075 2823 expressum.

846 2845 909 2897 Il.
964 2844 1018 2897 In
1071 2845 1371 2916 Mettologio
1424 2846 1691 2899 Basiliano
1740 2849 1871 2900 Acta
1935 2847 2106 2900 Sancti
2154 2846 2352 2903 Nieeta:

774 2939 1099 3008 compendio
1136 2948 1505 3005 exponuntur.
1546 2938 1677 2991 Nam
1724 2951 1846 3009 post
1887 2940 2025 2993 hanc
2060 2941 2350 2994 annuntia-

777 3031 999 3092 tionem,
1037 3029 1355 3084 «Certamen
1396 3032 1567 3084 sancti
1598 3031 1773 3100 magni
1806 3032 2059 3100 martyris
2090 3031 2344 3093 Nicetis,»

781 3124 1028 3190 sequitur
1054 3122 1291 3192 elogium
1325 3123 1395 3175 ita
1429 3135 1755 3190 conceptum
1784 3140 1795 3174 :
1832 3123 2096 3177 «Nicetas.
2133 3125 2355 3191 praeda-

775 3223 870 3262 rus
934 3210 1133 3262 Christi
1194 3220 1416 3278 martyr,
1470 3209 1570 3262 fuit
1634 3211 1934 3278 imperante
1993 3210 2350 3267 Constantino

774 3296 983 3370 Magno,
1025 3315 1221 3369 genere
1254 3299 1482 3364 Gothus,
1544 3301 1822 3355 nobilitate
1889 3316 1950 3355 ac
1982 3302 2181 3357 divitiis
2212 3303 2355 3357 inter

776 3393 1063 3461 popuiares
1095 3408 1222 3447 suos
1263 3393 1482 3455 ﬂoreus,
1515 3408 1544 3445 a
1586 3393 1894 3462 Theophilo
1931 3395 2350 3464 religiosissiino

774 3484 983 3538 Gothiae
1029 3484 1284 3560 episcopo
1337 3481 1495 3534 [idem
1554 3483 1798 3536 edoctus.
1847 3482 1981 3536 Cum
2060 3494 2239 3537 autem
2300 3485 2353 3537 in

775 3579 910 3631 duas
938 3576 1199 3629 factiones
1237 3583 1344 3627 tota
1406 3569 1709 3625 Gothorum
1750 3589 1884 3641 gens
1933 3576 2100 3629 scissa
2137 3574 2352 3634 fuisset,

775 3681 936 3740 atque
968 3682 1194 3738 utraque
1237 3684 1394 3723 suum
1422 3665 1524 3721 sibi
1560 3669 1861 3736 principem
1908 3677 2180 3732 creasset;
2224 3683 2354 3723 con-

775 3765 911 3833 fugit
929 3763 1066 3816 alter
1088 3762 1393 3829 principum
1425 3763 1490 3816 ad
1525 3761 1888 3815 Romanorum
1921 3761 2301 3829 imperatorem
2332 3781 2345 3816 :

775 3856 868 3924 qui
916 3869 1038 3908 cum
1085 3865 1332 3923 suscepta
1369 3855 1421 3907 in
1456 3855 1739 3908 contraria:
1772 3852 2021 3907 factionis
2067 3862 2349 3923 tyrannum

776 3945 1141 4013 expeditione,
1177 3944 1440 4013 insignem
1473 3959 1535 3997 ex
1578 3958 1644 3997 eo
1681 3950 2014 4011 reportasset
2044 3941 2349 4008 victoriam,

776 4035 1089 4102 Gothosque
1121 4035 1440 4105 subegisset,
1477 4048 1542 4085 ex
1599 4048 1664 4086 eo
1726 4043 1965 4099 tempore
2000 4045 2168 4099 genus
2196 4030 2350 4083 Chri-

779 4125 1080 4178 stianorum
1136 4123 1279 4175 inter
1321 4122 1527 4177 Gothos
1561 4120 1971 4190 multiplicatum
2003 4132 2105 4174 eat.
2148 4119 2351 4174 Horum

780 4216 989 4285 primus
1026 4224 1247 4268 sanctus
1278 4214 1492 4270 Nicetas
1521 4214 1641 4278 fuit,
1667 4213 1756 4283 qui
1785 4225 1841 4268 et
1862 4230 2073 4267 summa
2102 4213 2351 4268 libertate

780 4309 1143 4363 Christianam
1196 4311 1355 4362 tidem
1392 4311 1590 4377 populo
1629 4308 2009 4362 annuntiabat.
2051 4307 2154 4360 Sed
2204 4316 2351 4375 post-

780 4416 941 4467 quam
1014 4414 1267 4453 reversus
1308 4411 1391 4454 est
1437 4400 1746 4470 imperator,
1790 4399 1950 4454 Gothi
1994 4398 2233 4452 inﬁdeles
2270 4397 2354 4451 fu-

2450 1941 2502 1992 in
2531 1939 2734 1993 ditione
2771 1938 3089 1993 Gothorum.
3136 1937 3274 1989 ultra
3308 1935 3605 1989 Danubium
3648 1944 3784 1988 tunc
3819 1935 4022 2001 dcgen~

2452 2030 2603 2084 tium.
2641 2030 2831 2083 Nescio
2878 2045 3027 2093 sane,
3058 2045 3165 2098 quo
3200 2029 3468 2082 memoriae
3498 2028 3652 2097 lapsu
3682 2028 4026 2080 (Iastellanus

2450 2123 2501 2176 in
2531 2122 2905 2193 Martyrologio
2959 2121 3247 2175 universali
3300 2120 3364 2173 ad
3399 2122 3721 2188 marginem,
3764 2131 3821 2172 et
3861 2119 3914 2170 in
3949 2119 4027 2169 in-

2449 2214 2587 2275 dice,
2620 2224 2808 2267 notare
2833 2213 3090 2282 potuerit,
3122 2225 3289 2279 prope
3326 2209 3709 2278 Mopsuesﬁam
3749 2211 3805 2262 in
3830 2210 4021 2263 Cilicia

2450 2304 2683 2358 occisum
2717 2319 2836 2357 esse
2882 2312 3147 2363 sanctum,
3200 2301 3302 2353 nisi
3350 2300 3547 2364 locum,
3586 2300 3652 2353 ad
3702 2316 4025 2369 qttemacor-

2451 2410 2553 2464 pus
2594 2394 2910 2447 translatum
2944 2402 3046 2455 est,
3086 2407 3207 2444 cum
3240 2391 3354 2443 loco
3406 2390 3644 2460 martyrii
3686 2390 4023 2444 confuderit.

2450 2484 2604 2540 Nulla
2649 2487 2794 2539 enim
2834 2495 2917 2539 est
2955 2485 3113 2546 ratio,
3140 2500 3236 2537 cur
3287 2484 3554 2547 dicamus,
3607 2485 3857 2537 occisum
3911 2498 4026 2535 esse

2452 2578 2708 2631 Sanctum
2741 2586 2891 2629 extra
2916 2576 3174 2627 ditionem
3225 2574 3533 2626 Atlianarici
3582 2572 3893 2625 Gothorum
3942 2588 4024 2624 re-

2450 2668 2548 2736 gis,
2587 2681 2707 2732 qua:
2764 2666 3029 2719 immenso
3086 2675 3353 2718 terrarum
3406 2664 3695 2717 intervallo
3752 2678 3781 2713 a
3832 2662 4020 2717 Cilicia

2452 2758 2703 2810 distabat.
2760 2756 2817 2809 Si
2876 2771 3037 2824 porro
3097 2756 3355 2810 ditionem
3404 2754 3721 2810 Athanariei
3768 2757 4026 2825 preprius

2452 2848 2728 2916 inquirere
2793 2847 3039 2909 velimus,
3089 2861 3153 2900 ex
3213 2846 3517 2911 Ammiano,
3574 2855 3723 2914 gesta
3788 2846 4027 2900 Valentis

2453 2938 2800 3008 imperatoris
2852 2950 3039 2992 contra
3113 2936 3502 2991 Athanaricum
3578 2938 3883 3001 referente,
3938 2939 4027 2992 lib.

2452 3046 2597 3083 xxvn
2646 3044 2766 3097 cap.
2802 3029 2853 3092 5,
2890 3029 3047 3081 facile
3091 3028 3580 3095 depreliendemus,
3633 3026 4025 3082 Athanaricum

2455 3129 2521 3170 eo
2555 3126 2795 3185 tempore
2831 3115 3164 3168 dominatum
3195 3127 3315 3167 esse
3346 3113 3397 3165 in
3428 3112 3696 3165 hodierna
3735 3112 4025 3171 Molilavia.

2455 3222 2517 3260 ac
2567 3205 2704 3260 forte
2744 3205 2795 3258 in
2846 3204 3095 3282 Valachia
3138 3213 3192 3257 et
3239 3201 3579 3263 Bessarabia,
3639 3212 3736 3255 aut
3777 3213 3931 3255 certe
3976 3204 4023 3254 iii

2455 3308 2609 3370 parte
2667 3298 2844 3367 aliqua
2905 3296 3116 3349 illarum
3171 3293 3572 3364 provinciarum
3611 3310 3838 3363 :neque
3886 3296 4025 3349 enim

2454 3391 2724 3453 novimus,
2754 3403 2914 3453 quam
2948 3387 3052 3438 late
3091 3386 3401 3452 imperaret.

2526 3478 2590 3533 V.
2628 3477 2769 3532 Loca
2801 3477 2867 3529 ab
2898 3474 3183 3528 Ammiano
3213 3484 3530 3535 memorata,
3563 3476 3654 3527 ubi
3696 3474 3905 3528 Valens
3952 3476 4022 3527 ls-

2460 3576 2598 3620 trutn
2629 3566 2802 3635 primo
2826 3571 2881 3618 et
2905 3563 3059 3617 tertio
3088 3561 3225 3615 illius
3261 3561 3383 3615 belli
3412 3576 3556 3613 anno
3581 3564 3823 3627 trajecit.
3856 3574 3909 3615 et
3938 3565 4021 3614 ubi

2454 3674 2596 3713 anno
2629 3656 2865 3711 secundo
2907 3655 3193 3709 transitum
3234 3652 3434 3707 frustra
3491 3654 3749 3714 tentavit,
3784 3666 3941 3706 erant
3971 3654 4017 3704 in

2453 3750 2635 3804 Maesia
2681 3748 2959 3808 inferiore,
2988 3746 3147 3800 dictis
3190 3745 3502 3815 provinciis,
3540 3748 3852 3814 priesertim
3899 3744 4023 3797 Mol-

2452 3843 2621 3898 davite
2647 3840 2916 3910 Opposita,
2950 3839 3174 3905 soloque
3205 3836 3341 3890 lstro
3371 3837 3438 3889 ab
3474 3836 3538 3889 iis
3576 3837 3775 3890 divisa.
3835 3836 4021 3890 Marci-

2454 3934 2697 4002 an0polis
2740 3931 2982 3999 ejusdem
3023 3929 3316 3998 provinciae
3351 3927 3519 3991 urbis,
3569 3927 3624 3979 in
3672 3944 3783 3996 qua
3835 3929 4018 3982 Valens

2455 4027 2681 4079 hiberna
2713 4022 2965 4082 habebat,
3000 4034 3064 4071 ac
3093 4034 3193 4086 pax
3225 4017 3277 4069 in
3313 4019 3430 4085 ipso
3472 4015 3610 4071 Istro
3646 4020 3796 4073 inter
3822 4032 4021 4073 utrum-

2453 4131 2557 4188 que
2588 4112 2886 4183 principem
2921 4109 3072 4175 inita,
3127 4107 3371 4161 similiter
3407 4108 3730 4171 ostendunt,
3786 4113 4020 4163 Athana-

2453 4211 2547 4264 rici
2586 4208 2843 4262 ditionem
2870 4220 2901 4257 a
2933 4202 3114 4257 Ματθία
3160 4198 3415 4252 inferiore
3445 4197 3561 4252 solo
3588 4198 3737 4251 Istro
3773 4202 3892 4253 sive
3932 4201 4021 4252 Da-

2454 4301 2618 4353 nubio
2653 4299 2974 4364 diremptam
3026 4294 3214 4349 fuisse.
3270 4291 3456 4358 Itaque
3503 4288 3877 4343 dubitandum
3928 4308 4024 4342 non

2454 4400 2555 4454 est,
2592 4391 2719 4458 quin
2784 4399 3004 4441 sanctus
3057 4384 3269 4439 Nicetas
3317 4397 3508 4453 passus
3549 4381 3619 4435 sit
3654 4381 3711 4434 in
3773 4382 4027 4435 hodierna

782 4506 902 4545 rore
934 4493 1143 4561 perciti,
1192 4501 1460 4546 commota
1497 4494 1549 4544 in
1580 4494 1918 4547 Christianos
1948 4493 2345 4559 persecutione,

2459 4483 2738 4544 bloldavia,
2774 4480 2854 4534 vel
2888 4479 3013 4532 huic
3043 4476 3379 4531 contermina
3421 4474 3673 4527 Valacltia
3708 4485 3808 4527 aut
3842 4474 4029 4528 Bessa-

780 4585 912 4637 alios
946 4585 1162 4651 quidem
1195 4585 1351 4637 aliter
1384 4593 1591 4636 torsere
1613 4622 1627 4645 ,
1672 4579 1914 4636 Nicetam
1971 4591 2151 4632 autem
2208 4581 2346 4631 mul-

782 4672 1056 4738 tiplicibus
1104 4672 1381 4740 suppliciis
1424 4673 1786 4727 excruciatum
1839 4671 1945 4742 igni
1994 4669 2283 4724 tradidere.
2326 4688 2342 4719 ι

784 4765 1055 4818 Hactenus
1079 4765 1440 4833 Menologium
1468 4764 1598 4818 satis
1623 4774 1786 4817 recte.

853 4855 943 4910 Ill.
988 4856 1061 4909 De
1096 4855 1447 4908 translatione
1477 4856 1720 4924 corporis
1753 4855 1922 4908 sancti
1955 4853 2153 4908 Nicone
2188 4855 2346 4907 Gothi

785 4958 947 5016 agunt
980 4948 1111 5001 Acta
1144 4947 1373 5009 edenda,
1412 4946 1583 5015 iisque
1625 4950 1900 5001 consentit
1929 4944 2121 5000 Petrus
2154 4947 2218 4999 de
2251 4945 2350 4999 Na.

793 5039 993 5092 ralibus
1031 5040 1139 5107 jam
1191 5039 1461 5092 laudatus.
1494 5037 1790 5103 Utrobique
1822 5039 1980 5091 etiam
2014 5039 2227 5108 legitur,
2260 5054 2349 5090 ec-

786 5133 1005 5186 clesiam
1061 5139 1247 5184 sancto
1299 5131 1616 5184 aediﬁcatam
1648 5144 1767 5183 esse
1799 5130 2137 5198 Mopsuestia;
2181 5131 2233 5182 in
2266 5127 2350 5182 Ci-

785 5224 928 5287 licia,
966 5238 1073 5291 quo
1118 5236 1330 5275 sacrum
1380 5237 1575 5290 corpus
1607 5230 1721 5276 erat
1755 5222 2010 5273 delatum.
2046 5221 2210 5273 Addit
2257 5220 2351 5270 dc-

790 5316 915 5367 inde
942 5313 1135 5367 Petrus
1163 5315 1231 5367 de
1276 5313 1599 5366 Natalibus:
1640 5332 1656 5362 ι
1690 5311 1820 5365 Post
1853 5311 2110 5379 temporis
2159 5311 2354 5362 decur-

788 5422 905 5461 sum
935 5420 1132 5474 corpus
1182 5406 1356 5474 ipsum
1394 5404 1648 5458 Venetias
1703 5406 2046 5466 translatum,
2077 5403 2354 5469 quiescere

786 5502 984 5554 dicitur
1022 5500 1073 5553 in
1102 5497 1331 5559 ecclesia
1367 5498 1424 5550 S.
1458 5496 1683 5551 Nicolai.
1720 5517 1738 5546 ι
1780 5495 1850 5547 De
1886 5508 2111 5561 corpore
2140 5492 2341 5546 ibidem

788 5601 1001 5646 servato
1040 5590 1360 5658 astipulatur
1393 5588 1644 5641 Nicolaus
1705 5585 1940 5655 Doglioni
1995 5584 2048 5637 in
2096 5582 2353 5650 opusculo

793 5683 977 5735 Italico
1013 5682 1072 5733 de
1096 5679 1424 5733 Notabilibus
1457 5679 1595 5731 urbis
1638 5678 1840 5731 Venetae
1868 5677 1960 5731 lib.
1994 5692 2028 5729 tt
2064 5691 2180 5744 pag.
2217 5674 2351 5736 3i5;

800 5776 874 5827 uti
908 5782 956 5828 et
997 5775 1312 5843 opusculum
1356 5771 1605 5826 Latinum
1639 5774 1697 5825 de
1736 5774 1867 5830 Urbe
1924 5771 2138 5832 Veneto,
2206 5767 2348 5835 quod

2449 4578 2619 4630 rabia.
2662 4573 2793 4627 Nam
2830 4568 3260 4638 persecutionem
3309 4576 3495 4619 contra
3530 4566 3888 4619 Christianos
3922 4582 4032 4618 mo-

2450 4670 2527 4722 vit
2569 4665 2950 4723 Athanaricus,
3005 4659 3317 4726 priusquam
3361 4654 3521 4708 Gothi
3573 4653 3779 4705 Istrum
3813 4656 4031 4707 fuerunt

2454 4757 2798 4827 transgressi,
2852 4750 3068 4819 quando
3119 4747 3342 4800 haeresis
3386 4746 3583 4799 Ariana
3616 4745 3860 4799 necdum
3909 4762 4032 4813 pra:-

2452 4852 2694 4905 valucrat
2746 4844 2887 4915 apud
2922 4841 3149 4902 Gothos,
3179 4850 3236 4894 ut
3280 4841 3533 4895 observat
3572 4849 3802 4893 sanctus
3848 4840 4031 4910 Augu-

2453 4945 2645 5007 stinus,
2721 4940 2816 4995 lib.
2874 4954 3003 4994 xvnt
3042 4934 3109 4989 de
3143 4934 3382 4994 civitate,
3445 4949 3561 5000 cap.
3604 4930 3691 4983 52.
3755 4931 3850 4983 ubi
3925 4932 4033 4984 haec

2454 5037 2684 5090 scribit!
2728 5053 2744 5084 ι
2772 5034 2884 5087 Rex
2930 5031 3230 5087 Gothorum
3267 5027 3320 5078 in
3368 5025 3479 5093 ipsa
3522 5022 3720 5077 Gothia
3776 5036 4031 5089 persecu-

2456 5139 2542 5181 tus
2599 5136 2682 5180 est
2733 5125 3073 5180 Christianos
3121 5117 3439 5175 crudelitate
3478 5112 3739 5177 mirabili,
3788 5129 3917 5165 cum
3962 5114 4029 5166 ibi

2455 5234 2562 5271 non
2610 5228 2789 5271 essent
2832 5216 2933 5267 nisi
2965 5210 3249 5274 Catholici,
3289 5222 3517 5278 quorum
3560 5204 3783 5273 plurimi
3830 5216 4028 5273 marty-

2456 5309 2535 5361 rio
2556 5305 2794 5361 coronati
2832 5316 2989 5369 sunt;
3025 5303 3165 5357 sicut
3193 5317 3221 5355 a
3253 5297 3576 5369 quibusdam
3613 5296 3903 5357 fratribus,
3940 5300 4025 5363 qui

2459 5409 2589 5451 tunc
2629 5397 2737 5449 illic
2779 5394 2929 5462 pueri
2999 5394 3238 5455 fuerant,
3277 5400 3331 5443 et
3360 5402 3415 5441 se
3465 5389 3565 5440 ista
3608 5388 3809 5441 vidisse
3838 5389 4027 5441 incun-

2457 5502 2666 5546 ctantcr
2695 5488 3138 5546 recordabantur,
3171 5482 3499 5537 audivimus.
3527 5503 3545 5532 ι
3569 5481 3770 5534 Paulus
3787 5483 4029 5539 Oiosius.

2458 5584 2556 5637 lib-
2591 5598 2685 5645 vn,
2718 5594 2839 5647 cap.
2872 5577 2961 5639 5‘2,
2985 5577 3051 5629 dc
3080 5575 3266 5629 eadem
3301 5574 3681 5640 persecutione
3718 5572 3797 5625 sic
3831 5571 4024 5623 habet:

2465 5690 2481 5723 ι
2524 5674 2788 5726 Ρτιιιιετεε
2822 5665 3181 5721 Athanaricus
3218 5680 3306 5717 rex
3333 5662 3665 5725 Gothorum,
3695 5663 4026 5715 Christianos

2463 5769 2513 5821 in
2558 5777 2715 5835 gente
2779 5779 2871 5815 sua
2940 5759 3313 5814 crudelissime
3370 5767 3711 5826 persecutus,
3777 5754 4024 5824 plurimos
