4156 6314
200 376 307 442 701

1203 372 1664 435 MARTYRIUM
1716 375 1779 436 S.
1823 373 2115 437 NlCET/E
2154 375 2415 440 GO'l'lIl.

3332 374 3448 438 701

196 491 553 547 barbarorum
594 486 662 541 ob
696 484 854 540 ﬁdem
886 483 1199 539 interfeCtos
1226 484 1292 539 ad
1338 499 1595 539 coronam
1628 500 1773 538 mar'
1800 496 1846 549 Α
1873 489 2055 558 inepto
2086 501 2140 546 et
2168 491 2395 545 ridiculo
2438 490 2624 546 scribit
2652 490 2719 545 de
2753 490 2911 545 rebus
2943 488 3087 558 fidei,
3132 489 3446 561 Gothosque

196 582 323 654 tyrii
372 578 702 643 sublimavit,
744 598 761 629 ι
793 586 898 632 etc.
949 576 1074 631 llaec
1133 576 1224 631 ille
1262 576 1445 640 refert,
1485 584 1769 645 postquam

191 676 413 729 dixerat
472 671 787 726 Gratianum
859 679 1097 723 creatum
1190 681 1309 721 esse
1363 667 1770 736 imperatorem.

189 768 454 819 Attamen
486 763 613 816 hinc
655 760 840 828 nequit
872 758 1085 823 inferri,
1119 759 1307 812 eodem
1339 774 1482 812 anno
1507 758 1630 819 367,
1661 772 1769 826 quo

190 861 489 916 Gratianus
524 860 696 914 factus
725 867 805 911 est
844 858 1158 925 imperator,
1203 866 1386 911 natant
1414 871 1533 910 esse
1566 872 1766 926 perse-

189 954 504 1017 cntionem;
559 953 648 1006 sed
707 950 879 1004 solum
943 959 1177 1018 coeptam
1234 963 1342 1000 non
1408 962 1527 1001 esse
1584 948 1766 1000 multis

189 1046 352 1099 annis
401 1045 574 1097 serius
607 1060 618 1095 :
656 1041 878 1094 Orosius
909 1041 1051 1093 enim
1104 1038 1311 1108 singula
1354 1053 1459 1090 non
1496 1036 1663 1091 refert
1697 1038 1763 1090 ad

189 1152 370 1190 annos
405 1134 813 1189 determinatos.
867 1132 943 1185 Ex
976 1132 1203 1183 laudatis
1239 1138 1362 1182 ante
1396 1128 1565 1182 sancti
1610 1127 1766 1181 Sabae

187 1228 346 1279 Actis
393 1234 599 1279 certum
673 1233 776 1288 est,
830 1221 1262 1291 persecutionem
1330 1220 1562 1288 viguisse
1623 1234 1767 1272 anno

186 1319 318 1378 572,
351 1327 404 1370 et
432 1318 539 1385 jam
599 1326 758 1368 antea
816 1315 982 1368 fuisse
1043 1324 1300 1383 emptam.
1363 1313 1473 1366 llac
1505 1312 1571 1365 tle
1605 1326 1764 1365 causa

189 1402 509 1471 martyrium
558 1403 729 1455 sancti
781 1401 983 1456 Nicetre
1054 1402 1200 1456 circa
1254 1401 1503 1457 eumdem
1560 1415 1761 1453 annum

185 1494 297 1548 372
328 1493 596 1562 figendum
634 1494 843 1548 censui.

266 1585 351 1639 VI.
407 1585 632 1640 Occasio
673 1586 1069 1655 persecutionis
1112 1586 1164 1638 in
1213 1584 1364 1639 Actis
1403 1586 1668 1654 repetitur
1700 1600 1764 1639 ex

184 1678 525 1735 dissentione
574 1678 897 1739 Gothorum,
946 1686 1000 1730 et
1036 1677 1197 1739 bello,
1245 1676 1386 1744 quod
1420 1688 1599 1729 ortum
1632 1677 1767 1730 dici-

130 1828 135 1832 _
186 1782 280 1825 tur
332 1772 472 1824 inter
506 1771 777 1837 principes
800 1770 1026 1823 duarum
1079 1769 1332 1838 partium,
1372 1768 1762 1840 Phritigernem

1871 584 1980 654 jam
2024 592 2150 636 tunc
2181 583 2407 636 Arianos
2451 582 2598 643 facit.
2631 583 2757 651 quia
2792 598 2899 635 non
2944 583 3113 638 multo
3148 594 3268 653 post
3297 586 3443 638 illam

1877 676 2125 729 hzeresim
2194 683 2323 727 sunt
2387 674 2613 739 amplexi
2664 690 2678 731 :
2724 683 2783 728 ut
2832 684 3016 728 narrat
3070 676 3445 731 Theodoretus

1874 780 1996 818 mox
2028 764 2348 827 laudandus,
2385 764 2474 832 qui
2525 764 2578 817 id
2615 763 2843 833 Ulphilre
2870 763 3168 818 Gothorum
3206 766 3442 833 episcopi

1874 855 2111 924 perfidia:
2130 854 2393 909 attribuit.
2416 856 2544 920 Quae
2567 866 2744 908 autem
2776 855 3147 909 'l‘heoduretus
3164 857 3228 908 de
3259 854 3444 924 Ulplti-

1873 943 1938 997 ite
1975 945 2324 1013 perversione
2361 953 2643 1006 memorat,
2696 944 2853 1011 longe
2890 944 3251 1011 probabiliora
3286 953 3440 1010 sunt,

1874 1052 2035 1105 quam
2062 1044 2182 1106 qua:
2213 1037 2277 1090 de
2302 1035 2488 1089 eodem
2522 1035 2736 1102 scripsit
2778 1034 3164 1105 Plrilostorgius
3190 1035 3439 1088 Arianns.

1875 1128 2010 1181 Nam
2053 1143 2174 1179 eum
2227 1127 2293 1180 ab
2348 1126 2581 1180 Eusebio
2630 1126 2886 1194 episcopo
2942 1126 3438 1194 (Nicomediensem

1875 1218 2156 1271 insinuans
2198 1217 2451 1271 Arianum
2487 1223 2500 1280 )
2542 1217 2708 1271 fuisse
2770 1217 3102 1279 ordinatum,
3139 1217 3440 1275 Philostoro

1873 1310 1992 1380 gius
2043 1312 2138 1371 ait,
2195 1325 2347 1362 «cum
2377 1326 2406 1362 a
2452 1324 2596 1377 rege,
2646 1310 2736 1377 qui
2776 1319 2903 1362 tunc
2948 1309 3139 1362 Gothis
3190 1318 3436 1377 praeerat,

1871 1400 2078 1469 legatus
2112 1415 2215 1451 una
2272 1415 2394 1452 cum
2427 1400 2548 1452 aliis
2578 1400 2642 1453 ad
2696 1401 3075 1469 imperatorem
3124 1402 3439 1456 Constanti-
3513 1460 3517 1463 _

1874 1508 2001 1546 num
2054 1492 2249 1545 missus
2297 1502 2459 1544 esset.
2502 1511 2519 1542 ι
2570 1492 2941 1561 ltnprobabilia
2978 1492 3092 1547 btec
3128 1503 3271 1558 sunt,
3313 1496 3439 1562 quia

1877 1583 1958 1637 sic
2004 1581 2218 1649 Ulpbila
2263 1579 2545 1635 Ordinatus
2575 1586 2720 1632 esset
2751 1588 2874 1631 ante
2910 1590 3136 1632 mortem
3175 1583 3439 1639 Constan-

1878 1676 1997 1739 tini,
2054 1691 2198 1727 anno
2251 1675 2351 1727 557
2412 1672 2674 1733 deluncti,
2727 1680 2779 1725 et
2828 1672 3045 1740 quidem
3092 1673 3157 1724 ab
3202 1672 3433 1726 Eusebio

1874 1767 2267 1820 Nicomediensi
2298 1765 2518 1820 Ariano.
2547 1765 2614 1818 At
2646 1780 2746 1817 nec
2778 1765 3066 1818 verisimile
3102 1774 3206 1824 est.
3243 1765 3436 1835 Ulphi-

190 1864 442 1919 videlicet
473 1872 524 1915 et
578 1863 986 1918 Athanaricum.
1024 1861 1077 1916 Si
1126 1864 1274 1918 Actis
1300 1864 1625 1918 credendum
1670 1865 1757 1925 sit,
1794 1830 1839 1888 Β
1870 1860 1971 1919 Iam
2009 1868 2114 1912 tam
2141 1859 2249 1913 cito
2283 1860 2450 1912 fuisse
2481 1861 2814 1927 episcopum.
2849 1866 2939 1911 aut
2981 1858 3284 1910 ordinatum
3316 1870 3439 1909 esse

190 1958 555 2025 Phritigernes
589 1954 688 2009 fuit
745 1957 979 2024 primum
1030 1955 1204 2011 victus
1264 1957 1330 2010 ab
1396 1956 1759 2021 Athanarico;

182 2046 283 2099 sed
316 2058 519 2114 postea.
572 2044 773 2100 ftedere
820 2046 956 2100 inito
985 2061 1107 2099 cum
1149 2046 1386 2111 Valente,
1448 2046 1605 2116 hujus
1635 2047 1763 2101 sub-

185 2140 328 2192 sidio
361 2140 547 2195 vietor.
588 2138 795 2191 Similia
828 2139 989 2192 habet
1017 2138 1371 2202 Sozomenus,
1409 2138 1501 2191 lib.
1533 2154 1605 2191 vt.
1639 2154 1758 2206 cap.

180 2231 277 2292 37,
312 2233 378 2282 ita
430 2228 671 2280 scribens
710 2245 721 2279 :
767 2245 783 2277 ι
829 2226 980 2280 llaud
1021 2228 1191 2282 multo
1248 2236 1389 2297 post,
1449 2237 1566 2280 orta
1621 2227 1761 2280 inter

179 2339 282 2375 eos
310 2324 324 2389 (
348 2318 571 2387 Cat/tos)
606 2320 893 2382 seditione,
928 2321 1063 2372 duas
1095 2321 1147 2373 in
1184 2332 1364 2389 partes
1402 2321 1559 2377 divisi
1590 2331 1754 2374 sunt:

177 2427 413 2481 quarum
467 2410 620 2464 alteri
657 2411 1043 2475 Athanaricus,
1087 2410 1237 2462 alteri
1281 2421 1507 2478 praeerat
1557 2412 1759 2465 Phriti-

182 2521 408 2575 gemes.
468 2506 611 2571 Mox,
648 2505 938 2559 commisso
977 2505 1117 2557 inter
1176 2518 1269 2557 eos
1322 2504 1523 2573 praelio,
1585 2504 1758 2556 victus

176 2596 582 2667 Pltritigernes,
657 2595 1020 2650 Romanorum
1088 2596 1347 2650 auxilium
1428 2595 1755 2664 imploravit,

179 2686 340 2750 Quod
379 2700 500 2736 cum
540 2687 832 2753 imperator
870 2687 1249 2749 concessisset,
1291 2685 1647 2754 jtrssissetque
1698 2697 1757 2740 ut

180 2775 402 2837 milites,
439 2775 527 2843 qui
558 2774 610 2828 in
656 2774 884 2828 Thracia
936 2789 1111 2840 erant,
1145 2778 1192 2829 ei
1234 2778 1490 2830 auxilium
1525 2778 1753 2840 ferrent,

179 2867 361 2919 denuo
399 2880 742 2933 congressus,
777 2865 1054 2918 victoriam
1092 2867 1293 2930 retulit,
1330 2878 1382 2919 et
1433 2868 1748 2922 Atlranarici

180 2955 368 3023 copias
425 2954 479 3007 in
539 2954 716 3025 fugam
782 2956 963 3008 vertit.
1028 2959 1344 3010 tHaclenus
1400 2956 1752 3022 Sozomeous,

177 3047 385 3101 addens
412 3061 472 3100 ea
503 3048 803 3111 occasione,
838 3047 1226 3117 Phritigernem
1260 3064 1379 3101 cum
1403 3048 1611 3116 lllplrila
1638 3048 1757 3117 epi-

177 3152 346 3206 scopo
369 3153 429 3192 ac
454 3140 680 3192 subditis
703 3142 811 3191 suis
831 3156 857 3190 a
883 3137 1099 3192 Valente
1123 3139 1187 3189 ad
1214 3139 1466 3190 Arianarn
1495 3141 1744 3192 haeresim

179 3232 510 3285 traductum.
556 3228 750 3281 Verum
784 3230 1015 3297 scriptor
1048 3229 1133 3281 ille
1178 3228 1291 3281 haec
1320 3228 1499 3281 omnia
1535 3243 1740 3280 tuemo~

178 3329 265 3372 rat
299 3328 417 3387 post
469 3317 649 3384 pulsos
684 3319 750 3370 ab
784 3315 993 3370 Hunnis
1037 3332 1066 3371 e
1097 3318 1314 3372 sedibus
1362 3320 1474 3372 suis
1516 3318 1740 3384 Gothos,

174 3411 270 3480 qui
308 3423 335 3460 a
371 3408 589 3461 Valente
620 3410 817 3477 recepti
853 3419 977 3463 sunt
1009 3410 1059 3461 in
1098 3408 1347 3463 Thracia.

255 3496 364 3549 Vll.
431 3499 499 3550 At
537 3498 844 3567 persecutio
894 3498 1208 3551 Athaoat‘ici
1274 3499 1461 3560 saeviit,
1527 3500 1741 3566 quando

175 3588 339 3644 Gothi
397 3606 586 3644 Omnes
639 3590 774 3641 ultra
834 3592 1029 3641 Istrum
1079 3590 1365 3659 degebant,
1414 3599 1471 3642 ut
1522 3599 1740 3644 sanctus

176 3682 512 3752 Augustinus
553 3697 673 3733 mox
718 3680 965 3735 laudatus
1017 3691 1262 3746 testatur,
1296 3682 1455 3752 idque
1485 3682 1645 3735 etiam
1682 3683 1744 3735 li-

175 3785 309 3842 quet
342 3789 404 3825 ex
441 3782 682 3841 tempore
732 3774 1125 3843 persecutionis
1171 3793 1266 3841 per
1318 3772 1563 3830 Orost'um
1605 3776 1740 3828 assi-

177 3875 362 3934 gnato.
383 3865 643 3920 Praeterea
667 3877 884 3921 sanctus
916 3867 1267 3935 Epiphanius,
1294 3868 1470 3936 quieo
1500 3876 1740 3933 tempore

176 3956 417 4018 florebat.
457 3975 620 4028 agens
663 3960 727 4012 de
780 3960 1082 4012 vehementi
1121 3961 1207 4012 illa
1259 3968 1634 4027 perscrutlone
1685 3963 1738 4013 in

174 4048 371 4102 haeresi
404 4050 468 4102 70
500 4051 889 4111 Audiauorum,
926 4068 1044 4120 cap.
1083 4053 1167 4116 15,
1206 4054 1276 4106 ait
1313 4072 1330 4104 ί
1366 4054 1730 4107 Romanorum

176 4143 471 4212 prrescrtim
500 4142 622 4196 odio
651 4162 670 4196 ι
703 4160 731 4197 a
764 4161 887 4213 rege
919 4144 1213 4199 Gothorum
1243 4156 1565 4199 commotam
1594 4161 1738 4212 esse,

180 4254 201 4287 ι
230 4235 369 4304 quod
412 4234 682 4290 Romanos
717 4236 1065 4304 imperatores
1116 4238 1451 4292 Christianos
1502 4252 1621 4291 esse
1663 4238 1740 4290 vi-

176 4328 349 4378 deret.
390 4343 406 4373 ι
448 4326 632 4392 Itaque
688 4328 981 4379 verendum
1017 4336 1119 4390 est,
1177 4344 1246 4381 ne
1295 4328 1474 4396 aliqua
1532 4338 1635 4381 tam
1680 4330 1734 4382 itt

177 4416 325 4468 Actis
354 4430 510 4483 quam
538 4417 678 4484 apud
714 4416 1073 4472 Sozomenum
1105 4421 1172 4471 sit
1203 4420 1466 4485 confusio,
1501 4421 1734 4488 indeque

1873 1964 2120 2021 tempore
2180 1951 2522 2006 Constantini
2578 1951 2643 2003 ab
2700 1950 2919 2003 homine.
2967 1950 3184 2009 Ariano,
3221 1947 3438 2015 quando

1866 2044 2525 2112 Constantinopolitanam
2577 2041 2761 2095 sedem
2794 2041 3076 2094 obtinebat
3106 2040 3162 2093 S.
3194 2041 3434 2095 Alexan-

1861 2138 1958 2190 der
2011 2134 2367 2189 Constantino
2433 2134 2725 2205 gratiosus.
2803 2133 2986 2201 itaque
3037 2131 3288 2200 figmenta
3347 2131 3437 2186 illa

1862 2236 1989 2281 sunt
2044 2226 2410 2294 Philostorgii,
2468 2227 2520 2277 in
2572 2227 2796 2294 gratiam
2858 2226 3175 2281 Arianorum
3214 2240 3434 2280 suorum

1859 2334 1963 2372 non
1986 2333 2105 2371 raro
2126 2316 2252 2370 falsa
2277 2316 2582 2369 scribentis.
2602 2314 2763 2368 Valde
2781 2317 2937 2367 etiam
2958 2317 3245 2379 incertum,
3266 2325 3319 2368 et
3337 2316 3433 2369 nti-

1859 2427 1959 2465 nus
1994 2409 2270 2478 probabile
2298 2417 2401 2470 est,
2427 2407 2568 2476 quod
2599 2406 2783 2460 scribit
2810 2406 2877 2459 de
2911 2406 3123 2474 Ulphila
3154 2407 3430 2473 Socrates,

1859 2501 1950 2553 lib.
1980 2516 2038 2562 tt,
2071 2517 2188 2566 cap.
2222 2500 2311 2562 41,
2341 2514 2465 2551 eum
2500 2498 2667 2551 fuisse
2700 2499 2751 2550 in
2786 2498 3014 2553 concilio
3042 2497 3429 2552 Constantino-

1859 2592 2097 2660 politano
2126 2606 2269 2643 anno
2322 2590 2444 2652 560,
2480 2591 2570 2643 ubi
2625 2592 2805 2642 Ariani
2840 2607 3033 2643 novam
3068 2592 3430 2646 condiderunt

1858 2683 1978 2737 fidei
2012 2682 2318 2747 formulam,
2354 2682 2441 2735 cui
2476 2680 2689 2749 Ulphila
2721 2691 2847 2734 tunc
2872 2683 3252 2736 consensisset.
3285 2683 3429 2737 Idem

1860 2787 2036 2830 tamen
2101 2776 2263 2831 habet
2308 2773 2672 2831 Sozomenns.
2703 2773 2796 2826 lib.
2827 2789 2898 2835 tv,
2933 2788 3049 2842 cap.
3105 2774 3197 2827 ει.
3234 2776 3301 2826 At
3335 2774 3427 2828 hic

1858 2866 1952 2920 lib.
1985 2883 2055 2925 vt.
2087 2881 2205 2933 cap.
2233 2862 2318 2924 57,
2351 2864 2648 2925 existimat,
2687 2865 3059 2932 imprudenter
3106 2864 3307 2917 factum
3358 2867 3427 2919 ab

1860 2955 2103 3022 Ulpltila,
2154 2955 2242 3022 qui
2302 2953 2499 3021 inquit,
2541 2973 2557 3001 ι
2592 2970 2713 3006 curn
2766 2957 3032 3022 epiScOpis
3084 2956 3424 3010 Nicaenornnt

1856 3047 2073 3101 Patrum
2133 3049 2349 3101 decreta
2398 3048 2733 3104 sectantibus
2785 3051 3191 3105 communicare
3238 3065 3425 3120 persc-

1858 3142 2083 3194 verarit.

1924 3228 2012 3281 IX.
2055 3229 2323 3296 Quidquid
2353 3244 2515 3297 porro
2552 3229 2621 3281 sit
2659 3230 2725 3283 de
2770 3230 2925 3283 factis
2956 3230 3160 3300 aliquot
3191 3231 3431 3300 particu-

1853 3319 2057 3373 laribus
2090 3320 2338 3388 Ulphilre,
2382 3335 2409 3372 a
2462 3321 2657 3390 qurbus
2688 3321 2819 3375 fides
2852 3320 3148 3375 Gothorum
3181 3339 3284 3377 non
3319 3324 3419 3377 dc-

1853 3415 2044 3483 pendet
2066 3428 2081 3478 ;
2102 3412 2549 3477 constatGothos,
2576 3415 2664 3470 diu
2696 3424 2820 3469 ante
2840 3425 3049 3484 tempus
3080 3416 3145 3469 de
3170 3432 3277 3485 quo
3307 3417 3423 3488 agi-

1854 3517 1958 3567 tur,
2006 3507 2168 3559 fuisse
2208 3521 2517 3568 conversos,
2570 3522 2631 3560 ac
2679 3507 2976 3562 Gothorum
3014 3511 3408 3578 ntetropolitam

1850 3596 2207 3668 Theophilum
2232 3602 2280 3652 in
2299 3600 2520 3653 Consilio
2536 3597 2748 3653 Nic-aeuo
2767 3600 2930 3654 fuisse
2950 3617 3090 3655 anno
3110 3602 3423 3671 325.]taque

1852 3691 2011 3745 Gothi
2042 3694 2242 3745 dudum
2278 3693 2569 3746 Christiani
2605 3704 2759 3746 erant
2790 3704 2843 3747 et
2873 3694 3173 3755 Catholici;
3230 3697 3322 3749 sed
3353 3695 3422 3749 ad

1855 3786 2131 3854 perfidiam
2169 3784 2395 3839 traducti
2426 3794 2552 3836 sunt
2580 3800 2608 3837 a
2640 3785 2864 3840 Valente
2892 3788 3032 3841 circa
3065 3804 3263 3841 annum
3295 3788 3417 3851 376,

1847 3876 2060 3943 quando
2106 3876 2240 3942 pulsi
2287 3877 2354 3930 ab
2407 3875 2637 3937 liuunis,
2700 3877 2995 3945 petierunt,
3035 3882 3284 3933 ut-sedes
3320 3880 3420 3935 sibi

1850 3971 2011 4037 figere
2042 3969 2230 4021 liceret
2271 3970 2409 4020 intra
2448 3971 2643 4023 limites
2684 3970 2907 4022 Romani
2950 3970 3183 4038 imperii.
3230 3970 3422 4026 Obser-

1850 4073 1937 4115 vat
1970 4063 2069 4115 hoc
2102 4062 2460 4124 Sozomenus,
2495 4063 2583 4131 qui
2622 4063 2757 4115 alias
2793 4064 3066 4117 Socratem
3108 4065 3303 4132 passim
3340 4065 3419 4117 ni-

1852 4154 1951 4206 mis
1992 4162 2266 4222 sequitur;
2328 4156 2582 4221 additque
2630 4155 2694 4208 de
2725 4162 2985 4223 episcopo
3026 4155 3323 4209 Gothorum
3359 4156 3411 4210 in

1846 4243 2312 4297 confirmationem
2370 4245 2650 4313 sequentia
2706 4245 2894 4300 verba.
2956 4264 2974 4295 ‹
3007 4244 3134 4299 Nam
3172 4244 3412 4315 Ulplttla,

1847 4336 1937 4406 qui
1978 4344 2105 4390 tunc
2136 4337 2275 4403 apud
2316 4337 2460 4404 ipsos
2505 4347 2619 4390 erat
2658 4337 2963 4405 episc0pus,
3001 4339 3153 4391 initio
3186 4341 3402 4405 quidem

1848 4430 1991 4482 nulla
2043 4431 2093 4481 in
2145 4436 2296 4497 parte
2329 4430 2592 4483 dissensit
2644 4432 2711 4483 ab
2754 4430 2991 4487 Ecclesia
3031 4430 3332 4485 Catholica.
3390 4452 3409 4484 ι

176 4522 460 4577 perperam
483 4509 748 4578 assignata
779 4511 1164 4577 persecutionis
1188 4527 1369 4566 causa.
1404 4512 1537 4566 Nam
1573 4513 1740 4565 Atha-
1777 4524 1814 4575 ι)
1851 4521 1964 4573 mox
2001 4523 2199 4584 subdit,
2256 4521 2544 4591 Utplnlam,
2594 4523 2683 4592 qui
2717 4539 2744 4576 ε
2778 4520 2970 4578 Gothis
3016 4525 3080 4576 ad
3128 4522 3409 4578 Valentem

178 4602 397 4655 narieus
436 4612 561 4654 ante
616 4605 1048 4671 persecutionem
1083 4616 1269 4657 contra
1312 4604 1586 4658 Valentem
1625 4620 1742 4675 ges.

178 4694 249 4746 sit
268 4693 483 4754 bellum,
507 4694 573 4746 ab
595 4709 764 4762 eoque
787 4696 958 4749 victus
980 4708 1059 4749 est
1085 4713 1226 4750 anno
1265 4698 1388 4762 569,
1419 4699 1561 4752 circa
1581 4713 1739 4766 quem

178 4788 426 4843 inchoata
479 4796 561 4841 est
607 4790 930 4856 persecutio,
978 4790 1158 4842 forsan
1201 4791 1361 4843 simul
1419 4807 1481 4846 ac
1520 4788 1738 4852 Valens,

176 4878 378 4930 sancita
417 4894 566 4946 pace,
600 4893 720 4933 cum
757 4881 994 4934 exercitu
1029 4880 1271 4933 Romano
1302 4890 1617 4934 recesserat.
1656 4883 1737 4932 An

174 4984 302 5024 vero
351 4969 511 5023 etiam
553 4983 678 5025 ante
727 4972 775 5024 id
828 4983 1041 5043 tempus
1064 4972 1436 5040 Phritigerttes
1487 4980 1540 5024 et
1573 4970 1739 5023 Atha-

177 5063 393 5116 naricus
445 5062 586 5116 bello
639 5066 983 5123 certaverint.
1038 5082 1145 5120 non
1200 5069 1336 5121 adeo
1372 5077 1576 5120 certum
1630 5072 1734 5127 est,

176 5152 296 5204 licet
333 5154 432 5207 hoc
478 5153 637 5207 etiam
681 5156 877 5210 habeat
902 5156 1171 5224 Socrates,
1202 5160 1291 5212 lib.
1333 5175 1405 5220 tv,
1431 5172 1549 5224 cap.
1584 5156 1673 5211 55.

248 5238 383 5294 Vill.
442 5244 714 5311 Quidquid
780 5247 870 5311 sit,
932 5261 1143 5302 constat
1205 5249 1270 5302 de
1321 5248 1733 5317 persecutione;

176 5340 491 5400 constatque
555 5336 800 5400 ulterius,
865 5356 982 5393 eam
1036 5341 1204 5396 fuisse
1258 5353 1476 5403 motam,
1518 5342 1733 5410 quando

176 5423 334 5477 Gothi
373 5436 523 5481 erant
572 5431 848 5494 catholici,
895 5444 953 5485 ut
986 5436 1237 5489 observat
1274 5446 1493 5489 sanctus
1550 5439 1732 5501 Augu-

180 5517 376 5576 stinus.
427 5526 482 5570 et
516 5519 682 5587 liquet
729 5539 792 5576 ex
840 5533 1077 5593 tempore
1122 5544 1227 5595 quo
1266 5529 1331 5581 ad
1364 5528 1728 5580 Arianistnum

180 5606 401 5664 traducti
453 5620 577 5663 sunt
616 5610 800 5668 Gothi.
845 5614 1097 5671 Socrates
1146 5618 1364 5685 quidem
1401 5617 1629 5680 Gothos,
1662 5617 1729 5670 ab

178 5701 496 5755 Atltanarico
533 5703 760 5769 occisos,
796 5708 955 5761 simul
991 5720 1043 5763 et
1079 5710 1304 5764 Arianos
1350 5711 1477 5765 facit
1507 5721 1562 5763 et
1590 5710 1727 5763 Mar-

176 5801 311 5859 tyres
355 5808 365 5842 ξ
411 5792 502 5847 sed
548 5794 774 5865 scriptor
847 5800 934 5853 ille
987 5801 1293 5870 frequenter
1346 5806 1504 5859 modo
1567 5805 1723 5874 plane

1846 4613 2053 4681 legatus
2092 4625 2206 4667 erat
2256 4615 2473 4678 missus,
2513 4615 2795 4683 promissis
2840 4618 3164 4672 Arianorum
3198 4617 3413 4686 episco-

1846 4723 2033 4775 porum
2067 4724 2187 4761 esse
2226 4721 2563 4776 corruptum.

1912 4799 1977 4850 Χ.
2015 4796 2210 4851 Verum
2243 4800 2530 4853 audiamus
2562 4800 2986 4861 Thcodoretum.
3032 4803 3098 4856 de
3143 4801 3227 4856 his
3271 4802 3410 4857 scri-

1841 4891 2080 4952 bentem,
2112 4891 2203 4943 lib.
2236 4908 2306 4948 tv.
2338 4907 2456 4959 cap.
2482 4894 2567 4948 57.
2601 4894 2689 4946 ubi
2730 4895 2807 4948 sic
2839 4897 2998 4949 habet
3031 4911 3047 4948 :
3079 4912 3098 4945 ι
3122 4895 3240 4960 Quo
3269 4904 3407 4949 tem-

1840 4996 1970 5050 pore
2001 4981 2157 5034 Gothi
2195 4981 2388 5033 Istrum
2425 4983 2775 5050 trajicientes,
2812 4986 2987 5040 ftedus
3015 5003 3138 5040 eum
3178 4986 3404 5043 Valente

1840 5082 2240 5140 percusserunt,
2282 5073 2676 5128 abominandus
2718 5076 2804 5129 ille
2842 5076 3116 5131 Ettdoxius
3160 5075 3404 5145 (verisi-

1840 5162 2037 5213 utiliter
2088 5161 2366 5229 legendum
2408 5162 2659 5226 Euzoius,
2703 5166 2794 5233 qui
2831 5166 3153 5219 Arianorum
3190 5169 3403 5233 episco-

1837 5266 1935 5320 pus
1976 5260 2089 5304 erat
2135 5254 2457 5316 Antiochiae,
2506 5257 2594 5309 ubi
2650 5266 2777 5310 tunc
2823 5258 3007 5311 valens
3035 5258 3402 5327 degeltat)qui

1839 5354 1965 5397 tunc
2000 5343 2207 5404 aderat.
2262 5348 2524 5415 suggessit
2580 5349 2912 5414 itnperateri.
2965 5352 3397 5417 persuadendum

1834 5451 1950 5490 esse
1977 5434 2185 5498 Gothis,
2209 5449 2265 5489 ut
2286 5454 2407 5490 cum
2433 5439 2548 5507 ipso
2589 5442 3077 5495 communicarent.
3116 5445 3246 5496 Nam
3272 5460 3396 5498 cum

1834 5530 1924 5582 diu
1963 5538 2117 5582 antea
2144 5513 2342 5584 divina;
2371 5532 2692 5604 cognitionis
2720 5534 2883 5587 radiis
2912 5531 3161 5588 illustrati
3191 5548 3394 5601 essent,

1832 5620 2188 5688 inapostolica
2211 5623 2453 5677 doctrina
2470 5636 2683 5692 semper
2707 5624 2920 5680 fuerant
2945 5627 3215 5687 innutriti.
3233 5627 3393 5696 Quip-

1832 5727 1915 5783 pe,
1934 5715 2108 5767 aiebat
2128 5715 2418 5773 Eudoxius.
2436 5718 2594 5771 unius
2606 5719 2869 5789 dOgmatis
2881 5722 3188 5775 communio
3206 5738 3391 5791 pacem

1833 5806 2119 5861 lirminrem
2153 5805 2343 5866 eﬂiciet
2406 5806 2556 5873 Quod
2592 5812 2875 5867 consilium
2901 5828 3019 5867 cum
3043 5813 3389 5881 approbasset
