4156 6314
218 381 324 454 69⁸1

1240 372 1698 438 MARTYRIUM
1737 374 1796 434 S.
1833 372 2128 436 NICETE
2167 375 2426 436 GOTIII.

3347 371 3454 436 698

217 496 378 556 αὑτὸς
412 489 712 564 βεϐληκὼς,
743 489 1000 563 αὐτόχειρ
1044 491 1252 562 γίνεται
1289 489 1384 545 τοῦ
1442 490 1779 560 θηράματος.

1896 501 2007 544 rant
2042 491 2301 559 reliquiae,
2328 491 2562 559 leporem
2590 505 2719 546 arcu
2778 491 3004 554 feriens,
3057 489 3294 560 prmdam
3341 503 3454 543 'sua

221 583 352 639 Είτα
390 587 484 639 καὶ
525 585 662 638 ἄλλα
719 584 828 637 τῶν
887 584 1042 648 ζώων
1077 584 1372 656 θηρεύσας,
1401 584 1666 646 ἐπάνεισι,
1691 582 1785 635 καὶ

1888 597 2051 636 manu
2077 584 2294 638 occidit.
2333 586 2533 640 Deinde
2566 601 2687 640 cum
2728 585 2890 639 etiam
2917 583 3020 637 alia
3061 595 3285 638 venatus
3311 588 3458 636 esset

219 678 360 744 ὀρῶν
409 677 477 730 δι’
534 676 742 747 ὀνείρου
776 675 867 728 τὸν
926 676 1179 746 μάρτυρα
1228 675 1670 745 προτρεπόμενον
1728 675 1786 726 ἐν

1896 675 2159 737 animalia.
2194 679 2501 738 revertitur,
2536 689 2588 733 et
2624 679 2679 732 in
2717 676 2924 732 somnis
2973 675 3122 731 videt
3161 683 3451 744 martyrem

218 767 298 836 τῷ
335 768 485 836 τόπῳ
527 760 680 834 ᾧπερ
730 767 889 837 ἔτυχε
927 770 1016 819 τὸν
1063 766 1244 833 λαγὼν
1295 766 1558 838 θτλράσας,
1585 763 1788 834 σκηνὴν

227 859 363 929 πρὸς
389 859 602 928 οἴκησιν
627 859 922 926 πήξασθαι,
953 861 1178 911 κάκεῖσε
1203 858 1482 928 διαμένειν
1512 859 1577 910 ἐκ
1607 858 1785 924 γειτὸο

217 967 324 1002 νων
351 949 640 1018 αὑτῷ.Τοῦ
679 950 734 1003 δὲ
769 952 962 1003 θᾶττον
993 950 1052 1002 τὸ
1089 949 1515 1018 διατεταγμένον
1556 947 1788 1001 ἀνύσαν-

220 1056 334 1100 τος,
362 1039 498 1108 μετά
520 1056 669 1100 τινας
693 1041 917 1108 χρόνους
952 1041 1360 1107 ἐμφανέστερον
1392 1039 1419 1090 ὁ
1457 1039 1787 1108 ίερομάρτυς

220 1131 528 1196 ἐφίσταται,
558 1129 651 1182 καὶ
689 1130 833 1191 ὅστις
862 1129 948 1196 εἴη
979 1128 1238 1192 διδάσκει,
1266 1131 1361 1182 καὶ
1391 1129 1474 1182 ὅτι
1519 1131 1617 1198 τῆς
1655 1146 1790 1198 σκη-

222 1221 322 1288 νῆς
350 1221 509 1273 αὑτοῦ
550 1221 792 1273 κάτωθεν
835 1219 896 1272 τὸ
923 1220 1067 1290 ἱερὸν
1113 1222 1321 1274 ἐκείνου
1359 1220 1789 1291 τεθησαυρίσθαι

221 1307 494 1380 λείψανον.
531 1311 587 1364 Ὀ
615 1311 668 1362 δὲ
704 1311 1067 1381 στρατιώτης,
1087 1313 1188 1366 οὐκ
1244 1314 1526 1367 ἀκίνδυνον
1576 1313 1787 1383 ἡγησά-

223 1395 384 1470 μενος
429 1402 535 1454 τῶν
576 1401 761 1454 θεόθεν
815 1403 967 1473 αὐτῷ
1020 1406 1365 1474 μηνυθέντων
1410 1406 1507 1475 τὴν
1556 1407 1787 1476 σιωπὴν,

219 1486 361 1561 δῆλα
399 1494 574 1548 ταῦτα
617 1495 692 1563 τῷ
737 1490 1078 1565 βασιλεύοντι
1140 1497 1394 1568 καθιστᾷ.
1441 1498 1789 1560 ’Λναστάσιος

217 1584 278 1637 δέ
317 1577 468 1647 οὗτος
498 1581 586 1656 ἦν,
609 1585 666 1650 ὃς
712 1588 956 1640 εὐσεϐεῖν
989 1589 1088 1658 μὲν
1110 1588 1364 1658 καθαρῶς
1388 1589 1487 1643 οὐκ
1513 1591 1785 1652 ἐϐούλετο,

219 1677 291 1728 τὰ
328 1675 387 1728 δὲ
420 1677 528 1728 τῶν
560 1679 800 1730 εὐσεϐῶν
830 1681 1088 1742 πολλάκις
1135 1683 1583 1753 ὑποκρινόμενος,
1602 1686 1699 1753 τὴν
1732 1685 1790 1750 ἐξ

218 1767 523 1837 ἀνθρώπων
585 1770 798 1823 εὔνοιαν
846 1773 1102 1842 ἐθηρᾶτο.
1164 1774 1256 1826 Διὸ
1313 1776 1789 1839 κατασκευάζεται

220 1859 323 1928 μὲν
356 1861 484 1931 παρ’
517 1861 725 1914 ἐκείνου
757 1864 785 1915 ὁ
815 1864 908 1916 νῦν
939 1863 1188 1934 ἑστηκὼς
1246 1865 1540 1936 εὐκτήριος
1593 1864 1749 1930 οἶκος
1773 1883 1787 1898 ·

219 1955 588 2018 ἐγκαινίζεται
617 1955 672 2007 δὲ
707 1957 860 2025 παρὰ
893 1956 988 2009 τοῦ
1023 1956 1142 2027 μετ’
1170 1957 1331 2010 αὐτὸν
1380 1958 1478 2028 τὴν
1513 1958 1791 2028 βασιλείαν

221 2046 520 2113 ἰθύνοντος,
579 2048 861 2102 ἰουστίνου
910 2048 972 2120 δὴ
1027 2050 1120 2104 τοῦ
1180 2049 1554 2119 φιλευσεεοῦςο
1588 2051 1644 2113 ὃς
1699 2051 1793 2103 καὶ

219 2138 398 2190 εἰσαεὶ
426 2139 690 2206 διαμένει,
715 2141 926 2195 πολλῶν
960 2141 1265 2211 ἀνθρώποις
1299 2142 1487 2196 κακῶν
1510 2141 1795 2212 ἐλευθερία

218 2231 521 2298 γινόμενος.
565 2231 654 2284 Ἐν
682 2233 893 2296 τούτοις
925 2234 1024 2304 μὲν
1052 2230 1145 2288 οὖν
1185 2235 1250 2289 τὰ
1282 2237 1424 2290 κατά
1477 2236 1566 2288 τὸν
1624 2236 1794 2304 μέγαν

217 2324 264 2372 Α
276 2322 528 2390 ὺτόνομον
559 2323 720 2394 διηγή
731 2343 899 2393 ματα.

296 2414 385 2479 (τ’.
420 2413 559 2480 Ἐγὼ
584 2415 661 2481 δὲ,
691 2418 927 2470 νικῶντα
959 2417 1049 2470 τὸν
1081 2417 1321 2488 ἀθλητὴν
1345 2417 1488 2488 ὁρῶν
1510 2420 1611 2488 τὴν
1637 2418 1796 2488 φύσιν

218 2507 318 2559 καὶ
356 2509 492 2576 μετὰ
531 2507 758 2561 θάνατον
812 2510 946 2580 πρὸς
999 2510 1306 2578 δοξολργίαν
1351 2512 1483 2563 Θεοῦ
1521 2511 1798 2564 διανίστα-

223 2615 346 2666 μαι.
386 2596 691 2654 Ἐπιὸαλὼν
717 2601 824 2671 γὰρ
869 2601 988 2655 τότε
1021 2605 1118 2666 τὰς
1157 2604 1308 2672 ὄψεις
1355 2603 1433 2674 τῷ
1488 2604 1644 2674 τάφῳ
1700 2603 1793 2656 τοῦ

223 2692 596 2762 μάρτυρος,τὸ
625 2695 769 2763 ἱερὸν
801 2697 962 2748 cuto-3
1000 2697 1196 2766 σκῆνος
1247 2696 1582 2768 ἐθεασάμην,
1611 2699 1704 2748 καὶ
1729 2692 1795 2767 ἦν

220 2783 491 2851 ἀήττητον
518 2786 620 2836 ὑπὸ
647 2802 708 2852 γε
737 2787 834 2856 τῆς
861 2787 1041 2856 ίσχύος
1064 2788 1155 2839 τοῦ
1183 2788 1414 2841 θανάτου
1446 2789 1752 2858 μεμενηκός
1779 2806 1794 2822 ο

221 2874 252 2922 ὁ
289 2872 396 2938 γὰρ
448 2877 630 2926 πᾶσαν
684 2875 775 2926 τοῦ
842 2876 982 2939 ζώου
1042 2880 1142 2946 τὴν
1205 2877 1478 2947 σύμπηξιν
1513 2880 1797 2952 τριημέρῳ

219 2961 552 3032 διαστήματι
587 2965 738 3018 λύειν
771 2966 955 3036 αὐχῶν
991 2967 1164 3021 ἔτεσιν
1191 2971 1291 3041 ἤδη
1311 2971 1604 3034 διακοσίοις
1631 2974 1797 3042 τρίχα

220 3054 322 3106 τοῦ
352 3056 598 3122 γενναίου
630 3058 941 3130 διαφθεῖραι
974 3062 1073 3113 οὐκ
1100 3064 1341 3132 ἴσχυσεν·
1365 3066 1480 3118 ἀλλ’
1506 3067 1540 3136 ἦ
1572 3083 1627 3118 τε
1653 3065 1796 3134 κόμη

1887 764 1934 817 ei
1964 766 2392 834 praecipientem,
2420 777 2478 822 ut
2505 768 2558 822 in
2577 768 2693 822 loco
2715 769 2766 821 in
2786 782 2894 836 quo
2913 775 3026 819 erat
3046 775 3278 819 venatus
3299 764 3452 832 lepo-

1890 872 2030 921 rem,
2067 859 2473 913 tabernaculum
2516 861 2706 931 ﬁgeret
2735 859 2800 913 ad
2828 858 3210 920 habitandum,
3241 864 3295 910 et
3325 870 3455 923 per-

1891 960 2136 1003 maneret
2167 950 2273 1004 illic
2303 951 2350 1004 ei
2386 951 2621 1006 vicinus.
2646 952 2782 1004 Cum
2810 951 2855 1004 is
2898 959 3080 1003 autem
3115 950 3228 1002 cito
3270 945 3454 1016 peric-

1890 1039 2052 1092 cisset
2082 1039 2156 1102 id,
2184 1041 2328 1110 quod
2349 1040 2538 1110 jussus
2568 1042 2765 1099 fuerat.
2829 1048 2951 1109 post
2973 1039 3174 1108 aliquot
3205 1052 3379 1091 annos
3403 1034 3452 1089 ei

1889 1141 2090 1202 martyr
2121 1146 2346 1200 apparet
2380 1132 2709 1196 evidentius,
2751 1142 2807 1186 et
2849 1133 3030 1188 docet.
3091 1130 3338 1199 quisnam
3365 1129 3453 1187 sit.

1891 1237 1946 1278 et
1976 1225 2116 1294 quod
2146 1227 2246 1279 sub
2279 1225 2420 1278 illius
2451 1224 2802 1279 tabernaculo
2831 1224 3066 1278 conditae
3096 1230 3226 1275 sunt
3289 1233 3456 1273 sacra:

1891 1332 2001 1370 suae
2026 1317 2286 1386 reliquiae.
2311 1317 2460 1371 Miles
2495 1332 2626 1370 vero
2667 1331 2773 1370 non
2795 1331 2916 1370 esse
2947 1330 2974 1365 a
3000 1313 3246 1384 periculo
3279 1325 3459 1365 remo-

1892 1419 2004 1464 tum
2041 1412 2330 1464 arbitratus
2362 1426 2573 1472 eorum,
2599 1426 2720 1477 quin
2777 1409 2880 1464 sibi
2933 1407 3198 1462 divinitus
3242 1402 3456 1473 signiﬁ-

1890 1513 2012 1554 cata
2045 1501 2284 1561 fuerant.
2321 1503 2622 1564 silentium,
2656 1503 2769 1556 haec
2792 1502 2968 1569 aperit
3003 1495 3315 1567 imperatori
3357 1509 3372 1557 ;
3409 1493 3457 1545 is

1891 1601 2072 1646 autem
2114 1595 2590 1656 eratAnastasius.
2655 1593 2744 1662 qui
2785 1592 3003 1646 nolebat
3057 1590 3273 1658 quidem
3325 1600 3460 1654 pure

1892 1697 1954 1740 ac
1977 1682 2190 1739 sincere
2234 1697 2353 1738 esse
2380 1684 2500 1754 pius
2534 1685 2826 1752 :pietatem
2861 1692 3041 1736 autem
3091 1696 3235 1749 saepe
3287 1679 3460 1731 simu.-

1895 1774 2028 1838 lans,
2059 1777 2309 1843 captabat
2359 1777 2640 1833 hominum
2687 1773 3141 1829 benevolentiam.
3177 1768 3459 1835 Quamob-
3489 1838 3492 1841 _

1893 1882 2006 1920 rem
2038 1867 2105 1920 ab
2136 1867 2227 1922 illo
2265 1868 2480 1936 quidem
2525 1869 2883 1932 construitur,
2955 1881 3074 1936 quae
3133 1878 3280 1917 nunc
3354 1869 3460 1924 est.
3537 1886 3540 1888 ·

1891 1959 2033 2011 aedos
2059 1961 2640 2026 oratoria;dedicatur
2672 1970 2852 2014 autem
2909 1961 2976 2014 ab
3029 1973 3114 2022 eo,
3183 1956 3276 2026 qui
3341 1964 3465 2023 post.

1895 2051 2070 2119 ipsum
2102 2053 2314 2107 obtinet
2359 2054 2667 2122 imperium,
2742 2054 2850 2122 pio,
2898 2051 3146 2120 inquam,
3221 2047 3460 2101 Justino.

1895 2144 2022 2210 Qua.-
2051 2160 2196 2198 nunc
2217 2161 2437 2214 quoque
2470 2156 2774 2217 permanet,
2830 2153 2882 2199 et
2934 2143 2988 2196 in
3049 2157 3112 2195 ea
3158 2139 3463 2193 liberantur

1896 2237 2148 2295 homines
2175 2253 2202 2290 a
2241 2238 2425 2291 multis
2447 2241 2624 2292 malis.
2677 2239 2859 2304 Atque
2889 2236 3005 2289 haec
3030 2233 3248 2304 quidem
3311 2237 3461 2293 sunt,

1896 2344 2014 2410 quin
2038 2331 2104 2384 de
2130 2345 2324 2400 magno
2351 2340 2644 2386 narrantur
2659 2330 2990 2382 Autonomo.

1975 2419 2062 2477 Vl.
2101 2421 2216 2491 Ego
2239 2431 2420 2476 autem
2445 2423 2635 2476 videns
2661 2423 2926 2476 athletam
2972 2419 3132 2474 etiam
3163 2424 3288 2487 post
3319 2429 3468 2468 mor-

1900 2524 2008 2569 tem
2040 2516 2352 2570 vincentem
2393 2523 2670 2576 naturam,
2712 2528 2947 2583 exsurgo
2975 2513 3040 2566 ad
3077 2513 3245 2566 Deum
3304 2506 3468 2580 glori-

1899 2607 2196 2668 ﬁcandum.
2233 2606 2486 2674 lnjicicns
2527 2607 2672 2660 enim
2731 2602 3228 2674 aliquandooculos
3273 2601 3326 2652 in
3389 2612 3471 2652 se-

1899 2698 2146 2767 pulcrum
2173 2698 2446 2767 martyris.
2477 2696 2658 2765 aspexi
2693 2710 2876 2750 sacras
2894 2696 3012 2762 ejus
3045 2692 3318 2760 reliquias.
3342 2703 3466 2758 qua:

1899 2792 2113 2845 invicta:
2143 2799 2518 2844 manseranta
2585 2787 2773 2842 mortis
2830 2786 3055 2840 viribus.
3120 2782 3250 2850 Qua:
3320 2780 3468 2834 enim

1899 2884 2209 2938 universam
2235 2882 2482 2940 animalis
2508 2879 2956 2950 compositionem
2978 2893 3035 2931 se
3062 2877 3221 2929 trium
3254 2873 3466 2926 dierum

1900 2976 2076 3045 spatio
2110 2975 2372 3044 gloriatur
2399 2973 2804 3033 dissoluturam,
2832 2970 2942 3038 jam
3002 2965 3256 3022 ducentis
3310 2961 3468 3018 annis

1907 3083 2016 3122 non
2053 3065 2225 3121 valuit
2253 3063 2494 3128 prirclari
2526 3063 2668 3117 illius
2700 3062 2800 3116 viri
2853 3061 2937 3114 vel
2993 3061 3162 3130 pilum
3218 3069 3469 3112 corrum-

221 3147 328 3213 τῆς
357 3150 595 3220 κεφαλῆς
628 3151 854 3223 δαψιλὴς
889 3154 982 3206 καὶ
1013 3153 1341 3222 ἀλύμαντος,
1368 3156 1395 3208 ὅ
1432 3173 1491 3208 τε
1535 3157 1634 3225 τῆς
1667 3174 1793 3226 μορ-

1901 3176 2032 3232 pere
2073 3177 2087 3214 ι
2124 3159 2218 3215 sed
2237 3167 2288 3213 et
2321 3172 2474 3216 coma
2509 3157 2705 3227 capitis
2735 3164 2820 3213 est
2849 3155 3017 3209 densa
3071 3162 3125 3206 et
3171 3150 3356 3212 illmsa,
3415 3155 3470 3200 et

222 3241 337 3308 φῆς
387 3245 673 3314 χαρακτὴρ
756 3243 1100 3315 συνεστηκὼς
1142 3246 1236 3297 καὶ
1286 3245 1567 3316 ἁλὼΰητος
1603 3250 1667 3317 τῇ
1700 3248 1797 3315 τῆς

222 3329 390 3400 δορᾶς
434 3335 677 3406 εὐτονίᾳ,
707 3338 844 3402 μηδὲ
877 3340 977 3400 τὰς
1005 3339 1101 3409 τῆς
1138 3338 1350 3408 ὑπήνης
1375 3340 1568 3409 τρίχας
1593 3339 1802 3394 ἀποδα-

227 3423 360 3475 ὶών·
419 3426 625 3496 ἀνέῳγε
655 3430 709 3480 δὲ
740 3431 886 3500 αὺτῷ
937 3433 1028 3484 καὶ
1059 3433 1086 3484 ὁ
1119 3433 1227 3485 τῶν
1273 3433 1536 3501 ὀμμάτων
1578 3432 1799 3494 κύκλος.

226 3517 312 3568 Δι’
345 3510 418 3570 ὧν
473 3519 598 3586 ἐμοὶ
650 3520 825 3572 δοκεῖν
857 3524 951 3574 καὶ
1001 3523 1275 3590 θεώμενος
1325 3525 1463 3575 αἰδοῖ
1508 3523 1602 3574 τοῦ
1633 3526 1800 3590 νόμου

224 3609 330 3675 τῆς
359 3609 635 3680 τελευτῆς,
657 3612 754 3684 τὴν
788 3613 998 3687 σιωπὴν
1032 3617 1330 3688 προτιμᾷν.
1356 3617 1598 3688 Ἔστηκε
1621 3616 1676 3670 δὲ
1704 3617 1803 3669 καὶ

222 3700 255 3751 ὁ
291 3701 396 3764 πᾶς
423 3702 516 3755 τοῦ
551 3704 806 3774 σώματος
835 3708 1005 3772 τύπος
1033 3726 1044 3739 ·
1073 3711 1169 3780 τὴν
1218 3711 1354 3763 ίδίαν
1391 3710 1672 3780 συντηρῶν
1706 3709 1802 3777 ἁρ-

229 3794 451 3861 μονίαν,
473 3799 564 3848 καὶ
592 3796 715 3850 οὔτε
746 3801 845 3866 τῆς
887 3802 1129 3872 κεφαλῆς
1164 3803 1395 3863 οὺδὸλως
1435 3803 1799 3872 ἀπορραγεὶς,

222 3885 355 3935 οὒτε
386 3884 493 3936 τῶν
523 3887 726 3939 λοιπῶν
761 3892 964 3957 μορίων
990 3891 1090 3959 τὴν
1130 3892 1416 3947 διάστασιν
1455 3893 1759 3962 ὑπομείνας
1788 3909 1804 3926 ⁸

222 3975 375 4027 οὓτω
406 3978 512 4044 γὰρ
565 3978 592 4029 ὁ
628 3979 1006 4053 μεγαλόδωρος
1051 3985 1254 4055 Κύριος
1301 3985 1668 4054 ἀντιδοξάζειν
1694 3984 1800 4041 οἶδε

219 4067 355 4130 τοὺς
385 4070 608 4133 οἰκείοις
657 4075 823 4128 αὑτὸν
858 4077 1047 4146 μέλεσι
1089 4078 1307 4144 δοξάσαι
1365 4080 1796 4153 προελομένους·

223 4160 314 4212 ὅτι
339 4159 405 4215 αὖ
419 4163 486 4233 τῷ
513 4166 709 4235 πρέπει
744 4169 892 4221 πᾶσα
921 4170 1067 4236 δόξα,
1093 4171 1227 4241 τιμὴ
1262 4173 1356 4224 καὶ
1395 4171 1796 4243 προσκύνησις,

222 4254 327 4307 νῦν
357 4254 453 4308 καὶ
489 4259 597 4323 ἀεὶ,
631 4259 726 4311 καὶ
758 4261 836 4324 είς
873 4261 998 4324 τοὺς
1027 4261 1248 4325 αἰῶνας.
1284 4261 1476 4334 Ἀμήν.

1898 3250 2087 3304 forma:
2125 3249 2406 3301 character
2439 3246 2689 3300 consistit
2717 3245 2948 3315 integer,
3003 3241 3146 3311 pelle
3217 3238 3369 3292 ﬁrma
3415 3241 3472 3289 et

1900 3342 2134 3405 intensa,
2167 3352 2234 3392 ne
2267 3337 2478 3395 amissis
2498 3337 2713 3403 quidem
2771 3336 2896 3403 pilis
2976 3331 3106 3386 labri
3151 3325 3466 3398 superioris.

1903 3435 1994 3486 Est
2022 3443 2201 3486 autem
2241 3430 2290 3484 ei
2331 3428 2478 3484 orbis
2503 3441 2721 3497 quoque
2749 3433 2974 3494 apertus
2996 3421 3304 3476 oculorum.
3367 3415 3470 3469 Per

1901 3539 2038 3595 quos
2061 3523 2292 3576 intuenti
2319 3520 2778 3580 mihividebatur,
2816 3518 2961 3587 quod
3021 3515 3194 3581 legem
3259 3518 3468 3565 tantum

1902 3616 2095 3673 mortis
2151 3615 2267 3685 ipse
2320 3612 2615 3674 reveritus,
2678 3610 2956 3663 silentium
3005 3605 3305 3661 simularet.
3351 3603 3470 3655 Stat

1901 3719 2080 3763 autem
2118 3706 2377 3759 u'niversa
2402 3719 2621 3773 quoque
2646 3703 2817 3773 ﬁgura
2850 3701 2968 3772 ejus
3009 3697 3257 3766 corporis
3312 3707 3470 3749 suam

1901 3810 2232 3852 conservans
2263 3808 2603 3864 compagem,
2644 3803 2700 3846 et
2728 3807 2832 3845 nec
2875 3791 2994 3860 ejus
3023 3789 3218 3857 capitis
3249 3795 3467 3854 ruptum

1901 3901 1985 3947 est
2023 3890 2245 3960 aliquid,
2271 3903 2373 3945 nec
2391 3888 2720 3956 reliquarum
2751 3884 3001 3955 corporis
3053 3882 3292 3952 partium
3331 3877 3472 3932 iacta

1900 3995 1982 4039 est
2011 3984 2114 4036 ulla
2139 3997 2165 4034 a
2187 3997 2246 4036 se
2273 3981 2504 4034 invicem
2542 3977 2863 4046 disjunctio.
2887 3975 2976 4030 Sic
3007 3973 3154 4027 enim
3180 3971 3472 4026 muniﬁcus

1903 4075 2162 4131 Dominus
2181 4071 2284 4128 scit
2336 4068 2581 4125 vicissim
2627 4066 2933 4139 gloriﬁcare
3011 4078 3133 4127 eos,
3196 4062 3288 4133 qui
3356 4061 3472 4116 suis

1897 4164 2156 4221 membris
2183 4163 2472 4218 voluerunt
2492 4175 2616 4214 cum
2643 4157 2946 4229 gloriﬁcare
2981 4171 2998 4210 :
3039 4155 3296 4225 quoniam
3339 4167 3469 4207 eum

1898 4260 2054 4313 decet
2075 4255 2263 4327 gloria.
2310 4255 2485 4308 honor
2518 4260 2572 4306 et
2616 4249 2885 4312 adoratio,
2948 4261 3097 4302 nunc
3134 4254 3190 4303 et
3231 4260 3468 4316 semper,

1898 4360 1952 4406 ct
1971 4350 2025 4403 in
2047 4347 2267 4402 saecula.
2295 4346 2489 4400 Amen.

227 4501 3454 4558 Μ

428 4707 680 4858 DE
858 4702 1599 4863 SANCTO
1735 4699 2432 4856 NICETA
2600 4693 3265 4854 GOTHO

1148 4975 1492 5034 MARTYRE
1544 4977 1608 5032 IN
1663 4974 1914 5033 GOTHIA
1977 4973 2206 5031 ULTRA
2267 4969 2555 5029 ISTRUM.

1259 5138 1399 5200 (Acta
1419 5135 1509 5186 SS.
1548 5132 1671 5186 Boil.
1693 5135 1752 5185 ad
1777 5136 1911 5185 diem
1945 5133 1998 5183 15
2017 5132 2179 5195 Sept.,
2212 5139 2332 5184 tom.
2367 5131 2450 5195 γ.)

226 5284 519 5350 Celebris
552 5287 752 5351 sancti
782 5285 986 5348 cultus
1031 5304 1044 5348 :
1095 5286 1269 5348 locus
1313 5291 1374 5345 et
1417 5290 1666 5360 tempus
1726 5280 2009 5358 martyrii
2061 5279 2473 5360 investigatur
2515 5296 2533 5360 :_
2569 5279 2871 5342 nonnulla
2929 5276 3006 5340 de
3051 5276 3466 5342 conversione

1125 5364 1470 5427 Gothorum
1504 5356 1828 5424 observata
1862 5356 2055 5421 {Acta
2086 5356 2599 5420 Grieca'edenda.

303 5703 348 5758 1.
381 5704 620 5759 Celebris
648 5705 936 5760 admodum
982 5716 1063 5761 est
1101 5707 1259 5762 hodie
1307 5707 1449 5778 apud
1489 5708 1704 5764 (iuncos
1739 5719 1793 5764 et
1823 5708 1867 5764 D
1896 5709 2076 5771 Gothi.
2135 5711 2203 5766 de
2242 5726 2348 5782 quo
2404 5708 2665 5765 Barouius
2711 5710 2766 5765 in
2801 5704 3173 5779 Martyrologio
3221 5703 3464 5763 Romano

228 5799 489 5858 Idaei-hos
545 5799 720 5855 cultus
781 5801 949 5854 sancti
1013 5800 1212 5856 Niceti:
1277 5802 1525 5857 murlvris
1575 5803 1794 5862 natione

1905 5804 1977 5860 ita
2017 5802 2260 5860 meminit
2309 5821 2320 5856 :
2362 5801 2588 5858 (Eodem
2641 5803 2729 5858 die
2791 5803 2960 5858 sancti
3028 5799 3223 5856 Nicetes
3279 5799 3461 5868 Gothi,
