4156 6314
761 379 875 442 699

1993 372 2274 433 MENSIS
2320 366 2792 431 SEPTEMBER:

3919 366 4024 425 700

764 487 858 558 qui
890 486 958 541 ab
986 483 1323 539 Athanarico
1378 500 1503 555 rege
1550 484 1622 539 ob
1662 483 1987 538 catholicam
2024 485 2182 539 ﬁdem
2231 484 2350 553 jus-
2379 486 2428 547 Α
2457 483 2785 552 impressum
2853 488 2936 535 est
2982 481 3034 534 in
3093 478 3356 535 Thesauro
3401 480 3791 548 Antiquitutum
3842 478 4022 532 Ituh‘a

765 594 858 634 sus
881 586 963 632 est
994 576 1117 647 igne
1149 578 1418 631 comburi.
1458 574 1678 629 iPetrus
1710 574 1776 629 de
1817 574 2117 639 Natalibus,
2154 576 2249 629 lib.
2284 591 2341 641 ν,

764 686 864 739 cap
893 668 966 734 ,4,
1020 669 1254 738 elogium
1314 669 1595 723 contexuit
1645 682 1711 721 ex
1754 668 1901 721 Actis
1947 666 2085 720 infra
2132 667 2347 731 dandis,

766 761 861 814 sed
899 776 1006 814 non
1040 761 1156 813 sine
1201 761 1481 814 erroribus
1525 759 1748 827 aliquot,
1788 768 2119 828 mortemque
2150 761 2346 823 sancti,

767 868 924 920 quem
949 851 1198 906 Nicetum
1223 862 1400 912 vocat.
1435 852 1551 906 ﬁxit
1586 852 1655 906 25
1684 850 1829 905 Maii.
1867 852 2002 906 Hinc
2032 851 2259 917 factum,
2290 864 2347 906 ut

769 941 1050 995 Grevenus
1090 942 1291 1011 aliique
1340 942 1491 1011 pauci
1541 942 1881 1012 martyrologi
1940 942 2210 1002 Nicetum,
2256 955 2348 997 aut

769 1030 949 1098 potius
981 1030 1242 1095 Nicetam,
1280 1032 1346 1085 ad
1388 1032 1458 1085 25
1486 1030 1606 1083 Maii
1652 1032 1762 1085 suis
1792 1030 1967 1085 Fastis
1992 1031 2343 1086 inserueriut.

771 1122 869 1174 Alii
915 1132 1090 1177 tamen
1149 1122 1325 1176 Latini
1387 1138 1510 1177 cum
1555 1122 1766 1177 Molano
1801 1134 2049 1177 sanctum
2104 1124 2343 1179 Nicetam

773 1212 932 1267 hodie
962 1224 1354 1268 memorarunt.
1392 1215 1746 1283 Antiquiorcs
1781 1216 2123 1285 tnartyrologi
2168 1216 2345 1270 Latini

772 1313 1020 1358 sanctum
1062 1306 1206 1358 hunc
1258 1306 1571 1376 ignorarunt
1603 1324 1615 1359 :
1648 1310 1741 1361 sed
1770 1306 1943 1360 Graeci
1988 1288 2179 1377 magno
2211 1323 2344 1360 eon-

768 1407 953 1456 sensu,
980 1402 1034 1446 et
1075 1409 1197 1446 cum
1232 1393 1316 1448 his
1360 1394 1560 1449 Moschi
1608 1406 1856 1449 sanctum
1899 1395 2139 1450 Nicctam
2191 1397 2346 1451 hodie

767 1482 1063 1541 celebrant,
1116 1495 1172 1537 ut
1224 1501 1473 1555 magnum
1510 1496 1823 1556 martyrem,
1873 1488 1938 1539 de
1982 1502 2088 1555 quo
2115 1487 2345 1541 ofﬁcium

766 1571 1197 1627 ecclesiasticum
1233 1576 1423 1629 eodem
1453 1576 1542 1629 die
1573 1577 1938 1645 peragendum
1971 1577 2023 1630 in
2056 1578 2210 1631 libris
2245 1593 2341 1631 eo-

768 1680 884 1717 rum
914 1666 1197 1719 ritualibus
1229 1669 1618 1737 praescribitur.
1652 1669 1704 1722 In
1736 1669 2033 1740 Menologio
2056 1672 2343 1725 Sirletiano

770 1757 871 1811 hoc
900 1759 1075 1812 sancti
1118 1759 1320 1813 Niceta:
1347 1761 1505 1814 datur
1532 1763 1765 1832 elogium
1802 1778 1815 1814 :
1848 1760 2331 1815 cCommemoratio

2454 583 2587 628 tom.
2625 591 2655 627 v
2695 580 2836 641 part.
2887 587 2945 626 tt.
2989 572 3045 625 In
3092 571 3183 625 illo
3236 572 3380 624 enim
3421 579 3682 624 tractatur
3716 570 3783 624 de
3818 570 4025 637 templo

2450 664 2505 719 S.
2570 664 2795 729 Nicolai,
2875 663 3125 732 parocbia
3190 663 3625 733 presbyterorum
3684 664 3739 716 in
3804 663 4023 730 regione

2450 754 2601 808 Dorsi
2647 755 2788 818 duri,
2849 763 3009 822 atque
3044 753 3094 805 iu
3127 753 3234 806 ﬁne
3278 753 3517 805 dicitur:
3559 751 3658 805 Hic
3697 753 3871 806 sancti
3911 752 4018 803 Ni-

2448 859 2579 901 cette
2610 862 2806 915 corpus
2834 846 3061 914 aliaeque
3091 856 3401 898 sanctorum
3439 843 3682 912 reliquiae
3720 842 4015 895 habentur.

2516 938 2604 993 IV.
2649 938 2798 1005 Quod
2831 948 3039 1008 spectat
3066 938 3130 991 ad
3168 947 3399 1006 tempus,
3438 952 3543 1005 quo
3596 945 3823 989 sanctus
3859 935 4019 988 Nice-

2450 1039 2531 1084 tas
2556 1030 2812 1099 martyrio
2836 1040 3126 1085 coronatus
3152 1042 3252 1094 est,
3277 1030 3404 1082 illttd
3427 1039 3722 1096 utcumque
3751 1026 4018 1095 assignari

2445 1133 2625 1193 potest
2662 1139 2724 1176 ex
2762 1133 3024 1192 tempore,
3081 1138 3189 1192 quo
3234 1122 3531 1177 Gothorum
3566 1124 3823 1192 princeps
3855 1125 4022 1176 Atha-

2446 1218 2665 1271 naricus
2700 1217 3133 1285 persecutionem
3169 1218 3337 1270 movit
3369 1217 3627 1269 adversus
3654 1216 4016 1270 Christianos.

2446 1309 2525 1362 De
2580 1324 2865 1361 numerosa
2920 1305 3219 1362 Gothorum
3275 1318 3569 1373 martyrum
3628 1308 3803 1361 classe
3851 1309 3916 1361 ad
3953 1308 4018 1360 26

2445 1398 2621 1452 Martii
2678 1398 2782 1467 egit
2833 1398 3229 1466 Papebrocbius
3303 1409 3485 1452 noster
3548 1398 3788 1453 breviter
3838 1400 4019 1452 admo-

2444 1491 2594 1544 dum.
2622 1489 2886 1543 Prolixius
2914 1500 2968 1542 et
2995 1491 3301 1543 accuratius
3332 1489 3397 1542 de
3429 1501 3617 1544 sancto
3646 1490 3787 1548 Saba
3817 1490 4017 1544 Gotho.

2446 1582 2498 1635 in
2532 1582 2716 1634 eadem
2752 1597 2966 1651 quoque
2998 1584 3373 1650 persecutione
3414 1596 3595 1649 passo,
3629 1582 3771 1634 idctn
3824 1585 3931 1650 cgit
3957 1582 4017 1633 ad

2444 1673 2509 1727 I9.
2540 1674 2755 1741 Aprilis,
2797 1691 2903 1743 quo
2945 1676 3158 1728 occisus
3225 1683 3305 1728 est
3335 1688 3476 1727 anno
3501 1673 3626 1725 572.
3668 1674 3877 1726 Eodem
3911 1674 4018 1727 for-

2446 1780 2541 1818 san
2577 1781 2740 1826 anno,
2778 1776 2923 1819 certe
2961 1781 3063 1819 non
3100 1766 3282 1819 multis
3328 1764 3483 1817 annis
3522 1764 3684 1819 citius
3715 1776 3809 1817 aut
3847 1767 4021 1819 serius

767 1851 939 1904 sancti
975 1853 1226 1920 martyris
1248 1851 1469 1915 NiCetae,
1503 1856 1592 1921 qui
1622 1854 1722 1908 sub
1754 1854 1982 1924 imperio
2006 1853 2342 1907 Constantini
2380 1842 2419 1895 Β
2451 1866 2742 1909 coronatus
2770 1866 2850 1909 est
2882 1865 3101 1908 sanctus
3145 1855 3378 1907 Nicetas.
3413 1854 3587 1907 Locus
3620 1856 3869 1922 martyrii
3926 1858 4021 1907 fuit

768 1942 940 2011 Magni
988 1952 1165 2005 natus,
1198 1954 1360 2013 atque
1401 1945 1665 1999 educatus
1704 1946 1756 1999 in
1794 1950 2011 2015 regione
2044 1945 2341 2000 Gothorum

771 2034 908 2086 ultra
938 2032 1261 2097 Danubium,
1299 2049 1403 2088 non
1437 2036 1877 2089 communicabat
1917 2051 2037 2088 cum
2070 2034 2338 2102 Barbaris,

768 2125 863 2176 sed
895 2139 1019 2176 cum
1047 2125 1174 2176 viris
1207 2125 1308 2193 piis
1332 2124 1499 2177 Deum
1525 2126 1849 2189 colentibus,
1881 2127 2105 2180 edoctus
2135 2126 2342 2182 Christi

770 2218 927 2270 fidem
965 2233 991 2268 a
1032 2217 1379 2271 sanctissimo
1411 2219 1667 2287 episcopo
1699 2219 1994 2272 Gothorum
2022 2222 2341 2290 Theophilo,

768 2310 1195 2375 comprehensus
1232 2310 1298 2363 ab
1342 2309 1638 2364 Athanasio
1669 2310 1804 2379 (lege
1837 2312 2161 2365 Athanarico
2204 2312 2347 2379 prin-

768 2400 886 2467 cipe
947 2411 1167 2467 promer
1224 2401 1550 2453 Christianae.
1620 2400 1740 2454 ﬁdei
1807 2402 2221 2468 professionem,
2293 2414 2345 2458 ct

770 2492 953 2543 multis
1048 2491 1331 2549 tormentis
1394 2492 1687 2551 cruciatus.
1767 2492 1887 2561 igne
1974 2505 2344 2564 consumptus,

770 2590 1184 2635 consummatus
1226 2590 1327 2634 est.
1372 2601 1389 2631 I
1420 2580 1732 2634 Consonant
1762 2582 1983 2635 omnino
2020 2581 2220 2636 Menaea
2251 2586 2347 2636 im-

772 2681 977 2740 pressa,
1015 2674 1101 2726 ubi
1136 2689 1332 2725 nomen
1368 2670 1706 2737 Athanarici,
1747 2689 1842 2742 pro
1865 2690 1971 2741 quo
2002 2675 2086 2730 hic
2127 2677 2347 2730 mendo-

769 2776 828 2814 se
862 2762 1188 2814 Athanasius
1216 2762 1424 2830 legitur.
1455 2774 1600 2816 recte
1621 2773 1703 2815 est
1731 2779 2070 2831 eXpressum.

841 2852 904 2904 ll.
958 2851 1013 2905 lu
1066 2853 1366 2923 Menologio
1418 2854 1686 2907 Basiliano
1734 2857 1867 2908 Acta
1931 2855 2103 2908 Sancti
2150 2854 2348 2911 Nicetm

768 2946 1095 3015 compendio
1131 2956 1501 3012 exponuntur.
1541 2946 1672 2999 Nam
1720 2958 1842 3016 post
1883 2948 2020 3000 hanc
2055 2950 2345 3003 annuntia-

771 3038 994 3099 tionem,
1033 3036 1350 3091 «Certamen
1391 3040 1562 3092 sancti
1593 3039 1768 3108 magni
1802 3040 2055 3108 martyris
2085 3038 2340 3101 Nicena,»

775 3131 1023 3197 sequitur
1049 3129 1286 3199 elogium
1320 3129 1390 3182 ita
1424 3142 1751 3198 conceptum
1780 3148 1790 3181 :
1828 3131 2092 3185 «Nicetas.
2128 3132 2350 3199 prazcla-

770 3231 864 3269 rus
928 3218 1127 3270 Christi
1189 3226 1412 3286 martyr,
1464 3216 1566 3269 fuit.
1629 3219 1930 3285 imperante
1988 3218 2345 3275 Constantino

768 3304 978 3377 Magno,
1020 3322 1215 3376 genere
1248 3306 1478 3371 Gothus,
1539 3309 1818 3362 nobilitate
1884 3323 1945 3363 ac
1978 3309 2177 3365 divitiis
2208 3312 2351 3365 inter

770 3400 1059 3469 populares
1090 3416 1217 3455 suos
1258 3400 1477 3462 ﬂorens,
1510 3416 1539 3453 a
1582 3400 1890 3470 Tlieophilo
1926 3402 2345 3471 religiosissimo

768 3492 977 3546 Gothize
1024 3492 1278 3568 episcopo
1333 3489 1489 3541 ﬁdem
1550 3491 1794 3544 edoctus.
1842 3490 1977 3544 Cum
2055 3502 2235 3545 autem
2295 3493 2348 3545 in

770 3586 904 3638 duas
932 3583 1194 3637 factiones
1231 3591 1339 3634 tota
1401 3577 1704 3633 Gothorum
1747 3597 1880 3649 gens
1928 3584 2096 3637 scissa
2133 3582 2347 3642 fuisset.

769 3688 930 3747 atque
962 3689 1189 3746 utraque
1233 3692 1389 3731 suum
1417 3672 1519 3728 sibi
1556 3677 1855 3743 principem
1904 3685 2175 3740 creasset;
2220 3691 2349 3731 con-

770 3772 905 3841 fugit
923 3770 1060 3824 alter
1083 3770 1388 3837 principum
1420 3770 1485 3823 ad
1520 3768 1883 3823 Romanorum
1916 3769 2297 3837 imperatorem
2328 3788 2340 3824 :

770 3864 861 3932 qui
910 3877 1033 3916 cum
1079 3872 1327 3931 suscepta
1364 3862 1416 3914 in
1451 3862 1734 3916 contraria:
1767 3859 2016 3915 factionis
2062 3870 2345 3931 tyrannum

771 3953 1135 4021 expeditione,
1172 3952 1435 4020 insignem
1468 3966 1530 4005 ex
1574 3965 1639 4004 eo
1676 3958 2009 4018 reportasset
2039 3950 2344 4016 victoriam,

771 4043 1083 4111 Gothosque
1115 4042 1435 4112 subegisset,
1472 4054 1536 4093 ex
1594 4055 1659 4093 eo
1720 4049 1961 4107 tempore
1995 4053 2163 4107 genus
2191 4038 2346 4091 Chri-

774 4133 1074 4185 stianorum
1130 4131 1273 4182 inter
1315 4130 1521 4184 Gothos
1556 4128 1965 4198 multiplicatum
1998 4140 2100 4182 εει.
2144 4127 2345 4182 Horum

775 4224 982 4292 primus
1021 4232 1241 4276 sanctus
1272 4222 1487 4277 Nicetas
1516 4222 1636 4285 fuit,
1661 4222 1751 4291 qui
1780 4233 1835 4275 et
1857 4238 2067 4275 summa
2096 4222 2346 4276 libertate

774 4317 1137 4370 Christianam
1190 4318 1349 4369 ﬁdem
1386 4319 1585 4385 populo
1624 4317 2003 4370 annuntiabat.
2045 4316 2149 4368 Sed
2198 4324 2345 4383 post-

775 4424 935 4474 quam
1008 4421 1261 4461 reversus
1302 4418 1385 4462 est
1432 4408 1740 4479 imperator,
1785 4406 1945 4463 Gothi
1988 4406 2228 4460 inﬁdeles
2264 4404 2348 4458 fu-

2447 1948 2498 2001 in
2527 1947 2731 2001 dilione
2767 1946 3085 2003 Gothorum.
3132 1945 3270 1998 ultra
3305 1944 3601 1998 Danubium
3643 1954 3773 1997 tunc
3809 1943 4014 2011 degen-

2448 2038 2599 2092 tium.
2637 2039 2827 2091 Nescio
2874 2053 3023 2101 sane,
3054 2053 3162 2107 quo
3196 2038 3465 2091 memoria
3494 2038 3647 2106 lapsu
3675 2036 4018 2089 Castellanus

2447 2130 2498 2184 in
2528 2130 2901 2201 Martyrologio
2955 2129 3243 2183 universali
3296 2128 3360 2181 ad
3396 2131 3717 2197 marginem,
3756 2138 3811 2181 et
3851 2128 3903 2179 in
3938 2128 4019 2179 in-

2446 2222 2583 2283 dice,
2617 2232 2803 2275 notare
2828 2222 3085 2291 potuerit,
3118 2234 3286 2288 prope
3322 2217 3705 2287 MopsucSIiam
3744 2220 3795 2270 in
3819 2218 4012 2272 Cilicia

2446 2312 2679 2366 occisum
2713 2327 2832 2366 esse
2877 2321 3143 2372 sanctum,
3196 2310 3298 2363 nisi
3347 2309 3543 2373 locum,
3581 2309 3647 2362 ad
3696 2325 3863 2378 quem
3897 2325 4017 2363 cor-

2447 2418 2549 2471 pus
2590 2402 2906 2455 translatum
2940 2410 3042 2463 est,
3082 2416 3203 2453 eum
3236 2400 3351 2452 loco
3403 2398 3638 2469 martyrii
3679 2399 4015 2453 confuderit.

2445 2493 2601 2547 Nulla
2645 2495 2789 2547 enim
2830 2504 2913 2547 est
2951 2493 3109 2555 ratio,
3137 2508 3233 2547 cur
3283 2493 3550 2556 dicamus,
3603 2494 3849 2545 occisum
3901 2507 4017 2544 esse

2447 2586 2704 2639 Sanctum
2736 2594 2885 2638 extra
2912 2584 3169 2636 ditionem
3221 2582 3529 2635 Athanarici
3577 2580 3885 2634 Gothorum
3931 2596 4016 2634 re-

2446 2677 2543 2744 gis,
2583 2689 2701 2741 qua:
2760 2674 3025 2727 immenso
3082 2684 3349 2726 terrarum
3402 2672 3689 2725 intervallo
3746 2686 3773 2722 a
3824 2671 4012 2725 Cilicia

2447 2766 2699 2819 diSIabat.
2756 2764 2813 2817 Si
2872 2779 3034 2832 porro
3092 2764 3352 2818 ditionem
3401 2763 3716 2818 Athanarici
3762 2766 4017 2834 preprius

2448 2857 2724 2924 inquirere
2789 2855 3034 2918 velimus,
3085 2869 3149 2909 ex
3208 2855 3513 2919 Ammiano,
3569 2864 3718 2923 gesta
3782 2855 4020 2909 Valentis

2448 2947 2795 3017 imperatoris
2847 2958 3034 3000 contra
3109 2946 3497 2999 Athanaricum
3574 2946 3875 3009 referente,
3928 2948 4017 3001 lib.

2447 3054 2593 3091 xxvn
2642 3053 2761 3106 cap.
2797 3037 2848 3100 5,
2886 3037 3043 3090 facile
3087 3037 3575 3104 deprehendemus,
3628 3035 4016 3091 Athanaricum

2451 3138 2516 3178 eo
2551 3134 2790 3194 tempore
2826 3124 3160 3177 dominatum
3191 3136 3311 3176 esse
3342 3122 3393 3174 in
3425 3121 3689 3174 hodierna
3731 3121 4016 3181 Moldavia.

2451 3230 2513 3268 ac
2562 3214 2699 3268 forte
2738 3214 2791 3267 in
2841 3212 3091 3291 Valachia
3133 3222 3187 3266 et
3234 3210 3574 3272 Bessarabia,
3634 3221 3730 3264 aut
3772 3223 3923 3265 certe
3967 3214 4015 3263 in

2450 3317 2605 3379 parte
2663 3307 2839 3375 aliqua
2900 3305 3111 3358 illarum
3167 3302 3567 3373 provinciarum
3605 3318 3829 3372 :neque
3879 3305 4017 3358 enim

2450 3399 2719 3461 novimus,
2750 3412 2909 3462 quam
2944 3396 3047 3446 late
3086 3396 3397 3460 imperaret.

2521 3486 2586 3541 V.
2623 3486 2763 3540 Loca
2796 3486 2862 3537 ab
2893 3484 3178 3537 Ammiano
3208 3493 3525 3543 memorata.
3559 3485 3649 3536 ubi
3687 3483 3898 3537 Valens
3943 3485 4015 3537 ls-

2455 3585 2594 3629 trutn
2625 3574 2797 3644 primo
2822 3580 2875 3627 et
2900 3572 3054 3626 tertio
3082 3570 3220 3623 illius
3256 3570 3379 3624 belli
3408 3585 3551 3622 anno
3575 3572 3813 3637 trajecit.
3846 3582 3901 3624 et
3930 3574 4014 3623 ubi

2449 3683 2590 3721 anno
2624 3665 2861 3720 secundo
2902 3664 3187 3717 transitum
3229 3661 3430 3715 frustra
3486 3663 3741 3722 tentavit,
3776 3674 3933 3714 erant
3963 3664 4011 3713 iu

2449 3758 2629 3813 Mtesia
2676 3756 2954 3817 inferiore,
2983 3756 3142 3808 dictis
3186 3754 3497 3823 provinciis,
3536 3757 3842 3823 prrrsertim
3890 3753 4017 3806 Μαι.

2447 3851 2616 3906 davize
2642 3848 2911 3919 opposita,
2945 3848 3168 3914 soloque
3200 3844 3336 3899 Istro
3367 3846 3434 3898 ab
3470 3846 3533 3899 iis
3570 3846 3765 3899 divisa.
3824 3846 4015 3899 Marci-

2449 3942 2692 4010 anopolis
2735 3940 2977 4008 ejusdem
3018 3938 3310 4007 provinciae
3346 3936 3515 4001 urbis,
3564 3936 3617 3988 in
3665 3952 3773 4004 qua
3823 3938 4013 3991 Valens

2450 4035 2675 4087 hiberna
2708 4030 2960 4091 habebat,
2996 4042 3059 4080 ac
3088 4042 3188 4095 pax
3219 4026 3272 4078 in
3308 4027 3425 4094 ipso
3467 4024 3603 4080 Istro
3640 4030 3785 4081 inter
3810 4042 4015 4082 Utrum-

2448 4139 2552 4196 que
2584 4120 2881 4191 principem
2916 4118 3067 4184 inita,
3122 4116 3367 4170 similiter
3403 4117 3719 4179 osmndunt,
3774 4121 4014 4172 Athana-

2448 4220 2543 4272 rici
2580 4217 2838 4271 ditionem
2864 4228 2895 4266 a
2927 4210 3109 4265 Ματθία
3155 4206 3410 4261 inferiore
3440 4206 3557 4260 solo
3582 4206 3726 4259 Istro
3763 4211 3881 4262 sive
3922 4211 4014 4262 Da-

2449 4309 2613 4361 nubio
2647 4307 2969 4373 diremptam
3020 4302 3209 4357 fuisse.
3266 4300 3452 4367 Itaque
3498 4298 3865 4352 dubitandum
3917 4316 4015 4351 non

2449 4409 2550 4462 est,
2587 4399 2714 4467 quin
2778 4407 2999 4449 sanctus
3051 4392 3264 4447 Nieetas
3312 4407 3503 4462 passus
3544 4390 3613 4444 sit
3646 4390 3700 4443 in
3762 4391 4017 4444 hodierna

778 4513 896 4552 rore
928 4500 1137 4568 perciti,
1186 4509 1453 4554 commota
1491 4502 1543 4552 in
1575 4502 1912 4555 Christianos
1942 4501 2339 4567 persecutione,

2454 4491 2732 4552 Moldavia,
2768 4489 2848 4542 vel
2883 4488 3007 4541 huic
3038 4485 3373 4539 contermina
3416 4483 3666 4537 Valachia
3698 4492 3798 4536 aut
3829 4482 4018 4538 Bessa-

775 4592 907 4644 alios
941 4592 1157 4658 quidem
1189 4591 1345 4644 aliter
1378 4600 1621 4653 torsere,
1666 4588 1907 4643 Nicetam
1965 4599 2145 4640 autem
2202 4589 2341 4639 mul-

777 4679 1050 4745 tiplicibus
1098 4679 1375 4746 suppliciis
1418 4681 1780 4734 excruciatum
1833 4679 1939 4750 igni
1988 4677 2278 4731 tradidere.
2320 4697 2337 4727 ι

779 4771 1048 4825 Hactenus
1073 4772 1433 4841 Menologium
1462 4772 1591 4825 satis
1617 4783 1780 4825 recte.

848 4862 937 4917 IIl.
982 4863 1054 4916 De
1090 4862 1441 4916 translatione
1470 4864 1713 4932 corporis
1747 4863 1917 4916 sancti
1949 4861 2147 4916 Nicvtze
2182 4863 2340 4915 Gothi

779 4965 941 5023 agunt
974 4956 1105 5009 Acta
1138 4954 1366 5016 edenda,
1406 4954 1577 5023 iisque
1619 4958 1894 5009 consentit
1923 4954 2115 5009 Petrus
2148 4955 2213 5007 de
2245 4952 2345 5007 Na-

787 5047 986 5099 talibus
1025 5047 1133 5114 jam
1184 5047 1455 5099 laudatus.
1488 5046 1784 5111 Utrobique
1816 5047 1974 5099 etiam
2008 5047 2221 5115 legitur,
2254 5062 2343 5098 cc-

780 5140 999 5193 clesiam
1055 5148 1242 5192 sancto
1292 5138 1609 5193 atdiﬁcatam
1642 5153 1760 5191 esse
1792 5138 2131 5207 Mopsuestiae
2175 5140 2227 5190 in
2260 5136 2344 5190 Ci-

779 5232 922 5295 licia,
960 5246 1067 5299 quo
1112 5244 1324 5283 sacrum
1374 5245 1569 5298 corpus
1601 5238 1715 5284 erat
1749 5230 2003 5282 delatum.
2038 5230 2203 5281 Addit
2251 5228 2345 5279 de-

784 5324 909 5375 inde
937 5320 1129 5375 Petrus
1157 5323 1225 5376 de
1270 5321 1592 5374 Natalibus:
1633 5340 1649 5370 ‹
1684 5319 1813 5373 Post
1846 5320 2104 5387 temporis
2154 5318 2347 5371 decur-

783 5428 899 5467 sum
929 5427 1125 5482 corpus
1175 5414 1349 5482 ipsum
1387 5412 1641 5466 Venetias
1696 5414 2040 5474 translatum,
2071 5412 2347 5477 quiescere

780 5509 978 5561 dicitur
1015 5508 1067 5561 in
1096 5506 1324 5567 ecclesia
1360 5506 1417 5557 S.
1451 5504 1676 5559 Nicolai.
1714 5525 1730 5554 ι
1774 5503 1842 5554 De
1879 5517 2105 5570 corpore
2135 5500 2336 5554 ibidem

782 5608 995 5653 servato
1034 5598 1353 5665 astipulatur
1387 5596 1637 5649 Nicolaus
1698 5594 1933 5664 DOgliuni
1988 5592 2041 5645 in
2089 5590 2348 5659 opuscqu

787 5690 970 5742 Italico
1006 5689 1066 5740 de
1089 5687 1417 5741 Notubilibus
1450 5688 1588 5739 urbis
1631 5686 1833 5740 Veneta
1861 5686 1954 5739 lib.
1988 5701 2022 5738 ιι
2058 5699 2174 5753 pag.
2211 5682 2345 5745 5L3;

794 5782 867 5834 uti
901 5790 949 5835 et
990 5783 1305 5850 opusculum
1350 5779 1598 5834 Latinum
1632 5782 1691 5833 de
1729 5783 1860 5838 Urbe
1917 5779 2133 5841 Veneta,
2200 5776 2342 5843 quod

2444 4586 2614 4638 rabia.
2657 4583 2788 4636 Nam
2824 4577 3253 4647 persecutionem
3304 4585 3489 4628 contra
3526 4574 3877 4627 Christianos
3912 4590 4021 4627 tuo-

2446 4678 2522 4731 vit
2564 4673 2945 4731 Athanaricus,
2999 4668 3311 4735 priusquam
3356 4663 3516 4717 Gothi
3567 4662 3769 4714 Istrum
3804 4665 4017 4716 fuerunt

2449 4766 2792 4835 transgressi,
2846 4759 3062 4828 quando
3113 4755 3336 4810 haeresis
3381 4755 3577 4809 Ariana
3610 4754 3849 4809 necdum
3898 4770 4019 4822 pra:-

2447 4861 2688 4913 valuerat
2741 4853 2881 4924 apud
2916 4849 3142 4911 Gothos,
3172 4858 3230 4903 ut
3274 4850 3528 4904 observat
3566 4858 3793 4902 sanctus
3838 4849 4019 4918 Augu-

2447 4954 2638 5015 stinus,
2716 4949 2810 5004 lib.
2868 4963 2997 5003 xviii
3036 4943 3103 4997 de
3137 4944 3376 5005 civitate,
3439 4958 3555 5010 cap.
3597 4939 3684 4992 52.
3748 4941 3839 4992 ubi
3915 4941 4022 4993 haec

2448 5045 2678 5097 scribitt
2721 5061 2737 5092 ι
2766 5042 2877 5096 Rex
2924 5040 3223 5095 Gothorum
3262 5036 3313 5087 in
3362 5035 3474 5103 ipsa
3517 5032 3712 5087 Gothia
3768 5046 4020 5099 persecu-

2450 5147 2536 5189 tus
2593 5144 2676 5188 est
2727 5134 3068 5189 Christianos
3115 5127 3433 5184 crudelitate
3472 5122 3731 5187 mirabili,
3780 5138 3909 5174 cum
3954 5124 4019 5175 ibi

2450 5242 2555 5279 non
2604 5236 2783 5280 essent
2826 5224 2927 5276 nisi
2959 5219 3243 5284 Catholici,
3283 5231 3511 5287 quorum
3554 5214 3774 5283 plurimi
3822 5225 4018 5281 marty-

2450 5317 2529 5369 rio
2550 5314 2788 5370 coronati
2826 5325 2983 5377 sunt;
3019 5312 3159 5366 sicut
3187 5326 3215 5364 a
3247 5306 3569 5379 quibusdam
3606 5305 3894 5365 fratribus,
3932 5308 4016 5373 qui

2454 5418 2583 5459 tunc
2623 5406 2731 5459 illic
2772 5403 2923 5471 pueri
2993 5403 3231 5464 Iuerant,
3270 5409 3324 5453 ct
3353 5412 3409 5450 se
3459 5398 3559 5449 ista
3602 5397 3802 5450 vidiSse
3830 5398 4020 5450 incun-

2452 5512 2659 5555 ctanter
2690 5497 3132 5555 recordabantur,
3165 5491 3492 5546 audivimus.
3520 5512 3537 5541 ι
3563 5491 3763 5543 Paulus
3780 5492 4022 5548 Orosius,

2452 5592 2550 5645 Iib-
2585 5608 2678 5655 vti,
2712 5603 2833 5656 cap.
2866 5587 2954 5648 δί,
2979 5586 3045 5639 dc
3074 5585 3260 5639 eadem
3294 5583 3673 5649 persecutione
3712 5581 3790 5634 sic
3824 5581 4018 5632 habet:

2459 5699 2475 5732 ι
2518 5684 2782 5735 Prmterea
2816 5675 3175 5729 Athanaricus
3211 5689 3298 5725 rex
3326 5671 3658 5734 Gothorum,
3688 5672 4021 5725 Christianas

2457 5778 2507 5830 in
2552 5786 2707 5843 gente
2772 5788 2865 5824 sua
2933 5767 3305 5823 crudelissime
3363 5776 3703 5835 persecutus.
3770 5766 4019 5833 plurimos
