4156 6314
190 410 294 477 701

1189 391 1650 459 MARTYRIUM
1701 395 1764 455 S.
1807 391 2100 453 NICET/E
2140 389 2400 452 GO'I‘III.

3317 374 3433 439 701

187 525 540 582 barbarorum
581 516 649 572 ob
684 514 840 569 ﬁdem
872 509 1185 565 interfectos
1212 508 1279 562 ad
1325 520 1581 561 coronam
1615 519 1761 557 mare
1786 514 1832 567 Α
1859 507 2042 574 inepto
2073 516 2126 560 et
2154 503 2380 558 ridiculo
2425 498 2611 556 scribit
2639 498 2706 553 de
2739 497 2898 551 rebus
2930 493 3073 561 fidei,
3118 492 3433 562 Gothosque

189 615 311 689 tyrii
360 608 690 673 sublimavit,
732 627 749 658 ι
781 615 886 660 ete.
937 603 1062 658 Ilaec
1121 600 1212 655 ille
1249 599 1433 661 refert,
1473 604 1757 666 postquam

186 710 401 764 dixerat
460 703 777 758 Gratianum
848 704 1085 751 creatum
1178 705 1298 745 esse
1351 689 1759 757 imperatorem.

185 803 443 854 Attamen
474 795 602 847 hinc
644 789 829 858 nequit
861 784 1074 848 inferri,
1108 783 1297 836 eodem
1329 795 1472 833 anno
1496 777 1620 838 5G7,
1650 790 1759 845 quo

186 896 479 951 Gratianus
516 891 687 945 factus
716 896 795 940 est
834 886 1148 952 imperator,
1194 889 1377 935 natant
1404 892 1524 932 esse
1557 891 1757 946 perse—

187 988 495 1049 cutionem;
549 983 640 1037 sed
699 980 871 1033 solum
934 985 1169 1044 coeptam
1226 986 1334 1023 non
1399 984 1518 1022 esse
1576 966 1758 1019 multis

188 1080 345 1134 annis
394 1077 567 1130 serius
600 1090 611 1125 :
649 1070 871 1123 Orosius
901 1068 1044 1120 enim
1096 1062 1304 1132 singula
1347 1076 1453 1112 non
1489 1057 1655 1111 refert
1689 1056 1756 1109 ad

188 1186 365 1225 annos
398 1164 807 1222 determinatos.
860 1159 937 1213 Ex
969 1156 1197 1210 laudatis
1233 1161 1356 1205 ante
1390 1148 1560 1204 sancti
1604 1146 1759 1200 Sabre

186 1261 341 1314 Actis
387 1265 594 1312 certum
668 1262 771 1316 est,
824 1246 1257 1319 persecutionem
1323 1242 1557 1310 viguisse
1618 1252 1761 1291 anno

187 1353 315 1413 572,
347 1360 400 1403 et
428 1350 535 1418 jam
595 1357 755 1398 antea
811 1343 977 1396 fuisse
1038 1349 1296 1408 emptam.
1358 1335 1468 1388 Ilac
1501 1333 1567 1387 de
1600 1344 1760 1384 causa

191 1436 505 1504 martyrium
554 1432 725 1485 sancti
777 1430 979 1485 Nicette
1050 1428 1197 1481 circa
1250 1424 1500 1480 eumdem
1557 1434 1758 1474 annum

188 1528 296 1583 572
326 1525 594 1596 ﬁgendum
631 1523 841 1577 censui.

267 1619 349 1672 VI.
406 1616 630 1672 Occasio
671 1612 1067 1684 persecutionis
1110 1611 1163 1663 in
1212 1608 1363 1663 Actis
1402 1606 1667 1675 repetitur
1699 1619 1764 1658 ex

187 1710 525 1769 dissentionc
574 1708 897 1766 Gothorum,
946 1713 999 1756 et
1035 1702 1197 1763 bello,
1244 1699 1385 1768 quod
1420 1709 1599 1750 ortum
1632 1696 1768 1749 dici—

136 1862 143 1867 ,
191 1817 282 1859 tur
332 1805 473 1857 inter
507 1800 778 1869 principes
801 1798 1026 1852 duarum
1079 1793 1333 1864 partium,
1372 1790 1763 1860 Phritigernem

1858 600 1967 670 jam
2011 607 2138 651 tunc
2168 596 2395 648 Arianos
2439 592 2585 652 facit.
2619 591 2744 660 quia
2779 604 2887 642 non
2931 587 3101 642 multo
3135 596 3256 655 post
3284 586 3429 639 illam

1866 691 2113 746 hmresim
2183 695 2312 741 sunt
2376 684 2603 750 amplexi
2652 699 2666 739 :
2713 690 2771 736 ttt
2821 689 3005 735 narrat
3058 678 3434 732 Tlteodoretus

1864 797 1985 835 mox
2017 777 2337 838 laudandus,
2374 775 2463 843 qni
2514 774 2568 826 id
2604 772 2833 840 Ulphilze
2860 769 3158 824 Gothorum
3196 766 3432 835 episcopi

1865 871 2101 940 perﬁdiae
2121 867 2384 922 attribuit.
2406 866 2534 931 Quze
2557 874 2735 917 autem
2766 861 3138 914 'I‘heodoretns
3155 859 3219 911 de
3248 856 3435 926 Ulphi-

1864 960 1929 1014 Ite
1967 958 2316 1029 perversione
2352 962 2635 1014 memorat,
2687 952 2843 1018 longe
2881 947 3243 1017 probabiliora
3278 953 3432 1010 sunt,

1867 1068 2027 1122 quam
2056 1066 2175 1120 qua:
2206 1049 2270 1103 de
2294 1047 2481 1101 eodem
2514 1044 2730 1111 scripsit
2770 1040 3157 1109 Philostorgins
3183 1037 3432 1091 Arianus.

1869 1146 2003 1198 Nam
2046 1157 2167 1193 enm
2221 1140 2287 1193 ab
2342 1136 2574 1191 Eusebio
2623 1134 2880 1203 episcopo
2935 1130 3432 1199 (Nicometliensem

1869 1234 2151 1288 insinuans
2192 1230 2446 1284 Arianum
2482 1234 2495 1291 )
2536 1226 2702 1279 fuisse
2764 1224 3097 1283 ordinatum,
3133 1220 3435 1277 Philostoro

1870 1326 1987 1396 gius
2039 1326 2134 1385 ait,
2190 1337 2341 1375 tcum
2373 1338 2401 1374 a
2447 1334 2592 1387 rege,
2641 1318 2731 1385 qni
2771 1327 2899 1369 tunc
2943 1313 3134 1367 Gothis
3186 1320 3431 1380 praeerat,

1868 1417 2074 1485 legatus
2108 1428 2211 1466 una
2269 1428 2391 1465 cum
2424 1411 2545 1463 aliis
2574 1409 2638 1461 ad
2692 1409 3072 1475 imperatorem
3120 1404 3435 1459 Constanti-
3507 1460 3515 1462 ν

1872 1524 1999 1563 num
2051 1506 2247 1559 missus
2295 1513 2457 1556 esset.
2499 1521 2517 1552 ι
2568 1500 2939 1569 ltnprobabilia
2976 1498 3089 1551 haec
3125 1506 3269 1560 sunt,
3310 1496 3436 1564 quia

1876 1600 1956 1653 sic
2002 1595 2217 1665 Ulphila
2262 1592 2544 1648 ordinatus
2573 1595 2718 1642 esset
2750 1595 2872 1639 ante
2909 1594 3135 1637 mortem
3173 1586 3438 1642 Constan-

1877 1692 1997 1755 tini,
2054 1705 2198 1743 anno
2251 1686 2351 1740 5357
2412 1681 2674 1741 deluncti.
2727 1688 2779 1733 et
2827 1677 3044 1747 quidem
3092 1677 3157 1728 ab
3202 1674 3433 1728 Eusebio

1875 1781 2268 1836 Nicomediensi
2298 1777 2520 1831 Ariano.
2549 1775 2615 1828 At
2646 1788 2747 1826 nec
2779 1770 3067 1825 verisimile
3103 1776 3206 1828 est.
3243 1767 3437 1836 Ulphi-

194 1848 271 1859 η.-
508 1848 745 1869 .------τ-
807 1848 953 1852 ηηη
1082 1848 1097 1864 ,
1323 1848 1332 1855 .
1548 1848 1574 1860 υ

194 1898 444 1953 videlicet
474 1904 526 1946 et
580 1891 988 1946 Athanaricum.
1026 1887 1079 1942 Si
1127 1887 1276 1943 Actis
1301 1884 1626 1941 credendum
1671 1884 1760 1945 sit,
1796 1848 1840 1905 Β
1872 1877 1973 1936 lam
2010 1884 2116 1927 ῐίιιιι
2143 1873 2251 1926 Cito
2285 1872 2452 1923 Γυῖεεθ
2482 1870 2816 1937 οΡῘεεοΡυηῖο
2850 1873 2940 1917 θυι
2983 1862 3285 1915 Ordi'mwm
3318 1871 3440 1909 esse

194 1992 558 2059 Phritigernes
591 1985 691 2039 fuit
747 1985 981 2053 primum
1033 1981 1207 2036 victus
1266 1980 1332 2033 ab
1399 1976 1761 2040 Athanarieo;

186 2080 287 2134 sed
320 2092 524 2148 postea,
575 2075 776 2130 ftndere
823 2074 958 2127 inito
989 2086 1111 2125 cum
1151 2070 1390 2133 Valente,
1451 2067 1608 2136 hujus
1639 2066 1767 2119 sub-

191 2174 333 2227 sidio
365 2172 552 2227 vietor.
593 2167 798 2221 Similia
832 2166 994 2219 habet
1021 2164 1376 2224 Sozomcnus,
1413 2159 1505 2213 lib.
1538 2175 1610 2211 vt.
1643 2172 1763 2226 cap.

188 2266 284 2327 37,
318 2266 384 2315 ita
436 2260 676 2313 scribens
715 2274 726 2308 :
772 2274 789 2305 ι
834 2254 985 2307 Ilaud
1028 2253 1197 2307 multo
1253 2259 1394 2321 post,
1455 2257 1571 2300 orta
1626 2247 1767 2298 inter

188 2374 289 2410 eos
317 2350 577 2422 (Gothos)
613 2348 899 2410 seditione,
934 2347 1069 2399 duas
1102 2345 1154 2398 in
1190 2355 1371 2413 partes
1408 2342 1566 2397 divisi
1597 2350 1761 2394 sunt:

186 2460 420 2516 quarum
475 2441 627 2496 alteri
663 2439 1051 2501 Athanaricus,
1094 2435 1246 2487 alteri
1288 2442 1515 2501 praeerat
1564 2431 1767 2485 Phriti-

191 2555 416 2610 gemes.
476 2539 620 2601 Mos,
656 2533 946 2589 commisso
986 2531 1126 2583 inter
1185 2542 1278 2581 eos
1331 2526 1532 2595 praelia,
1594 2524 1767 2575 victus

187 2632 591 2700 Phritigcrnes,
667 2625 1030 2680 Romanorum
1098 2621 1357 2674 auxilium
1437 2614 1765 2685 imploravit,

190 2720 351 2785 Quod
389 2733 511 2769 cum
550 2718 843 2784 imperator
881 2712 1259 2773 concessisset,
1302 2706 1658 2778 jussissetque
1709 2714 1768 2758 ιιι

193 2810 413 2871 milites,
451 2807 538 2875 qui
570 2806 622 2859 in
667 2804 896 2857 Thracia
948 2815 1122 2865 erant,
1156 2802 1204 2853 ci
1246 2800 1501 2852 auxilium
1537 2797 1765 2858 ferrent,

191 2902 374 2954 denuo
412 2909 755 2965 congressus,
788 2892 1067 2946 victoriam
1104 2892 1306 2953 retulit,
1342 2900 1396 2942 et
1446 2887 1761 2940 Athanarici

194 2989 382 3057 copias
438 2987 492 3039 in
551 2986 730 3056 fugam
795 2985 976 3036 vertit.
1041 2984 1358 3034 iI-Iaetenus
1414 2977 1766 3040 Sozomenns,

191 3081 399 3135 addens
426 3094 486 3132 ea
517 3078 818 3139 occasione,
850 3074 1241 3143 Phritigernem
1275 3087 1394 3124 eum
1418 3068 1626 3137 Ulphila
1653 3067 1772 3136 epi-

190 3187 362 3241 scopo
384 3186 444 3224 ac
470 3170 696 3224 subditis
718 3170 827 3221 suis
845 3184 872 3218 a
898 3164 1114 3218 Valente
1138 3164 1203 3214 ad
1229 3162 1482 3213 Arianatn
1511 3160 1760 3212 haeresim
1794 3189 1835 3246 ϐ

193 3266 526 3318 traductum.
572 3259 766 3312 Verum
800 3258 1031 3324 scriptor
1064 3254 1150 3306 ille
1194 3253 1307 3304 haec
1337 3250 1516 3303 omnia
1551 3262 1757 3300 memo-

194 3364 283 3408 rat
317 3361 435 3420 post
487 3348 666 3416 pulsos
701 3347 767 3399 ab
801 3343 1011 3397 Hunnis
1054 3358 1083 3397 e
1114 3343 1332 3396 sedibus
1380 3341 1491 3394 suis
1533 3338 1759 3403 Gothos,

191 3446 289 3515 qui
328 3457 354 3494 a
389 3441 608 3493 Valente
638 3438 836 3507 reCepti
872 3446 995 3491 sunt
1027 3436 1078 3487 in
1116 3434 1365 3487 Thracia.

275 3529 383 3584 VII.
450 3532 518 3582 At
557 3527 862 3598 persecutio
912 3523 1228 3578 Athanarici
1293 3521 1481 3581 saeviit,
1547 3519 1761 3586 quando

193 3624 359 3679 Gothi
417 3637 607 3677 omnes
659 3620 794 3672 ultra
854 3620 1048 3669 Istrum
1099 3614 1385 3684 degebant,
1434 3620 1491 3664 ut
1544 3618 1761 3664 sanctus

194 3716 533 3787 Augustinus
574 3727 694 3764 mox
740 3709 986 3762 laudatus
1038 3716 1283 3770 testatur,
1316 3706 1477 3774 idque
1506 3703 1667 3756 etiam
1704 3702 1766 3754 li-

193 3819 331 3878 quet
365 3822 427 3858 ex
463 3814 703 3873 tempore
754 3801 1148 3872 persecutionis
1195 3817 1288 3867 per
1340 3794 1586 3853 Orosinm
1627 3795 1763 3847 assi-

196 3909 387 3970 gnato.
408 3898 665 3951 Praeterea
690 3906 907 3951 sanctus
939 3894 1291 3962 Epiphanius,
1318 3889 1494 3959 quieo
1524 3898 1765 3953 tempore

196 3992 443 4051 ﬂorebat.
481 4006 644 4060 agens
687 3990 751 4042 de
804 3986 1106 4041 vehementi
1146 3986 1231 4037 illa
1283 3988 1659 4051 perscrutlone
1710 3982 1763 4032 in

193 4083 396 4138 ἥξετεεί
429 4083 493 4135 70
525 4082 915 4139 Audianornm.
951 4095 1070 4146 eap.
1109 4078 1193 4140 15,
1231 4078 1302 4130 ait
1339 4095 1355 4127 ι
1391 4077 1756 4129 Ronntnorunt

196 4176 498 4248 praesertim
526 4173 647 4228 odio
677 4193 696 4227 ι
730 4189 756 4226 a
790 4188 914 4241 rege
946 4171 1240 4224 Gothorum
1270 4178 1592 4223 cntnnmtant
1621 4180 1765 4230 esse,

201 4291 222 4323 ι
256 4268 397 4339 quod
440 4266 709 4321 Romanos
743 4266 1093 4333 imperatores
1144 4262 1479 4317 Christianos
1530 4274 1649 4312 esse
1691 4257 1767 4309 vi-

197 4364 378 4413 deret.
419 4376 435 4406 ι
476 4356 1010 4424 Itaqueverendum
1046 4362 1147 4415 est,
1207 4368 1275 4405 ne
1323 4351 1502 4419 aliqua
1560 4359 1665 4402 tam
1709 4349 1763 4401 in

198 4451 356 4503 Actis
383 4462 538 4516 quam
567 4447 707 4515 apud
743 4445 1103 4498 Sozomcnum
1134 4446 1202 4496 sit
1232 4443 1496 4507 confusio,
1532 4441 1764 4508 indeque

198 4556 490 4613 perperam
514 4541 779 4609 assignata
809 4537 1195 4607 persecutionis
1218 4551 1400 4589 causa.
1435 4534 1569 4588 Nam
1604 4533 1771 4585 Atha-

201 4636 429 4690 naricus
466 4643 592 4686 ante
647 4633 1079 4701 persecutionem
1115 4641 1300 4683 contra
1343 4627 1618 4681 Valentem
1656 4638 1775 4694 gcss

200 4729 281 4782 sit
300 4727 516 4786 bellum,
540 4726 606 4777 ab
626 4740 797 4792 eoque
820 4724 990 4777 vietus
1013 4735 1093 4775 est
1119 4738 1259 4775 anno
1298 4721 1420 4785 569,
1452 4721 1593 4773 circa
1615 4733 1773 4785 quem

202 4824 459 4875 inchoata
513 4828 594 4871 est
639 4818 964 4887 persecutio,
1010 4816 1192 4868 forsan
1236 4814 1395 4867 simul
1453 4829 1515 4867 ac
1553 4809 1772 4870 Valens,

200 4912 413 4965 saneita
451 4926 601 4978 pace,
634 4924 755 4964 cum
792 4909 1028 4961 exercitu
1065 4907 1305 4959 Romano
1337 4910 1652 4957 recesserat.
1692 4902 1772 4950 An

200 5019 338 5058 vero
388 5001 547 5056 etiam
589 5014 714 5055 ante
762 5001 811 5053 id
863 5012 1076 5070 tempus
1099 4996 1472 5063 Phritigernes
1523 5001 1575 5045 ct
1608 4990 1775 5042 Atha-

202 5097 430 5149 naricus
483 5094 623 5148 bello
675 5094 1020 5149 certaverint.
1075 5108 1182 5145 non
1236 5092 1373 5144 adeo
1408 5097 1614 5143 certum
1666 5091 1771 5145 est,

202 5188 334 5241 licet
371 5187 471 5239 hoc
516 5185 675 5240 etiam
718 5186 914 5238 habeat
940 5184 1209 5249 Socrates,
1240 5184 1329 5236 lib.
1371 5198 1443 5242 tv,
1469 5193 1587 5245 cap.
1621 5176 1712 5231 55.

284 5273 422 5327 VIII.
481 5275 753 5341 Quidquid
818 5276 909 5339 sit,
970 5286 1182 5328 constat
1244 5272 1309 5326 de
1360 5269 1772 5340 persecutione;

204 5374 531 5434 constatque
594 5366 840 5429 ulterius,
905 5384 1021 5422 eam
1076 5367 1244 5420 fuisse
1298 5376 1516 5425 motam,
1558 5361 1773 5431 quando

205 5456 377 5513 Gothi
414 5469 564 5512 erant
613 5460 889 5522 catholici,
936 5471 993 5512 ut
1026 5462 1279 5514 observat
1315 5468 1535 5512 sanctus
1591 5459 1772 5521 Angu-

209 5552 419 5609 stinus,
469 5558 525 5602 et
558 5550 724 5618 liquet
771 5568 834 5604 ex
881 5561 1118 5619 tempore
1164 5569 1269 5620 quo
1309 5552 1373 5604 ad
1406 5548 1770 5601 Arianistnum

209 5639 445 5698 traducti
495 5650 621 5693 sunt
660 5640 843 5696 Gothi.
888 5641 1141 5697 Socrates
1189 5642 1407 5709 quidem
1444 5639 1672 5699 Gothos,
1705 5635 1771 5689 ab

208 5733 540 5788 Athanarieo
577 5733 803 5797 occisos,
841 5735 1000 5788 simul
1035 5746 1087 5789 et
1124 5734 1348 5787 Arianos
1394 5733 1521 5787 facit
1551 5742 1606 5784 et
1634 5729 1771 5783 Mar-

207 5836 359 5894 tyres
402 5841 412 5875 :
457 5824 547 5879 scd
594 5825 819 5895 scriptor
893 5826 979 5880 ille
1033 5828 1338 5895 frequenter
1392 5827 1550 5881 modo
1612 5825 1768 5894 plane

1876 1980 2123 2037 tempore
2182 1961 2525 2019 Constantini
2581 1960 2646 2012 ab
2702 1957 2922 2010 homine
2970 1954 3186 2012 Ariano,
3224 1947 3441 2017 quando

1869 2056 2529 2125 Consmutinopolitanam
2580 2048 2765 2104 sedem
2797 2046 3080 2101 obtinebat
3111 2044 3166 2097 S.
3198 2043 3437 2096 Alexan-

1866 2155 1963 2207 der
2015 2147 2372 2204 Constantino
2437 2142 2730 2216 gratiosus.
2807 2140 2991 2207 Itaque
3042 2136 3292 2205 ﬁgmenta
3352 2132 3442 2186 illa

1867 2252 1995 2299 sunt
2050 2237 2417 2306 Philostorgii,
2473 2237 2526 2287 in
2578 2235 2801 2303 gratiam
2863 2232 3181 2287 Arianorum
3219 2240 3440 2282 suorum

1866 2350 1970 2389 non
1992 2348 2112 2386 raro
2133 2331 2260 2384 falsa
2284 2325 2588 2381 scribentis.
2608 2323 2769 2375 Valde
2787 2322 2945 2373 etiam
2965 2322 3252 2381 incertum,
3273 2326 3325 2369 et
3344 2317 3441 2369 mi-

1867 2443 1967 2481 nus
2002 2422 2278 2494 probabile
2307 2429 2408 2481 est,
2434 2417 2576 2487 quod
2607 2414 2790 2469 scribit
2818 2413 2885 2466 de
2918 2410 3131 2479 Ulphila
3162 2410 3438 2473 Socrates,

1868 2518 1959 2569 lib.
1989 2532 2047 2578 ιι,
2080 2531 2197 2581 cap.
2231 2513 2321 2575 41,
2350 2526 2474 2563 eum
2508 2508 2675 2562 fuisse
2709 2507 2759 2558 in
2794 2503 3023 2558 concilio
3051 2501 3438 2555 Constantino-

1869 2608 2107 2678 politano
2136 2619 2279 2657 anno
2331 2602 2454 2664 560,
2490 2600 2580 2652 ubi
2634 2599 2815 2650 Ariani
2850 2612 3042 2649 novam
3078 2594 3440 2649 condiderunt

1869 2699 1989 2753 ﬁdei
2022 2696 2329 2758 formulam,
2365 2693 2452 2746 cui
2486 2689 2700 2759 Ulphila
2732 2699 2859 2742 tunc
2882 2687 3263 2740 consensisset.
3295 2684 3440 2737 Idem

1872 2804 2048 2846 tamen
2113 2789 2275 2844 habet
2320 2785 2684 2839 Sozomcnns.
2715 2781 2807 2833 lib.
2839 2795 2910 2841 tv,
2944 2793 3061 2847 cap.
3117 2777 3208 2830 QI.
3246 2778 3313 2827 At
3347 2775 3439 2829 hic

1870 2883 1965 2936 lib.
1998 2897 2069 2942 vt,
2100 2895 2218 2947 cap,
2246 2877 2332 2935 37,
2364 2875 2661 2934 existimat,
2699 2871 3071 2939 imprudenter
3119 2868 3319 2921 factum
3370 2867 3439 2919 ab

1874 2971 2117 3038 Ulphila,
2168 2968 2256 3035 qui
2316 2966 2512 3033 inquit,
2555 2982 2570 3011 σ
2607 2979 2726 3015 cum
2778 2962 3045 3029 epi5c0pis
3098 2960 3438 3013 Nicaznornm

1872 3064 2088 3118 Patrum
2148 3063 2364 3114 decreta
2413 3057 2747 3112 sectantibus
2799 3056 3205 3110 communicare
3254 3066 3440 3122 persc-

1873 3157 2099 3211 verax-it.

1942 3244 2030 3297 IX.
2072 3242 2341 3309 Quidquid
2371 3254 2531 3307 porro
2569 3239 2638 3290 sit
2676 3238 2742 3291 de
2786 3237 2941 3289 factis
2972 3236 3177 3304 aliquot
3208 3232 3446 3303 partien-

1872 3336 2075 3389 laribus
2108 3333 2357 3402 Ulphilic,
2400 3347 2427 3383 a
2479 3330 2675 3400 quibus
2706 3328 2837 3382 ﬁdes
2869 3327 3166 3381 Gothorum
3199 3341 3302 3378 non
3337 3325 3436 3378 dc-

1872 3431 2064 3499 pendet
2085 3443 2100 3492 ;
2121 3424 2568 3487 constatGotltos,
2594 3424 2682 3479 diu
2715 3432 2839 3476 ante
2859 3431 3067 3489 tempus
3099 3419 3164 3473 de
3189 3434 3296 3488 quo
3325 3418 3442 3488 agi-

1875 3534 1979 3584 tur,
2026 3522 2188 3573 fuisse
2228 3532 2536 3579 conversos,
2590 3532 2652 3569 ac
2698 3515 2995 3569 Gothorum
3034 3512 3428 3581 metropolitam

1872 3613 2228 3683 Theophilum
2252 3616 2301 3666 itt
2320 3610 2540 3665 Consilio
2558 3607 2768 3662 Nicannu
2788 3608 2950 3660 IttiSse
2970 3621 3110 3658 anno
3130 3604 3444 3672 325.]taqtte

1875 3708 2032 3763 Gothi
2064 3708 2264 3760 dudum
2300 3703 2591 3757 Christiani
2627 3711 2780 3754 erant
2812 3711 2865 3754 et
2894 3699 3194 3759 Catholici;
3251 3698 3344 3750 sed
3375 3696 3444 3749 ad

1879 3802 2155 3872 perﬁdiam
2192 3796 2417 3852 traducti
2448 3804 2575 3847 sunt
2603 3810 2631 3846 a
2662 3793 2887 3846 Valente
2915 3793 3055 3847 circa
3088 3806 3286 3844 annum
3317 3788 3440 3851 376,

1871 3892 2084 3960 quando
2130 3889 2264 3956 pulsi
2311 3889 2377 3941 ab
2431 3886 2661 3947 liunnis,
2725 3884 3019 3953 petierunt,
3058 3884 3307 3936 ut'sedes
3344 3880 3443 3935 sibi

1875 3989 2036 4054 ﬁgere
2067 3984 2255 4036 liceret
2296 3982 2434 4033 intra
2474 3981 2668 4032 limites
2708 3978 2931 4031 Romani
2975 3974 3208 4043 imperii.
3255 3973 3448 4027 Obser-

1876 4090 1964 4132 vat
1996 4079 2095 4131 hoc
2128 4077 2486 4135 Sozomcnus,
2520 4072 2610 4141 qui
2648 4072 2782 4124 alias
2818 4070 3091 4123 Socratem
3134 4066 3329 4136 passim
3365 4065 3445 4119 ni-

1878 4171 1979 4223 mis
2019 4176 2293 4237 sequitur;
2355 4167 2609 4232 additque
2656 4164 2721 4216 dc
2752 4168 3011 4228 CDISCOpO
3052 4160 3349 4212 Gothorum
3386 4158 3438 4211 in

1874 4259 2340 4313 conﬁrmationem
2398 4254 2677 4323 sequentia
2734 4252 2922 4306 verba.
2983 4269 3001 4301 ι
3034 4249 3162 4302 Nam
3199 4247 3439 4318 Ulphila,

1876 4352 1967 4423 qni
2006 4361 2135 4405 tunc
2164 4350 2305 4417 apud
2345 4350 2489 4416 ipsos
2534 4356 2649 4400 erat
2687 4344 2992 4412 episcopus,
3030 4343 3182 4395 initio
3215 4342 3430 4408 quidem

1878 4446 2021 4498 nulla
2072 4446 2123 4496 in
2176 4450 2326 4511 parte
2358 4442 2623 4494 dissensit
2674 4440 2740 4491 al)
2785 4437 3021 4494 Ecclesia
3060 4435 3362 4487 Catholica.
3420 4453 3439 4484 ι

1808 4542 1845 4593 I)
1882 4538 1995 4590 Mox
2032 4538 2231 4597 subdit,
2287 4532 2575 4602 lleltilatn,
2625 4532 2715 4601 qui
2749 4547 2775 4583 a
2809 4528 3000 4583 Gothis
3047 4528 3111 4581 ad
3159 4526 3439 4579 Valentem

1879 4630 2085 4697 legatus
2124 4639 2238 4681 erat
2288 4628 2505 4688 missus,
2545 4623 2826 4693 promissis
2871 4624 3195 4678 Arianorum
3229 4619 3443 4689 episco-

1878 4740 2066 4792 porunt
2101 4738 2219 4775 esse
2260 4731 2596 4787 corruptum.

1946 4815 2011 4866 X.
2049 4812 2244 4866 Verum
2277 4812 2564 4863 audiamus
2595 4807 3021 4866 Theodoretum.
3065 4808 3132 4861 de
3176 4804 3261 4859 his
3304 4803 3443 4859 scri-

1877 4908 2115 4966 bentem,
2147 4904 2238 4957 lib.
2271 4921 2341 4960 tv.
2372 4918 2491 4970 cap.
2517 4904 2602 4958 57,
2636 4902 2724 4955 ubi
2765 4902 2841 4955 sic
2874 4902 3033 4954 habet
3065 4915 3081 4953 :
3114 4916 3132 4949 ε
3157 4898 3274 4963 Quo
3303 4906 3442 4949 tem-

1876 5012 2006 5067 pore
2037 4996 2193 5050 Gothi
2231 4994 2424 5047 Istrum
2461 4992 2811 5060 trajicientes,
2848 4992 3023 5045 fcedus
3051 5007 3174 5043 cum
3213 4988 3440 5045 Valente

1877 5096 2277 5157 percusserunt,
2320 5085 2713 5137 abominandus
2755 5083 2840 5135 ille
2878 5080 3153 5135 Endoxins
3196 5077 3440 5148 (verisi-

1877 5178 2075 5229 ntiliter
2126 5174 2404 5243 legendum
2446 5172 2697 5235 Euzoius,
2741 5173 2831 5240 qui
2870 5172 3191 5224 Arianorum
3227 5170 3441 5235 episco-

1876 5283 1974 5337 pus
2014 5275 2128 5319 erat
2175 5265 2496 5327 Antiochiae,
2545 5266 2633 5318 ubi
2688 5273 2815 5317 tunc
2861 5262 3046 5316 valens
3073 5259 3440 5330 degeltat)qui

1878 5371 2005 5414 tunc
2039 5359 2246 5417 aderat,
2302 5358 2564 5426 suggessit
2620 5355 2953 5422 imperatori,
3005 5354 3437 5421 persuadendum

1874 5468 1991 5507 esse
2017 5450 2225 5511 Gothis,
2249 5462 2448 5502 utcnm
2473 5450 2590 5517 ipso
2631 5449 3118 5502 communicarent.
3156 5448 3287 5499 Nam
3313 5461 3437 5499 eum

1876 5547 1966 5599 diu
2004 5553 2160 5597 antea
2185 5524 2384 5596 divina;
2412 5542 2734 5614 cognitionis
2762 5541 2925 5593 radiis
2953 5536 3203 5593 illustrati
3233 5549 3436 5602 essent,

1875 5638 1926 5689 in
1942 5636 2230 5704 apostolica
2254 5634 2496 5689 doctrina
2514 5646 2727 5702 semper
2750 5632 2963 5686 fuerant
2988 5630 3258 5693 innutriti.
3275 5629 3436 5698 Quip-

1875 5744 1959 5800 pe,
1978 5730 2152 5783 aiebat
2170 5727 2463 5785 Endoxius.
2481 5726 3232 5798 uninsdoamatiseomtnunio
3250 5741 3435 5794 pacem

1878 5822 2163 5877 lirntiOrem
2197 5819 2388 5879 eﬁiciet
2451 5818 2602 5885 Quod
2638 5819 2920 5876 consilium
2946 5833 3063 5872 cum
3088 5816 3434 5885 approbasset
