  <div class='ocr_page' id='page_1' title='image "/cluster/home/n/w/nwhite01/storage/ocr_20150623/115/pst.000005714285/435.png"; bbox 0 0 4156 6314; ppageno 0'>
   <div class='ocr_carea' id='block_1_1' title="bbox 750 342 857 407">
    <p class='ocr_par' dir='ltr' id='par_1_1' title="bbox 750 342 857 407">
     <span class='ocr_line' id='line_1_1' title="bbox 750 342 857 407; baseline -0.047 -1"><span class='ocrx_word' id='word_1_1' title='bbox 750 342 857 407; x_wconf 81' lang='lat'><strong>703</strong></span> 
     </span>
    </p>
   </div>
   <div class='ocr_carea' id='block_1_2' title="bbox 1984 343 2772 405">
    <p class='ocr_par' dir='ltr' id='par_1_2' title="bbox 1984 343 2772 405">
     <span class='ocr_line' id='line_1_2' title="bbox 1984 343 2772 405; baseline -0.003 -1"><span class='ocrx_word' id='word_1_2' title='bbox 1984 345 2265 405; x_wconf 80' lang='lat' dir='ltr'><strong>MENSIS</strong></span> <span class='ocrx_word' id='word_1_3' title='bbox 2301 343 2772 404; x_wconf 78' lang='lat' dir='ltr'><strong>SEPTEMBER.</strong></span> 
     </span>
    </p>
   </div>
   <div class='ocr_carea' id='block_1_3' title="bbox 3884 329 3985 392">
    <p class='ocr_par' dir='ltr' id='par_1_3' title="bbox 3884 329 3985 392">
     <span class='ocr_line' id='line_1_3' title="bbox 3884 329 3985 392; baseline 0.03 -3"><span class='ocrx_word' id='word_1_4' title='bbox 3884 329 3985 392; x_wconf 66' lang='grc'><strong>704</strong></span> 
     </span>
    </p>
   </div>
   <div class='ocr_carea' id='block_1_4' title="bbox 751 448 3983 532">
    <p class='ocr_par' dir='ltr' id='par_1_4' title="bbox 751 448 3983 532">
     <span class='ocr_line' id='line_1_4' title="bbox 751 448 3983 532; baseline -0.005 -18"><span class='ocrx_word' id='word_1_5' title='bbox 751 461 963 521; x_wconf 80' lang='lat' dir='ltr'><strong>Valens,</strong></span> <span class='ocrx_word' id='word_1_6' title='bbox 999 458 1351 527; x_wconf 82' lang='lat' dir='ltr'><strong>Optimatihus</strong></span> <span class='ocrx_word' id='word_1_7' title='bbox 1371 459 1673 516; x_wconf 85' lang='lat' dir='ltr'><strong>Gothorum</strong></span> <span class='ocrx_word' id='word_1_8' title='bbox 1700 464 1998 532; x_wconf 81' lang='lat' dir='ltr'><strong>preposuit.</strong></span> <span class='ocrx_word' id='word_1_9' title='bbox 2028 474 2087 519; x_wconf 93' lang='lat' dir='ltr'><strong>ut</strong></span> <span class='ocrx_word' id='word_1_10' title='bbox 2128 465 2181 519; x_wconf 92' lang='lat' dir='ltr'><strong>in</strong></span> <span class='ocrx_word' id='word_1_11' title='bbox 2219 466 2315 520; x_wconf 90' lang='lat' dir='ltr'><strong>do-</strong></span> <span class='ocrx_word' id='word_1_12' title='bbox 2348 477 2391 526; x_wconf 74' lang='grc' dir='ltr'>Α</span> <span class='ocrx_word' id='word_1_13' title='bbox 2422 471 2545 516; x_wconf 85' lang='lat' dir='ltr'><strong>nata</strong></span> <span class='ocrx_word' id='word_1_14' title='bbox 2575 472 2678 526; x_wconf 86' lang='lat' dir='ltr'><strong>est,</strong></span> <span class='ocrx_word' id='word_1_15' title='bbox 2712 475 2870 530; x_wconf 88' lang='lat' dir='ltr'><strong>quam</strong></span> <span class='ocrx_word' id='word_1_16' title='bbox 2912 473 2976 513; x_wconf 76' lang='lat' dir='ltr'><strong>ex</strong></span> <span class='ocrx_word' id='word_1_17' title='bbox 3009 457 3125 512; x_wconf 88' lang='lat' dir='ltr'><strong>solo</strong></span> <span class='ocrx_word' id='word_1_18' title='bbox 3175 452 3553 524; x_wconf 66' lang='lat' dir='ltr'><strong>Metalihrastis</strong></span> <span class='ocrx_word' id='word_1_19' title='bbox 3585 448 3810 504; x_wconf 87' lang='lat' dir='ltr'><strong>nomine</strong></span> <span class='ocrx_word' id='word_1_20' title='bbox 3838 465 3851 499; x_wconf 90' lang='lat'><strong>:</strong></span> <span class='ocrx_word' id='word_1_21' title='bbox 3881 463 3983 500; x_wconf 80' lang='lat' dir='ltr'><strong>nun</strong></span> 
     </span>
    </p>
   </div>
   <div class='ocr_carea' id='block_1_5' title="bbox 748 549 2318 626">
    <p class='ocr_par' dir='ltr' id='par_1_5' title="bbox 748 549 2318 626">
     <span class='ocr_line' id='line_1_5' title="bbox 748 549 2318 626; baseline 0.004 -22"><span class='ocrx_word' id='word_1_22' title='bbox 748 550 920 604; x_wconf 86' lang='lat' dir='ltr'><strong>ctrina</strong></span> <span class='ocrx_word' id='word_1_23' title='bbox 936 549 1059 605; x_wconf 88' lang='lat' dir='ltr'><strong>fidei</strong></span> <span class='ocrx_word' id='word_1_24' title='bbox 1077 567 1198 605; x_wconf 89' lang='lat' dir='ltr'><strong>cum</strong></span> <span class='ocrx_word' id='word_1_25' title='bbox 1220 551 1334 619; x_wconf 88' lang='lat' dir='ltr'><strong>ipso</strong></span> <span class='ocrx_word' id='word_1_26' title='bbox 1354 553 1819 610; x_wconf 84' lang='lat' dir='ltr'><strong>conscntirent.At</strong></span> <span class='ocrx_word' id='word_1_27' title='bbox 1837 555 1906 608; x_wconf 88' lang='lat' dir='ltr'><strong>illi</strong></span> <span class='ocrx_word' id='word_1_28' title='bbox 1921 557 2318 626; x_wconf 87' lang='lat' dir='ltr'><strong>responderunt</strong></span> 
     </span>
    </p>
   </div>
   <div class='ocr_carea' id='block_1_6' title="bbox 750 644 2316 716">
    <p class='ocr_par' dir='ltr' id='par_1_6' title="bbox 750 644 2316 716">
     <span class='ocr_line' id='line_1_6' title="bbox 750 644 2316 716; baseline 0.005 -21"><span class='ocrx_word' id='word_1_29' title='bbox 750 658 1044 709; x_wconf 82' lang='lat' dir='ltr'><strong>numquam</strong></span> <span class='ocrx_word' id='word_1_30' title='bbox 1082 659 1137 696; x_wconf 92' lang='lat' dir='ltr'><strong>se</strong></span> <span class='ocrx_word' id='word_1_31' title='bbox 1186 644 1376 699; x_wconf 77' lang='lat' dir='ltr'><strong>adduci</strong></span> <span class='ocrx_word' id='word_1_32' title='bbox 1414 661 1595 713; x_wconf 84' lang='lat' dir='ltr'><strong>posse,</strong></span> <span class='ocrx_word' id='word_1_33' title='bbox 1630 655 1687 700; x_wconf 92' lang='lat' dir='ltr'><strong>ut</strong></span> <span class='ocrx_word' id='word_1_34' title='bbox 1731 661 1759 699; x_wconf 88' lang='lat' dir='ltr'><strong>a</strong></span> <span class='ocrx_word' id='word_1_35' title='bbox 1793 647 2054 716; x_wconf 80' lang='lat' dir='ltr'><strong>majorum</strong></span> <span class='ocrx_word' id='word_1_36' title='bbox 2094 664 2316 703; x_wconf 89' lang='lat' dir='ltr'><strong>suorum</strong></span> 
     </span>
    </p>
   </div>
   <div class='ocr_carea' id='block_1_7' title="bbox 746 737 2316 807">
    <p class='ocr_par' dir='ltr' id='par_1_7' title="bbox 746 737 2316 807">
     <span class='ocr_line' id='line_1_7' title="bbox 746 737 2316 807; baseline 0.003 -19"><span class='ocrx_word' id='word_1_37' title='bbox 746 738 991 794; x_wconf 75' lang='lat' dir='ltr'><strong>doctrina</strong></span> <span class='ocrx_word' id='word_1_38' title='bbox 1026 737 1384 790; x_wconf 83' lang='lat' dir='ltr'><strong>discederent.</strong></span> <span class='ocrx_word' id='word_1_39' title='bbox 1432 739 1598 791; x_wconf 89' lang='lat' dir='ltr'><strong>Porro</strong></span> <span class='ocrx_word' id='word_1_40' title='bbox 1644 754 1705 792; x_wconf 89' lang='lat' dir='ltr'><strong>ea</strong></span> <span class='ocrx_word' id='word_1_41' title='bbox 1742 748 2061 807; x_wconf 86' lang='lat' dir='ltr'><strong>tempestate</strong></span> <span class='ocrx_word' id='word_1_42' title='bbox 2097 739 2316 806; x_wconf 88' lang='lat' dir='ltr'><strong>Ulphila</strong></span> 
     </span>
    </p>
   </div>
   <div class='ocr_carea' id='block_1_8' title="bbox 755 829 2319 898">
    <p class='ocr_par' dir='ltr' id='par_1_8' title="bbox 755 829 2319 898">
     <span class='ocr_line' id='line_1_8' title="bbox 755 829 2319 898; baseline 0.002 -17"><span class='ocrx_word' id='word_1_43' title='bbox 755 829 918 881; x_wconf 88' lang='lat' dir='ltr'><strong>totius</strong></span> <span class='ocrx_word' id='word_1_44' title='bbox 978 829 1152 896; x_wconf 74' lang='lat' dir='ltr'><strong>gentis</strong></span> <span class='ocrx_word' id='word_1_45' title='bbox 1205 839 1324 881; x_wconf 84' lang='lat' dir='ltr'><strong>erat</strong></span> <span class='ocrx_word' id='word_1_46' title='bbox 1381 830 1686 898; x_wconf 80' lang='lat' dir='ltr'><strong>episeopus,</strong></span> <span class='ocrx_word' id='word_1_47' title='bbox 1742 845 1947 897; x_wconf 56' lang='lat' dir='ltr'><strong>magna!</strong></span> <span class='ocrx_word' id='word_1_48' title='bbox 1999 830 2137 895; x_wconf 88' lang='lat' dir='ltr'><strong>apud</strong></span> <span class='ocrx_word' id='word_1_49' title='bbox 2199 830 2319 884; x_wconf 88' lang='lat' dir='ltr'><strong>illos</strong></span> 
     </span>
    </p>
   </div>
   <div class='ocr_carea' id='block_1_9' title="bbox 748 919 2316 990">
    <p class='ocr_par' dir='ltr' id='par_1_9' title="bbox 748 919 2316 990">
     <span class='ocr_line' id='line_1_9' title="bbox 748 919 2316 990; baseline 0.003 -19"><span class='ocrx_word' id='word_1_50' title='bbox 748 919 1107 979; x_wconf 86' lang='lat' dir='ltr'><strong>auctoritatis,</strong></span> <span class='ocrx_word' id='word_1_51' title='bbox 1140 932 1193 971; x_wconf 90' lang='lat' dir='ltr'><strong>et</strong></span> <span class='ocrx_word' id='word_1_52' title='bbox 1235 920 1389 981; x_wconf 79' lang='lat' dir='ltr'><strong>cuius</strong></span> <span class='ocrx_word' id='word_1_53' title='bbox 1419 920 1576 973; x_wconf 83' lang='lat' dir='ltr'><strong>verba</strong></span> <span class='ocrx_word' id='word_1_54' title='bbox 1611 935 1707 989; x_wconf 91' lang='lat' dir='ltr'><strong>pro</strong></span> <span class='ocrx_word' id='word_1_55' title='bbox 1741 920 2068 973; x_wconf 76' lang='lat' dir='ltr'><strong>firmissimis</strong></span> <span class='ocrx_word' id='word_1_56' title='bbox 2108 920 2316 990; x_wconf 80' lang='lat' dir='ltr'><strong>legibus</strong></span> 
     </span>
    </p>
   </div>
   <div class='ocr_carea' id='block_1_10' title="bbox 752 1008 2318 1065">
    <p class='ocr_par' dir='ltr' id='par_1_10' title="bbox 752 1008 2318 1065">
     <span class='ocr_line' id='line_1_10' title="bbox 752 1008 2318 1065; baseline 0.001 -3"><span class='ocrx_word' id='word_1_57' title='bbox 752 1010 1041 1062; x_wconf 75' lang='lat' dir='ltr'><strong>habebant.</strong></span> <span class='ocrx_word' id='word_1_58' title='bbox 1084 1008 1235 1061; x_wconf 84' lang='lat' dir='ltr'><strong>Hune</strong></span> <span class='ocrx_word' id='word_1_59' title='bbox 1293 1009 1568 1064; x_wconf 71' lang='lat' dir='ltr'><strong>Eudoxius</strong></span> <span class='ocrx_word' id='word_1_60' title='bbox 1605 1027 1725 1064; x_wconf 90' lang='lat' dir='ltr'><strong>cum</strong></span> <span class='ocrx_word' id='word_1_61' title='bbox 1774 1020 1829 1064; x_wconf 91' lang='lat' dir='ltr'><strong>et</strong></span> <span class='ocrx_word' id='word_1_62' title='bbox 1880 1010 2059 1063; x_wconf 82' lang='lat' dir='ltr'><strong>verbis</strong></span> <span class='ocrx_word' id='word_1_63' title='bbox 2110 1011 2318 1065; x_wconf 88' lang='lat' dir='ltr'><strong>demul-</strong></span> 
     </span>
    </p>
   </div>
   <div class='ocr_carea' id='block_1_11' title="bbox 749 1101 2316 1171">
    <p class='ocr_par' dir='ltr' id='par_1_11' title="bbox 749 1101 2316 1171">
     <span class='ocr_line' id='line_1_11' title="bbox 749 1101 2316 1171; baseline 0.003 -19"><span class='ocrx_word' id='word_1_64' title='bbox 749 1101 929 1160; x_wconf 78' lang='lat' dir='ltr'><strong>sisset.</strong></span> <span class='ocrx_word' id='word_1_65' title='bbox 977 1112 1026 1153; x_wconf 93' lang='lat' dir='ltr'><strong>et</strong></span> <span class='ocrx_word' id='word_1_66' title='bbox 1060 1102 1377 1155; x_wconf 82' lang='lat' dir='ltr'><strong>muneribus</strong></span> <span class='ocrx_word' id='word_1_67' title='bbox 1432 1102 1707 1159; x_wconf 77' lang='lat' dir='ltr'><strong>inexisset.</strong></span> <span class='ocrx_word' id='word_1_68' title='bbox 1760 1119 1824 1157; x_wconf 89' lang='lat' dir='ltr'><strong>eo</strong></span> <span class='ocrx_word' id='word_1_69' title='bbox 1856 1103 2085 1171; x_wconf 88' lang='lat' dir='ltr'><strong>impulit,</strong></span> <span class='ocrx_word' id='word_1_70' title='bbox 2121 1112 2177 1157; x_wconf 92' lang='lat' dir='ltr'><strong>ut</strong></span> <span class='ocrx_word' id='word_1_71' title='bbox 2208 1102 2316 1158; x_wconf 89' lang='lat' dir='ltr'><strong>Go-</strong></span> 
     </span>
    </p>
   </div>
   <div class='ocr_carea' id='block_1_12' title="bbox 751 1191 2314 1261">
    <p class='ocr_par' dir='ltr' id='par_1_12' title="bbox 751 1191 2314 1261">
     <span class='ocr_line' id='line_1_12' title="bbox 751 1191 2314 1261; baseline 0.001 -17"><span class='ocrx_word' id='word_1_72' title='bbox 751 1192 872 1244; x_wconf 85' lang='lat' dir='ltr'><strong>thos</strong></span> <span class='ocrx_word' id='word_1_73' title='bbox 915 1193 977 1243; x_wconf 92' lang='lat' dir='ltr'><strong>ad</strong></span> <span class='ocrx_word' id='word_1_74' title='bbox 1011 1192 1451 1246; x_wconf 76' lang='lat' dir='ltr'><strong>communionem</strong></span> <span class='ocrx_word' id='word_1_75' title='bbox 1506 1191 1852 1260; x_wconf 82' lang='lat' dir='ltr'><strong>imperatoris</strong></span> <span class='ocrx_word' id='word_1_76' title='bbox 1892 1193 2314 1261; x_wconf 74' lang='lat' dir='ltr'><strong>amplectendam</strong></span> 
     </span>
    </p>
   </div>
   <div class='ocr_carea' id='block_1_13' title="bbox 748 1279 2319 1349">
    <p class='ocr_par' dir='ltr' id='par_1_13' title="bbox 748 1279 2319 1349">
     <span class='ocr_line' id='line_1_13' title="bbox 748 1279 2319 1349; baseline 0.003 -17"><span class='ocrx_word' id='word_1_77' title='bbox 748 1279 1059 1332; x_wconf 79' lang='lat' dir='ltr'><strong>adduceret.</strong></span> <span class='ocrx_word' id='word_1_78' title='bbox 1091 1281 1147 1333; x_wconf 93' lang='lat' dir='ltr'><strong>Id</strong></span> <span class='ocrx_word' id='word_1_79' title='bbox 1169 1292 1345 1333; x_wconf 80' lang='lat' dir='ltr'><strong>autem</strong></span> <span class='ocrx_word' id='word_1_80' title='bbox 1402 1282 1691 1349; x_wconf 85' lang='lat' dir='ltr'><strong>persuasit,</strong></span> <span class='ocrx_word' id='word_1_81' title='bbox 1741 1297 1863 1336; x_wconf 90' lang='lat' dir='ltr'><strong>cum</strong></span> <span class='ocrx_word' id='word_1_82' title='bbox 1915 1282 2144 1344; x_wconf 84' lang='lat' dir='ltr'><strong>diceret,</strong></span> <span class='ocrx_word' id='word_1_83' title='bbox 2186 1298 2319 1337; x_wconf 89' lang='lat' dir='ltr'><strong>con-</strong></span> 
     </span>
    </p>
   </div>
   <div class='ocr_carea' id='block_1_14' title="bbox 747 1371 2315 1443">
    <p class='ocr_par' dir='ltr' id='par_1_14' title="bbox 747 1371 2315 1443">
     <span class='ocr_line' id='line_1_14' title="bbox 747 1371 2315 1443; baseline 0.003 -22"><span class='ocrx_word' id='word_1_84' title='bbox 747 1371 1045 1422; x_wconf 84' lang='lat' dir='ltr'><strong>tentionem</strong></span> <span class='ocrx_word' id='word_1_85' title='bbox 1088 1387 1149 1423; x_wconf 81' lang='lat' dir='ltr'><strong>ex</strong></span> <span class='ocrx_word' id='word_1_86' title='bbox 1204 1371 1499 1425; x_wconf 84' lang='lat' dir='ltr'><strong>ambitione</strong></span> <span class='ocrx_word' id='word_1_87' title='bbox 1551 1381 1720 1425; x_wconf 90' lang='lat' dir='ltr'><strong>ortam</strong></span> <span class='ocrx_word' id='word_1_88' title='bbox 1784 1387 1938 1437; x_wconf 88' lang='lat' dir='ltr'><strong>esse;</strong></span> <span class='ocrx_word' id='word_1_89' title='bbox 2007 1374 2315 1443; x_wconf 80' lang='lat' dir='ltr'><strong>dogmatum</strong></span> 
     </span>
    </p>
   </div>
   <div class='ocr_carea' id='block_1_15' title="bbox 748 1458 2318 1532">
    <p class='ocr_par' dir='ltr' id='par_1_15' title="bbox 748 1458 2318 1532">
     <span class='ocr_line' id='line_1_15' title="bbox 748 1458 2318 1532; baseline 0.004 -21"><span class='ocrx_word' id='word_1_90' title='bbox 748 1475 875 1512; x_wconf 66' lang='lat' dir='ltr'><strong>vero</strong></span> <span class='ocrx_word' id='word_1_91' title='bbox 898 1458 1098 1513; x_wconf 82' lang='lat' dir='ltr'><strong>nullam</strong></span> <span class='ocrx_word' id='word_1_92' title='bbox 1120 1476 1237 1515; x_wconf 75' lang='lat' dir='ltr'><strong>esse</strong></span> <span class='ocrx_word' id='word_1_93' title='bbox 1262 1461 1834 1529; x_wconf 59' lang='lat' dir='ltr'><strong>discrepantiamnSic</strong></span> <span class='ocrx_word' id='word_1_94' title='bbox 1858 1463 2081 1531; x_wconf 66' lang='lat' dir='ltr'><strong>Ulphila:</strong></span> <span class='ocrx_word' id='word_1_95' title='bbox 2096 1463 2318 1532; x_wconf 83' lang='lat' dir='ltr'><strong>perﬁdia</strong></span> 
     </span>
    </p>
   </div>
   <div class='ocr_carea' id='block_1_16' title="bbox 746 1553 2315 1624">
    <p class='ocr_par' dir='ltr' id='par_1_16' title="bbox 746 1553 2315 1624">
     <span class='ocr_line' id='line_1_16' title="bbox 746 1553 2315 1624; baseline -0.001 -18"><span class='ocrx_word' id='word_1_96' title='bbox 746 1556 885 1607; x_wconf 80' lang='lat' dir='ltr'><strong>circa</strong></span> <span class='ocrx_word' id='word_1_97' title='bbox 922 1572 1124 1609; x_wconf 88' lang='lat' dir='ltr'><strong>annum</strong></span> <span class='ocrx_word' id='word_1_98' title='bbox 1155 1557 1258 1609; x_wconf 75' lang='lat'><strong>376</strong></span> <span class='ocrx_word' id='word_1_99' title='bbox 1289 1556 1355 1610; x_wconf 86' lang='lat' dir='ltr'><strong>ad</strong></span> <span class='ocrx_word' id='word_1_100' title='bbox 1400 1556 1643 1608; x_wconf 68' lang='lat' dir='ltr'><strong>haeresim</strong></span> <span class='ocrx_word' id='word_1_101' title='bbox 1685 1556 1932 1624; x_wconf 88' lang='lat' dir='ltr'><strong>perducti</strong></span> <span class='ocrx_word' id='word_1_102' title='bbox 1976 1565 2102 1608; x_wconf 91' lang='lat' dir='ltr'><strong>sunt</strong></span> <span class='ocrx_word' id='word_1_103' title='bbox 2134 1553 2315 1607; x_wconf 88' lang='lat' dir='ltr'><strong>Gothi.</strong></span> 
     </span>
    </p>
   </div>
   <div class='ocr_carea' id='block_1_17' title="bbox 820 1644 2318 1714">
    <p class='ocr_par' dir='ltr' id='par_1_17' title="bbox 820 1644 2318 1714">
     <span class='ocr_line' id='line_1_17' title="bbox 820 1644 2318 1714; baseline 0.001 -17"><span class='ocrx_word' id='word_1_104' title='bbox 820 1644 911 1702; x_wconf 72' lang='lat' dir='ltr'><strong>XI.</strong></span> <span class='ocrx_word' id='word_1_105' title='bbox 948 1647 1100 1709; x_wconf 85' lang='lat' dir='ltr'><strong>Quod</strong></span> <span class='ocrx_word' id='word_1_106' title='bbox 1150 1655 1355 1714; x_wconf 85' lang='lat' dir='ltr'><strong>spectat</strong></span> <span class='ocrx_word' id='word_1_107' title='bbox 1394 1646 1458 1700; x_wconf 90' lang='lat' dir='ltr'><strong>ad</strong></span> <span class='ocrx_word' id='word_1_108' title='bbox 1490 1646 1618 1699; x_wconf 83' lang='lat' dir='ltr'><strong>Acta</strong></span> <span class='ocrx_word' id='word_1_109' title='bbox 1665 1645 1850 1698; x_wconf 64' lang='lat' dir='ltr'><strong>Graeca</strong></span> <span class='ocrx_word' id='word_1_110' title='bbox 1882 1645 2050 1699; x_wconf 83' lang='lat' dir='ltr'><strong>sancti</strong></span> <span class='ocrx_word' id='word_1_111' title='bbox 2099 1646 2318 1708; x_wconf 66' lang='lat' dir='ltr'><strong>Nicetae,</strong></span> 
     </span>
    </p>
   </div>
   <div class='ocr_carea' id='block_1_18' title="bbox 750 1737 2315 1806">
    <p class='ocr_par' dir='ltr' id='par_1_18' title="bbox 750 1737 2315 1806">
     <span class='ocr_line' id='line_1_18' title="bbox 750 1737 2315 1806; baseline 0.006 -22"><span class='ocrx_word' id='word_1_112' title='bbox 750 1744 1022 1789; x_wconf 82' lang='lat' dir='ltr'><strong>auctorem</strong></span> <span class='ocrx_word' id='word_1_113' title='bbox 1080 1753 1141 1790; x_wconf 91' lang='lat' dir='ltr'><strong>ea</strong></span> <span class='ocrx_word' id='word_1_114' title='bbox 1176 1737 1376 1791; x_wconf 89' lang='lat' dir='ltr'><strong>habent</strong></span> <span class='ocrx_word' id='word_1_115' title='bbox 1416 1737 1854 1806; x_wconf 78' lang='lat' dir='ltr'><strong>Metaphrastem.</strong></span> <span class='ocrx_word' id='word_1_116' title='bbox 1894 1738 1983 1805; x_wconf 88' lang='lat' dir='ltr'><strong>qui</strong></span> <span class='ocrx_word' id='word_1_117' title='bbox 2040 1739 2315 1794; x_wconf 81' lang='lat' dir='ltr'><strong>verisimi-</strong></span> 
     </span>
    </p>
   </div>
   <div class='ocr_carea' id='block_1_19' title="bbox 2418 543 3981 624">
    <p class='ocr_par' dir='ltr' id='par_1_19' title="bbox 2418 543 3981 624">
     <span class='ocr_line' id='line_1_19' title="bbox 2418 543 3981 624; baseline -0.012 -13"><span class='ocrx_word' id='word_1_118' title='bbox 2418 560 2561 611; x_wconf 91' lang='lat' dir='ltr'><strong>enim</strong></span> <span class='ocrx_word' id='word_1_119' title='bbox 2600 555 2837 618; x_wconf 80' lang='lat' dir='ltr'><strong>invenio,</strong></span> <span class='ocrx_word' id='word_1_120' title='bbox 2871 554 3001 624; x_wconf 91' lang='lat' dir='ltr'><strong>quid</strong></span> <span class='ocrx_word' id='word_1_121' title='bbox 3031 564 3357 620; x_wconf 81' lang='lat' dir='ltr'><strong>magnopere</strong></span> <span class='ocrx_word' id='word_1_122' title='bbox 3395 547 3682 616; x_wconf 88' lang='lat' dir='ltr'><strong>displicere</strong></span> <span class='ocrx_word' id='word_1_123' title='bbox 3722 544 3896 613; x_wconf 81' lang='lat' dir='ltr'><strong>possit</strong></span> <span class='ocrx_word' id='word_1_124' title='bbox 3931 543 3981 595; x_wconf 89' lang='lat' dir='ltr'><strong>in</strong></span> 
     </span>
    </p>
   </div>
   <div class='ocr_carea' id='block_1_20' title="bbox 2419 633 3983 712">
    <p class='ocr_par' dir='ltr' id='par_1_20' title="bbox 2419 633 3983 712">
     <span class='ocr_line' id='line_1_20' title="bbox 2419 633 3983 712; baseline -0.006 -15"><span class='ocrx_word' id='word_1_125' title='bbox 2419 646 2566 700; x_wconf 82' lang='lat' dir='ltr'><strong>Actis</strong></span> <span class='ocrx_word' id='word_1_126' title='bbox 2592 646 2764 699; x_wconf 88' lang='lat' dir='ltr'><strong>sancti</strong></span> <span class='ocrx_word' id='word_1_127' title='bbox 2814 645 3009 698; x_wconf 70' lang='lat' dir='ltr'><strong>Nicetaz</strong></span> <span class='ocrx_word' id='word_1_128' title='bbox 3046 652 3237 712; x_wconf 74' lang='lat' dir='ltr'><strong>praeter</strong></span> <span class='ocrx_word' id='word_1_129' title='bbox 3280 639 3457 708; x_wconf 85' lang='lat' dir='ltr'><strong>aliqua</strong></span> <span class='ocrx_word' id='word_1_130' title='bbox 3500 637 3565 689; x_wconf 89' lang='lat' dir='ltr'><strong>ad</strong></span> <span class='ocrx_word' id='word_1_131' title='bbox 3608 645 3859 690; x_wconf 89' lang='lat' dir='ltr'><strong>sanctum</strong></span> <span class='ocrx_word' id='word_1_132' title='bbox 3904 633 3983 687; x_wconf 74' lang='lat' dir='ltr'><strong>vix</strong></span> 
     </span>
    </p>
   </div>
   <div class='ocr_carea' id='block_1_21' title="bbox 2418 726 3982 809">
    <p class='ocr_par' dir='ltr' id='par_1_21' title="bbox 2418 726 3982 809">
     <span class='ocr_line' id='line_1_21' title="bbox 2418 726 3982 809; baseline -0.01 -16"><span class='ocrx_word' id='word_1_133' title='bbox 2418 740 2739 809; x_wconf 84' lang='lat' dir='ltr'><strong>spectantia,</strong></span> <span class='ocrx_word' id='word_1_134' title='bbox 2764 748 2818 791; x_wconf 91' lang='lat' dir='ltr'><strong>et</strong></span> <span class='ocrx_word' id='word_1_135' title='bbox 2845 738 3186 791; x_wconf 80' lang='lat' dir='ltr'><strong>occasionem</strong></span> <span class='ocrx_word' id='word_1_136' title='bbox 3216 731 3617 803; x_wconf 85' lang='lat' dir='ltr'><strong>persecutionis</strong></span> <span class='ocrx_word' id='word_1_137' title='bbox 3646 726 3982 789; x_wconf 84' lang='lat' dir='ltr'><strong>Athanarici,</strong></span> 
     </span>
    </p>
   </div>
   <div class='ocr_carea' id='block_1_22' title="bbox 2421 820 3982 897">
    <p class='ocr_par' dir='ltr' id='par_1_22' title="bbox 2421 820 3982 897">
     <span class='ocr_line' id='line_1_22' title="bbox 2421 820 3982 897; baseline -0.008 -14"><span class='ocrx_word' id='word_1_138' title='bbox 2421 831 2692 897; x_wconf 85' lang='lat' dir='ltr'><strong>hujusque</strong></span> <span class='ocrx_word' id='word_1_139' title='bbox 2729 839 2913 883; x_wconf 88' lang='lat' dir='ltr'><strong>contra</strong></span> <span class='ocrx_word' id='word_1_140' title='bbox 2951 827 3339 897; x_wconf 83' lang='lat' dir='ltr'><strong>Phritigernem</strong></span> <span class='ocrx_word' id='word_1_141' title='bbox 3380 825 3603 886; x_wconf 85' lang='lat' dir='ltr'><strong>bellum,</strong></span> <span class='ocrx_word' id='word_1_142' title='bbox 3637 820 3783 890; x_wconf 90' lang='lat' dir='ltr'><strong>quod</strong></span> <span class='ocrx_word' id='word_1_143' title='bbox 3812 829 3982 871; x_wconf 79' lang='lat' dir='ltr'><strong>tamen</strong></span> 
     </span>
    </p>
   </div>
   <div class='ocr_carea' id='block_1_23' title="bbox 2418 916 3587 975">
    <p class='ocr_par' dir='ltr' id='par_1_23' title="bbox 2418 916 3587 975">
     <span class='ocr_line' id='line_1_23' title="bbox 2418 916 3587 975; baseline -0.007 -1"><span class='ocrx_word' id='word_1_144' title='bbox 2418 921 2577 974; x_wconf 89' lang='lat' dir='ltr'><strong>etiam</strong></span> <span class='ocrx_word' id='word_1_145' title='bbox 2605 922 2805 975; x_wconf 86' lang='lat' dir='ltr'><strong>habent</strong></span> <span class='ocrx_word' id='word_1_146' title='bbox 2846 919 3099 973; x_wconf 86' lang='lat' dir='ltr'><strong>Socrates</strong></span> <span class='ocrx_word' id='word_1_147' title='bbox 3143 927 3197 971; x_wconf 93' lang='lat' dir='ltr'><strong>et</strong></span> <span class='ocrx_word' id='word_1_148' title='bbox 3234 916 3587 970; x_wconf 86' lang='lat' dir='ltr'><strong>Sozomenus.</strong></span> 
     </span>
    </p>
   </div>
   <div class='ocr_carea' id='block_1_24' title="bbox 2466 1002 3987 1079">
    <p class='ocr_par' dir='ltr' id='par_1_24' title="bbox 2466 1002 3987 1079">
     <span class='ocr_line' id='line_1_24' title="bbox 2466 1002 3987 1079; baseline -0.009 -13"><span class='ocrx_word' id='word_1_149' title='bbox 2466 1014 2585 1068; x_wconf 84' lang='lat' dir='ltr'><strong>Xll.</strong></span> <span class='ocrx_word' id='word_1_150' title='bbox 2611 1014 2857 1067; x_wconf 84' lang='lat' dir='ltr'><strong>Fortasse</strong></span> <span class='ocrx_word' id='word_1_151' title='bbox 2872 1011 3083 1071; x_wconf 80' lang='lat' dir='ltr'><strong>Valens.</strong></span> <span class='ocrx_word' id='word_1_152' title='bbox 3105 1009 3389 1079; x_wconf 77' lang='lat' dir='ltr'><strong>instigante</strong></span> <span class='ocrx_word' id='word_1_153' title='bbox 3408 1006 3771 1075; x_wconf 81' lang='lat' dir='ltr'><strong>Phritigerne,</strong></span> <span class='ocrx_word' id='word_1_154' title='bbox 3790 1002 3987 1055; x_wconf 83' lang='lat' dir='ltr'><strong>bellum</strong></span> 
     </span>
    </p>
   </div>
   <div class='ocr_carea' id='block_1_25' title="bbox 2417 1097 3986 1168">
    <p class='ocr_par' dir='ltr' id='par_1_25' title="bbox 2417 1097 3986 1168">
     <span class='ocr_line' id='line_1_25' title="bbox 2417 1097 3986 1168; baseline -0.007 -10"><span class='ocrx_word' id='word_1_155' title='bbox 2417 1114 2603 1158; x_wconf 89' lang='lat' dir='ltr'><strong>contra</strong></span> <span class='ocrx_word' id='word_1_156' title='bbox 2623 1104 3005 1159; x_wconf 83' lang='lat' dir='ltr'><strong>Athanaricum</strong></span> <span class='ocrx_word' id='word_1_157' title='bbox 3037 1102 3274 1168; x_wconf 82' lang='lat' dir='ltr'><strong>suscepit</strong></span> <span class='ocrx_word' id='word_1_158' title='bbox 3304 1117 3316 1153; x_wconf 88' lang='lat'>:</span> <span class='ocrx_word' id='word_1_159' title='bbox 3347 1100 3593 1168; x_wconf 72' lang='lat' dir='ltr'><strong>quamvis</strong></span> <span class='ocrx_word' id='word_1_160' title='bbox 3619 1097 3748 1149; x_wconf 89' lang='lat' dir='ltr'><strong>illttd</strong></span> <span class='ocrx_word' id='word_1_161' title='bbox 3774 1111 3986 1167; x_wconf 79' lang='lat' dir='ltr'><strong>quoque</strong></span> 
     </span>
    </p>
   </div>
   <div class='ocr_carea' id='block_1_26' title="bbox 2419 1190 3987 1263">
    <p class='ocr_par' dir='ltr' id='par_1_26' title="bbox 2419 1190 3987 1263">
     <span class='ocr_line' id='line_1_26' title="bbox 2419 1190 3987 1263; baseline -0.009 -15"><span class='ocrx_word' id='word_1_162' title='bbox 2419 1194 2613 1249; x_wconf 86' lang='lat' dir='ltr'><strong>fecisse</strong></span> <span class='ocrx_word' id='word_1_163' title='bbox 2641 1196 2867 1263; x_wconf 77' lang='lat' dir='ltr'><strong>legatur,</strong></span> <span class='ocrx_word' id='word_1_164' title='bbox 2903 1194 3025 1263; x_wconf 89' lang='lat' dir='ltr'><strong>quia</strong></span> <span class='ocrx_word' id='word_1_165' title='bbox 3060 1193 3421 1246; x_wconf 80' lang='lat' dir='ltr'><strong>Athanaricus</strong></span> <span class='ocrx_word' id='word_1_166' title='bbox 3453 1190 3723 1257; x_wconf 85' lang='lat' dir='ltr'><strong>Procopio</strong></span> <span class='ocrx_word' id='word_1_167' title='bbox 3754 1199 3987 1255; x_wconf 75' lang='lat' dir='ltr'><strong>tyranno</strong></span> 
     </span>
    </p>
   </div>
   <div class='ocr_carea' id='block_1_27' title="bbox 2419 1278 3990 1340">
    <p class='ocr_par' dir='ltr' id='par_1_27' title="bbox 2419 1278 3990 1340">
     <span class='ocr_line' id='line_1_27' title="bbox 2419 1278 3990 1340; baseline -0.008 0"><span class='ocrx_word' id='word_1_168' title='bbox 2419 1286 2655 1340; x_wconf 88' lang='lat' dir='ltr'><strong>subsidia</strong></span> <span class='ocrx_word' id='word_1_169' title='bbox 2698 1293 2884 1339; x_wconf 88' lang='lat' dir='ltr'><strong>contra</strong></span> <span class='ocrx_word' id='word_1_170' title='bbox 2934 1283 3206 1337; x_wconf 77' lang='lat' dir='ltr'><strong>Valentem</strong></span> <span class='ocrx_word' id='word_1_171' title='bbox 3256 1283 3493 1335; x_wconf 82' lang='lat' dir='ltr'><strong>miserat.</strong></span> <span class='ocrx_word' id='word_1_172' title='bbox 3534 1280 3789 1333; x_wconf 78' lang='lat' dir='ltr'><strong>Fortasse</strong></span> <span class='ocrx_word' id='word_1_173' title='bbox 3830 1278 3990 1329; x_wconf 88' lang='lat' dir='ltr'><strong>Atha-</strong></span> 
     </span>
    </p>
   </div>
   <div class='ocr_carea' id='block_1_28' title="bbox 2419 1376 3987 1446">
    <p class='ocr_par' dir='ltr' id='par_1_28' title="bbox 2419 1376 3987 1446">
     <span class='ocr_line' id='line_1_28' title="bbox 2419 1376 3987 1446; baseline -0.008 -15"><span class='ocrx_word' id='word_1_174' title='bbox 2419 1378 2636 1431; x_wconf 89' lang='lat' dir='ltr'><strong>naricus</strong></span> <span class='ocrx_word' id='word_1_175' title='bbox 2672 1376 3064 1446; x_wconf 79' lang='lat' dir='ltr'><strong>Phritigernem</strong></span> <span class='ocrx_word' id='word_1_176' title='bbox 3087 1391 3367 1445; x_wconf 75' lang='lat' dir='ltr'><strong>aggressus</strong></span> <span class='ocrx_word' id='word_1_177' title='bbox 3392 1384 3470 1428; x_wconf 73' lang='grc' dir='ltr'><strong>ρει</strong></span> <span class='ocrx_word' id='word_1_178' title='bbox 3507 1382 3623 1441; x_wconf 87' lang='lat' dir='ltr'><strong>post</strong></span> <span class='ocrx_word' id='word_1_179' title='bbox 3650 1386 3841 1440; x_wconf 82' lang='lat' dir='ltr'><strong>pacein</strong></span> <span class='ocrx_word' id='word_1_180' title='bbox 3872 1386 3987 1420; x_wconf 84' lang='lat' dir='ltr'><strong>cum</strong></span> 
     </span>
    </p>
   </div>
   <div class='ocr_carea' id='block_1_29' title="bbox 2418 1459 3991 1531">
    <p class='ocr_par' dir='ltr' id='par_1_29' title="bbox 2418 1459 3991 1531">
     <span class='ocr_line' id='line_1_29' title="bbox 2418 1459 3991 1531; baseline -0.006 -13"><span class='ocrx_word' id='word_1_181' title='bbox 2418 1464 2641 1518; x_wconf 82' lang='lat' dir='ltr'><strong>Valente</strong></span> <span class='ocrx_word' id='word_1_182' title='bbox 2694 1466 2909 1520; x_wconf 84' lang='lat' dir='ltr'><strong>factam.</strong></span> <span class='ocrx_word' id='word_1_183' title='bbox 2970 1465 3242 1531; x_wconf 77' lang='lat' dir='ltr'><strong>Quidquid</strong></span> <span class='ocrx_word' id='word_1_184' title='bbox 3278 1464 3367 1526; x_wconf 89' lang='lat' dir='ltr'><strong>sit,</strong></span> <span class='ocrx_word' id='word_1_185' title='bbox 3414 1463 3635 1516; x_wconf 87' lang='lat' dir='ltr'><strong>dubium</strong></span> <span class='ocrx_word' id='word_1_186' title='bbox 3692 1459 3866 1527; x_wconf 77' lang='lat' dir='ltr'><strong>magis</strong></span> <span class='ocrx_word' id='word_1_187' title='bbox 3913 1468 3991 1509; x_wconf 78' lang='lat' dir='ltr'><strong>est</strong></span> 
     </span>
    </p>
   </div>
   <div class='ocr_carea' id='block_1_30' title="bbox 2418 1552 3989 1625">
    <p class='ocr_par' dir='ltr' id='par_1_30' title="bbox 2418 1552 3989 1625">
     <span class='ocr_line' id='line_1_30' title="bbox 2418 1552 3989 1625; baseline -0.006 -14"><span class='ocrx_word' id='word_1_188' title='bbox 2418 1558 2559 1611; x_wconf 82' lang='lat' dir='ltr'><strong>istud</strong></span> <span class='ocrx_word' id='word_1_189' title='bbox 2591 1558 2810 1621; x_wconf 87' lang='lat' dir='ltr'><strong>bellmn,</strong></span> <span class='ocrx_word' id='word_1_190' title='bbox 2841 1573 2997 1625; x_wconf 89' lang='lat' dir='ltr'><strong>quam</strong></span> <span class='ocrx_word' id='word_1_191' title='bbox 3034 1566 3181 1610; x_wconf 77' lang='lat' dir='ltr'><strong>certo</strong></span> <span class='ocrx_word' id='word_1_192' title='bbox 3216 1554 3482 1609; x_wconf 87' lang='lat' dir='ltr'><strong>fictitium.</strong></span> <span class='ocrx_word' id='word_1_193' title='bbox 3503 1552 3732 1620; x_wconf 83' lang='lat' dir='ltr'><strong>Reliqua</strong></span> <span class='ocrx_word' id='word_1_194' title='bbox 3760 1554 3811 1602; x_wconf 88' lang='lat' dir='ltr'><strong>in</strong></span> <span class='ocrx_word' id='word_1_195' title='bbox 3848 1552 3989 1602; x_wconf 80' lang='lat' dir='ltr'><strong>Actis</strong></span> 
     </span>
    </p>
   </div>
   <div class='ocr_carea' id='block_1_31' title="bbox 2420 1645 3989 1712">
    <p class='ocr_par' dir='ltr' id='par_1_31' title="bbox 2420 1645 3989 1712">
     <span class='ocr_line' id='line_1_31' title="bbox 2420 1645 3989 1712; baseline -0.004 -10"><span class='ocrx_word' id='word_1_196' title='bbox 2420 1650 2586 1703; x_wconf 85' lang='lat' dir='ltr'><strong>relata</strong></span> <span class='ocrx_word' id='word_1_197' title='bbox 2613 1651 2679 1701; x_wconf 89' lang='lat' dir='ltr'><strong>de</strong></span> <span class='ocrx_word' id='word_1_198' title='bbox 2706 1660 2894 1704; x_wconf 87' lang='lat' dir='ltr'><strong>sancto</strong></span> <span class='ocrx_word' id='word_1_199' title='bbox 2923 1648 3129 1712; x_wconf 87' lang='lat' dir='ltr'><strong>Niceta,</strong></span> <span class='ocrx_word' id='word_1_200' title='bbox 3185 1650 3311 1710; x_wconf 87' lang='lat' dir='ltr'><strong>licet</strong></span> <span class='ocrx_word' id='word_1_201' title='bbox 3372 1656 3475 1699; x_wconf 89' lang='lat' dir='ltr'><strong>tam</strong></span> <span class='ocrx_word' id='word_1_202' title='bbox 3525 1655 3671 1698; x_wconf 86' lang='lat' dir='ltr'><strong>certa</strong></span> <span class='ocrx_word' id='word_1_203' title='bbox 3727 1660 3834 1696; x_wconf 88' lang='lat' dir='ltr'><strong>non</strong></span> <span class='ocrx_word' id='word_1_204' title='bbox 3861 1645 3989 1705; x_wconf 80' lang='lat' dir='ltr'><strong>sint,</strong></span> 
     </span>
    </p>
   </div>
   <div class='ocr_carea' id='block_1_32' title="bbox 2420 1736 3990 1807">
    <p class='ocr_par' dir='ltr' id='par_1_32' title="bbox 2420 1736 3990 1807">
     <span class='ocr_line' id='line_1_32' title="bbox 2420 1736 3990 1807; baseline -0.008 -16"><span class='ocrx_word' id='word_1_205' title='bbox 2420 1754 2578 1807; x_wconf 89' lang='lat' dir='ltr'><strong>quam</strong></span> <span class='ocrx_word' id='word_1_206' title='bbox 2632 1738 2769 1792; x_wconf 80' lang='lat' dir='ltr'><strong>facta</strong></span> <span class='ocrx_word' id='word_1_207' title='bbox 2814 1739 2881 1793; x_wconf 87' lang='lat' dir='ltr'><strong>ab</strong></span> <span class='ocrx_word' id='word_1_208' title='bbox 2931 1748 3152 1792; x_wconf 88' lang='lat' dir='ltr'><strong>auctore</strong></span> <span class='ocrx_word' id='word_1_209' title='bbox 3174 1742 3711 1804; x_wconf 80' lang='lat' dir='ltr'><strong>comtcmpurataneo</strong></span> <span class='ocrx_word' id='word_1_210' title='bbox 3767 1736 3990 1799; x_wconf 77' lang='lat' dir='ltr'><strong>scripta,</strong></span> 
     </span>
    </p>
   </div>
   <div class='ocr_carea' id='block_1_33' title="bbox 747 1808 3985 1899">
    <p class='ocr_par' dir='ltr' id='par_1_33' title="bbox 747 1808 3985 1899">
     <span class='ocr_line' id='line_1_33' title="bbox 747 1808 3985 1899; baseline -0.001 -24"><span class='ocrx_word' id='word_1_211' title='bbox 747 1823 870 1876; x_wconf 85' lang='lat' dir='ltr'><strong>liter</strong></span> <span class='ocrx_word' id='word_1_212' title='bbox 908 1824 1094 1879; x_wconf 79' lang='lat' dir='ltr'><strong>habuit</strong></span> <span class='ocrx_word' id='word_1_213' title='bbox 1132 1828 1265 1879; x_wconf 83' lang='lat' dir='ltr'><strong>Acta</strong></span> <span class='ocrx_word' id='word_1_214' title='bbox 1309 1828 1634 1891; x_wconf 84' lang='lat' dir='ltr'><strong>antiquiora,</strong></span> <span class='ocrx_word' id='word_1_215' title='bbox 1666 1844 1784 1895; x_wconf 75' lang='lat' dir='ltr'><strong>qua:</strong></span> <span class='ocrx_word' id='word_1_216' title='bbox 1822 1829 1887 1881; x_wconf 81' lang='lat' dir='ltr'><strong>ad</strong></span> <span class='ocrx_word' id='word_1_217' title='bbox 1918 1828 2110 1899; x_wconf 74' lang='lat' dir='ltr'><strong>stylum</strong></span> <span class='ocrx_word' id='word_1_218' title='bbox 2158 1848 2314 1886; x_wconf 92' lang='lat' dir='ltr'><strong>suum</strong></span> <span class='ocrx_word' id='word_1_219' title='bbox 2350 1808 2386 1859; x_wconf 70' lang='grc' dir='ltr'><strong>Β</strong></span> <span class='ocrx_word' id='word_1_220' title='bbox 2419 1830 2577 1881; x_wconf 90' lang='lat' dir='ltr'><strong>modo</strong></span> <span class='ocrx_word' id='word_1_221' title='bbox 2631 1830 2759 1882; x_wconf 86' lang='lat' dir='ltr'><strong>satis</strong></span> <span class='ocrx_word' id='word_1_222' title='bbox 2808 1829 3084 1883; x_wconf 80' lang='lat' dir='ltr'><strong>verisimili</strong></span> <span class='ocrx_word' id='word_1_223' title='bbox 3131 1837 3257 1881; x_wconf 89' lang='lat' dir='ltr'><strong>sunt</strong></span> <span class='ocrx_word' id='word_1_224' title='bbox 3292 1836 3562 1880; x_wconf 81' lang='lat' dir='ltr'><strong>enarrata.</strong></span> <span class='ocrx_word' id='word_1_225' title='bbox 3618 1827 3752 1876; x_wconf 83' lang='lat' dir='ltr'><strong>Acta</strong></span> <span class='ocrx_word' id='word_1_226' title='bbox 3802 1834 3985 1875; x_wconf 85' lang='lat' dir='ltr'><strong>autem</strong></span> 
     </span>
    </p>
   </div>
   <div class='ocr_carea' id='block_1_34' title="bbox 749 1914 2324 1987">
    <p class='ocr_par' dir='ltr' id='par_1_34' title="bbox 749 1914 2319 1987">
     <span class='ocr_line' id='line_1_34' title="bbox 749 1914 2319 1987; baseline 0.008 -21"><span class='ocrx_word' id='word_1_227' title='bbox 749 1914 1003 1967; x_wconf 77' lang='lat' dir='ltr'><strong>traduxit.</strong></span> <span class='ocrx_word' id='word_1_228' title='bbox 1065 1916 1251 1966; x_wconf 88' lang='lat' dir='ltr'><strong>Latine</strong></span> <span class='ocrx_word' id='word_1_229' title='bbox 1302 1917 1445 1969; x_wconf 88' lang='lat' dir='ltr'><strong>edita</strong></span> <span class='ocrx_word' id='word_1_230' title='bbox 1499 1926 1625 1969; x_wconf 88' lang='lat' dir='ltr'><strong>sunt</strong></span> <span class='ocrx_word' id='word_1_231' title='bbox 1678 1921 1819 1987; x_wconf 91' lang='lat' dir='ltr'><strong>apud</strong></span> <span class='ocrx_word' id='word_1_232' title='bbox 1858 1919 2215 1987; x_wconf 81' lang='lat' dir='ltr'><strong>Llpomanuin</strong></span> <span class='ocrx_word' id='word_1_233' title='bbox 2266 1935 2319 1979; x_wconf 86' lang='lat' dir='ltr'><strong>et</strong></span> 
     </span>
    </p>
   </div>
   <div class='ocr_carea' id='block_1_35' title="bbox 2425 1914 3995 1987">
    <p class='ocr_par' dir='ltr' id='par_1_35' title="bbox 2425 1918 3995 1987">
     <span class='ocr_line' id='line_1_35' title="bbox 2425 1918 3995 1987; baseline -0.005 -15"><span class='ocrx_word' id='word_1_234' title='bbox 2425 1920 2501 1972; x_wconf 81' lang='lat' dir='ltr'><strong>illa</strong></span> <span class='ocrx_word' id='word_1_235' title='bbox 2533 1920 2738 1982; x_wconf 59' lang='lat' dir='ltr'><strong>Graeca,</strong></span> <span class='ocrx_word' id='word_1_236' title='bbox 2772 1936 2888 1987; x_wconf 81' lang='lat' dir='ltr'><strong>quae</strong></span> <span class='ocrx_word' id='word_1_237' title='bbox 2919 1920 3129 1978; x_wconf 88' lang='lat' dir='ltr'><strong>eadem,</strong></span> <span class='ocrx_word' id='word_1_238' title='bbox 3157 1919 3207 1970; x_wconf 92' lang='lat' dir='ltr'><strong>in</strong></span> <span class='ocrx_word' id='word_1_239' title='bbox 3235 1918 3545 1986; x_wconf 80' lang='lat' dir='ltr'><strong>apographo</strong></span> <span class='ocrx_word' id='word_1_240' title='bbox 3579 1919 3765 1968; x_wconf 77' lang='lat' dir='ltr'><strong>nostro</strong></span> <span class='ocrx_word' id='word_1_241' title='bbox 3795 1924 3995 1967; x_wconf 77' lang='lat' dir='ltr'><strong>notan-</strong></span> 
     </span>
    </p>
   </div>
   <div class='ocr_carea' id='block_1_36' title="bbox 750 2002 2321 2083">
    <p class='ocr_par' dir='ltr' id='par_1_36' title="bbox 750 2002 2321 2083">
     <span class='ocr_line' id='line_1_36' title="bbox 750 2002 2321 2083; baseline 0.008 -28"><span class='ocrx_word' id='word_1_242' title='bbox 750 2002 996 2071; x_wconf 86' lang='lat' dir='ltr'><strong>Surium,</strong></span> <span class='ocrx_word' id='word_1_243' title='bbox 1028 2005 1208 2073; x_wconf 85' lang='lat' dir='ltr'><strong>ibique</strong></span> <span class='ocrx_word' id='word_1_244' title='bbox 1244 2007 1588 2077; x_wconf 74' lang='lat' dir='ltr'><strong>Metaphrasti</strong></span> <span class='ocrx_word' id='word_1_245' title='bbox 1635 2012 1889 2078; x_wconf 86' lang='lat' dir='ltr'><strong>ascripta.</strong></span> <span class='ocrx_word' id='word_1_246' title='bbox 1930 2011 2153 2066; x_wconf 88' lang='lat' dir='ltr'><strong>Allatius</strong></span> <span class='ocrx_word' id='word_1_247' title='bbox 2183 2031 2321 2083; x_wconf 87' lang='lat' dir='ltr'><strong>quu-</strong></span> 
     </span>
    </p>
   </div>
   <div class='ocr_carea' id='block_1_37' title="bbox 749 2096 2320 2176">
    <p class='ocr_par' dir='ltr' id='par_1_37' title="bbox 749 2096 2320 2176">
     <span class='ocr_line' id='line_1_37' title="bbox 749 2096 2320 2176; baseline 0.008 -27"><span class='ocrx_word' id='word_1_248' title='bbox 749 2111 853 2164; x_wconf 87' lang='lat' dir='ltr'><strong>que</strong></span> <span class='ocrx_word' id='word_1_249' title='bbox 892 2096 944 2150; x_wconf 81' lang='lat' dir='ltr'><strong>in</strong></span> <span class='ocrx_word' id='word_1_250' title='bbox 980 2096 1254 2166; x_wconf 82' lang='lat' dir='ltr'><strong>Opusculu</strong></span> <span class='ocrx_word' id='word_1_251' title='bbox 1287 2102 1351 2154; x_wconf 87' lang='lat' dir='ltr'><strong>de</strong></span> <span class='ocrx_word' id='word_1_252' title='bbox 1394 2100 1707 2154; x_wconf 88' lang='lat' dir='ltr'><strong>Simeouum</strong></span> <span class='ocrx_word' id='word_1_253' title='bbox 1756 2102 1993 2170; x_wconf 85' lang='lat' dir='ltr'><strong>scriptis,</strong></span> <span class='ocrx_word' id='word_1_254' title='bbox 2039 2121 2157 2176; x_wconf 74' lang='lat' dir='ltr'><strong>pag.</strong></span> <span class='ocrx_word' id='word_1_255' title='bbox 2200 2109 2320 2171; x_wconf 71' lang='lat'><strong>1‘27.</strong></span> 
     </span>
    </p>
   </div>
   <div class='ocr_carea' id='block_1_38' title="bbox 755 2186 2323 2264">
    <p class='ocr_par' dir='ltr' id='par_1_38' title="bbox 755 2186 2323 2264">
     <span class='ocr_line' id='line_1_38' title="bbox 755 2186 2323 2264; baseline 0.009 -27"><span class='ocrx_word' id='word_1_256' title='bbox 755 2186 949 2239; x_wconf 86' lang='lat' dir='ltr'><strong>borum</strong></span> <span class='ocrx_word' id='word_1_257' title='bbox 996 2189 1252 2241; x_wconf 78' lang='lat' dir='ltr'><strong>Actorum</strong></span> <span class='ocrx_word' id='word_1_258' title='bbox 1283 2189 1374 2242; x_wconf 86' lang='lat' dir='ltr'><strong>dat</strong></span> <span class='ocrx_word' id='word_1_259' title='bbox 1416 2188 1652 2254; x_wconf 87' lang='lat' dir='ltr'><strong>initium,</strong></span> <span class='ocrx_word' id='word_1_260' title='bbox 1692 2202 2048 2261; x_wconf 72' lang='lat' dir='ltr'><strong>aggregatque</strong></span> <span class='ocrx_word' id='word_1_261' title='bbox 2083 2197 2323 2264; x_wconf 81' lang='lat' dir='ltr'><strong>catalogo</strong></span> 
     </span>
    </p>
   </div>
   <div class='ocr_carea' id='block_1_39' title="bbox 755 2277 2325 2349">
    <p class='ocr_par' dir='ltr' id='par_1_39' title="bbox 755 2277 2325 2349">
     <span class='ocr_line' id='line_1_39' title="bbox 755 2277 2325 2349; baseline 0.007 -19"><span class='ocrx_word' id='word_1_262' title='bbox 755 2277 993 2341; x_wconf 83' lang='lat' dir='ltr'><strong>illorum,</strong></span> <span class='ocrx_word' id='word_1_263' title='bbox 1023 2296 1140 2347; x_wconf 62' lang='lat' dir='ltr'><strong>quae</strong></span> <span class='ocrx_word' id='word_1_264' title='bbox 1179 2279 1559 2349; x_wconf 80' lang='lat' dir='ltr'><strong>Metaphrastis</strong></span> <span class='ocrx_word' id='word_1_265' title='bbox 1591 2297 1711 2334; x_wconf 81' lang='lat' dir='ltr'><strong>esse</strong></span> <span class='ocrx_word' id='word_1_266' title='bbox 1752 2284 2025 2338; x_wconf 84' lang='lat' dir='ltr'><strong>videntur.</strong></span> <span class='ocrx_word' id='word_1_267' title='bbox 2071 2281 2325 2341; x_wconf 68' lang='lat' dir='ltr'><strong>fiailletus</strong></span> 
     </span>
    </p>
   </div>
   <div class='ocr_carea' id='block_1_40' title="bbox 751 2366 2319 2437">
    <p class='ocr_par' dir='ltr' id='par_1_40' title="bbox 751 2366 2319 2437">
     <span class='ocr_line' id='line_1_40' title="bbox 751 2366 2319 2437; baseline 0.006 -18"><span class='ocrx_word' id='word_1_268' title='bbox 751 2366 805 2419; x_wconf 87' lang='lat' dir='ltr'><strong>in</strong></span> <span class='ocrx_word' id='word_1_269' title='bbox 847 2368 1020 2422; x_wconf 87' lang='lat' dir='ltr'><strong>tabula</strong></span> <span class='ocrx_word' id='word_1_270' title='bbox 1062 2370 1241 2424; x_wconf 87' lang='lat' dir='ltr'><strong>critica</strong></span> <span class='ocrx_word' id='word_1_271' title='bbox 1278 2370 1343 2423; x_wconf 89' lang='lat' dir='ltr'><strong>ad</strong></span> <span class='ocrx_word' id='word_1_272' title='bbox 1381 2372 1523 2423; x_wconf 86' lang='lat' dir='ltr'><strong>hunc</strong></span> <span class='ocrx_word' id='word_1_273' title='bbox 1555 2370 1696 2423; x_wconf 90' lang='lat' dir='ltr'><strong>diem</strong></span> <span class='ocrx_word' id='word_1_274' title='bbox 1739 2372 2014 2437; x_wconf 76' lang='lat' dir='ltr'><strong>observat,</strong></span> <span class='ocrx_word' id='word_1_275' title='bbox 2046 2375 2149 2427; x_wconf 89' lang='lat' dir='ltr'><strong>alia</strong></span> <span class='ocrx_word' id='word_1_276' title='bbox 2185 2378 2319 2429; x_wconf 93' lang='lat' dir='ltr'><strong>olim</strong></span> 
     </span>
    </p>
   </div>
   <div class='ocr_carea' id='block_1_41' title="bbox 752 2459 2327 2532">
    <p class='ocr_par' dir='ltr' id='par_1_41' title="bbox 752 2459 2327 2532">
     <span class='ocr_line' id='line_1_41' title="bbox 752 2459 2327 2532; baseline 0.005 -23"><span class='ocrx_word' id='word_1_277' title='bbox 752 2460 883 2511; x_wconf 81' lang='lat' dir='ltr'><strong>Acta</strong></span> <span class='ocrx_word' id='word_1_278' title='bbox 925 2460 1094 2512; x_wconf 83' lang='lat' dir='ltr'><strong>sancti</strong></span> <span class='ocrx_word' id='word_1_279' title='bbox 1138 2459 1337 2514; x_wconf 68' lang='lat' dir='ltr'><strong>Nicetaa</strong></span> <span class='ocrx_word' id='word_1_280' title='bbox 1363 2460 1655 2523; x_wconf 79' lang='lat' dir='ltr'><strong>exstitisse,</strong></span> <span class='ocrx_word' id='word_1_281' title='bbox 1684 2460 1776 2513; x_wconf 91' lang='lat' dir='ltr'><strong>sed</strong></span> <span class='ocrx_word' id='word_1_282' title='bbox 1809 2476 1871 2513; x_wconf 81' lang='lat' dir='ltr'><strong>ea</strong></span> <span class='ocrx_word' id='word_1_283' title='bbox 1916 2470 2168 2529; x_wconf 81' lang='lat' dir='ltr'><strong>tanquam</strong></span> <span class='ocrx_word' id='word_1_284' title='bbox 2206 2480 2327 2532; x_wconf 58' lang='lat' dir='ltr'><strong>perv</strong></span> 
     </span>
    </p>
   </div>
   <div class='ocr_carea' id='block_1_42' title="bbox 754 2549 2323 2623">
    <p class='ocr_par' dir='ltr' id='par_1_42' title="bbox 754 2549 2323 2623">
     <span class='ocr_line' id='line_1_42' title="bbox 754 2549 2323 2623; baseline 0.005 -23"><span class='ocrx_word' id='word_1_285' title='bbox 754 2549 867 2601; x_wconf 88' lang='lat' dir='ltr'><strong>dita</strong></span> <span class='ocrx_word' id='word_1_286' title='bbox 913 2549 1097 2603; x_wconf 88' lang='lat' dir='ltr'><strong>haberi</strong></span> <span class='ocrx_word' id='word_1_287' title='bbox 1157 2566 1333 2618; x_wconf 88' lang='lat' dir='ltr'><strong>posse,</strong></span> <span class='ocrx_word' id='word_1_288' title='bbox 1391 2560 1671 2619; x_wconf 87' lang='lat' dir='ltr'><strong>postquam</strong></span> <span class='ocrx_word' id='word_1_289' title='bbox 1729 2550 1818 2603; x_wconf 90' lang='lat' dir='ltr'><strong>illa</strong></span> <span class='ocrx_word' id='word_1_290' title='bbox 1853 2567 1952 2606; x_wconf 92' lang='lat' dir='ltr'><strong>suo</strong></span> <span class='ocrx_word' id='word_1_291' title='bbox 2000 2556 2135 2623; x_wconf 88' lang='lat' dir='ltr'><strong>ston</strong></span> <span class='ocrx_word' id='word_1_292' title='bbox 2164 2571 2323 2608; x_wconf 76' lang='lat' dir='ltr'><strong>exor-</strong></span> 
     </span>
    </p>
   </div>
   <div class='ocr_carea' id='block_1_43' title="bbox 756 2640 2326 2715">
    <p class='ocr_par' dir='ltr' id='par_1_43' title="bbox 756 2640 2326 2715">
     <span class='ocr_line' id='line_1_43' title="bbox 756 2640 2326 2715; baseline 0.007 -23"><span class='ocrx_word' id='word_1_293' title='bbox 756 2640 935 2694; x_wconf 88' lang='lat' dir='ltr'><strong>nanda</strong></span> <span class='ocrx_word' id='word_1_294' title='bbox 986 2643 1221 2710; x_wconf 78' lang='lat' dir='ltr'><strong>suscepit</strong></span> <span class='ocrx_word' id='word_1_295' title='bbox 1268 2643 1686 2712; x_wconf 86' lang='lat' dir='ltr'><strong>Metaphrastes.</strong></span> <span class='ocrx_word' id='word_1_296' title='bbox 1735 2642 1933 2698; x_wconf 84' lang='lat' dir='ltr'><strong>Verum</strong></span> <span class='ocrx_word' id='word_1_297' title='bbox 1972 2648 2120 2715; x_wconf 90' lang='lat' dir='ltr'><strong>justo</strong></span> <span class='ocrx_word' id='word_1_298' title='bbox 2163 2650 2326 2703; x_wconf 86' lang='lat' dir='ltr'><strong>vehe-</strong></span> 
     </span>
    </p>
   </div>
   <div class='ocr_carea' id='block_1_44' title="bbox 754 2730 2321 2805">
    <p class='ocr_par' dir='ltr' id='par_1_44' title="bbox 754 2730 2321 2805">
     <span class='ocr_line' id='line_1_44' title="bbox 754 2730 2321 2805; baseline 0.008 -24"><span class='ocrx_word' id='word_1_299' title='bbox 754 2730 988 2785; x_wconf 87' lang='lat' dir='ltr'><strong>mentior</strong></span> <span class='ocrx_word' id='word_1_300' title='bbox 1012 2732 1226 2787; x_wconf 85' lang='lat' dir='ltr'><strong>videtur</strong></span> <span class='ocrx_word' id='word_1_301' title='bbox 1249 2733 1362 2789; x_wconf 79' lang='lat' dir='ltr'><strong>haec</strong></span> <span class='ocrx_word' id='word_1_302' title='bbox 1388 2750 1638 2801; x_wconf 84' lang='lat' dir='ltr'><strong>censura,</strong></span> <span class='ocrx_word' id='word_1_303' title='bbox 1659 2751 1776 2805; x_wconf 67' lang='lat' dir='ltr'><strong>qua:</strong></span> <span class='ocrx_word' id='word_1_304' title='bbox 1807 2735 1943 2791; x_wconf 84' lang='lat' dir='ltr'><strong>forte</strong></span> <span class='ocrx_word' id='word_1_305' title='bbox 1966 2754 2073 2792; x_wconf 91' lang='lat' dir='ltr'><strong>non</strong></span> <span class='ocrx_word' id='word_1_306' title='bbox 2105 2740 2321 2793; x_wconf 86' lang='lat' dir='ltr'><strong>aliunde</strong></span> 
     </span>
    </p>
   </div>
   <div class='ocr_carea' id='block_1_45' title="bbox 2422 2005 3995 2077">
    <p class='ocr_par' dir='ltr' id='par_1_45' title="bbox 2422 2005 3995 2077">
     <span class='ocr_line' id='line_1_45' title="bbox 2422 2005 3995 2077; baseline -0.004 -15"><span class='ocrx_word' id='word_1_307' title='bbox 2422 2020 2509 2062; x_wconf 92' lang='lat' dir='ltr'><strong>tur</strong></span> <span class='ocrx_word' id='word_1_308' title='bbox 2541 2012 2821 2077; x_wconf 75' lang='lat' dir='ltr'><strong>desumpta</strong></span> <span class='ocrx_word' id='word_1_309' title='bbox 2877 2025 2940 2064; x_wconf 82' lang='lat' dir='ltr'><strong>ex</strong></span> <span class='ocrx_word' id='word_1_310' title='bbox 2986 2010 3169 2063; x_wconf 87' lang='lat' dir='ltr'><strong>codice</strong></span> <span class='ocrx_word' id='word_1_311' title='bbox 3202 2023 3303 2062; x_wconf 89' lang='lat' dir='ltr'><strong>ms.</strong></span> <span class='ocrx_word' id='word_1_312' title='bbox 3338 2009 3475 2077; x_wconf 79' lang='lat' dir='ltr'><strong>regis</strong></span> <span class='ocrx_word' id='word_1_313' title='bbox 3511 2006 3772 2061; x_wconf 71' lang='lat' dir='ltr'><strong>Francize.</strong></span> <span class='ocrx_word' id='word_1_314' title='bbox 3830 2005 3995 2057; x_wconf 81' lang='lat' dir='ltr'><strong>luter-</strong></span> 
     </span>
    </p>
   </div>
   <div class='ocr_carea' id='block_1_46' title="bbox 2419 2097 3998 2171">
    <p class='ocr_par' dir='ltr' id='par_1_46' title="bbox 2419 2097 3998 2171">
     <span class='ocr_line' id='line_1_46' title="bbox 2419 2097 3998 2171; baseline -0.004 -18"><span class='ocrx_word' id='word_1_315' title='bbox 2419 2101 2649 2170; x_wconf 76' lang='lat' dir='ltr'><strong>pretatio</strong></span> <span class='ocrx_word' id='word_1_316' title='bbox 2678 2100 2863 2155; x_wconf 88' lang='lat' dir='ltr'><strong>Latina</strong></span> <span class='ocrx_word' id='word_1_317' title='bbox 2895 2101 3033 2170; x_wconf 87' lang='lat' dir='ltr'><strong>apud</strong></span> <span class='ocrx_word' id='word_1_318' title='bbox 3067 2099 3424 2171; x_wconf 85' lang='lat' dir='ltr'><strong>Lipomanum</strong></span> <span class='ocrx_word' id='word_1_319' title='bbox 3461 2105 3516 2151; x_wconf 89' lang='lat' dir='ltr'><strong>et</strong></span> <span class='ocrx_word' id='word_1_320' title='bbox 3554 2097 3775 2149; x_wconf 86' lang='lat' dir='ltr'><strong>Surium</strong></span> <span class='ocrx_word' id='word_1_321' title='bbox 3811 2097 3998 2149; x_wconf 63' lang='lat' dir='ltr'><strong>Cnet-0</strong></span> 
     </span>
    </p>
   </div>
   <div class='ocr_carea' id='block_1_47' title="bbox 2422 2190 3996 2262">
    <p class='ocr_par' dir='ltr' id='par_1_47' title="bbox 2422 2190 3996 2262">
     <span class='ocr_line' id='line_1_47' title="bbox 2422 2190 3996 2262; baseline -0.005 -15"><span class='ocrx_word' id='word_1_322' title='bbox 2422 2193 2699 2247; x_wconf 83' lang='lat' dir='ltr'><strong>contextui</strong></span> <span class='ocrx_word' id='word_1_323' title='bbox 2774 2194 3090 2262; x_wconf 83' lang='lat' dir='ltr'><strong>plerumque</strong></span> <span class='ocrx_word' id='word_1_324' title='bbox 3152 2193 3461 2260; x_wconf 80' lang='lat' dir='ltr'><strong>respondet,</strong></span> <span class='ocrx_word' id='word_1_325' title='bbox 3512 2206 3619 2243; x_wconf 90' lang='lat' dir='ltr'><strong>non</strong></span> <span class='ocrx_word' id='word_1_326' title='bbox 3692 2197 3878 2241; x_wconf 83' lang='lat' dir='ltr'><strong>tamen</strong></span> <span class='ocrx_word' id='word_1_327' title='bbox 3930 2190 3996 2239; x_wconf 85' lang='lat' dir='ltr'><strong>ita</strong></span> 
     </span>
    </p>
   </div>
   <div class='ocr_carea' id='block_1_48' title="bbox 2425 2278 3997 2353">
    <p class='ocr_par' dir='ltr' id='par_1_48' title="bbox 2425 2278 3997 2353">
     <span class='ocr_line' id='line_1_48' title="bbox 2425 2278 3997 2353; baseline -0.004 -16"><span class='ocrx_word' id='word_1_328' title='bbox 2425 2299 2642 2353; x_wconf 87' lang='lat' dir='ltr'><strong>semper</strong></span> <span class='ocrx_word' id='word_1_329' title='bbox 2688 2296 2769 2337; x_wconf 84' lang='lat' dir='ltr'><strong>est</strong></span> <span class='ocrx_word' id='word_1_330' title='bbox 2819 2294 3087 2345; x_wconf 86' lang='lat' dir='ltr'><strong>accurata,</strong></span> <span class='ocrx_word' id='word_1_331' title='bbox 3126 2293 3184 2337; x_wconf 88' lang='lat' dir='ltr'><strong>ut</strong></span> <span class='ocrx_word' id='word_1_332' title='bbox 3236 2293 3464 2352; x_wconf 86' lang='lat' dir='ltr'><strong>nequeat</strong></span> <span class='ocrx_word' id='word_1_333' title='bbox 3509 2281 3813 2335; x_wconf 85' lang='lat' dir='ltr'><strong>emendari.</strong></span> <span class='ocrx_word' id='word_1_334' title='bbox 3870 2278 3997 2332; x_wconf 71' lang='lat' dir='ltr'><strong>Nam</strong></span> 
     </span>
    </p>
   </div>
   <div class='ocr_carea' id='block_1_49' title="bbox 2421 2373 3993 2446">
    <p class='ocr_par' dir='ltr' id='par_1_49' title="bbox 2421 2373 3993 2446">
     <span class='ocr_line' id='line_1_49' title="bbox 2421 2373 3993 2446; baseline -0.004 -17"><span class='ocrx_word' id='word_1_335' title='bbox 2421 2376 2648 2430; x_wconf 89' lang='lat' dir='ltr'><strong>subinde</strong></span> <span class='ocrx_word' id='word_1_336' title='bbox 2684 2376 2861 2445; x_wconf 85' lang='lat' dir='ltr'><strong>aliqua</strong></span> <span class='ocrx_word' id='word_1_337' title='bbox 2895 2378 3053 2429; x_wconf 80' lang='lat' dir='ltr'><strong>verba</strong></span> <span class='ocrx_word' id='word_1_338' title='bbox 3103 2391 3324 2446; x_wconf 89' lang='lat' dir='ltr'><strong>prorsus</strong></span> <span class='ocrx_word' id='word_1_339' title='bbox 3369 2375 3555 2429; x_wconf 83' lang='lat' dir='ltr'><strong>Latine</strong></span> <span class='ocrx_word' id='word_1_340' title='bbox 3603 2384 3732 2425; x_wconf 89' lang='lat' dir='ltr'><strong>sunt</strong></span> <span class='ocrx_word' id='word_1_341' title='bbox 3774 2373 3993 2429; x_wconf 83' lang='lat' dir='ltr'><strong>omissa.</strong></span> 
     </span>
    </p>
   </div>
   <div class='ocr_carea' id='block_1_50' title="bbox 2424 2464 3997 2538">
    <p class='ocr_par' dir='ltr' id='par_1_50' title="bbox 2424 2464 3997 2538">
     <span class='ocr_line' id='line_1_50' title="bbox 2424 2464 3997 2538; baseline -0.005 -16"><span class='ocrx_word' id='word_1_342' title='bbox 2424 2484 2544 2538; x_wconf 61' lang='lat' dir='ltr'><strong>quae</strong></span> <span class='ocrx_word' id='word_1_343' title='bbox 2596 2472 2896 2523; x_wconf 85' lang='lat' dir='ltr'><strong>secundum</strong></span> <span class='ocrx_word' id='word_1_344' title='bbox 2957 2470 3139 2525; x_wconf 63' lang='lat' dir='ltr'><strong>Graeca</strong></span> <span class='ocrx_word' id='word_1_345' title='bbox 3187 2470 3493 2538; x_wconf 79' lang='lat' dir='ltr'><strong>adjnngam.</strong></span> <span class='ocrx_word' id='word_1_346' title='bbox 3550 2464 3733 2519; x_wconf 91' lang='lat' dir='ltr'><strong>Semel</strong></span> <span class='ocrx_word' id='word_1_347' title='bbox 3806 2465 3997 2515; x_wconf 86' lang='lat' dir='ltr'><strong>iterum</strong></span> 
     </span>
    </p>
   </div>
   <div class='ocr_carea' id='block_1_51' title="bbox 2422 2557 4001 2629">
    <p class='ocr_par' dir='ltr' id='par_1_51' title="bbox 2422 2557 4001 2629">
     <span class='ocr_line' id='line_1_51' title="bbox 2422 2557 4001 2629; baseline -0.006 -12"><span class='ocrx_word' id='word_1_348' title='bbox 2422 2562 2697 2629; x_wconf 88' lang='lat' dir='ltr'><strong>interpres</strong></span> <span class='ocrx_word' id='word_1_349' title='bbox 2729 2578 2758 2614; x_wconf 90' lang='lat' dir='ltr'><strong>a</strong></span> <span class='ocrx_word' id='word_1_350' title='bbox 2803 2578 2926 2614; x_wconf 72' lang='lat' dir='ltr'><strong>vero</strong></span> <span class='ocrx_word' id='word_1_351' title='bbox 2961 2578 3126 2615; x_wconf 90' lang='lat' dir='ltr'><strong>sensu</strong></span> <span class='ocrx_word' id='word_1_352' title='bbox 3160 2564 3439 2614; x_wconf 83' lang='lat' dir='ltr'><strong>aberrasse</strong></span> <span class='ocrx_word' id='word_1_353' title='bbox 3471 2559 3726 2621; x_wconf 75' lang='lat' dir='ltr'><strong>videtur;</strong></span> <span class='ocrx_word' id='word_1_354' title='bbox 3776 2557 4001 2623; x_wconf 83' lang='lat' dir='ltr'><strong>ideoque</strong></span> 
     </span>
    </p>
   </div>
   <div class='ocr_carea' id='block_1_52' title="bbox 2429 2650 3994 2719">
    <p class='ocr_par' dir='ltr' id='par_1_52' title="bbox 2429 2650 3994 2719">
     <span class='ocr_line' id='line_1_52' title="bbox 2429 2650 3994 2719; baseline -0.004 -16"><span class='ocrx_word' id='word_1_355' title='bbox 2429 2666 2610 2703; x_wconf 86' lang='lat' dir='ltr'><strong>veram</strong></span> <span class='ocrx_word' id='word_1_356' title='bbox 2644 2650 3144 2719; x_wconf 75' lang='lat' dir='ltr'><strong>interprctationem</strong></span> <span class='ocrx_word' id='word_1_357' title='bbox 3191 2650 3538 2704; x_wconf 81' lang='lat' dir='ltr'><strong>substituam.</strong></span> <span class='ocrx_word' id='word_1_358' title='bbox 3574 2659 3791 2701; x_wconf 75' lang='lat' dir='ltr'><strong>servata</strong></span> <span class='ocrx_word' id='word_1_359' title='bbox 3824 2657 3994 2700; x_wconf 81' lang='lat' dir='ltr'><strong>tamen</strong></span> 
     </span>
    </p>
   </div>
   <div class='ocr_carea' id='block_1_53' title="bbox 2428 2740 3933 2811">
    <p class='ocr_par' dir='ltr' id='par_1_53' title="bbox 2428 2740 3933 2811">
     <span class='ocr_line' id='line_1_53' title="bbox 2428 2740 3933 2811; baseline -0.002 -17"><span class='ocrx_word' id='word_1_360' title='bbox 2428 2743 2649 2811; x_wconf 89' lang='lat' dir='ltr'><strong>antiqua</strong></span> <span class='ocrx_word' id='word_1_361' title='bbox 2684 2744 2949 2805; x_wconf 80' lang='lat' dir='ltr'><strong>versione,</strong></span> <span class='ocrx_word' id='word_1_362' title='bbox 2996 2743 3320 2811; x_wconf 81' lang='lat' dir='ltr'><strong>ubicumque</strong></span> <span class='ocrx_word' id='word_1_363' title='bbox 3355 2741 3629 2795; x_wconf 66' lang='lat' dir='ltr'><strong>videbitur</strong></span> <span class='ocrx_word' id='word_1_364' title='bbox 3663 2740 3933 2811; x_wconf 78' lang='lat' dir='ltr'><strong>legitima.</strong></span> 
     </span>
    </p>
   </div>
   <div class='ocr_carea' id='block_1_54' title="bbox 1962 3074 2771 3191">
    <p class='ocr_par' dir='ltr' id='par_1_54' title="bbox 1962 3074 2771 3191">
     <span class='ocr_line' id='line_1_54' title="bbox 1962 3074 2771 3191; baseline 0.002 -2"><span class='ocrx_word' id='word_1_365' title='bbox 1962 3074 2771 3191; x_wconf 84' lang='grc' dir='ltr'><strong>ΑΘΛΗΣΙΣ</strong></span> 
     </span>
    </p>
   </div>
   <div class='ocr_carea' id='block_1_55' title="bbox 2192 3293 2576 3350">
    <p class='ocr_par' dir='ltr' id='par_1_55' title="bbox 2192 3293 2576 3350">
     <span class='ocr_line' id='line_1_55' title="bbox 2192 3293 2576 3350; baseline 0.008 -4"><span class='ocrx_word' id='word_1_366' title='bbox 2192 3293 2327 3347; x_wconf 84' lang='grc' dir='ltr'><strong>ΤΟΥ</strong></span> <span class='ocrx_word' id='word_1_367' title='bbox 2373 3294 2576 3350; x_wconf 79' lang='grc' dir='ltr'><strong>ΔΠοΥ</strong></span> 
     </span>
    </p>
   </div>
   <div class='ocr_carea' id='block_1_56' title="bbox 1180 3456 3594 3597">
    <p class='ocr_par' dir='ltr' id='par_1_56' title="bbox 1180 3456 3594 3597">
     <span class='ocr_line' id='line_1_56' title="bbox 1180 3456 3594 3597; baseline -0.006 0"><span class='ocrx_word' id='word_1_368' title='bbox 1180 3461 2779 3597; x_wconf 85' lang='grc' dir='ltr'><strong>ΜΕΓΑΛΟΜΑΡΤΥΡΟΣ</strong></span> <span class='ocrx_word' id='word_1_369' title='bbox 2908 3456 3594 3591; x_wconf 82' lang='grc' dir='ltr'><strong>ΝΙΚΗΤΑ.</strong></span> 
     </span>
    </p>
   </div>
   <div class='ocr_carea' id='block_1_57' title="bbox 1983 3872 2751 3990">
    <p class='ocr_par' dir='ltr' id='par_1_57' title="bbox 1983 3872 2751 3990">
     <span class='ocr_line' id='line_1_57' title="bbox 1983 3872 2751 3990; baseline -0.007 0"><span class='ocrx_word' id='word_1_370' title='bbox 1983 3872 2751 3990; x_wconf 83' lang='lat' dir='ltr'><strong>CERTAMEN</strong></span> 
     </span>
    </p>
   </div>
   <div class='ocr_carea' id='block_1_58' title="bbox 2260 4091 2529 4153">
    <p class='ocr_par' dir='ltr' id='par_1_58' title="bbox 2260 4091 2529 4153">
     <span class='ocr_line' id='line_1_58' title="bbox 2260 4091 2529 4153; baseline -0.007 0"><span class='ocrx_word' id='word_1_371' title='bbox 2260 4091 2529 4153; x_wconf 86' lang='lat' dir='ltr'><strong>SANCTI</strong></span> 
     </span>
    </p>
   </div>
   <div class='ocr_carea' id='block_1_59' title="bbox 763 4281 3990 4445">
    <p class='ocr_par' dir='ltr' id='par_1_59' title="bbox 763 4281 3990 4445">
     <span class='ocr_line' id='line_1_59' title="bbox 763 4281 3990 4445; baseline -0.002 -4"><span class='ocrx_word' id='word_1_372' title='bbox 763 4293 1011 4443; x_wconf 89' lang='lat' dir='ltr'><strong>ET</strong></span> <span class='ocrx_word' id='word_1_373' title='bbox 1207 4281 1818 4445; x_wconf 87' lang='lat' dir='ltr'><strong>MAGNI</strong></span> <span class='ocrx_word' id='word_1_374' title='bbox 2012 4282 2999 4442; x_wconf 80' lang='lat' dir='ltr'><strong>MARTYRIS</strong></span> <span class='ocrx_word' id='word_1_375' title='bbox 3186 4287 3990 4442; x_wconf 74' lang='lat' dir='ltr'><strong>NlCET/E.</strong></span> 
     </span>
    </p>
   </div>
   <div class='ocr_carea' id='block_1_60' title="bbox 834 4748 2324 4822">
    <p class='ocr_par' dir='ltr' id='par_1_60' title="bbox 834 4748 2324 4820">
     <span class='ocr_line' id='line_1_60' title="bbox 834 4748 2324 4820; baseline -0.003 -15"><span class='ocrx_word' id='word_1_376' title='bbox 834 4760 882 4811; x_wconf 84' lang='lat'><strong>1.</strong></span> <span class='ocrx_word' id='word_1_377' title='bbox 928 4750 1185 4808; x_wconf 74' lang='lat' dir='ltr'><strong>Victricia</strong></span> <span class='ocrx_word' id='word_1_378' title='bbox 1242 4751 1494 4820; x_wconf 77' lang='lat' dir='ltr'><strong>martyris</strong></span> <span class='ocrx_word' id='word_1_379' title='bbox 1534 4748 1738 4806; x_wconf 75' lang='lat' dir='ltr'><strong>Niceta:</strong></span> <span class='ocrx_word' id='word_1_380' title='bbox 1786 4750 1947 4804; x_wconf 88' lang='lat' dir='ltr'><strong>hodie</strong></span> <span class='ocrx_word' id='word_1_381' title='bbox 1997 4748 2324 4807; x_wconf 77' lang='lat' dir='ltr'><strong>celebramus</strong></span> 
     </span>
    </p>
   </div>
   <div class='ocr_carea' id='block_1_61' title="bbox 2425 4748 3998 4822">
    <p class='ocr_par' dir='ltr' id='par_1_61' title="bbox 2508 4749 3998 4822">
     <span class='ocr_line' id='line_1_61' title="bbox 2508 4749 3998 4822; baseline -0.002 -17"><span class='ocrx_word' id='word_1_382' title='bbox 2508 4754 2584 4805; x_wconf 82' lang='lat' dir='ltr'><strong>A&#39;.</strong></span> <span class='ocrx_word' id='word_1_383' title='bbox 2617 4752 2945 4820; x_wconf 70' lang='grc' dir='ltr'><strong>Νικητικοὶις</strong></span> <span class='ocrx_word' id='word_1_384' title='bbox 2976 4750 3191 4819; x_wconf 65' lang='grc' dir='ltr'><strong>ἀγῶνας</strong></span> <span class='ocrx_word' id='word_1_385' title='bbox 3220 4750 3311 4804; x_wconf 74' lang='grc' dir='ltr'><strong>τοῦ</strong></span> <span class='ocrx_word' id='word_1_386' title='bbox 3339 4750 3620 4822; x_wconf 77' lang='grc' dir='ltr'><strong>μάρτυρος</strong></span> <span class='ocrx_word' id='word_1_387' title='bbox 3648 4749 3869 4820; x_wconf 74' lang='grc' dir='ltr'><strong>Νικήτει</strong></span> <span class='ocrx_word' id='word_1_388' title='bbox 3901 4767 3998 4802; x_wconf 70' lang='grc' dir='ltr'><strong>πα-</strong></span> 
     </span>
    </p>
   </div>
   <div class='ocr_carea' id='block_1_62' title="bbox 764 4838 2335 4910">
    <p class='ocr_par' dir='ltr' id='par_1_62' title="bbox 764 4838 2335 4910">
     <span class='ocr_line' id='line_1_62' title="bbox 764 4838 2335 4910; baseline -0.003 -10"><span class='ocrx_word' id='word_1_389' title='bbox 764 4843 1078 4907; x_wconf 87' lang='lat' dir='ltr'><strong>certamina,</strong></span> <span class='ocrx_word' id='word_1_390' title='bbox 1105 4855 1214 4894; x_wconf 90' lang='lat' dir='ltr'><strong>non</strong></span> <span class='ocrx_word' id='word_1_391' title='bbox 1246 4856 1403 4908; x_wconf 89' lang='lat' dir='ltr'><strong>quem</strong></span> <span class='ocrx_word' id='word_1_392' title='bbox 1439 4840 1696 4910; x_wconf 90' lang='lat' dir='ltr'><strong>princeps</strong></span> <span class='ocrx_word' id='word_1_393' title='bbox 1734 4841 2106 4909; x_wconf 85' lang='lat' dir='ltr'><strong>apostolorum</strong></span> <span class='ocrx_word' id='word_1_394' title='bbox 2141 4838 2335 4896; x_wconf 78' lang='lat' dir='ltr'><strong>l’ctrus</strong></span> 
     </span>
    </p>
   </div>
   <div class='ocr_carea' id='block_1_63' title="bbox 763 4933 2333 5004">
    <p class='ocr_par' dir='ltr' id='par_1_63' title="bbox 763 4933 2333 5004">
     <span class='ocr_line' id='line_1_63' title="bbox 763 4933 2333 5004; baseline -0.001 -14"><span class='ocrx_word' id='word_1_395' title='bbox 763 4936 985 4996; x_wconf 83' lang='lat' dir='ltr'><strong>erudiit,</strong></span> <span class='ocrx_word' id='word_1_396' title='bbox 1035 4942 1087 4989; x_wconf 87' lang='lat' dir='ltr'><strong>et</strong></span> <span class='ocrx_word' id='word_1_397' title='bbox 1145 4934 1234 5004; x_wconf 90' lang='lat' dir='ltr'><strong>qui</strong></span> <span class='ocrx_word' id='word_1_398' title='bbox 1268 4933 1560 4989; x_wconf 86' lang='lat' dir='ltr'><strong>Clementis</strong></span> <span class='ocrx_word' id='word_1_399' title='bbox 1599 4933 1698 4989; x_wconf 86' lang='lat' dir='ltr'><strong>fuit</strong></span> <span class='ocrx_word' id='word_1_400' title='bbox 1756 4934 1920 4989; x_wconf 83' lang='lat' dir='ltr'><strong>frater</strong></span> <span class='ocrx_word' id='word_1_401' title='bbox 1960 4934 2056 5003; x_wconf 85' lang='lat' dir='ltr'><strong>(l),</strong></span> <span class='ocrx_word' id='word_1_402' title='bbox 2095 4944 2147 4988; x_wconf 88' lang='lat' dir='ltr'><strong>et</strong></span> <span class='ocrx_word' id='word_1_403' title='bbox 2175 4950 2333 5003; x_wconf 87' lang='lat' dir='ltr'><strong>quem</strong></span> 
     </span>
    </p>
   </div>
   <div class='ocr_carea' id='block_1_64' title="bbox 762 5024 2335 5095">
    <p class='ocr_par' dir='ltr' id='par_1_64' title="bbox 762 5024 2335 5095">
     <span class='ocr_line' id='line_1_64' title="bbox 762 5024 2335 5095; baseline -0.003 -16"><span class='ocrx_word' id='word_1_404' title='bbox 762 5024 1091 5079; x_wconf 86' lang='lat' dir='ltr'><strong>Commodus</strong></span> <span class='ocrx_word' id='word_1_405' title='bbox 1123 5034 1386 5095; x_wconf 80' lang='lat' dir='ltr'><strong>tyrannus</strong></span> <span class='ocrx_word' id='word_1_406' title='bbox 1424 5032 1643 5092; x_wconf 89' lang='lat' dir='ltr'><strong>propter</strong></span> <span class='ocrx_word' id='word_1_407' title='bbox 1683 5024 1957 5082; x_wconf 91' lang='lat' dir='ltr'><strong>Christum</strong></span> <span class='ocrx_word' id='word_1_408' title='bbox 2011 5026 2157 5079; x_wconf 90' lang='lat' dir='ltr'><strong>illato</strong></span> <span class='ocrx_word' id='word_1_409' title='bbox 2205 5040 2335 5078; x_wconf 86' lang='lat' dir='ltr'><strong>eon-</strong></span> 
     </span>
    </p>
   </div>
   <div class='ocr_carea' id='block_1_65' title="bbox 762 5112 2330 5185">
    <p class='ocr_par' dir='ltr' id='par_1_65' title="bbox 762 5112 2330 5185">
     <span class='ocr_line' id='line_1_65' title="bbox 762 5112 2330 5185; baseline -0.001 -14"><span class='ocrx_word' id='word_1_410' title='bbox 762 5117 1057 5171; x_wconf 86' lang='lat' dir='ltr'><strong>summavit</strong></span> <span class='ocrx_word' id='word_1_411' title='bbox 1080 5118 1355 5185; x_wconf 76' lang='lat' dir='ltr'><strong>martyrio.</strong></span> <span class='ocrx_word' id='word_1_412' title='bbox 1385 5112 1499 5169; x_wconf 83' lang='lat' dir='ltr'><strong>Non</strong></span> <span class='ocrx_word' id='word_1_413' title='bbox 1541 5118 1918 5181; x_wconf 75' lang='lat' dir='ltr'><strong>convenimus,</strong></span> <span class='ocrx_word' id='word_1_414' title='bbox 1963 5126 2019 5170; x_wconf 91' lang='lat' dir='ltr'><strong>ut</strong></span> <span class='ocrx_word' id='word_1_415' title='bbox 2048 5116 2206 5179; x_wconf 77' lang='lat' dir='ltr'><strong>huius</strong></span> <span class='ocrx_word' id='word_1_416' title='bbox 2238 5131 2330 5170; x_wconf 83' lang='lat' dir='ltr'><strong>cc-</strong></span> 
     </span>
    </p>
   </div>
   <div class='ocr_carea' id='block_1_66' title="bbox 738 5204 2332 5275">
    <p class='ocr_par' dir='ltr' id='par_1_66' title="bbox 738 5204 2332 5275">
     <span class='ocr_line' id='line_1_66' title="bbox 738 5204 2332 5275; baseline 0 -16"><span class='ocrx_word' id='word_1_417' title='bbox 738 5206 1038 5261; x_wconf 32' lang='lat' dir='ltr'><strong>Ilebremus</strong></span> <span class='ocrx_word' id='word_1_418' title='bbox 1081 5205 1380 5261; x_wconf 75' lang='lat' dir='ltr'><strong>certamina</strong></span> <span class='ocrx_word' id='word_1_419' title='bbox 1421 5205 1559 5260; x_wconf 84' lang='lat' dir='ltr'><strong>:sed</strong></span> <span class='ocrx_word' id='word_1_420' title='bbox 1590 5219 1752 5275; x_wconf 88' lang='lat' dir='ltr'><strong>quem</strong></span> <span class='ocrx_word' id='word_1_421' title='bbox 1780 5204 1964 5273; x_wconf 86' lang='lat' dir='ltr'><strong>(quod</strong></span> <span class='ocrx_word' id='word_1_422' title='bbox 2009 5205 2072 5257; x_wconf 88' lang='lat' dir='ltr'><strong>ad</strong></span> <span class='ocrx_word' id='word_1_423' title='bbox 2119 5204 2332 5259; x_wconf 89' lang='lat' dir='ltr'><strong>laudem</strong></span> 
     </span>
    </p>
   </div>
   <div class='ocr_carea' id='block_1_67' title="bbox 838 5405 2346 5477">
    <p class='ocr_par' dir='ltr' id='par_1_67' title="bbox 838 5405 2346 5477">
     <span class='ocr_line' id='line_1_67' title="bbox 838 5405 2346 5477; baseline -0.001 -14"><span class='ocrx_word' id='word_1_424' title='bbox 838 5407 995 5477; x_wconf 84' lang='lat' dir='ltr'><strong>(l)ln</strong></span> <span class='ocrx_word' id='word_1_425' title='bbox 1048 5408 1295 5463; x_wconf 70' lang='lat' dir='ltr'><strong>versione</strong></span> <span class='ocrx_word' id='word_1_426' title='bbox 1331 5405 1520 5477; x_wconf 82' lang='lat' dir='ltr'><strong>Latina</strong></span> <span class='ocrx_word' id='word_1_427' title='bbox 1554 5407 1745 5476; x_wconf 81' lang='lat' dir='ltr'><strong>legitur</strong></span> <span class='ocrx_word' id='word_1_428' title='bbox 1784 5408 1982 5466; x_wconf 76' lang='lat' dir='ltr'><strong>socius:</strong></span> <span class='ocrx_word' id='word_1_429' title='bbox 2031 5406 2122 5461; x_wconf 90' lang='lat' dir='ltr'><strong>sed</strong></span> <span class='ocrx_word' id='word_1_430' title='bbox 2162 5406 2346 5463; x_wconf 70' lang='lat' dir='ltr'><strong>Grmca</strong></span> 
     </span>
    </p>
   </div>
   <div class='ocr_carea' id='block_1_68' title="bbox 766 5474 2347 5549">
    <p class='ocr_par' dir='ltr' id='par_1_68' title="bbox 766 5474 2347 5549">
     <span class='ocr_line' id='line_1_68' title="bbox 766 5474 2347 5549; baseline -0.002 -15"><span class='ocrx_word' id='word_1_431' title='bbox 766 5474 977 5549; x_wconf 79' lang='lat' dir='ltr'><strong>phrasis</strong></span> <span class='ocrx_word' id='word_1_432' title='bbox 994 5478 1136 5549; x_wconf 82' lang='lat' dir='ltr'><strong>clare</strong></span> <span class='ocrx_word' id='word_1_433' title='bbox 1171 5477 1385 5549; x_wconf 81' lang='lat' dir='ltr'><strong>fratrem</strong></span> <span class='ocrx_word' id='word_1_434' title='bbox 1410 5474 1688 5549; x_wconf 70' lang='lat' dir='ltr'><strong>significat.</strong></span> <span class='ocrx_word' id='word_1_435' title='bbox 1719 5478 1981 5549; x_wconf 71' lang='lat' dir='ltr'><strong>lneadcm</strong></span> <span class='ocrx_word' id='word_1_436' title='bbox 2010 5479 2258 5549; x_wconf 65' lang='lat' dir='ltr'><strong>versione</strong></span> <span class='ocrx_word' id='word_1_437' title='bbox 2283 5478 2347 5531; x_wconf 87' lang='lat' dir='ltr'><strong>ad</strong></span> 
     </span>
    </p>
   </div>
   <div class='ocr_carea' id='block_1_69' title="bbox 774 5546 2345 5613">
    <p class='ocr_par' dir='ltr' id='par_1_69' title="bbox 774 5546 2345 5613">
     <span class='ocr_line' id='line_1_69' title="bbox 774 5546 2345 5613; baseline -0.001 -11"><span class='ocrx_word' id='word_1_438' title='bbox 774 5546 977 5602; x_wconf 78' lang='lat' dir='ltr'><strong>nomen</strong></span> <span class='ocrx_word' id='word_1_439' title='bbox 1022 5547 1314 5601; x_wconf 85' lang='lat' dir='ltr'><strong>Clementis</strong></span> <span class='ocrx_word' id='word_1_440' title='bbox 1359 5547 1573 5601; x_wconf 82' lang='lat' dir='ltr'><strong>additur</strong></span> <span class='ocrx_word' id='word_1_441' title='bbox 1602 5566 1618 5602; x_wconf 89' lang='lat'><strong>:</strong></span> <span class='ocrx_word' id='word_1_442' title='bbox 1647 5546 1944 5608; x_wconf 89' lang='lat' dir='ltr'><strong>Pontificis,</strong></span> <span class='ocrx_word' id='word_1_443' title='bbox 1976 5549 2119 5613; x_wconf 86' lang='lat' dir='ltr'><strong>quod</strong></span> <span class='ocrx_word' id='word_1_444' title='bbox 2165 5546 2345 5601; x_wconf 67' lang='lat' dir='ltr'><strong>Craaca</strong></span> 
     </span>
    </p>
   </div>
   <div class='ocr_carea' id='block_1_70' title="bbox 772 5614 2346 5686">
    <p class='ocr_par' dir='ltr' id='par_1_70' title="bbox 772 5614 2346 5686">
     <span class='ocr_line' id='line_1_70' title="bbox 772 5614 2346 5686; baseline -0.001 -15"><span class='ocrx_word' id='word_1_445' title='bbox 772 5635 877 5671; x_wconf 87' lang='lat' dir='ltr'><strong>non</strong></span> <span class='ocrx_word' id='word_1_446' title='bbox 910 5617 1129 5671; x_wconf 83' lang='lat' dir='ltr'><strong>habent.</strong></span> <span class='ocrx_word' id='word_1_447' title='bbox 1152 5617 1209 5671; x_wconf 80' lang='lat' dir='ltr'><strong>In</strong></span> <span class='ocrx_word' id='word_1_448' title='bbox 1233 5617 1708 5686; x_wconf 75' lang='lat' dir='ltr'><strong>Recognitionibus</strong></span> <span class='ocrx_word' id='word_1_449' title='bbox 1737 5614 1794 5669; x_wconf 89' lang='lat' dir='ltr'><strong>S.</strong></span> <span class='ocrx_word' id='word_1_450' title='bbox 1832 5614 2122 5686; x_wconf 78' lang='lat' dir='ltr'><strong>Clementis</strong></span> <span class='ocrx_word' id='word_1_451' title='bbox 2154 5633 2346 5671; x_wconf 82' lang='lat' dir='ltr'><strong>occur-</strong></span> 
     </span>
    </p>
   </div>
   <div class='ocr_carea' id='block_1_71' title="bbox 778 5684 2347 5756">
    <p class='ocr_par' dir='ltr' id='par_1_71' title="bbox 778 5684 2347 5756">
     <span class='ocr_line' id='line_1_71' title="bbox 778 5684 2347 5756; baseline -0.001 -16"><span class='ocrx_word' id='word_1_452' title='bbox 778 5697 907 5741; x_wconf 89' lang='lat' dir='ltr'><strong>runt</strong></span> <span class='ocrx_word' id='word_1_453' title='bbox 933 5687 1115 5741; x_wconf 80' lang='lat' dir='ltr'><strong>Niceta</strong></span> <span class='ocrx_word' id='word_1_454' title='bbox 1149 5697 1203 5741; x_wconf 85' lang='lat' dir='ltr'><strong>et</strong></span> <span class='ocrx_word' id='word_1_455' title='bbox 1248 5684 1461 5756; x_wconf 86' lang='lat' dir='ltr'><strong>Aquila.</strong></span> <span class='ocrx_word' id='word_1_456' title='bbox 1506 5696 1759 5754; x_wconf 84' lang='lat' dir='ltr'><strong>tanquam</strong></span> <span class='ocrx_word' id='word_1_457' title='bbox 1785 5686 1841 5741; x_wconf 90' lang='lat' dir='ltr'><strong>S.</strong></span> <span class='ocrx_word' id='word_1_458' title='bbox 1866 5684 2162 5741; x_wconf 83' lang='lat' dir='ltr'><strong>Clementis</strong></span> <span class='ocrx_word' id='word_1_459' title='bbox 2201 5704 2347 5755; x_wconf 56' lang='lat' dir='ltr'><strong>papae</strong></span> 
     </span>
    </p>
   </div>
   <div class='ocr_carea' id='block_1_72' title="bbox 786 5756 2343 5829">
    <p class='ocr_par' dir='ltr' id='par_1_72' title="bbox 786 5756 2343 5829">
     <span class='ocr_line' id='line_1_72' title="bbox 786 5756 2343 5829; baseline 0 -19"><span class='ocrx_word' id='word_1_460' title='bbox 786 5757 995 5814; x_wconf 80' lang='lat' dir='ltr'><strong>fratres.</strong></span> <span class='ocrx_word' id='word_1_461' title='bbox 1031 5757 1100 5812; x_wconf 86' lang='lat' dir='ltr'><strong>At</strong></span> <span class='ocrx_word' id='word_1_462' title='bbox 1152 5756 1295 5813; x_wconf 86' lang='lat' dir='ltr'><strong>libri</strong></span> <span class='ocrx_word' id='word_1_463' title='bbox 1328 5757 1776 5829; x_wconf 65' lang='lat' dir='ltr'><strong>liecognitionum</strong></span> <span class='ocrx_word' id='word_1_464' title='bbox 1832 5756 2204 5812; x_wconf 84' lang='lat' dir='ltr'><strong>auctoritatem</strong></span> <span class='ocrx_word' id='word_1_465' title='bbox 2239 5774 2343 5812; x_wconf 76' lang='lat' dir='ltr'><strong>nun</strong></span> 
     </span>
    </p>
   </div>
   <div class='ocr_carea' id='block_1_73' title="bbox 2434 4843 4003 4915">
    <p class='ocr_par' dir='ltr' id='par_1_73' title="bbox 2434 4843 4003 4915">
     <span class='ocr_line' id='line_1_73' title="bbox 2434 4843 4003 4915; baseline -0.003 -17"><span class='ocrx_word' id='word_1_466' title='bbox 2434 4844 2797 4913; x_wconf 77' lang='grc' dir='ltr'><strong>νηγυρὶζομεν</strong></span> <span class='ocrx_word' id='word_1_467' title='bbox 2830 4844 3067 4915; x_wconf 78' lang='grc' dir='ltr'>σήμερον</span> <span class='ocrx_word' id='word_1_468' title='bbox 3096 4858 3111 4873; x_wconf 85' lang='grc'>⁶</span> <span class='ocrx_word' id='word_1_469' title='bbox 3143 4843 3239 4913; x_wconf 73' lang='grc' dir='ltr'><strong>οὐχ</strong></span> <span class='ocrx_word' id='word_1_470' title='bbox 3266 4843 3324 4898; x_wconf 78' lang='grc' dir='ltr'><strong>ὃν</strong></span> <span class='ocrx_word' id='word_1_471' title='bbox 3361 4844 3389 4896; x_wconf 82' lang='grc' dir='ltr'>ὁ</span> <span class='ocrx_word' id='word_1_472' title='bbox 3422 4843 3533 4896; x_wconf 80' lang='grc' dir='ltr'><strong>τῶν</strong></span> <span class='ocrx_word' id='word_1_473' title='bbox 3565 4843 3886 4895; x_wconf 73' lang='grc' dir='ltr'><strong>ἀποστόλων</strong></span> <span class='ocrx_word' id='word_1_474' title='bbox 3922 4860 4003 4895; x_wconf 77' lang='grc' dir='ltr'><strong>κο-</strong></span> 
     </span>
    </p>
   </div>
   <div class='ocr_carea' id='block_1_74' title="bbox 2435 4934 4004 5007">
    <p class='ocr_par' dir='ltr' id='par_1_74' title="bbox 2435 4934 4004 5007">
     <span class='ocr_line' id='line_1_74' title="bbox 2435 4934 4004 5007; baseline -0.002 -20"><span class='ocrx_word' id='word_1_475' title='bbox 2435 4938 2660 5007; x_wconf 77' lang='grc' dir='ltr'><strong>ρυφαῖος</strong></span> <span class='ocrx_word' id='word_1_476' title='bbox 2710 4937 2910 5004; x_wconf 73' lang='grc' dir='ltr'><strong>Πέτρος</strong></span> <span class='ocrx_word' id='word_1_477' title='bbox 2960 4935 3401 5002; x_wconf 74' lang='grc' dir='ltr'><strong>ἐπαιδαγώγηςε,</strong></span> <span class='ocrx_word' id='word_1_478' title='bbox 3455 4934 3551 4987; x_wconf 67' lang='grc' dir='ltr'><strong>καὶ</strong></span> <span class='ocrx_word' id='word_1_479' title='bbox 3598 4936 3835 5006; x_wconf 75' lang='grc' dir='ltr'><strong>Κλήμης</strong></span> <span class='ocrx_word' id='word_1_480' title='bbox 3889 4935 4004 5001; x_wconf 67' lang='grc' dir='ltr'><strong>ξπχε</strong></span> 
     </span>
    </p>
   </div>
   <div class='ocr_carea' id='block_1_75' title="bbox 2433 5023 4004 5095">
    <p class='ocr_par' dir='ltr' id='par_1_75' title="bbox 2433 5023 4004 5095">
     <span class='ocr_line' id='line_1_75' title="bbox 2433 5023 4004 5095; baseline -0.001 -20"><span class='ocrx_word' id='word_1_481' title='bbox 2433 5025 2685 5077; x_wconf 78' lang='grc' dir='ltr'><strong>κοινωνὸν</strong></span> <span class='ocrx_word' id='word_1_482' title='bbox 2734 5025 2937 5077; x_wconf 77' lang='grc' dir='ltr'><strong>ὠδίνων</strong></span> <span class='ocrx_word' id='word_1_483' title='bbox 2986 5025 3093 5077; x_wconf 84' lang='grc' dir='ltr'><strong>τῶν</strong></span> <span class='ocrx_word' id='word_1_484' title='bbox 3147 5024 3446 5095; x_wconf 82' lang='grc' dir='ltr'><strong>μητρικῶν,</strong></span> <span class='ocrx_word' id='word_1_485' title='bbox 3496 5023 3657 5095; x_wconf 75' lang='grc' dir='ltr'><strong>ῥώμη</strong></span> <span class='ocrx_word' id='word_1_486' title='bbox 3720 5041 3783 5075; x_wconf 77' lang='grc' dir='ltr'><strong>τε</strong></span> <span class='ocrx_word' id='word_1_487' title='bbox 3845 5025 4004 5093; x_wconf 49' lang='lat' dir='ltr'><strong>Reor.-</strong></span> 
     </span>
    </p>
   </div>
   <div class='ocr_carea' id='block_1_76' title="bbox 2434 5113 4005 5185">
    <p class='ocr_par' dir='ltr' id='par_1_76' title="bbox 2434 5113 4005 5185">
     <span class='ocr_line' id='line_1_76' title="bbox 2434 5113 4005 5185; baseline -0.003 -18"><span class='ocrx_word' id='word_1_488' title='bbox 2434 5131 2617 5180; x_wconf 72' lang='grc' dir='ltr'><strong>νεγκε,</strong></span> <span class='ocrx_word' id='word_1_489' title='bbox 2653 5115 2745 5167; x_wconf 74' lang='grc' dir='ltr'><strong>καὶ</strong></span> <span class='ocrx_word' id='word_1_490' title='bbox 2779 5116 3018 5183; x_wconf 72' lang='grc' dir='ltr'><strong>Κόμοδος</strong></span> <span class='ocrx_word' id='word_1_491' title='bbox 3050 5115 3327 5185; x_wconf 66' lang='grc' dir='ltr'><strong>τυραννῶν</strong></span> <span class='ocrx_word' id='word_1_492' title='bbox 3354 5114 3433 5185; x_wconf 82' lang='grc' dir='ltr'><strong>τῷ</strong></span> <span class='ocrx_word' id='word_1_493' title='bbox 3463 5115 3553 5167; x_wconf 74' lang='grc' dir='ltr'>διὰ</span> <span class='ocrx_word' id='word_1_494' title='bbox 3582 5113 3820 5183; x_wconf 64' lang='grc' dir='ltr'><strong>Χριστὸν</strong></span> <span class='ocrx_word' id='word_1_495' title='bbox 3857 5128 4005 5164; x_wconf 78' lang='grc' dir='ltr'><strong>τετε-</strong></span> 
     </span>
    </p>
   </div>
   <div class='ocr_carea' id='block_1_77' title="bbox 2428 5204 4007 5278">
    <p class='ocr_par' dir='ltr' id='par_1_77' title="bbox 2428 5204 4007 5278">
     <span class='ocr_line' id='line_1_77' title="bbox 2428 5204 4007 5278; baseline 0.001 -23"><span class='ocrx_word' id='word_1_496' title='bbox 2428 5204 2622 5259; x_wconf 79' lang='grc' dir='ltr'>λείωκε</span> <span class='ocrx_word' id='word_1_497' title='bbox 2665 5206 2947 5278; x_wconf 76' lang='grc' dir='ltr'><strong>μαρτυρὶῳ</strong></span> <span class='ocrx_word' id='word_1_498' title='bbox 2968 5224 2981 5239; x_wconf 78' lang='grc' dir='ltr'><strong>ο</strong></span> <span class='ocrx_word' id='word_1_499' title='bbox 3030 5208 3090 5260; x_wconf 84' lang='grc' dir='ltr'>οὐ</span> <span class='ocrx_word' id='word_1_500' title='bbox 3122 5208 3311 5260; x_wconf 76' lang='grc' dir='ltr'><strong>τούτου</strong></span> <span class='ocrx_word' id='word_1_501' title='bbox 3345 5206 3441 5259; x_wconf 81' lang='grc' dir='ltr'><strong>νῦν</strong></span> <span class='ocrx_word' id='word_1_502' title='bbox 3468 5206 3594 5267; x_wconf 73' lang='grc' dir='ltr'><strong>τοὺς</strong></span> <span class='ocrx_word' id='word_1_503' title='bbox 3622 5204 3818 5270; x_wconf 74' lang='grc' dir='ltr'><strong>ἄθλους</strong></span> <span class='ocrx_word' id='word_1_504' title='bbox 3844 5221 4007 5271; x_wconf 68' lang='grc' dir='ltr'><strong>πανη-</strong></span> 
     </span>
    </p>
   </div>
   <div class='ocr_carea' id='block_1_78' title="bbox 2451 5404 4003 5475">
    <p class='ocr_par' dir='ltr' id='par_1_78' title="bbox 2451 5404 4003 5475">
     <span class='ocr_line' id='line_1_78' title="bbox 2451 5404 4003 5475; baseline 0 -15"><span class='ocrx_word' id='word_1_505' title='bbox 2451 5408 2677 5470; x_wconf 85' lang='lat' dir='ltr'><strong>habent;</strong></span> <span class='ocrx_word' id='word_1_506' title='bbox 2704 5422 2878 5475; x_wconf 87' lang='lat' dir='ltr'><strong>neque</strong></span> <span class='ocrx_word' id='word_1_507' title='bbox 2902 5406 3057 5462; x_wconf 81' lang='lat' dir='ltr'><strong>video</strong></span> <span class='ocrx_word' id='word_1_508' title='bbox 3078 5405 3340 5464; x_wconf 80' lang='lat' dir='ltr'><strong>Nicetam.</strong></span> <span class='ocrx_word' id='word_1_509' title='bbox 3374 5404 3412 5459; x_wconf 91' lang='lat' dir='ltr'><strong>S</strong></span> <span class='ocrx_word' id='word_1_510' title='bbox 3436 5405 3737 5463; x_wconf 82' lang='lat' dir='ltr'><strong>Clementis</strong></span> <span class='ocrx_word' id='word_1_511' title='bbox 3763 5406 4003 5469; x_wconf 79' lang='lat' dir='ltr'><strong>fratrem,</strong></span> 
     </span>
    </p>
   </div>
   <div class='ocr_carea' id='block_1_79' title="bbox 2450 5474 4008 5547">
    <p class='ocr_par' dir='ltr' id='par_1_79' title="bbox 2450 5474 4008 5547">
     <span class='ocr_line' id='line_1_79' title="bbox 2450 5474 4008 5547; baseline -0.003 -16"><span class='ocrx_word' id='word_1_512' title='bbox 2450 5481 2502 5531; x_wconf 91' lang='lat' dir='ltr'><strong>in</strong></span> <span class='ocrx_word' id='word_1_513' title='bbox 2533 5474 2923 5547; x_wconf 68' lang='lat' dir='ltr'><strong>Martyrolbgiis</strong></span> <span class='ocrx_word' id='word_1_514' title='bbox 2951 5476 3149 5532; x_wconf 75' lang='lat' dir='ltr'><strong>Graecis</strong></span> <span class='ocrx_word' id='word_1_515' title='bbox 3175 5486 3260 5528; x_wconf 84' lang='lat' dir='ltr'><strong>aut</strong></span> <span class='ocrx_word' id='word_1_516' title='bbox 3295 5474 3507 5531; x_wconf 80' lang='lat' dir='ltr'><strong>Latinis</strong></span> <span class='ocrx_word' id='word_1_517' title='bbox 3533 5478 3825 5533; x_wconf 79' lang='lat' dir='ltr'><strong>celebrari.</strong></span> <span class='ocrx_word' id='word_1_518' title='bbox 3857 5478 4008 5531; x_wconf 77' lang='lat' dir='ltr'><strong>Forte</strong></span> 
     </span>
    </p>
   </div>
   <div class='ocr_carea' id='block_1_80' title="bbox 2446 5546 4006 5613">
    <p class='ocr_par' dir='ltr' id='par_1_80' title="bbox 2446 5546 4006 5613">
     <span class='ocr_line' id='line_1_80' title="bbox 2446 5546 4006 5613; baseline -0.003 -12"><span class='ocrx_word' id='word_1_519' title='bbox 2446 5557 2633 5601; x_wconf 87' lang='lat' dir='ltr'><strong>auctor</strong></span> <span class='ocrx_word' id='word_1_520' title='bbox 2687 5564 2753 5601; x_wconf 84' lang='lat' dir='ltr'><strong>ne</strong></span> <span class='ocrx_word' id='word_1_521' title='bbox 2802 5546 3074 5600; x_wconf 89' lang='lat' dir='ltr'><strong>insinuare</strong></span> <span class='ocrx_word' id='word_1_522' title='bbox 3134 5546 3351 5613; x_wconf 90' lang='lat' dir='ltr'><strong>quidem</strong></span> <span class='ocrx_word' id='word_1_523' title='bbox 3404 5550 3597 5608; x_wconf 75' lang='lat' dir='ltr'><strong>voluit,</strong></span> <span class='ocrx_word' id='word_1_524' title='bbox 3656 5548 3815 5602; x_wconf 86' lang='lat' dir='ltr'><strong>talem</strong></span> <span class='ocrx_word' id='word_1_525' title='bbox 3868 5546 4006 5599; x_wconf 80' lang='lat' dir='ltr'><strong>nllihi</strong></span> 
     </span>
    </p>
   </div>
   <div class='ocr_carea' id='block_1_81' title="bbox 2451 5615 4010 5741">
    <p class='ocr_par' dir='ltr' id='par_1_81' title="bbox 2451 5615 4010 5741">
     <span class='ocr_line' id='line_1_81' title="bbox 2451 5615 4010 5741; baseline -0.001 -71"><span class='ocrx_word' id='word_1_526' title='bbox 2451 5618 2669 5741; x_wconf 68' lang='lat' dir='ltr'><strong>reperliri</strong></span> <span class='ocrx_word' id='word_1_527' title='bbox 2714 5629 2996 5697; x_wconf 79' lang='lat' dir='ltr'><strong>sanctum:</strong></span> <span class='ocrx_word' id='word_1_528' title='bbox 3040 5615 3135 5672; x_wconf 87' lang='lat' dir='ltr'><strong>sed</strong></span> <span class='ocrx_word' id='word_1_529' title='bbox 3182 5619 3358 5674; x_wconf 76' lang='lat' dir='ltr'><strong>solum</strong></span> <span class='ocrx_word' id='word_1_530' title='bbox 3415 5617 3628 5683; x_wconf 84' lang='lat' dir='ltr'><strong>dicere,</strong></span> <span class='ocrx_word' id='word_1_531' title='bbox 3694 5620 3761 5675; x_wconf 85' lang='lat' dir='ltr'><strong>de</strong></span> <span class='ocrx_word' id='word_1_532' title='bbox 3820 5620 3909 5672; x_wconf 83' lang='lat' dir='ltr'><strong>tali</strong></span> <span class='ocrx_word' id='word_1_533' title='bbox 3958 5627 4010 5669; x_wconf 74' lang='lat' dir='ltr'><strong>se</strong></span> 
     </span>
     <span class='ocr_line' id='line_1_82' title="bbox 2451 5702 2758 5741; baseline 0 0"><span class='ocrx_word' id='word_1_534' title='bbox 2451 5702 2554 5741; x_wconf 88' lang='lat' dir='ltr'><strong>non</strong></span> <span class='ocrx_word' id='word_1_535' title='bbox 2613 5704 2758 5741; x_wconf 82' lang='lat' dir='ltr'><strong>eum.</strong></span> 
     </span>
    </p>
   </div>
   <div class='ocr_carea' id='block_1_82' title="bbox 2448 5702 2758 5759">
    <p class='ocr_par' dir='ltr' id='par_1_82' title="bbox 2448 5702 2758 5759">
     <span class='ocr_line' id='line_1_83' title="bbox 2448 5702 2758 5759; baseline 0.003 -16"><span class='ocrx_word' id='word_1_536' title='bbox 2448 5702 2554 5743; x_wconf 87' lang='lat' dir='ltr'><strong>non</strong></span> <span class='ocrx_word' id='word_1_537' title='bbox 2594 5702 2758 5759; x_wconf 85' lang='lat' dir='ltr'><strong>toqut.</strong></span> 
     </span>
    </p>
   </div>
  </div>
