4156 6314
164 375 273 437 705

1192 366 1653 427 MARTYRIUM
1698 365 1760 425 S.
1801 363 2097 426 NICETE
2130 366 2391 430 GOTHI.

3296 369 3402 432 706

169 486 393 553 γυρίσαι
431 480 787 551 συνήλθομεν,
828 477 940 534 ἀλλ’
976 480 1033 533 ὃν
1075 480 1154 549 (τό
1181 496 1241 547 γε
1284 480 1423 548 πρὸς
1462 475 1737 546 εὐφημίαν

1847 476 2059 546 quidem
2092 486 2176 531 est
2222 476 2539 547 praeclarius
2582 486 2638 531 et
2674 475 3065 546 praestantius)
3094 476 3242 546 regio
3287 480 3407 536 tulit

166 572 541 643 λαμπρότερόν
557 588 614 624 τε
635 572 730 625 καὶ
753 573 1095 642 τιμιώτερον)
1117 570 1395 641 Βάρϐαρος
1422 570 1520 639 μὲν
1541 570 1738 639 ἤνεγκε

168 663 342 734 χώρα,
386 662 633 738 βάρϐαρα
663 662 717 714 δὲ
748 662 1042 732 ἐθρέψαντο
1075 661 1199 729 ἤθη,
1235 663 1328 714 καὶ
1362 661 1458 730 τὴν
1495 660 1738 730 ἔμφυτον

166 754 263 818 τῆς
294 751 461 821 τύχης
484 753 761 817 εὐγένειαν
792 752 1054 821 οὖμενουν
1073 751 1171 802 οὐκ
1202 750 1513 804 ὲνόθευσαν.
1560 751 1738 803 "inst

170 843 369 903 πάντες
391 844 480 894 τὸν
511 843 755 912 ποταμὸν
780 842 986 911 Ἴστρον
1013 842 1231 911 μεγέθει
1263 845 1356 895 καὶ
1377 842 1621 912 εύοηνίᾳ,
1642 843 1741 895 ὃσα

171 935 409 1002 ποταμοὶ
442 935 688 1004 φέρουσι,
723 935 783 987 τὸ
815 934 1137 1003 περιϐόητον
1169 934 1380 1004 ἔχοντα,
1428 934 1485 987 ὃν
1512 936 1606 985 καὶ
1635 936 1741 986 Δα-

167 1023 377 1077 νούϐιον
474 1025 761 1094 ἐπιχώριος
792 1022 896 1077 οἶδε
939 1024 1152 1090 γλῶττα
1186 1026 1386 1079 καλεῖν.
1431 1025 1655 1086 Γὸτθους
1685 1024 1739 1077 δὲ.

168 1116 291 1168 κατ’
315 1118 491 1169 ἐκεῖνο
514 1118 709 1185 καιροῦ
746 1118 1158 1184 μεταναστάτας
1186 1117 1286 1186 τῆς
1312 1116 1564 1183 πατρίδος
1587 1132 1743 1181 γεγο-

164 1206 322 1269 νότας
366 1206 691 1274 προσοίκους
738 1208 766 1259 ὁ
807 1207 1049 1272 ποταμὸς
1103 1208 1320 1277 ἔφερεν.
1366 1200 1535 1266 Οὗτος
1579 1205 1675 1258 οὖν
1714 1207 1741 1258 ὁ

166 1298 478 1367 θαυμαστὸς
500 1296 765 1365 Νικήτας,
791 1298 1060 1350 rate:an
1085 1299 1408 1367 σπερμάτων
1432 1298 1621 1363 ὲκφὺς.
1650 1297 1742 1349 καὶ

166 1391 333 1458 τιμὴν
376 1390 475 1459 τὴν
515 1389 736 1459 πρώτην
784 1391 911 1458 παρ’
942 1391 1168 1451 ἐκείνοις
1209 1389 1411 1457 λαχὼν,
1454 1389 1544 1441 διά
1585 1406 1643 1442 τε
1682 1391 1742 1442 τὸ

167 1480 467 1548 περιφανὲς
496 1478 588 1529 τοῦ
622 1479 809 1544 γένους
838 1482 927 1532 καὶ
957 1479 1053 1548 τὴν
1083 1480 1248 1546 ἄλλην
1280 1478 1376 1531 τοῦ
1413 1478 1660 1547 σώματός
1684 1496 1742 1532 τε

165 1571 261 1620 καὶ
291 1569 388 1635 τῆς
426 1568 604 1636 ψυχῆς
636 1570 863 1636 εὐφυΐαν
890 1570 1025 1638 ὅσην
1056 1570 1148 1622 καὶ
1177 1570 1481 1639 δεξιότητα,
1518 1570 1577 1621 οὐ
1613 1570 1743 1622 1‘01:-

167 1658 263 1709 οου
296 1654 363 1726 ἦν
406 1662 497 1710 τὸν
529 1659 663 1729 βίον,
707 1662 765 1713 οὐ
802 1662 927 1723 τοὺς
964 1662 1215 1731 τρόπους,
1252 1661 1372 1713 ούξὲ
1412 1663 1508 1729 τὴν
1541 1661 1742 1715 πίστιν.

176 1750 362 1803 Ἐνξκα
389 1751 494 1821 γὰρ
520 1753 552 1820 ἡ
588 1751 685 1818 μὲν
719 1751 909 1821 γνώμη
936 1752 994 1803 τὸ
1016 1753 1199 1818 γένος,
1235 1752 1293 1803 τὸ
1325 1751 1379 1803 δὲ
1406 1754 1483 1813 εἰς
1507 1752 1743 1821 Χριστὸν

164 1840 388 1911 φίλτρον
423 1843 521 1909 τὴν
555 1842 829 1910 βάρϐαρον
863 1841 1041 1906 δόξαν,
1070 1844 1096 1894 ὁ
1134 1843 1190 1894 δὲ
1214 1840 1322 1893 τῶν
1353 1842 1562 1911 ἀρετῶν
1598 1844 1735 1914 ἔρως
1768 1829 1813 1888 Β

160 1936 264 2002 τὴν
293 1935 329 1984 Γ
333 1932 558 2003 οτοικὴν
586 1932 857 2002 ἀκρασίαν
885 1934 978 1985 καὶ
1002 1933 1322 2002 ἀγριότητα.

232 2024 310 2077 Β’.
352 2022 612 2091 Θεοςίλου
642 2024 698 2076 δὲ
734 2019 800 2093 ἧν
838 2019 993 2085 οὗτος
1024 2024 1121 2076 ἐπὶ
1165 2022 1429 2093 νεαζούσῃ
1464 2024 1529 2093 τῇ
1560 2023 1744 2095 ἡλικία

166 2114 278 2167 τῶν
303 2114 462 2185 ἱερῶν
484 2115 582 2182 τῆς
605 2114 954 2178 διδασκαλίας
984 2115 1399 2185 ἀπερυσάμενος
1431 2116 1740 2185 ῥευμάτων.

164 2206 373 2275 Ὄνπερ
402 2206 464 2275 δὴ
497 2205 772 2272 Θεόφιλον,
805 2206 911 2275 τὴν
935 2205 1327 2275 ἀρχιερατικὴν
1355 2206 1603 2279 ἐφορείαν
1635 2207 1743 2259 τῶν

162 2298 380 2351 ι’ότυων
402 2300 853 2366 πεπιστευμένον,
878 2300 971 2349 καὶ
994 2300 1059 2366 τῇ
1090 2301 1146 2349 ὲν
1168 2298 1370 2370 Νικαῐᾳ
1394 2303 1741 2372 οἰκουμενικῇ

164 2392 263 2442 καὶ
286 2391 475 2460 πρώτῃ
506 2391 703 2459 συνόδῳ
738 2389 1013 2459 ἐμάθομεν
1040 2392 1388 2459 ὲνεπιστῆναι
1421 2397 1513 2446 καὶ
1546 2396 1613 2447 τὰ
1642 2397 1741 2465 τῆς

162 2481 443 2543 εὐσεϐείας
498 2483 639 2551 χειρί
672 2497 729 2533 τε
764 2482 857 2535 καὶ
889 2482 1105 2552 γλώσσῃ
1138 2483 1286 2552 παρὰ
1316 2486 1450 2535 πᾶσι
1481 2488 1745 2553 κρατῦναι

169 2571 437 2639 δόγματα.
481 2572 629 2625 Ἐπεὶ
663 2572 719 2625 δὲ
760 2573 820 2625 οὐ
856 2574 1019 2636 πολὺς
1055 2576 1112 2625 ὲν
1155 2573 1305 2643 μέσῳ
1330 2573 1480 2641 διέϐη
1520 2576 1741 2645 χρόνος,

168 2663 265 2714 καὶ
302 2665 363 2715 τὸ
406 2664 617 2717 Γοτοων
660 2664 813 2726 ἔθνος
855 2665 932 2727 εἰς
982 2665 1307 2728 ἀντιπάλους
1348 2664 1611 2736 διερράγη
1650 2666 1745 2719 καὶ

166 2752 467 2821 ἐμφυλίους
496 2757 707 2825 μοίρας,
740 2757 835 2808 καὶ
863 2757 941 2819 εἰς
964 2756 1055 2808 δύο
1081 2773 1138 2809 τε
1161 2757 1415 2824 γεγόνασι
1444 2759 1585 2827 μέρη
1605 2774 1618 2790 ·
1649 2760 1744 2813 καὶ

163 2845 374 2897 τούτων
406 2847 588 2914 ἡγεῖτο
622 2848 849 2915 θατέρου
887 2848 985 2916 μὲν
1014 2847 1395 2917 Φριτιγέρνης,
1431 2849 1658 2917 Θατερον
1688 2849 1745 2902 δὲ

176 2934 516 3003 Ἀθαναρίχῳ
557 2935 799 3002 ὑπήκουε
829 2938 899 2988 τὰ
929 2937 1104 2988 πάντα
1169 2935 1325 3003 δεινῷ
1347 2952 1360 2966 ·
1399 2935 1745 3005 Ἀθανὰριχος

159 3022 341 3089 οὗτος,
370 3030 509 3079 κατὰ
534 3027 633 3096 τῆς
654 3028 949 3097 ὁμογενοῦς
978 3029 1071 3082 καὶ
1100 3028 1401 3093 ἁποστάδος
1435 3028 1529 3082 τοῦ
1561 3031 1745 3100 Φριτι-

163 3119 391 3186 γέρνους
429 3119 642 3188 μερίδος
695 3120 885 3190 πλήθει
914 3119 1092 3191 χειρὸς
1123 3120 1553 3191 ἐπιστρατεύσας
1578 3162 1594 3187 ,
1622 3121 1747 3203 τρό-

167 3223 333 3260 παιον
365 3207 598 3275 ἵστησιν.
635 3210 799 3261 Ὀθεν
828 3212 1181 3279 Φριτιγέρνης
1211 3211 1568 3280 ἀπορρηθεὶς,
1612 3212 1743 3281 πρὸς

162 3301 263 3368 τὴν
306 3298 616 3371 ἰ’ωμαῖκὴν
643 3301 917 3370 ἀπέϐλεψε
943 3301 1144 3367 δεξιὰν,
1168 3301 1461 3371 αὐτόμολος
1494 3318 1549 3353 τε
1578 3318 1747 3373 προσ-

164 3388 373 3457 ελθὼν,
418 3393 645 3463 ἀμύνειν
679 3394 869 3447 ἐδεῖτο.
915 3394 1176 3447 Οὐάλεντι
1228 3392 1292 3446 δὲ
1334 3393 1636 3463 τηνικαῦτα
1670 3393 1747 3463 τῷ

170 3486 530 3555 μισοχρίστῳ,
556 3488 625 3539 τὰ
664 3487 948 3555 Ῥωμαῖκὰ
974 3486 1211 3540 διείπετο
1244 3489 1515 3557 σκῆπτρα.
1538 3481 1613 3541 OB
1639 3489 1748 3551 τοῖς

165 3579 262 3630 ἐπὶ
280 3574 502 3649 Θρᾴκην
532 3579 896 3648 στρατιώταις
926 3578 1002 3648 τῷ
1024 3580 1221 3645 φυγάδι
1249 3579 1461 3647 βοηθεῖν
1495 3580 1749 3645 ἐγκελεύ-

169 3687 385 3733 σαντος,
440 3671 798 3741 Φριτιγέρνης
845 3670 1024 3721 λαϐὼν
1074 3670 1164 3722 τόν
1222 3686 1277 3722 τε
1331 3668 1607 3742 Θρᾴκιον,
1656 3670 1749 3722 καὶ

168 3763 299 3823 ὅσος
330 3762 422 3813 ὑπ’
460 3752 607 3832 αὐτῴ
640 3762 678 3814 Γ
682 3762 894 3825 οτοικδς
932 3762 1160 3832 στρατὸς
1189 3760 1599 3827 κατελέλειπτο,
1631 3762 1750 3816 δια-

168 3856 346 3908 ϐαίνει
372 3858 461 3907 τὸν
500 3857 729 3925 Ἴστρον.
764 3858 873 3909 Καὶ
900 3856 989 3908 τὸν
1025 3857 1167 3907 θεῖον
1199 3855 1292 3907 τοῦ
1321 3856 1558 3925 Χριστοῦ
1591 3873 1751 3907 σταυ-

168 3947 269 4014 ρον
313 3947 492 4013 πάσης
537 3945 952 4015 προηγούμενον
1004 3947 1101 4016 τῆς
1132 3947 1412 4015 δυνάμεως
1459 3948 1747 4016 φέροντες,

172 4039 545 4108 συρῥήγυνται
572 4040 680 4099 τοῖς
710 4039 1023 4101 ἀντιπάλοις
1052 4040 1132 4102 εις
1179 4040 1377 4109 μάχην,
1407 4040 1663 4110 κρατοῦσι
1693 4058 1749 4093 τε

170 4131 306 4200 ῥᾷον
337 4129 427 4180 τοῦ
454 4133 820 4200 κρατήσαντος
839 4148 851 4161 ·
878 4132 971 4184 καὶ
1001 4132 1062 4183 τὸ
1084 4133 1291 4185 ἐκείνου
1319 4133 1515 4201 πλῆθος
1547 4133 1751 4201 αἰχμαο

178 4222 352 4271 λωσέα
404 4222 496 4272 καὶ
548 4222 698 4289 ξίφος
746 4221 1114 4290 διεμερίζετοο
1183 4223 1336 4290 μόλις
1393 4221 1507 4291 μετ’
1557 4222 1750 4290 ὀλίγων

187 4310 554 4382 Ἀθαναρεχου
619 4310 718 4381 τὴν
783 4313 996 4381 σφαγὴν
1069 4312 1397 4382 αἰσχρότατα
1461 4312 1751 4384 διαπεφευ-

172 4399 355 4465 γότος.

256 4490 333 4541 l".
365 4488 509 4554 Αὕτη
538 4491 724 4556 γέγονε
744 4490 1013 4559 πρόφασις
1032 4492 1123 4541 καὶ
1150 4491 1298 4544 αἰτία
1320 4492 1750 4558 πολλαπλασίους
1778 4496 1830 4554 D

170 4581 286 4634 τῶν
337 4582 712 4652 προλαϐόντων
745 4581 810 4634 τὰ
848 4582 1186 4651 Χριστιανῶν
1227 4585 1574 4638 ἀσπάσασθαι
1615 4588 1741 4640 Γότ-

173 4673 329 4736 Οους.
372 4672 637 4743 υύρφιλος
680 4674 738 4726 δὲ
776 4671 1018 4741 διάδοχος
1065 4672 1162 4742 μὲν
1199 4673 1304 4726 τῶν
1342 4676 1743 4746 ἀρχιερατικῶν

255 4865 332 4934 (-2)
360 4864 458 4918 Hic
483 4870 648 4921 multa
681 4871 843 4923 verba
885 4869 1074 4925 Latine
1113 4880 1269 4925 erant
1303 4875 1520 4930 omissa.

247 4938 327 5007 (ὃ)
357 4937 575 5012 Certum
607 4948 709 5002 est,
743 4938 951 5012 Gothos
980 4956 1088 4994 non
1120 4958 1336 5012 semper
1395 4946 1449 4997 in
1490 4947 1649 5000 Dacia
1678 4949 1745 5006 ad

174 5006 670 5081 [stramhabitasse
702 5027 717 5076 ;
762 5011 854 5064 sed
882 5025 945 5063 ex
995 5013 1097 5064 alia
1122 5006 1338 5081 regione
1394 5019 1678 5072 remotiore
1715 5034 1743 5071 a

180 5079 427 5155 Romano
466 5076 692 5155 imperio
719 5082 783 5155 ad
813 5082 1008 5155 istrum
1046 5076 1359 5155 prongessos
1409 5098 1553 5155 esse,
1585 5097 1745 5155 prout

180 5153 367 5215 postea
387 5164 480 5215 per
499 5149 691 5219 multas
720 5150 929 5216 imperii
951 5149 1254 5219 provincias
1279 5169 1337 5204 se
1382 5149 1743 5211 diffuderunt.

179 5223 267 5297 ῥιι
315 5231 444 5294 vero
471 5233 535 5270 ex
567 5215 964 5297 Scandinavia,‘
990 5226 1102 5275 sive
1132 5236 1196 5275 ex
1256 5220 1521 5297 hodierno
1585 5242 1747 5297 regno

182 5288 433 5348 Succico,
479 5298 533 5359 ut
566 5296 678 5342 vult
710 5290 1036 5356 .Iornandes,
1090 5300 1270 5346 ortum
1299 5294 1574 5359 duret-int,
1640 5288 1746 5351 non

180 5367 265 5408 est
295 5360 457 5425 hujus
480 5355 578 5410 loci
615 5361 906 5427 inquirere.

258 5429 358 5496 μ),
409 5426 742 5494 Theophilus
820 5429 1028 5483 Gothiae
1104 5426 1442 5500 metropolita
1515 5438 1751 5491 concilio

182 5498 402 5571 Nerua
430 5501 979 5571 revet'asubseriptus
1006 5503 1215 5571 legitur.

255 5570 336 5641 (5)Δ
365 5569 484 5641 iam
528 5574 578 5620 in
617 5569 1016 5625 Commentario
1066 5569 1221 5629 Vnum.
1256 5581 1285 5633 7
1321 5579 1530 5641 monui,
1582 5586 1752 5631 totum

185 5645 287 5695 hoc
328 5638 525 5691 bellum
560 5654 667 5692 non
703 5642 864 5692 videri
887 5654 1116 5703 certum.
1177 5658 1229 5698 et
1257 5652 1483 5703 fortasse
1520 5638 1587 5699 ex
1640 5651 1753 5701 sola

184 5711 513 5780 confusione
534 5715 705 5780 tirlttltt
732 5722 873 5764 esse.
906 5714 1119 5780 Aliquid
1148 5726 1323 5772 tamen
1370 5720 1476 5770 veri
1529 5723 1755 5771 subesse

185 5794 379 5851 potest,
416 5780 460 5833 si
498 5777 859 5850 i’hriligernes
895 5777 1024 5836 cum
1060 5786 1275 5843 Valente
1303 5792 1595 5848 foederatus
1633 5792 1754 5850 luit,

1840 568 2088 633 barbara,
2123 584 2302 624 mores
2333 585 2463 625 vero
2487 570 2831 625 enutrierunt
2868 568 3086 622 Barbari
3121 580 3215 624 :et
3252 570 3410 627 inna-

1839 667 1945 713 tam
1985 660 2324 716 nobilitatem
2371 663 2594 717 minime
2629 661 3007 715 adulterarunt
3033 662 3102 728 (2
3126 668 3142 728 j
3167 698 3181 712 .
3217 662 3410 717 Sciunt

1838 765 2024 805 omnes
2054 750 2278 806 ﬂuvium
2319 753 2535 816 Istrum,
2577 753 2952 822 magnitudine
3001 753 3220 819 quidem
3267 754 3409 808 inter

1840 840 2033 897 ﬂuvios
2079 844 2308 904 clarum.
2348 860 2507 913 quem
2540 844 2719 914 lingua
2748 845 2865 911 ejus
2905 845 3138 914 regionis
3180 846 3413 915 appellat

1841 933 2169 989 Danubium.
2223 933 2432 989 Gothos
2462 945 2665 998 autem,
2702 936 2790 1004 qni
2823 936 2912 990 illo
2945 944 3187 1005 tempore
3219 953 3411 991 exces-

1840 1032 2024 1077 serant
2046 1040 2075 1077 e
2100 1024 2289 1091 patria,
2318 1026 2396 1096 (3)
2411 1022 2608 1077 ﬂuvius
2632 1023 2865 1077 habebat
2896 1022 3122 1077 aCColas.
3159 1020 3253 1077 Hic
3283 1038 3411 1093 ergo

1841 1114 2189 1169 admirandus
2236 1115 2471 1177 Nicetas,
2547 1127 2705 1168 natus
2748 1130 2777 1167 e
2814 1114 3056 1168 Gothicis
3094 1114 3415 1180 seminibus,

1841 1214 1895 1260 et
1925 1209 2158 1275 primum
2186 1206 2448 1260 honorem
2476 1210 2615 1274 apud
2645 1205 2766 1259 illos
2802 1216 3015 1269 nactus,
3051 1216 3156 1258 tam
3192 1216 3415 1273 propter

1843 1297 2148 1352 claritatem
2212 1298 2450 1365 generis,
2493 1313 2653 1366 quam
2690 1306 2911 1366 prOpter
2945 1296 3102 1350 aliam
3146 1299 3311 1349 animi
3359 1304 3415 1350 et

1842 1390 2091 1459 corporis
2153 1389 2393 1444 indolem
2440 1402 2494 1443 et
2536 1389 2939 1453 dexteritatem,
2988 1404 3098 1443 non
3149 1399 3265 1443 erat
3305 1388 3412 1442 vita

1840 1478 2093 1542 Goidtus,
2124 1495 2227 1533 nec
2254 1482 2515 1543 moribus,
2545 1496 2646 1535 nec
2679 1481 2804 1536 fide.
2837 1480 2969 1534 Nam
3001 1498 3171 1551 genus
3194 1481 3414 1550 quidem

1842 1570 2090 1625 vincebat
2150 1572 2425 1641 ingenium
2494 1588 2507 1624 :
2569 1587 2723 1626 amor
2794 1583 2973 1625 autem
3021 1574 3073 1625 in
3141 1573 3417 1626 Christum

1843 1658 2129 1714 barbaram
2204 1660 2514 1730 opinionem
2562 1676 2575 1713 :
2615 1661 2851 1714 studium
2897 1676 3027 1715 vero
3074 1661 3288 1716 virtutis
3326 1662 3416 1714 in-

1846 1753 2259 1824 temperantiam
2290 1753 2570 1813 Gothicam
2603 1764 2657 1808 et
2680 1752 2970 1808 feritatem.

1914 2022 1980 2077 li.
2018 2022 2114 2077 Hic
2147 2031 2324 2077 autem
2356 2023 2411 2075 in
2443 2021 2810 2077 adolescentia
2846 2020 3103 2074 hauserat
3139 2034 3289 2073 sacra
3318 2018 3424 2074 Ωιι.

1844 2123 1968 2171 enta
2004 2113 2265 2166 doctrinae
2309 2111 2616 2179 Theophili.
2668 2112 2848 2178 Quem
2893 2111 3111 2180 quidem
3148 2109 3425 2180 Theophi-

1844 2202 1953 2256 lum
1987 2202 2096 2271 (4)
2124 2217 2245 2256 cum
2281 2202 2402 2271 ejus
2459 2200 2582 2255 fidei
2630 2201 2823 2256 fuisset
2862 2203 3185 2257 commissus
3216 2202 3420 2257 Gotho-

1846 2310 1965 2348 rum
1997 2294 2362 2364 pontilicatus,
2391 2292 2696 2362 accepimus
2726 2292 3037 2347 interfuisse
3067 2294 3255 2362 prima:
3289 2296 3419 2347 uni-

1847 2386 2043 2441 versali
2085 2385 2289 2456 synodo
2334 2384 2591 2447 Nicaeam,
2633 2400 2905 2455 manuque
2957 2394 3012 2439 et
3056 2385 3235 2455 lingua
3272 2387 3414 2455 apud

1846 2491 2037 2531 omnes
2081 2475 2432 2530 confirmasse
2461 2477 2708 2546 dogmata
2768 2477 3008 2546 pietatis.
3058 2478 3190 2531 Cum
3240 2487 3420 2534 autem

1847 2582 1951 2619 non
2006 2566 2233 2618 multum
2270 2567 2665 2619 intercessisset
2718 2567 2998 2635 temporis,
3047 2576 3101 2620 et
3155 2569 3207 2621 in
3260 2580 3419 2637 gente

1845 2656 2164 2714 Goithorum
2216 2656 2354 2711 bella
2389 2656 2702 2725 erupissent
2732 2658 3009 2719 inteStina,
3044 2667 3096 2712 et
3126 2671 3310 2714 essent
3339 2661 3425 2714 (ii-

1848 2748 1945 2804 visi
1985 2749 2039 2803 in
2068 2748 2203 2804 duas
2241 2758 2440 2818 partes.
2474 2757 2528 2802 et
2557 2748 2650 2802 uni
2684 2748 2902 2818 quidem
2948 2760 3213 2818 praeesset
3265 2753 3425 2807 Ριιι-ί.

1848 2843 2103 2913 tigernes,
2134 2842 2301 2895 altera
2336 2850 2517 2896 autem
2561 2840 2715 2895 valde
2752 2842 2978 2895 terribili
3012 2852 3226 2910 pareret
3253 2844 3419 2898 Atha-

1847 2936 2050 2994 narico.
2094 2935 2180 2987 hic
2223 2936 2604 2993 Athanaricus,
2647 2940 2898 2999 suscepta
2948 2934 3198 2990 maximis
3241 2936 3417 3003 copiis

1851 3024 2194 3094 expeditione
2238 3023 2499 3076 adversus
2558 3020 2978 3091 Phritigernem.
3029 3034 3145 3077 erat
3201 3027 3419 3093 quidem

1849 3121 2088 3192 ejusdem
2108 3118 2319 3191 generis
2345 3119 2440 3173 sed
2459 3126 2573 3172 erat
2587 3117 2656 3171 ab
2671 3132 2735 3171 eo
2751 3119 2991 3179 avulsus,
3007 3117 3229 3172 victoria
3250 3128 3424 3186 parta,

1848 3213 2006 3281 erigit
2036 3222 2317 3279 tropaeum.
2355 3209 2716 3274 Quamobrem
2761 3206 3131 3278 Phritigernes
3164 3211 3215 3261 in
3258 3208 3425 3263 rebus

1848 3304 1960 3359 suis
2008 3303 2220 3357 aiﬂictis
2272 3304 2533 3371 spectavit
2579 3299 2644 3353 ad
2686 3298 2982 3353 Romanam
3036 3301 3337 3361 dexteram.
3369 3309 3426 3354 et

1847 3396 2074 3451 veniens
2131 3393 2429 3461 transfuga,
2484 3393 2677 3462 petivit
2724 3390 3009 3447 auxilium.
3060 3388 3260 3445 Valens
3324 3408 3424 3445 au-

1850 3499 1957 3545 tem
2006 3487 2207 3543 Christi
2251 3487 2525 3548 inimicus,
2555 3501 2620 3538 eo
2657 3495 2902 3552 tempore
2937 3485 3159 3538 tenebat
3210 3495 3424 3551 sceptra

1850 3586 2113 3639 Romana.
2164 3583 2263 3649 Qui
2300 3598 2419 3639 cum
2445 3580 2699 3652 jussisset
2729 3579 2794 3632 iis
2837 3578 2926 3647 qui
2970 3585 3128 3631 erant
3163 3578 3213 3630 in
3247 3575 3427 3631 Thra-

1851 3678 1956 3739 cia,
2030 3675 2293 3728 militibus
2363 3674 2504 3727 ferre
2556 3688 2713 3740 opem
2773 3671 2967 3739 exsuli,
3031 3670 3423 3737 Phritigernes,

1850 3768 2079 3823 Thracio
2120 3765 2360 3820 exercitu
2407 3772 2652 3832 accepto,
2692 3772 2748 3816 et
2790 3778 2873 3825 eo,
2924 3761 3015 3830 qui
3056 3762 3159 3815 sibi
3208 3778 3425 3817 reman-

1851 3870 2017 3923 serat.
2065 3858 2380 3912 transmittit
2419 3854 2633 3911 lstrutn.
2677 3852 2860 3923 itaque
2906 3852 3143 3907 ferentes
3187 3854 3424 3907 divinam

1851 3953 2053 4008 Christi
2096 3967 2340 4013 crucem,
2376 3949 2767 4017 pra-cedentem
2798 3961 2990 3999 omnes
3035 3961 3188 4000 snas.
3214 3946 3423 4015 copias,

1852 4042 2034 4112 praelio
2072 4040 2368 4111 conﬂigunt
2409 4053 2531 4093 cum
2562 4035 2913 4099 adversariis,
2947 4044 3000 4087 et
3042 4051 3165 4088 eum
3202 4038 3294 4104 qui
3342 4036 3425 4089 vi.

1851 4146 2024 4202 cerat,
2073 4134 2232 4189 facile
2299 4133 2557 4195 vincunt,
2597 4141 2652 4185 et
2697 4131 2839 4183 illius
2896 4130 3184 4183 multitudo
3233 4127 3426 4197 partim

1850 4229 2092 4293 cmditur,
2126 4226 2320 4295 partim
2353 4227 2580 4292 capitur,
2631 4238 2754 4277 cum
2786 4221 3147 4276 Athanaricus
3170 4225 3187 4288 (
3210 4222 3276 4293 5)
3315 4223 3428 4275 iur-

1868 4323 2090 4394 pissime
2112 4332 2233 4375 cum
2263 4321 2449 4390 paucis
2477 4333 2587 4373 suae
2609 4318 2729 4372 vitae
2756 4316 2879 4390 fuga
2898 4317 3284 4373 consuluisset.

1929 4503 2018 4558 ill.
2053 4500 2179 4554 ιιιεο
2212 4498 2310 4551 fuit
2340 4513 2500 4551 causa
2541 4508 2596 4551 et
2634 4497 2869 4560 occasio,
2900 4512 2999 4552 cur
3045 4496 3231 4551 multis
3272 4496 3429 4553 exiis

1846 4595 1938 4664 qui
1972 4597 2364 4663 praecesserunt
2392 4588 2579 4642 Gothis
2603 4587 2701 4657 (6),
2743 4586 3302 4654 rcligionematnplexi
3322 4587 3430 4645 sint

1844 4686 2232 4742 Christianam.
2270 4680 2526 4751 Urphilas
2554 4678 2631 4749 (7)
2659 4688 2847 4733 autem
2867 4677 2970 4732 fuit
2991 4678 3276 4748 Theophili
3306 4694 3423 4735 suc-

1845 4883 2059 4955 quaudo
2093 4881 2179 4936 hic
2199 4895 2343 4955 anno
2364 4880 2467 4934 567
2496 4888 2681 4955 contra
2737 4878 2942 4931 Gothos
2999 4876 3195 4955 bellum
3222 4878 3404 4949 gessit.

1847 4950 1999 5012 clade
2038 4953 2346 5007 Athanarici
2393 4965 2536 5003 anno
2574 4951 2693 5013 .369,
2733 4960 3027 5016 secutaque
3056 4950 3247 5002 eodem
3284 4963 3428 5003 anno

1846 5043 1976 5099 pace
2007 5026 2237 5099 (illitum.

1924 5098 1999 5168 (ti)
2033 5096 2195 5168 Erant
2258 5090 2474 5162 quidem
2538 5088 2682 5168 inter
2728 5089 2934 5168 Gothos
2977 5088 3269 5168 Christiani
3320 5103 3427 5168 non

1854 5158 2044 5238 pauci;
2100 5165 2191 5216 sed
2258 5158 2319 5213 ea
2379 5159 2664 5213 occasione
2723 5161 2893 5213 multo
2944 5162 3123 5229 plures
3179 5158 3426 5213 converti

1851 5244 2163 5307 potuerunt.

1923 5306 1998 5374 (7)
2029 5301 2283 5374 Urphilas
2314 5311 2411 5374 aut
2441 5299 2665 5369 Urphila
2715 5300 3057 5374 connnunius
3091 5308 3321 5374 vocatur
3359 5296 3426 5351 ab

1852 5368 1996 5432 aliis.
2048 5368 2239 5439 Aliqua
2274 5371 2360 5425 hic
2411 5368 2531 5422 non
2568 5379 2711 5423 recte
2740 5369 2806 5439 de
2838 5368 2957 5436 ipso
3000 5368 3102 5439 dici
3151 5369 3424 5423 videntur.

1856 5444 2091 5499 Consule
2119 5436 2300 5509 itaque
2334 5443 2400 5495 de
2458 5439 2669 5506 Ulphila
2712 5436 2855 5492 dicta
2883 5439 2936 5491 in
2989 5438 3423 5509 Commentario,

1855 5532 2007 5571 num.
2045 5516 2076 5566 9
2105 5523 2157 5565 et
2213 5508 2301 5573 i0,
2348 5527 2411 5565 ex
2452 5511 2649 5577 quibus
2684 5511 2878 5578 liquet,
2931 5524 3039 5562 non
3074 5508 3141 5560 de
3188 5510 3427 5561 secunda

1859 5586 2063 5655 synodo
2088 5583 2441 5655 wcumenica
2465 5580 2687 5655 intelligi
2737 5593 2897 5655 posse
2924 5591 3061 5655 _m_ozt
3119 5578 3422 5655 sequentia,

1860 5646 1904 5708 si
1965 5670 2089 5709 vera
2146 5662 2295 5715 sunt,
2349 5651 2444 5705 sed
2504 5651 2571 5703 de
2646 5646 2854 5721 Synodo
2908 5648 3231 5703 Arianorum
3296 5646 3426 5701 anni
