4156 6314
173 363 281 424 709

1245 358 1711 423 MARTYRIUM
1754 357 1816 415 S.
1864 353 2156 415 NICETIE
2193 348 2455 412 GOTHI.

3299 341 3406 407 710

174 474 314 527 τέλει
355 475 770 545 κεκοσμημένον
796 492 809 506 ⁸
854 476 1111 545 ἠϐούλετο
1142 477 1251 546 γὰρ
1288 474 1605 550 ἀχωρίστως
1644 473 1743 524 αὺ-

1867 467 2160 538 ;itationes,
2188 479 2424 535 quonam
2455 459 2617 515 modo
2648 466 2833 528 posset
2862 469 3060 525 corpus
3095 454 3253 508 amici
3281 455 3417 508 acci-

174 564 267 617 τοῦ
297 566 461 635 ἔχειν,
498 568 570 628 ὡς
601 562 709 619 οἷόν
743 585 799 620 τε
826 572 917 620 καὶ
943 572 1078 637 μετὰ
1103 570 1329 621 θάνατον
1357 583 1366 595 ·
1393 567 1533 618 οὕτω
1559 579 1739 630 τοιγα-

180 656 303 721 ροῦν
340 657 727 726 σκοπούμενος,
771 660 907 729 diu)?!
956 677 1083 713 ποτε
1124 660 1231 711 τῶν
1276 660 1483 712 νυκτῶν
1528 657 1615 710 διὰ
1649 656 1741 706 τὸν

189 746 542 817 Ἀοαναρίχου
576 750 738 816 φόϐον
774 752 954 819 (αὐτὸς
986 751 1094 819 γὰρ
1123 751 1270 819 αὐτῷ
1291 750 1388 819 τὴν
1421 747 1512 801 τοῦ
1539 763 1744 817 μαρτυ-

179 838 330 904 ρικοῦ
364 838 610 907 σώματος
647 842 910 911 ἀνάληψιν
938 843 995 893 οὐ
1038 842 1233 912 μεθίει)
1271 842 1493 902 ἐπιστὰς
1524 844 1582 893 ὲν
1614 832 1657 906 ᾧ
1680 839 1744 891 τὰ

178 929 284 980 τῶν
348 932 517 997 ἁγίων
566 932 848 1002 διέρριπτο
902 933 1147 1001 λείψανα,
1201 935 1321 986 ἐπεὶ
1369 934 1584 1000 ἀγνοεῖν
1630 930 1743 999 εἶχε

180 1023 332 1076 ποῖόν
363 1025 476 1073 ἐστι
507 1022 563 1074 τὸ
601 1024 1059 1092 ὲπιζητοῦμενον,
1095 1025 1243 1093 παρὰ
1279 1024 1465 1075 τούτου
1501 1023 1747 1075 διδάσκε-

178 1131 289 1179 ται,
350 1119 479 1185 παρ’
511 1110 568 1169 οὗ
608 1118 699 1169 καὶ
748 1118 907 1184 μάγοι
955 1118 1049 1187 τὴν
1097 1119 1303 1169 ἐκείνου
1346 1115 1740 1183 προσκύνησιν.

181 1206 419 1274 Δύναμις
471 1210 578 1278 γὰρ
617 1208 842 1277 οὐρανία
896 1225 977 1269 τις
1026 1210 1117 1260 καὶ
1161 1207 1466 1276 ἀσώματος,
1520 1209 1745 1275 ἀστέρος

189 1299 492 1351 ὑπελθοῦσα
546 1303 786 1369 μορφὴν,
821 1300 911 1352 τοῦ
938 1300 1176 1369 χρηστοῦ
1213 1302 1502 1369 προηγεῖτο
1532 1300 1748 1366 Μαρια·

183 1391 273 1442 νοῦ
322 1393 462 1458 μάλα
514 1394 695 1456 σαφῶς
746 1394 837 1443 καὶ
884 1394 1213 1462 γνωρίμως·
1276 1394 1366 1445 καὶ
1416 1393 1514 1444 οὐκ
1570 1390 1749 1456 ἁπέση

180 1479 341 1530 τοῦτο
377 1479 543 1529 ποιῶν
574 1480 598 1527 ὁ
641 1481 958 1546 φαινόμενος
998 1483 1203 1538 ἐκεῖνος
1240 1478 1433 1547 ἀστὴρ,
1471 1477 1575 1539 ἕως
1617 1477 1750 1528 ὑπέ-

181 1571 325 1632 δειξε
373 1570 430 1620 τὸ
464 1570 812 1638 ποθούμενον.
853 1572 923 1622 Τὸ
959 1571 1013 1626 δὲ
1048 1567 1134 1640 ἦν,
1175 1571 1235 1621 οὗ
1276 1569 1523 1636 λείψανόν
1554 1585 1605 1619 τι
1656 1567 1749 1618 καὶ

190 1662 379 1728 μέρος,
420 1662 550 1714 ἀλλὰ
595 1663 752 1732 σῶμα
794 1663 1085 1731 ὀλόκληρον
1132 1661 1231 1729 τῆς
1275 1662 1549 1730 μακαρίας
1587 1659 1751 1720 ὅντως

179 1754 355 1822 ψυχῆς
391 1756 524 1823 μετά
554 1756 659 1805 τῶν
688 1756 880 1815 ἄλλων,
918 1757 1162 1819 κρεῖττον
1196 1755 1366 1823 φανὲν
1403 1756 1496 1806 καὶ
1531 1753 1705 1819 πυρὸς
1732 1788 1748 1815 ,

182 1845 373 1915 ὥσπερ
413 1847 517 1914 ἄρα
565 1846 657 1898 καὶ
701 1847 887 1913 κλῆσις
930 1845 1210 1913 ηΰούλετο,
1268 1846 1407 1913 πλὴν
1459 1845 1582 1896 ὅσον
1631 1844 1749 1915 ἴχνη

182 1939 307 1991 τινὰ
341 1940 551 2000 σώζειν,
587 1941 678 1989 καὶ
705 1938 825 1989 οὐδὲ
856 1937 1028 1991 ταῦτα
1059 1938 1229 2005 σαφῆ,
1264 1937 1377 1988 ἀλλ’
1417 1936 1554 1988 ὥστε
1592 1934 1750 2003 δῆλον

186 2025 345 2091 εἶναι,
371 2029 451 2079 ὅτι
484 2032 614 2098 πυρὶ
647 2029 1087 2098 προσωμίλησεν.
1126 2028 1293 2078 Τοῦτο
1316 2026 1492 2077 τοίνυν
1531 2024 1588 2076 ea
1612 2026 1753 2092 ἱερὸν

189 2119 349 2188 σῶμα
379 2120 516 2189 ίὶήκῃ
541 2120 734 2182 ἐνθεὶς,
765 2122 858 2171 καὶ
893 2120 1274 2187 μαρτυρικαῖς,
1303 2116 1490 2183 ὥσπερ
1519 2115 1646 2176 ἔδει,
1675 2132 1753 2167 τι·

191 2210 310 2277 μῶν
368 2209 711 2277 ίερολογίαις,
771 2209 848 2269 είς
898 2209 995 2275 τὴν
1053 2206 1245 2260 ἑαυτοῦ
1306 2205 1539 2274 πατρίδα
1591 2200 1754 2270 μετα-

191 2299 427 2370 κομίζει.

268 2565 357 2630 ς’.
398 2562 506 2615 Καὶ
537 2566 599 2632 τῇ
646 2562 884 2632 ἰδιωτικῇ
912 2563 1227 2633 παραμένον
1253 2560 1417 2633 οἰκίᾳ,
1442 2560 1759 2631 δημοτελεῖς

189 2653 436 2722 ἑπὴγαζε
455 2654 553 2716 τὰς
577 2655 766 2716 ίάσεις.
794 2655 900 2707 Καὶ
930 2657 1035 2724 γὰρ
1059 2653 1266 2722 ἁγαῢῆς
1288 2652 1361 2706 ὢν
1388 2653 1564 2723 ψυχῆς
1591 2649 1759 2718 οἶκος,

194 2750 298 2818 μιᾷ
328 2749 689 2817 περιγράφειν
719 2747 868 2816 οίκία
900 2746 997 2809 τὰς
1031 2747 1164 2807 ἰδίας
1194 2747 1292 2799 οὐκ
1320 2747 1508 2815 ἠγάπα
1544 2745 1757 2816 Θαυμα-

190 2840 471 2907 τουργίας,
489 2840 622 2891 ἀλλὰ
648 2840 822 2891 κοινὸν
843 2834 909 2909 ἦν
937 2838 1368 2909 Μοψουεστηνῶν
1396 2838 1717 2908 ὲντρύφημα
1740 2854 1754 2869 ·

194 2931 399 2997 μᾶλλον
429 2930 481 2981 δὲ
514 2932 605 2982 καὶ
637 2930 743 2981 τῶν
776 2931 1066 2999 ἀλλαχόθεν
1095 2930 1426 2999 φοιτώντων,
1461 2930 1759 2991 ἀπόλαυσις

188 3025 256 3076 οὐ
299 3023 680 3092 δαπανωμένη.
733 3022 923 3091 Χρόνῳ
966 3022 1021 3074 δὲ
1072 3022 1293 3091 ὕστερον
1355 3022 1446 3074 καὶ
1504 3021 1629 3085 ναὸς
1680 3020 1758 3091 τῷ

1847 575 1994 630 pere,
2027 558 2263 613 maxime
2295 556 2386 611 tali
2422 553 2528 608 ﬁne
2584 558 2833 605 ornatum
2871 567 2884 602 :
2919 548 3135 602 volebat
3169 548 3314 601 enim
3345 546 3413 601 ab

1846 654 1964 721 ipso
2010 665 2120 704 non
2179 648 2441 719 separari,
2496 654 2754 715 quantum
2802 650 3033 711 poterat,
3084 641 3244 694 etiam
3295 646 3417 708 post

1846 751 2106 796 mortem.
2150 741 2287 795 Cum
2349 753 2479 809 ergo
2511 738 2589 791 sic
2623 734 3009 793 consideraret.
3061 732 3275 787 tandem
3331 730 3416 782 in-

1849 842 2109 903 tempesta
2160 844 2318 887 nocte
2373 840 2593 900 pr0pter
2645 838 2847 882 metum
2900 823 3234 889 Athanarici,
3278 824 3418 892 (ipse

1846 926 1991 980 enim
2023 940 2130 978 non
2165 923 2530 993 permittebat,
2568 929 2627 974 ut
2658 920 2999 988 acciperetur
3035 930 3231 985 corpus
3272 929 3420 968 mar—

1849 1018 1996 1088 tyris)
2027 1016 2289 1070 accedens
2321 1015 2373 1068 in
2399 1029 2521 1068 eum
2546 1012 2744 1074 locum,
2776 1010 2828 1064 in
2855 1025 2963 1079 quo
2991 1016 3147 1063 erant
3169 1007 3421 1077 proiecta

1849 1117 2161 1162 sanctorum
2214 1105 2476 1175 reliquiae,
2516 1103 2771 1174 quoniam
2832 1103 3115 1172 ignorabat
3141 1102 3415 1171 quodnam

1850 1209 1991 1252 esset
2018 1199 2159 1266 quod
2201 1197 2565 1264 quaerebatur,
2602 1195 2668 1248 ab
2699 1209 2764 1249 eo
2799 1195 3027 1249 docetur
3055 1211 3084 1248 a
3126 1210 3236 1263 quo
3284 1191 3420 1263 Magi

1851 1290 2165 1344 didicerunt
2186 1289 2328 1343 illitis
2355 1288 2749 1346 adorationem.
2780 1286 2963 1341 Virtus
2997 1288 3143 1341 enim
3170 1286 3415 1355 quaedam

1853 1381 2091 1435 caelestis
2114 1390 2169 1433 et
2190 1381 2526 1448 incorporea,
2547 1380 2714 1434 stellae
2731 1379 2900 1433 forma
2922 1389 3195 1447 suscepta,
3216 1380 3421 1432 bonum

1854 1472 2191 1542 praet-debat
2242 1470 2542 1526 Marianum
2588 1481 2779 1540 aperte
2813 1480 2865 1525 et
2912 1471 3213 1536 evidenter,
3245 1484 3426 1538 neque

1852 1563 2057 1616 destitit
2088 1562 2188 1615 hoc
2234 1561 2415 1615 facere
2439 1562 2526 1614 illa
2567 1562 2740 1624 stella,
2771 1577 2890 1629 qua:
2917 1561 3229 1631 apparebat,
3254 1561 3429 1615 donec

1854 1651 2092 1704 ostendit
2121 1650 2173 1703 id
2208 1650 2353 1718 quod
2395 1650 2819 1703 desiderabatur.
2857 1650 2909 1702 Id
2943 1661 3126 1703 autem
3163 1658 3280 1703 erat
3315 1664 3424 1703 non

1858 1742 2096 1811 reliquiae
2122 1741 2318 1810 aliqua}
2353 1749 2417 1794 et
2443 1756 2589 1809 pars.
2623 1741 2716 1794 sed
2759 1756 2957 1808 corpus
2982 1740 3250 1810 integrum
3282 1739 3428 1794 illius

1859 1850 1985 1888 vere
2038 1833 2206 1887 beata:
2262 1834 2475 1886 animm.
2519 1832 2672 1898 Quod
2725 1832 2942 1902 quidem
3006 1832 3259 1901 apparuit
3306 1832 3431 1901 igne

1859 1926 2026 1980 fuisse
2067 1927 2359 1995 potentius,
2396 1927 2538 1980 sicut
2588 1925 2747 1979 etiam
2789 1925 3001 1978 volebat
3046 1925 3162 1989 ejus
3196 1924 3433 1993 appella-

1860 2016 1957 2080 tio,
2012 2017 2118 2071 nisi
2172 2017 2317 2086 quod
2360 2017 2535 2070 solum
2577 2017 2819 2083 quadam
2872 2016 3121 2070 servabat
3180 2016 3430 2085 vesugia,

1861 2124 2034 2178 neque
2076 2124 2139 2163 ea
2173 2118 2382 2178 aperta,
2427 2109 2518 2163 sed
2548 2118 2607 2163 ut
2637 2118 2845 2162 tantum
2879 2116 3191 2178 appareret,
3227 2106 3279 2161 id
3308 2122 3432 2161 cum

1860 2201 1984 2269 igne
2032 2215 2152 2255 esse
2199 2215 2572 2271 congressum.
2632 2199 2741 2253 Hoc
2792 2215 2920 2269 ergo
2970 2213 3182 2253 sacrum
3235 2213 3434 2268 corpus

1863 2309 1985 2348 cum
2021 2294 2191 2347 theca:
2231 2292 2599 2362 imposuisset,
2646 2292 2969 2361 martyricis,
3007 2300 3062 2345 ut
3112 2299 3344 2360 oportet,
3380 2298 3435 2343 et

1868 2386 2037 2441 sacris
2072 2386 2125 2440 id
2161 2386 2434 2439 honoratis
2464 2385 2827 2449 orationibus,
2881 2384 3141 2439 transfert
3174 2383 3229 2436 in
3280 2397 3433 2436 suam

1865 2479 2093 2548 patriam
2129 2477 2261 2545 (10).
2858 2484 2861 2487 ‘

1936 2569 2025 2625 Vl.
2045 2569 2111 2623 Et
2135 2584 2257 2623 cum
2282 2567 2361 2624 sic
2391 2576 2636 2623 maneret
2666 2566 2722 2621 in
2764 2567 2923 2623 domo
2946 2570 3174 2636 privata.
3197 2566 3449 2635 publicas

1878 2672 2057 2718 tamen
2111 2663 2422 2717 cﬂ‘undcbat
2466 2665 2798 2718 curationes.
2854 2660 3063 2715 Etenim
3116 2676 3239 2716 cum
3295 2669 3441 2715 esset

1865 2756 2057 2810 domus
2088 2755 2242 2810 bonae
2271 2755 2484 2818 animae,
2521 2770 2629 2808 non
2659 2753 2788 2809 satis
2821 2753 3054 2807 habebat
3088 2752 3211 2807 unis
3234 2753 3440 2807 aedibus

1864 2863 1960 2902 sua
2005 2848 2454 2903 circumscribere
2494 2846 2751 2901 miracula
2784 2864 2796 2901 :
2835 2845 2928 2900 sed
2960 2856 3077 2900 erat
3119 2860 3441 2901 communes

1864 2940 2070 2994 deliciae
2117 2940 2641 3009 Mopsuestanorum,
2675 2939 2784 2992 imo
2814 2952 2942 2992 vero
2991 2952 3176 2990 corum
3223 2945 3441 3004 duoque

1867 3033 1956 3102 qui
1982 3031 2199 3086 aliunde
2233 3031 2585 3095 ventitabant,
2622 3045 2752 3084 usus
2784 3029 3011 3088 fructus.
3048 3028 3138 3094 qui
3170 3044 3277 3081 non
3309 3044 3441 3083 con-

194 3114 821 3184 μάρτυριᾼὰνεγείρεται,
847 3115 939 3166 καὶ
970 3115 1130 3176 αὐτὸς
1158 3113 1216 3165 τὸ
1245 3119 1419 3180 τίμιον
1446 3115 1760 3183 ὑποδέχεται

1867 3120 2197 3174 sumebatur.
2256 3120 2590 3173 Procedente
2646 3129 2825 3172 autem
2864 3128 3125 3182 tempore,
3176 3117 3438 3185 templum

195 3208 377 3278 σῶμα,
416 3208 797 3277 φανερωτέρας
825 3205 917 3257 τοῦ
950 3205 1134 3258 λοιποῦ
1168 3206 1263 3267 τὰς
1297 3206 1489 3257 ἑαυτοῦ
1524 3208 1764 3275 παρέχον

195 3302 558 3371 ἑνεργασίας,
622 3302 715 3354 καὶ
770 3300 1050 3369 μηδέποτε
1085 3298 1246 3368 λῆγον
1302 3298 1442 3350 κατὰ
1496 3299 1764 3350 παντοίων

197 3394 389 3444 παθῶν
436 3395 524 3445 καὶ
549 3395 717 3445 νόσων
762 3393 1068 3461 ἱστάμενον.
1102 3391 1289 3459 Ὅμως
1328 3392 1360 3459 ή
1401 3390 1488 3441 τὸν
1528 3389 1763 3458 ἀθλητὴν

196 3485 430 3554 πρώτως
460 3490 604 3538 οἰκία
635 3485 1020 3554 ξενοδοχήσασα
1043 3486 1138 3552 τῆς
1161 3484 1319 3551 ἁγίας
1349 3485 1559 3554 ἐκείνης
1588 3485 1767 3553 χειρὸς

197 3575 422 3627 πλουτεῖ
445 3576 532 3625 τὸν
554 3576 828 3642 ἀντίχειρα
853 3576 943 3626 καὶ
963 3575 1160 3642 ταύτην
1188 3574 1490 3635 ἰδιάζουσαν
1509 3575 1667 3641 χάριν
1692 3573 1765 3642 τῷ

197 3666 341 3734 φίλῳ
372 3662 636 3733 Μαριανῴ
673 3663 914 3731 quue
945 3667 970 3715 ὁ
1006 3662 1167 3724 καλὸς
1202 3662 1418 3728 δίδωσι,
1456 3664 1551 3714 καὶ
1588 3663 1767 3731 φιλίας

196 3759 409 3817 ἐκεῖνος
450 3757 647 3825 νόμους
692 3755 784 3808 καὶ
832 3755 1007 3819 ξενίας
1049 3758 1225 3826 τιμῶν
1266 3757 1401 3826 ὅπερ
1443 3758 1616 3810 οὐδενί
1663 3775 1770 3811 τινι

197 3848 348 3913 ἄλλῳ
380 3851 603 3917 ποιῆσαι
634 3851 974 3918 παραχωρεῖ,
1012 3851 1104 3901 καὶ
1130 3848 1302 3919 τούτῳ
1327 3851 1465 3919 τάχα
1498 3852 1587 3903 τὸν
1618 3850 1767 3919 φίλον

195 3939 458 4004 δοξάζων.
493 3941 596 3989 Καὶ
622 3941 728 4008 γὰρ
762 3940 1077 4004 Λὺξέντιος,
1113 3940 1168 4001 ὃς
1208 3940 1304 4008 τῆς
1346 3942 1639 4011 εἰρημένης
1674 3943 1769 3995 πό-

196 4037 339 4091 λεως
374 4029 665 4091 ἐπίσκοπος
700 4024 766 4097 ἧν
790 4069 803 4093 ,
838 4032 1189 4099 ἐπιχειρήσας
1225 4031 1555 4101 ἀπομερίσαι
1590 4048 1642 4085 τι
1674 4032 1767 4085 τοῦ

200 4122 456 4191 σώματος
500 4123 593 4174 καὶ.
634 4122 850 4185 λαόεἰν,
883 4122 1070 4191 εἴληφε
1108 4123 1206 4190 μὲν
1235 4123 1383 4176 οὐδὲν
1405 4163 1419 4189 ,
1453 4116 1526 4177 ὧν
1557 4124 1769 4195 ἐξῄτει,

198 4214 365 4265 ἔλαϐε
392 4214 446 4265 δὲ
472 4213 611 4280 δέος,
648 4212 767 4265 οὕτε
804 4214 997 4283 μικρὸν
1028 4213 1135 4265 οὐδ’
1166 4214 1292 4266 ὃ).ον
1324 4217 1621 4281 ἁνὲκφορον
1652 4217 1770 4283 μεῖο

201 4308 417 4359 ναίκαὶ
442 4306 643 4371 λαϐεῖν,
679 4307 793 4358 ἀλλ’
822 4306 962 4359 ὥστε
994 4306 1087 4358 καὶ
1119 4307 1279 4359 αὑτοῦ
1312 4309 1408 4375 τὴν
1442 4307 1617 4378 φυλὴν
1651 4308 1769 4361 λίαν

204 4396 658 4465 κατασεισθῆναι,
693 4397 786 4447 καὶ
819 4398 1139 4450 διδάσκαλον
1168 4402 1277 4462 τοῖς
1313 4399 1491 4462 ἄλλοις
1522 4400 1772 4467 γενέσθαι

1872 3228 2085 3281 quoque
2114 3213 2384 3267 excitatur
2425 3210 2667 3281 martyri,
2706 3220 2759 3265 et
2790 3214 2967 3279 ipsum
2998 3226 3195 3279 corpus
3219 3210 3443 3280 suscipit

1870 3303 2259 3364 venerandum,
2303 3301 2642 3369 apertissima
2687 3301 2754 3354 de
2785 3310 2981 3353 caetero
3017 3300 3304 3354 conferens
3346 3300 3440 3354 be-

1870 3390 2084 3453 neﬁcia,
2140 3400 2193 3445 et
2229 3394 2490 3444 resistens
2537 3390 2790 3444 omnibus
2830 3391 3032 3444 morbis
3070 3399 3123 3444 et
3155 3389 3317 3445 vitiis.
3348 3388 3441 3446 Illa

1875 3492 2049 3537 tamen
2077 3482 2289 3542 domus.
2316 3498 2436 3552 quae
2458 3484 2714 3538 athletam
2746 3483 2922 3552 primo
2945 3484 3156 3551 accepit
3183 3483 3438 3551 hospitio.

1874 3575 2076 3628 ditatur
2097 3573 2288 3643 pollice
2309 3590 2477 3628 sacrae
2506 3577 2648 3630 illius
2680 3588 2891 3637 manus,
2919 3584 2973 3628 et
2997 3577 3139 3629 hanc
3167 3578 3439 3645 propriam

1873 3668 2098 3731 gratiam
2141 3666 2318 3721 amico
2371 3667 2612 3721 Mariano
2641 3668 2734 3723 dat
2778 3667 2865 3722 ille
2909 3670 3155 3738 egregius
3204 3669 3441 3732 Nicetas.

1875 3756 2147 3809 honoratis
2208 3757 2458 3811 amicitiae
2515 3758 2659 3826 leges
2708 3768 2768 3812 et
2825 3758 3225 3826 hospitalitatis.
3287 3759 3440 3827 Quod

1871 3849 2088 3917 quidem
2119 3849 2248 3902 nulli
2286 3850 2375 3903 alii
2405 3851 2534 3905 sinit
2560 3853 2755 3917 facere,
2791 3852 2843 3906 in
2887 3853 2991 3907 hoc
3023 3868 3240 3923 quoque
3266 3855 3445 3909 amico

1876 3942 2099 4011 gloriam
2157 3943 2425 3997 tribuens.
2468 3945 2674 3997 Etenim
2710 3946 3012 3999 Auxentius
3043 3947 3175 4015 (Η),
3205 3947 3294 4015 qui
3330 3958 3447 4001 erat

1874 4034 2031 4089 dictae
2070 4033 2301 4087 civitatis
2331 4034 2643 4104 episcopus,
2675 4049 2796 4089 cum
2830 4050 3115 4107 aggressus
3150 4046 3293 4091 esset
3320 4038 3440 4105 ejus

1873 4126 2118 4193 corporis
2145 4126 2343 4193 aliquid
2384 4126 2624 4181 dividere
2658 4137 2709 4181 et
2738 4128 3003 4195 accipere,
3057 4128 3194 4181 nihil
3224 4128 3443 4197 quidem

1877 4217 2085 4285 accepit
2113 4231 2323 4283 eorum,
2359 4232 2479 4285 quae
2512 4219 2762 4273 volebat:
2797 4234 2918 4271 eum
2958 4229 3135 4273 autem
3168 4235 3279 4273 non
3313 4236 3443 4290 par-

1876 4324 1977 4363 vus
2008 4308 2201 4361 invasit
2246 4318 2444 4371 metus,
2498 4323 2599 4362 nec
2645 4309 2932 4377 ejusmodi,
2968 4320 3025 4365 ut
3057 4326 3163 4364 non
3198 4311 3252 4365 in
3285 4325 3447 4380 aper-

1881 4410 1991 4455 tum
2042 4400 2304 4469 prodiret.
2360 4409 2454 4454 aut
2506 4400 2720 4462 lateret,
2771 4402 2863 4455 sed
2916 4417 3021 4470 quo
3066 4402 3184 4470 ejus
3234 4416 3448 4470 quoque

201 4484 289 4551 οἷς
321 4505 380 4541 τε
421 4484 525 4541 εἶδε
554 4488 647 4541 καὶ
680 4481 758 4551 οἷς
807 4488 965 4551 αὐτὸς
1001 4487 1421 4561 ὲξεδειματὼθη,
1470 4493 1673 4561 μηδένα
1716 4494 1760 4545 τί

1879 4490 2053 4544 anima
2087 4490 2249 4545 fuerit
2283 4490 2435 4545 valde
2469 4491 2686 4561 agitata,
2720 4499 2773 4545 et
2800 4490 2933 4544 alios
2959 4491 3203 4545 docuerit
3232 4491 3297 4546 iis
3328 4506 3449 4560 quze

203 4582 395 4636 λοιπον
423 4586 579 4653 χεῖρα
600 4582 876 4652 τολμηρὰν
902 4583 1221 4653 προτείνειν,
1254 4584 1387 4654 μηδὲ
1415 4586 1578 4655 μέρος
1604 4603 1653 4637 τι
1686 4586 1774 4637 τοῦ

206 4673 465 4743 σώματος
492 4675 639 4744 παρὰ
666 4674 888 4745 γνώμην
913 4674 970 4728 ὃν
999 4676 1146 4744 αὐτῷ
1184 4678 1496 4748 παρασπᾷν,

284 4968 358 5018 Ζ’.
394 4960 582 5025 Ὅπως
612 4962 665 5014 δὲ
698 4963 892 5032 συνέόη
919 4962 978 5015 τὸ
1007 4961 1121 5026 δέος
1152 4961 1244 5016 καὶ
1272 4961 1377 5015 τίσι
1400 4961 1576 5030 λόγοις
1602 4963 1781 5032 εἶργε.

204 5077 303 5113 ται
342 5057 440 5125 τῆς
474 5055 900 5127 ἐπιχειρήσεως,
940 5058 967 5109 ὁ
998 5055 1152 5121 λόγος
1186 5055 1433 5127 δηλώσει.
1484 5057 1775 5125 ’Λνὲστησε

211 5154 317 5223 μὲν
347 5152 453 5220 γὰρ
492 5152 519 5203 ὁ
546 5150 881 5219 φιλόμαρτυς
909 5139 1061 5209 οὗτος
1090 5148 1374 5218 ἀρχιερεὺς
1406 5150 1516 5210 τοῖς
1544 5148 1781 5201 καλλινί-

208 5260 332 5305 κοις
364 5242 472 5292 τῶν
494 5241 790 5313 μαρτύρων
821 5240 966 5307 ναὸν,
996 5240 1233 5311 Ταρὰχῳ
1262 5238 1320 5291 τέ
1351 5255 1488 5308 φημι
1523 5241 1615 5293 καὶ
1647 5240 1782 5309 Πρό-

286 5424 401 5497 (IO)
433 5420 659 5497 Additur
692 5420 742 5497 in
774 5418 972 5497 Latina
1002 5414 1249 5471 versione
1281 5430 1294 5467 :
1363 5410 1426 5492 Et
1450 5419 1575 5497 tunc
1604 5410 1780 5497 ipsum

209 5483 364 5553 duini
386 5483 503 5549 suae
532 5492 792 5560 deponit.)
823 5491 890 5541 At
922 5488 1007 5541 illa
1046 5502 1152 5560 non
1209 5492 1336 5538 sunt
1365 5483 1419 5534 in
1474 5486 1784 5560 apographo

210 5552 407 5622 nostro
465 5552 670 5615 Granio.
726 5552 802 5613 Ei
830 5557 1181 5626 sequentibus
1241 5565 1419 5609 tamen
1476 5552 1687 5620 liquet,
1727 5556 1779 5607 in

213 5640 425 5707 privata
443 5635 619 5707 domo
639 5644 832 5707 corpus
864 5629 1029 5707 fuisse
1058 5626 1312 5707 positum;

289 5708 403 5771 (Il)
467 5702 520 5753 In
546 5769 553 5771 ξ
582 5692 833 5767 Catalogo
878 5692 1213 5771 “antistitum
1249 5692 1779 5771 AMopsttestenorun}

211 5763 675 5849 apud1.eqttiett.,
716 5763 846 5824 ιοῐιι.
877 5769 916 5819 ιι
982 5765 1209 5819 Orientis
1238 5763 1653 5835 Christiania-oi.
1683 5767 1784 5820 590

1878 4583 2034 4645 vidit,
2066 4591 2118 4634 et
2150 4591 2372 4642 terrore,
2408 4596 2515 4650 quo
2542 4591 2621 4633 est
2645 4583 2893 4645 allectus,
2924 4589 2980 4633 ut
3009 4596 3167 4633 nemo
3190 4582 3448 4649 deinceps

1880 4686 2095 4725 manum
2131 4669 2388 4724 audacem
2441 4669 2757 4740 porrigeret,
2792 4685 2969 4739 neque
3023 4670 3185 4723 ullam
3236 4680 3444 4740 partem

1879 4763 1995 4832 ejus
2033 4765 2289 4832 corporis,
2330 4777 2450 4816 cum
2479 4770 2623 4817 esset
2652 4770 2850 4832 praeter
2888 4762 3056 4832 ipsius
3095 4760 3444 4828 sententiam,

1879 4854 2145 4909 avelleret.

1952 4945 2063 5000 VII.
2103 4944 2347 5011 Quonam
2398 4947 2560 5001 modo
2591 4954 2774 5002 autem
2808 4956 2982 5002 metus
3033 4948 3123 5003 hic
3150 4948 3364 5013 accidit,
3395 4961 3450 5005 et

1882 5038 2206 5108 quibusnam
2238 5040 2417 5093 verbis
2460 5040 2762 5110 prohibitus
2791 5038 2979 5103 fuerit,
3016 5056 3085 5095 ne
3127 5040 3447 5110 aggredere-

1886 5142 1992 5195 tur,
2035 5132 2446 5203 explicabimus.
2486 5132 2749 5187 Excitavit
2799 5132 2885 5186 hic
2928 5132 3143 5202 quidem
3183 5131 3446 5202 pontifex,

1882 5223 2089 5278 amicus
2156 5232 2473 5294 martyrum,
2541 5219 2803 5293 templum
2873 5223 3097 5279 victoria
3147 5225 3452 5294 insignibus

1884 5430 1939 5477 et
1972 5436 2086 5490 seq.
2113 5420 2220 5490 duo
2253 5420 2599 5490 reperiuntur
2623 5418 2902 5484 Auxentii,
2958 5433 3188 5490 quorum
3238 5417 3450 5489 primus

1884 5489 2074 5546 sancto
2120 5489 2327 5544 Niceta’
2366 5490 2582 5546 videtur
2624 5492 2780 5560 paulo
2816 5489 3107 5557 antiquior,
3154 5497 3247 5544 aut
3300 5497 3453 5560 certe

1885 5562 2058 5616 eidem
2097 5576 2203 5615 non
2261 5558 2644 5629 supervixisse.
2697 5559 2850 5613 Alter
2885 5560 3203 5629 Auxentlus,
3245 5558 3333 5629 qui
3387 5572 3453 5611 ex

1887 5631 2016 5685 solis
2068 5630 2179 5684 fere
2224 5627 2846 5701 diptychis‘innotescit,
2873 5628 3170 5701 secundum
3206 5627 3454 5682 ordinem

1888 5702 1956 5754 ibi
1991 5702 2151 5753 [istim
2205 5696 2356 5753 sedit'
2373 5698 2558 5753 seculo
2616 5700 2827 5769 Quinto.
2880 5696 2991 5754 Hoc
3021 5707 3202 5755 autem
3241 5708 3456 5767 tempus

1890 5773 2019 5825 satis
2052 5773 2297 5840 congruit
2331 5769 2416 5824 hic
2445 5770 2645 5824 relatis.
