4156 6314
150 368 251 433 ’113

1235 356 1694 420 ΜΑιιΤΥιιιυΜ
1737 357 1799 417 S.
1840 354 2276 416 ΕΗΡΗΕΜῙΑΞ.
3268 348 3371 413 714

152 530 3350 559 ww

1466 687 2095 778 ΜΑΡΤΥΡΙΟΝ

749 889 1090 1019 ΤΗΣ
1235 880 1740 1017 ΑΓΙΑΣ
1886 878 2793 1017 ΕΥΦΗΜΙΑΣ.

1399 1288 2124 1378 MARTYBIUM

890 1505 1556 1638 SANCTZE
1722 1504 2627 1651 EUPHEMUE.

786 1751 981 1812 (Latine
1007 1760 1091 1809 ap.
1118 1746 1313 1797 Surium
1342 1744 1401 1793 ad
1434 1746 1564 1794 diem
1598 1745 1656 1795 16
1680 1745 2003 1807 Septembris,
2028 1745 2198 1795 Graece
2223 1755 2285 1791 ex
2311 1742 2419 1793 cod.
2436 1753 2537 1788 ams.
2578 1736 2754 1801 Paris.)

220 2083 302 2137 A'.
322 2076 707 2152 Διοκλητιανοῦ
728 2075 1102 2147 τὰῬωμαίων
1138 2075 1398 2147 σκῆπτρα
1420 2074 1720 2141 διέποντος,
1753 2080 1796 2135 Α

144 2176 393 2246 Πρίσκου
447 2190 505 2226 τε
550 2177 679 2243 περὶ
713 2176 812 2241 τὴν
897 2168 1084 2226 Ἀσίαν
1155 2167 1648 2232 ἀνθυπατεύοντος,
1693 2167 1721 2219 ὁ

142 2267 294 2320 κατὰ
356 2263 696 2336 Χριστιανῶν
751 2261 991 2331 διωγμὸς
1040 2260 1210 2313 δεινὸν
1270 2258 1422 2311 ἔπνει
1474 2257 1570 2311 καὶ¹
1627 2257 1723 2310 ἐπὶ

145 2359 298 2429 μέγα
330 2361 425 2411 καὶ
456 2357 687 2429 φοϐερὸν
737 2356 920 2427 ᾔρετο.
968 2352 1073 2407 Ἦν
1115 2352 1170 2404 δὲ
1219 2351 1297 2422 τῷ
1332 2350 1555 2421 Πρίσκῳ
1587 2367 1724 2420 συμ-

140 2451 426 2521 πάρεδρός
482 2467 563 2513 τις
622 2449 729 2512 τῶν
788 2445 1076 2514 σοιριστῶν,
1128 2444 1472 2506 Ἀπελλιανὸς
1527 2441 1721 2512 ὄνομα,

145 2542 424 2613 ίερατείας
454 2542 641 2611 χρείαν
667 2538 911 2608 πληρῶν,
930 2537 1008 2607 τῷ
1034 2535 1165 2606 παρ’
1185 2537 1367 2597 αὐτοῖς
1386 2534 1722 2603 ψευδωνύμῳ

140 2634 260 2705 Θεῷ
295 2636 473 2702 Ἄρει.
519 2632 673 2685 Ἐπεὶ
700 2630 791 2683 οὖν
825 2630 1045 2701 ὲτὴσιος
1076 2627 1241 2700 έορτὴ
1272 2625 1364 2682 τοῦ
1396 2626 1552 2680 νόθου
1598 2626 1723 2679 τού-

135 2745 240 2781 του
276 2729 579 2799 ἐνειστήκει
609 2726 755 2791 Θεοῦ,
783 2727 1087 2798 γράμματα
1108 2726 1204 2778 καὶ
1228 2723 1552 2794 προΟέματα
1583 2720 1725 2776 κατά

136 2823 335 2875 πᾶσαν
365 2822 554 2889 ἐφοίτα
587 2820 687 2890 τὴν
720 2819 1062 2891 Χαλκηδόνα·
1111 2819 1169 2871 ὲν
1198 2818 1335 2888 αὐτῇ
1374 2817 1482 2884 γὰρ
1520 2815 1614 2868 καὶ
1656 2815 1725 2867 τὰ

140 2910 262 2960 τῶν
298 2909 499 2961 Θυσιῶν
526 2910 783 2963 ἐτελεῖτο.
812 2911 921 2963 Καὶ
951 2912 1077 2972 ναὸς
1134 2904 1201 2979 ἦν
1249 2907 1342 2961 τοῦ
1400 2908 1593 2976 ’Λρεος
1629 2903 1725 2958 καὶ

134 3000 387 3056 εἰδώλων
419 3001 625 3055 ἐκείνου
661 3001 766 3053 τῶν
806 3002 1109 3071 ἐπισήμων·
1157 3000 1337 3071 ἐκάλει
1368 2998 1423 3051 δὲ
1454 2997 1550 3051 καὶ
1574 2996 1726 3050 πολί-

135 3109 251 3156 τας
309 3094 401 3146 καὶ
444 3093 603 3164 ὅσους
646 3092 988 3163 Χαλκηδόνος
1029 3094 1210 3163 πέριξ,
1256 3095 1335 3155 είς
1382 3093 1478 3162 τὴν
1532 3090 1725 3162 ἑορτὴν

134 3186 221 3238 τὰ
254 3185 601 3256 προοέματα,
650 3183 871 3239 θάνατοι
920 3184 976 3238 δὲ
1030 3186 1123 3237 καὶ
1155 3184 1420 3254 τιμωρίαι
1474 3183 1729 3252 συνηπεί-

134 3280 321 3350 ληντο
348 3282 456 3343 τοῖς
494 3281 933 3349 προστάγμασιν,
966 3272 1047 3340 οἷς
1076 3278 1430 3348 περιπίπτειν
1474 3275 1722 3345 ἔμελλον,

132 3374 268 3425 ὅσοι
306 3372 381 3442 μὴ
408 3372 702 3438 πείθοιντο,
747 3374 965 3441 δαίμοσι
998 3372 1353 3441 προσκυνεῖν,
1383 3366 1621 3436 σάλπιγξ
1665 3384 1724 3418 τε

129 3464 402 3531 διάτορον
436 3462 642 3531 ἠχοῦσα
674 3463 1026 3531 κα“ι.φοϐερὸν
1069 3463 1322 3530 σύστημα
1356 3458 1424 3531 ἦν
1462 3462 1561 3532 τῆς
1591 3461 1725 3529 πρὸς

129 3553 241 3604 τὸν
267 3553 394 3603 ναὸν
413 3552 718 3622 συνδρομῆς
738 3569 793 3602 τε
823 3552 919 3605 καὶ
942 3550 1326 3611 συνελεύσεως.
1355 3550 1602 3611 Ὀπὸσοις
1631 3549 1727 3601 οὖν

130 3646 373 3710 ἐναγεῖς
417 3642 514 3713 μὲν
553 3642 733 3696 Θυσίαι
779 3647 873 3697 καὶ
908 3642 1232 3713 σεϐάσματα
1283 3643 1457 3712 μιαρὰ
1502 3638 1728 3695 τοιαῦτα

134 3737 471 3807 μεμίσητο,
522 3737 740 3807 ὁσιότης
794 3738 849 3789 δὲ
902 3736 996 3792 xa‘t
1051 3737 1306 3790 εὐσέϐεια
1365 3736 1455 3788 καὶ
1511 3737 1543 3805 ἡ
1594 3733 1729 3804 πρὸς

131 3832 292 3881 Θεὸν
328 3832 509 3893 πίστις
541 3832 770 3901 ὲρῤιυττν
794 3826 938 3886 οὗτοι
967 3831 1023 3883 δὲ
1068 3832 1176 3898 ἄρα
1227 3830 1326 3899 τὴν
1375 3828 1513 3898 μετὰ
1552 3844 1729 3894 παρα-

131 3920 472 3988 νομούντων
500 3922 811 3973 συνέλευσιν
851 3922 945 3973 καὶ
976 3923 1076 3989 τὴν
1109 3924 1163 3972 ὲν
1196 3920 1460 3989 συνεδρίῳ
1502 3918 1729 3989 ματαιό-

126 4026 321 4078 τητος
377 4009 763 4077 διαφεύγοντες
826 4011 1153 4081 παρουσίαν,
1220 4011 1359 4063 κατὰ
1417 4010 1731 4080 συμμορίας

124 4100 309 4161 τινὰς
336 4101 393 4151 ἐν
422 4100 689 4165 οίκίσκοις
712 4102 742 4170 ἢ
767 4101 1026 4172 ἐρημίαις
1055 4102 1281 4165 ἑαυτοὺς
1312 4098 1729 4171 ἐγκλεισάμενοι

128 4196 499 4265 προσευχαῖς
530 4196 626 4247 καὶ
650 4194 870 4265 δεήσεσι
898 4195 1250 4264 σχολάζοντες
1298 4191 1461 4264 ἦσαν,
1517 4195 1609 4246 καί
1654 4190 1731 4262 τῷ

125 4286 354 4355 ἀληθεῖ
389 4291 481 4339 καὶ
523 4289 670 4358 μόνῳ
724 4289 841 4358 Θεῷ
872 4290 969 4357 τὴν
1007 4288 1232 4356 λογικὴν
1269 4287 1526 4356 λατρείαν
1558 4301 1724 4354 προσ-

129 4380 446 4447 φέροντες,
478 4374 551 4431 ὧν
579 4374 656 4442 εἷς
688 4378 842 4448 άγιος
873 4381 1085 4451 ὑπῆρχε
1118 4381 1275 4450 χορὸς
1304 4380 1398 4434 κοιλ⁵
1444 4382 1471 4433 ὁ
1497 4381 1560 4451 τῇ
1593 4396 1731 4432 παν-

129 4468 401 4541 ευφήμῳ
431 4468 521 4518 καὶ
568 4468 797 4538 λαμπρᾷ
845 4471 1082 4538 μάρτυρι
1128 4470 1385 4540 Εὑφημίᾳ
1417 4470 1732 4538 ἐλλαμπρυ-

121 4562 409 4630 νόμενος,
466 4562 727 4633 Εὑφημίᾳ.
758 4568 820 4630 τῇ
854 4566 1034 4618 πᾶσαν
1077 4564 1411 4635 φερωνύμως
1452 4566 1518 4634 τῇ
1562 4563 1731 4633 αὐτῆς

124 4656 322 4725 φήμῃ
362 4654 726 4729 περιλαϐούσῃ
758 4658 858 4727 τὴν
900 4659 1245 4727 οἰκουμένην,
1279 4658 1312 4729 ἢ
1362 4658 1578 4728 πατέρα
1631 4657 1730 4726 μὲν

1896 2073 1939 2127 1.
1970 2073 2309 2128 Diocletiano
2343 2082 2563 2129 tenente
2612 2082 2829 2143 sceptra
2882 2071 3110 2129 Romani
3152 2073 3387 2146 imperii,

1826 2164 2009 2219 Prisco
2060 2172 2242 2219 autem
2292 2166 2433 2220 Asiae
2462 2167 2805 2234 proconsule,
2838 2166 3098 2223 adversus
3124 2166 3391 2226 Christia~

1825 2272 1925 2312 nos
1952 2257 2131 2326 gravis
2162 2256 2405 2327 spirabat
2454 2259 2786 2327 persecutio,
2820 2274 3069 2329 saevaque
3098 2270 3154 2317 et
3200 2261 3396 2318 formi-

1825 2348 2041 2402 dabilis.
2077 2348 2207 2404 Erat
2238 2358 2419 2404 autem
2443 2348 2628 2404 Prisco
2660 2364 2907 2405 assessor
2937 2352 3157 2421 quidam
3192 2351 3395 2423 δοριιὶ-

1826 2448 1928 2510 sta,
1957 2441 2181 2495 nomine
2205 2441 2541 2511 Apellianus,
2573 2439 2806 2511 fungens
2846 2457 3075 2497 munere
3102 2444 3393 2499 sacerdotii

1825 2531 1934 2596 dei,
1971 2533 2063 2601 qui
2096 2534 2234 2602 apud
2271 2549 2366 2587 eos
2415 2534 2549 2588 falso
2593 2532 2927 2600 nominatur,
2993 2533 3200 2592 Martis.
3256 2536 3391 2591 Cum

1824 2638 1955 2693 ergo
2008 2624 2174 2695 hujus
2210 2625 2498 2680 adulterini
2534 2626 2622 2681 dei
2688 2626 2891 2682 festum
2946 2628 3176 2683 instaret
3233 2630 3394 2687 anni-

1826 2715 2155 2779 versarium,
2197 2716 2392 2771 littera:
2442 2727 2497 2771 et
2523 2718 2701 2775 edicta
2734 2733 2831 2787 per
2866 2718 3179 2773 universam
3230 2734 3396 2774 νεηθ-

1827 2814 1955 2859 runt
1983 2805 2410 2862 Chalcedonem.
2447 2808 2502 2862 In
2566 2824 2629 2862 ea
2664 2810 2810 2863 enim
2851 2811 3257 2883 peragebantur
3304 2826 3395 2866 sa—

1826 2898 2071 2966 criﬁcia;
2105 2916 2230 2954 nam
2256 2900 2329 2955 ibi
2364 2910 2481 2955 erat
2530 2901 2789 2971 templum
2822 2900 3027 2967 Martis,
3067 2912 3121 2958 et
3182 2902 3396 2973 insigne

1827 2990 1973 3044 illius
2003 2991 2381 3048 simulacrum.
2420 2992 2698 3048 V’ocabant
2737 3003 2919 3048 autem
2944 2994 3119 3048 edicta
3146 2994 3293 3049 cives
3321 2994 3390 3049 ad

1827 3081 2046 3148 festum,
2078 3092 2132 3138 et
2155 3100 2249 3139 eos
2292 3084 2382 3155 qui
2418 3085 2735 3141 habitabant
2771 3084 2917 3140 circa
2967 3084 3388 3145 Chalcedonem,

1829 3173 2177 3229 Minabantur
2214 3192 2341 3231 vero
2372 3185 2601 3231 mortem
2645 3186 2698 3231 et
2731 3177 2997 3246 supplicia
3037 3176 3125 3245 iis,
3158 3177 3222 3231 ad
3255 3192 3393 3247 quos

1824 3278 1981 3323 erant
2015 3281 2264 3335 ventura,
2331 3272 2373 3325 si
2410 3288 2518 3324 non
2576 3274 3054 3340 pcrsuaderentur,
3108 3280 3167 3327 ut
3199 3273 3395 3330 adora-

1828 3371 1949 3415 rent
1978 3363 2274 3418 dmmones.
2299 3362 2574 3432 Tubmque
2601 3363 2744 3419 clare
2786 3374 3042 3420 sonantes
3090 3378 3145 3421 et
3176 3367 3394 3422 terribi-

1832 3454 1975 3519 liter,
2009 3465 2165 3511 crant
2196 3444 2406 3529 signum
2440 3458 2797 3513 conveniendi
2830 3459 2896 3513 ad
2952 3459 3233 3529 templum.
3262 3459 3393 3526 Qui-

1828 3547 2147 3617 buscunque
2197 3566 2326 3621 ergo
2382 3552 2711 3607 exsecranda
2751 3552 2972 3620 quidem
3033 3552 3297 3607 sacriﬁcia
3343 3564 3399 3607 et

1829 3638 2196 3694 abominanda
2260 3643 2530 3711 ejusmodi
2580 3644 2769 3715 religio
2825 3654 2947 3699 erat
3002 3646 3147 3711 odio,
3204 3656 3397 3701 contra

1830 3738 2011 3784 autem
2038 3729 2194 3785 ﬁrma
2242 3741 2357 3787 erat
2384 3733 2669 3797 sanctitas,
2730 3743 2789 3789 et
2823 3736 3015 3805 pietas,
3071 3746 3125 3790 et
3160 3737 3291 3791 lides
3340 3738 3393 3791 in

1831 3820 2136 3886 Christum,
2178 3823 2216 3877 ii
2269 3825 2503 3880 vitantes
2556 3828 2999 3896 congressionem
3037 3844 3163 3884 cum
3219 3829 3400 3900 impiis

1830 3919 1886 3966 et
1909 3912 2201 3969 concilium
2234 3915 2512 3981 vanitatis,
2543 3932 2641 3985 per
2676 3919 2937 3989 quasdam
2980 3920 3184 3975 classes
3223 3936 3281 3975 se
3344 3924 3399 3976 in

1831 4003 2082 4059 domibus
2111 4005 2473 4074 includentes,
2494 4019 2586 4064 aut
2609 4011 2661 4066 in
2690 4011 3099 4080 solitudinibus,
3137 4015 3402 4070 vacabant

1832 4096 2088 4166 precibus
2126 4109 2178 4154 et
2213 4100 2576 4164 orationibus,
2633 4119 2870 4172 veroque
2904 4113 2959 4158 et
2989 4107 3088 4159 soli
3139 4106 3246 4161 Deo
3289 4109 3404 4161 cul-

1836 4199 1947 4242 tum
1979 4188 2284 4244 oﬂerebant
2314 4192 2657 4247 rationalem.
2712 4194 2953 4260 Quorum
2988 4214 3131 4253 unus
3182 4215 3403 4269 quoque

1836 4292 1953 4338 erat
1983 4282 2208 4347 chorus,
2238 4284 2330 4355 qui
2357 4285 2626 4357 imprimis
2660 4288 2944 4344 benedicta
2994 4300 3050 4345 et
3084 4295 3229 4346 clara
3255 4309 3402 4346 mar-

1836 4385 1950 4446 tyre
1988 4376 2286 4446 Euphemia
2341 4378 2727 4442 decorabatur,
2794 4378 3106 4449 Euphemia,
3147 4384 3398 4454 inquam,

1832 4482 1949 4536 quae
1984 4468 2377 4523 convenienter
2428 4485 2528 4523 suo
2566 4472 2775 4526 nomini
2839 4474 3153 4530 universum
3210 4477 3396 4530 orbem

1837 4567 1995 4613 terrae
2024 4574 2120 4613 sua
2154 4559 2294 4615 fama
2321 4572 2437 4617 erat
2469 4565 2769 4633 complexa.
2790 4563 2920 4629 Qua:
2951 4577 3159 4635 patrem
3182 4564 3399 4637 quidem

1839 4651 2070 4705 habebat
2107 4653 2401 4721 quemdam
2424 4669 2453 4707 e
2477 4665 2687 4719 senatu,
2714 4661 2769 4709 et
2804 4657 2894 4725 qui
2928 4658 3134 4737 aliquot
3163 4670 3405 4729 gesserat

121 4748 286 4813 ἔσχε
321 4745 418 4813 τῆς
454 4746 759 4816 συγκλήτου
787 4747 908 4799 τινὰ
948 4750 1041 4801 καὶ
1093 4749 1297 4801 τούτων
1323 4748 1387 4816 δὴ
1414 4748 1521 4799 τῶν
1544 4747 1731 4817 ἄρχειν

1841 4742 2236 4813 magistratus:
2297 4755 2415 4800 erat
2466 4754 2649 4799 autem
2704 4747 2752 4801 ei
2814 4764 3007 4804 nomen
3070 4750 3401 4822 Philophron

121 4837 505 4906 ἠξιωμένων,
531 4839 823 4909 Ψιλόφρων
844 4839 993 4909 αὐτῴ
1021 4839 1224 4907 ιϐνομειι,
1264 4840 1475 4908 μητέρα
1523 4839 1578 4892 δὲ
1612 4840 1735 4892 λίαν

121 4926 369 4993 εὐσεϐῆ
398 4927 496 4978 καὶ
548 4932 803 4997 κοσμίαν,
856 4932 1303 5004 Θεοδωρησιανὴν
1354 4930 1497 4985 οὕτω
1543 4931 1737 4985 καλου·

134 5017 369 5088 μένην,
410 5015 530 5085 ἥτις
585 5020 677 5069 καὶ
722 5017 893 5086 δῶρον
942 5022 1005 5071 ἐκ
1054 5019 1191 5072 Θεοῦ
1240 5024 1555 5089 πενομένοις
1602 5023 1738 5075 πᾶσι

122 5108 462 5176 δεδώρητο,
516 5109 584 5161 τὰ
618 5110 785 5179 αὐτῆς
850 5111 1071 5162 ἐκείνων
1127 5112 1306 5164 πάντα
1341 5112 1591 5164 ποιοῦσα.
1630 5114 1739 5168 Καὶ

124 5203 293 5275 χείρ
328 5202 516 5263 αὐτοῖς
568 5200 704 5256 οὖσα
755 5203 982 5274 δαψιλής
1015 5221 1072 5257 τε
1108 5206 1201 5261 καὶ
1235 5205 1629 5275 μεγαλόδωρος,
1680 5204 1739 5270 ἐξ

128 5287 239 5347 ὧν
304 5289 567 5360 Εὐφημία
606 5293 964 5363 προελθοῦσα,
1007 5294 1232 5364 βλαστὸς
1286 5298 1459 5366 ἐφάνη
1499 5298 1565 5365 τῇ
1616 5297 1739 5367 ῥίζῃ

130 5382 498 5455 προσήκων,
556 5387 750 5448 κλάδος
810 5387 1079 5441 ἐπινεύων
1142 5389 1222 5452 εἰς
1284 5390 1596 5443 θεοσέϐειαν
1647 5392 1741 5443 καὶ

127 5473 588 5550 καρπὸςὸντως
622 5478 801 5541 ἐλέους
829 5480 1106 5542 πιότατος.

238 5662 331 5715 B'.
373 5661 485 5729 Τῆς
528 5656 623 5717 οὖν
677 5660 996 5734 δαιμονικῆς
1060 5661 1274 5733 ἐκείνης
1322 5663 1745 5734 ἐπιτελουμένης

132 5754 399 5817 θυσίας,
450 5751 801 5813 Ἀπελλιανὸς
855 5753 917 5803 οὐ
955 5756 1411 5821 παροπτέα,οὖδὲ
1463 5756 1747 5825 φροντίδος

507 5846 775 5904 Parnm“
824 5844 939 5903 Gn.
987 5845 1156 5907 CXV.

1842 4831 2294 4904 [Philosophiom
2328 4834 2462 4905 Ado]
2499 4850 2510 4886 :
2542 4847 2770 4892 matrem
2801 4855 2930 4895 vero
2966 4840 3125 4894 valde
3161 4843 3301 4909 piam
3349 4853 3405 4895 et

1836 4928 2144 4987 honestam,
2179 4942 2300 4995 qua:
2326 4928 2623 4983 vocabatur
2672 4928 3040 4988 'l‘heodorosia
3070 4931 3402 5003 [Theodora,

1836 5016 2013 5088 Ado]:
2044 5034 2161 5088 qua:
2191 5023 2350 5074 etiam
2396 5037 2423 5074 a
2456 5021 2565 5075 Deo
2594 5023 2798 5077 donum
2847 5023 2969 5077 data
2995 5024 3170 5079 fuerat
3224 5029 3404 5081 omni-

1839 5110 1940 5166 bus
1968 5113 2277 5182 egentibus,
2327 5112 2541 5169 illorum
2603 5114 2810 5173 faciens
2876 5117 3078 5181 omnia,
3133 5130 3253 5186 quae
3306 5135 3402 5174 sua

1839 5213 2018 5267 erant,
2048 5214 2103 5258 et
2128 5205 2285 5274 cujus
2316 5209 2515 5261 eratin
2550 5222 2644 5261 eos
2702 5223 2894 5262 manus
2942 5207 3085 5278 larga
3121 5218 3177 5262 et
3225 5212 3403 5263 muni-

1842 5294 1964 5348 ﬁca.
1991 5293 2066 5349 Ex
2098 5296 2297 5373 quibus
2343 5306 2461 5353 orta
2520 5300 2839 5368 Euphemia,
2897 5301 3148 5369 apparuit
3181 5317 3403 5372 germen

1844 5386 2011 5441 radici
2039 5387 2396 5455 conveniens,
2432 5404 2615 5443 ramus
2640 5404 2888 5446 annuens
2916 5390 2981 5443 ad
3014 5392 3272 5459 pietatem
3311 5408 3405 5446 ve-

1844 5493 2072 5548 ramque
2108 5480 2450 5551 religionem,
2479 5490 2534 5535 et
2560 5482 2718 5550 longe
2770 5482 3157 5551 pinguissimus
3195 5482 3404 5539 fructus

1845 5571 2257 5627 misericordiae.

1916 5666 1982 5721 11.
2013 5667 2151 5722 Cum
2202 5667 2331 5723 illud
2372 5684 2499 5739 ergo
2558 5668 2865 5725 daemonum
2934 5681 3283 5743 perageretur
3323 5688 3416 5729 εον

1845 5760 2131 5825 oriﬁcium,
2153 5776 2259 5815 non
2288 5762 2691 5832 negligendum,
2723 5765 2817 5819 sed
2844 5764 3073 5817 maxime
3103 5763 3405 5820 curandum

3090 5853 3163 5913 23
