  <div class='ocr_page' id='page_1' title='image "/cluster/home/n/w/nwhite01/storage/ocr_20150623/115/pst.000005714285/441.png"; bbox 0 0 4156 6314; ppageno 0'>
   <div class='ocr_carea' id='block_1_1' title="bbox 767 360 871 420">
    <p class='ocr_par' dir='ltr' id='par_1_1' title="bbox 767 360 871 420">
     <span class='ocr_line' id='line_1_1' title="bbox 767 360 871 420; baseline -0.019 0"><span class='ocrx_word' id='word_1_1' title='bbox 767 360 871 420; x_wconf 87' lang='lat' dir='ltr'><strong>7l5</strong></span> 
     </span>
    </p>
   </div>
   <div class='ocr_carea' id='block_1_2' title="bbox 2003 339 2786 402">
    <p class='ocr_par' dir='ltr' id='par_1_2' title="bbox 2003 339 2786 402">
     <span class='ocr_line' id='line_1_2' title="bbox 2003 339 2786 402; baseline 0 0"><span class='ocrx_word' id='word_1_2' title='bbox 2003 342 2283 402; x_wconf 77' lang='lat' dir='ltr'><strong>MENSIS</strong></span> <span class='ocrx_word' id='word_1_3' title='bbox 2321 339 2786 402; x_wconf 81' lang='lat' dir='ltr'><strong>SEPTEMBER.</strong></span> 
     </span>
    </p>
   </div>
   <div class='ocr_carea' id='block_1_3' title="bbox 3901 340 4002 402">
    <p class='ocr_par' dir='ltr' id='par_1_3' title="bbox 3901 340 4002 402">
     <span class='ocr_line' id='line_1_3' title="bbox 3901 340 4002 402; baseline -0.01 0"><span class='ocrx_word' id='word_1_4' title='bbox 3901 340 4002 402; x_wconf 79' lang='lat'><strong>716</strong></span> 
     </span>
    </p>
   </div>
   <div class='ocr_carea' id='block_1_4' title="bbox 769 455 2345 535">
    <p class='ocr_par' dir='ltr' id='par_1_4' title="bbox 769 459 2326 535">
     <span class='ocr_line' id='line_1_4' title="bbox 769 459 2326 535; baseline -0.01 -8"><span class='ocrx_word' id='word_1_5' title='bbox 769 476 973 527; x_wconf 87' lang='lat' dir='ltr'><strong>ducens</strong></span> <span class='ocrx_word' id='word_1_6' title='bbox 1006 471 1149 524; x_wconf 86' lang='lat' dir='ltr'><strong>hunc</strong></span> <span class='ocrx_word' id='word_1_7' title='bbox 1205 476 1403 523; x_wconf 64' lang='lat' dir='ltr'><strong>curtum</strong></span> <span class='ocrx_word' id='word_1_8' title='bbox 1447 465 1657 535; x_wconf 86' lang='lat' dir='ltr'><strong>piorum</strong></span> <span class='ocrx_word' id='word_1_9' title='bbox 1709 460 2041 531; x_wconf 80' lang='lat' dir='ltr'><strong>Apellianus,</strong></span> <span class='ocrx_word' id='word_1_10' title='bbox 2085 474 2212 513; x_wconf 91' lang='lat' dir='ltr'><strong>cum</strong></span> <span class='ocrx_word' id='word_1_11' title='bbox 2260 459 2326 512; x_wconf 89' lang='lat' dir='ltr'><strong>de</strong></span> 
     </span>
    </p>
   </div>
   <div class='ocr_carea' id='block_1_5' title="bbox 2446 455 3999 535">
    <p class='ocr_par' dir='ltr' id='par_1_5' title="bbox 2446 455 3999 528">
     <span class='ocr_line' id='line_1_5' title="bbox 2446 455 3999 528; baseline -0.001 -17"><span class='ocrx_word' id='word_1_12' title='bbox 2446 458 2631 524; x_wconf 79' lang='grc' dir='ltr'>ἀνάξια</span> <span class='ocrx_word' id='word_1_13' title='bbox 2666 460 2730 511; x_wconf 75' lang='grc' dir='ltr'><strong>τὰ</strong></span> <span class='ocrx_word' id='word_1_14' title='bbox 2771 458 2912 512; x_wconf 81' lang='grc' dir='ltr'><strong>κατά</strong></span> <span class='ocrx_word' id='word_1_15' title='bbox 2942 458 3032 511; x_wconf 77' lang='grc' dir='ltr'>τὸν</span> <span class='ocrx_word' id='word_1_16' title='bbox 3063 457 3288 528; x_wconf 80' lang='grc' dir='ltr'>θεοσεϐῆ</span> <span class='ocrx_word' id='word_1_17' title='bbox 3316 455 3498 512; x_wconf 83' lang='grc' dir='ltr'>τοῦτον</span> <span class='ocrx_word' id='word_1_18' title='bbox 3532 457 3732 509; x_wconf 83' lang='grc' dir='ltr'>θίασον.</span> <span class='ocrx_word' id='word_1_19' title='bbox 3753 455 3999 525; x_wconf 76' lang='grc' dir='ltr'>θέμενος.</span> 
     </span>
    </p>
   </div>
   <div class='ocr_carea' id='block_1_6' title="bbox 770 551 2330 632">
    <p class='ocr_par' dir='ltr' id='par_1_6' title="bbox 770 551 2330 632">
     <span class='ocr_line' id='line_1_6' title="bbox 770 551 2330 632; baseline -0.01 -15"><span class='ocrx_word' id='word_1_20' title='bbox 770 579 836 618; x_wconf 83' lang='lat' dir='ltr'><strong>eo</strong></span> <span class='ocrx_word' id='word_1_21' title='bbox 868 562 1159 632; x_wconf 78' lang='lat' dir='ltr'><strong>diligenter</strong></span> <span class='ocrx_word' id='word_1_22' title='bbox 1209 557 1566 627; x_wconf 89' lang='lat' dir='ltr'><strong>inquisiisset,</strong></span> <span class='ocrx_word' id='word_1_23' title='bbox 1599 562 1653 607; x_wconf 89' lang='lat' dir='ltr'><strong>et</strong></span> <span class='ocrx_word' id='word_1_24' title='bbox 1707 553 1907 606; x_wconf 81' lang='lat' dir='ltr'><strong>certior</strong></span> <span class='ocrx_word' id='word_1_25' title='bbox 1963 551 2133 604; x_wconf 85' lang='lat' dir='ltr'><strong>factus</strong></span> <span class='ocrx_word' id='word_1_26' title='bbox 2165 558 2330 612; x_wconf 88' lang='lat' dir='ltr'><strong>esset,</strong></span> 
     </span>
    </p>
   </div>
   <div class='ocr_carea' id='block_1_7' title="bbox 770 645 2336 724">
    <p class='ocr_par' dir='ltr' id='par_1_7' title="bbox 770 645 2336 724">
     <span class='ocr_line' id='line_1_7' title="bbox 770 645 2336 724; baseline -0.011 -14"><span class='ocrx_word' id='word_1_27' title='bbox 770 671 834 709; x_wconf 92' lang='lat' dir='ltr'><strong>ea</strong></span> <span class='ocrx_word' id='word_1_28' title='bbox 888 652 1159 724; x_wconf 79' lang='lat' dir='ltr'><strong>signiﬁcat</strong></span> <span class='ocrx_word' id='word_1_29' title='bbox 1190 648 1525 721; x_wconf 84' lang='lat' dir='ltr'><strong>proconsuli.</strong></span> <span class='ocrx_word' id='word_1_30' title='bbox 1561 645 1816 699; x_wconf 88' lang='lat' dir='ltr'><strong>Protinus</strong></span> <span class='ocrx_word' id='word_1_31' title='bbox 1857 652 2036 696; x_wconf 88' lang='lat' dir='ltr'><strong>autem</strong></span> <span class='ocrx_word' id='word_1_32' title='bbox 2092 655 2336 710; x_wconf 85' lang='lat' dir='ltr'><strong>compre-</strong></span> 
     </span>
    </p>
   </div>
   <div class='ocr_carea' id='block_1_8' title="bbox 771 737 2330 816">
    <p class='ocr_par' dir='ltr' id='par_1_8' title="bbox 771 737 2330 816">
     <span class='ocr_line' id='line_1_8' title="bbox 771 737 2330 816; baseline -0.01 -15"><span class='ocrx_word' id='word_1_33' title='bbox 771 746 1031 801; x_wconf 86' lang='lat' dir='ltr'><strong>henditur</strong></span> <span class='ocrx_word' id='word_1_34' title='bbox 1063 759 1185 816; x_wconf 67' lang='lat' dir='ltr'><strong>eum</strong></span> <span class='ocrx_word' id='word_1_35' title='bbox 1219 743 1386 796; x_wconf 88' lang='lat' dir='ltr'><strong>multa</strong></span> <span class='ocrx_word' id='word_1_36' title='bbox 1418 741 1521 793; x_wconf 89' lang='lat' dir='ltr'><strong>alia</strong></span> <span class='ocrx_word' id='word_1_37' title='bbox 1561 739 1852 794; x_wconf 86' lang='lat' dir='ltr'><strong>multitudo</strong></span> <span class='ocrx_word' id='word_1_38' title='bbox 1876 737 2330 801; x_wconf 87' lang='lat' dir='ltr'><strong>Christianorum,</strong></span> 
     </span>
    </p>
   </div>
   <div class='ocr_carea' id='block_1_9' title="bbox 772 830 2336 908">
    <p class='ocr_par' dir='ltr' id='par_1_9' title="bbox 772 830 2336 908">
     <span class='ocr_line' id='line_1_9' title="bbox 772 830 2336 908; baseline -0.008 -15"><span class='ocrx_word' id='word_1_39' title='bbox 772 850 886 893; x_wconf 89' lang='lat' dir='ltr'><strong>tum</strong></span> <span class='ocrx_word' id='word_1_40' title='bbox 936 838 1052 908; x_wconf 84' lang='lat' dir='ltr'><strong>ipse</strong></span> <span class='ocrx_word' id='word_1_41' title='bbox 1087 850 1304 906; x_wconf 87' lang='lat' dir='ltr'><strong>quoque</strong></span> <span class='ocrx_word' id='word_1_42' title='bbox 1330 833 1547 887; x_wconf 89' lang='lat' dir='ltr'><strong>divinus</strong></span> <span class='ocrx_word' id='word_1_43' title='bbox 1579 832 1800 895; x_wconf 92' lang='lat' dir='ltr'><strong>chorus,</strong></span> <span class='ocrx_word' id='word_1_44' title='bbox 1837 830 1888 883; x_wconf 92' lang='lat' dir='ltr'><strong>in</strong></span> <span class='ocrx_word' id='word_1_45' title='bbox 1923 843 2032 898; x_wconf 90' lang='lat' dir='ltr'><strong>quo</strong></span> <span class='ocrx_word' id='word_1_46' title='bbox 2067 836 2182 882; x_wconf 88' lang='lat' dir='ltr'><strong>erat</strong></span> <span class='ocrx_word' id='word_1_47' title='bbox 2200 843 2336 896; x_wconf 64' lang='lat' dir='ltr'><strong>pra:-</strong></span> 
     </span>
    </p>
   </div>
   <div class='ocr_carea' id='block_1_10' title="bbox 772 918 2338 997">
    <p class='ocr_par' dir='ltr' id='par_1_10' title="bbox 772 918 2338 997">
     <span class='ocr_line' id='line_1_10' title="bbox 772 918 2338 997; baseline -0.01 -13"><span class='ocrx_word' id='word_1_48' title='bbox 772 931 912 984; x_wconf 87' lang='lat' dir='ltr'><strong>clara</strong></span> <span class='ocrx_word' id='word_1_49' title='bbox 947 932 1064 983; x_wconf 61' lang='lat' dir='ltr'><strong>hac</strong></span> <span class='ocrx_word' id='word_1_50' title='bbox 1111 929 1261 997; x_wconf 83' lang='lat' dir='ltr'><strong>virgo</strong></span> <span class='ocrx_word' id='word_1_51' title='bbox 1294 923 1763 994; x_wconf 71' lang='lat' dir='ltr'><strong>Eupbernia,qua3</strong></span> <span class='ocrx_word' id='word_1_52' title='bbox 1813 931 1869 977; x_wconf 89' lang='lat' dir='ltr'><strong>et</strong></span> <span class='ocrx_word' id='word_1_53' title='bbox 1923 919 2170 989; x_wconf 89' lang='lat' dir='ltr'><strong>corporis</strong></span> <span class='ocrx_word' id='word_1_54' title='bbox 2219 918 2338 989; x_wconf 79' lang='lat' dir='ltr'><strong>pul-</strong></span> 
     </span>
    </p>
   </div>
   <div class='ocr_carea' id='block_1_11' title="bbox 773 1008 2337 1082">
    <p class='ocr_par' dir='ltr' id='par_1_11' title="bbox 773 1008 2337 1082">
     <span class='ocr_line' id='line_1_11' title="bbox 773 1008 2337 1082; baseline -0.008 -8"><span class='ocrx_word' id='word_1_55' title='bbox 773 1019 1109 1079; x_wconf 88' lang='lat' dir='ltr'><strong>chritudine,</strong></span> <span class='ocrx_word' id='word_1_56' title='bbox 1164 1025 1218 1070; x_wconf 90' lang='lat' dir='ltr'><strong>et</strong></span> <span class='ocrx_word' id='word_1_57' title='bbox 1251 1013 1461 1068; x_wconf 84' lang='lat' dir='ltr'><strong>virtutis</strong></span> <span class='ocrx_word' id='word_1_58' title='bbox 1518 1012 1724 1082; x_wconf 88' lang='lat' dir='ltr'><strong>specie,</strong></span> <span class='ocrx_word' id='word_1_59' title='bbox 1778 1020 1832 1065; x_wconf 89' lang='lat' dir='ltr'><strong>et</strong></span> <span class='ocrx_word' id='word_1_60' title='bbox 1866 1011 2041 1066; x_wconf 83' lang='lat' dir='ltr'><strong>aetatis</strong></span> <span class='ocrx_word' id='word_1_61' title='bbox 2075 1008 2225 1074; x_wconf 84' lang='lat' dir='ltr'><strong>ﬂore,</strong></span> <span class='ocrx_word' id='word_1_62' title='bbox 2284 1016 2337 1063; x_wconf 90' lang='lat' dir='ltr'><strong>et</strong></span> 
     </span>
    </p>
   </div>
   <div class='ocr_carea' id='block_1_12' title="bbox 775 1099 2339 1181">
    <p class='ocr_par' dir='ltr' id='par_1_12' title="bbox 775 1099 2339 1181">
     <span class='ocr_line' id='line_1_12' title="bbox 775 1099 2339 1181; baseline -0.006 -17"><span class='ocrx_word' id='word_1_63' title='bbox 775 1109 990 1181; x_wconf 78' lang='lat' dir='ltr'><strong>generis</strong></span> <span class='ocrx_word' id='word_1_64' title='bbox 1019 1107 1286 1170; x_wconf 78' lang='lat' dir='ltr'><strong>claritate,</strong></span> <span class='ocrx_word' id='word_1_65' title='bbox 1329 1106 1472 1158; x_wconf 92' lang='lat' dir='ltr'><strong>inter</strong></span> <span class='ocrx_word' id='word_1_66' title='bbox 1516 1119 1608 1157; x_wconf 87' lang='lat' dir='ltr'><strong>eos</strong></span> <span class='ocrx_word' id='word_1_67' title='bbox 1637 1103 1853 1157; x_wconf 87' lang='lat' dir='ltr'><strong>lucebat</strong></span> <span class='ocrx_word' id='word_1_68' title='bbox 1886 1102 2052 1156; x_wconf 76' lang='lat' dir='ltr'><strong>veluti</strong></span> <span class='ocrx_word' id='word_1_69' title='bbox 2074 1101 2227 1156; x_wconf 86' lang='lat' dir='ltr'><strong>stella</strong></span> <span class='ocrx_word' id='word_1_70' title='bbox 2255 1099 2339 1154; x_wconf 90' lang='lat' dir='ltr'><strong>lu-</strong></span> 
     </span>
    </p>
   </div>
   <div class='ocr_carea' id='block_1_13' title="bbox 770 1196 2337 1267">
    <p class='ocr_par' dir='ltr' id='par_1_13' title="bbox 770 1196 2337 1267">
     <span class='ocr_line' id='line_1_13' title="bbox 770 1196 2337 1267; baseline -0.006 -11"><span class='ocrx_word' id='word_1_71' title='bbox 770 1201 1072 1256; x_wconf 85' lang='lat' dir='ltr'><strong>cidissima.</strong></span> <span class='ocrx_word' id='word_1_72' title='bbox 1107 1199 1188 1252; x_wconf 84' lang='lat' dir='ltr'><strong>Ad</strong></span> <span class='ocrx_word' id='word_1_73' title='bbox 1242 1196 1598 1267; x_wconf 77' lang='lat' dir='ltr'><strong>quadraginta</strong></span> <span class='ocrx_word' id='word_1_74' title='bbox 1647 1203 1828 1248; x_wconf 90' lang='lat' dir='ltr'><strong>autem</strong></span> <span class='ocrx_word' id='word_1_75' title='bbox 1863 1205 1916 1248; x_wconf 85' lang='lat' dir='ltr'><strong>et</strong></span> <span class='ocrx_word' id='word_1_76' title='bbox 1968 1208 2166 1248; x_wconf 81' lang='lat' dir='ltr'><strong>novem</strong></span> <span class='ocrx_word' id='word_1_77' title='bbox 2204 1209 2337 1247; x_wconf 90' lang='lat' dir='ltr'><strong>con-</strong></span> 
     </span>
    </p>
   </div>
   <div class='ocr_carea' id='block_1_14' title="bbox 771 1283 2338 1366">
    <p class='ocr_par' dir='ltr' id='par_1_14' title="bbox 771 1283 2338 1366">
     <span class='ocr_line' id='line_1_14' title="bbox 771 1283 2338 1366; baseline -0.004 -21"><span class='ocrx_word' id='word_1_78' title='bbox 771 1302 1117 1366; x_wconf 77' lang='lat' dir='ltr'><strong>gregatarum</strong></span> <span class='ocrx_word' id='word_1_79' title='bbox 1151 1299 1268 1344; x_wconf 86' lang='lat' dir='ltr'><strong>erat</strong></span> <span class='ocrx_word' id='word_1_80' title='bbox 1305 1288 1397 1343; x_wconf 91' lang='lat' dir='ltr'><strong>ille</strong></span> <span class='ocrx_word' id='word_1_81' title='bbox 1432 1304 1584 1341; x_wconf 87' lang='lat' dir='ltr'><strong>sacer</strong></span> <span class='ocrx_word' id='word_1_82' title='bbox 1610 1287 1835 1342; x_wconf 92' lang='lat' dir='ltr'><strong>chorus.</strong></span> <span class='ocrx_word' id='word_1_83' title='bbox 1871 1285 1976 1350; x_wconf 84' lang='lat' dir='ltr'><strong>Qui</strong></span> <span class='ocrx_word' id='word_1_84' title='bbox 2025 1299 2151 1339; x_wconf 91' lang='lat' dir='ltr'><strong>cum</strong></span> <span class='ocrx_word' id='word_1_85' title='bbox 2207 1283 2338 1338; x_wconf 76' lang='lat' dir='ltr'><strong>fuis-</strong></span> 
     </span>
    </p>
   </div>
   <div class='ocr_carea' id='block_1_15' title="bbox 772 1376 2335 1451">
    <p class='ocr_par' dir='ltr' id='par_1_15' title="bbox 772 1376 2335 1451">
     <span class='ocr_line' id='line_1_15' title="bbox 772 1376 2335 1451; baseline -0.008 -12"><span class='ocrx_word' id='word_1_86' title='bbox 772 1392 897 1440; x_wconf 81' lang='lat' dir='ltr'><strong>sent</strong></span> <span class='ocrx_word' id='word_1_87' title='bbox 930 1380 1336 1451; x_wconf 87' lang='lat' dir='ltr'><strong>comprehensi,</strong></span> <span class='ocrx_word' id='word_1_88' title='bbox 1391 1377 1639 1448; x_wconf 92' lang='lat' dir='ltr'><strong>producti</strong></span> <span class='ocrx_word' id='word_1_89' title='bbox 1689 1386 1816 1430; x_wconf 88' lang='lat' dir='ltr'><strong>sunt</strong></span> <span class='ocrx_word' id='word_1_90' title='bbox 1883 1376 1936 1429; x_wconf 90' lang='lat' dir='ltr'><strong>in</strong></span> <span class='ocrx_word' id='word_1_91' title='bbox 1987 1385 2335 1445; x_wconf 84' lang='lat' dir='ltr'><strong>conspectum</strong></span> 
     </span>
    </p>
   </div>
   <div class='ocr_carea' id='block_1_16' title="bbox 777 1466 2338 1546">
    <p class='ocr_par' dir='ltr' id='par_1_16' title="bbox 777 1466 2338 1546">
     <span class='ocr_line' id='line_1_16' title="bbox 777 1466 2338 1546; baseline -0.006 -17"><span class='ocrx_word' id='word_1_92' title='bbox 777 1474 1142 1546; x_wconf 86' lang='lat' dir='ltr'><strong>proconsulis.</strong></span> <span class='ocrx_word' id='word_1_93' title='bbox 1197 1472 1291 1524; x_wconf 87' lang='lat' dir='ltr'><strong>Ille</strong></span> <span class='ocrx_word' id='word_1_94' title='bbox 1327 1479 1510 1524; x_wconf 89' lang='lat' dir='ltr'><strong>autem</strong></span> <span class='ocrx_word' id='word_1_95' title='bbox 1547 1483 1641 1523; x_wconf 91' lang='lat' dir='ltr'><strong>eos</strong></span> <span class='ocrx_word' id='word_1_96' title='bbox 1668 1468 1824 1537; x_wconf 88' lang='lat' dir='ltr'><strong>prius</strong></span> <span class='ocrx_word' id='word_1_97' title='bbox 1854 1467 2120 1521; x_wconf 87' lang='lat' dir='ltr'><strong>inducens</strong></span> <span class='ocrx_word' id='word_1_98' title='bbox 2149 1466 2338 1520; x_wconf 84' lang='lat' dir='ltr'><strong>admo-</strong></span> 
     </span>
    </p>
   </div>
   <div class='ocr_carea' id='block_1_17' title="bbox 771 1559 2338 1631">
    <p class='ocr_par' dir='ltr' id='par_1_17' title="bbox 771 1559 2338 1631">
     <span class='ocr_line' id='line_1_17' title="bbox 771 1559 2338 1631; baseline -0.006 -11"><span class='ocrx_word' id='word_1_99' title='bbox 771 1567 1008 1631; x_wconf 82' lang='lat' dir='ltr'><strong>nitione,</strong></span> <span class='ocrx_word' id='word_1_100' title='bbox 1029 1563 1325 1618; x_wconf 84' lang='lat' dir='ltr'><strong>conabatur</strong></span> <span class='ocrx_word' id='word_1_101' title='bbox 1347 1561 1620 1615; x_wconf 90' lang='lat' dir='ltr'><strong>abducere</strong></span> <span class='ocrx_word' id='word_1_102' title='bbox 1651 1575 1680 1614; x_wconf 92' lang='lat' dir='ltr'><strong>a</strong></span> <span class='ocrx_word' id='word_1_103' title='bbox 1717 1560 1941 1630; x_wconf 89' lang='lat' dir='ltr'><strong>pietate,</strong></span> <span class='ocrx_word' id='word_1_104' title='bbox 1974 1559 2132 1613; x_wconf 88' lang='lat' dir='ltr'><strong>bonis</strong></span> <span class='ocrx_word' id='word_1_105' title='bbox 2181 1566 2338 1611; x_wconf 62' lang='lat' dir='ltr'><strong>terra;</strong></span> 
     </span>
    </p>
   </div>
   <div class='ocr_carea' id='block_1_18' title="bbox 774 1647 2341 1720">
    <p class='ocr_par' dir='ltr' id='par_1_18' title="bbox 774 1647 2341 1720">
     <span class='ocr_line' id='line_1_18' title="bbox 774 1647 2341 1720; baseline -0.008 -8"><span class='ocrx_word' id='word_1_106' title='bbox 774 1658 963 1713; x_wconf 76' lang='lat' dir='ltr'><strong>volens</strong></span> <span class='ocrx_word' id='word_1_107' title='bbox 994 1672 1088 1710; x_wconf 88' lang='lat' dir='ltr'><strong>eos</strong></span> <span class='ocrx_word' id='word_1_108' title='bbox 1115 1655 1448 1714; x_wconf 86' lang='lat' dir='ltr'><strong>demulcere,</strong></span> <span class='ocrx_word' id='word_1_109' title='bbox 1483 1651 1571 1720; x_wconf 89' lang='lat' dir='ltr'><strong>qui</strong></span> <span class='ocrx_word' id='word_1_110' title='bbox 1609 1649 1898 1720; x_wconf 90' lang='lat' dir='ltr'><strong>cupiebant</strong></span> <span class='ocrx_word' id='word_1_111' title='bbox 1945 1648 2209 1710; x_wconf 67' lang='lat' dir='ltr'><strong>cmlestia,</strong></span> <span class='ocrx_word' id='word_1_112' title='bbox 2257 1647 2341 1701; x_wconf 89' lang='lat' dir='ltr'><strong>di-</strong></span> 
     </span>
    </p>
   </div>
   <div class='ocr_carea' id='block_1_19' title="bbox 774 1734 2339 1808">
    <p class='ocr_par' dir='ltr' id='par_1_19' title="bbox 774 1734 2339 1808">
     <span class='ocr_line' id='line_1_19' title="bbox 774 1734 2339 1808; baseline -0.01 -6"><span class='ocrx_word' id='word_1_113' title='bbox 774 1747 931 1803; x_wconf 84' lang='lat' dir='ltr'><strong>cebat</strong></span> <span class='ocrx_word' id='word_1_114' title='bbox 962 1745 1107 1799; x_wconf 91' lang='lat' dir='ltr'><strong>enim</strong></span> <span class='ocrx_word' id='word_1_115' title='bbox 1146 1761 1160 1797; x_wconf 91' lang='lat'><strong>:</strong></span> <span class='ocrx_word' id='word_1_116' title='bbox 1194 1742 1509 1796; x_wconf 80' lang='lat' dir='ltr'><strong>Sacriﬁcate</strong></span> <span class='ocrx_word' id='word_1_117' title='bbox 1545 1755 1740 1808; x_wconf 87' lang='lat' dir='ltr'><strong>magno</strong></span> <span class='ocrx_word' id='word_1_118' title='bbox 1766 1739 1876 1791; x_wconf 89' lang='lat' dir='ltr'><strong>deo</strong></span> <span class='ocrx_word' id='word_1_119' title='bbox 1908 1735 2088 1798; x_wconf 87' lang='lat' dir='ltr'><strong>Marti,</strong></span> <span class='ocrx_word' id='word_1_120' title='bbox 2134 1743 2194 1786; x_wconf 92' lang='lat' dir='ltr'><strong>ut</strong></span> <span class='ocrx_word' id='word_1_121' title='bbox 2222 1734 2339 1802; x_wconf 80' lang='lat' dir='ltr'><strong>ejus</strong></span> 
     </span>
    </p>
   </div>
   <div class='ocr_carea' id='block_1_20' title="bbox 773 1826 2337 1902">
    <p class='ocr_par' dir='ltr' id='par_1_20' title="bbox 773 1826 2337 1902">
     <span class='ocr_line' id='line_1_20' title="bbox 773 1826 2337 1902; baseline -0.011 -9"><span class='ocrx_word' id='word_1_122' title='bbox 773 1835 1180 1900; x_wconf 82' lang='lat' dir='ltr'><strong>benevolentia,</strong></span> <span class='ocrx_word' id='word_1_123' title='bbox 1225 1844 1278 1888; x_wconf 92' lang='lat' dir='ltr'><strong>et</strong></span> <span class='ocrx_word' id='word_1_124' title='bbox 1312 1833 1381 1887; x_wconf 85' lang='lat' dir='ltr'><strong>ab</strong></span> <span class='ocrx_word' id='word_1_125' title='bbox 1428 1829 1850 1902; x_wconf 84' lang='lat' dir='ltr'><strong>imperatoribus</strong></span> <span class='ocrx_word' id='word_1_126' title='bbox 1877 1828 2051 1882; x_wconf 90' lang='lat' dir='ltr'><strong>danda</strong></span> <span class='ocrx_word' id='word_1_127' title='bbox 2082 1826 2337 1879; x_wconf 75' lang='lat' dir='ltr'><strong>felicitate</strong></span> 
     </span>
    </p>
   </div>
   <div class='ocr_carea' id='block_1_21' title="bbox 768 1916 2338 2000">
    <p class='ocr_par' dir='ltr' id='par_1_21' title="bbox 768 1916 2338 2000">
     <span class='ocr_line' id='line_1_21' title="bbox 768 1916 2338 2000; baseline -0.009 -18"><span class='ocrx_word' id='word_1_128' title='bbox 768 1947 870 1986; x_wconf 69' lang='lat' dir='ltr'><strong>vos</strong></span> <span class='ocrx_word' id='word_1_129' title='bbox 913 1931 1110 2000; x_wconf 82' lang='lat' dir='ltr'><strong>dignos</strong></span> <span class='ocrx_word' id='word_1_130' title='bbox 1171 1925 1436 1988; x_wconf 83' lang='lat' dir='ltr'><strong>etilciatis,</strong></span> <span class='ocrx_word' id='word_1_131' title='bbox 1497 1933 1552 1979; x_wconf 91' lang='lat' dir='ltr'><strong>et</strong></span> <span class='ocrx_word' id='word_1_132' title='bbox 1627 1921 1860 1992; x_wconf 89' lang='lat' dir='ltr'><strong>plurima</strong></span> <span class='ocrx_word' id='word_1_133' title='bbox 1934 1916 2338 1987; x_wconf 85' lang='lat' dir='ltr'><strong>consequamini</strong></span> 
     </span>
    </p>
   </div>
   <div class='ocr_carea' id='block_1_22' title="bbox 775 2012 2342 2078">
    <p class='ocr_par' dir='ltr' id='par_1_22' title="bbox 775 2012 2342 2078">
     <span class='ocr_line' id='line_1_22' title="bbox 775 2012 2342 2078; baseline -0.011 0"><span class='ocrx_word' id='word_1_134' title='bbox 775 2038 998 2078; x_wconf 90' lang='lat' dir='ltr'><strong>munera</strong></span> <span class='ocrx_word' id='word_1_135' title='bbox 1022 2030 1078 2076; x_wconf 91' lang='lat' dir='ltr'><strong>et</strong></span> <span class='ocrx_word' id='word_1_136' title='bbox 1102 2021 1366 2074; x_wconf 88' lang='lat' dir='ltr'><strong>honores.</strong></span> <span class='ocrx_word' id='word_1_137' title='bbox 1400 2016 1502 2072; x_wconf 91' lang='lat' dir='ltr'><strong>Cui</strong></span> <span class='ocrx_word' id='word_1_138' title='bbox 1529 2014 1746 2070; x_wconf 76' lang='lat' dir='ltr'><strong>divinus</strong></span> <span class='ocrx_word' id='word_1_139' title='bbox 1804 2012 1891 2067; x_wconf 91' lang='lat' dir='ltr'><strong>ille</strong></span> <span class='ocrx_word' id='word_1_140' title='bbox 1941 2012 2162 2075; x_wconf 87' lang='lat' dir='ltr'><strong>chorus,</strong></span> <span class='ocrx_word' id='word_1_141' title='bbox 2219 2017 2342 2063; x_wconf 87' lang='lat' dir='ltr'><strong>tan-</strong></span> 
     </span>
    </p>
   </div>
   <div class='ocr_carea' id='block_1_23' title="bbox 770 2103 2340 2185">
    <p class='ocr_par' dir='ltr' id='par_1_23' title="bbox 770 2103 2340 2185">
     <span class='ocr_line' id='line_1_23' title="bbox 770 2103 2340 2185; baseline -0.008 -18"><span class='ocrx_word' id='word_1_142' title='bbox 770 2127 936 2185; x_wconf 83' lang='lat' dir='ltr'><strong>quam</strong></span> <span class='ocrx_word' id='word_1_143' title='bbox 977 2127 1083 2166; x_wconf 93' lang='lat' dir='ltr'><strong>uno</strong></span> <span class='ocrx_word' id='word_1_144' title='bbox 1137 2109 1317 2162; x_wconf 87' lang='lat' dir='ltr'><strong>animo</strong></span> <span class='ocrx_word' id='word_1_145' title='bbox 1344 2117 1400 2162; x_wconf 91' lang='lat' dir='ltr'><strong>et</strong></span> <span class='ocrx_word' id='word_1_146' title='bbox 1450 2122 1557 2160; x_wconf 91' lang='lat' dir='ltr'><strong>uno</strong></span> <span class='ocrx_word' id='word_1_147' title='bbox 1606 2119 1746 2159; x_wconf 92' lang='lat' dir='ltr'><strong>ore:</strong></span> <span class='ocrx_word' id='word_1_148' title='bbox 1810 2103 1943 2166; x_wconf 82' lang='lat' dir='ltr'><strong>Nos,</strong></span> <span class='ocrx_word' id='word_1_149' title='bbox 1977 2103 2255 2165; x_wconf 84' lang='lat' dir='ltr'><strong>dixerunt,</strong></span> <span class='ocrx_word' id='word_1_150' title='bbox 2307 2114 2340 2154; x_wconf 93' lang='grc' dir='ltr'><strong>ο</strong></span> 
     </span>
    </p>
   </div>
   <div class='ocr_carea' id='block_1_24' title="bbox 773 2192 2342 2278">
    <p class='ocr_par' dir='ltr' id='par_1_24' title="bbox 773 2192 2342 2278">
     <span class='ocr_line' id='line_1_24' title="bbox 773 2192 2342 2278; baseline -0.009 -15"><span class='ocrx_word' id='word_1_151' title='bbox 773 2203 1088 2278; x_wconf 80' lang='lat' dir='ltr'><strong>proconsul,</strong></span> <span class='ocrx_word' id='word_1_152' title='bbox 1129 2201 1296 2257; x_wconf 86' lang='lat' dir='ltr'><strong>Deum</strong></span> <span class='ocrx_word' id='word_1_153' title='bbox 1353 2214 1547 2254; x_wconf 73' lang='lat' dir='ltr'><strong>verum</strong></span> <span class='ocrx_word' id='word_1_154' title='bbox 1587 2197 1766 2254; x_wconf 86' lang='lat' dir='ltr'><strong>colere</strong></span> <span class='ocrx_word' id='word_1_155' title='bbox 1823 2192 2130 2261; x_wconf 78' lang='lat' dir='ltr'><strong>didicimus,</strong></span> <span class='ocrx_word' id='word_1_156' title='bbox 2187 2193 2342 2264; x_wconf 86' lang='lat' dir='ltr'><strong>cujus</strong></span> 
     </span>
    </p>
   </div>
   <div class='ocr_carea' id='block_1_25' title="bbox 771 2291 2344 2369">
    <p class='ocr_par' dir='ltr' id='par_1_25' title="bbox 771 2291 2344 2369">
     <span class='ocr_line' id='line_1_25' title="bbox 771 2291 2344 2369; baseline -0.011 -9"><span class='ocrx_word' id='word_1_157' title='bbox 771 2304 943 2359; x_wconf 68' lang='lat' dir='ltr'><strong>verbo</strong></span> <span class='ocrx_word' id='word_1_158' title='bbox 983 2318 1049 2357; x_wconf 90' lang='lat' dir='ltr'><strong>ex</strong></span> <span class='ocrx_word' id='word_1_159' title='bbox 1084 2301 1153 2354; x_wconf 89' lang='lat' dir='ltr'><strong>iis</strong></span> <span class='ocrx_word' id='word_1_160' title='bbox 1195 2314 1317 2369; x_wconf 67' lang='lat' dir='ltr'><strong>quas</strong></span> <span class='ocrx_word' id='word_1_161' title='bbox 1348 2312 1454 2352; x_wconf 86' lang='lat' dir='ltr'><strong>non</strong></span> <span class='ocrx_word' id='word_1_162' title='bbox 1492 2305 1647 2351; x_wconf 86' lang='lat' dir='ltr'><strong>erant</strong></span> <span class='ocrx_word' id='word_1_163' title='bbox 1700 2293 2060 2350; x_wconf 85' lang='lat' dir='ltr'><strong>constitutum</strong></span> <span class='ocrx_word' id='word_1_164' title='bbox 2106 2300 2189 2345; x_wconf 88' lang='lat' dir='ltr'><strong>est</strong></span> <span class='ocrx_word' id='word_1_165' title='bbox 2222 2291 2344 2344; x_wconf 90' lang='lat' dir='ltr'><strong>uni-</strong></span> 
     </span>
    </p>
   </div>
   <div class='ocr_carea' id='block_1_26' title="bbox 779 2382 2339 2457">
    <p class='ocr_par' dir='ltr' id='par_1_26' title="bbox 779 2382 2339 2457">
     <span class='ocr_line' id='line_1_26' title="bbox 779 2382 2339 2457; baseline -0.011 -7"><span class='ocrx_word' id='word_1_166' title='bbox 779 2407 1024 2457; x_wconf 79' lang='lat' dir='ltr'><strong>versum,</strong></span> <span class='ocrx_word' id='word_1_167' title='bbox 1049 2390 1248 2446; x_wconf 68' lang='lat' dir='ltr'><strong>caelum</strong></span> <span class='ocrx_word' id='word_1_168' title='bbox 1275 2397 1330 2441; x_wconf 87' lang='lat' dir='ltr'><strong>et</strong></span> <span class='ocrx_word' id='word_1_169' title='bbox 1358 2397 1521 2450; x_wconf 84' lang='lat' dir='ltr'><strong>terra,</strong></span> <span class='ocrx_word' id='word_1_170' title='bbox 1553 2395 1608 2438; x_wconf 87' lang='lat' dir='ltr'><strong>et</strong></span> <span class='ocrx_word' id='word_1_171' title='bbox 1627 2383 1808 2438; x_wconf 85' lang='lat' dir='ltr'><strong>omnia</strong></span> <span class='ocrx_word' id='word_1_172' title='bbox 1835 2399 1952 2452; x_wconf 65' lang='lat' dir='ltr'><strong>quae</strong></span> <span class='ocrx_word' id='word_1_173' title='bbox 1985 2393 2113 2436; x_wconf 90' lang='lat' dir='ltr'><strong>sunt</strong></span> <span class='ocrx_word' id='word_1_174' title='bbox 2137 2382 2190 2434; x_wconf 93' lang='lat' dir='ltr'><strong>in</strong></span> <span class='ocrx_word' id='word_1_175' title='bbox 2225 2382 2339 2446; x_wconf 88' lang='lat' dir='ltr'><strong>eis;</strong></span> 
     </span>
    </p>
   </div>
   <div class='ocr_carea' id='block_1_27' title="bbox 775 2474 2346 2555">
    <p class='ocr_par' dir='ltr' id='par_1_27' title="bbox 775 2474 2346 2555">
     <span class='ocr_line' id='line_1_27' title="bbox 775 2474 2346 2555; baseline -0.011 -13"><span class='ocrx_word' id='word_1_176' title='bbox 775 2501 956 2555; x_wconf 86' lang='lat' dir='ltr'><strong>neque</strong></span> <span class='ocrx_word' id='word_1_177' title='bbox 983 2484 1148 2538; x_wconf 89' lang='lat' dir='ltr'><strong>ullum</strong></span> <span class='ocrx_word' id='word_1_178' title='bbox 1172 2481 1341 2535; x_wconf 89' lang='lat' dir='ltr'><strong>alium</strong></span> <span class='ocrx_word' id='word_1_179' title='bbox 1376 2477 1545 2532; x_wconf 90' lang='lat' dir='ltr'><strong>Deum</strong></span> <span class='ocrx_word' id='word_1_180' title='bbox 1572 2477 1796 2540; x_wconf 89' lang='lat' dir='ltr'><strong>scimus,</strong></span> <span class='ocrx_word' id='word_1_181' title='bbox 1837 2483 2031 2542; x_wconf 69' lang='lat' dir='ltr'><strong>praeter</strong></span> <span class='ocrx_word' id='word_1_182' title='bbox 2056 2474 2222 2539; x_wconf 89' lang='lat' dir='ltr'><strong>hunc,</strong></span> <span class='ocrx_word' id='word_1_183' title='bbox 2254 2487 2346 2526; x_wconf 80' lang='lat' dir='ltr'><strong>ne-</strong></span> 
     </span>
    </p>
   </div>
   <div class='ocr_carea' id='block_1_28' title="bbox 775 2566 2340 2649">
    <p class='ocr_par' dir='ltr' id='par_1_28' title="bbox 775 2566 2340 2649">
     <span class='ocr_line' id='line_1_28' title="bbox 775 2566 2340 2649; baseline -0.008 -15"><span class='ocrx_word' id='word_1_184' title='bbox 775 2595 884 2649; x_wconf 87' lang='lat' dir='ltr'><strong>que</strong></span> <span class='ocrx_word' id='word_1_185' title='bbox 935 2577 1164 2632; x_wconf 85' lang='lat' dir='ltr'><strong>adorare</strong></span> <span class='ocrx_word' id='word_1_186' title='bbox 1224 2571 1412 2643; x_wconf 87' lang='lat' dir='ltr'><strong>(absit,</strong></span> <span class='ocrx_word' id='word_1_187' title='bbox 1475 2568 1590 2624; x_wconf 80' lang='lat' dir='ltr'><strong>Rex</strong></span> <span class='ocrx_word' id='word_1_188' title='bbox 1643 2567 1880 2637; x_wconf 84' lang='lat' dir='ltr'><strong>Christe)</strong></span> <span class='ocrx_word' id='word_1_189' title='bbox 1933 2566 2340 2621; x_wconf 87' lang='lat' dir='ltr'><strong>sustinebimus.</strong></span> 
     </span>
    </p>
   </div>
   <div class='ocr_carea' id='block_1_29' title="bbox 778 2660 2343 2728">
    <p class='ocr_par' dir='ltr' id='par_1_29' title="bbox 778 2660 2343 2728">
     <span class='ocr_line' id='line_1_29' title="bbox 778 2660 2343 2728; baseline -0.01 -2"><span class='ocrx_word' id='word_1_190' title='bbox 778 2672 896 2727; x_wconf 82' lang='lat' dir='ltr'><strong>Tua</strong></span> <span class='ocrx_word' id='word_1_191' title='bbox 928 2679 1113 2723; x_wconf 88' lang='lat' dir='ltr'><strong>autem</strong></span> <span class='ocrx_word' id='word_1_192' title='bbox 1137 2667 1279 2720; x_wconf 87' lang='lat' dir='ltr'><strong>dona</strong></span> <span class='ocrx_word' id='word_1_193' title='bbox 1310 2672 1366 2716; x_wconf 80' lang='lat' dir='ltr'><strong>et</strong></span> <span class='ocrx_word' id='word_1_194' title='bbox 1399 2663 1635 2716; x_wconf 82' lang='lat' dir='ltr'><strong>honores</strong></span> <span class='ocrx_word' id='word_1_195' title='bbox 1670 2660 1803 2715; x_wconf 92' lang='lat' dir='ltr'><strong>alios</strong></span> <span class='ocrx_word' id='word_1_196' title='bbox 1832 2660 2089 2721; x_wconf 88' lang='lat' dir='ltr'><strong>alliciant,</strong></span> <span class='ocrx_word' id='word_1_197' title='bbox 2142 2672 2343 2728; x_wconf 89' lang='lat' dir='ltr'><strong>eosque</strong></span> 
     </span>
    </p>
   </div>
   <div class='ocr_carea' id='block_1_30' title="bbox 780 2749 2345 2831">
    <p class='ocr_par' dir='ltr' id='par_1_30' title="bbox 780 2749 2345 2831">
     <span class='ocr_line' id='line_1_30' title="bbox 780 2749 2345 2831; baseline -0.01 -15"><span class='ocrx_word' id='word_1_198' title='bbox 780 2761 870 2831; x_wconf 83' lang='lat' dir='ltr'><strong>qui</strong></span> <span class='ocrx_word' id='word_1_199' title='bbox 906 2752 1412 2826; x_wconf 78' lang='lat' dir='ltr'><strong>suntpusillanimi,</strong></span> <span class='ocrx_word' id='word_1_200' title='bbox 1457 2761 1510 2805; x_wconf 93' lang='lat' dir='ltr'><strong>et</strong></span> <span class='ocrx_word' id='word_1_201' title='bbox 1544 2766 1706 2820; x_wconf 83' lang='lat' dir='ltr'><strong>parva</strong></span> <span class='ocrx_word' id='word_1_202' title='bbox 1755 2751 2173 2820; x_wconf 87' lang='lat' dir='ltr'><strong>concupiscunt,</strong></span> <span class='ocrx_word' id='word_1_203' title='bbox 2210 2749 2345 2802; x_wconf 86' lang='lat' dir='ltr'><strong>deli-</strong></span> 
     </span>
    </p>
   </div>
   <div class='ocr_carea' id='block_1_31' title="bbox 781 2841 2344 2913">
    <p class='ocr_par' dir='ltr' id='par_1_31' title="bbox 781 2841 2344 2913">
     <span class='ocr_line' id='line_1_31' title="bbox 781 2841 2344 2913; baseline -0.009 -7"><span class='ocrx_word' id='word_1_204' title='bbox 781 2855 952 2906; x_wconf 86' lang='lat' dir='ltr'><strong>niaut.</strong></span> <span class='ocrx_word' id='word_1_205' title='bbox 986 2849 1110 2904; x_wconf 60' lang='lat' dir='ltr'><strong>ﬂare</strong></span> <span class='ocrx_word' id='word_1_206' title='bbox 1132 2848 1276 2902; x_wconf 88' lang='lat' dir='ltr'><strong>enim</strong></span> <span class='ocrx_word' id='word_1_207' title='bbox 1301 2861 1332 2900; x_wconf 86' lang='lat' dir='ltr'><strong>a</strong></span> <span class='ocrx_word' id='word_1_208' title='bbox 1379 2845 1535 2899; x_wconf 89' lang='lat' dir='ltr'><strong>nobis</strong></span> <span class='ocrx_word' id='word_1_209' title='bbox 1589 2845 1742 2913; x_wconf 85' lang='lat' dir='ltr'><strong>parvi</strong></span> <span class='ocrx_word' id='word_1_210' title='bbox 1779 2842 1934 2904; x_wconf 84' lang='lat' dir='ltr'><strong>ﬁunt,</strong></span> <span class='ocrx_word' id='word_1_211' title='bbox 1965 2851 2020 2895; x_wconf 85' lang='lat' dir='ltr'><strong>et</strong></span> <span class='ocrx_word' id='word_1_212' title='bbox 2061 2842 2148 2894; x_wconf 82' lang='lat' dir='ltr'><strong>vix</strong></span> <span class='ocrx_word' id='word_1_213' title='bbox 2184 2841 2344 2895; x_wconf 88' lang='lat' dir='ltr'><strong>ullam</strong></span> 
     </span>
    </p>
   </div>
   <div class='ocr_carea' id='block_1_32' title="bbox 781 2933 2347 2999">
    <p class='ocr_par' dir='ltr' id='par_1_32' title="bbox 781 2933 2347 2999">
     <span class='ocr_line' id='line_1_32' title="bbox 781 2933 2347 2999; baseline -0.007 -1"><span class='ocrx_word' id='word_1_214' title='bbox 781 2958 971 2999; x_wconf 88' lang='lat' dir='ltr'><strong>eorum</strong></span> <span class='ocrx_word' id='word_1_215' title='bbox 1003 2942 1255 2995; x_wconf 86' lang='lat' dir='ltr'><strong>ducimus</strong></span> <span class='ocrx_word' id='word_1_216' title='bbox 1281 2937 1572 2999; x_wconf 88' lang='lat' dir='ltr'><strong>rationem,</strong></span> <span class='ocrx_word' id='word_1_217' title='bbox 1598 2950 1721 2987; x_wconf 92' lang='lat' dir='ltr'><strong>cum</strong></span> <span class='ocrx_word' id='word_1_218' title='bbox 1754 2933 1928 2987; x_wconf 92' lang='lat' dir='ltr'><strong>solum</strong></span> <span class='ocrx_word' id='word_1_219' title='bbox 1969 2947 2218 2986; x_wconf 86' lang='lat' dir='ltr'><strong>amemus</strong></span> <span class='ocrx_word' id='word_1_220' title='bbox 2251 2935 2347 2987; x_wconf 86' lang='lat' dir='ltr'><strong>ho-</strong></span> 
     </span>
    </p>
   </div>
   <div class='ocr_carea' id='block_1_33' title="bbox 779 3003 2342 3100">
    <p class='ocr_par' dir='ltr' id='par_1_33' title="bbox 779 3003 2342 3100">
     <span class='ocr_line' id='line_1_33' title="bbox 779 3003 2342 3100; baseline -0.008 -11"><span class='ocrx_word' id='word_1_221' title='bbox 779 3047 993 3098; x_wconf 87' lang='lat' dir='ltr'><strong>norem,</strong></span> <span class='ocrx_word' id='word_1_222' title='bbox 1019 3029 1108 3100; x_wconf 90' lang='lat' dir='ltr'><strong>qui</strong></span> <span class='ocrx_word' id='word_1_223' title='bbox 1146 3037 1229 3083; x_wconf 91' lang='lat' dir='ltr'><strong>est</strong></span> <span class='ocrx_word' id='word_1_224' title='bbox 1263 3027 1316 3081; x_wconf 93' lang='lat' dir='ltr'><strong>in</strong></span> <span class='ocrx_word' id='word_1_225' title='bbox 1351 3024 1524 3089; x_wconf 74' lang='lat' dir='ltr'><strong>ccelis,</strong></span> <span class='ocrx_word' id='word_1_226' title='bbox 1555 3038 1714 3092; x_wconf 87' lang='lat' dir='ltr'><strong>quem</strong></span> <span class='ocrx_word' id='word_1_227' title='bbox 1763 3025 1928 3078; x_wconf 82' lang='lat' dir='ltr'><strong>vitam</strong></span> <span class='ocrx_word' id='word_1_228' title='bbox 1980 3003 2342 3078; x_wconf 83' lang='lat' dir='ltr'><strong>immortalem</strong></span> 
     </span>
    </p>
   </div>
   <div class='ocr_carea' id='block_1_34' title="bbox 777 3113 2411 3194">
    <p class='ocr_par' dir='ltr' id='par_1_34' title="bbox 777 3113 2411 3194">
     <span class='ocr_line' id='line_1_34' title="bbox 777 3113 2411 3194; baseline -0.008 -15"><span class='ocrx_word' id='word_1_229' title='bbox 777 3134 835 3179; x_wconf 90' lang='lat' dir='ltr'><strong>et</strong></span> <span class='ocrx_word' id='word_1_230' title='bbox 868 3136 1094 3193; x_wconf 87' lang='lat' dir='ltr'><strong>regnum</strong></span> <span class='ocrx_word' id='word_1_231' title='bbox 1140 3119 1234 3172; x_wconf 92' lang='lat' dir='ltr'><strong>Dei</strong></span> <span class='ocrx_word' id='word_1_232' title='bbox 1264 3130 1541 3173; x_wconf 84' lang='lat' dir='ltr'><strong>vocamus.</strong></span> <span class='ocrx_word' id='word_1_233' title='bbox 1567 3114 1658 3170; x_wconf 90' lang='lat' dir='ltr'><strong>Sic</strong></span> <span class='ocrx_word' id='word_1_234' title='bbox 1682 3113 1901 3183; x_wconf 85' lang='lat' dir='ltr'><strong>quidem</strong></span> <span class='ocrx_word' id='word_1_235' title='bbox 1925 3115 2060 3167; x_wconf 84' lang='lat' dir='ltr'><strong>dixit</strong></span> <span class='ocrx_word' id='word_1_236' title='bbox 2081 3115 2170 3166; x_wconf 86' lang='lat' dir='ltr'><strong>ille</strong></span> <span class='ocrx_word' id='word_1_237' title='bbox 2218 3115 2334 3182; x_wconf 87' lang='lat' dir='ltr'><strong>glo-</strong></span> <span class='ocrx_word' id='word_1_238' title='bbox 2371 3141 2411 3194; x_wconf 62' lang='grc' dir='ltr'><strong><em>ε</em></strong></span> 
     </span>
    </p>
   </div>
   <div class='ocr_carea' id='block_1_35' title="bbox 784 3203 2346 3276">
    <p class='ocr_par' dir='ltr' id='par_1_35' title="bbox 784 3203 2346 3276">
     <span class='ocr_line' id='line_1_35' title="bbox 784 3203 2346 3276; baseline -0.008 -6"><span class='ocrx_word' id='word_1_239' title='bbox 784 3217 959 3270; x_wconf 86' lang='lat' dir='ltr'><strong>riosus</strong></span> <span class='ocrx_word' id='word_1_240' title='bbox 991 3212 1285 3274; x_wconf 84' lang='lat' dir='ltr'><strong>exercitus,</strong></span> <span class='ocrx_word' id='word_1_241' title='bbox 1344 3208 1438 3276; x_wconf 88' lang='lat' dir='ltr'><strong>qui</strong></span> <span class='ocrx_word' id='word_1_242' title='bbox 1485 3205 1722 3260; x_wconf 83' lang='lat' dir='ltr'><strong>habebat</strong></span> <span class='ocrx_word' id='word_1_243' title='bbox 1767 3205 1962 3259; x_wconf 84' lang='lat' dir='ltr'><strong>ducem</strong></span> <span class='ocrx_word' id='word_1_244' title='bbox 2007 3203 2346 3259; x_wconf 85' lang='lat' dir='ltr'><strong>benedictam</strong></span> 
     </span>
    </p>
   </div>
   <div class='ocr_carea' id='block_1_36' title="bbox 785 3302 1163 3375">
    <p class='ocr_par' dir='ltr' id='par_1_36' title="bbox 785 3302 1163 3375">
     <span class='ocr_line' id='line_1_36' title="bbox 785 3302 1163 3375; baseline -0.013 -17"><span class='ocrx_word' id='word_1_245' title='bbox 785 3302 1163 3375; x_wconf 86' lang='lat' dir='ltr'><strong>Euphemiam.</strong></span> 
     </span>
    </p>
   </div>
   <div class='ocr_carea' id='block_1_37' title="bbox 852 3384 2345 3466">
    <p class='ocr_par' dir='ltr' id='par_1_37' title="bbox 852 3384 2345 3466">
     <span class='ocr_line' id='line_1_37' title="bbox 852 3384 2345 3466; baseline -0.008 -16"><span class='ocrx_word' id='word_1_246' title='bbox 852 3395 940 3451; x_wconf 90' lang='lat' dir='ltr'><strong>Ill.</strong></span> <span class='ocrx_word' id='word_1_247' title='bbox 963 3394 1245 3466; x_wconf 79' lang='lat' dir='ltr'><strong>Tyrannus</strong></span> <span class='ocrx_word' id='word_1_248' title='bbox 1269 3399 1446 3444; x_wconf 86' lang='lat' dir='ltr'><strong>autem</strong></span> <span class='ocrx_word' id='word_1_249' title='bbox 1467 3403 1534 3443; x_wconf 92' lang='lat' dir='ltr'><strong>ne</strong></span> <span class='ocrx_word' id='word_1_250' title='bbox 1553 3387 1629 3444; x_wconf 93' lang='lat' dir='ltr'><strong>sic</strong></span> <span class='ocrx_word' id='word_1_251' title='bbox 1650 3386 1865 3458; x_wconf 87' lang='lat' dir='ltr'><strong>quidem</strong></span> <span class='ocrx_word' id='word_1_252' title='bbox 1891 3386 2188 3452; x_wconf 87' lang='lat' dir='ltr'><strong>desperans</strong></span> <span class='ocrx_word' id='word_1_253' title='bbox 2210 3384 2345 3447; x_wconf 78' lang='lat' dir='ltr'><strong>fore,</strong></span> 
     </span>
    </p>
   </div>
   <div class='ocr_carea' id='block_1_38' title="bbox 788 3475 2347 3558">
    <p class='ocr_par' dir='ltr' id='par_1_38' title="bbox 788 3475 2347 3558">
     <span class='ocr_line' id='line_1_38' title="bbox 788 3475 2347 3558; baseline -0.011 -14"><span class='ocrx_word' id='word_1_254' title='bbox 788 3497 848 3544; x_wconf 88' lang='lat' dir='ltr'><strong>ut</strong></span> <span class='ocrx_word' id='word_1_255' title='bbox 904 3488 985 3543; x_wconf 83' lang='lat' dir='ltr'><strong>eis</strong></span> <span class='ocrx_word' id='word_1_256' title='bbox 1013 3484 1388 3558; x_wconf 83' lang='lat' dir='ltr'><strong>persuaderet,</strong></span> <span class='ocrx_word' id='word_1_257' title='bbox 1437 3481 1533 3536; x_wconf 81' lang='lat' dir='ltr'><strong>sed</strong></span> <span class='ocrx_word' id='word_1_258' title='bbox 1583 3479 1682 3534; x_wconf 91' lang='lat' dir='ltr'><strong>sibi</strong></span> <span class='ocrx_word' id='word_1_259' title='bbox 1735 3480 1937 3532; x_wconf 85' lang='lat' dir='ltr'><strong>bonam</strong></span> <span class='ocrx_word' id='word_1_260' title='bbox 1969 3477 2035 3528; x_wconf 92' lang='lat' dir='ltr'><strong>de</strong></span> <span class='ocrx_word' id='word_1_261' title='bbox 2065 3475 2144 3527; x_wconf 87' lang='lat' dir='ltr'><strong>eis</strong></span> <span class='ocrx_word' id='word_1_262' title='bbox 2198 3487 2347 3543; x_wconf 90' lang='lat' dir='ltr'><strong>spem</strong></span> 
     </span>
    </p>
   </div>
   <div class='ocr_carea' id='block_1_39' title="bbox 784 3566 2350 3652">
    <p class='ocr_par' dir='ltr' id='par_1_39' title="bbox 784 3566 2350 3652">
     <span class='ocr_line' id='line_1_39' title="bbox 784 3566 2350 3652; baseline -0.01 -16"><span class='ocrx_word' id='word_1_263' title='bbox 784 3581 1035 3652; x_wconf 67' lang='lat' dir='ltr'><strong>prabens</strong></span> <span class='ocrx_word' id='word_1_264' title='bbox 1104 3574 1494 3646; x_wconf 83' lang='lat' dir='ltr'><strong>(admirabatur</strong></span> <span class='ocrx_word' id='word_1_265' title='bbox 1547 3570 1691 3623; x_wconf 88' lang='lat' dir='ltr'><strong>enim</strong></span> <span class='ocrx_word' id='word_1_266' title='bbox 1747 3569 1866 3621; x_wconf 92' lang='lat' dir='ltr'><strong>illos</strong></span> <span class='ocrx_word' id='word_1_267' title='bbox 1949 3566 2237 3638; x_wconf 89' lang='lat' dir='ltr'><strong>aspiciens,</strong></span> <span class='ocrx_word' id='word_1_268' title='bbox 2295 3575 2350 3620; x_wconf 88' lang='lat' dir='ltr'><strong>et</strong></span> 
     </span>
    </p>
   </div>
   <div class='ocr_carea' id='block_1_40' title="bbox 785 3659 2350 3729">
    <p class='ocr_par' dir='ltr' id='par_1_40' title="bbox 785 3659 2350 3729">
     <span class='ocr_line' id='line_1_40' title="bbox 785 3659 2350 3729; baseline -0.012 -1"><span class='ocrx_word' id='word_1_269' title='bbox 785 3673 978 3728; x_wconf 82' lang='lat' dir='ltr'><strong>videns</strong></span> <span class='ocrx_word' id='word_1_270' title='bbox 1047 3668 1261 3721; x_wconf 90' lang='lat' dir='ltr'><strong>illorum</strong></span> <span class='ocrx_word' id='word_1_271' title='bbox 1316 3660 1536 3716; x_wconf 90' lang='lat' dir='ltr'><strong>liberale</strong></span> <span class='ocrx_word' id='word_1_272' title='bbox 1606 3659 1904 3729; x_wconf 84' lang='lat' dir='ltr'><strong>ingenium,</strong></span> <span class='ocrx_word' id='word_1_273' title='bbox 1957 3667 2010 3712; x_wconf 89' lang='lat' dir='ltr'><strong>et</strong></span> <span class='ocrx_word' id='word_1_274' title='bbox 2058 3672 2350 3728; x_wconf 86' lang='lat' dir='ltr'><strong>generosos</strong></span> 
     </span>
    </p>
   </div>
   <div class='ocr_carea' id='block_1_41' title="bbox 784 3749 2347 3831">
    <p class='ocr_par' dir='ltr' id='par_1_41' title="bbox 784 3749 2347 3831">
     <span class='ocr_line' id='line_1_41' title="bbox 784 3749 2347 3831; baseline -0.01 -17"><span class='ocrx_word' id='word_1_275' title='bbox 784 3760 1032 3831; x_wconf 72' lang='lat' dir='ltr'><strong>spiritus,</strong></span> <span class='ocrx_word' id='word_1_276' title='bbox 1067 3767 1243 3823; x_wconf 90' lang='lat' dir='ltr'><strong>neque</strong></span> <span class='ocrx_word' id='word_1_277' title='bbox 1276 3751 1490 3807; x_wconf 85' lang='lat' dir='ltr'><strong>volebat</strong></span> <span class='ocrx_word' id='word_1_278' title='bbox 1528 3758 1634 3804; x_wconf 88' lang='lat' dir='ltr'><strong>tam</strong></span> <span class='ocrx_word' id='word_1_279' title='bbox 1671 3749 1958 3818; x_wconf 91' lang='lat' dir='ltr'><strong>pulchrum</strong></span> <span class='ocrx_word' id='word_1_280' title='bbox 2004 3756 2060 3800; x_wconf 89' lang='lat' dir='ltr'><strong>et</strong></span> <span class='ocrx_word' id='word_1_281' title='bbox 2093 3755 2347 3801; x_wconf 90' lang='lat' dir='ltr'><strong>ornatum</strong></span> 
     </span>
    </p>
   </div>
   <div class='ocr_carea' id='block_1_42' title="bbox 784 3840 2348 3918">
    <p class='ocr_par' dir='ltr' id='par_1_42' title="bbox 784 3840 2348 3918">
     <span class='ocr_line' id='line_1_42' title="bbox 784 3840 2348 3918; baseline -0.01 -12"><span class='ocrx_word' id='word_1_282' title='bbox 784 3860 984 3906; x_wconf 72' lang='lat' dir='ltr'><strong>emtum</strong></span> <span class='ocrx_word' id='word_1_283' title='bbox 1022 3861 1180 3918; x_wconf 71' lang='lat' dir='ltr'><strong>pmna</strong></span> <span class='ocrx_word' id='word_1_284' title='bbox 1210 3843 1394 3913; x_wconf 80' lang='lat' dir='ltr'><strong>allici),</strong></span> <span class='ocrx_word' id='word_1_285' title='bbox 1436 3841 1565 3897; x_wconf 83' lang='lat' dir='ltr'><strong>fecit</strong></span> <span class='ocrx_word' id='word_1_286' title='bbox 1597 3855 1784 3896; x_wconf 92' lang='lat' dir='ltr'><strong>rursus</strong></span> <span class='ocrx_word' id='word_1_287' title='bbox 1819 3840 2120 3909; x_wconf 88' lang='lat' dir='ltr'><strong>periculurn</strong></span> <span class='ocrx_word' id='word_1_288' title='bbox 2149 3849 2348 3908; x_wconf 80' lang='lat' dir='ltr'><strong>marty-</strong></span> 
     </span>
    </p>
   </div>
   <div class='ocr_carea' id='block_1_43' title="bbox 787 3930 2347 4003">
    <p class='ocr_par' dir='ltr' id='par_1_43' title="bbox 787 3930 2347 4003">
     <span class='ocr_line' id='line_1_43' title="bbox 787 3930 2347 4003; baseline -0.008 -7"><span class='ocrx_word' id='word_1_289' title='bbox 787 3957 905 3997; x_wconf 86' lang='lat' dir='ltr'><strong>rum</strong></span> <span class='ocrx_word' id='word_1_290' title='bbox 957 3939 1293 3999; x_wconf 68' lang='lat' dir='ltr'><strong>constantiae,</strong></span> <span class='ocrx_word' id='word_1_291' title='bbox 1328 3944 1382 3989; x_wconf 88' lang='lat' dir='ltr'><strong>et</strong></span> <span class='ocrx_word' id='word_1_292' title='bbox 1437 3949 1537 4003; x_wconf 93' lang='lat' dir='ltr'><strong>pro</strong></span> <span class='ocrx_word' id='word_1_293' title='bbox 1570 3933 1775 3986; x_wconf 83' lang='lat' dir='ltr'><strong>viribus</strong></span> <span class='ocrx_word' id='word_1_294' title='bbox 1807 3930 2012 3984; x_wconf 88' lang='lat' dir='ltr'><strong>studuit</strong></span> <span class='ocrx_word' id='word_1_295' title='bbox 2061 3944 2153 3983; x_wconf 90' lang='lat' dir='ltr'><strong>eos</strong></span> <span class='ocrx_word' id='word_1_296' title='bbox 2186 3945 2216 3983; x_wconf 87' lang='lat' dir='ltr'><strong>a</strong></span> <span class='ocrx_word' id='word_1_297' title='bbox 2252 3945 2347 3984; x_wconf 85' lang='lat' dir='ltr'><strong>sua</strong></span> 
     </span>
    </p>
   </div>
   <div class='ocr_carea' id='block_1_44' title="bbox 788 4021 2348 4092">
    <p class='ocr_par' dir='ltr' id='par_1_44' title="bbox 788 4021 2348 4092">
     <span class='ocr_line' id='line_1_44' title="bbox 788 4021 2348 4092; baseline -0.008 -1"><span class='ocrx_word' id='word_1_298' title='bbox 788 4035 1071 4092; x_wconf 86' lang='lat' dir='ltr'><strong>traducere</strong></span> <span class='ocrx_word' id='word_1_299' title='bbox 1097 4030 1404 4084; x_wconf 85' lang='lat' dir='ltr'><strong>sententia:</strong></span> <span class='ocrx_word' id='word_1_300' title='bbox 1430 4027 1564 4079; x_wconf 83' lang='lat' dir='ltr'><strong>Cum</strong></span> <span class='ocrx_word' id='word_1_301' title='bbox 1602 4023 1837 4087; x_wconf 81' lang='lat' dir='ltr'><strong>videam,</strong></span> <span class='ocrx_word' id='word_1_302' title='bbox 1866 4021 2077 4087; x_wconf 88' lang='lat' dir='ltr'><strong>dicens,</strong></span> <span class='ocrx_word' id='word_1_303' title='bbox 2113 4022 2167 4077; x_wconf 90' lang='lat' dir='ltr'><strong>in</strong></span> <span class='ocrx_word' id='word_1_304' title='bbox 2195 4023 2348 4078; x_wconf 86' lang='lat' dir='ltr'><strong>vobis</strong></span> 
     </span>
    </p>
   </div>
   <div class='ocr_carea' id='block_1_45' title="bbox 785 4119 2350 4192">
    <p class='ocr_par' dir='ltr' id='par_1_45' title="bbox 785 4119 2350 4192">
     <span class='ocr_line' id='line_1_45' title="bbox 785 4119 2350 4192; baseline -0.012 -5"><span class='ocrx_word' id='word_1_305' title='bbox 785 4131 1014 4187; x_wconf 84' lang='lat' dir='ltr'><strong>multam</strong></span> <span class='ocrx_word' id='word_1_306' title='bbox 1061 4128 1277 4183; x_wconf 87' lang='lat' dir='ltr'><strong>elucere</strong></span> <span class='ocrx_word' id='word_1_307' title='bbox 1327 4122 1763 4192; x_wconf 77' lang='lat' dir='ltr'><strong>intelligentiam,</strong></span> <span class='ocrx_word' id='word_1_308' title='bbox 1810 4119 1878 4172; x_wconf 91' lang='lat' dir='ltr'><strong>de</strong></span> <span class='ocrx_word' id='word_1_309' title='bbox 1952 4128 2129 4172; x_wconf 81' lang='lat' dir='ltr'><strong>vestra</strong></span> <span class='ocrx_word' id='word_1_310' title='bbox 2179 4129 2350 4170; x_wconf 89' lang='lat' dir='ltr'><strong>mula-</strong></span> 
     </span>
    </p>
   </div>
   <div class='ocr_carea' id='block_1_46' title="bbox 785 4208 2348 4289">
    <p class='ocr_par' dir='ltr' id='par_1_46' title="bbox 785 4208 2348 4289">
     <span class='ocr_line' id='line_1_46' title="bbox 785 4208 2348 4289; baseline -0.01 -10"><span class='ocrx_word' id='word_1_311' title='bbox 785 4229 935 4280; x_wconf 84' lang='lat' dir='ltr'><strong>tione</strong></span> <span class='ocrx_word' id='word_1_312' title='bbox 970 4223 1210 4277; x_wconf 92' lang='lat' dir='ltr'><strong>nondum</strong></span> <span class='ocrx_word' id='word_1_313' title='bbox 1241 4233 1391 4289; x_wconf 84' lang='lat' dir='ltr'><strong>spem</strong></span> <span class='ocrx_word' id='word_1_314' title='bbox 1423 4215 1644 4283; x_wconf 76' lang='lat' dir='ltr'><strong>abjicio,</strong></span> <span class='ocrx_word' id='word_1_315' title='bbox 1671 4210 1767 4265; x_wconf 90' lang='lat' dir='ltr'><strong>sed</strong></span> <span class='ocrx_word' id='word_1_316' title='bbox 1799 4209 1911 4264; x_wconf 90' lang='lat' dir='ltr'><strong>scio</strong></span> <span class='ocrx_word' id='word_1_317' title='bbox 1970 4208 2106 4275; x_wconf 81' lang='lat' dir='ltr'><strong>fore,</strong></span> <span class='ocrx_word' id='word_1_318' title='bbox 2138 4220 2196 4265; x_wconf 89' lang='lat' dir='ltr'><strong>ut</strong></span> <span class='ocrx_word' id='word_1_319' title='bbox 2218 4209 2348 4263; x_wconf 91' lang='lat' dir='ltr'><strong>mihi</strong></span> 
     </span>
    </p>
   </div>
   <div class='ocr_carea' id='block_1_47' title="bbox 788 4301 2350 4374">
    <p class='ocr_par' dir='ltr' id='par_1_47' title="bbox 788 4301 2350 4374">
     <span class='ocr_line' id='line_1_47' title="bbox 788 4301 2350 4374; baseline -0.01 -4"><span class='ocrx_word' id='word_1_320' title='bbox 788 4315 1030 4370; x_wconf 84' lang='lat' dir='ltr'><strong>credatis</strong></span> <span class='ocrx_word' id='word_1_321' title='bbox 1054 4309 1365 4367; x_wconf 84' lang='lat' dir='ltr'><strong>consulenti</strong></span> <span class='ocrx_word' id='word_1_322' title='bbox 1393 4320 1478 4371; x_wconf 88' lang='lat' dir='ltr'><strong>ea,</strong></span> <span class='ocrx_word' id='word_1_323' title='bbox 1506 4319 1626 4374; x_wconf 75' lang='lat' dir='ltr'><strong>quae</strong></span> <span class='ocrx_word' id='word_1_324' title='bbox 1653 4313 1781 4358; x_wconf 86' lang='lat' dir='ltr'><strong>sunt</strong></span> <span class='ocrx_word' id='word_1_325' title='bbox 1817 4303 1958 4356; x_wconf 87' lang='lat' dir='ltr'><strong>bona</strong></span> <span class='ocrx_word' id='word_1_326' title='bbox 1975 4310 2030 4355; x_wconf 83' lang='lat' dir='ltr'><strong>et</strong></span> <span class='ocrx_word' id='word_1_327' title='bbox 2073 4301 2247 4363; x_wconf 85' lang='lat' dir='ltr'><strong>utilia,</strong></span> <span class='ocrx_word' id='word_1_328' title='bbox 2296 4309 2350 4355; x_wconf 91' lang='lat' dir='ltr'><strong>et</strong></span> 
     </span>
    </p>
   </div>
   <div class='ocr_carea' id='block_1_48' title="bbox 787 4394 2348 4480">
    <p class='ocr_par' dir='ltr' id='par_1_48' title="bbox 787 4394 2348 4480">
     <span class='ocr_line' id='line_1_48' title="bbox 787 4394 2348 4480; baseline -0.012 -16"><span class='ocrx_word' id='word_1_329' title='bbox 787 4425 902 4466; x_wconf 88' lang='lat' dir='ltr'><strong>non</strong></span> <span class='ocrx_word' id='word_1_330' title='bbox 935 4423 1035 4480; x_wconf 88' lang='lat' dir='ltr'><strong>pro</strong></span> <span class='ocrx_word' id='word_1_331' title='bbox 1071 4406 1277 4461; x_wconf 88' lang='lat' dir='ltr'><strong>honore</strong></span> <span class='ocrx_word' id='word_1_332' title='bbox 1304 4401 1516 4473; x_wconf 79' lang='lat' dir='ltr'><strong>eligatis</strong></span> <span class='ocrx_word' id='word_1_333' title='bbox 1550 4397 1926 4471; x_wconf 88' lang='lat' dir='ltr'><strong>ignominiam,</strong></span> <span class='ocrx_word' id='word_1_334' title='bbox 1986 4403 2042 4450; x_wconf 87' lang='lat' dir='ltr'><strong>et</strong></span> <span class='ocrx_word' id='word_1_335' title='bbox 2074 4410 2172 4465; x_wconf 91' lang='lat' dir='ltr'><strong>pro</strong></span> <span class='ocrx_word' id='word_1_336' title='bbox 2208 4394 2348 4448; x_wconf 82' lang='lat' dir='ltr'><strong>deli-</strong></span> 
     </span>
    </p>
   </div>
   <div class='ocr_carea' id='block_1_49' title="bbox 787 4487 2350 4565">
    <p class='ocr_par' dir='ltr' id='par_1_49' title="bbox 787 4487 2350 4565">
     <span class='ocr_line' id='line_1_49' title="bbox 787 4487 2350 4565; baseline -0.011 -10"><span class='ocrx_word' id='word_1_337' title='bbox 787 4500 889 4556; x_wconf 87' lang='lat' dir='ltr'><strong>clis</strong></span> <span class='ocrx_word' id='word_1_338' title='bbox 935 4509 992 4551; x_wconf 87' lang='lat' dir='ltr'><strong>et</strong></span> <span class='ocrx_word' id='word_1_339' title='bbox 1037 4496 1204 4565; x_wconf 86' lang='lat' dir='ltr'><strong>gloria</strong></span> <span class='ocrx_word' id='word_1_340' title='bbox 1253 4492 1509 4553; x_wconf 90' lang='lat' dir='ltr'><strong>dedecus,</strong></span> <span class='ocrx_word' id='word_1_341' title='bbox 1569 4499 1623 4542; x_wconf 89' lang='lat' dir='ltr'><strong>et</strong></span> <span class='ocrx_word' id='word_1_342' title='bbox 1668 4488 1850 4542; x_wconf 77' lang='lat' dir='ltr'><strong>videre</strong></span> <span class='ocrx_word' id='word_1_343' title='bbox 1897 4497 2003 4540; x_wconf 91' lang='lat' dir='ltr'><strong>tam</strong></span> <span class='ocrx_word' id='word_1_344' title='bbox 2068 4487 2350 4556; x_wconf 87' lang='lat' dir='ltr'><strong>pulchram</strong></span> 
     </span>
    </p>
   </div>
   <div class='ocr_carea' id='block_1_50' title="bbox 784 4577 2351 4660">
    <p class='ocr_par' dir='ltr' id='par_1_50' title="bbox 784 4577 2351 4660">
     <span class='ocr_line' id='line_1_50' title="bbox 784 4577 2351 4660; baseline -0.01 -16"><span class='ocrx_word' id='word_1_345' title='bbox 784 4591 1126 4660; x_wconf 75' lang='lat' dir='ltr'><strong>iuventutem</strong></span> <span class='ocrx_word' id='word_1_346' title='bbox 1156 4593 1211 4638; x_wconf 90' lang='lat' dir='ltr'><strong>et</strong></span> <span class='ocrx_word' id='word_1_347' title='bbox 1237 4577 1421 4636; x_wconf 85' lang='lat' dir='ltr'><strong>ﬂorem</strong></span> <span class='ocrx_word' id='word_1_348' title='bbox 1450 4579 1717 4649; x_wconf 88' lang='lat' dir='ltr'><strong>corporis,</strong></span> <span class='ocrx_word' id='word_1_349' title='bbox 1775 4593 1895 4647; x_wconf 69' lang='lat' dir='ltr'><strong>quae</strong></span> <span class='ocrx_word' id='word_1_350' title='bbox 1924 4586 2050 4631; x_wconf 91' lang='lat' dir='ltr'><strong>sunt</strong></span> <span class='ocrx_word' id='word_1_351' title='bbox 2098 4577 2351 4630; x_wconf 86' lang='lat' dir='ltr'><strong>omnibus</strong></span> 
     </span>
    </p>
   </div>
   <div class='ocr_carea' id='block_1_51' title="bbox 791 4663 2350 4745">
    <p class='ocr_par' dir='ltr' id='par_1_51' title="bbox 791 4663 2350 4745">
     <span class='ocr_line' id='line_1_51' title="bbox 791 4663 2350 4745; baseline -0.012 -9"><span class='ocrx_word' id='word_1_352' title='bbox 791 4673 1552 4745; x_wconf 83' lang='lat' dir='ltr'><strong>hominibusjucuudissima,</strong></span> <span class='ocrx_word' id='word_1_353' title='bbox 1583 4669 1836 4740; x_wconf 81' lang='lat' dir='ltr'><strong>gravibus</strong></span> <span class='ocrx_word' id='word_1_354' title='bbox 1879 4667 2171 4719; x_wconf 87' lang='lat' dir='ltr'><strong>tormentis</strong></span> <span class='ocrx_word' id='word_1_355' title='bbox 2213 4663 2350 4718; x_wconf 76' lang='lat' dir='ltr'><strong>aﬂlci</strong></span> 
     </span>
    </p>
   </div>
   <div class='ocr_carea' id='block_1_52' title="bbox 789 4752 2353 4828">
    <p class='ocr_par' dir='ltr' id='par_1_52' title="bbox 789 4752 2353 4828">
     <span class='ocr_line' id='line_1_52' title="bbox 789 4752 2353 4828; baseline -0.015 0"><span class='ocrx_word' id='word_1_356' title='bbox 789 4781 846 4828; x_wconf 82' lang='lat' dir='ltr'><strong>et</strong></span> <span class='ocrx_word' id='word_1_357' title='bbox 878 4769 1095 4826; x_wconf 78' lang='lat' dir='ltr'><strong>laniari.</strong></span> <span class='ocrx_word' id='word_1_358' title='bbox 1131 4765 1209 4818; x_wconf 78' lang='lat' dir='ltr'><strong>Ad</strong></span> <span class='ocrx_word' id='word_1_359' title='bbox 1241 4764 1356 4817; x_wconf 62' lang='lat' dir='ltr'><strong>hac</strong></span> <span class='ocrx_word' id='word_1_360' title='bbox 1386 4776 1574 4816; x_wconf 88' lang='lat' dir='ltr'><strong>rursus</strong></span> <span class='ocrx_word' id='word_1_361' title='bbox 1619 4758 1786 4812; x_wconf 88' lang='lat' dir='ltr'><strong>libere</strong></span> <span class='ocrx_word' id='word_1_362' title='bbox 1844 4754 2015 4808; x_wconf 81' lang='lat' dir='ltr'><strong>sancti</strong></span> <span class='ocrx_word' id='word_1_363' title='bbox 2066 4770 2079 4806; x_wconf 88' lang='lat'>:</span> <span class='ocrx_word' id='word_1_364' title='bbox 2108 4752 2238 4818; x_wconf 84' lang='lat' dir='ltr'><strong>Nos,</strong></span> <span class='ocrx_word' id='word_1_365' title='bbox 2273 4754 2353 4808; x_wconf 92' lang='lat' dir='ltr'><strong>di-</strong></span> 
     </span>
    </p>
   </div>
   <div class='ocr_carea' id='block_1_53' title="bbox 795 4835 2352 4925">
    <p class='ocr_par' dir='ltr' id='par_1_53' title="bbox 795 4835 2352 4925">
     <span class='ocr_line' id='line_1_53' title="bbox 795 4835 2352 4925; baseline -0.011 -10"><span class='ocrx_word' id='word_1_366' title='bbox 795 4868 1010 4924; x_wconf 80' lang='lat' dir='ltr'><strong>xerunt,</strong></span> <span class='ocrx_word' id='word_1_367' title='bbox 1044 4851 1410 4925; x_wconf 89' lang='lat' dir='ltr'><strong>oproconsul,</strong></span> <span class='ocrx_word' id='word_1_368' title='bbox 1447 4849 1638 4904; x_wconf 87' lang='lat' dir='ltr'><strong>eadem</strong></span> <span class='ocrx_word' id='word_1_369' title='bbox 1687 4861 1878 4901; x_wconf 87' lang='lat' dir='ltr'><strong>rursus</strong></span> <span class='ocrx_word' id='word_1_370' title='bbox 1921 4835 2175 4911; x_wconf 88' lang='lat' dir='ltr'><strong>dicimus,</strong></span> <span class='ocrx_word' id='word_1_371' title='bbox 2209 4845 2352 4913; x_wconf 91' lang='lat' dir='ltr'><strong>quod</strong></span> 
     </span>
    </p>
   </div>
   <div class='ocr_carea' id='block_1_54' title="bbox 791 4938 2350 5008">
    <p class='ocr_par' dir='ltr' id='par_1_54' title="bbox 791 4938 2350 5008">
     <span class='ocr_line' id='line_1_54' title="bbox 791 4938 2350 5008; baseline -0.012 1"><span class='ocrx_word' id='word_1_372' title='bbox 791 4952 1086 5008; x_wconf 85' lang='lat' dir='ltr'><strong>maximum</strong></span> <span class='ocrx_word' id='word_1_373' title='bbox 1132 4944 1505 5002; x_wconf 75' lang='lat' dir='ltr'><strong>existimamus</strong></span> <span class='ocrx_word' id='word_1_374' title='bbox 1543 4941 1798 5001; x_wconf 90' lang='lat' dir='ltr'><strong>dedecus,</strong></span> <span class='ocrx_word' id='word_1_375' title='bbox 1853 4938 1897 4991; x_wconf 88' lang='lat' dir='ltr'><strong>si</strong></span> <span class='ocrx_word' id='word_1_376' title='bbox 1954 4953 2077 4992; x_wconf 89' lang='lat' dir='ltr'><strong>cum</strong></span> <span class='ocrx_word' id='word_1_377' title='bbox 2117 4947 2350 4990; x_wconf 84' lang='lat' dir='ltr'><strong>mentem</strong></span> 
     </span>
    </p>
   </div>
   <div class='ocr_carea' id='block_1_55' title="bbox 792 5025 2355 5110">
    <p class='ocr_par' dir='ltr' id='par_1_55' title="bbox 792 5025 2355 5110">
     <span class='ocr_line' id='line_1_55' title="bbox 792 5025 2355 5110; baseline -0.015 -11"><span class='ocrx_word' id='word_1_378' title='bbox 792 5054 846 5099; x_wconf 85' lang='lat' dir='ltr'><strong>et</strong></span> <span class='ocrx_word' id='word_1_379' title='bbox 903 5037 1315 5110; x_wconf 86' lang='lat' dir='ltr'><strong>intelligentiam</strong></span> <span class='ocrx_word' id='word_1_380' title='bbox 1347 5049 1377 5087; x_wconf 89' lang='lat' dir='ltr'><strong>a</strong></span> <span class='ocrx_word' id='word_1_381' title='bbox 1435 5033 1544 5088; x_wconf 87' lang='lat' dir='ltr'><strong>Deo</strong></span> <span class='ocrx_word' id='word_1_382' title='bbox 1572 5028 1966 5098; x_wconf 84' lang='lat' dir='ltr'><strong>acceperimus,</strong></span> <span class='ocrx_word' id='word_1_383' title='bbox 2012 5028 2142 5079; x_wconf 85' lang='lat' dir='ltr'><strong>deos</strong></span> <span class='ocrx_word' id='word_1_384' title='bbox 2179 5025 2355 5079; x_wconf 89' lang='lat' dir='ltr'><strong>nomi-</strong></span> 
     </span>
    </p>
   </div>
   <div class='ocr_carea' id='block_1_56' title="bbox 791 5114 2354 5196">
    <p class='ocr_par' dir='ltr' id='par_1_56' title="bbox 791 5114 2354 5196">
     <span class='ocr_line' id='line_1_56' title="bbox 791 5114 2354 5196; baseline -0.013 -9"><span class='ocrx_word' id='word_1_385' title='bbox 791 5147 986 5187; x_wconf 85' lang='lat' dir='ltr'><strong>nemus</strong></span> <span class='ocrx_word' id='word_1_386' title='bbox 1014 5143 1076 5184; x_wconf 88' lang='lat' dir='ltr'><strong>ea</strong></span> <span class='ocrx_word' id='word_1_387' title='bbox 1110 5142 1229 5196; x_wconf 65' lang='lat' dir='ltr'><strong>qua:</strong></span> <span class='ocrx_word' id='word_1_388' title='bbox 1263 5139 1369 5178; x_wconf 89' lang='lat' dir='ltr'><strong>non</strong></span> <span class='ocrx_word' id='word_1_389' title='bbox 1395 5131 1524 5177; x_wconf 89' lang='lat' dir='ltr'><strong>sunt</strong></span> <span class='ocrx_word' id='word_1_390' title='bbox 1548 5120 1726 5173; x_wconf 86' lang='lat' dir='ltr'><strong>solum</strong></span> <span class='ocrx_word' id='word_1_391' title='bbox 1768 5128 1913 5171; x_wconf 89' lang='lat' dir='ltr'><strong>muta</strong></span> <span class='ocrx_word' id='word_1_392' title='bbox 1947 5127 1999 5171; x_wconf 85' lang='lat' dir='ltr'><strong>et</strong></span> <span class='ocrx_word' id='word_1_393' title='bbox 2028 5116 2213 5177; x_wconf 84' lang='lat' dir='ltr'><strong>surda,</strong></span> <span class='ocrx_word' id='word_1_394' title='bbox 2260 5114 2354 5169; x_wconf 88' lang='lat' dir='ltr'><strong>sed</strong></span> 
     </span>
    </p>
   </div>
   <div class='ocr_carea' id='block_1_57' title="bbox 793 5208 2350 5281">
    <p class='ocr_par' dir='ltr' id='par_1_57' title="bbox 793 5208 2350 5281">
     <span class='ocr_line' id='line_1_57' title="bbox 793 5208 2350 5281; baseline -0.015 0"><span class='ocrx_word' id='word_1_395' title='bbox 793 5227 955 5281; x_wconf 86' lang='lat' dir='ltr'><strong>etiam</strong></span> <span class='ocrx_word' id='word_1_396' title='bbox 983 5231 1164 5276; x_wconf 79' lang='lat' dir='ltr'><strong>mente</strong></span> <span class='ocrx_word' id='word_1_397' title='bbox 1197 5227 1250 5272; x_wconf 83' lang='lat' dir='ltr'><strong>et</strong></span> <span class='ocrx_word' id='word_1_398' title='bbox 1272 5233 1435 5272; x_wconf 86' lang='lat' dir='ltr'><strong>sensu</strong></span> <span class='ocrx_word' id='word_1_399' title='bbox 1465 5228 1654 5269; x_wconf 83' lang='lat' dir='ltr'><strong>vacua.</strong></span> <span class='ocrx_word' id='word_1_400' title='bbox 1686 5210 1816 5276; x_wconf 67' lang='lat' dir='ltr'><strong>Qua</strong></span> <span class='ocrx_word' id='word_1_401' title='bbox 1843 5219 2028 5263; x_wconf 88' lang='lat' dir='ltr'><strong>autem</strong></span> <span class='ocrx_word' id='word_1_402' title='bbox 2057 5209 2213 5262; x_wconf 89' lang='lat' dir='ltr'><strong>nobis</strong></span> <span class='ocrx_word' id='word_1_403' title='bbox 2266 5208 2350 5260; x_wconf 89' lang='lat' dir='ltr'><strong>in-</strong></span> 
     </span>
    </p>
   </div>
   <div class='ocr_carea' id='block_1_58' title="bbox 792 5302 2355 5391">
    <p class='ocr_par' dir='ltr' id='par_1_58' title="bbox 792 5302 2355 5391">
     <span class='ocr_line' id='line_1_58' title="bbox 792 5302 2355 5391; baseline -0.014 -16"><span class='ocrx_word' id='word_1_404' title='bbox 792 5322 936 5375; x_wconf 60' lang='grc' dir='ltr'>ἴοι-ες</span> <span class='ocrx_word' id='word_1_405' title='bbox 966 5313 1259 5391; x_wconf 80' lang='lat' dir='ltr'><strong>supplicia,</strong></span> <span class='ocrx_word' id='word_1_406' title='bbox 1291 5319 1499 5365; x_wconf 85' lang='lat' dir='ltr'><strong>tantum</strong></span> <span class='ocrx_word' id='word_1_407' title='bbox 1563 5307 1735 5371; x_wconf 88' lang='lat' dir='ltr'><strong>abest,</strong></span> <span class='ocrx_word' id='word_1_408' title='bbox 1771 5315 1830 5358; x_wconf 89' lang='lat' dir='ltr'><strong>ut</strong></span> <span class='ocrx_word' id='word_1_409' title='bbox 1863 5318 1925 5356; x_wconf 84' lang='lat' dir='ltr'><strong>ea</strong></span> <span class='ocrx_word' id='word_1_410' title='bbox 1979 5302 2355 5358; x_wconf 80' lang='lat' dir='ltr'><strong>existimemus</strong></span> 
     </span>
    </p>
   </div>
   <div class='ocr_carea' id='block_1_59' title="bbox 797 5391 2357 5472">
    <p class='ocr_par' dir='ltr' id='par_1_59' title="bbox 797 5391 2357 5472">
     <span class='ocr_line' id='line_1_59' title="bbox 797 5391 2357 5472; baseline -0.015 -5"><span class='ocrx_word' id='word_1_411' title='bbox 797 5409 1082 5472; x_wconf 84' lang='lat' dir='ltr'><strong>terribilia,</strong></span> <span class='ocrx_word' id='word_1_412' title='bbox 1129 5415 1188 5458; x_wconf 91' lang='lat' dir='ltr'><strong>ut</strong></span> <span class='ocrx_word' id='word_1_413' title='bbox 1242 5410 1433 5457; x_wconf 86' lang='lat' dir='ltr'><strong>contra</strong></span> <span class='ocrx_word' id='word_1_414' title='bbox 1475 5399 1642 5469; x_wconf 85' lang='lat' dir='ltr'><strong>magis</strong></span> <span class='ocrx_word' id='word_1_415' title='bbox 1684 5394 1990 5458; x_wconf 84' lang='lat' dir='ltr'><strong>timeamus,</strong></span> <span class='ocrx_word' id='word_1_416' title='bbox 2049 5409 2118 5446; x_wconf 88' lang='lat' dir='ltr'><strong>ne</strong></span> <span class='ocrx_word' id='word_1_417' title='bbox 2161 5394 2204 5446; x_wconf 87' lang='lat' dir='ltr'><strong>si</strong></span> <span class='ocrx_word' id='word_1_418' title='bbox 2249 5391 2357 5444; x_wconf 85' lang='lat' dir='ltr'><strong>sint</strong></span> 
     </span>
    </p>
   </div>
   <div class='ocr_carea' id='block_1_60' title="bbox 798 5487 2354 5558">
    <p class='ocr_par' dir='ltr' id='par_1_60' title="bbox 798 5487 2354 5558">
     <span class='ocr_line' id='line_1_60' title="bbox 798 5487 2354 5558; baseline -0.013 -4"><span class='ocrx_word' id='word_1_419' title='bbox 798 5501 934 5554; x_wconf 79' lang='lat' dir='ltr'><strong>levia</strong></span> <span class='ocrx_word' id='word_1_420' title='bbox 958 5509 1013 5552; x_wconf 88' lang='lat' dir='ltr'><strong>et</strong></span> <span class='ocrx_word' id='word_1_421' title='bbox 1038 5497 1339 5557; x_wconf 83' lang='lat' dir='ltr'><strong>moderata,</strong></span> <span class='ocrx_word' id='word_1_422' title='bbox 1359 5505 1466 5546; x_wconf 91' lang='lat' dir='ltr'><strong>non</strong></span> <span class='ocrx_word' id='word_1_423' title='bbox 1491 5491 1703 5558; x_wconf 84' lang='lat' dir='ltr'><strong>possint</strong></span> <span class='ocrx_word' id='word_1_424' title='bbox 1731 5501 1852 5542; x_wconf 85' lang='lat' dir='ltr'><strong>esse</strong></span> <span class='ocrx_word' id='word_1_425' title='bbox 1885 5487 2015 5540; x_wconf 86' lang='lat' dir='ltr'><strong>satis</strong></span> <span class='ocrx_word' id='word_1_426' title='bbox 2045 5491 2354 5537; x_wconf 85' lang='lat' dir='ltr'><strong>accuratum</strong></span> 
     </span>
    </p>
   </div>
   <div class='ocr_carea' id='block_1_61' title="bbox 799 5577 2356 5644">
    <p class='ocr_par' dir='ltr' id='par_1_61' title="bbox 799 5577 2356 5644">
     <span class='ocr_line' id='line_1_61' title="bbox 799 5577 2356 5644; baseline -0.011 -1"><span class='ocrx_word' id='word_1_427' title='bbox 799 5589 1163 5644; x_wconf 86' lang='lat' dir='ltr'><strong>testimonium</strong></span> <span class='ocrx_word' id='word_1_428' title='bbox 1231 5587 1322 5639; x_wconf 89' lang='lat' dir='ltr'><strong>Dei</strong></span> <span class='ocrx_word' id='word_1_429' title='bbox 1381 5589 1434 5636; x_wconf 92' lang='lat' dir='ltr'><strong>iu</strong></span> <span class='ocrx_word' id='word_1_430' title='bbox 1486 5598 1584 5635; x_wconf 90' lang='lat' dir='ltr'><strong>nos</strong></span> <span class='ocrx_word' id='word_1_431' title='bbox 1640 5579 1857 5634; x_wconf 82' lang='lat' dir='ltr'><strong>virtutis</strong></span> <span class='ocrx_word' id='word_1_432' title='bbox 1939 5588 1992 5631; x_wconf 92' lang='lat' dir='ltr'><strong>et</strong></span> <span class='ocrx_word' id='word_1_433' title='bbox 2084 5577 2356 5644; x_wconf 71' lang='lat' dir='ltr'><strong>potentiae.</strong></span> 
     </span>
    </p>
   </div>
   <div class='ocr_carea' id='block_1_62' title="bbox 805 5669 2357 5744">
    <p class='ocr_par' dir='ltr' id='par_1_62' title="bbox 805 5669 2357 5744">
     <span class='ocr_line' id='line_1_62' title="bbox 805 5669 2357 5744; baseline -0.009 -13"><span class='ocrx_word' id='word_1_434' title='bbox 805 5680 911 5731; x_wconf 86' lang='lat' dir='ltr'><strong>Sed</strong></span> <span class='ocrx_word' id='word_1_435' title='bbox 961 5693 1030 5730; x_wconf 87' lang='lat' dir='ltr'><strong>ne</strong></span> <span class='ocrx_word' id='word_1_436' title='bbox 1067 5676 1344 5744; x_wconf 83' lang='lat' dir='ltr'><strong>prolixiori</strong></span> <span class='ocrx_word' id='word_1_437' title='bbox 1396 5673 1568 5726; x_wconf 87' lang='lat' dir='ltr'><strong>utaris</strong></span> <span class='ocrx_word' id='word_1_438' title='bbox 1633 5672 1902 5733; x_wconf 82' lang='lat' dir='ltr'><strong>oratione,</strong></span> <span class='ocrx_word' id='word_1_439' title='bbox 1963 5669 2046 5721; x_wconf 81' lang='lat' dir='ltr'><strong>fac</strong></span> <span class='ocrx_word' id='word_1_440' title='bbox 2105 5669 2225 5735; x_wconf 86' lang='lat' dir='ltr'><strong>ejus</strong></span> <span class='ocrx_word' id='word_1_441' title='bbox 2282 5669 2357 5718; x_wconf 89' lang='lat' dir='ltr'><strong>rei</strong></span> 
     </span>
    </p>
   </div>
   <div class='ocr_carea' id='block_1_63' title="bbox 810 5754 2358 5832">
    <p class='ocr_par' dir='ltr' id='par_1_63' title="bbox 810 5754 2358 5832">
     <span class='ocr_line' id='line_1_63' title="bbox 810 5754 2358 5832; baseline -0.007 -16"><span class='ocrx_word' id='word_1_442' title='bbox 810 5765 1106 5832; x_wconf 84' lang='lat' dir='ltr'><strong>periculum</strong></span> <span class='ocrx_word' id='word_1_443' title='bbox 1168 5774 1272 5816; x_wconf 86' lang='lat' dir='ltr'><strong>:et</strong></span> <span class='ocrx_word' id='word_1_444' title='bbox 1324 5773 1452 5816; x_wconf 85' lang='lat' dir='ltr'><strong>tunc</strong></span> <span class='ocrx_word' id='word_1_445' title='bbox 1513 5759 1652 5814; x_wconf 82' lang='lat' dir='ltr'><strong>scies</strong></span> <span class='ocrx_word' id='word_1_446' title='bbox 1721 5767 1929 5826; x_wconf 72' lang='lat' dir='ltr'><strong>aperte,</strong></span> <span class='ocrx_word' id='word_1_447' title='bbox 1991 5771 2092 5808; x_wconf 92' lang='lat' dir='ltr'><strong>nos</strong></span> <span class='ocrx_word' id='word_1_448' title='bbox 2147 5754 2358 5806; x_wconf 81' lang='lat' dir='ltr'><strong>facilius</strong></span> 
     </span>
    </p>
   </div>
   <div class='ocr_carea' id='block_1_64' title="bbox 2432 547 4001 621">
    <p class='ocr_par' dir='ltr' id='par_1_64' title="bbox 2432 547 4001 621">
     <span class='ocr_line' id='line_1_64' title="bbox 2432 547 4001 621; baseline -0.001 -18"><span class='ocrx_word' id='word_1_449' title='bbox 2432 550 2546 603; x_wconf 81' lang='grc' dir='ltr'>ἀλλ’</span> <span class='ocrx_word' id='word_1_450' title='bbox 2577 550 2650 613; x_wconf 82' lang='grc' dir='ltr'>ὡς</span> <span class='ocrx_word' id='word_1_451' title='bbox 2687 551 2922 616; x_wconf 77' lang='grc' dir='ltr'>μάλιστα</span> <span class='ocrx_word' id='word_1_452' title='bbox 2953 549 3466 621; x_wconf 74' lang='grc' dir='ltr'><strong>περιεργασάμενος</strong></span> <span class='ocrx_word' id='word_1_453' title='bbox 3501 551 3594 602; x_wconf 73' lang='grc' dir='ltr'><strong>καὶ</strong></span> <span class='ocrx_word' id='word_1_454' title='bbox 3622 547 3838 619; x_wconf 74' lang='grc' dir='ltr'>μαθὼν,</span> <span class='ocrx_word' id='word_1_455' title='bbox 3867 549 4001 618; x_wconf 76' lang='grc' dir='ltr'>δῆλα</span> 
     </span>
    </p>
   </div>
   <div class='ocr_carea' id='block_1_65' title="bbox 2434 641 4002 712">
    <p class='ocr_par' dir='ltr' id='par_1_65' title="bbox 2434 641 4002 712">
     <span class='ocr_line' id='line_1_65' title="bbox 2434 641 4002 712; baseline -0.001 -19"><span class='ocrx_word' id='word_1_456' title='bbox 2434 641 2607 695; x_wconf 87' lang='grc' dir='ltr'>ταῦτα</span> <span class='ocrx_word' id='word_1_457' title='bbox 2656 643 2732 712; x_wconf 79' lang='grc' dir='ltr'><strong>τῷ</strong></span> <span class='ocrx_word' id='word_1_458' title='bbox 2763 643 3058 711; x_wconf 75' lang='grc' dir='ltr'><strong>ἀνθυπάτῳ</strong></span> <span class='ocrx_word' id='word_1_459' title='bbox 3110 645 3276 704; x_wconf 83' lang='grc' dir='ltr'>ποιεῖ,</span> <span class='ocrx_word' id='word_1_460' title='bbox 3329 641 3422 692; x_wconf 78' lang='grc' dir='ltr'><strong>καὶ</strong></span> <span class='ocrx_word' id='word_1_461' title='bbox 3471 641 3816 711; x_wconf 84' lang='grc' dir='ltr'>παραχρῆμα</span> <span class='ocrx_word' id='word_1_462' title='bbox 3857 657 4002 709; x_wconf 80' lang='grc' dir='ltr'>συνε-</span> 
     </span>
    </p>
   </div>
   <div class='ocr_carea' id='block_1_66' title="bbox 2433 731 4002 807">
    <p class='ocr_par' dir='ltr' id='par_1_66' title="bbox 2433 731 4002 807">
     <span class='ocr_line' id='line_1_66' title="bbox 2433 731 4002 807; baseline -0.003 -21"><span class='ocrx_word' id='word_1_463' title='bbox 2433 733 2768 807; x_wconf 73' lang='grc' dir='ltr'>λαμϐάνοντο</span> <span class='ocrx_word' id='word_1_464' title='bbox 2795 734 2927 787; x_wconf 83' lang='grc' dir='ltr'>ἄλλα</span> <span class='ocrx_word' id='word_1_465' title='bbox 2960 752 3018 786; x_wconf 90' lang='grc' dir='ltr'><strong>τε</strong></span> <span class='ocrx_word' id='word_1_466' title='bbox 3056 733 3228 786; x_wconf 86' lang='grc' dir='ltr'>πολλά</span> <span class='ocrx_word' id='word_1_467' title='bbox 3252 732 3360 784; x_wconf 86' lang='grc' dir='ltr'><strong>τῶν</strong></span> <span class='ocrx_word' id='word_1_468' title='bbox 3400 733 3749 801; x_wconf 75' lang='grc' dir='ltr'><strong>Χριστιανῶν</strong></span> <span class='ocrx_word' id='word_1_469' title='bbox 3798 731 4002 799; x_wconf 85' lang='grc' dir='ltr'>πλήθη.</span> 
     </span>
    </p>
   </div>
   <div class='ocr_carea' id='block_1_67' title="bbox 2436 821 4005 894">
    <p class='ocr_par' dir='ltr' id='par_1_67' title="bbox 2436 821 4005 894">
     <span class='ocr_line' id='line_1_67' title="bbox 2436 821 4005 894; baseline -0.005 -14"><span class='ocrx_word' id='word_1_470' title='bbox 2436 828 2531 880; x_wconf 76' lang='grc' dir='ltr'><strong>καὶ</strong></span> <span class='ocrx_word' id='word_1_471' title='bbox 2551 827 2712 890; x_wconf 79' lang='grc' dir='ltr'>αὐτὸς</span> <span class='ocrx_word' id='word_1_472' title='bbox 2738 829 2764 880; x_wconf 88' lang='grc' dir='ltr'>ὁ</span> <span class='ocrx_word' id='word_1_473' title='bbox 2795 826 2936 888; x_wconf 87' lang='grc' dir='ltr'>θεῖος</span> <span class='ocrx_word' id='word_1_474' title='bbox 2965 821 3117 886; x_wconf 71' lang='grc' dir='ltr'>οὗτος</span> <span class='ocrx_word' id='word_1_475' title='bbox 3146 825 3327 894; x_wconf 83' lang='grc' dir='ltr'>χορὸς,</span> <span class='ocrx_word' id='word_1_476' title='bbox 3380 824 3438 886; x_wconf 80' lang='grc' dir='ltr'>ὃς</span> <span class='ocrx_word' id='word_1_477' title='bbox 3467 823 3718 874; x_wconf 74' lang='grc' dir='ltr'><strong>ἐπλούτει</strong></span> <span class='ocrx_word' id='word_1_478' title='bbox 3750 824 3850 892; x_wconf 76' lang='grc' dir='ltr'><strong>τὴν</strong></span> <span class='ocrx_word' id='word_1_479' title='bbox 3880 823 4005 874; x_wconf 80' lang='grc' dir='ltr'><strong>καλ-</strong></span> 
     </span>
    </p>
   </div>
   <div class='ocr_carea' id='block_1_68' title="bbox 2434 913 4004 986">
    <p class='ocr_par' dir='ltr' id='par_1_68' title="bbox 2434 913 4004 986">
     <span class='ocr_line' id='line_1_68' title="bbox 2434 913 4004 986; baseline -0.005 -16"><span class='ocrx_word' id='word_1_480' title='bbox 2434 918 2763 986; x_wconf 81' lang='grc' dir='ltr'>λιπάρθενον</span> <span class='ocrx_word' id='word_1_481' title='bbox 2820 917 3133 985; x_wconf 77' lang='grc' dir='ltr'>Εὐφημίαν,</span> <span class='ocrx_word' id='word_1_482' title='bbox 3169 917 3202 985; x_wconf 83' lang='grc' dir='ltr'><strong>ἢ</strong></span> <span class='ocrx_word' id='word_1_483' title='bbox 3252 914 3438 968; x_wconf 76' lang='grc' dir='ltr'>κάλλει</span> <span class='ocrx_word' id='word_1_484' title='bbox 3492 931 3549 965; x_wconf 85' lang='grc' dir='ltr'><strong>τε</strong></span> <span class='ocrx_word' id='word_1_485' title='bbox 3603 913 3859 981; x_wconf 77' lang='grc' dir='ltr'>σώματος</span> <span class='ocrx_word' id='word_1_486' title='bbox 3912 916 4004 964; x_wconf 70' lang='grc' dir='ltr'><strong>καὶ</strong></span> 
     </span>
    </p>
   </div>
   <div class='ocr_carea' id='block_1_69' title="bbox 2436 1006 4007 1082">
    <p class='ocr_par' dir='ltr' id='par_1_69' title="bbox 2436 1006 4007 1082">
     <span class='ocr_line' id='line_1_69' title="bbox 2436 1006 4007 1082; baseline -0.005 -19"><span class='ocrx_word' id='word_1_487' title='bbox 2436 1011 2636 1082; x_wconf 83' lang='grc' dir='ltr'>ἀρετῆς</span> <span class='ocrx_word' id='word_1_488' title='bbox 2665 1010 2807 1079; x_wconf 77' lang='grc' dir='ltr'>ῶρᾳ,</span> <span class='ocrx_word' id='word_1_489' title='bbox 2847 1008 2998 1062; x_wconf 78' lang='grc' dir='ltr'>ἄνθει</span> <span class='ocrx_word' id='word_1_490' title='bbox 3051 1025 3109 1058; x_wconf 90' lang='grc' dir='ltr'><strong>τε</strong></span> <span class='ocrx_word' id='word_1_491' title='bbox 3168 1007 3382 1076; x_wconf 79' lang='grc' dir='ltr'>ἡλικίας</span> <span class='ocrx_word' id='word_1_492' title='bbox 3417 1010 3510 1058; x_wconf 71' lang='grc' dir='ltr'><strong>καὶ</strong></span> <span class='ocrx_word' id='word_1_493' title='bbox 3546 1006 3741 1073; x_wconf 82' lang='grc' dir='ltr'>γένους</span> <span class='ocrx_word' id='word_1_494' title='bbox 3781 1021 4007 1073; x_wconf 78' lang='grc' dir='ltr'>περιφα-</span> 
     </span>
    </p>
   </div>
   <div class='ocr_carea' id='block_1_70' title="bbox 2435 1097 4009 1174">
    <p class='ocr_par' dir='ltr' id='par_1_70' title="bbox 2435 1097 4009 1174">
     <span class='ocr_line' id='line_1_70' title="bbox 2435 1097 4009 1174; baseline -0.004 -18"><span class='ocrx_word' id='word_1_495' title='bbox 2435 1105 2576 1174; x_wconf 80' lang='grc' dir='ltr'>νείᾳ,</span> <span class='ocrx_word' id='word_1_496' title='bbox 2630 1103 2796 1173; x_wconf 79' lang='grc' dir='ltr'>μέσον</span> <span class='ocrx_word' id='word_1_497' title='bbox 2842 1100 3021 1155; x_wconf 88' lang='grc' dir='ltr'>αὐτῶν</span> <span class='ocrx_word' id='word_1_498' title='bbox 3078 1099 3214 1152; x_wconf 81' lang='grc' dir='ltr'>κατᾶ</span> <span class='ocrx_word' id='word_1_499' title='bbox 3263 1100 3388 1160; x_wconf 83' lang='grc' dir='ltr'>τοὺς</span> <span class='ocrx_word' id='word_1_500' title='bbox 3430 1097 3721 1167; x_wconf 80' lang='grc' dir='ltr'>λαμπροὺς</span> <span class='ocrx_word' id='word_1_501' title='bbox 3771 1098 4009 1165; x_wconf 79' lang='grc' dir='ltr'>ἀστέρας</span> 
     </span>
    </p>
   </div>
   <div class='ocr_carea' id='block_1_71' title="bbox 2436 1187 4006 1273">
    <p class='ocr_par' dir='ltr' id='par_1_71' title="bbox 2436 1187 4006 1273">
     <span class='ocr_line' id='line_1_71' title="bbox 2436 1187 4006 1273; baseline -0.005 -28"><span class='ocrx_word' id='word_1_502' title='bbox 2436 1194 2732 1262; x_wconf 80' lang='grc' dir='ltr'><strong>λάμπουσα</strong></span> <span class='ocrx_word' id='word_1_503' title='bbox 2765 1187 2855 1260; x_wconf 78' lang='grc' dir='ltr'><strong>ἦν.</strong></span> <span class='ocrx_word' id='word_1_504' title='bbox 2893 1192 2985 1273; x_wconf 59' lang='grc' dir='ltr'><strong>Εἰς</strong></span> <span class='ocrx_word' id='word_1_505' title='bbox 3015 1192 3169 1242; x_wconf 79' lang='grc' dir='ltr'>ἐννέα</span> <span class='ocrx_word' id='word_1_506' title='bbox 3225 1190 3322 1258; x_wconf 79' lang='grc' dir='ltr'><strong>μὲν</strong></span> <span class='ocrx_word' id='word_1_507' title='bbox 3345 1187 3435 1241; x_wconf 77' lang='grc' dir='ltr'>οὖν</span> <span class='ocrx_word' id='word_1_508' title='bbox 3459 1190 3551 1240; x_wconf 67' lang='grc' dir='ltr'>καὶ</span> <span class='ocrx_word' id='word_1_509' title='bbox 3579 1188 4006 1257; x_wconf 72' lang='grc' dir='ltr'>τεσσαράκοντα</span> 
     </span>
    </p>
   </div>
   <div class='ocr_carea' id='block_1_72' title="bbox 2436 1279 4012 1356">
    <p class='ocr_par' dir='ltr' id='par_1_72' title="bbox 2436 1279 4012 1356">
     <span class='ocr_line' id='line_1_72' title="bbox 2436 1279 4012 1356; baseline -0.007 -17"><span class='ocrx_word' id='word_1_510' title='bbox 2436 1285 2666 1356; x_wconf 71' lang='grc' dir='ltr'>τδίερδν</span> <span class='ocrx_word' id='word_1_511' title='bbox 2717 1286 2893 1337; x_wconf 81' lang='grc' dir='ltr'>ἐκεῖνο</span> <span class='ocrx_word' id='word_1_512' title='bbox 2952 1282 3268 1335; x_wconf 82' lang='grc' dir='ltr'>συνείλεκτο</span> <span class='ocrx_word' id='word_1_513' title='bbox 3321 1281 3617 1350; x_wconf 79' lang='grc' dir='ltr'><strong>ἄθροισμα,</strong></span> <span class='ocrx_word' id='word_1_514' title='bbox 3673 1280 3725 1331; x_wconf 79' lang='grc' dir='ltr'><strong>οἱ</strong></span> <span class='ocrx_word' id='word_1_515' title='bbox 3759 1280 3858 1330; x_wconf 73' lang='grc' dir='ltr'><strong>καὶ</strong></span> <span class='ocrx_word' id='word_1_516' title='bbox 3891 1279 4012 1330; x_wconf 76' lang='grc' dir='ltr'>κατ’</span> 
     </span>
    </p>
   </div>
   <div class='ocr_carea' id='block_1_73' title="bbox 2437 1371 4009 1449">
    <p class='ocr_par' dir='ltr' id='par_1_73' title="bbox 2437 1371 4009 1449">
     <span class='ocr_line' id='line_1_73' title="bbox 2437 1371 4009 1449; baseline -0.006 -18"><span class='ocrx_word' id='word_1_517' title='bbox 2437 1379 2558 1449; x_wconf 71' lang='grc' dir='ltr'>ὄψιν</span> <span class='ocrx_word' id='word_1_518' title='bbox 2597 1379 2720 1428; x_wconf 71' lang='grc' dir='ltr'>ἐπεὶ</span> <span class='ocrx_word' id='word_1_519' title='bbox 2753 1375 3167 1444; x_wconf 83' lang='grc' dir='ltr'><strong>συνελήφθησαν</strong></span> <span class='ocrx_word' id='word_1_520' title='bbox 3194 1373 3270 1442; x_wconf 80' lang='grc' dir='ltr'><strong>τῷ</strong></span> <span class='ocrx_word' id='word_1_521' title='bbox 3296 1373 3594 1442; x_wconf 77' lang='grc' dir='ltr'><strong>ἀνθυπάτῳ</strong></span> <span class='ocrx_word' id='word_1_522' title='bbox 3629 1371 4009 1441; x_wconf 59' lang='grc' dir='ltr'>παρέστησαν</span> 
     </span>
    </p>
   </div>
   <div class='ocr_carea' id='block_1_74' title="bbox 2437 1464 4015 1539">
    <p class='ocr_par' dir='ltr' id='par_1_74' title="bbox 2437 1464 4015 1539">
     <span class='ocr_line' id='line_1_74' title="bbox 2437 1464 4015 1539; baseline -0.008 -14"><span class='ocrx_word' id='word_1_523' title='bbox 2437 1476 2464 1526; x_wconf 76' lang='grc' dir='ltr'>ὁ</span> <span class='ocrx_word' id='word_1_524' title='bbox 2493 1472 2549 1524; x_wconf 81' lang='grc' dir='ltr'>δὲ</span> <span class='ocrx_word' id='word_1_525' title='bbox 2575 1469 2901 1539; x_wconf 71' lang='grc' dir='ltr'>παραινέσει</span> <span class='ocrx_word' id='word_1_526' title='bbox 2935 1468 3199 1538; x_wconf 88' lang='grc' dir='ltr'>πρότερον</span> <span class='ocrx_word' id='word_1_527' title='bbox 3228 1467 3463 1532; x_wconf 88' lang='grc' dir='ltr'>ἀπάγειν</span> <span class='ocrx_word' id='word_1_528' title='bbox 3506 1464 3710 1526; x_wconf 71' lang='grc' dir='ltr'>αὐτοὺς</span> <span class='ocrx_word' id='word_1_529' title='bbox 3747 1464 4015 1532; x_wconf 72' lang='grc' dir='ltr'>ἐπειρᾶτο</span> 
     </span>
    </p>
   </div>
   <div class='ocr_carea' id='block_1_75' title="bbox 2440 1553 4015 1630">
    <p class='ocr_par' dir='ltr' id='par_1_75' title="bbox 2440 1553 4015 1630">
     <span class='ocr_line' id='line_1_75' title="bbox 2440 1553 4015 1630; baseline -0.008 -13"><span class='ocrx_word' id='word_1_530' title='bbox 2440 1565 2542 1630; x_wconf 78' lang='grc' dir='ltr'>τῆς</span> <span class='ocrx_word' id='word_1_531' title='bbox 2574 1562 2877 1625; x_wconf 76' lang='grc' dir='ltr'>εὐσεϐείας,</span> <span class='ocrx_word' id='word_1_532' title='bbox 2921 1562 3033 1622; x_wconf 83' lang='grc' dir='ltr'>τοῖς</span> <span class='ocrx_word' id='word_1_533' title='bbox 3072 1557 3295 1626; x_wconf 80' lang='grc' dir='ltr'><strong>ἀγαθοῖς</strong></span> <span class='ocrx_word' id='word_1_534' title='bbox 3325 1561 3424 1626; x_wconf 82' lang='grc' dir='ltr'>τῆς</span> <span class='ocrx_word' id='word_1_535' title='bbox 3457 1557 3559 1625; x_wconf 82' lang='grc' dir='ltr'>γῆς</span> <span class='ocrx_word' id='word_1_536' title='bbox 3614 1556 3836 1623; x_wconf 79' lang='grc' dir='ltr'>θέλγειν</span> <span class='ocrx_word' id='word_1_537' title='bbox 3897 1553 4015 1622; x_wconf 69' lang='grc' dir='ltr'>βου-</span> 
     </span>
    </p>
   </div>
   <div class='ocr_carea' id='block_1_76' title="bbox 2439 1646 4011 1726">
    <p class='ocr_par' dir='ltr' id='par_1_76' title="bbox 2439 1646 4011 1726">
     <span class='ocr_line' id='line_1_76' title="bbox 2439 1646 4011 1726; baseline -0.007 -18"><span class='ocrx_word' id='word_1_538' title='bbox 2439 1657 2684 1726; x_wconf 87' lang='grc' dir='ltr'>λόμενος,</span> <span class='ocrx_word' id='word_1_539' title='bbox 2739 1654 2864 1716; x_wconf 81' lang='grc' dir='ltr'>τοὺς</span> <span class='ocrx_word' id='word_1_540' title='bbox 2910 1652 3020 1704; x_wconf 89' lang='grc' dir='ltr'><strong>τῶν</strong></span> <span class='ocrx_word' id='word_1_541' title='bbox 3057 1691 3072 1707; x_wconf 92' lang='grc'><strong>.</strong></span> <span class='ocrx_word' id='word_1_542' title='bbox 3109 1691 3123 1705; x_wconf 93' lang='grc'><strong>.</strong></span> <span class='ocrx_word' id='word_1_543' title='bbox 3162 1689 3177 1704; x_wconf 94' lang='grc'><strong>.</strong></span> <span class='ocrx_word' id='word_1_544' title='bbox 3217 1688 3231 1703; x_wconf 91' lang='grc'><strong>.</strong></span> <span class='ocrx_word' id='word_1_545' title='bbox 3281 1691 3292 1703; x_wconf 95' lang='grc'><em>.</em></span> <span class='ocrx_word' id='word_1_546' title='bbox 3334 1688 3347 1702; x_wconf 93' lang='grc'><strong>.</strong></span> <span class='ocrx_word' id='word_1_547' title='bbox 3383 1649 3738 1716; x_wconf 80' lang='grc' dir='ltr'>εφισμένους,</span> <span class='ocrx_word' id='word_1_548' title='bbox 3767 1646 4011 1706; x_wconf 77' lang='grc' dir='ltr'>Θύσιτε,</span> 
     </span>
    </p>
   </div>
   <div class='ocr_carea' id='block_1_77' title="bbox 2441 1735 4016 1816">
    <p class='ocr_par' dir='ltr' id='par_1_77' title="bbox 2441 1735 4016 1816">
     <span class='ocr_line' id='line_1_77' title="bbox 2441 1735 4016 1816; baseline -0.01 -15"><span class='ocrx_word' id='word_1_549' title='bbox 2441 1749 2640 1815; x_wconf 81' lang='grc' dir='ltr'>λέγων,</span> <span class='ocrx_word' id='word_1_550' title='bbox 2690 1745 2770 1816; x_wconf 81' lang='grc' dir='ltr'>τῷ</span> <span class='ocrx_word' id='word_1_551' title='bbox 2827 1745 3045 1815; x_wconf 76' lang='grc' dir='ltr'>μεγάλῳ</span> <span class='ocrx_word' id='word_1_552' title='bbox 3107 1740 3216 1810; x_wconf 84' lang='grc' dir='ltr'><strong>θεῷ</strong></span> <span class='ocrx_word' id='word_1_553' title='bbox 3265 1741 3422 1810; x_wconf 80' lang='grc' dir='ltr'>Ἀρει</span> <span class='ocrx_word' id='word_1_554' title='bbox 3452 1738 3526 1801; x_wconf 86' lang='grc' dir='ltr'><strong>ῶς</strong></span> <span class='ocrx_word' id='word_1_555' title='bbox 3553 1739 3619 1790; x_wconf 84' lang='grc' dir='ltr'><strong>ἂν</strong></span> <span class='ocrx_word' id='word_1_556' title='bbox 3650 1739 3751 1805; x_wconf 79' lang='grc' dir='ltr'>τῆς</span> <span class='ocrx_word' id='word_1_557' title='bbox 3786 1753 3849 1788; x_wconf 87' lang='grc' dir='ltr'><strong>τε</strong></span> <span class='ocrx_word' id='word_1_558' title='bbox 3893 1735 4016 1804; x_wconf 80' lang='grc' dir='ltr'>παρ’</span> 
     </span>
    </p>
   </div>
   <div class='ocr_carea' id='block_1_78' title="bbox 2442 1829 4017 1909">
    <p class='ocr_par' dir='ltr' id='par_1_78' title="bbox 2442 1829 4017 1909">
     <span class='ocr_line' id='line_1_78' title="bbox 2442 1829 4017 1909; baseline -0.011 -13"><span class='ocrx_word' id='word_1_559' title='bbox 2442 1839 2609 1896; x_wconf 87' lang='grc' dir='ltr'>αὐτοῦ</span> <span class='ocrx_word' id='word_1_560' title='bbox 2664 1838 2949 1909; x_wconf 80' lang='grc' dir='ltr'>εὐμενείας</span> <span class='ocrx_word' id='word_1_561' title='bbox 2999 1835 3221 1904; x_wconf 80' lang='grc' dir='ltr'>καὶτῆς</span> <span class='ocrx_word' id='word_1_562' title='bbox 3266 1834 3330 1886; x_wconf 86' lang='grc' dir='ltr'><strong>ὲκ</strong></span> <span class='ocrx_word' id='word_1_563' title='bbox 3368 1830 3634 1901; x_wconf 84' lang='grc' dir='ltr'>βασιλέων</span> <span class='ocrx_word' id='word_1_564' title='bbox 3657 1829 4017 1896; x_wconf 75' lang='grc' dir='ltr'>εὐδαιμονίας</span> 
     </span>
    </p>
   </div>
   <div class='ocr_carea' id='block_1_79' title="bbox 2441 1919 4018 2000">
    <p class='ocr_par' dir='ltr' id='par_1_79' title="bbox 2441 1919 4018 2000">
     <span class='ocr_line' id='line_1_79' title="bbox 2441 1919 4018 2000; baseline -0.015 -11"><span class='ocrx_word' id='word_1_565' title='bbox 2441 1935 2622 2000; x_wconf 80' lang='grc' dir='ltr'>ἀξίους</span> <span class='ocrx_word' id='word_1_566' title='bbox 2652 1933 2878 1992; x_wconf 77' lang='grc' dir='ltr'>ἑαυτοὺς</span> <span class='ocrx_word' id='word_1_567' title='bbox 2910 1929 3313 1998; x_wconf 81' lang='grc' dir='ltr'><strong>καταστήσητε,</strong></span> <span class='ocrx_word' id='word_1_568' title='bbox 3341 1926 3435 1979; x_wconf 71' lang='grc' dir='ltr'><strong>καὶ</strong></span> <span class='ocrx_word' id='word_1_569' title='bbox 3474 1919 3692 1992; x_wconf 81' lang='grc' dir='ltr'>δωρεῶν</span> <span class='ocrx_word' id='word_1_570' title='bbox 3744 1919 4018 1971; x_wconf 75' lang='grc' dir='ltr'>πλείστων</span> 
     </span>
    </p>
   </div>
   <div class='ocr_carea' id='block_1_80' title="bbox 2440 2011 4019 2092">
    <p class='ocr_par' dir='ltr' id='par_1_80' title="bbox 2440 2011 4019 2092">
     <span class='ocr_line' id='line_1_80' title="bbox 2440 2011 4019 2092; baseline -0.011 -15"><span class='ocrx_word' id='word_1_571' title='bbox 2440 2021 2788 2092; x_wconf 86' lang='grc' dir='ltr'>ἀπολαύσητε</span> <span class='ocrx_word' id='word_1_572' title='bbox 2863 2020 2958 2071; x_wconf 72' lang='grc' dir='ltr'><strong>καὶ</strong></span> <span class='ocrx_word' id='word_1_573' title='bbox 3010 2015 3209 2087; x_wconf 85' lang='grc' dir='ltr'>τιμῶν·</span> <span class='ocrx_word' id='word_1_574' title='bbox 3265 2015 3399 2083; x_wconf 83' lang='grc' dir='ltr'>πρὸς</span> <span class='ocrx_word' id='word_1_575' title='bbox 3441 2013 3499 2066; x_wconf 86' lang='grc' dir='ltr'>ὃν</span> <span class='ocrx_word' id='word_1_576' title='bbox 3540 2014 3568 2064; x_wconf 83' lang='grc' dir='ltr'><strong>ό</strong></span> <span class='ocrx_word' id='word_1_577' title='bbox 3610 2011 3756 2074; x_wconf 77' lang='grc' dir='ltr'>θεῖος</span> <span class='ocrx_word' id='word_1_578' title='bbox 3810 2011 4019 2068; x_wconf 77' lang='grc' dir='ltr'>ἐκεῖνος</span> 
     </span>
    </p>
   </div>
   <div class='ocr_carea' id='block_1_81' title="bbox 2441 2101 4017 2185">
    <p class='ocr_par' dir='ltr' id='par_1_81' title="bbox 2441 2101 4017 2185">
     <span class='ocr_line' id='line_1_81' title="bbox 2441 2101 4017 2185; baseline -0.01 -18"><span class='ocrx_word' id='word_1_579' title='bbox 2441 2116 2622 2185; x_wconf 78' lang='grc' dir='ltr'>χορὸς,</span> <span class='ocrx_word' id='word_1_580' title='bbox 2649 2112 2837 2182; x_wconf 85' lang='grc' dir='ltr'>ῶσπερ</span> <span class='ocrx_word' id='word_1_581' title='bbox 2860 2112 2923 2162; x_wconf 82' lang='grc' dir='ltr'><strong>ὲκ</strong></span> <span class='ocrx_word' id='word_1_582' title='bbox 2941 2109 3067 2178; x_wconf 82' lang='grc' dir='ltr'>μιᾶς</span> <span class='ocrx_word' id='word_1_583' title='bbox 3089 2106 3181 2158; x_wconf 65' lang='grc' dir='ltr'><strong>καὶ</strong></span> <span class='ocrx_word' id='word_1_584' title='bbox 3195 2106 3371 2175; x_wconf 67' lang='grc' dir='ltr'>ψυχῆς</span> <span class='ocrx_word' id='word_1_585' title='bbox 3392 2104 3482 2156; x_wconf 71' lang='grc' dir='ltr'><strong>καὶ</strong></span> <span class='ocrx_word' id='word_1_586' title='bbox 3498 2101 3772 2170; x_wconf 75' lang='grc' dir='ltr'>γλώττης,</span> <span class='ocrx_word' id='word_1_587' title='bbox 3801 2101 4017 2170; x_wconf 79' lang='grc' dir='ltr'>Ἠμεῖς,</span> 
     </span>
    </p>
   </div>
   <div class='ocr_carea' id='block_1_82' title="bbox 2442 2189 4016 2271">
    <p class='ocr_par' dir='ltr' id='par_1_82' title="bbox 2442 2189 4016 2271">
     <span class='ocr_line' id='line_1_82' title="bbox 2442 2189 4016 2271; baseline -0.012 -11"><span class='ocrx_word' id='word_1_588' title='bbox 2442 2204 2741 2264; x_wconf 88' lang='grc' dir='ltr'>ἀνθύπατε,</span> <span class='ocrx_word' id='word_1_589' title='bbox 2768 2198 2917 2256; x_wconf 83' lang='grc' dir='ltr'>εἷπον</span> <span class='ocrx_word' id='word_1_590' title='bbox 2933 2242 2945 2265; x_wconf 87' lang='grc'><strong>,</strong></span> <span class='ocrx_word' id='word_1_591' title='bbox 2965 2196 3250 2271; x_wconf 80' lang='grc' dir='ltr'>λατρεύειν</span> <span class='ocrx_word' id='word_1_592' title='bbox 3272 2193 3462 2264; x_wconf 82' lang='grc' dir='ltr'>ἀληθεί</span> <span class='ocrx_word' id='word_1_593' title='bbox 3477 2191 3594 2260; x_wconf 85' lang='grc' dir='ltr'><strong>Θεῷ</strong></span> <span class='ocrx_word' id='word_1_594' title='bbox 3624 2189 4016 2260; x_wconf 75' lang='grc' dir='ltr'>δεδιδάγμεθα,</span> 
     </span>
    </p>
   </div>
   <div class='ocr_carea' id='block_1_83' title="bbox 2443 2285 3664 2367">
    <p class='ocr_par' dir='ltr' id='par_1_83' title="bbox 2443 2285 3664 2367">
     <span class='ocr_line' id='line_1_83' title="bbox 2443 2285 3664 2367; baseline -0.011 -18"><span class='ocrx_word' id='word_1_595' title='bbox 2443 2291 2504 2349; x_wconf 75' lang='grc' dir='ltr'>οὐ</span> <span class='ocrx_word' id='word_1_596' title='bbox 2542 2297 2746 2367; x_wconf 71' lang='grc' dir='ltr'>ῥήματι</span> <span class='ocrx_word' id='word_1_597' title='bbox 2781 2295 2842 2344; x_wconf 85' lang='grc' dir='ltr'><strong>ὲκ</strong></span> <span class='ocrx_word' id='word_1_598' title='bbox 2876 2292 2951 2362; x_wconf 86' lang='grc' dir='ltr'>μὴ</span> <span class='ocrx_word' id='word_1_599' title='bbox 2976 2291 3144 2343; x_wconf 75' lang='grc' dir='ltr'>ὄντων</span> <span class='ocrx_word' id='word_1_600' title='bbox 3186 2288 3394 2356; x_wconf 79' lang='grc' dir='ltr'>ὑπέστη</span> <span class='ocrx_word' id='word_1_601' title='bbox 3423 2285 3484 2337; x_wconf 75' lang='grc' dir='ltr'>τὸ</span> <span class='ocrx_word' id='word_1_602' title='bbox 3511 2285 3620 2337; x_wconf 81' lang='grc' dir='ltr'>πᾶν</span> <span class='ocrx_word' id='word_1_603' title='bbox 3650 2322 3664 2337; x_wconf 94' lang='grc'><strong>.</strong></span> 
     </span>
    </p>
   </div>
   <div class='ocr_carea' id='block_1_84' title="bbox 2444 2375 4023 2455">
    <p class='ocr_par' dir='ltr' id='par_1_84' title="bbox 2444 2375 4023 2455">
     <span class='ocr_line' id='line_1_84' title="bbox 2444 2375 4023 2455; baseline -0.009 -16"><span class='ocrx_word' id='word_1_604' title='bbox 2444 2388 2540 2440; x_wconf 71' lang='grc' dir='ltr'><strong>καὶ</strong></span> <span class='ocrx_word' id='word_1_605' title='bbox 2567 2390 2635 2455; x_wconf 85' lang='grc' dir='ltr'>γῆ</span> <span class='ocrx_word' id='word_1_606' title='bbox 2663 2385 2755 2437; x_wconf 75' lang='grc' dir='ltr'>καὶ</span> <span class='ocrx_word' id='word_1_607' title='bbox 2785 2384 2854 2436; x_wconf 82' lang='grc' dir='ltr'>τὰ</span> <span class='ocrx_word' id='word_1_608' title='bbox 2883 2386 2940 2436; x_wconf 84' lang='grc' dir='ltr'>ὲν</span> <span class='ocrx_word' id='word_1_609' title='bbox 2971 2382 3153 2442; x_wconf 88' lang='grc' dir='ltr'>αὐτοῖς</span> <span class='ocrx_word' id='word_1_610' title='bbox 3185 2381 3422 2443; x_wconf 71' lang='grc' dir='ltr'>ἅπαντα,</span> <span class='ocrx_word' id='word_1_611' title='bbox 3449 2375 3571 2430; x_wconf 82' lang='grc' dir='ltr'>οὔτε</span> <span class='ocrx_word' id='word_1_612' title='bbox 3615 2376 3669 2429; x_wconf 74' lang='grc' dir='ltr'>δὲ</span> <span class='ocrx_word' id='word_1_613' title='bbox 3703 2376 3835 2429; x_wconf 68' lang='grc' dir='ltr'>θεὸν</span> <span class='ocrx_word' id='word_1_614' title='bbox 3871 2376 4023 2428; x_wconf 76' lang='grc' dir='ltr'>ἄλλον</span> 
     </span>
    </p>
   </div>
   <div class='ocr_carea' id='block_1_85' title="bbox 2446 2468 4020 2548">
    <p class='ocr_par' dir='ltr' id='par_1_85' title="bbox 2446 2468 4020 2548">
     <span class='ocr_line' id='line_1_85' title="bbox 2446 2468 4020 2548; baseline -0.01 -16"><span class='ocrx_word' id='word_1_615' title='bbox 2446 2477 2598 2548; x_wconf 84' lang='grc' dir='ltr'>παρὰ</span> <span class='ocrx_word' id='word_1_616' title='bbox 2628 2476 2814 2531; x_wconf 82' lang='grc' dir='ltr'>τοῦτον</span> <span class='ocrx_word' id='word_1_617' title='bbox 2849 2475 3004 2544; x_wconf 84' lang='grc' dir='ltr'>ίσμεν</span> <span class='ocrx_word' id='word_1_618' title='bbox 3029 2472 3154 2526; x_wconf 78' lang='grc' dir='ltr'>οὐτε</span> <span class='ocrx_word' id='word_1_619' title='bbox 3182 2471 3526 2542; x_wconf 81' lang='grc' dir='ltr'>προσκυνεῖν,</span> <span class='ocrx_word' id='word_1_620' title='bbox 3555 2468 3630 2538; x_wconf 82' lang='grc' dir='ltr'>μὴ</span> <span class='ocrx_word' id='word_1_621' title='bbox 3645 2469 3870 2535; x_wconf 79' lang='grc' dir='ltr'>γένοιτό</span> <span class='ocrx_word' id='word_1_622' title='bbox 3901 2484 4020 2518; x_wconf 81' lang='grc' dir='ltr'>ποτε</span> 
     </span>
    </p>
   </div>
   <div class='ocr_carea' id='block_1_86' title="bbox 2444 2558 4023 2642">
    <p class='ocr_par' dir='ltr' id='par_1_86' title="bbox 2444 2558 4023 2642">
     <span class='ocr_line' id='line_1_86' title="bbox 2444 2558 4023 2642; baseline -0.011 -17"><span class='ocrx_word' id='word_1_623' title='bbox 2444 2589 2496 2642; x_wconf 90' lang='grc' dir='ltr'>χ.</span> <span class='ocrx_word' id='word_1_624' title='bbox 2531 2610 2545 2624; x_wconf 93' lang='grc'><strong>.</strong></span> <span class='ocrx_word' id='word_1_625' title='bbox 2575 2610 2588 2623; x_wconf 95' lang='grc'><strong>.</strong></span> <span class='ocrx_word' id='word_1_626' title='bbox 2622 2609 2637 2623; x_wconf 95' lang='grc'><strong>.</strong></span> <span class='ocrx_word' id='word_1_627' title='bbox 2669 2607 2683 2622; x_wconf 94' lang='grc'><strong>.</strong></span> <span class='ocrx_word' id='word_1_628' title='bbox 2735 2565 2982 2639; x_wconf 81' lang='grc' dir='ltr'>βασιλεῦ,</span> <span class='ocrx_word' id='word_1_629' title='bbox 3013 2561 3339 2631; x_wconf 80' lang='grc' dir='ltr'>ἀνεξόμεθα,</span> <span class='ocrx_word' id='word_1_630' title='bbox 3393 2560 3462 2611; x_wconf 71' lang='grc' dir='ltr'>τὰ</span> <span class='ocrx_word' id='word_1_631' title='bbox 3492 2561 3548 2612; x_wconf 82' lang='grc' dir='ltr'>δὲ</span> <span class='ocrx_word' id='word_1_632' title='bbox 3603 2560 3670 2610; x_wconf 70' lang='grc' dir='ltr'>σὰ</span> <span class='ocrx_word' id='word_1_633' title='bbox 3723 2558 3884 2626; x_wconf 77' lang='grc' dir='ltr'>δῶρα</span> <span class='ocrx_word' id='word_1_634' title='bbox 3941 2559 4023 2608; x_wconf 68' lang='grc' dir='ltr'><strong>καὶ</strong></span> 
     </span>
    </p>
   </div>
   <div class='ocr_carea' id='block_1_87' title="bbox 2445 2647 4021 2730">
    <p class='ocr_par' dir='ltr' id='par_1_87' title="bbox 2445 2647 4021 2730">
     <span class='ocr_line' id='line_1_87' title="bbox 2445 2647 4021 2730; baseline -0.011 -16"><span class='ocrx_word' id='word_1_635' title='bbox 2445 2663 2498 2714; x_wconf 89' lang='grc' dir='ltr'><strong>αί</strong></span> <span class='ocrx_word' id='word_1_636' title='bbox 2556 2663 2714 2730; x_wconf 74' lang='grc' dir='ltr'>τιμαὶ</span> <span class='ocrx_word' id='word_1_637' title='bbox 2765 2657 2939 2712; x_wconf 74' lang='grc' dir='ltr'>ἄλλων</span> <span class='ocrx_word' id='word_1_638' title='bbox 3013 2654 3256 2705; x_wconf 76' lang='grc' dir='ltr'>ἔστωσαν</span> <span class='ocrx_word' id='word_1_639' title='bbox 3307 2648 3610 2719; x_wconf 77' lang='grc' dir='ltr'>θεραπεῖαι,</span> <span class='ocrx_word' id='word_1_640' title='bbox 3669 2647 3916 2717; x_wconf 74' lang='grc' dir='ltr'>μικρούς</span> <span class='ocrx_word' id='word_1_641' title='bbox 3975 2663 4021 2697; x_wconf 83' lang='grc' dir='ltr'><strong>τε</strong></span> 
     </span>
    </p>
   </div>
   <div class='ocr_carea' id='block_1_88' title="bbox 2445 2739 4023 2820">
    <p class='ocr_par' dir='ltr' id='par_1_88' title="bbox 2445 2739 4023 2820">
     <span class='ocr_line' id='line_1_88' title="bbox 2445 2739 4023 2820; baseline -0.011 -14"><span class='ocrx_word' id='word_1_642' title='bbox 2445 2753 2541 2806; x_wconf 73' lang='grc' dir='ltr'><strong>καὶ</strong></span> <span class='ocrx_word' id='word_1_643' title='bbox 2602 2750 2812 2820; x_wconf 79' lang='grc' dir='ltr'>μικρῶν</span> <span class='ocrx_word' id='word_1_644' title='bbox 2851 2745 3196 2815; x_wconf 78' lang='grc' dir='ltr'>ἐπιθυμητὰς</span> <span class='ocrx_word' id='word_1_645' title='bbox 3255 2742 3618 2810; x_wconf 76' lang='grc' dir='ltr'>θελγέτωσαν.</span> <span class='ocrx_word' id='word_1_646' title='bbox 3691 2739 3868 2808; x_wconf 73' lang='grc' dir='ltr'>Ἡμῖν</span> <span class='ocrx_word' id='word_1_647' title='bbox 3926 2739 4023 2808; x_wconf 72' lang='grc' dir='ltr'>γὰρ</span> 
     </span>
    </p>
   </div>
   <div class='ocr_carea' id='block_1_89' title="bbox 2447 2831 4022 2914">
    <p class='ocr_par' dir='ltr' id='par_1_89' title="bbox 2447 2831 4022 2914">
     <span class='ocr_line' id='line_1_89' title="bbox 2447 2831 4022 2914; baseline -0.007 -18"><span class='ocrx_word' id='word_1_648' title='bbox 2447 2842 2650 2914; x_wconf 76' lang='grc' dir='ltr'>φαύλου</span> <span class='ocrx_word' id='word_1_649' title='bbox 2683 2843 2842 2910; x_wconf 83' lang='grc' dir='ltr'>λόγου</span> <span class='ocrx_word' id='word_1_650' title='bbox 2876 2840 2969 2893; x_wconf 74' lang='grc' dir='ltr'><strong>καὶ</strong></span> <span class='ocrx_word' id='word_1_651' title='bbox 3009 2837 3104 2890; x_wconf 84' lang='grc' dir='ltr'><strong>τοῦ</strong></span> <span class='ocrx_word' id='word_1_652' title='bbox 3150 2833 3405 2904; x_wconf 81' lang='grc' dir='ltr'>τυχόντος</span> <span class='ocrx_word' id='word_1_653' title='bbox 3464 2832 3590 2898; x_wconf 80' lang='grc' dir='ltr'>ἄξια</span> <span class='ocrx_word' id='word_1_654' title='bbox 3635 2831 3839 2899; x_wconf 83' lang='grc' dir='ltr'>ταῦτα,</span> <span class='ocrx_word' id='word_1_655' title='bbox 3901 2835 4022 2902; x_wconf 72' lang='grc' dir='ltr'>μιᾶς</span> 
     </span>
    </p>
   </div>
   <div class='ocr_carea' id='block_1_90' title="bbox 2449 2925 4027 3008">
    <p class='ocr_par' dir='ltr' id='par_1_90' title="bbox 2449 2925 4027 3008">
     <span class='ocr_line' id='line_1_90' title="bbox 2449 2925 4027 3008; baseline -0.009 -18"><span class='ocrx_word' id='word_1_656' title='bbox 2449 2937 2619 3008; x_wconf 83' lang='grc' dir='ltr'>μόνης</span> <span class='ocrx_word' id='word_1_657' title='bbox 2650 2935 2820 3006; x_wconf 77' lang='grc' dir='ltr'>ἐρῶσι</span> <span class='ocrx_word' id='word_1_658' title='bbox 2852 2933 3019 3003; x_wconf 81' lang='grc' dir='ltr'>τιμῆς</span> <span class='ocrx_word' id='word_1_659' title='bbox 3049 2929 3152 3000; x_wconf 83' lang='grc' dir='ltr'>τῆς</span> <span class='ocrx_word' id='word_1_660' title='bbox 3188 2931 3243 2982; x_wconf 78' lang='grc' dir='ltr'>ἑν</span> <span class='ocrx_word' id='word_1_661' title='bbox 3368 2968 3382 2983; x_wconf 95' lang='grc'><strong>.</strong></span> <span class='ocrx_word' id='word_1_662' title='bbox 3535 2965 3550 2981; x_wconf 93' lang='grc'><strong>.</strong></span> <span class='ocrx_word' id='word_1_663' title='bbox 3698 2964 3716 2980; x_wconf 92' lang='grc'><strong>.</strong></span> <span class='ocrx_word' id='word_1_664' title='bbox 3872 2928 3938 2996; x_wconf 61' lang='grc' dir='ltr'>ἣν</span> <span class='ocrx_word' id='word_1_665' title='bbox 3967 2925 4027 2991; x_wconf 63' lang='grc' dir='ltr'>δὴ</span> 
     </span>
    </p>
   </div>
   <div class='ocr_carea' id='block_1_91' title="bbox 2449 3019 4021 3098">
    <p class='ocr_par' dir='ltr' id='par_1_91' title="bbox 2449 3019 4021 3098">
     <span class='ocr_line' id='line_1_91' title="bbox 2449 3019 4021 3098; baseline -0.011 -16"><span class='ocrx_word' id='word_1_666' title='bbox 2449 3031 2539 3082; x_wconf 73' lang='grc' dir='ltr'>καὶ</span> <span class='ocrx_word' id='word_1_667' title='bbox 2569 3029 2841 3080; x_wconf 82' lang='grc' dir='ltr'>ἀθάνατον</span> <span class='ocrx_word' id='word_1_668' title='bbox 2899 3027 3045 3097; x_wconf 75' lang='grc' dir='ltr'><strong>ζωὴν</strong></span> <span class='ocrx_word' id='word_1_669' title='bbox 3094 3028 3187 3080; x_wconf 63' lang='grc' dir='ltr'><strong>καὶ⁵</strong></span> <span class='ocrx_word' id='word_1_670' title='bbox 3240 3025 3520 3098; x_wconf 86' lang='grc' dir='ltr'>βασιλείαν</span> <span class='ocrx_word' id='word_1_671' title='bbox 3546 3021 3686 3076; x_wconf 86' lang='grc' dir='ltr'>Θεοῦ</span> <span class='ocrx_word' id='word_1_672' title='bbox 3722 3021 3918 3074; x_wconf 79' lang='grc' dir='ltr'>καλεῖν</span> <span class='ocrx_word' id='word_1_673' title='bbox 3948 3019 4021 3068; x_wconf 57' lang='grc' dir='ltr'><strong>οἵ-</strong></span> 
     </span>
    </p>
   </div>
   <div class='ocr_carea' id='block_1_92' title="bbox 2451 3111 4026 3186">
    <p class='ocr_par' dir='ltr' id='par_1_92' title="bbox 2451 3111 4026 3186">
     <span class='ocr_line' id='line_1_92' title="bbox 2451 3111 4026 3186; baseline -0.003 -19"><span class='ocrx_word' id='word_1_674' title='bbox 2451 3116 2637 3185; x_wconf 83' lang='grc' dir='ltr'>δαμεν.</span> <span class='ocrx_word' id='word_1_675' title='bbox 2660 3115 2816 3168; x_wconf 85' lang='grc' dir='ltr'><strong>Οὗτω</strong></span> <span class='ocrx_word' id='word_1_676' title='bbox 2849 3115 2948 3186; x_wconf 83' lang='grc' dir='ltr'>μὲν</span> <span class='ocrx_word' id='word_1_677' title='bbox 2981 3113 3073 3170; x_wconf 72' lang='grc' dir='ltr'>οὖν</span> <span class='ocrx_word' id='word_1_678' title='bbox 3095 3120 3120 3170; x_wconf 87' lang='grc' dir='ltr'>ὁ</span> <span class='ocrx_word' id='word_1_679' title='bbox 3145 3116 3450 3178; x_wconf 79' lang='grc' dir='ltr'>καλλίνικος</span> <span class='ocrx_word' id='word_1_680' title='bbox 3484 3117 3692 3175; x_wconf 72' lang='grc' dir='ltr'>ὶκεῖνος</span> <span class='ocrx_word' id='word_1_681' title='bbox 3721 3111 3832 3180; x_wconf 78' lang='grc' dir='ltr'>ἔφη</span> <span class='ocrx_word' id='word_1_682' title='bbox 3863 3123 4026 3175; x_wconf 67' lang='grc' dir='ltr'>στρα-</span> 
     </span>
    </p>
   </div>
   <div class='ocr_carea' id='block_1_93' title="bbox 2447 3204 3920 3279">
    <p class='ocr_par' dir='ltr' id='par_1_93' title="bbox 2447 3204 3920 3279">
     <span class='ocr_line' id='line_1_93' title="bbox 2447 3204 3920 3279; baseline -0.005 -19"><span class='ocrx_word' id='word_1_683' title='bbox 2447 3208 2558 3275; x_wconf 82' lang='grc' dir='ltr'>τὸς,</span> <span class='ocrx_word' id='word_1_684' title='bbox 2605 3210 2671 3278; x_wconf 87' lang='grc' dir='ltr'>τῆ</span> <span class='ocrx_word' id='word_1_685' title='bbox 2719 3210 3063 3279; x_wconf 72' lang='grc' dir='ltr'>πανευφήμῳ</span> <span class='ocrx_word' id='word_1_686' title='bbox 3113 3207 3586 3278; x_wconf 66' lang='grc' dir='ltr'>στρατηγούμενος</span> <span class='ocrx_word' id='word_1_687' title='bbox 3621 3204 3920 3269; x_wconf 70' lang='grc' dir='ltr'>Εὐφημίᾳ.</span> 
     </span>
    </p>
   </div>
   <div class='ocr_carea' id='block_1_94' title="bbox 2520 3351 4024 3428">
    <p class='ocr_par' dir='ltr' id='par_1_94' title="bbox 2520 3351 4024 3428">
     <span class='ocr_line' id='line_1_94' title="bbox 2520 3351 4024 3428; baseline -0.005 -18"><span class='ocrx_word' id='word_1_688' title='bbox 2520 3357 2596 3411; x_wconf 82' lang='grc' dir='ltr'><strong>Γ’.</strong></span> <span class='ocrx_word' id='word_1_689' title='bbox 2653 3359 2714 3410; x_wconf 86' lang='grc'><strong>’0</strong></span> <span class='ocrx_word' id='word_1_690' title='bbox 2743 3358 3004 3428; x_wconf 90' lang='grc' dir='ltr'>τύραννος</span> <span class='ocrx_word' id='word_1_691' title='bbox 3054 3358 3112 3410; x_wconf 79' lang='grc' dir='ltr'>δὲ</span> <span class='ocrx_word' id='word_1_692' title='bbox 3161 3357 3224 3409; x_wconf 82' lang='grc' dir='ltr'><strong>τὸ</strong></span> <span class='ocrx_word' id='word_1_693' title='bbox 3274 3355 3626 3427; x_wconf 76' lang='grc' dir='ltr'>μεταπείσειν</span> <span class='ocrx_word' id='word_1_694' title='bbox 3671 3351 3878 3414; x_wconf 69' lang='grc' dir='ltr'>αὐτοὺς</span> <span class='ocrx_word' id='word_1_695' title='bbox 3918 3351 4024 3403; x_wconf 80' lang='grc' dir='ltr'>οὐδ’</span> 
     </span>
    </p>
   </div>
   <div class='ocr_carea' id='block_1_95' title="bbox 2450 3445 4026 3518">
    <p class='ocr_par' dir='ltr' id='par_1_95' title="bbox 2450 3445 4026 3518">
     <span class='ocr_line' id='line_1_95' title="bbox 2450 3445 4026 3518; baseline -0.003 -18"><span class='ocrx_word' id='word_1_696' title='bbox 2450 3447 2620 3510; x_wconf 66' lang='grc' dir='ltr'>οὕτως</span> <span class='ocrx_word' id='word_1_697' title='bbox 2643 3448 3013 3518; x_wconf 81' lang='grc' dir='ltr'>ἀπαγορεύσει</span> <span class='ocrx_word' id='word_1_698' title='bbox 3034 3463 3046 3477; x_wconf 83' lang='grc'>⁶</span> <span class='ocrx_word' id='word_1_699' title='bbox 3075 3447 3212 3501; x_wconf 79' lang='grc' dir='ltr'>ἀλλὰ</span> <span class='ocrx_word' id='word_1_700' title='bbox 3232 3449 3325 3501; x_wconf 73' lang='grc' dir='ltr'><strong>καὶ</strong></span> <span class='ocrx_word' id='word_1_701' title='bbox 3348 3448 3427 3501; x_wconf 76' lang='grc' dir='ltr'>ἔτι</span> <span class='ocrx_word' id='word_1_702' title='bbox 3453 3450 3692 3518; x_wconf 69' lang='grc' dir='ltr'>χρηστὰς</span> <span class='ocrx_word' id='word_1_703' title='bbox 3721 3445 4026 3498; x_wconf 78' lang='grc' dir='ltr'>ὑποτείνων</span> 
     </span>
    </p>
   </div>
   <div class='ocr_carea' id='block_1_96' title="bbox 2450 3537 4027 3611">
    <p class='ocr_par' dir='ltr' id='par_1_96' title="bbox 2450 3537 4027 3611">
     <span class='ocr_line' id='line_1_96' title="bbox 2450 3537 4027 3611; baseline -0.003 -19"><span class='ocrx_word' id='word_1_704' title='bbox 2450 3539 2631 3608; x_wconf 78' lang='grc' dir='ltr'>ἑαυτῷ</span> <span class='ocrx_word' id='word_1_705' title='bbox 2664 3541 2757 3601; x_wconf 83' lang='grc' dir='ltr'>τὰς</span> <span class='ocrx_word' id='word_1_706' title='bbox 2787 3540 3009 3604; x_wconf 78' lang='grc' dir='ltr'>ἐλπίδας</span> <span class='ocrx_word' id='word_1_707' title='bbox 3069 3540 3367 3611; x_wconf 77' lang='grc' dir='ltr'>(ἐθαύμασε</span> <span class='ocrx_word' id='word_1_708' title='bbox 3391 3541 3499 3610; x_wconf 81' lang='grc' dir='ltr'>γὰρ</span> <span class='ocrx_word' id='word_1_709' title='bbox 3526 3541 3774 3600; x_wconf 77' lang='grc' dir='ltr'>ἐκείνους</span> <span class='ocrx_word' id='word_1_710' title='bbox 3806 3537 4027 3606; x_wconf 79' lang='grc' dir='ltr'>βλέπων</span> 
     </span>
    </p>
   </div>
   <div class='ocr_carea' id='block_1_97' title="bbox 2451 3631 4026 3699">
    <p class='ocr_par' dir='ltr' id='par_1_97' title="bbox 2451 3631 4026 3699">
     <span class='ocr_line' id='line_1_97' title="bbox 2451 3631 4026 3699; baseline -0.003 -16"><span class='ocrx_word' id='word_1_711' title='bbox 2451 3631 2734 3697; x_wconf 69' lang='grc' dir='ltr'>ἐλεύθερόν</span> <span class='ocrx_word' id='word_1_712' title='bbox 2767 3647 2826 3681; x_wconf 84' lang='grc' dir='ltr'><strong>τε</strong></span> <span class='ocrx_word' id='word_1_713' title='bbox 2863 3633 3003 3699; x_wconf 79' lang='grc' dir='ltr'>ὀρῶν</span> <span class='ocrx_word' id='word_1_714' title='bbox 3030 3633 3304 3698; x_wconf 81' lang='grc' dir='ltr'>φρόνημα,</span> <span class='ocrx_word' id='word_1_715' title='bbox 3333 3632 3426 3682; x_wconf 76' lang='grc' dir='ltr'>καὶ</span> <span class='ocrx_word' id='word_1_716' title='bbox 3444 3631 3626 3699; x_wconf 79' lang='grc' dir='ltr'>ψυχῆς</span> <span class='ocrx_word' id='word_1_717' title='bbox 3674 3632 4026 3698; x_wconf 66' lang='grc' dir='ltr'>παράστημα</span> 
     </span>
    </p>
   </div>
   <div class='ocr_carea' id='block_1_98' title="bbox 2451 3718 4021 3788">
    <p class='ocr_par' dir='ltr' id='par_1_98' title="bbox 2451 3718 4021 3788">
     <span class='ocr_line' id='line_1_98' title="bbox 2451 3718 4021 3788; baseline -0.003 -16"><span class='ocrx_word' id='word_1_718' title='bbox 2451 3721 2689 3786; x_wconf 80' lang='grc' dir='ltr'>εὐγενὲς,</span> <span class='ocrx_word' id='word_1_719' title='bbox 2750 3720 2845 3773; x_wconf 76' lang='grc' dir='ltr'><strong>καὶ</strong></span> <span class='ocrx_word' id='word_1_720' title='bbox 2898 3721 2999 3772; x_wconf 81' lang='grc' dir='ltr'>οὐκ</span> <span class='ocrx_word' id='word_1_721' title='bbox 3051 3719 3313 3788; x_wconf 63' lang='grc' dir='ltr'>ἠϐούλετο</span> <span class='ocrx_word' id='word_1_722' title='bbox 3363 3719 3713 3787; x_wconf 79' lang='grc' dir='ltr'>ζημιωθῆναι</span> <span class='ocrx_word' id='word_1_723' title='bbox 3758 3718 4021 3784; x_wconf 72' lang='grc' dir='ltr'>σύστημα</span> 
     </span>
    </p>
   </div>
   <div class='ocr_carea' id='block_1_99' title="bbox 2449 3802 4027 3881">
    <p class='ocr_par' dir='ltr' id='par_1_99' title="bbox 2449 3802 4027 3881">
     <span class='ocr_line' id='line_1_99' title="bbox 2449 3802 4027 3881; baseline -0.004 -17"><span class='ocrx_word' id='word_1_724' title='bbox 2449 3809 2591 3865; x_wconf 75' lang='grc' dir='ltr'><strong>οὕτω</strong></span> <span class='ocrx_word' id='word_1_725' title='bbox 2623 3811 2849 3881; x_wconf 86' lang='grc' dir='ltr'>κόσμιον</span> <span class='ocrx_word' id='word_1_726' title='bbox 2884 3812 2979 3864; x_wconf 80' lang='grc' dir='ltr'><strong>καὶ</strong></span> <span class='ocrx_word' id='word_1_727' title='bbox 3011 3809 3219 3878; x_wconf 80' lang='grc' dir='ltr'>καλὸν),</span> <span class='ocrx_word' id='word_1_728' title='bbox 3249 3810 3588 3879; x_wconf 78' lang='grc' dir='ltr'>ἀπεπειρᾶτο</span> <span class='ocrx_word' id='word_1_729' title='bbox 3617 3811 3710 3860; x_wconf 75' lang='grc' dir='ltr'>καὶ</span> <span class='ocrx_word' id='word_1_730' title='bbox 3735 3802 3842 3860; x_wconf 79' lang='grc' dir='ltr'><strong>αῦθ</strong></span> <span class='ocrx_word' id='word_1_731' title='bbox 3855 3826 3902 3869; x_wconf 84' lang='grc' dir='ltr'><strong>ις</strong></span> <span class='ocrx_word' id='word_1_732' title='bbox 3928 3809 4027 3874; x_wconf 72' lang='grc' dir='ltr'>τῆς</span> 
     </span>
    </p>
   </div>
   <div class='ocr_carea' id='block_1_100' title="bbox 2457 3895 4028 3977">
    <p class='ocr_par' dir='ltr' id='par_1_100' title="bbox 2457 3895 4028 3977">
     <span class='ocr_line' id='line_1_100' title="bbox 2457 3895 4028 3977; baseline -0.005 -18"><span class='ocrx_word' id='word_1_733' title='bbox 2457 3907 2820 3977; x_wconf 79' lang='grc' dir='ltr'>στερρότητος</span> <span class='ocrx_word' id='word_1_734' title='bbox 2848 3905 2954 3958; x_wconf 91' lang='grc' dir='ltr'><strong>τῶν</strong></span> <span class='ocrx_word' id='word_1_735' title='bbox 2993 3903 3315 3974; x_wconf 86' lang='grc' dir='ltr'>μαρτύρων,</span> <span class='ocrx_word' id='word_1_736' title='bbox 3355 3902 3446 3956; x_wconf 76' lang='grc' dir='ltr'><strong>καὶ</strong></span> <span class='ocrx_word' id='word_1_737' title='bbox 3488 3902 3566 3964; x_wconf 84' lang='grc' dir='ltr'>ὡς</span> <span class='ocrx_word' id='word_1_738' title='bbox 3599 3895 3713 3953; x_wconf 78' lang='grc' dir='ltr'>οἷόν</span> <span class='ocrx_word' id='word_1_739' title='bbox 3749 3919 3811 3954; x_wconf 81' lang='grc' dir='ltr'><strong>τε</strong></span> <span class='ocrx_word' id='word_1_740' title='bbox 3855 3917 4028 3970; x_wconf 86' lang='grc' dir='ltr'>μετα-</span> 
     </span>
    </p>
   </div>
   <div class='ocr_carea' id='block_1_101' title="bbox 2451 3992 4027 4066">
    <p class='ocr_par' dir='ltr' id='par_1_101' title="bbox 2451 3992 4027 4066">
     <span class='ocr_line' id='line_1_101' title="bbox 2451 3992 4027 4066; baseline -0.003 -18"><span class='ocrx_word' id='word_1_741' title='bbox 2451 3999 2662 4049; x_wconf 81' lang='grc' dir='ltr'>πείθειν</span> <span class='ocrx_word' id='word_1_742' title='bbox 2688 3999 2881 4059; x_wconf 84' lang='grc' dir='ltr'>αὐτοὺς</span> <span class='ocrx_word' id='word_1_743' title='bbox 2904 3996 3182 4062; x_wconf 78' lang='grc' dir='ltr'>ἔσπευδεν,</span> <span class='ocrx_word' id='word_1_744' title='bbox 3225 3995 3397 4066; x_wconf 85' lang='grc' dir='ltr'>Ὁρῶν</span> <span class='ocrx_word' id='word_1_745' title='bbox 3427 3994 3576 4064; x_wconf 81' lang='grc' dir='ltr'>ὑμῖν,</span> <span class='ocrx_word' id='word_1_746' title='bbox 3597 3992 3799 4060; x_wconf 78' lang='grc' dir='ltr'>λέγων,</span> <span class='ocrx_word' id='word_1_747' title='bbox 3822 3995 4027 4062; x_wconf 70' lang='grc' dir='ltr'>πολλὴν</span> 
     </span>
    </p>
   </div>
   <div class='ocr_carea' id='block_1_102' title="bbox 2457 4087 4028 4156">
    <p class='ocr_par' dir='ltr' id='par_1_102' title="bbox 2457 4087 4028 4156">
     <span class='ocr_line' id='line_1_102' title="bbox 2457 4087 4028 4156; baseline -0.001 -16"><span class='ocrx_word' id='word_1_748' title='bbox 2457 4090 2588 4156; x_wconf 82' lang='grc' dir='ltr'>ὅσην</span> <span class='ocrx_word' id='word_1_749' title='bbox 2614 4089 3017 4156; x_wconf 65' lang='grc' dir='ltr'>ἐμφαινομένην</span> <span class='ocrx_word' id='word_1_750' title='bbox 3043 4089 3140 4156; x_wconf 77' lang='grc' dir='ltr'>τὴν</span> <span class='ocrx_word' id='word_1_751' title='bbox 3170 4087 3407 4149; x_wconf 83' lang='grc' dir='ltr'>σύνεσιν,</span> <span class='ocrx_word' id='word_1_752' title='bbox 3442 4089 3542 4138; x_wconf 83' lang='grc' dir='ltr'><strong>οὐκ</strong></span> <span class='ocrx_word' id='word_1_753' title='bbox 3585 4087 3918 4139; x_wconf 80' lang='grc' dir='ltr'>ἀνέλπιστον</span> <span class='ocrx_word' id='word_1_754' title='bbox 3948 4090 4028 4139; x_wconf 81' lang='grc' dir='ltr'>ἑτι</span> 
     </span>
    </p>
   </div>
   <div class='ocr_carea' id='block_1_103' title="bbox 2456 4173 4029 4248">
    <p class='ocr_par' dir='ltr' id='par_1_103' title="bbox 2456 4173 4029 4248">
     <span class='ocr_line' id='line_1_103' title="bbox 2456 4173 4029 4248; baseline -0.003 -15"><span class='ocrx_word' id='word_1_755' title='bbox 2456 4179 2551 4233; x_wconf 80' lang='grc' dir='ltr'><strong>καὶ</strong></span> <span class='ocrx_word' id='word_1_756' title='bbox 2577 4181 2676 4247; x_wconf 81' lang='grc' dir='ltr'>τήν</span> <span class='ocrx_word' id='word_1_757' title='bbox 2719 4177 3022 4248; x_wconf 73' lang='grc' dir='ltr'>μεταϐολὴν</span> <span class='ocrx_word' id='word_1_758' title='bbox 3047 4175 3326 4245; x_wconf 80' lang='grc' dir='ltr'>ποιοῦμαι,</span> <span class='ocrx_word' id='word_1_759' title='bbox 3362 4175 3473 4228; x_wconf 71' lang='grc' dir='ltr'>ἀλλ’</span> <span class='ocrx_word' id='word_1_760' title='bbox 3517 4173 3614 4226; x_wconf 78' lang='grc' dir='ltr'>οἶδ’</span> <span class='ocrx_word' id='word_1_761' title='bbox 3641 4178 3722 4227; x_wconf 85' lang='grc' dir='ltr'><strong>ὅτι</strong></span> <span class='ocrx_word' id='word_1_762' title='bbox 3770 4180 3868 4227; x_wconf 76' lang='grc' dir='ltr'><strong>καὶ</strong></span> <span class='ocrx_word' id='word_1_763' title='bbox 3914 4196 4029 4229; x_wconf 83' lang='grc' dir='ltr'>πει-</span> 
     </span>
    </p>
   </div>
   <div class='ocr_carea' id='block_1_104' title="bbox 2456 4267 4032 4343">
    <p class='ocr_par' dir='ltr' id='par_1_104' title="bbox 2456 4267 4032 4343">
     <span class='ocr_line' id='line_1_104' title="bbox 2456 4267 4032 4343; baseline -0.002 -19"><span class='ocrx_word' id='word_1_764' title='bbox 2456 4270 2722 4343; x_wconf 74' lang='grc' dir='ltr'>σθήσεσθέ</span> <span class='ocrx_word' id='word_1_765' title='bbox 2755 4287 2846 4341; x_wconf 90' lang='grc' dir='ltr'><strong>μοι</strong></span> <span class='ocrx_word' id='word_1_766' title='bbox 2876 4270 2945 4322; x_wconf 85' lang='grc' dir='ltr'>τὰ</span> <span class='ocrx_word' id='word_1_767' title='bbox 2969 4269 3182 4341; x_wconf 86' lang='grc' dir='ltr'>χρηστὰ</span> <span class='ocrx_word' id='word_1_768' title='bbox 3236 4267 3675 4336; x_wconf 79' lang='grc' dir='ltr'>συμϐουλεύοντι,</span> <span class='ocrx_word' id='word_1_769' title='bbox 3707 4270 3809 4320; x_wconf 74' lang='grc' dir='ltr'><strong>καὶ</strong></span> <span class='ocrx_word' id='word_1_770' title='bbox 3835 4271 3940 4322; x_wconf 78' lang='grc' dir='ltr'>οὐκ</span> <span class='ocrx_word' id='word_1_771' title='bbox 3968 4272 4032 4322; x_wconf 75' lang='grc' dir='ltr'>ἂν</span> 
     </span>
    </p>
   </div>
   <div class='ocr_carea' id='block_1_105' title="bbox 2455 4361 4034 4434">
    <p class='ocr_par' dir='ltr' id='par_1_105' title="bbox 2455 4361 4034 4434">
     <span class='ocr_line' id='line_1_105' title="bbox 2455 4361 4034 4434; baseline -0.001 -19"><span class='ocrx_word' id='word_1_772' title='bbox 2455 4367 2665 4417; x_wconf 74' lang='grc' dir='ltr'>ἕλοισθε</span> <span class='ocrx_word' id='word_1_773' title='bbox 2705 4366 2930 4434; x_wconf 83' lang='grc' dir='ltr'>ἀτιμίαν</span> <span class='ocrx_word' id='word_1_774' title='bbox 2978 4364 3102 4417; x_wconf 76' lang='grc' dir='ltr'>ἀντὶ</span> <span class='ocrx_word' id='word_1_775' title='bbox 3149 4361 3338 4431; x_wconf 78' lang='grc' dir='ltr'>τιμῆς,</span> <span class='ocrx_word' id='word_1_776' title='bbox 3371 4361 3463 4414; x_wconf 78' lang='grc' dir='ltr'><strong>καὶ</strong></span> <span class='ocrx_word' id='word_1_777' title='bbox 3512 4362 3634 4414; x_wconf 77' lang='grc' dir='ltr'>ἀντὶ</span> <span class='ocrx_word' id='word_1_778' title='bbox 3676 4365 3895 4434; x_wconf 76' lang='grc' dir='ltr'>τρυφῆς</span> <span class='ocrx_word' id='word_1_779' title='bbox 3937 4365 4034 4417; x_wconf 79' lang='grc' dir='ltr'><strong>καὶ</strong></span> 
     </span>
    </p>
   </div>
   <div class='ocr_carea' id='block_1_106' title="bbox 2382 4454 4034 4526">
    <p class='ocr_par' dir='ltr' id='par_1_106' title="bbox 2382 4454 4034 4526">
     <span class='ocr_line' id='line_1_106' title="bbox 2382 4454 4034 4526; baseline -0.001 -17"><span class='ocrx_word' id='word_1_780' title='bbox 2382 4468 2425 4522; x_wconf 85' lang='grc' dir='ltr'><strong>ι)</strong></span> <span class='ocrx_word' id='word_1_781' title='bbox 2457 4455 2615 4526; x_wconf 79' lang='grc' dir='ltr'>δόξης</span> <span class='ocrx_word' id='word_1_782' title='bbox 2637 4456 2920 4525; x_wconf 79' lang='grc' dir='ltr'>αἰσχύνην,</span> <span class='ocrx_word' id='word_1_783' title='bbox 2944 4454 3116 4507; x_wconf 80' lang='grc' dir='ltr'>καὶτὸ</span> <span class='ocrx_word' id='word_1_784' title='bbox 3147 4454 3273 4508; x_wconf 83' lang='grc' dir='ltr'>ίδείν</span> <span class='ocrx_word' id='word_1_785' title='bbox 3311 4454 3534 4524; x_wconf 84' lang='grc' dir='ltr'>νεότητα</span> <span class='ocrx_word' id='word_1_786' title='bbox 3558 4454 3701 4505; x_wconf 74' lang='grc' dir='ltr'>οὕτω</span> <span class='ocrx_word' id='word_1_787' title='bbox 3732 4458 3910 4524; x_wconf 79' lang='grc' dir='ltr'>καλὴν</span> <span class='ocrx_word' id='word_1_788' title='bbox 3942 4461 4034 4508; x_wconf 76' lang='grc' dir='ltr'>καὶ</span> 
     </span>
    </p>
   </div>
   <div class='ocr_carea' id='block_1_107' title="bbox 2456 4546 4034 4620">
    <p class='ocr_par' dir='ltr' id='par_1_107' title="bbox 2456 4546 4034 4620">
     <span class='ocr_line' id='line_1_107' title="bbox 2456 4546 4034 4620; baseline -0.003 -15"><span class='ocrx_word' id='word_1_789' title='bbox 2456 4550 2616 4613; x_wconf 85' lang='grc' dir='ltr'>ἀνθος</span> <span class='ocrx_word' id='word_1_790' title='bbox 2645 4552 2895 4619; x_wconf 85' lang='grc' dir='ltr'>σώματος</span> <span class='ocrx_word' id='word_1_791' title='bbox 2917 4551 2984 4602; x_wconf 83' lang='grc' dir='ltr'><strong>τὰ</strong></span> <span class='ocrx_word' id='word_1_792' title='bbox 3009 4551 3174 4602; x_wconf 80' lang='grc' dir='ltr'>πᾶσιν</span> <span class='ocrx_word' id='word_1_793' title='bbox 3194 4546 3499 4618; x_wconf 82' lang='grc' dir='ltr'>ἀνθρώποις</span> <span class='ocrx_word' id='word_1_794' title='bbox 3527 4551 3717 4618; x_wconf 73' lang='grc' dir='ltr'>ἥδιστα</span> <span class='ocrx_word' id='word_1_795' title='bbox 3761 4553 4034 4620; x_wconf 76' lang='grc' dir='ltr'>χαλεπαῖς</span> 
     </span>
    </p>
   </div>
   <div class='ocr_carea' id='block_1_108' title="bbox 2458 4640 4037 4711">
    <p class='ocr_par' dir='ltr' id='par_1_108' title="bbox 2458 4640 4037 4711">
     <span class='ocr_line' id='line_1_108' title="bbox 2458 4640 4037 4711; baseline -0.001 -17"><span class='ocrx_word' id='word_1_796' title='bbox 2458 4643 2708 4711; x_wconf 78' lang='grc' dir='ltr'>βασάνοις</span> <span class='ocrx_word' id='word_1_797' title='bbox 2725 4641 3052 4709; x_wconf 74' lang='grc' dir='ltr'>ὑϐριζόμενα</span> <span class='ocrx_word' id='word_1_798' title='bbox 3066 4657 3121 4692; x_wconf 84' lang='grc' dir='ltr'><strong>τε</strong></span> <span class='ocrx_word' id='word_1_799' title='bbox 3139 4641 3231 4691; x_wconf 71' lang='grc' dir='ltr'><strong>καὶ</strong></span> <span class='ocrx_word' id='word_1_800' title='bbox 3253 4640 3846 4708; x_wconf 75' lang='grc' dir='ltr'>σπαραττόμενα.Πρὸς</span> <span class='ocrx_word' id='word_1_801' title='bbox 3864 4643 4037 4694; x_wconf 74' lang='grc' dir='ltr'>ταῦτα</span> 
     </span>
    </p>
   </div>
   <div class='ocr_carea' id='block_1_109' title="bbox 2456 4725 4040 4803">
    <p class='ocr_par' dir='ltr' id='par_1_109' title="bbox 2456 4725 4040 4803">
     <span class='ocr_line' id='line_1_109' title="bbox 2456 4725 4040 4803; baseline -0.001 -18"><span class='ocrx_word' id='word_1_802' title='bbox 2456 4734 2616 4785; x_wconf 87' lang='grc' dir='ltr'>πάλιν</span> <span class='ocrx_word' id='word_1_803' title='bbox 2635 4733 3096 4803; x_wconf 75' lang='grc' dir='ltr'>εὐπαρῤησίαστοι</span> <span class='ocrx_word' id='word_1_804' title='bbox 3114 4732 3161 4782; x_wconf 85' lang='grc' dir='ltr'><strong>οί</strong></span> <span class='ocrx_word' id='word_1_805' title='bbox 3179 4730 3344 4796; x_wconf 74' lang='grc' dir='ltr'>ἅγιοι,</span> <span class='ocrx_word' id='word_1_806' title='bbox 3362 4729 3572 4797; x_wconf 78' lang='grc' dir='ltr'>Ἡμεῖς,</span> <span class='ocrx_word' id='word_1_807' title='bbox 3594 4725 3772 4795; x_wconf 78' lang='grc' dir='ltr'>εἷπον,</span> <span class='ocrx_word' id='word_1_808' title='bbox 3789 4734 4040 4783; x_wconf 72' lang='grc' dir='ltr'>ἀνθύπα-</span> 
     </span>
    </p>
   </div>
   <div class='ocr_carea' id='block_1_110' title="bbox 2453 4819 4039 4894">
    <p class='ocr_par' dir='ltr' id='par_1_110' title="bbox 2453 4819 4039 4894">
     <span class='ocr_line' id='line_1_110' title="bbox 2453 4819 4039 4894; baseline -0.003 -16"><span class='ocrx_word' id='word_1_809' title='bbox 2453 4842 2535 4888; x_wconf 73' lang='lat' dir='ltr'><strong>ss,</strong></span> <span class='ocrx_word' id='word_1_810' title='bbox 2561 4827 2654 4879; x_wconf 73' lang='grc' dir='ltr'><strong>καὶ</strong></span> <span class='ocrx_word' id='word_1_811' title='bbox 2680 4824 2941 4894; x_wconf 79' lang='grc' dir='ltr'>πρότερον</span> <span class='ocrx_word' id='word_1_812' title='bbox 2968 4822 3232 4887; x_wconf 79' lang='grc' dir='ltr'>εἰπόντες,</span> <span class='ocrx_word' id='word_1_813' title='bbox 3259 4821 3352 4872; x_wconf 69' lang='grc' dir='ltr'><strong>καὶ</strong></span> <span class='ocrx_word' id='word_1_814' title='bbox 3377 4819 3467 4872; x_wconf 85' lang='grc' dir='ltr'><strong>νῦν</strong></span> <span class='ocrx_word' id='word_1_815' title='bbox 3491 4820 3597 4871; x_wconf 81' lang='grc' dir='ltr'><strong>τῶν</strong></span> <span class='ocrx_word' id='word_1_816' title='bbox 3625 4821 3760 4873; x_wconf 79' lang='grc' dir='ltr'>ἴσων</span> <span class='ocrx_word' id='word_1_817' title='bbox 3793 4824 4039 4894; x_wconf 58' lang='grc' dir='ltr'>ἐχόμεθα</span> 
     </span>
    </p>
   </div>
   <div class='ocr_carea' id='block_1_111' title="bbox 2458 4911 4038 4984">
    <p class='ocr_par' dir='ltr' id='par_1_111' title="bbox 2458 4911 4038 4984">
     <span class='ocr_line' id='line_1_111' title="bbox 2458 4911 4038 4984; baseline -0.004 -13"><span class='ocrx_word' id='word_1_818' title='bbox 2458 4920 2650 4982; x_wconf 78' lang='grc' dir='ltr'>λόγων,</span> <span class='ocrx_word' id='word_1_819' title='bbox 2688 4916 2768 4968; x_wconf 82' lang='grc' dir='ltr'>ὅτι</span> <span class='ocrx_word' id='word_1_820' title='bbox 2824 4913 3084 4982; x_wconf 83' lang='grc' dir='ltr'>αἰσχύνην</span> <span class='ocrx_word' id='word_1_821' title='bbox 3156 4911 3433 4982; x_wconf 82' lang='grc' dir='ltr'>ἡγούμεθα</span> <span class='ocrx_word' id='word_1_822' title='bbox 3477 4915 3572 4964; x_wconf 73' lang='grc' dir='ltr'>καὶ</span> <span class='ocrx_word' id='word_1_823' title='bbox 3634 4914 3938 4984; x_wconf 79' lang='grc' dir='ltr'>μεγίστην,</span> <span class='ocrx_word' id='word_1_824' title='bbox 3995 4921 4038 4966; x_wconf 77' lang='grc' dir='ltr'>εἰ</span> 
     </span>
    </p>
   </div>
   <div class='ocr_carea' id='block_1_112' title="bbox 2458 5003 4040 5075">
    <p class='ocr_par' dir='ltr' id='par_1_112' title="bbox 2458 5003 4040 5075">
     <span class='ocr_line' id='line_1_112' title="bbox 2458 5003 4040 5075; baseline -0.001 -16"><span class='ocrx_word' id='word_1_825' title='bbox 2458 5009 2581 5061; x_wconf 88' lang='grc' dir='ltr'>νοῦν</span> <span class='ocrx_word' id='word_1_826' title='bbox 2614 5009 2708 5060; x_wconf 77' lang='grc' dir='ltr'><strong>καὶ</strong></span> <span class='ocrx_word' id='word_1_827' title='bbox 2741 5006 2944 5075; x_wconf 76' lang='grc' dir='ltr'>φρένας</span> <span class='ocrx_word' id='word_1_828' title='bbox 2985 5004 3236 5068; x_wconf 73' lang='grc' dir='ltr'>λαϐόντες</span> <span class='ocrx_word' id='word_1_829' title='bbox 3272 5008 3421 5072; x_wconf 81' lang='grc' dir='ltr'><strong>παρά</strong></span> <span class='ocrx_word' id='word_1_830' title='bbox 3474 5003 3608 5054; x_wconf 77' lang='grc' dir='ltr'>Θεοῦ</span> <span class='ocrx_word' id='word_1_831' title='bbox 3643 5004 3805 5066; x_wconf 72' lang='grc' dir='ltr'>θεοὺς</span> <span class='ocrx_word' id='word_1_832' title='bbox 3841 5009 4040 5074; x_wconf 74' lang='grc' dir='ltr'>ὀνομα-</span> 
     </span>
    </p>
   </div>
   <div class='ocr_carea' id='block_1_113' title="bbox 2459 5097 4041 5169">
    <p class='ocr_par' dir='ltr' id='par_1_113' title="bbox 2459 5097 4041 5169">
     <span class='ocr_line' id='line_1_113' title="bbox 2459 5097 4041 5169; baseline -0.001 -20"><span class='ocrx_word' id='word_1_833' title='bbox 2459 5100 2650 5169; x_wconf 78' lang='grc' dir='ltr'>ζοιμεν</span> <span class='ocrx_word' id='word_1_834' title='bbox 2701 5101 2769 5151; x_wconf 85' lang='grc' dir='ltr'>τὰ</span> <span class='ocrx_word' id='word_1_835' title='bbox 2814 5098 2887 5166; x_wconf 83' lang='grc' dir='ltr'>μὴ</span> <span class='ocrx_word' id='word_1_836' title='bbox 2939 5097 3132 5159; x_wconf 75' lang='grc' dir='ltr'>ἁπλῶς</span> <span class='ocrx_word' id='word_1_837' title='bbox 3165 5097 3355 5163; x_wconf 62' lang='grc' dir='ltr'>ἀςωνα</span> <span class='ocrx_word' id='word_1_838' title='bbox 3399 5098 3493 5147; x_wconf 75' lang='grc' dir='ltr'>καὶ</span> <span class='ocrx_word' id='word_1_839' title='bbox 3543 5113 3729 5162; x_wconf 72' lang='grc' dir='ltr'>κωφα,</span> <span class='ocrx_word' id='word_1_840' title='bbox 3767 5097 3911 5148; x_wconf 72' lang='grc' dir='ltr'>ἀλλὰ</span> <span class='ocrx_word' id='word_1_841' title='bbox 3951 5101 4041 5150; x_wconf 69' lang='grc' dir='ltr'><strong>καὶ</strong></span> 
     </span>
    </p>
   </div>
   <div class='ocr_carea' id='block_1_114' title="bbox 2427 5187 4041 5262">
    <p class='ocr_par' dir='ltr' id='par_1_114' title="bbox 2427 5187 4041 5262">
     <span class='ocr_line' id='line_1_114' title="bbox 2427 5187 4041 5262; baseline 0 -21"><span class='ocrx_word' id='word_1_842' title='bbox 2427 5238 2431 5241; x_wconf 89' lang='grc'>,</span> <span class='ocrx_word' id='word_1_843' title='bbox 2457 5192 2670 5262; x_wconf 80' lang='grc' dir='ltr'>φρενῶν</span> <span class='ocrx_word' id='word_1_844' title='bbox 2701 5192 2885 5260; x_wconf 73' lang='grc' dir='ltr'>ἔρημα</span> <span class='ocrx_word' id='word_1_845' title='bbox 2919 5193 3011 5242; x_wconf 77' lang='grc' dir='ltr'><strong>καὶ</strong></span> <span class='ocrx_word' id='word_1_846' title='bbox 3039 5187 3365 5257; x_wconf 74' lang='grc' dir='ltr'>αἰσθήσεως.</span> <span class='ocrx_word' id='word_1_847' title='bbox 3390 5188 3484 5250; x_wconf 79' lang='grc' dir='ltr'>Ἀς</span> <span class='ocrx_word' id='word_1_848' title='bbox 3514 5187 3572 5239; x_wconf 75' lang='grc' dir='ltr'>δὲ</span> <span class='ocrx_word' id='word_1_849' title='bbox 3595 5190 3729 5254; x_wconf 79' lang='grc' dir='ltr'>ἡμῖν</span> <span class='ocrx_word' id='word_1_850' title='bbox 3763 5192 4041 5249; x_wconf 74' lang='grc' dir='ltr'>ἐπισείεις</span> 
     </span>
    </p>
   </div>
   <div class='ocr_carea' id='block_1_115' title="bbox 2458 5279 4041 5352">
    <p class='ocr_par' dir='ltr' id='par_1_115' title="bbox 2458 5279 4041 5352">
     <span class='ocr_line' id='line_1_115' title="bbox 2458 5279 4041 5352; baseline -0.003 -16"><span class='ocrx_word' id='word_1_851' title='bbox 2458 5284 2746 5352; x_wconf 82' lang='grc' dir='ltr'>βασάνους,</span> <span class='ocrx_word' id='word_1_852' title='bbox 2777 5281 3030 5334; x_wconf 85' lang='grc' dir='ltr'>τοσούτου</span> <span class='ocrx_word' id='word_1_853' title='bbox 3065 5280 3258 5349; x_wconf 84' lang='grc' dir='ltr'>δέομεν</span> <span class='ocrx_word' id='word_1_854' title='bbox 3290 5279 3529 5349; x_wconf 79' lang='grc' dir='ltr'>φοϐερὰς</span> <span class='ocrx_word' id='word_1_855' title='bbox 3576 5281 3867 5348; x_wconf 74' lang='grc' dir='ltr'>ἡγεῖσθαι,</span> <span class='ocrx_word' id='word_1_856' title='bbox 3901 5282 4041 5333; x_wconf 76' lang='grc' dir='ltr'>ὥστε</span> 
     </span>
    </p>
   </div>
   <div class='ocr_carea' id='block_1_116' title="bbox 2459 5372 4038 5443">
    <p class='ocr_par' dir='ltr' id='par_1_116' title="bbox 2459 5372 4038 5443">
     <span class='ocr_line' id='line_1_116' title="bbox 2459 5372 4038 5443; baseline -0.003 -14"><span class='ocrx_word' id='word_1_857' title='bbox 2459 5375 2768 5429; x_wconf 85' lang='grc' dir='ltr'>τούναντίον</span> <span class='ocrx_word' id='word_1_858' title='bbox 2837 5375 2931 5426; x_wconf 75' lang='grc' dir='ltr'><strong>καὶ</strong></span> <span class='ocrx_word' id='word_1_859' title='bbox 2992 5372 3306 5443; x_wconf 79' lang='grc' dir='ltr'>φοϐούμεθα</span> <span class='ocrx_word' id='word_1_860' title='bbox 3349 5372 3574 5440; x_wconf 84' lang='grc' dir='ltr'>μᾶλλον,</span> <span class='ocrx_word' id='word_1_861' title='bbox 3639 5374 3738 5442; x_wconf 76' lang='grc' dir='ltr'>μὴ,</span> <span class='ocrx_word' id='word_1_862' title='bbox 3814 5373 4038 5441; x_wconf 60' lang='grc' dir='ltr'>κούφως</span> 
     </span>
    </p>
   </div>
   <div class='ocr_carea' id='block_1_117' title="bbox 2459 5463 4046 5537">
    <p class='ocr_par' dir='ltr' id='par_1_117' title="bbox 2459 5463 4046 5537">
     <span class='ocr_line' id='line_1_117' title="bbox 2459 5463 4046 5537; baseline -0.004 -18"><span class='ocrx_word' id='word_1_863' title='bbox 2459 5468 2684 5537; x_wconf 76' lang='grc' dir='ltr'>ἔχουσαι</span> <span class='ocrx_word' id='word_1_864' title='bbox 2743 5469 2836 5519; x_wconf 77' lang='grc' dir='ltr'><strong>καὶ</strong></span> <span class='ocrx_word' id='word_1_865' title='bbox 2889 5465 3148 5535; x_wconf 81' lang='grc' dir='ltr'>μετρίως,</span> <span class='ocrx_word' id='word_1_866' title='bbox 3206 5466 3267 5516; x_wconf 89' lang='grc' dir='ltr'>οὐ</span> <span class='ocrx_word' id='word_1_867' title='bbox 3334 5463 3659 5533; x_wconf 70' lang='grc' dir='ltr'>δυνήσονται</span> <span class='ocrx_word' id='word_1_868' title='bbox 3728 5468 4046 5536; x_wconf 68' lang='grc' dir='ltr'>μαρτύριον</span> 
     </span>
    </p>
   </div>
   <div class='ocr_carea' id='block_1_118' title="bbox 2462 5555 4045 5630">
    <p class='ocr_par' dir='ltr' id='par_1_118' title="bbox 2462 5555 4045 5630">
     <span class='ocr_line' id='line_1_118' title="bbox 2462 5555 4045 5630; baseline -0.003 -18"><span class='ocrx_word' id='word_1_869' title='bbox 2462 5559 2686 5630; x_wconf 76' lang='grc' dir='ltr'>ἀκριϐὲς</span> <span class='ocrx_word' id='word_1_870' title='bbox 2710 5555 2848 5610; x_wconf 80' lang='grc' dir='ltr'>εἶναι</span> <span class='ocrx_word' id='word_1_871' title='bbox 2873 5558 2968 5625; x_wconf 79' lang='grc' dir='ltr'><strong>τῆς</strong></span> <span class='ocrx_word' id='word_1_872' title='bbox 2993 5558 3087 5609; x_wconf 85' lang='grc' dir='ltr'><strong>τοῦ</strong></span> <span class='ocrx_word' id='word_1_873' title='bbox 3119 5557 3255 5608; x_wconf 87' lang='grc' dir='ltr'>Θεοῦ</span> <span class='ocrx_word' id='word_1_874' title='bbox 3291 5557 3419 5624; x_wconf 85' lang='grc' dir='ltr'>περὶ</span> <span class='ocrx_word' id='word_1_875' title='bbox 3456 5556 3606 5625; x_wconf 74' lang='grc' dir='ltr'>ἡμᾶς</span> <span class='ocrx_word' id='word_1_876' title='bbox 3637 5557 3832 5623; x_wconf 77' lang='grc' dir='ltr'>ἰσχύος</span> <span class='ocrx_word' id='word_1_877' title='bbox 3856 5574 3921 5609; x_wconf 87' lang='grc' dir='ltr'><strong>τε</strong></span> <span class='ocrx_word' id='word_1_878' title='bbox 3957 5563 4045 5609; x_wconf 70' lang='grc' dir='ltr'>καὶ</span> 
     </span>
    </p>
   </div>
   <div class='ocr_carea' id='block_1_119' title="bbox 2460 5648 4046 5725">
    <p class='ocr_par' dir='ltr' id='par_1_119' title="bbox 2460 5648 4046 5725">
     <span class='ocr_line' id='line_1_119' title="bbox 2460 5648 4046 5725; baseline -0.004 -18"><span class='ocrx_word' id='word_1_879' title='bbox 2460 5656 2765 5725; x_wconf 80' lang='grc' dir='ltr'>δυνάμεως.</span> <span class='ocrx_word' id='word_1_880' title='bbox 2798 5655 2868 5704; x_wconf 87' lang='grc' dir='ltr'><strong>Ἦ</strong></span> <span class='ocrx_word' id='word_1_881' title='bbox 2903 5651 3037 5704; x_wconf 87' lang='grc' dir='ltr'><strong>ἀλλὰ</strong></span> <span class='ocrx_word' id='word_1_882' title='bbox 3085 5651 3160 5719; x_wconf 77' lang='grc' dir='ltr'>μὴ</span> <span class='ocrx_word' id='word_1_883' title='bbox 3193 5648 3348 5702; x_wconf 82' lang='grc' dir='ltr'>πλέον</span> <span class='ocrx_word' id='word_1_884' title='bbox 3377 5650 3425 5700; x_wconf 84' lang='grc' dir='ltr'><strong>οι</strong></span> <span class='ocrx_word' id='word_1_885' title='bbox 3459 5648 3630 5714; x_wconf 88' lang='grc' dir='ltr'>λόγοι,</span> <span class='ocrx_word' id='word_1_886' title='bbox 3659 5653 3728 5718; x_wconf 75' lang='grc' dir='ltr'>τῇ</span> <span class='ocrx_word' id='word_1_887' title='bbox 3787 5651 3966 5723; x_wconf 62' lang='grc' dir='ltr'>πείρα</span> <span class='ocrx_word' id='word_1_888' title='bbox 3995 5653 4046 5702; x_wconf 72' lang='grc' dir='ltr'>δὲ</span> 
     </span>
    </p>
   </div>
   <div class='ocr_carea' id='block_1_120' title="bbox 2467 5738 4048 5813">
    <p class='ocr_par' dir='ltr' id='par_1_120' title="bbox 2467 5738 4048 5813">
     <span class='ocr_line' id='line_1_120' title="bbox 2467 5738 4048 5813; baseline -0.011 -14"><span class='ocrx_word' id='word_1_889' title='bbox 2467 5749 2590 5807; x_wconf 79' lang='grc' dir='ltr'>τοὺς</span> <span class='ocrx_word' id='word_1_890' title='bbox 2632 5746 2885 5813; x_wconf 76' lang='grc' dir='ltr'>ἐλέγχους</span> <span class='ocrx_word' id='word_1_891' title='bbox 2918 5741 3231 5809; x_wconf 73' lang='grc' dir='ltr'>ἐπίτρεψον,</span> <span class='ocrx_word' id='word_1_892' title='bbox 3266 5738 3359 5791; x_wconf 69' lang='grc' dir='ltr'><strong>καὶ</strong></span> <span class='ocrx_word' id='word_1_893' title='bbox 3396 5739 3518 5789; x_wconf 85' lang='grc' dir='ltr'>τότε</span> <span class='ocrx_word' id='word_1_894' title='bbox 3555 5739 3684 5808; x_wconf 73' lang='grc' dir='ltr'>εἴσῃ</span> <span class='ocrx_word' id='word_1_895' title='bbox 3718 5742 3925 5808; x_wconf 63' lang='grc' dir='ltr'>σαφῶς</span> <span class='ocrx_word' id='word_1_896' title='bbox 3973 5744 4048 5791; x_wconf 69' lang='grc' dir='ltr'><strong>δτι</strong></span> 
     </span>
    </p>
   </div>
  </div>
