4156 6314
96 384 202 452 717

1196 379 1663 444 MARTYRIUM
1705 378 1767 440 S.
1810 378 2255 447 EUPHEML‘E.

3253 400 3359 466 718

102 501 234 570 ρᾆν
272 500 431 569 ἡμεῖς
462 499 683 571 οίσομεν
728 499 760 570 ἦ
797 499 1017 566 ἐπάξεις
1051 500 1211 564 αὐτὸς
1256 501 1353 563 τὰς
1396 500 1650 560 κολάσεις

1778 498 1982 556 laturos
2032 517 2155 558 esse
2224 506 2521 577 cruciatus,
2585 526 2743 584 quam
2797 524 2852 572 tu
2905 517 2980 573 sis
3048 520 3349 579 intentatu-

165 679 236 732 A'.
285 678 546 732 Ἀνάπτει
567 680 657 733 τὸν
688 681 954 751 τύραννον
985 683 1063 744 εἰς
1098 681 1272 752 ὀργὴν
1310 683 1338 735 6
1367 684 1545 751 λόγος,
1579 686 1675 738 καὶ

95 770 258 833 εὐθὺς
292 770 518 841 βάσανοι
551 774 673 834 τοὺς
718 773 1003 842 μάρτυρας
1038 769 1208 843 εἶχον.
1244 777 1309 827 Al
1348 775 1572 845 βάσανοι
1615 776 1673 829 δὲ

92 864 156 914 οὺ
192 863 534 932 μικραίοὑδὲ
564 866 654 917 ἐπὶ
702 866 898 933 μικρὸν
929 867 1238 937 ἀρκέσασαι
1291 870 1505 937 χρόνον,
1552 868 1671 922 ἀλλ’

90 954 185 1005 ἐπὶ
257 954 430 1007 εἴκοσι
506 957 637 1023 μιᾶς
690 956 918 1026 δεούσης
976 960 1187 1030 ἡμέρας
1242 962 1668 1029 παραταθεῖσαι.

93 1045 272 1098 Ἴσασι
328 1046 384 1100 δὲ
418 1049 634 1110 πάντως
689 1050 805 1102 ὅσοι
845 1054 1041 1121 πεῖραν
1068 1054 1175 1105 τῶν
1228 1053 1489 1121 ἀλγεινῶν
1518 1054 1671 1123 ἔχου-

90 1154 216 1202 σιν,
286 1138 368 1190 ὅτι
433 1139 668 1209 πληγαῖς
726 1142 976 1213 σώματος
1033 1146 1409 1214 ἐπιγινόμεναι
1506 1147 1668 1199 πάλιν

96 1230 306 1299 ἕτεραι,
352 1232 515 1298 μήπω
576 1235 673 1302 τῆς
725 1237 995 1303 προτέρας
1031 1235 1507 1307 ὑπομαρανθείσης
1549 1238 1668 1291 ὀδύ-

87 1339 204 1388 νης,
271 1321 407 1373 ἀλλά
459 1322 520 1374 τὸ
576 1323 804 1393 σφοδρὸν
843 1325 921 1376 ἑτι
970 1326 1064 1377 καὶ
1125 1327 1373 1395 ἀκμάζον
1414 1329 1663 1397 ἐχούσης,

87 1413 365 1483 ἀφόρητον
412 1413 530 1466 οἵαν
562 1419 654 1469 καὶ
698 1416 880 1487 δεινὴν
926 1416 1026 1486 τὴν
1096 1418 1348 1489 αἴσθησιν
1392 1424 1506 1482 τοῖς
1555 1422 1661 1474 πά·-

86 1522 308 1573 σχουσιν
335 1505 678 1575 ἐμποιοῦσιν.
707 1507 780 1560 Τὸ
802 1511 899 1578 μὲν
924 1505 1016 1562 οὖν
1045 1510 1194 1581 βῆμα
1222 1511 1513 1580 ξεομένους
1534 1514 1661 1578 τοὺς

88 1597 375 1663 μάρτυρας
409 1594 692 1664 ὲθεάτριζε
726 1597 850 1649 καθ’
893 1599 1129 1667 ἡμέραν,
1168 1597 1285 1651 εἶτα
1318 1603 1410 1653 καὶ
1444 1601 1662 1671 είρκταὶ

80 1682 276 1733 τούτου
340 1684 477 1751 μετά
503 1685 599 1746 τὰς
635 1685 847 1753 πληγὰς
878 1686 1204 1754 διεδέχοντο,
1247 1690 1493 1754 κάκωσις
1528 1691 1660 1761 άλλη

78 1772 173 1823 ἐπὶ
224 1772 465 1824 κακώσει
524 1775 619 1824 καὶ
675 1774 965 1845 προσθήκη
1002 1776 1110 1827 τῶν
1162 1776 1441 1847 λυπηρῶν.
1500 1783 1563 1831 Οἱ
1603 1782 1659 1834 δὲ

78 1861 341 1914 τοσοῦτον
402 1864 629 1932 ἀπεῖχον
686 1866 780 1917 τοῦ
844 1866 1023 1937 λύπην
1094 1870 1235 1921 αὐτὰ
1296 1874 1390 1922 καὶ
1460 1873 1657 1944 ὀδύνην

76 1951 415 2022 λογίζεσθαι,
467 1954 606 2008 ὥστε
676 1959 769 2010 καὶ
822 1959 983 2031 διπλῇ
1057 1963 1290 2033 χαίρειν,
1337 1963 1414 2033 τῷ
1467 1982 1526 2018 τε
1575 1967 1659 2021 διὰ

73 2046 319 2114 Χριστὸν
374 2049 733 2121 κολάζεσθαι,
789 2054 884 2106 καὶ
939 2055 1015 2126 τῷ
1074 2060 1140 2128 τῇ
1189 2059 1473 2130 προσθήκῃ
1553 2063 1661 2113 τῶν

74 2138 342 2209 λυπηρῶν
396 2143 717 2215 προσθήκην
777 2148 964 2210 αὐτοῖς
1009 2147 1078 2201 τά
1117 2150 1175 2201 ἐν
1218 2150 1433 2203 ἐλπίσιν
1480 2153 1660 2219 ἀγαθὰ

75 2232 358 2301 δέχεσθαι.
394 2234 505 2300 Τῆς
553 2236 808 2304 εἰκοστῆς
855 2239 910 2290 δὲ
942 2241 1043 2310 ’ήδη
1075 2244 1384 2313 ἐπιστάσης
1423 2246 1658 2317 ἡμέρας,

72 2324 414 2393 μετάκλητοι
469 2324 632 2376 πάλιν
684 2328 733 2378 οί
791 2334 1027 2396 γενναῖοι
1098 2332 1176 2403 τῷ
1225 2339 1474 2408 τυράννῳ
1529 2343 1661 2392 καθ-

76 2418 346 2475 ίστανται.
388 2422 496 2474 Καὶ
526 2424 560 2491 ή
610 2420 921 2485 καλλίνικος
960 2422 1015 2474 δὲ
1050 2428 1347 2496 συμπαρῆν
1376 2430 1657 2500 Εὑιρημέα,

74 2506 198 2563 οἷον
254 2515 504 2583 ἀστέρων
563 2515 959 2584 διαφαινόντων
1008 2516 1207 2587 σελήνη
1264 2519 1428 2585 μέσον
1479 2524 1658 2573 αὐτῶν

70 2602 365 2669 εὔκυκλος,
405 2606 570 2658 καλὸν
617 2606 739 2661 λίαν
774 2608 868 2659 καὶ
913 2605 1010 2677 ήδὺ
1047 2607 1364 2678 λάμπουσα.
1407 2611 1471 2662 Τί
1503 2608 1595 2664 οὖν
1630 2616 1657 2664 ὁ

67 2696 342 2765 τύραννος
359 2699 495 2769 πρὸς
518 2698 743 2763 αὑτούς;
764 2698 855 2762 Εἰς
876 2702 1093 2769 πεῖραν,
1122 2701 1248 2771 ἔφη,
1284 2705 1655 2768 καταστάντες

68 2784 151 2841 ῶν
194 2790 453 2843 οὐδέποτε
488 2790 554 2843 ἂν
588 2792 921 2862 πειραθῆναι
958 2792 1203 2864 ᾠήθητε,
1238 2796 1286 2846 εἰ
1321 2796 1655 2863 μεταϐεϐου-

66 2880 266 2933 λευταί
319 2897 369 2931 τι
427 2880 696 2949 σωτήριον
749 2886 844 2934 καὶ
909 2882 1189 2944 λυσιτελὲς
1251 2884 1402 2953 ὑμῖν,
1443 2887 1653 2940 εἴπατε.

68 2962 295 3023 Βέλτιον
328 2970 435 3039 γάρ
470 2971 837 3035 ἀπολιπόντας
876 2975 976 3042 τὴν
1019 2976 1257 3042 ματαίαν
1324 2978 1528 3047 ταύτην
1557 2981 1653 3049 τῆς

64 3063 233 3133 δόξης
284 3065 659 3133 καινοτομίαν,
712 3067 807 3118 καὶ
856 3064 914 3117 τὸ
966 3070 1163 3135 μόνους
1211 3073 1303 3122 ἐπὶ
1352 3073 1507 3141 κακῴ
1557 3075 1654 3143 τῆς

66 3156 214 3218 ίδίας
250 3156 395 3226 ζωῆς
426 3159 830 3228 ἀντιφέρεσθαι,
872 3159 897 3210 ὃ
934 3163 1134 3223 πάντες
1185 3163 1354 3230 δρῶσι
1384 3168 1476 3217 καὶ
1508 3167 1651 3235 ὑμᾶς
1680 3190 1723 3249 ο

62 3247 277 3319 ὁμοίως
326 3252 497 3301 ποιεῖν
546 3252 640 3301 καὶ
690 3250 1093 3319 προσελθόντας
1137 3250 1309 3307 θύειν.
1363 3254 1419 3305 Ὀ
1449 3256 1504 3307 δὲ
1554 3259 1648 3309 τοῦ

62 3343 310 3411 Χριστοῦ
330 3347 577 3411 γενναῖος
596 3347 824 3418 στρατὸς
848 3348 965 3419 ἅμα
988 3352 1054 3419 τῇ
1074 3352 1445 3422 πανευφήμῳ,
1469 3353 1649 3425 Μέχρι

58 3433 237 3499 τίνος,
274 3430 449 3502 εἷπον,
478 3430 523 3489 ῶ
546 3438 800 3511 δικαστά,
821 3441 1048 3494 σεαυτὸν
1084 3444 1326 3514 ἀπατᾷς,
1358 3448 1650 3518 ἐπιχειρῶν

60 3526 400 3596 πράγμασιν
436 3531 720 3593 ἀδυνάτοις
755 3548 769 3595 ;
820 3534 894 3583 Τὸ
921 3535 1028 3603 γὰρ
1073 3537 1220 3603 ἡμᾶς
1260 3537 1440 3588 δοκεῖν
1486 3556 1651 3606 μετα-

58 3618 305 3682 πείσειν,
339 3619 521 3687 ὂμοιόν
553 3623 669 3673 ἐστι
708 3622 784 3690 τῷ
828 3624 957 3686 τοὺς
1016 3626 1253 3695 ἀστέρας
1299 3626 1510 3680 οἴεσθαι
1548 3632 1649 3700 τῆς

56 3709 279 3771 οἰκείας
333 3709 651 3779 μεταθεῖναι
700 3716 942 3779 στάσεως
995 3716 1027 3787 ἢ
1084 3719 1336 3788 πορείας,
1395 3720 1427 3790 ἦ
1476 3721 1534 3773 ἓν
1592 3739 1648 3775 τι

60 3806 415 3874 μεταστῆσαι
437 3807 544 3858 τῶν
571 3809 864 3878 ἀκινήτων.
898 3810 1060 3862 ’Ὠστε
1089 3811 1299 3880 βέλτιον
1324 3808 1390 3884 ἦν
1419 3818 1647 3868 σεαυτὸν

64 3895 283 3964 μᾶλλον
314 3899 411 3966 τῆς
446 3898 652 3966 πλάνης
673 3900 1024 3968 μεταϐαλεῖν,
1060 3905 1153 3956 καὶ
1177 3904 1268 3957 τὸν
1301 3903 1480 3975 ἀληθῆ
1514 3903 1647 3958 Θεὸν

52 3987 388 4055 ἐπιγνῶναι,
427 3991 715 4061 οἰκονόμον
761 3992 979 4063 ἄριστον
1023 3995 1122 4065 τῆς
1173 3997 1306 4063 ἰδίας
1349 3999 1645 4068 γενόμενον

54 4083 364 4152 σωτηρίας.

133 4334 216 4390 E'.
245 4338 417 4408 Θυμῷ
446 4339 655 4393 πλείονι
679 4341 706 4392 6
741 4341 983 4412 Πρίσκος
1022 4344 1406 4412 κατασχεθεὶς,
1443 4348 1642 4401 σκύτε-

51 4446 150 4482 σιν
174 4430 349 4499 ὠμοίς
378 4431 589 4484 κελεύει
607 4435 674 4485 τα
698 4434 806 4483 τῶν
830 4436 1000 4501 ἁγίων
1018 4436 1318 4491 τύπτεσθαι
1344 4442 1639 4509 πρόσωπα,

1779 604 1894 645 1³118.

1848 683 1938 739 IV.
1977 688 2057 743 Ad
2104 689 2239 744 iram
2276 698 2563 763 tyrannum
2611 700 2869 755 accendit
2920 702 3036 759 haec
3071 708 3269 776 oratio,
3302 722 3358 767 et

1776 778 1962 830 statim
1996 782 2286 837 tormentis
2307 785 2541 855 subjecti
2562 787 2713 845 fuere
2743 803 3033 865 martyres.
3061 798 3356 857 Tormenta

1776 876 1956 921 autem
2013 870 2240 927 fuerunt
2287 891 2397 929 non
2460 895 2640 947 parva,
2696 898 2873 952 neque
2902 903 3070 955 parvo
3110 901 3355 962 tempore

1775 955 2069 1024 durarunt,
2110 963 2206 1017 sed
2235 964 2300 1017 ad
2328 971 2705 1025 novemdecim
2732 973 2849 1029 dies
2887 976 3040 1032 fuere
3068 981 3351 1050 producta.

1776 1044 1973 1103 Sciunt
2024 1061 2209 1107 autem
2256 1057 2507 1124 omnino,
2544 1062 2857 1134 quicunque
2897 1082 3079 1122 rerum
3129 1085 3355 1141 aspera-

1773 1153 1894 1192 rum
1943 1150 2001 1194 et
2048 1143 2287 1199 tristium
2337 1146 2547 1205 faciunt
2601 1154 2927 1223 periculum,
2980 1161 3125 1230 quod
3182 1164 3354 1235 plagis

1774 1236 2025 1302 corporis
2058 1251 2249 1293 rursus
2283 1242 2609 1301 accedentes
2648 1247 2786 1313 aliae,
2831 1265 2959 1306 cum
3013 1254 3166 1324 prior
3200 1257 3355 1312 dolor

1773 1324 2019 1380 nomium
2079 1333 2435 1399 emarcuerit,
2464 1336 2558 1391 sed
2581 1338 2653 1392 sit
2688 1340 2866 1398 adhuc
2902 1343 2958 1397 in
2993 1346 3108 1414 ipso
3141 1348 3349 1418 vigore,

1772 1414 1841 1469 iis
1877 1420 1971 1487 qui
2009 1423 2314 1491 patiuntur,
2346 1425 2590 1484 etIiciunt
2619 1446 2842 1501 gravem
2872 1449 3098 1491 sensum
3129 1449 3183 1493 et
3202 1414 3352 1497 into?-

1770 1508 2074 1568 lerabilem.
2130 1514 2308 1584 Atque
2339 1518 2575 1574 tribunal
2640 1523 2864 1591 quidem
2929 1536 3217 1599 martyres,
3259 1532 3353 1599 qui

1768 1602 2143 1670 credebantur,
2186 1610 2524 1676 producebat
2572 1615 2842 1682 quotidie,
2892 1618 3063 1673 veluti
3107 1620 3160 1674 in
3199 1623 3355 1678 thea-

1772 1701 1935 1749 trum.
1996 1689 2204 1753 Deinde
2234 1710 2359 1769 post
2392 1704 2577 1775 plagas
2615 1719 2710 1761 eos
2740 1722 2959 1777 quoque
2999 1709 3351 1781 excipiebant

1771 1802 2037 1853 carceres,
2073 1791 2180 1846 alia
2221 1793 2439 1851 atllictio
2476 1797 2747 1853 accedens
2784 1800 3091 1867 aﬂlictioni,
3154 1815 3207 1859 et
3246 1806 3350 1861 do-

1772 1876 1946 1931 iorum
2005 1880 2462 1939 additamentum.
2517 1886 2753 1943 Tantum
2812 1900 2995 1946 autem
3044 1894 3249 1959 aberat,
3289 1907 3349 1951 ut

1767 1966 1842 2019 illi
1883 1983 1946 2021 ca
1970 1971 2213 2026 dolorem
2240 1976 2621 2033 existimarent
2648 1988 2701 2033 et
2734 1981 3068 2050 molestiam,
3106 1986 3346 2041 utetiam

1764 2060 2066 2128 gauderent
2122 2064 2439 2134 dupliciter,
2485 2077 2541 2122 et
2588 2072 2730 2139 quod
2791 2086 3017 2143 propter
3066 2074 3345 2132 Christum

1763 2151 2114 2219 punirentur,
2167 2165 2222 2210 et
2274 2160 2419 2228 quod
2448 2170 2671 2230 propter
2734 2178 2923 2218 rerum
2990 2168 3345 2224 molestarum

1762 2255 2116 2311 augmentum
2152 2249 2293 2304 bona
2349 2267 2568 2322 quoque
2602 2271 2725 2325 quae
2753 2267 2913 2312 erant
2975 2258 3037 2317 in
3074 2275 3193 2330 spe,
3250 2278 3346 2318 ac-

1764 2336 2068 2392 cessionem
2092 2339 2431 2407 acciperent.
2461 2344 2728 2412 Cumjam
2766 2355 2949 2400 autem
2978 2347 3093 2402 dies
3129 2349 3348 2405 adesset

1766 2429 2079 2495 vicesimus,
2113 2446 2141 2484 a
2180 2444 2409 2503 tyranno
2444 2451 2635 2491 rursus
2668 2437 2771 2491 viri
2811 2450 3176 2494 accersuntur
3203 2457 3343 2512 pra:-

1760 2519 1915 2580 clari,
1951 2536 2082 2574 cum
2117 2524 2316 2591 quibus
2352 2527 2586 2595 gloriosa
2619 2543 2834 2597 quoque
2894 2531 3085 2585 aderat
3119 2533 3341 2603 Euphe-

1760 2609 1888 2671 mia,
1927 2610 2093 2664 veluti
2135 2615 2189 2666 in
2237 2617 2423 2669 medio
2470 2618 2750 2675 stellarum
2818 2621 2947 2677 luna
3022 2632 3140 2679 toto
3207 2627 3343 2682 orbe

1761 2698 1944 2767 plena,
1968 2700 2197 2770 pulchre
2226 2713 2281 2758 et
2310 2705 2712 2773 jucundissime
2749 2713 3132 2780 resplendeus.
3191 2716 3341 2781 Quid

1760 2806 1887 2863 ergo
1929 2793 2008 2847 eis
2048 2804 2305 2865 tyrannus
2337 2797 2359 2850 ?
2394 2797 2489 2862 Ea,
2521 2799 2716 2870 inquit,
2771 2805 3013 2874 experti,
3042 2821 3162 2876 quae
3196 2823 3341 2862 nun-

1761 2899 1926 2951 quam
1965 2889 2200 2955 putastis
2264 2889 2381 2944 fore
2435 2905 2492 2945 ut
2538 2894 2951 2962 experiremiui,
3011 2912 3077 2951 an
3118 2899 3337 2969 aliquod

1763 2979 2001 3032 salutare
2034 2990 2089 3033 et
2126 2982 2278 3035 vobis
2308 2984 2440 3037 utile
2490 2986 2777 3040 consilium
2811 2991 3090 3057 ceperitis,
3146 2992 3335 3050 dicite.

1759 3071 1944 3127 Satius
1980 3080 2063 3126 est
2090 3074 2260 3139 enim,
2293 3082 2352 3127 ut
2384 3074 2574 3129 relicta
2604 3078 2706 3133 bac
2731 3093 2869 3134 vana
2892 3090 2945 3134 et
2974 3097 3115 3137 nova
3151 3086 3336 3156 gloriae

1758 3164 2085 3235 cupiditate,
2129 3177 2185 3221 et
2243 3167 2524 3223 mittentes
2594 3171 2695 3225 soli
2752 3181 2948 3227 Vestrae
3020 3176 3142 3231 vita:
3196 3179 3336 3233 malo

1757 3263 1943 3309 vestro
1995 3271 2321 3325 repugnare,
2383 3259 2530 3327 quod
2583 3276 2775 3317 omnes
2823 3262 3053 3333 faciunt,
3110 3267 3163 3322 id
3234 3286 3333 3324 vos

1754 3360 1971 3415 quoque
1996 3344 2234 3409 faciatis,
2268 3356 2324 3402 et
2351 3349 2677 3404 accedentes
2737 3355 3078 3410 sacrificetis.
3128 3358 3335 3416 Christi

1756 3450 1939 3493 autem
1971 3437 2130 3493 fortis
2159 3440 2435 3495 exercitus
2493 3442 2659 3498 simul
2708 3460 2833 3501 cum
2880 3447 3172 3508 benedicta
3218 3455 3333 3511 Eu-

1752 3532 1973 3600 phemia
2008 3550 2021 3585 ι
2065 3530 2385 3602 Quousque,
2421 3534 2679 3590 dixerunt
2710 3576 2726 3603 ,
2762 3553 2795 3592 ο
2848 3538 3039 3607 judex,
3099 3546 3333 3614 teipsum

1752 3623 1984 3691 decipis,
2022 3638 2111 3677 res
2158 3625 2507 3693 aggrediens,
2572 3643 2695 3697 quae
2732 3645 2843 3684 non
2903 3644 3133 3701 possunt
3166 3638 3332 3693 fieri?

1752 3715 1953 3769 Putare
1978 3715 2122 3770 enim
2152 3732 2317 3786 posse
2352 3726 2403 3771 te
2434 3733 2535 3772 nos
2563 3734 2593 3772 a
2630 3724 2817 3774 nostra
2853 3724 3141 3781 traducere
3198 3745 3330 3785 sen-

1754 3807 1923 3861 tentia
1976 3808 2203 3876 perinde
2226 3819 2327 3873 est,
2360 3824 2424 3863 ac
2456 3810 2499 3863 si
2547 3821 2708 3881 putes
2746 3828 2907 3885 posse
2967 3825 3018 3871 te
3060 3821 3332 3877 rransmo~

1750 3913 1879 3951 vere
1904 3900 2092 3952 stellas
2126 3915 2154 3952 a
2188 3915 2284 3955 sua
2318 3902 2561 3957 statione
2587 3905 2666 3959 vel
2712 3908 2975 3971 motione,
3024 3922 3124 3964 aut
3151 3923 3333 3967 trans-

1750 3986 1893 4042 ferre
1924 3988 2129 4059 aliquid
2158 3989 2310 4046 exiis
2331 4005 2447 4058 quae
2467 4001 2595 4044 sunt
2620 3994 2939 4049 immobilia.
2960 3996 3326 4063 Quamobrem

1749 4081 1921 4136 satius
1955 4091 2058 4145 est,
2084 4091 2202 4137 uta
2243 4090 2337 4138 tuo
2381 4098 2581 4138 errore
2626 4090 2986 4154 convertaris,
3040 4101 3094 4145 et
3140 4110 3327 4149 verum

1752 4172 1921 4227 Deum
1946 4188 2233 4245 agnoscas,
2257 4174 2352 4243 qui
2384 4174 2486 4230 fuit
2521 4185 2625 4231 luce
2667 4179 2863 4237 salutis
2926 4183 3166 4251 optimus
3210 4187 3325 4240 dis-

1749 4274 2025 4332 pensator.
2948 4325 2955 4332 .

1826 4354 1888 4409 V.
1925 4356 2121 4425 Majori
2156 4358 2231 4411 ira
2252 4358 2496 4427 percitus
2526 4360 2764 4427 Priscus,
2793 4362 2950 4431 jubet
2972 4368 3157 4421 crudis
3190 4368 3325 4424 loris

1750 4447 1899 4501 feriri
1948 4448 2132 4503 vultus
2193 4462 2535 4516 sanctorum,
2594 4467 2693 4518 pro
2749 4454 2905 4509 bonis
2947 4458 3130 4516 verbis
3183 4462 3323 4515 mala

56 4520 268 4589 λόγους
321 4520 561 4590 ἀγαθοὺς
619 4527 875 4593 πονηροῖς
938 4526 1122 4596 ἔργοις
1196 4530 1562 4600 ἀμειϐόμενος
1613 4536 1640 4586 6

1757 4542 1891 4594 iacta
1945 4540 2253 4610 rependens
2290 4544 2543 4600 stolidus.
2600 4546 2679 4599 Illi
2724 4556 2909 4602 autem
2972 4549 3074 4606 boc
3107 4569 3324 4622 quoque

48 4616 315 4687 ἀνόητος.
345 4618 408 4668 Ol
430 4616 506 4681 δὲ,
536 4617 744 4689 καὶτὴν
775 4620 969 4690 καινὴν
996 4620 1202 4693 ταύτην
1221 4623 1480 4694 ἀνδρείως
1509 4626 1641 4679 ὐπο-

44 4707 327 4778 φέροντες
390 4708 660 4777 βάσανον,
728 4711 1098 4784 λαμπρότεροι
1144 4714 1243 4777 τὰς
1294 4715 1445 4784 ὄψεις
1486 4718 1642 4770 ιὲδεί-

42 4816 284 4863 κνυντο,
322 4800 416 4855 τοῦ
450 4801 680 4869 αἵματος
727 4802 826 4871 μὲν
869 4804 970 4871 τῆς
1011 4805 1213 4872 σαρκὸς
1250 4807 1637 4877 ἀπορρέοντος,

45 4892 167 4962 ’τῆς
198 4894 546 4963 Δημιουργοῦ
570 4895 624 4947 δὲ
649 4894 871 4965 χάριτος
900 4897 1301 4969 ἐξωραῖξούσης
1323 4900 1359 4954 ἃ
1386 4901 1639 4955 διέπλασε

42 4985 359 5055 πρόσωπα.
390 4984 453 5037 Οἱ
496 4986 852 5053 μαστίζοντες
881 4987 937 5039 δὲ
968 4990 1279 5042 τούναντίον
1330 4993 1640 5059 ἀπαγορεύ-

44 5092 284 5140 σαντες,
327 5075 624 5145 ἡμιθνῆτες
674 5081 754 5141 εὶς
784 5080 881 5148 τὴν
926 5080 1030 5149 γῆν
1077 5082 1439 5138 κατέπιπτον..
1479 5085 1641 5140 Ἀλλά

37 5172 190 5233 τοὺς
225 5174 321 5239 μὲν
341 5170 534 5233 ἀλλους
557 5169 746 5237 ἀγίους
766 5172 1014 5226 κελεύσει
1053 5175 1213 5228 πάλιν
1237 5176 1331 5227 τοῦ
1361 5177 1635 5245 δικαστοῦ,

40 5262 487 5334 ⁸παραλαμϐάνει
520 5264 581 5315 τὸ
618 5264 993 5333 δικαστήριον,
1031 5268 1133 5331 ἕως
1166 5270 1364 5333 αὐτοὺς
1411 5270 1640 5341 Διοκλη-

37 5355 235 5426 τιανῷ
266 5354 658 5424 παραπέμψει·
692 5354 836 5408 οὕτω
866 5356 973 5426 γὰρ
1020 5359 1373 5424 Ἀπελλιανδς
1409 5363 1638 5432 εἰσηγήο

44 5467 244 5505 σατο·
292 5453 326 5521 ή
379 5450 738 5520 πανεύφημος
793 5451 847 5504 δὲ
899 5451 1005 5521 πρὸ
1054 5450 1150 5504 τοῦ
1197 5451 1447 5523 βήματος
1484 5455 1634 5525 αὐτῷ

40 5543 394 5613 ’παρίσταται
463 5542 601 5614 μόνη
682 5542 840 5614 (ᾤετο
897 5544 1005 5613 γὰρ
1094 5546 1430 5614 μονωθεῖσαν
1493 5545 1636 5599 οὓτω

40 5636 262 5713 ῥᾳδίως
302 5634 727 5704 ὑπαγαγέσθαι).
774 5635 1077 5703 Ἐγγύτατα
1104 5636 1196 5689 οὖν
1226 5640 1430 5706 ταύτην
1460 5657 1637 5710 παρα-

36 5730 424 5801 στησάμενος,
455 5729 542 5782 ἵνα
562 5732 655 5784 καὶ
678 5729 850 5801 βλέψῃ
879 5733 996 5794 ταῖς
1014 5730 1342 5798 οίκειώσεσι,
1372 5735 1634 5805 Πείσθητί

42 5847 177 5899 μοι,
209 5827 383 5895 ἔλεγε,
411 5823 479 5877 τὰ
510 5825 708 5896 ἄριστά
743 5842 821 5879 σοι
864 5826 1311 5897 συμϐουλεύοντι,
1345 5828 1625 5903 Εὐφημία,

1746 4644 1954 4683 novum
2027 4629 2243 4682 fortiter
2290 4631 2529 4686 ferentes
2598 4644 2953 4703 tormentum,
3032 4654 3325 4697 evaserunt

1746 4721 1886 4778 facie
1920 4721 2311 4789 splendidiore,
2347 4726 2613 4796 sanguine
2664 4728 2883 4796 quidem
2938 4746 2969 4785 e
3012 4746 3179 4789 carne
3229 4735 3324 4790 de-

1745 4811 1971 4876 ﬂuente,
2033 4811 2255 4883 Opificis
2285 4828 2465 4871 autem
2493 4819 2663 4888 gratia
2690 4821 2958 4877 reddente
2985 4825 3242 4893 pulchros
3264 4837 3320 4882 et

1744 4906 2021 4975 elegantes
2044 4921 2139 4959 eos
2168 4906 2371 4971 vultus,
2400 4924 2536 4977 quos
2561 4910 2861 4965 effinxerat.
2882 4913 3083 4969 Contra
3111 4927 3317 4985 autem,

1743 4996 1834 5066 qui
1877 4996 2219 5067 ﬂagellabant
2254 4997 2478 5063 defessi,
2520 5000 2840 5059 ceciderunt
2872 5002 2927 5057 in
2988 5014 3188 5063 terram
3228 5023 3319 5065 se-

1744 5089 2043 5144 mimortui.
2099 5088 2205 5144 Sed
2252 5090 2341 5145 alii
2390 5093 2611 5162 quidem
2676 5096 2850 5151 sancti
2905 5099 3059 5166 jussu
3119 5101 3319 5171 judicis

1745 5196 1935 5235 rursus
1982 5184 2353 5252 conjiciuntur
2390 5185 2447 5238 in
2481 5200 2784 5254 carcerem,
2808 5190 2985 5245 donec
3011 5208 3106 5249 eos
3140 5203 3318 5251 trans-

1742 5274 1983 5328 mitteret
2041 5274 2106 5327 ad
2148 5273 2545 5331 Diocletianum
2604 5279 2705 5348 (sic
2753 5280 2898 5336 enim
2953 5286 3317 5343 constituerat

1740 5363 2143 5434 Appellianus),
2175 5364 2465 5421 benedicta
2512 5378 2694 5423 autem
2744 5382 2869 5426 ante
2926 5376 3165 5433 tribunal
3195 5379 3316 5448 ejus

1740 5460 1919 5512 stabat
1949 5458 2252 5527 Eupliemia
2289 5478 2303 5526 ;
2337 5461 2686 5519 existimabat
2722 5464 2870 5520 enim
2903 5465 3039 5533 fore,
3095 5481 3153 5525 ut
3197 5475 3311 5529 sola

1740 5552 1822 5606 sic
1852 5549 2010 5603 facile
2045 5551 2419 5607 induceretur.
2470 5552 2605 5607 Cum
2638 5554 2820 5625 itaque
2858 5569 3130 5625 curasset,
3154 5572 3213 5618 ut
3246 5580 3311 5619 ea

1739 5642 1986 5713 proxime
2018 5644 2329 5706 sisteretur,
2366 5654 2425 5698 ut
2447 5660 2505 5698 se
2564 5645 2935 5703 familiaritate
2992 5654 3163 5723 magis
3212 5656 3304 5708 in-

1739 5739 1984 5790 sinuaret
2012 5754 2025 5790 :
2049 5736 2219 5791 Crede
2242 5737 2394 5799 mihi,
2417 5737 2613 5803 aiebat,
2643 5740 2735 5791 libi
2762 5744 2966 5808 optime
2984 5746 3312 5816 consulenti,

1747 5845 1780 5885 o
1814 5828 2141 5899 Euphemia,
2178 5838 2236 5885 et
2263 5832 2535 5887 accedens
2574 5847 2769 5905 magno
2807 5836 2905 5889 deo
2937 5834 3090 5893 Marti
3141 5844 3314 5897 sacri-
