4156 6314
758 366 866 432 719

1967 368 2247 430 MENSIS
2287 364 2763 427 SEPTEMBER.
3313 381 3315 384 ‘
3918 345 4012 408 7Ξῦ

761 485 863 540 (ica
898 502 911 546 ;
946 500 1070 540 nam
1113 486 1195 542 sic
1232 486 1456 558 quidem
1495 497 1552 542 et
1605 484 1930 544 liberaberis
1990 486 2058 542 ab
2088 484 2342 541 omnibus

2449 482 2543 536 xui.
2559 477 2937 551 προσελθοῦσα
2960 475 3036 546 τῷ
3063 473 3287 544 μεγάλῳ
3307 470 3414 540 θεῷ
3438 470 3501 523 Ἀ
3513 486 3618 540 ρει,
3647 463 3816 518 θῦσον
3883 463 4014 514 οὕτω

761 576 1044 641 molestiis,
1091 578 1230 632 citra
1301 579 1545 634 laborem
1603 592 1787 634 autem
1843 577 2168 639 lucraberis,
2220 590 2341 646 qua

762 679 890 724 sunt
923 670 1161 727 maxime
1197 673 1458 742 optanda,
1527 688 1728 742 nempe
1782 681 1841 727 ut
1893 681 1949 726 et
1992 670 2220 736 divitiis,
2286 679 2342 725 et

760 760 930 830 gloria
967 763 1217 832 petiaris,
1255 773 1312 818 et
1349 779 1479 835 ags
1508 763 1767 834 deinceps
1825 762 1994 816 vitam
2035 761 2252 817 beatam
2289 767 2343 814 et

761 853 1001 911 felicem.
1034 854 1246 911 Christi
1269 865 1454 911 autem
1502 866 1704 927 martyr
1739 873 1753 912 :
1793 855 2072 911 Mulierem
2123 855 2342 922 quidem

762 943 976 1010 videns,
1027 962 1061 1000 ο
1089 947 1275 1018 judex,
1344 947 1541 1017 inquit,
1596 959 1755 1018 putas
1803 962 1964 1018 posse
2002 945 2158 1000 facile
2191 945 2343 1001 deci-

763 1051 940 1106 pere:
975 1036 1184 1093 videbis
1233 1053 1364 1093 vero
1421 1053 1505 1093 me
1561 1055 1670 1094 non
1721 1054 1867 1102 esse,
1927 1045 1987 1092 ut
2037 1037 2342 1103 existimas,

763 1131 1048 1185 mulierem
1077 1131 1185 1186 tuis
1216 1131 1427 1188 insidiis
1458 1132 1786 1202 expositam.
1816 1128 2048 1184 Confido
2094 1129 2238 1183 enim
2288 1127 2343 1183 in

761 1222 1064 1288 Christum,
1109 1224 1256 1293 quod
1295 1224 1623 1296 adjutricem
1668 1222 1880 1277 habens
1929 1221 2181 1276 invictam
2225 1219 2345 1291 ejus

763 1315 1067 1380 dexteram,
1128 1325 1248 1371 tuas
1297 1317 1524 1371 callidas
1563 1315 1830 1385 superabo
1890 1314 2135 1369 insidias.
2189 1312 2344 1368 Post-

760 1423 924 1479 quam
968 1424 1097 1479 ergo
1127 1412 1208 1464 sic
1268 1424 1534 1479 responso
1589 1409 1768 1462 victus
1813 1407 1916 1462 fuit
1949 1419 2233 1478 tyrannus,
2289 1414 2345 1460 et

760 1499 855 1570 qui
905 1500 1020 1555 solo
1053 1513 1274 1570 aspectu
1342 1499 1569 1571 "putabat
1604 1514 1664 1554 se
1717 1514 1880 1570 posse
1931 1499 2077 1564 quod
2130 1497 2345 1553 volebat

759 1590 997 1654 efficere,
1051 1591 1120 1646 ab
1163 1607 1269 1646 una
1322 1592 1781 1648 contemnebatur
1837 1590 2062 1654 femina,
2134 1589 2344 1658 pudore

761 1685 983 1754 quidem
1007 1683 1110 1739 fuit
1144 1684 1419 1740 affectus:
1471 1685 1646 1755 pudor
1711 1695 1891 1738 autem
1951 1681 2122 1737 movit
2181 1682 2339 1735 iram.

765 1774 876 1830 Res
925 1784 1008 1830 est
1062 1777 1207 1829 enim
1245 1777 1515 1844 ejusmodi
1564 1775 1937 1846 supercilium,
1975 1774 2060 1827 cui
2114 1773 2344 1827 accessit

2447 575 2540 627 καὶ
2568 573 2719 626 ἔσται
2748 588 2829 624 σοι
2858 568 2967 622 τῶν
3002 567 3101 638 μὲν
3143 564 3409 634 λυπηρῶν
3437 560 3747 628 ἀποστῆναι
3781 556 4010 619 πάντων,

2444 664 2707 735 κερδῆσαι
2751 662 2812 716 δὲ
2850 661 3091 721 ’ἀπόνως
3139 657 3208 712 τὰ
3260 657 3646 714 εὐκταιότατα,
3702 650 3845 717 ὅπερ
3911 647 4018 699 ἐστῖ

2444 753 2679 807 πλούτου
2729 769 2788 805 τε
2835 750 2930 804 καὶ
2979 749 3140 818 δόξης
3191 743 3527 807 ἀπολαῦσαι,
3586 740 3683 793 καὶ
3726 740 3788 789 τὸ
3839 736 4019 788 λοιπὸν

2444 849 2738 920 εὐδαίμονα
2789 845 2957 915 ζῆσαι
3005 843 3100 896 καὶ
3157 839 3436 911 μακαρίαν
3489 836 3661 904 ζωήν.
3709 831 3776 884 Ἦ
3848 822 4015 920 6:510;-

2443 917 2684 1016 Χριστοῦ
2712 942 2946 1012 μάρτυς,
2985 939 3227 991 Γυναῖκα
3280 934 3398 1004 μὲν,
3446 927 3619 994 εἶπεν,
3654 927 3823 998 ὁρῶν,
3864 917 3908 975 ῶ
3953 924 4016 974 δι-

2445 1015 2642 1102 καστὰ,
2693 1037 2795 1090 eiet
2851 1032 3158 1105 προχείρως
3208 1028 3353 1100 ἡμᾶς
3396 1025 3613 1095 ἀπατᾷν
3641 1038 3653 1051 ·
3690 1021 3817 1089 ὄψει
3867 1018 3921 1070 δὲ
3965 1015 4017 1066 οὐ

2445 1133 2587 1188 κατὰ
2620 1131 2858 1200 γυναῖκα
2903 1126 3041 1198 πρὸς
3077 1126 3178 1185 τὰς
3218 1122 3313 1184 σὰς
3358 1119 3584 1188 ἐνέδρας
3616 1112 3978 1182 διακειμένην
4003 1123 4014 1138 '

2446 1224 2684 1278 πέποιθα
2736 1221 2844 1291 γὰρ
2892 1220 2972 1280 είς
3025 1217 3263 1288 Χριστὸν
3317 1214 3403 1266 ὅτι
3458 1209 3651 1281 βοηθὸν
3709 1205 3880 1260 αὐτοῦ
3932 1203 4018 1272 τὴν

2446 1318 2661 1388 ἄμαχον
2706 1313 3068 1382 πλουτήσασα
3116 1307 3319 1371 δεξιὰν,
3384 1303 3655 1374 κρείττων
3708 1299 4018 1367 ὀφθήσομαί

2447 1427 2542 1463 σου
2574 1409 2683 1461 τῶν
2713 1405 3063 1473 κακοτέχνων
3103 1399 3432 1454 ἐπιϐουλῶν.
3474 1397 3562 1459 Ὠς
3599 1392 3693 1448 οὖν
3731 1391 3881 1444 οὕτω
3916 1392 4020 1448 ταῖς

2447 1501 2807 1573 ἀποκρίσεσιν
2847 1496 3057 1569 ἡττήθη
3107 1497 3134 1547 ό
3183 1493 3470 1561 τύραννος,
3515 1487 3611 1541 καὶ
3662 1487 3692 1538 ὁ
3752 1482 4021 1552 βλέμματι

2449 1600 2594 1668 μόνῳ
2630 1596 2810 1666 πλήθη
2839 1592 3025 1662 φοϐεῖν
3059 1590 3306 1658 οίόμενος
3339 1585 3441 1637 ὑπὸ
3466 1580 3732 1650 γυναικδς
3758 1591 4023 1668 κατεφροέ

2447 1667 2589 1746 νεϊτο
2618 1692 2768 1759 μιᾶς,
2806 1689 3041 1757 αίσχύνη
3072 1685 3170 1753 μὲν
3205 1681 3367 1734 αὑτὸν
3410 1673 3554 1746 εἶχεν
3584 1692 3598 1704 ·
3633 1674 3666 1742 ἡ
3706 1669 3946 1737 αἰσχύνη
3978 1667 4024 1717 Et

2447 1785 2541 1837 τὸν
2588 1781 2764 1851 θυμὸν
2816 1779 3024 1831 ἰκίνει·
3086 1772 3330 1827 τοιοῦτον
3381 1770 3490 1838 γὰρ
3536 1765 3712 1834 despice
3781 1761 4027 1825 ἐξουσίας

764 1877 1033 1939 potestas.
1065 1867 1273 1923 Deinde
1309 1868 1537 1938 perinde
1566 1883 1630 1924 ac
1666 1883 1729 1922 ea
1777 1882 1899 1936 quae
1929 1871 2343 1935 praecesserant,

2451 1874 2854 1945 έπειλημμένη.
2889 1868 3004 1924 Εἶθ’
3027 1869 3212 1937 ῶσπερ
3234 1864 3331 1926 τὰς
3357 1859 3737 1932 προ).α6ούσας
3765 1855 4028 1924 βασάνους

765 1967 1040 2015 tormenta
1067 1975 1233 2031 parva
1266 1969 1416 2014 esset
1449 1959 1770 2024 arbitratus,
1812 1967 1870 2013 et
1897 1973 2019 2028 quae
2062 1947 2347 2026 imponere

764 2067 875 2107 non
919 2060 1148 2122 possent
1173 2052 1584 2115 necessitatem,
1642 2067 1785 2106 nova
1839 2049 2168 2121 excogitavit
2223 2062 2237 2100 :
2292 2054 2346 2100 et

761 2144 922 2213 jubet
986 2143 1232 2198 construi
1287 2152 1435 2198 rotas
1497 2143 1757 2198 inauditis
1823 2142 2144 2212 quibusdam
2229 2153 2346 2191 ma-

764 2237 969 2300 chinis,
1019 2252 1140 2307 qua:
1184 2250 1381 2291 carnes
1443 2251 1715 2306 premere,
1757 2243 1812 2292 et
1859 2237 1925 2289 ab
1977 2234 2194 2289 ossibus
2250 2245 2346 2284 ex-

766 2331 1030 2401 primere,
1093 2340 1150 2382 et
1193 2328 1308 2396 ipsa
1365 2328 1712 2397 confringere
1775 2335 2002 2396 possent
2062 2324 2348 2378 violentis-

764 2423 924 2486 sime,
970 2428 1028 2476 et
1093 2421 1151 2474 in
1215 2434 1310 2475 eas
1376 2419 1840 2491 sapientissimam
1909 2417 2059 2489 injici
2123 2417 2347 2486 Euphe-

765 2514 952 2569 miam.

839 2604 932 2661 Vl.
963 2607 1256 2676 Postquam
1282 2616 1465 2662 autem
1503 2605 1638 2677 ipsa:
1674 2603 1941 2659 machinae
1987 2604 2136 2660 dicto
2185 2605 2347 2661 citius

768 2697 996 2752 fuerunt
1028 2707 1382 2764 constructae,
1409 2708 1463 2754 et
1498 2710 1704 2770 martyr
1746 2699 1798 2751 in
1831 2712 1923 2751 eas
1951 2705 2071 2751 erat
2095 2697 2349 2766 injicien-

763 2792 854 2857 da,
918 2792 1118 2848 validis
1167 2794 1431 2847 continuo
1470 2793 1524 2845 in
1552 2807 1611 2845 se
1651 2791 1857 2860 paratis
1915 2790 2105 2863 armis,
2153 2804 2348 2860 nempe

764 2881 949 2937 divina
983 2882 1163 2938 crucis
1199 2881 1369 2954 ﬁgura
1404 2896 1468 2937 ac
1499 2898 1562 2937 ea
1616 2883 1850 2954 signata,
1884 2891 2002 2947 aut,
2063 2892 2121 2935 ut
2153 2882 2348 2936 melius

770 2975 975 3039 dicam,
1009 2976 1243 3041 munita,
1291 2976 1556 3029 adversus
1593 2986 1742 3028 rotas
1803 2974 2092 3044 processit,
2143 2974 2346 3028 nullam

767 3067 992 3136 quidem
1032 3068 1191 3121 vultu
1231 3067 1531 3120 ostendens
1577 3065 1873 3129 tristitiam,
1907 3069 2000 3119 sed
2058 3082 2250 3121 severo
2292 3076 2350 3120 et

766 3159 1007 3212 honesto
1063 3156 1238 3217 vultu.
1284 3156 1569 3227 Deumque
1633 3155 1984 3221 benedicens,
2048 3165 2102 3210 et
2160 3164 2349 3226 aperte

765 3249 1062 3304 ostendens
1082 3265 1139 3304 se
1163 3249 1229 3304 iis
1256 3265 1383 3319 quae
1405 3265 1503 3319 pro
1534 3249 1652 3320 ipso
1682 3249 2013 3319 patiebatur,
2050 3251 2343 3305 admodum

769 3341 1026 3412 gaudere.
1067 3340 1209 3407 Quin
1241 3342 1408 3396 etiam
1437 3343 1726 3411 proferens
1755 3341 1962 3410 aliquid
2016 3357 2343 3412 generosum

766 3442 821 3487 et
843 3433 997 3487 valde
1024 3432 1247 3504 dignum
1282 3434 1402 3502 ejus
1430 3434 1670 3488 candore
1704 3450 1720 3487 :
1753 3432 1887 3486 Tute
1917 3442 2069 3497 rotat,
2099 3434 2339 3499 dicebat,

763 3539 797 3581 ο
815 3527 1064 3597 tyranne,
1088 3535 1143 3579 et
1177 3526 1260 3580 ha:
1291 3525 1590 3581 imbecilla:
1644 3534 1749 3579 tute
1775 3524 2212 3581 machinationes
2232 3541 2346 3581 ma-

757 3617 852 3686 jus
881 3617 1016 3671 mihi
1041 3617 1351 3672 accendunt
1393 3617 1596 3672 Christi
1654 3617 2009 3673 desiderium.
2063 3618 2187 3674 Haec
2249 3634 2347 3674 au-

766 3710 981 3764 dientes
1013 3709 1274 3774 ministri,
1325 3719 1472 3765 rotas
1527 3709 1844 3776 versabant,
1878 3726 2040 3780 quam
2097 3721 2347 3780 poterant

763 3802 1084 3867 fortissime,
1116 3802 1422 3871 graviorem
1464 3816 1690 3855 sensum
1712 3802 1916 3856 doloris
1950 3801 2175 3871 martyri
2210 3801 2344 3856 affe-

764 3902 974 3945 rentes.
1027 3891 1399 3957 Quamobrem
1439 3895 1558 3963 ejus
1594 3892 1813 3963 quidem
1853 3893 2099 3948 membra
2140 3903 2194 3947 et
2223 3908 2347 3964 par-

766 3991 847 4036 tes
888 3983 1396 4054 confringebantur,
1452 3986 2038 4057 etdisrumpebantur,
2083 3996 2139 4043 et
2169 3987 2345 4042 divel-

765 4074 1021 4130 iebantur
1059 4090 1253 4130 omnes
1278 4089 1606 4146 compages;
1638 4093 1796 4131 mens
1840 4088 2019 4132 autem
2048 4094 2158 4132 non
2215 4081 2345 4135 abs-

777 4166 1006 4224 cedebat
1074 4184 1103 4222 a
1158 4169 1396 4234 Christo,
1432 4171 1527 4225 sed
1580 4169 1634 4223 in
1663 4171 1862 4225 caelum
1904 4170 2102 4225 tollens
2136 4175 2344 4237 oculos,

771 4260 915 4314 unde
956 4275 1014 4316 se
1038 4260 1279 4331 speravit
1306 4260 1620 4315 habituram
1654 4261 1915 4315 auxilium
1950 4278 1964 4314 :
1995 4263 2224 4319 Domine
2249 4265 2344 4331 mi,

767 4351 1061 4420 clamabat,
1114 4353 1245 4407 Jesu
1277 4351 1518 4420 Christe,
1568 4354 1765 4408 anima:
1813 4369 1948 4410 meae
1996 4355 2342 4424 illuminatio,

768 4442 895 4498 fons
936 4444 1085 4506 vitae,
1112 4443 1204 4512 qui
1231 4444 1329 4499 das
1362 4444 1594 4499 salutem
1622 4444 1725 4510 eis,
1756 4445 1851 4513 qui
1881 4445 1936 4498 in
1963 4457 2018 4500 te
2037 4445 2343 4515 confidunt,

2454 1971 2657 2043 μικρὰς
2708 1964 2850 2021 εἶναι
2901 1964 3130 2034 νομίσας
3189 1961 3284 2014 καὶ
3340 1957 3586 2026 ἀνάγκην
3637 1950 3922 2004 ἐπιθεῖναι
3965 1946 4029 2043 μὴ

2447 2041 2771 2133 δυναμένας,
2834 2058 3028 2119 καινὰς
3087 2053 3328 2114 ὶπενόει,
3364 2051 3459 2103 καὶ
3530 2046 3752 2100 κελεύει
3804 2041 4033 2112 τροχοὺς

2445 2158 2627 2224 ξέναις
2685 2156 2797 2209 τισὶ
2859 2150 3130 2223 μηχαναῖς
3204 2141 3755 2207 κατασκευασθῆναι,
3819 2134 4027 2195 πιέζειν

2449 2254 2680 2322 σάρκας,
2709 2249 2842 2302 όστᾶ
2869 2243 3206 2301 ἀποθλίϐειν,
3224 2238 3367 2292 αὑτά
3387 2252 3447 2289 τε
3475 2232 3714 2302 συνθλᾷν
3743 2229 4030 2298 βιαιότατα

2448 2319 2808 2412 δυναμένους,
2841 2341 2897 2391 ὲν
2923 2336 3108 2396 αὐτοῖς
3135 2350 3194 2386 τε
3220 2331 3316 2402 τὴν
3345 2329 3626 2395 πάνσοφον
3654 2319 4028 2393 ἐμϐληθῆναι.

2523 2615 2616 2680 (τ’.
2683 2611 2776 2670 Ὠς
2824 2606 2879 2659 δὲ
2940 2601 3034 2656 καὶ
3080 2600 3231 2654 τουτί
3283 2596 3343 2650 τὸ
3397 2593 3699 2664 μηχάνημα
3755 2583 4030 2680 θᾶττονῆ

2454 2677 2774 2776 προσετάγη
2826 2693 3273 2761 κατεσκευάσθη,
3331 2689 3488 2754 καὶὴ
3553 2684 3769 2780 μάρτυς
3812 2677 4034 2780 ἔμελλεν

2451 2796 2816 2867 ἐμϐληθῆναι,
2873 2790 3038 2844 ὅπλον
3091 2785 3257 2848 εὐθὺς
3319 2780 3540 2851 ίσχυρδν
3597 2777 3691 2830 τὸν
3740 2776 3899 2828 θεῖον
3951 2776 4034 2823 τοῦ

2453 2891 2694 2960 σταυροῦ
2722 2888 2894 2941 τύπον
2925 2884 3090 2953 ἑαυτῇ
3132 2878 3486 2952 σχεδιάσασα,
3523 2875 3622 2925 καὶ
3663 2869 3833 2921 τοῦτο
3868 2883 4034 2934 σφρα-

2451 2986 2726 3054 γισαμένη
2757 2977 2914 3051 ἦκαὶ
2945 2975 3266 3046 φραξαμένη
3305 2970 3506 3040 μᾶλλον
3535 2966 3735 3024 είπεῖν,
3765 2960 3919 3014 κατὰ
3939 2960 4036 3011 τῶν

2453 3077 2664 3149 τροχῶν
2722 3073 2942 3146 ἐχώρει,
3005 3067 3355 3140 ἐμφαίνουσα
3417 3062 3516 3126 μὲν
3569 3057 3730 3112 οὐδὲν
3791 3054 4037 3123 xum-pi;

2377 3197 2418 3255 ο
2454 3146 2938 3240 καὶναπρόσωπον,
2971 3162 3229 3230 εὐκόσμῳ
3251 3157 3308 3210 δὲ
3339 3155 3462 3225 ﬁdat
3499 3146 3822 3255 καὶγσεμνιξῦ
3861 3159 4038 3253 maga:

2456 3233 2715 3332 στήματι.
2740 3252 3054 3322 Εύλογοῦσά
3083 3269 3144 3304 τε
3163 3249 3252 3302 τὸν
3279 3247 3412 3301 Θεὸν
3444 3245 3537 3296 καὶ
3575 3235 3657 3302 οἷς
3690 3239 3841 3332 ὕπερ
3874 3233 4037 3332 αὐτού

2454 3324 2689 3419 ἔπασχεν
2721 3346 2917 3416 ἑορτὴν
2950 3345 3106 3409 ἄγειν
3137 3337 3350 3407 φανερὰ
3378 3333 3664 3401 γινομένη,
3698 3327 3842 3394 πρὸς
3955 3324 4036 3375 καὶ

2455 3441 2802 3500 ὑπολαλοῦσα
2837 3435 3085 3506 γενναῖόν
3107 3450 3161 3485 τι
3191 3430 3287 3483 καὶ
3315 3427 3415 3494 τῆς
3443 3423 3590 3494 ὧρας
3625 3421 3834 3490 κομιδῆ
3869 3417 4038 3482 ἄξιον.

2453 3538 2517 3590 Ol
2554 3536 2663 3607 γὰρ
2701 3531 2884 3604 τροχοί
2915 3547 3031 3594 σου,
3082 3526 3260 3593 ἔλεγε,
3309 3521 3567 3591 τύραννε,
3606 3519 3702 3570 καὶ
3757 3514 3827 3566 τὰ
3869 3511 4040 3578 σαθρὰ

2452 3629 2609 3683 ταυτῖ⁵
2681 3624 3093 3696 μηχανήματα,
3152 3615 3376 3671 πλείονὰ
3435 3631 3527 3684 μοι
3571 3610 3664 3662 τὸν
3731 3607 3908 3660 πόθον
3961 3607 4040 3670 ἑξ-

2455 3725 2687 3777 άπτουσι
2708 3719 2802 3771 τοῦ
2822 3713 3079 3787 Χριστοῦ.
3104 3708 3322 3764 Τούτων
3353 3706 3648 3765 ἀκούοντες
3682 3701 4042 3770 ἰσχυρότερον

2453 3816 2578 3869 ὅσον
2634 3811 2703 3885 ἦν
2761 3812 2889 3873 τοὺς
2944 3807 3176 3878 τροχοὺς
3233 3803 3525 3873 ἔστρεφον,
3571 3798 3929 3870 δριμυτέραν
3983 3799 4042 3864 τῇ

2458 3907 2700 3978 μάρτυρι
2764 3901 2866 3968 τῆς
2921 3896 3119 3966 ὀδύνης
3183 3894 3282 3963 τὴν
3333 3891 3590 3960 αἴσθησιν
3651 3889 4043 3958 ιμποιοῦντες,

2452 4001 2578 4056 ὅθεν
2614 3997 2748 4069 μέλη
2783 3995 2883 4066 μὲν
2915 3994 3087 4061 αὐτῆς
3125 3991 3221 4042 καὶ
3246 3989 3391 4058 μέρη
3420 3983 3795 4054 συνεθραύετό
3856 3997 3922 4032 τε
3957 3981 4054 4059 καὶ.

2453 4093 2836 4164 διερρήγνυτο.
2868 4083 3118 4139 Καὶ-τῶν
3150 4079 3428 4152 ἁρμονιῶν
3481 4078 3698 4132 ἅπαντα
3754 4076 4045 4137 διεσπᾶτο,

2453 4185 2483 4238 ό
2509 4182 2634 4245 νοῦς
2660 4182 2715 4233 δὲ
2745 4179 2837 4233 τοῦ
2870 4179 3006 4247 πρὸς
3033 4176 3271 4248 Χριστὸν
3296 4175 3429 4244 δρᾷν
3454 4171 3553 4225 ούκ
3589 4171 3892 4236 ἀφίστατο,
3915 4167 4046 4219 ἀλλὰ

2453 4280 2515 4335 τὸ
2542 4278 2697 4349 δμμα
2728 4275 2808 4338 εἰς
2860 4271 3128 4343 οὐρανοὺς
3162 4268 3398 4337 αἴρουσα
3443 4265 3566 4317 ὅθεν
3616 4262 3860 4330 ἧλπισεν
3897 4261 4047 4328 ἥξειν

2453 4372 2551 4428 καὶ
2581 4372 2681 4440 τὴν
2718 4365 3000 4438 βοήθειαν,
3040 4360 3212 4432 Κύριέ
3247 4376 3372 4430 μου,
3405 4355 3556 4419 ἐϐόα,
3598 4352 3784 4420 Ἰησοῦ
3812 4351 4047 4422 Χριστὲ,

2455 4465 2483 4516 ὁ
2511 4461 2610 4527 τῆς
2637 4457 2779 4528 ὲμιῆς
2810 4454 2993 4524 ψυχῆς
3029 4449 3335 4520 φωτισμδςν
3387 4448 3420 4518 ἡ
3453 4445 3605 4516 πηγὴ
3649 4445 3752 4509 τῆς
3806 4442 3986 4510 ζωῆς,
4025 4442 4048 4490 ὁ

767 4533 916 4590 adsis
948 4550 1096 4591 nunc
1132 4537 1266 4591 mihi
1300 4537 1551 4608 adjutor,.
1575 4545 1630 4590 et
1661 4548 2026 4609 cognoscatur
2048 4539 2117 4593 ab
2162 4541 2345 4594 omni-

2457 4550 2645 4615 σώζων
2671 4565 2796 4611 τους
2818 4546 2914 4599 ἰπὶ
2944 4543 3030 4598 σοὶ
3057 4539 3389 4600 πεποιθότας
3411 4575 3426 4600 ,
3467 4538 3680 4606 πάρεσό
3719 4553 3816 4604 μοι
3853 4537 3955 4587 καί
3989 4535 4050 4584 τὰ

770 4626 895 4692 bus,
923 4627 1068 4697 quod
1098 4638 1156 4682 tu
1184 4644 1244 4682 es
1269 4630 1412 4684 Deus
1459 4629 1631 4694 solus,
1659 4639 1810 4686 certa
1859 4646 1984 4701 spes
2017 4647 2206 4686 eorum
2256 4632 2349 4702 qui

771 4718 826 4771 in
888 4728 941 4774 te
1001 4721 1206 4775 habent
1261 4719 1518 4775 fiduciam
1557 4739 1568 4772 :
1611 4730 1667 4774 et
1702 4723 1846 4790 quod
1915 4739 2025 4777 non
2087 4724 2351 4781 accedent

768 4810 933 4875 mala,
987 4827 1167 4881 neque
1188 4811 1656 4883 apprOpinquabit
1694 4811 1966 4883 flagellum
1994 4816 2350 4871 tabernaculo

769 4919 964 4958 eorum
1015 4904 1109 4974 qui
1159 4912 1210 4958 te
1253 4905 1580 4961 altissimum
1633 4919 1790 4959 suum
1848 4915 2150 4976 posuerunt
2205 4908 2351 4962 refu-

769 4998 913 5065 gium
941 4999 980 5051 ¹.
1004 4993 1097 5051 Sic
1115 4997 1336 5066 quidem
1360 5009 1563 5068 martyr
1585 5007 1670 5051 est
1690 5009 1910 5066 precata
1947 5017 1958 5052 :
1991 4999 2135 5054 Deus
2165 5012 2347 5059 autem

769 5087 1025 5141 effectum
1058 5090 1320 5156 reddidit,
1351 5089 1498 5160 quod
1533 5088 1886 5159 precabatur.
1919 5087 2170 5146 Caelestis
2200 5093 2346 5146 enim

772 5179 1038 5233 continuo
1057 5179 1358 5234 adveniens
1385 5185 1580 5246 virtus,
1613 5190 1894 5234 momento
1924 5183 2184 5248 temporis
2220 5181 2350 5237 facit

774 5274 890 5328 haec
944 5275 1153 5328 omnia.
1200 5270 1330 5326 Eam
1369 5273 1589 5355 quidem
1623 5272 1785 5328 solvit
1839 5287 1869 5326 a
1922 5281 2036 5328 rota
2081 5290 2095 5327 :
2156 5288 2354 5344 corpus

770 5375 951 5420 autem
987 5375 1196 5420 curata
1225 5364 1400 5438 plagis
1436 5363 1573 5417 adeo
1604 5365 1851 5433 pulchre,
1880 5373 2028 5418 utne
2063 5365 2350 5420 minimum

772 5459 995 5530 quidem
1056 5459 1348 5515 vulnerum
1428 5456 1718 5530 vestigium
1793 5457 1846 5510 in
1909 5473 1973 5512 eo
2038 5469 2345 5529 appareret.

773 5547 980 5607 Deinde
1010 5552 1177 5607 etiam
1219 5553 1509 5609 ministros
1563 5549 1867 5621 iniquitatis
1911 5553 2088 5622 specie
2137 5557 2347 5608 terrens

769 5647 1024 5711 terribili,
1087 5647 1216 5703 facit
1270 5653 1330 5702 ut
1403 5662 1511 5702 non
1572 5651 1892 5717 Operentur.
1933 5642 1976 5697 E
2020 5645 2153 5702 rotis
2223 5660 2352 5703 vero

831 5827 854 5860 ‘
885 5825 1028 5882 Psai.
1063 5839 1126 5880 xc
1147 5865 1161 5887 .
1187 5824 1241 5881 9.

2454 4643 2551 4696 νῦν
2605 4640 2820 4711 βοηθὸς,
2867 4635 2962 4691 καὶ
3011 4633 3316 4704 γνωσθήτω
3367 4631 3537 4711 πᾶσιν
3586 4628 3672 4682 δτι
3723 4629 3794 4680 σὺ
3836 4623 3891 4680 εἴ
3923 4626 4050 4684 82b;

2457 4731 2642 4799 μόνος,
2678 4728 2833 4790 ἐλπὶς
2887 4726 3249 4795 ἀδιάψευστος
3305 4721 3414 4773 τῶν
3466 4720 3524 4772 ὲν
3575 4719 3661 4770 σοὶ
3704 4721 3770 4770 τὸ
3825 4717 4051 4802 θαρρεῖν

2455 4822 2716 4891 ἑχόντων,
2776 4817 2874 4871 καὶ
2929 4818 3013 4871 ὅτι
3077 4817 3138 4868 οὐ
3193 4812 3630 4886 προσελεύσεται
3679 4812 3865 4872 κακὰ,
3935 4809 4047 4863 οὐδὲ

2457 4911 2659 4983 μάστιξ
2691 4911 2870 4979 ὲγγιεῖ
2915 4908 2998 4980 τῷ
3056 4906 3380 4978 σκηνώματι
3419 4903 3528 4958 τῶν
3561 4905 3621 4956 σὲ
3672 4904 3771 4956 τὸν
3821 4903 4052 4972 ὕφη-τον

2454 5003 2781 5076 καταφυγὴν
2809 5002 3133 5071 τιθεμένων.
3169 4999 3359 5061 Οὕτως
3385 4999 3416 5067 ἡ
3449 4998 3661 5068 μάρτυς
3687 4998 3796 5064 μὲν
3820 4995 4049 5063 ηῦξατο,

2452 5095 2585 5159 Θεδς
2630 5097 2685 5147 δὲ
2732 5095 2831 5164 τὴν
2879 5092 3044 5162 εὐχὴν
3091 5090 3331 5143 ὲτελείου
3397 5105 3411 5118 °
3466 5087 3704 5155 οὐρανία
3739 5087 3854 5157 γὰρ
3894 5088 4052 5147 εὐθὺς

2454 5191 2731 5245 ἐπιστᾶσα
2766 5188 3002 5258 δύναμις
3041 5188 3099 5238 ἐν
3127 5186 3329 5260 ἀκαρεῖ
3368 5184 3550 5237 πάντα
3587 5184 3764 5247 ποιεῖ,
3799 5185 3906 5236 καὶ
3943 5182 4050 5234 λύει

2458 5284 2558 5358 μὲν
2592 5285 2765 5350 αὐτην
2807 5280 2900 5335 τοῦ
2950 5278 3167 5351 τροχοῦ,
3223 5280 3284 5332 τὸ
3335 5279 3494 5346 σῶμα
3540 5274 3598 5327 δὲ
3650 5277 3769 5329 τῶν
3824 5275 4051 5344 πληγῶν

2452 5379 2630 5442 ἰᾶται,
2673 5375 2816 5428 οὕτω
2852 5373 3054 5440 καλῶς,
3085 5373 3159 5435 ὼς
3194 5370 3329 5442 μηδὲ
3356 5370 3531 5440 βραχύ
3561 5387 3616 5424 τι
3645 5372 3761 5425 τῶν
3800 5372 4047 5442 τραυμέ-

2459 5484 2567 5520 των
2602 5466 2746 5533 ἴχνος
2783 5465 2839 5515 ὲν
2891 5461 3040 5531 αὐτῷ
3089 5457 3420 5530 φαίνεσθαι³
3450 5454 3571 5514 εἶτα
3620 5460 3723 5510 καὶ
3779 5464 3918 5525 τοὺς
3965 5458 4047 5525 τῆς

2453 5554 2684 5624 ἀνομίας
2714 5552 2995 5623 ὑπηρέτας
3027 5547 3301 5621 ὲμςρανείᾳ
3341 5548 3761 5616 καταπλήξεται-ι
3800 5549 4019 5619 φοϐερᾷ

2460 5648 2663 5719 ἥκιστα
2693 5646 2950 5715 ἐνεργοὺς
2976 5643 3238 5709 δείκνυσι,
3274 5644 3384 5698 τῶν
3405 5641 3625 5712 τροχῶν
3653 5643 3711 5698 δὲ
3745 5651 3785 5717 η
3821 5643 4032 5708 ἀθλοφὲ
