4156 6314
154 372 237 437 721
1196 375 1300 436 MA
1311 375 1663 439 RTYRIUM
1703 376 1764 437 S.
1800 377 2241 442 EUPHEMUE.

3218 376 3324 440 722

152 506 231 560 ρος
259 486 457 552 ἐκϐᾶσα,
494 485 556 541 οὐ
590 486 752 557 μόνον
774 488 964 559 ἄρτιός
988 505 1049 543 τε
1080 492 1177 543 καὶ
1198 491 1380 559 ὑγιὴς,
1410 489 1547 545 ἀλλα
1568 491 1663 545 καὶ

1769 506 1985 562 egressa
2033 494 2269 565 gloriosa
2295 492 2579 558 certatrix,
2634 505 2744 546 non
2812 490 2986 545 solum
3032 501 3322 561 conspecta

149 579 421 650 φαιδροτέρα
447 579 545 650 τὴν
568 578 693 649 ὄψιν
714 581 953 651 ἑωρᾶτο,
991 580 1036 636 ὣ
1057 584 1155 654 τῆς
1187 581 1512 653 θαυμαστῆς
1544 601 1662 649 σου,

151 672 337 741 Χριστὲ,
367 670 663 740 δυνάμεως,
692 672 827 726 ὅπου
849 690 912 742 γε
951 674 1068 739 καὶ,
1098 676 1422 744 πασχόντων
1459 675 1658 742 ἄλλων,

149 764 378 832 κατήφεια
404 760 662 824 πολλάκις
692 766 760 835 τῇ
801 763 921 833 ὄψει
975 765 1086 820 τῶν
1130 764 1660 839 φιλανθρωποτέρων

146 856 397 924 ἐγγίνεται.

205 946 266 1003 Z'.
304 947 422 1001 Ἀλλ’
449 951 477 1002 ό
502 950 698 1021 Αἰθίοψ
730 950 830 1003 οὐκ
859 949 1208 1006 ἐλευκαίνετο
1231 991 1248 1019 ,
1285 952 1381 1008 καὶ
1414 953 1474 1007 τὸ
1505 952 1663 1017 ξύλον

142 1032 195 1100 δὴ
221 1034 272 1086 τὸ
297 1034 532 1103 στρεϐλὸν
585 1037 683 1090 οὐκ
710 1036 952 1107 ὠρθοῦτο
972 1079 987 1103 ,
1016 1039 1110 1094 καὶ
1140 1041 1166 1092 ὁ
1196 1043 1455 1110 καρκίνος
1487 1041 1662 1109 ὀρθῶς

144 1124 345 1193 βαδίζειν
378 1128 470 1181 οὐκ
505 1128 835 1183 ἐδιδάσκετο.
883 1129 941 1190 ’0
984 1130 1225 1202 Πρίσκος
1259 1132 1435 1185 ταῦτα
1472 1134 1503 1185 ὁ
1528 1149 1661 1202 μια-

145 1217 223 1287 ρὸς
249 1219 331 1271 καὶ
357 1220 447 1290 τὴν
473 1222 671 1275 κακίαν
699 1221 807 1275 οὐδ’
840 1221 1020 1277 ὁτιοῦν
1049 1224 1297 1294 ίάσιμος,
1353 1227 1448 1277 καὶ
1471 1223 1659 1277 τοιαύ-

140 1325 226 1379 της
253 1309 346 1379 γὰρ
371 1313 662 1380 γενομένης
692 1312 1018 1384 θεοσημείας
1042 1356 1057 1380 ,
1090 1316 1299 1377 ἐκεῖνος
1333 1315 1523 1388 ῶσπερ
1553 1319 1661 1371 τῶν

138 1400 282 1455 αὑτοῦ
313 1402 435 1455 θεῶν
462 1402 793 1474 τυφλότερος
821 1403 917 1469 ὢν,
948 1405 1009 1458 οὐ
1033 1408 1195 1478 μόνον
1223 1408 1374 1461 οὐδὲν
1406 1412 1661 1479 συνῆκεν,

133 1493 253 1549 ἀλλὰ
276 1494 357 1546 καὶ
376 1495 470 1563 τὴν
489 1495 743 1565 μάρτυρα
768 1496 950 1561 ζῶσαν
984 1499 1245 1569 ἠπείλησε
1268 1502 1659 1555 κατακαύσεινο

131 1588 162 1655 ὴ
193 1587 242 1638 δὲ
271 1585 405 1639 ούδέν
435 1586 876 1661 ὑποστειλαμένη
906 1590 966 1644 τὸ
996 1591 1095 1662 μὲν
1128 1593 1463 1663 πρόσκαιρον
1483 1589 1656 1647 εἶπενο

129 1673 194 1730 ’0
226 1678 457 1748 τύραννε,
488 1678 650 1733 τοῦτο
688 1682 747 1737 τὸ
788 1682 900 1753 πῦρ
936 1683 1072 1755 ὅπερ
1119 1683 1244 1755 ἐμοὶ
1271 1685 1366 1738 νῦν
1395 1687 1658 1752 ἀπειλεῖς,

123 1770 252 1839 ταχὺ
296 1768 387 1839 μὲν
434 1771 755 1836 άνάπτεται,
808 1775 946 1845 ταχὺ
988 1776 1044 1828 δὲ
1085 1778 1181 1830 καὶ
1228 1777 1308 1847 τῷ
1351 1767 1662 1851 βουλομένῳ

127 1860 414 1916 σϐέννυται.
468 1862 576 1917 Καὶ
604 1863 703 1932 οὐχ
735 1862 909 1925 οὕτως
942 1864 1054 1931 ἐγὼ
1099 1867 1197 1936 τὴν
1221 1866 1401 1938 ψυχὴν
1430 1870 1662 1939 ἀγεννὴς

123 1956 195 2017 ὼς
244 1955 366 2026 πρὸς
405 1955 645 2009 τοιοῦτον
698 1956 811 2028 πῦρ
859 1959 1259 2025 ἀποδειλιάσαι,
1317 1962 1377 2014 οὐ
1416 1963 1491 2032 μά
1535 1962 1665 2027 τοὺς

124 2046 288 2115 ἱεροὺς
318 2046 528 2113 ἀγῶνας
558 2048 667 2101 τῶν
700 2048 788 2102 διὰ
829 2050 1067 2121 Χριστὸν
1116 2052 1379 2117 γενναίως
1409 2055 1664 2124 ἀνδρισα-

120 2139 309 2207 μένων,
365 2139 550 2193 οὐδένα
605 2141 866 2211 ἐμϐάλλει
914 2144 1075 2199 τοῦτο
1126 2146 1291 2217 φόϐον
1346 2148 1493 2218 ἐμοὶ,
1548 2149 1663 2203 ἀλλ’

116 2230 284 2283 ἐκεῖνο
316 2230 373 2283 τὸ
434 2232 545 2303 πῦρ
591 2233 831 2301 δέδοικα,
879 2239 1055 2291 ἐκεῖνό
1092 2256 1181 2307 μοι
1257 2240 1353 2293 καὶ
1404 2242 1486 2307 είς
1538 2241 1665 2295 νοῦν

116 2324 274 2392 μόνον
304 2326 592 2396 ἐρχόμενον
629 2329 958 2385 καθίσταται
994 2332 1249 2403 φοϐερὸν,
1301 2335 1329 2386 ὃ
1371 2335 1497 2398 τοὺς
1570 2336 1668 2405 ἀρ-

112 2417 397 2487 νουμένους
431 2418 523 2473 τδν
575 2422 813 2492 Χριστὸν
868 2425 1201 2492 περιμένει,
1253 2426 1480 2479 αἰωνίαν
1540 2426 1665 2496 ἔχον

112 2510 204 2562 καὶ
232 2511 343 2565 οὐδὲ
375 2510 547 2581 βραχὺ
588 2514 864 2582 λήγουσαν
896 2515 994 2585 τὴν
1023 2516 1329 2583 ἐνέργειαν.
1386 2518 1442 2571 '0
1469 2518 1668 2587 τύραν-

107 2619 197 2663 νος
251 2602 347 2672 μέν
398 2620 481 2655 τοι
532 2603 600 2656 τὰ
644 2605 989 2674 ἡπειλημένα
1044 2607 1181 2678 πρὸς
1224 2607 1386 2679 ἔργον
1432 2608 1665 2676 ἐξάγων,

108 2693 337 2761 κάμινον
387 2695 686 2763 ἐξαφθῆναι
745 2697 980 2765 κελεύει,
1040 2702 1212 2774 πίσσῃ
1270 2701 1363 2754 καὶ
1404 2699 1532 2769 θείῳ
1574 2702 1668 2754 καὶ

109 2780 345 2852 στυπείῳ
383 2784 475 2836 καὶ
512 2784 807 2853 κληματίδι
843 2785 965 2840 λίαν
998 2788 1434 2858 ἐκτρεφομένην,
1483 2790 1577 2843 καὶ
1635 2791 1667 2859 ὴ

106 2870 237 2939 φλὸξ
294 2872 372 2933 εἰς
433 2874 633 2941 πήχεις
676 2874 839 2927 πέντε
887 2876 981 2928 καὶ
1026 2878 1444 2948 τεσσαράκοντα
1479 2879 1665 2948 ἤρετο.

116 2961 517 3028 Ἐμϐάλλεσθαι
547 2964 601 3015 δὲ
636 2966 673 3033 ἡ
704 2966 918 3035 μάρτυς
968 2967 1239 3036 μέλλουσα
1280 2969 1358 3039 τῷ
1406 2972 1561 3041 πυρὶ,
1609 2971 1671 3024 τὸ

98 3052 212 3105 τῶν
241 3053 405 3122 τριῶν
437 3055 645 3107 παίδων
689 3056 875 3122 ὅπλον,
920 3057 1017 3128 τὴν
1062 3062 1369 3132 προσευχὴν
1411 3064 1671 3132 περιϐάλ-

1765 583 1870 638 fuit
1920 584 2131 657 integra
2166 594 2221 641 et
2248 600 2405 650 sana,
2460 584 2555 641 sed
2608 584 2774 640 etiam
2832 583 2980 638 vultu
3035 582 3230 637 alacris
3267 584 3323 651 (ο

1763 673 2140 730 admirabilem
2190 685 2361 739 luam,
2409 675 2646 742 Christe,
2693 674 2978 744 virtutem)
3018 690 3170 737 cum,
3201 672 3325 728 aliis

1763 763 1925 817 etiam
1982 764 2320 834 patientibus
2395 780 2540 835 saepe
2588 764 2719 819 insit
2772 764 2993 819 tristitia
3067 763 3122 817 in
3173 763 3323 818 vultu

1763 871 1952 911 eorum
1989 857 2082 926 qui
2105 868 2353 927 spectant
2370 868 2427 913 et
2454 866 2583 913 sunt
2609 857 2982 913 humaniores.

1834 945 1949 1002 νη.
1983 947 2092 1002 Sed
2135 946 2390 1018 Ethiops
2424 963 2532 1003 non
2570 948 2877 1012 dealbatur,
2909 956 2964 1002 et
2997 946 3202 1016 lignum
3236 944 3323 997 in-

1765 1054 1992 1095 curvum
2017 1055 2125 1094 non
2145 1040 2415 1111 dirigitur,
2445 1051 2503 1095 et
2531 1055 2729 1096 cancer
2763 1049 2910 1095 recte
2960 1036 3168 1109 ingredi
3211 1050 3320 1090 non

1763 1130 2008 1187 docetur.
2057 1131 2181 1188 Haec
2214 1130 2431 1187 Priscus
2485 1134 2807 1195 sceleratus,
2868 1139 2924 1185 et
2962 1131 3119 1201 cujus
3180 1125 3328 1181 nullo

1763 1225 1927 1279 modo
1961 1234 2173 1293 poterat
2215 1224 2396 1280 curari
2445 1224 2659 1279 vitium.
2704 1223 2839 1277 Nam
2883 1238 3009 1278 cum
3065 1219 3328 1277 divinitus

1764 1315 1966 1371 factum
1995 1325 2142 1372 esset
2198 1319 2305 1373 tale
2349 1317 2584 1389 signum,
2615 1318 2725 1380 ille,
2770 1325 2830 1370 ut
2879 1314 2971 1384 qui
3021 1318 3169 1367 esset
3216 1309 3333 1365 suis

1766 1407 1873 1462 diis
1920 1408 2139 1473 crecior,
2174 1425 2283 1465 non
2332 1410 2507 1464 solum
2543 1409 2679 1463 nihil
2728 1406 3018 1469 intellexit,
3038 1403 3136 1459 sed
3156 1415 3332 1457 mtna-

1767 1509 1856 1553 tus
1894 1509 1977 1554 est
2003 1502 2166 1555 etiam
2198 1517 2255 1555 se
2301 1516 2424 1557 esse
2446 1501 2623 1555 vivam
2659 1509 2980 1555 exustnrum
3017 1504 3329 1562 martyrem.

1766 1591 1860 1649 Illa
1890 1601 2069 1647 autem
2105 1608 2452 1664 nequaquam
2485 1607 2545 1648 se
2588 1593 2897 1663 reprimens
2940 1605 2952 1641 :
2989 1588 3069 1642 Ad
3114 1594 3332 1654 tempus

1765 1682 1983 1754 quidem
2011 1693 2114 1751 est,
2146 1685 2344 1755 inquit,
2391 1700 2425 1740 o
2472 1693 2723 1756 tyranne,
2782 1681 2945 1754 ignis,
2995 1693 3156 1750 quem
3201 1673 3335 1729 mihi

1768 1793 1916 1833 nunc
1940 1778 2218 1834 minaris:
2265 1787 2323 1834 et
2364 1778 2475 1834 cito
2545 1776 2764 1847 quidem
2824 1771 3162 1832 accenditur,
3230 1765 3337 1821 cito

1765 1867 1926 1922 etiam
1959 1884 1988 1922 a
2009 1870 2226 1925 volente
2254 1867 2620 1939 exstinguitur
2651 1884 2668 1933 ;
2709 1878 2890 1932 neque
2910 1877 3010 1931 ego
3056 1873 3177 1912 sum
3228 1864 3335 1909 tam

1764 1960 1945 2028 pusilli
1968 1969 2024 2015 et
2044 1960 2240 2031 abjecti
2281 1959 2471 2022 animi,
2505 1968 2565 2013 ut
2615 1955 2763 2013 hunc
2795 1956 2975 2025 ignem
3022 1946 3332 2006 formidem.

1762 2050 1907 2118 Non,
1964 2068 2062 2121 per
2106 2068 2260 2107 sacra
2292 2053 2590 2109 certamina
2621 2065 2811 2106 eorum
2843 2046 2933 2117 qui
2969 2060 3027 2099 se
3059 2057 3157 2114 pro
3186 2038 3340 2097 Chri-

1768 2150 1855 2198 sto
1917 2148 2142 2200 strenue
2213 2153 2270 2201 et
2330 2145 2546 2201 fortiter
2607 2149 2913 2216 gesserunt,
2964 2139 3066 2192 hoc
3119 2132 3337 2204 quidem

1770 2234 1905 2290 mihi
1946 2237 2115 2291 ullum
2148 2238 2306 2292 all‘ert
2350 2238 2603 2292 timorem
2640 2252 2654 2288 :
2693 2236 2787 2290 sed
2822 2233 2973 2288 illum
3007 2231 3187 2300 ignem
3240 2239 3340 2278 ex—

1768 2328 2019 2394 timesco,
2053 2329 2143 2384 ille
2175 2330 2305 2383 mihi
2365 2328 2449 2384 vel
2500 2328 2676 2383 solum
2737 2326 2792 2380 in
2836 2332 3073 2378 mentem
3112 2314 3341 2371 veniens

1768 2417 1907 2489 ignis
1948 2429 2035 2474 est
2089 2419 2369 2481 terribilis,
2427 2419 2518 2487 qui
2553 2426 2737 2473 manet
2782 2429 2876 2471 eos
2919 2411 3009 2481 qui
3061 2406 3341 2463 Christum

1768 2521 2003 2583 negant,
2045 2524 2103 2568 ut
2131 2512 2222 2582 qui
2278 2520 2539 2568 aeternam
2586 2509 2788 2563 habeat
2829 2502 3227 2575 operationem,
3285 2501 3342 2548 et

1768 2621 1838 2660 ue
1869 2608 2140 2661 tantillum
2175 2606 2395 2676 quidem
2455 2604 2822 2659 desinentem.
2855 2598 3043 2665 itaque
3076 2602 3342 2665 tyrannus

1768 2700 1986 2769 quidem
2036 2700 2101 2753 ad
2138 2699 2393 2753 effectum
2469 2696 2752 2751 deducens
2806 2707 2870 2745 ea
2930 2705 3051 2759 qua:
3102 2686 3345 2740 minatus

1772 2793 1978 2851 fuerat.
2023 2790 2184 2860 jubet
2215 2789 2442 2844 accendi
2479 2788 2783 2848 fornacem,
2818 2798 2939 2853 qua:
2978 2781 3134 2835 valde
3169 2778 3345 2831 alere-

1772 2894 1860 2938 tur
1915 2883 2056 2955 pice,
2115 2881 2350 2946 sulfure,
2415 2889 2615 2954 stuppa
2662 2887 2717 2931 et
2765 2872 3077 2931 sarmentis.
3116 2870 3181 2924 Et
3236 2869 3344 2924 alta

1770 2975 1987 3045 quidem
2030 2983 2147 3028 erat
2179 2972 2391 3026 ﬂamma
2421 2969 2780 3040 quadraginta
2811 2975 2868 3021 et
2899 2966 3147 3035 quinque
3189 2961 3347 3015 cubi-

1774 3074 1875 3122 tbs.
1910 3065 1968 3120 In
2008 3065 2185 3136 ignem
2215 3074 2396 3118 autem
2426 3061 2717 3132 injicienda
2752 3068 2983 3131 martyr,
3044 3054 3223 3110 induit
3262 3069 3344 3106 ar-

95 3145 275 3207 λεται,
312 3145 406 3197 καὶ
436 3145 547 3215 πῦρ
576 3146 740 3215 εύχῆς
773 3148 1007 3200 ἀνάπτει
1033 3150 1173 3203 κατὰ
1205 3154 1394 3219 πυρὸς,
1429 3154 1487 3205 τὸ
1515 3154 1668 3223 ὄμμα

1775 3179 1859 3217 ma
1881 3163 2043 3216 trium
2068 3176 2387 3230 puerorum,
2410 3174 2605 3227 nempe
2629 3172 2819 3227 preces
2845 3173 2860 3220 ;
2880 3164 2931 3209 et
2953 3162 3142 3208 contra
3162 3152 3343 3221 ignem

91 3255 154 3290 τε
195 3239 275 3298 είς
319 3239 585 3308 οὐρανοὺς
624 3238 829 3310 ἄρασα,
879 3240 937 3292 'O
965 3240 1101 3304 Θεὸς
1124 3283 1138 3306 ,
1173 3237 1348 3307 εἶπεν,
1382 3245 1409 3296 ὁ
1440 3245 1497 3295 ἐν
1527 3245 1667 3314 ὑψη-

90 3329 210 3393 λοῖς
254 3330 532 3384 κατοικῶν
577 3331 675 3385 καὶ
713 3331 780 3384 τά
829 3331 1060 3386 ταπεινά
1093 3333 1327 3403 ἐφορῶν,
1373 3336 1401 3387 ό
1432 3337 1557 3398 τοὺς
1611 3338 1669 3390 ἐν

88 3425 381 3480 Βαϐυλῶνι
406 3430 557 3499 τρεῖς
575 3428 765 3490 παῖδας
789 3428 877 3481 διὰ
908 3429 999 3482 τὸν
1035 3428 1127 3482 σδν
1156 3431 1322 3499 νόμον
1352 3430 1670 3495 ἐκδοθέντας

86 3519 231 3587 πυρὶ
274 3520 342 3571 δι’
395 3521 551 3581 ἁγίου
585 3521 818 3589 ἀγγέλου
865 3540 956 3576 σου
990 3523 1176 3576 κακῶν
1211 3524 1444 3587 ἀπαθεῖς
1474 3541 1670 3595 συντη-

86 3610 293 3677 ρήσας,
327 3612 424 3662 καὶ
447 3611 640 3682 δρόσον
673 3613 858 3673 αὐτοῖς
887 3613 1095 3666 ἄνωθεν
1124 3614 1463 3683 ἐπιπέμψας,
1507 3616 1669 3680 αὐτὸς

80 3699 187 3753 καὶ
221 3702 350 3770 ἐμοὶ
383 3704 452 3773 τῇ
491 3702 556 3774 σῇ
588 3701 750 3776 δούλῃ
787 3703 1098 3774 παράστηθι
1147 3705 1362 3775 βοηθὸς,
1390 3706 1488 3778 τῆς
1539 3708 1658 3777 σῆς,

78 3794 325 3863 Χριστέ,
359 3795 519 3865 δόξης
544 3796 951 3869 ὑπεραθλούσῃ.
986 3797 1142 3852 Οὕτω
1168 3816 1227 3852 τε
1259 3798 1401 3867 εἶπε,
1461 3802 1554 3855 καὶ
1592 3803 1670 3873 τῷ

74 3887 248 3956 τύπῳ
276 3888 372 3939 τοῦ
404 3887 639 3956 σταυροῦ
666 3889 826 3940 πάλιν
847 3888 921 3949 ὡς
948 3889 1117 3958 ἑτέρῳ
1137 3890 1284 3959 ὅπλῳ
1313 3893 1513 3961 ἑαυτὴν
1535 3895 1668 3946 καθ-

73 3977 388 4037 οπλίσασα,
444 3977 717 4049 εὐτρεπὴς
791 3978 981 4032 ἵστατο
1033 3981 1097 4033 τὸ
1170 3983 1494 4051 τυραννικὸν
1546 3986 1667 4038 ἐπί-

73 4085 280 4136 ταγμα
314 4069 717 4139 περιμένουσα.

147 4160 242 4215 H'.
291 4162 384 4225 Ὠς
415 4161 473 4216 δὲ
526 4162 735 4227 ἐκεῖνος
766 4165 831 4235 τῇ
863 4164 1078 4237 καμίνῳ
1107 4167 1313 4236 ταύτην
1339 4168 1530 4232 ἐδίδου,
1569 4170 1663 4222 καὶ

73 4259 272 4326 χεῖρες
328 4254 509 4326 αὐτὴν
588 4255 818 4325 ἔμελλον
873 4258 1179 4324 συλλαϐεῖν,
1246 4259 1528 4328 Σωσθένης
1576 4262 1671 4315 καὶ

73 4350 313 4419 Βίκτωρ
353 4349 406 4401 οἱ
438 4350 843 4420 προηγούμενοι
883 4350 992 4405 τῶν
1033 4352 1113 4413 είς
1145 4348 1316 4403 ταῦτα
1356 4351 1670 4407 διακονούν-

73 4457 209 4501 ιων,
256 4439 665 4510 προσελθόντες
690 4443 768 4512 τῷ
806 4443 1045 4513 Πρίσκῳ,
1072 4444 1153 4497 ὅτι
1184 4443 1303 4513 μὲν,
1334 4445 1561 4515 ἔφησαν,
1591 4441 1670 4508 οἷς

73 4529 462 4599 προστάττεις
529 4532 801 4601 πρόθυμοι
842 4534 1172 4602 λειτουργεῖν
1221 4538 1381 4607 ἡμεῖς
1426 4553 1439 4567 ·

73 4622 322 4683 τολλοὺς
364 4621 587 4693 ἔχοντες
618 4623 926 4693 μάρτυρας,
958 4626 1059 4680 οὐκ
1089 4626 1281 4690 ἄλλους
1312 4628 1343 4699 ἢ
1375 4628 1501 4690 τοὺς
1548 4631 1673 4695 σοὺς

73 4712 525 4785 τροϐαλλόμεθα
577 4716 911 4786 ὀφθαλμούς.
997 4718 1133 4771 Νυνὶ
1180 4718 1236 4771 δὲ
1292 4721 1387 4790 οὐχ
1444 4716 1545 4774 οἶοί
1603 4724 1663 4774 τέ

87 4824 276 4875 σμεν,
311 4806 418 4860 τοῦ
456 4809 555 4878 τῆς
583 4808 858 4876 παρθένου
890 4811 1093 4881 ταύτης
1123 4812 1363 4881 ἅψασθαι
1400 4814 1672 4884 σώματος,

73 4898 289 4965 ινδρας
352 4899 472 4968 γὰρ
531 4901 747 4970 ορῶμεν
788 4901 1054 4971 φοϐεροὺς
1104 4904 1202 4974 τὴν
1245 4903 1367 4970 δψιν
1410 4905 1671 4969 ἐστῶτας,

73 4988 224 5055 γμᾶς
270 4988 389 5057 μὲν
419 4990 587 5057 δριμὺ
627 4990 746 5043 λίαν
782 4994 873 5043 καὶ
907 4991 1175 5060 βλοσυρὸν
1201 4993 1668 5061 προσϐλέποντας,

75 5078 351 5149 τοίμους
408 5078 465 5131 δὲ
518 5080 679 5142 δντας
719 5082 819 5151 τῆς
856 5084 1128 5152 παρθένου
1187 5087 1532 5155 προστῆναι,
1580 5088 1674 5141 καὶ

73 5171 283 5236 ιλογδς
321 5170 506 5241 αὐτὴν
542 5172 830 5240 κρείττονα
865 5174 1059 5241 δεῖξαι.
1097 5176 1162 5228 Τί
1193 5176 1301 5246 γὰρ
1332 5179 1463 5232 ἄλλο
1488 5181 1673 5244 αὐτοῖς

78 5260 349 5314 ούλεται
382 5264 447 5315 τὸ
474 5263 890 5333 διασκορπίζειν
924 5268 1054 5319 ἔνθα
1105 5272 1201 5321 καὶ
1240 5269 1365 5322 ἔνθα
1414 5272 1474 5323 τὸ
1520 5272 1670 5343 πῦρ;

73 5358 153 5419 Ως
184 5353 298 5407 οὖν
332 5355 368 5406 ὁ
408 5357 648 5427 Πρίσκος
680 5359 880 5429 ἤκουσε
915 5360 1126 5425 ταῦτα,
1176 5362 1397 5423 τούτους
1437 5365 1535 5432 μὲν
1571 5367 1669 5437 ἤδη

74 5446 524 5514 ,εταμαθόντας
551 5450 649 5520 τὴν
681 5451 1011 5517 θεοσέϐειαν,
1046 5457 1113 5523 τῇ
1158 5455 1348 5524 εἰρκτῆ
1379 5458 1674 5526 παραπέμ-

76 5559 165 5606 εε,
225 5542 517 5610 Καίσαρα
561 5542 614 5593 δέ
660 5544 754 5595 καὶ
803 5543 1056 5613 Βικάριον
1106 5545 1248 5600 οῦτω
1280 5548 1671 5617 καλουμένους,

73 5642 122 5699 ἴς
172 5638 301 5706 τὴν
353 5634 591 5689 ἐκείνων
622 5638 1039 5705 ἀντικαθίστησι
1075 5639 1439 5711 λειτουργίαν.
1483 5643 1589 5694 Καὶ
1621 5647 1671 5698 οἱ

73 5729 171 5791 ὲν,
246 5727 582 5796 προθύμως
624 5727 720 5795 τὴν
767 5718 1202 5808 καλλιπάρθενον
1248 5732 1533 5801 Εὑφημίαν
1571 5736 1671 5802 τῆς

73 5821 147 5871 ὗν
181 5819 482 5887 ἀγγέλων
525 5818 669 5881 θείας
702 5822 1132 5892 παραχωρούσης
1158 5823 1454 5893 δυνάμεως.
1474 5827 1537 5877 οὐ
1562 5826 1668 5905 γὰρ

1773 3255 2024 3310 accendit
2056 3255 2233 3326 ignem
2260 3252 2549 3315 orationis,
2580 3258 2635 3305 et
2675 3248 2864 3305 oculos
2914 3247 2968 3301 in
3009 3246 3207 3301 ecelum
3242 3240 3345 3297 tol-

1772 3345 1888 3399 lens
1947 3346 2158 3409 :Deus,
2203 3345 2398 3413 inquit,
2456 3342 2547 3411 qui
2603 3342 2658 3395 in
2711 3338 2944 3394 excelsis
3005 3336 3236 3397 habitas,
3291 3340 3348 3384 ct

1774 3433 2000 3490 humilia
2035 3432 2266 3487 intueris
2300 3449 2312 3486 :
2346 3432 2436 3500 qui
2468 3430 2742 3500 Babylone
2795 3438 2905 3481 tres
2960 3438 3182 3496 pueros,
3219 3436 3344 3491 pro-

1772 3539 1895 3600 pter
1923 3537 2069 3583 tuam
2084 3527 2257 3598 legem
2290 3524 2396 3595 igni
2432 3522 2680 3583 traditos,
2704 3535 2801 3589 per
2825 3526 3069 3571 sanctum
3089 3513 3341 3585 angelum

1774 3630 1929 3674 tuum
1962 3634 1992 3672 a
2054 3620 2210 3670 malis
2255 3617 2457 3670 ἰιιίυεοε
2511 3610 2871 3671 conservasti.
2942 3619 2999 3664 et
3043 3607 3123 3663 eis
3165 3619 3344 3659 rorem

1771 3709 2009 3778 desuper
2051 3705 2351 3765 immisisti.
2396 3717 2451 3759 tu
2515 3718 2732 3772 quoque
2782 3701 2913 3756 mihi
2968 3712 3071 3755 tuae
3133 3696 3346 3752 ancillae

1772 3805 1918 3860 adsis
1972 3804 2209 3873 adjutor,
2263 3813 2384 3869 quae
2445 3812 2545 3866 pro
2608 3805 2722 3856 tua.
2760 3806 2793 3849 ο
2834 3794 3070 3857 Christe,
3120 3792 3344 3847 decerto

1772 3896 1964 3965 gloria.
2004 3894 2093 3947 Sic
2113 3892 2246 3946 dixit
2275 3910 2287 3945 :
2325 3898 2381 3945 et
2408 3904 2533 3943 cum
2561 3887 2730 3958 ﬁgura
2754 3886 2935 3941 crucis
2970 3898 3184 3947 rursus,
3218 3893 3341 3936 tan-

1771 4001 1934 4055 quam
1967 3984 2089 4038 aliis
2116 3983 2308 4041 armis,
2336 3981 2575 4049 seipsam
2607 3986 2899 4041 armasset,
2927 3977 3106 4029 stabat
3133 3984 3340 4043 parata.

1770 4086 2093 4148 exspectans
2112 4075 2328 4146 jussum
2358 4067 2597 4140 tyranni.

1845 4170 1976 4226 VIII.
1999 4169 2131 4224 Cum
2165 4164 2452 4221 autcmille
2486 4162 2876 4240 jussisseteam
2904 4160 2955 4214 in
2992 4162 3167 4231 ignem
3209 4177 3342 4217 con-

1733 4330 1742 4341 .
1766 4264 1883 4331 jici,
1909 4271 1961 4315 et
1984 4276 2103 4315 eam
2126 4272 2321 4312 manus
2347 4265 2531 4309 essent
2552 4255 2803 4308 lictorum
2836 4256 3341 4322 comprehensura'.

1773 4353 1960 4409 Victor
1997 4363 2051 4406 ct
2094 4350 2425 4411 Sosthenes,
2454 4346 2546 4416 qni
2579 4354 2853 4417 praeerant
2884 4346 2953 4401 iis
2984 4347 3075 4415 qui
3131 4347 3199 4400 ad
3234 4348 3346 4401 haec

1774 4445 2170 4507 inserviebam,
2213 4440 2278 4495 ad
2330 4439 2576 4494 Priscum
2640 4439 2972 4494 accedentes
3018 4455 3031 4489 :
3073 4438 3229 4503 Quod
3279 4440 3346 4493 iis

1496 4539 1672 4592 καίτοι
1704 4525 1750 4584 D
1777 4540 2019 4612 quidem,
2054 4550 2174 4606 quae
2210 4535 2463 4601 imperas,
2525 4539 2779 4602 prompto
2832 4540 2889 4584 et
2938 4529 3103 4585 alacri
3163 4530 3346 4584 animo

1773 4630 2166 4687 inserviamus,
2204 4625 2379 4684 aiunt,
2429 4626 2533 4676 etsi
2577 4623 2779 4675 multos
2819 4621 3117 4677 habeamus
3158 4629 3341 4681 testes.

1772 4740 1879 4781 non
1920 4722 2076 4783 alios,
2134 4734 2294 4789 quam
2337 4726 2459 4771 tuos
2504 4714 2694 4769 oculos
2751 4714 3124 4784 producimus.
3189 4713 3345 4767 Nunc

1772 4828 1953 4872 autem
1990 4830 2098 4869 non
2122 4826 2414 4884 possumus
2460 4818 2681 4879 tangere
2717 4816 2916 4875 corpus
2978 4806 3144 4875 hujus
3181 4807 3343 4875 virgi-

1773 4911 1877 4963 nis.
1914 4907 2173 4961 Videmus
2191 4905 2335 4959 enitn
2369 4903 2515 4956 viros
2560 4909 2773 4955 stantes
2809 4908 3035 4967 aspectu
3091 4899 3342 4953 formida-

1774 5001 1932 5064 biles,
1993 5012 2092 5053 nos
2134 4996 2353 5066 quidem
2402 5004 2556 5049 torve
2604 4992 2896 5047 admodum
2952 4990 3252 5055 intuentes,
3290 5002 3348 5047 et

1775 5101 1989 5162 paratos
2058 5090 2325 5160 virginem
2408 5085 2744 5149 defendere,
2808 5092 2865 5137 et
2937 5099 3054 5136 eam
3129 5083 3341 5137 edicere

1773 5185 1986 5240 flamma
2049 5181 2409 5251 superiorem.
2457 5177 2603 5243 Quid
2657 5174 2803 5233 c'nim
2860 5176 3007 5230 aliud
3043 5175 3144 5229 sibi
3202 5178 3338 5235 vult.

1772 5275 1915 5343 quod
1967 5276 2150 5342 ignem
2206 5274 2311 5326 huc
2351 5283 2407 5326 et
2457 5272 2582 5324 illuc
2632 5268 3001 5339 dispergunt?
3052 5267 3344 5335 Postquam

1775 5379 1954 5422 autem
2014 5367 2126 5420 luec
2182 5363 2388 5420 audivit
2450 5363 2685 5424 Priscus,
2715 5374 2810 5415 eos
2870 5360 3116 5428 quidem,
3160 5355 3345 5432 utqui

1769 5464 1880 5529 jam
1917 5476 1946 5512 a
2007 5459 2155 5511 cultu
2189 5463 2412 5511 dearum
2439 5455 2793 5516 defecissent,
2828 5453 2996 5507 tnittit
3055 5453 3106 5505 in
3153 5466 3340 5505 carce-

1777 5566 1886 5602 rem
1924 5565 1937 5601 :
1982 5548 2248 5603 Caesarem
2280 5558 2459 5599 autem
2510 5560 2570 5598 ac
2600 5544 2871 5600 Vicarium
2906 5545 3003 5611 (sic
3055 5544 3200 5596 enim
3251 5556 3340 5600 vo-

1773 5640 2055 5698 cabantur)
2105 5640 2303 5694 sullicit
2373 5641 2424 5691 in
2471 5653 2658 5691 eorum
2709 5638 3095 5691 ministerium.
3150 5636 3215 5688 Et
3266 5635 3338 5687 illi

1778 5736 1995 5803 quidem
2038 5741 2288 5802 prompto
2338 5746 2386 5784 et
2438 5732 2602 5787 alacri
2643 5730 2807 5784 animi
2851 5732 3030 5783 studio
3065 5729 3336 5796 egregiam

1782 5828 2039 5895 virginem
2076 5825 2441 5894 Euphemiam,
2498 5826 2723 5881 cedente
2781 5824 2961 5877 divtna
3007 5822 3207 5874 virtute
3240 5832 3335 5871 an-
