4156 6314
121 336 219 403 ’125

1202 330 1666 396 ΜΑΒἸῪΒΙΗΜ
1706 331 1765 393 S.
1810 333 2249 399 EUPHEMLE.

3228 335 3332 398 726

122 473 274 526 τορα;
310 453 519 526 πρᾶξόν
555 472 606 507 τι
654 452 897 519 συνετὸν,
944 452 1037 506 καὶ
1083 454 1192 516 τοῖς
1225 453 1370 515 θεοῖς
1412 453 1665 520 πείσθητι

1786 456 1997 519 ιίειιιει,
2036 467 2089 511 et
2117 454 2445 527 persuadere
2479 452 2582 510 diis
2613 452 2810 509 oﬂ‘erre
2863 451 3213 507 sacriﬁcium.
3242 452 3332 506 Illa

123 545 298 600 θυσίαν
346 548 759 616 προσενεγκεῖν.
806 547 869 599 'H
918 545 1004 612 δὲ,
1056 546 1265 616 Πρᾶξαί
1312 563 1363 599 τι
1419 544 1661 610 συνετὸν,

123 640 237 707 ἔφη,
265 639 593 708 προτρέπεις
626 640 795 708 ἡμᾶς,
837 634 883 692 ὦ
907 638 1172 703 δικαστάς
1207 639 1302 692 καὶ
1335 638 1387 691 τί
1417 639 1461 692 δ’
1486 638 1549 689 ἄν
1583 655 1665 700 τις

125 728 468 797 συνετώτερον
517 730 786 801 δράσειεν,
836 731 873 805 ᾗ
930 729 991 782 τὺ
1030 731 1105 799 μὴ
1151 730 1438 783 πείθεσθαι
1485 730 1665 793 λίθους

121 818 339 887 ἀψύχους
373 837 431 872 τε
458 821 552 873 καὶ
580 823 794 888 κωφοὺς
823 821 1075 889 ἡγεῖσθαι
1103 821 1257 884 θεούς
1280 838 1294 885 ;
1327 820 1516 891 ὥσπερ
1541 824 1668 875 τού-

121 912 315 963 ναντίον
360 911 420 963 τὸ
451 911 735 963 πείθεσθαι
784 912 975 975 ἀνοίας
1017 914 1135 965 ἐστὶ
1170 914 1389 982 μεστὸν,
1423 914 1516 965 καὶ
1548 912 1668 966 οὐδὲ

124 1002 307 1070 μανίας
363 1002 666 1072 ἐλεύθερον.
726 1003 1033 1071 Ὀργισθεὶς
1086 1004 1177 1056 ἐπὶ
1224 1008 1337 1066 τοῖς
1371 1004 1669 1073 ῥηθεῖσινὸ

123 1092 414 1163 τύραννος,
476 1095 611 1164 πρὸς
662 1095 984 1163 καινοτέραν
1035 1096 1297 1164 τρέπεται
1361 1096 1666 1163 τιμωρίαν’

120 1182 251 1235 λίθοι
284 1183 338 1237 δὲ
362 1184 457 1236 καὶ
486 1184 705 1252 σίδηρος
733 1183 833 1253 τὴν
853 1184 1110 1253 τοιαύτην
1138 1184 1367 1254 βάσανον
1392 1184 1672 1237 διεσκεύα-

120 1273 228 1337 ζον,
257 1276 302 1327 oi
337 1276 433 1343 μὲν
464 1274 571 1326 τῶν
594 1274 979 1344 τιμωρητικῶν
1012 1277 1257 1346 ὀργάνων
1283 1277 1422 1330 κατά
1457 1294 1519 1345 γε
1569 1277 1669 1339 τάς

120 1366 311 1432 ’γωνίας
345 1364 725 1434 ἐξηρτημένοι,
758 1369 787 1420 6
824 1366 1041 1438 σίδηρος
1077 1367 1131 1420 δὲ
1162 1370 1225 1436 τῇ
1256 1368 1363 1420 τῶν
1395 1368 1557 1421 λίθων
1584 1368 1674 1438 βίᾳ

121 1457 229 1510 ἄνω
260 1472 315 1507 τε
362 1457 460 1508 καὶ
511 1456 665 1510 κάτω
701 1461 941 1529 συνεχῶς
974 1459 1414 1529 περισπώμενος,
1448 1462 1676 1515 κατατέ-

123 1565 268 1617 μνειν
287 1548 427 1602 οὔτω
450 1551 544 1602 καὶ
569 1552 903 1622 σπαράττειν
935 1549 1046 1623 εἷχε
1079 1552 1138 1605 τὺ
1159 1555 1317 1623 σῶμα
1346 1556 1442 1623 τῆς
1473 1557 1678 1626 μάρτυ-

121 1656 233 1711 ρος.
268 1641 353 1705 Ὠς
382 1642 437 1695 δὲ
471 1647 566 1699 καὶ
600 1648 631 1716 η
666 1646 885 1708 κόλασις
920 1631 1058 1716 αὕτη
1088 1646 1393 1716 παρείληφε
1422 1651 1521 1715 τὴν
1558 1666 1679 1716 γεν-

1767 559 1946 604 autem
1980 566 1994 603 :
2025 548 2255 612 Suades,
2283 548 2479 619 inquit,
2520 547 2698 611 nobis,
2728 561 2761 601 o
2801 544 2987 616 iudex,
3026 553 3085 599 ut
3130 544 3331 614 aliquid

1768 643 2041 714 sapienter
2067 642 2335 697 faciamus
2357 652 2458 697 :‘et
2502 641 2763 711 quidnam
2815 638 3007 694 fecerit
3063 636 3333 707 quispiam

1772 734 2094 805 sapientius,
2129 750 2289 803 quam
2319 749 2427 788 nou
2466 730 2808 803 persuaderi,
2840 740 2900 785 ut
2924 729 3132 800 lapides
3163 726 3335 781 inani-

1771 843 1890 883 mos
1933 836 1989 882 et
2023 827 2238 890 surdos,
2270 827 2405 881 deos
2466 825 2737 880 existimet
2770 822 3091 893 ?quomodo
3145 828 3336 875 contra

1770 917 2103 988 persuaderi,
2158 917 2376 986 plenum
2440 927 2523 972 est
2581 915 2830 979 stultitia,
2867 924 2921 969 et
2951 928 3054 967 nec
3103 912 3339 966 liberum

1772 1009 1988 1078 quidem
2044 1009 2111 1064 ab
2172 1008 2403 1064 insania.
2466 1008 2561 1063 His
2635 1008 2792 1062 dictis
2850 1007 2928 1060 ira
2979 1005 3217 1076 percitus
3263 1013 3341 1076 ty-

1772 1116 2005 1165 rannus,
2036 1102 2103 1155 ad
2125 1116 2324 1156 novum
2355 1102 2697 1156 convertitur
2728 1099 3079 1171 supplicium.
3107 1098 3342 1169 Lapides

1773 1202 1954 1246 autem
1980 1202 2035 1248 et
2066 1195 2270 1248 ferrum
2300 1194 2404 1248 tale
2448 1201 2781 1249 tormentum
2819 1193 3220 1246 instruxerunt.
3260 1189 3341 1245 Illi

1773 1285 1991 1353 quidem
2034 1301 2064 1339 a
2106 1296 2503 1341 tormentorum
2538 1285 2923 1339 instrumentis
2965 1283 3215 1354 suspensi
3246 1297 3344 1353 per

1776 1376 2020 1445 angulos,
2073 1376 2278 1430 ferrum
2332 1386 2514 1431 autem
2574 1375 2831 1431 violentia
2867 1375 3109 1444 lapidum
3145 1387 3346 1444 susque

1777 1470 1951 1537 deque
1999 1469 2216 1524 assidue
2263 1477 2579 1533 atlractum,
2624 1466 2699 1522 sic
2779 1466 3089 1521 lacerabant
3146 1480 3347 1534 corpus

1778 1559 2022 1629 virginis.
2056 1559 2192 1613 Cum
2246 1570 2427 1614 autem
2471 1560 2554 1615 sic
2617 1559 2957 1613 cruciaretur
3006 1558 3179 1627 virgo,
3241 1573 3346 1613 nec

1782 1650 2042 1704 muliebre
2077 1649 2281 1719 aliquid
2315 1665 2426 1719 prae
2460 1666 2517 1704 sc
2549 1650 2719 1705 ferret
2770 1659 2861 1705 aut
2914 1650 3201 1716 illiberale,
3249 1648 3345 1704 sed

121 1733 293 1797 ναίαν,
333 1734 485 1787 οὐδὲν
541 1736 855 1805 πάσχουσαν
900 1739 1210 1806 γυναικεῖον
1263 1739 1373 1791 οὐδ’
1427 1742 1675 1808 ἀγεννὲς,

131 1822 239 1840 ,με
646 1826 671 1836 -
863 1829 874 1840 .
1055 1831 1335 1840 --.--
1578 1831 1601 1840 -

1786 1740 1892 1794 Deo
1923 1740 2087 1794 etiam
2121 1746 2307 1809 ageret
2358 1740 2578 1809 gratias,
2616 1750 2840 1809 propter
2869 1755 3028 1809 quem
3063 1740 3178 1796 haec
3204 1738 3347 1794 fere-

118 1822 251 1875 ἀλλά
285 1824 377 1876 καί⁵
406 1826 781 1892 ὁμολογοῦσαν
812 1829 973 1898 χάριν
1012 1831 1089 1900 τῷ
1119 1832 1188 1885 δι’
1209 1832 1267 1885 ὃν
1311 1832 1471 1902 ἔφερε
1505 1831 1675 1885 ταῦτα

120 1914 255 1984 Θεῷ,
294 1918 349 1968 al
385 1917 483 1985 μὲν
503 1917 612 1968 τῶν
645 1916 857 1986 δημίων
894 1918 1101 1988 ἔκαμον
1138 1925 1319 1994 χεῖρες
1356 1926 1417 1993 τῇ
1456 1930 1673 1995 μηχανῇ

119 2005 244 2068 τοὺς
293 2005 473 2072 λίθους
515 2009 830 2073 ἑλκύουσαι,
863 2014 914 2063 ot
966 2013 1103 2066 λίθοι
1152 2015 1207 2067 δὲ
1243 2015 1402 2069 πάλιν
1455 2017 1518 2068 ἐκ
1557 2016 1678 2084 βίας

119 2095 419 2166 ἑλκόμενοι,
463 2101 864 2171 συνετρίϐησάν
895 2120 953 2155 τε
993 2106 1086 2157 καὶ
1118 2107 1200 2168 εἰς
1235 2106 1406 2176 μικρὰ
1431 2106 1677 2175 διελύθη-

122 2204 242 2244 σαν.
276 2188 335 2242 Ἦ
361 2190 423 2243 δὲ
460 2191 672 2262 μάρτυς
730 2194 946 2265 ἀπαθὴς
1008 2195 1143 2260 ὅλως
1202 2199 1261 2250 ὲν
1316 2198 1524 2261 τούτοις
1580 2199 1678 2251 ἑω-

120 2281 272 2349 piso.

196 2373 291 2427 Μ’.
337 2373 474 2426 Ἀλλ’
507 2374 628 2427 οὐδὲ
662 2376 831 2440 οὕτως
861 2379 888 2431 ό
912 2379 1153 2451 Πρίσκος
1180 2382 1278 2452 τῆς
1301 2385 1466 2454 ὀργῆς
1497 2384 1683 2454 κρείσ-

118 2480 230 2517 σων
268 2461 333 2535 ἦν
369 2465 462 2518 καὶ
492 2466 600 2518 τῶν
630 2467 927 2533 κολάσεων,
957 2471 1131 2525 δεινὸν
1160 2474 1257 2543 μὲν
1289 2472 1430 2527 εἶναι
1472 2476 1565 2527 καὶ
1593 2494 1682 2543 γε-

117 2554 261 2607 λοῖον
288 2554 608 2624 ἡγούμενος,
634 2560 679 2610 εἰ
705 2561 963 2627 γυναικὸς
985 2561 1163 2632 ἥττων
1190 2563 1400 2633 ὀφθείη.
1446 2566 1681 2634 Ἀγνοῶν

115 2644 178 2696 δὲ
205 2646 517 2717 παράφορος
551 2647 627 2711 ὡς
656 2650 775 2720 ούχὶ
812 2651 888 2721 τῷ
915 2652 1198 2722 βιάζεσθαι
1235 2656 1520 2726 κρείττων,
1548 2658 1683 2711 ἀλλὰ

116 2733 198 2801 τῷ
229 2735 301 2805 μὴ
349 2737 557 2793 πείθειν
610 2742 810 2812 μᾶλλον
842 2745 1053 2814 ἑωρᾶτο
1086 2748 1461 2815 νενικημένος,
1494 2748 1685 2819 ὥσπερ

114 2825 425 2884 τούναντίον
456 2832 487 2900 ἠ
514 2831 722 2903 μάρτυς
767 2836 845 2905 τῷ
874 2834 948 2905 μὴ
986 2836 1091 2888 τῶν
1125 2837 1376 2906 βασάνων
1398 2839 1682 2908 ἡττᾶσθαι,

114 2918 220 2990 τὴν
262 2922 418 2990 νίκην
461 2924 651 2993 ἤρατο.
708 2928 1048 2996 Προστάττει
1102 2930 1393 2999 τοιγαροῦν
1450 2932 1590 2985 κατά
1627 2934 1685 2985 τὸ

115 3013 217 3066 τοῦ
258 3014 471 3067 σταδίου
520 3019 874 3085 μεσαίτατον,
927 3021 1129 3075 λάκκον
1178 3024 1440 3095 ὀρυγῆναι
1488 3027 1684 3096 μέγαν,

1781 1836 1894 1895 bat,
1928 1836 2157 1892 defessae
2205 1837 2422 1907 quidem
2486 1847 2643 1893 erant
2694 1837 2947 1892 lictorum
2981 1851 3193 1902 manus,
3225 1848 3349 1889 ma-

1779 1927 1939 1981 china
1975 1926 2256 1983 trahentes
2284 1929 2515 1999 lapides,
2570 1944 2764 1984 rursus
2802 1944 2931 1984 vero
2965 1928 3195 1997 lapides,
3253 1927 3349 1995 qui

1778 2015 1830 2069 vi
1863 2015 2235 2081 trahebantur,
2270 2018 2493 2071 contriti
2539 2026 2737 2081 erant,
2777 2026 2833 2071 et
2887 2018 2942 2070 in
2978 2017 3185 2071 minuta
3245 2014 3353 2071 fra-

1776 2113 1991 2177 gmenta
2030 2106 2297 2161 dissoluti.
2330 2108 2530 2179 Martyr
2566 2118 2747 2164 autem
2772 2109 2827 2163 in
2868 2107 2955 2163 bis
2982 2107 3203 2163 omnino
3236 2121 3352 2162 cer-

1778 2197 2011 2256 nebatur
2038 2197 2227 2255 illaesa.

1853 2383 1945 2439 XI.
1977 2377 2082 2437 Sed
2115 2396 2184 2436 ne
2216 2382 2292 2438 sic
2337 2383 2559 2452 quidem
2605 2381 2822 2438 Priscus
2868 2381 3003 2437 iram
3052 2380 3261 2436 remisit
3301 2392 3354 2437 et

1782 2475 2075 2543 supplicia,
2112 2489 2278 2543 grave
2337 2476 2557 2543 quidem
2588 2490 2709 2529 esse
2744 2474 3015 2529 arbitrans
3070 2484 3125 2527 et
3152 2473 3361 2527 ridicu-

1782 2566 1918 2627 lum,
1949 2565 1992 2620 si
2024 2564 2302 2619 videretur
2334 2565 2582 2633 superari
2617 2580 2659 2631 ur
2674 2564 2895 2619 femina.
2927 2562 3035 2619 Sed
3064 2564 3355 2633 ignorabat

1785 2657 2033 2722 stolidus,
2055 2656 2199 2726 quod
2232 2672 2339 2710 non
2369 2672 2435 2711 eo
2474 2657 2615 2726 quod
2652 2657 2762 2711 vim
2788 2656 3032 2722 afferret,
3082 2655 3355 2725 superior,

1786 2750 1880 2804 sed
1906 2764 1971 2804 eo
1999 2749 2140 2819 quod
2175 2764 2284 2803 non
2325 2748 2703 2818 persuaderet,
2766 2748 2943 2803 victus
2994 2750 3175 2818 potius
3203 2747 3357 2803 vide-

1786 2850 1957 2894 retur.
1991 2838 2155 2897 Jubet
2184 2855 2316 2909 ergo
2366 2840 2419 2894 in
2454 2839 2634 2894 medio
2673 2841 2850 2896 stadio
2879 2840 3039 2896 effodi
3105 2855 3356 2910 magnam

1787 2930 2103 2994 cisternam,
2132 2945 2271 2997 aqua
2304 2939 2484 2983 autem
2523 2931 2755 2999 impleri,
2798 2939 2855 2984 et
2897 2932 2951 2984 in
3008 2947 3124 2986 eam
3183 2931 3355 3001 injici,

1788 3035 2123 3090 quaecunque
2156 3019 2456 3073 animantia
2482 3020 2772 3075 carnivora
2800 3020 2897 3075 alit
2950 3037 3119 3075 mare.
3155 3020 3356 3076 Deinde

115 3104 318 3168 ὕδατός
362 3123 419 3158 τε
471 3111 779 3181 πλησθῆναι
816 3117 908 3166 καὶ
935 3114 1100 3184 θηρία
1140 3118 1315 3185 τούτῳ
1346 3118 1689 3187 ἐμϐληθῆναι

1788 3110 1954 3176 jussit
1990 3109 2054 3164 iis
2086 3109 2178 3178 qui
2232 3110 2477 3170 aderant.
2530 3119 2589 3163 ut
2626 3117 2915 3180 martyrem
2956 3108 3358 3179 quamprimum

112 3198 223 3250 ὃσα
253 3196 316 3270 δὴ
351 3203 663 3272 σαρκοϐόρα
695 3203 936 3256 θάλασσα
961 3208 1169 3275 τρέφει,
1220 3202 1322 3259 εἷθ’
1355 3206 1527 3270 οὕτως
1551 3209 1689 3261 ’ἐκέ-

114 3290 246 3342 λευε
272 3292 381 3354 τοῖς
416 3294 843 3360 παρισταμένας
868 3296 1099 3366 ἀγαγεῖν
1131 3315 1189 3351 τε
1217 3300 1292 3362 ὡς
1316 3300 1476 3370 τάχος
1508 3301 1601 3354 καλ⁵
1631 3304 1688 3356 ὲν

114 3381 273 3453 αὐτῷ
327 3382 574 3436 καθεῖναι
626 3384 726 3455 τὴν
786 3385 1060 3458 μάρτυρα,
1115 3388 1321 3460 βρῶσιν
1383 3390 1526 3445 οὕτω
1577 3396 1688 3457 τοῖς

112 3474 337 3542 θηρίοις
359 3475 578 3545 ἕτοιμον
607 3479 888 3548 ἐσομένην.
912 3480 996 3541 Ὠς
1031 3480 1124 3533 οὖν
1150 3482 1290 3548 ἔγνω
1326 3482 1483 3535 τοῦτο
1517 3485 1548 3553 ἡ
1578 3503 1688 3553 μα-

112 3566 293 3635 καρία
316 3566 646 3637 αὐτόκλητος
659 3573 1008 3639 παραστᾶσα,
1033 3570 1279 3634 ὡνείδιζέ
1296 3588 1354 3625 τε
1376 3572 1468 3627 τὸν
1489 3575 1687 3643 τύρανο

110 3676 212 3713 νον
242 3660 328 3726 ἐφ’
358 3654 435 3720 οἷς
461 3658 637 3725 οὕτως
664 3660 949 3729 ἀνηνύτοις
976 3661 1253 3733 ἐπεχείρει
1294 3664 1436 3717 κατὰ
1462 3666 1570 3719 τῶν
1595 3666 1689 3719 τοῦ

109 3750 367 3816 Χριστοῦ
391 3751 616 3815 δούλων,
661 3754 799 3821 μετὰ
825 3753 920 3806 τοῦ
952 3755 1119 3817 κακὸς
1150 3755 1438 3824 φαίνεσθαι
1473 3758 1567 3810 καὶ
1597 3757 1692 3824 γέ·

108 3842 272 3893 λωτα
321 3840 527 3911 δφλειν,
576 3838 697 3895 εἶτα
749 3844 847 3907 τάς
880 3848 1067 3915 χεῖρας
1110 3847 1188 3908 είς
1217 3848 1450 3919 οὐρανὸν
1481 3849 1693 3901 ἀνατεί-

109 3950 286 3998 νασα,
344 3934 440 4010 καὶ
490 3933 741 4001 δακρύων
782 3936 908 3997 τοὺς
960 3935 1273 4006 ὀφθαλμοὺς
1323 3938 1594 4009 πλήσασα,
1621 3940 1692 3992 Τὸ

108 4028 240 4094 φῶς
282 4042 382 4093 μου
412 4023 618 4093 ἔλεγεν,
659 4026 856 4095 Ἰησοῦ.
902 4028 962 4080 τὸ
1009 4028 1143 4100 ἐμὸν
1196 4030 1476 4102 καύχημα,
1513 4035 1545 4101 ἡ
1579 4033 1685 4104 ἐμὴ

108 4120 261 4186 ζωὴ,
295 4122 322 4173 6
348 4121 448 4191 τῆς
482 4120 620 4191 ἐμῆς
656 4123 938 4186 ἀσθενείας
967 4124 1278 4196 ἐπίκουρος,
1311 4128 1339 4178 6
1377 4128 1435 4179 ἐν
1466 4127 1693 4198 ἀπόροις

106 4213 455 4284 εὐμήχανος,
493 4215 521 4266 6
556 4215 797 4284 γαστέρα
844 4218 941 4284 μὲν
985 4217 1150 4287 θηρὸς
1196 4218 1395 4285 δείξας,
1431 4219 1594 4272 καλὸν
1617 4220 1693 4290 τῷ

124 4307 295 4376 Ἰωνᾷ
350 4306 615 4376 θάλαμον,
675 4308 905 4361 λεόντων
959 4308 1014 4360 δὲ
1071 4310 1314 4379 στόματα
1360 4312 1451 4363 τὸν
1498 4311 1695 4381 Δανιὴλ

103 4398 546 4465 δυσωπούμενα,
600 4399 761 4459 αὐτός
809 4417 896 4467 με,
927 4402 1188 4465 Δέσπρτα,
1217 4405 1282 4473 τῇ
1316 4406 1549 4474 κραταιᾷ
1594 4404 1695 4465 ¹καὶ

105 4489 330 4560 ἀμάχῳ
369 4506 464 4544 σου
519 4489 667 4555 δεξιᾶ
723 4492 1010 4556 διάσωσον,
1070 4494 1228 4566 δόξης
1290 4495 1387 4566 μὲν
1442 4497 1698 4550 ὑπόθεσιν

106 4582 424 4653 γινομένην
454 4582 563 4636 τῶν
598 4583 904 4654 σεϐομένιρν
937 4585 995 4636 τὸ
1030 4587 1230 4655 κράτος
1274 4606 1393 4653 σου,
1434 4590 1696 4659 αἰσχύνης

102 4679 177 4733 δὲ
212 4678 312 4730 καὶ
334 4677 556 4745 ἀτιμίας
589 4677 696 4729 τῶν
729 4677 939 4730 ἀσεϐῶν
973 4678 1282 4747 πληροῦσαν
1310 4680 1377 4733 τά
1404 4683 1693 4750 πρόσωπα.

104 4768 304 4839 Οὕτω⁸
349 4768 799 4837 προσευξαμένη,
859 4770 952 4820 καὶ.
1005 4772 1421 4842 σφραγισαμένη
1465 4774 1568 4840 ὅλῳ
1622 4775 1698 4842 τῷ

109 4859 372 4926 σώματι,
414 4860 637 4930 ἐνήλατο
686 4860 764 4929 τῷ
810 4859 961 4913 ὕδατι
1020 4863 1163 4931 μάλα
1209 4864 1490 4930 γενναίως,
1537 4868 1603 4918 τὰ
1643 4867 1698 4919 δὲ

106 4948 303 5020 Θῑιρία
334 4949 565 5019 προσῄει
611 4952 708 5017 μὲν
741 4951 902 5013 εὐθὺς
960 4953 1099 5019 μετὰ
1135 4954 1336 5023 πολλῆς
1354 4956 1463 5026 ’τῆς
1499 4958 1696 5026 ὁρμῆς.

123 5042 231 5103 Ὠς
278 5040 338 5092 δὲ
384 5041 475 5093 καὶ
503 5040 667 5107 ἐγγὺς
708 5042 802 5092 τοῦ
856 5043 1194 5112 μαρτυρικοῦ
1227 5047 1435 5114 χρωτὸς
1472 5048 1699 5116 γένοιτο,

1796 3202 2150 3265 adducerent,
2182 3210 2236 3256 et
2264 3203 2317 3255 in
2347 3218 2464 3256 eam
2499 3199 2809 3270 injicerent.
2835 3202 2912 3256 sic
2972 3203 3221 3272 protinus
3267 3217 3363 3257 ex-

1794 3291 2058 3347 edendam
2112 3306 2143 3344 a
2187 3291 2393 3345 bestiis.
2447 3291 2734 3360 Postquam
2780 3282 2908 3359 ergo
2958 3292 3211 3361 cognovit
3260 3292 3363 3346 hoc

1795 3386 1972 3448 beata,
2024 3398 2121 3437 sua
2178 3393 2373 3453 sponte
2423 3391 2628 3445 astans,
2691 3383 3053 3453 exprobrabat
3114 3395 3359 3453 tyranno.

1793 3476 1937 3543 quod
1987 3490 2074 3530 res
2132 3474 2517 3545 aggrederetur
2568 3464 2704 3529 adeo
2762 3472 3064 3528 inefﬁcaces
3102 3473 3366 3529 adversus

1792 3565 1997 3620 Christi
2057 3580 2246 3620 servos
2287 3582 2301 3617 :
2353 3574 2407 3617 ct
2440 3565 2582 3633 quod
2640 3566 2912 3621 videretur
2968 3566 3268 3635 improbus,
3308 3574 3364 3619 et

1795 3658 2087 3712 haberetur
2112 3654 2366 3710 ludibrio.
2410 3654 2615 3709 Deinde
2667 3673 2788 3709 cum
2823 3671 3015 3710 manus
3046 3657 3101 3709 in
3162 3656 3361 3710 coelum

1794 3750 2129 3812 sustulisset,
2192 3757 2247 3803 et
2294 3749 2482 3807 oculos
2555 3747 2840 3817 implesset
2885 3747 3133 3818 lacrymis
3192 3748 3363 3801 :l.ux

1796 3857 1933 3905 mea,
1985 3842 2139 3902 dixit,
2178 3840 2325 3905 Jesu,
2356 3857 2470 3895 mea
2502 3841 2776 3912 gloriatio,
2807 3856 2927 3895 mea
2963 3842 3091 3903 vita,
3148 3842 3363 3916 adjut0r

1795 3947 1927 3990 mere
1974 3932 2385 3993 imbecillitatis,
2430 3934 2524 4000 qui
2588 3932 2642 3985 in
2700 3933 2861 3986 rebus
2906 3918 3100 3985 dubiis
3152 3932 3362 3985 facilem

1794 4032 1997 4079 exitum
2056 4024 2270 4079 invenis
2334 4042 2346 4078 :
2402 4025 2493 4093 qui
2566 4024 2757 4078 bellum
2810 4022 3024 4091 quidem
3092 4033 3361 4086 ventrem,

1794 4113 1946 4171 Jonas
1975 4114 2262 4184 pulchrum
2327 4114 2501 4168 fecisti
2550 4114 2874 4177 thalamum,
2915 4114 3130 4167 leonum
3182 4121 3361 4165 autem

1795 4218 1887 4256 ora
1918 4202 2151 4257 revereri
2186 4201 2482 4262 Danielem,
2514 4210 2571 4253 tu
2620 4215 2727 4263 me,
2784 4200 3032 4263 Domine,
3069 4200 3243 4252 valida
3310 4211 3365 4253 et

1799 4295 2000 4349 invicta
2029 4302 2123 4349 tua
2154 4307 2418 4349 conserva
2448 4292 2693 4356 dextera,
2731 4300 2793 4346 ut
2826 4292 2926 4345 sim
2960 4292 3177 4361 quidem
3206 4307 3363 4362 argu-

1800 4397 2040 4443 mentum
2072 4388 2256 4459 glorim
2290 4387 2374 4449 iis,
2420 4386 2512 4456 qui
2572 4394 2720 4440 tuam
2758 4385 2947 4445 colunt
2997 4385 3291 4455 potentiam
3349 4400 3362 4436 :

1734 4462 1773 4513 ί)
1804 4482 1983 4535 vultus
2006 4490 2193 4534 autem
2226 4479 2541 4547 impiorum,
2567 4476 2837 4531 dedecore
2857 4477 3109 4545 impleam
3129 4486 3183 4529 et
3212 4476 3365 4557 igno-

1801 4574 1989 4628 minia.
2023 4572 2155 4627 Cum
2186 4570 2266 4625 sic
2296 4576 2513 4638 precata
2548 4577 2787 4633 esset,et
2844 4582 2905 4623 se
2958 4576 3071 4625 toto
3102 4568 3365 4639 signasset

1800 4677 2049 4732 corpore,
2076 4662 2131 4714 in
2164 4672 2360 4730 aquam
2394 4659 2515 4715 forti
2548 4668 2601 4713 et
2628 4674 2896 4727 generoso
2923 4662 3107 4714 animo
3138 4662 3365 4717 insiluit.

1802 4755 1995 4810 Bestiae
2018 4762 2197 4808 autem
2232 4752 2481 4823 protinus
2520 4750 2741 4818 quidem
2766 4766 2890 4805 cum
2916 4767 3107 4822 magno
3162 4752 3365 4823 impetu

1800 4852 2493 4913 arcesserunt;postquam
2545 4856 2671 4896 vero
2702 4842 2922 4895 fuerunt
2953 4857 3123 4911 prope
3170 4858 3370 4914 corpus

1804 4941 2073 5011 martyris,
2103 4938 2205 4993 cibi
2230 4936 2453 4989 omnino
2490 4944 2617 4989 sunt
2665 4934 2865 4998 oblitae,
2895 4943 2949 4986 et
3000 4935 3198 4986 functa:
3243 4948 3370 4988 sunt

1802 5049 2026 5089 munere
2058 5030 2348 5084 satellitum
2379 5044 2393 5080 :
2437 5036 2494 5082 et
2524 5036 2812 5097 martyrem
2844 5027 3201 5094 excipientes.
3247 5042 3366 5080 eam

1802 5126 1976 5181 dorsis
2014 5122 2126 5177 suis
2154 5123 2516 5183 sustinebant,
2555 5121 2779 5190 perinde
2815 5136 2879 5176 ac
2916 5122 2960 5173 si
3013 5121 3134 5188 ejus
3181 5137 3369 5175 curam

1802 5225 2076 5287 gererent,
2108 5232 2178 5270 ne
2213 5215 2341 5284 quid
2381 5213 2431 5266 ei
2465 5230 2628 5284 grave
2663 5214 2909 5268 eveniret
2959 5214 3012 5267 in
3046 5227 3240 5281 aquam
3271 5214 3367 5266 de-

1804 5308 2106 5363 sccndentl.

102 5133 342 5201 τροφῆς
370 5132 505 5195 ὅλως
543 5132 956 5198 ἐπελανθάνετο,
989 5137 1079 5187 καὶ
1107 5136 1421 5206 δορυςιόρων
1450 5140 1702 5209 ἀπεπλή-

111 5238 227 5291 pou
255 5222 435 5289 τάξιν.
468 5223 576 5275 Καὶ
598 5223 935 5276 ὑπολαϐόντα
959 5226 1056 5295 τὴν
1083 5228 1356 5296 μάρτυρα,
1385 5230 1570 5293 νώτοις
1591 5235 1703 5294 τοῖς

104 5312 350 5364 ἑαυτῶν
379 5313 589 5381 ἀνεῖχον
618 5315 779 5365 οἱονεὶ
819 5317 1076 5381 πρόνοιαν
1098 5314 1267 5380 αὐτῆς
1295 5316 1505 5385 ἔχοντα,
1549 5321 1622 5387 μή
1652 5337 1701 5371 τι

112 5403 222 5456 καὶ
249 5403 431 5455 δεινὸν
463 5405 728 5471 ὑποσταίη
763 5407 1195 5472 προσκαταϐἄσα
1227 5407 1302 5471 τῷ
1334 5409 1505 5461 ὕδατι.

193 5494 307 5549 IB'.
355 5496 413 5545 ὐ
443 5498 497 5548 δὲ
535 5498 790 5566 Πρίσκος,
826 5497 1150 5566 συμϐάλλων
1174 5502 1230 5551 ὲν
1277 5500 1452 5569 ἐαυτῷ
1503 5501 1569 5553 τά
1602 5519 1705 5553 πα-

112 5589 380 5660 ραδόξως
409 5589 734 5657 τελούμενα,
770 5590 1082 5662 διηπορεῖτο
1117 5590 1215 5659 μὲν
1244 5594 1335 5647 καὶ
1371 5594 1698 5663 ἐθαύμαζεν.

123 5680 478 5749 ’Λναϐλέψαι
527 5680 583 5732 δὲ
635 5684 769 5752 πρὸς
804 5684 863 5735 τὸ
926 5683 1128 5753 φέγγος
1178 5682 1273 5753 τῆς
1303 5684 1580 5755 ἀληθείας,
1612 5689 1704 5739 καὶ

111 5781 379 5834 συνεῖναι
424 5776 505 5842 τίς
536 5778 568 5849 η
600 5776 705 5831 τῶν
745 5780 1044 5849 γινομένων
1093 5779 1315 5848 δύναμις
1352 5779 1455 5853 οὐχ
1493 5776 1602 5846 οἰός
1638 5798 1693 5834 τε

1875 5505 1993 5560 XII.
2026 5502 2239 5559 Priscus
2278 5513 2459 5555 autem
2496 5500 2637 5570 apud
2668 5515 2725 5554 se
2754 5497 3075 5568 conjiciens,
3118 5500 3237 5565 quae
3271 5497 3362 5551 fte-

1806 5599 1934 5652 bant
1970 5595 2380 5658 admirabiliter,
2412 5601 2530 5647 erat
2591 5592 2808 5661 quidem
2855 5591 3021 5645 animi
3055 5589 3268 5654 dubius,
3315 5598 3369 5643 et

1806 5688 2177 5743 admirabatur
2211 5701 2225 5739 :
2255 5701 2378 5739 cum
2417 5685 2662 5755 aspicere
2696 5692 2877 5737 autem
2904 5682 2970 5735 ad
3008 5681 3184 5734 lucem
3220 5684 3365 5732 veri-

1808 5781 1954 5847 tatis,
1988 5789 2039 5837 et
2074 5776 2372 5850 intelligere
2392 5792 2634 5847 quaenam
2665 5783 2810 5831 esset
2843 5788 3030 5830 eorum
3068 5786 3185 5842 quae
3209 5773 3363 5824 ilum.
