4156 6314
732 323 835 387 7ἳ7
1963 332 2248 398 MENSIS
2288 335 2329 396 S

2431 338 2763 404 TEMBER.
3888 349 3996 413 728

730 436 925 498 virtus,
960 450 1067 492 non
1124 445 1331 509 posset,
1394 441 1664 499 undeuam
1709 445 1815 502 hoc
1849 456 2018 513 esset,
2086 449 2315 522 rogabat

2431 451 2513 518 ὒν,
2532 453 2698 507 πόθεν
2729 453 2795 508 ἂν
2817 453 2903 525 εἴη
2935 452 3096 510 τοῦτο
3129 456 3264 527 πρὸς
3313 456 3403 512 τὸν
3439 458 3794 515 Ἀπελλιανδν
3830 462 3995 515 ἐπυν-

729 526 1098 595 Apellianum.
1146 528 1285 587 Ecce
1341 533 1510 600 enim,
1563 545 1622 589 ut
1672 536 1845 603 vides,
1914 547 1971 593 et
2020 538 2186 611 ignis,
2255 548 2309 595 et

2431 544 2623 600 lavero.
2641 546 2772 599 Ἰδοὺ
2806 546 2938 617 γὰρ,
2968 546 3044 609 ὡς
3073 526 3228 619 ὁρᾷς,
3251 547 3345 602 καὶ
3372 547 3504 619 πῦρ,
3526 551 3621 605 καὶ
3651 552 3886 622 πληγαὶ.
3907 552 3999 605 καὶ

730 618 920 689 plaga».
945 628 1000 674 et
1032 630 1185 686 rotae,
1218 626 1272 678 et
1302 619 1509 692 bestiae,
1533 625 1601 680 ab
1633 643 1741 683 una
1773 627 1976 684 femina
2005 631 2146 691 victa
2181 640 2311 687 sunt

2431 639 2620 709 τροχοὶ,
2650 638 2746 691 καὶ
2780 636 2967 706 θηρία,
2992 641 3121 707 μιᾶς
3152 618 3433 708 γγυναικδς
3456 618 3760 713 ἥττηνται-
3779 618 3995 701 πάντα.

731 709 937 764 omnia.
979 710 1073 767 Ille
1108 722 1289 768 autem
1323 714 1473 786 (quid
1529 718 1678 772 enim
1741 717 1885 775 aliud
1942 723 2313 779 existimasset

734 802 969 859 scelesta
1014 804 1220 870 anima,
1260 813 1317 862 et
1349 808 1415 862 ad
1448 808 1689 864 divinam
1721 812 1899 867 lucem
1931 812 2091 884 plane
2137 831 2313 871 caecu-

733 894 931 965 tiensi)
962 897 1250 968 praestigiis
1277 908 1331 953 et
1370 900 1581 957 artibus
1608 903 1830 972 magicis
1850 906 2163 961 ascribcbat
2189 906 2314 961 uni-

734 999 979 1051 versum,
1027 996 1084 1041 et
1113 1002 1233 1041 eam
1268 989 1349 1043 sic
1383 990 1595 1047 dicebat
1647 987 1882 1060 σαίρω-ο,
1914 1004 1974 1049 ut
2031 1004 2177 1050 esset
2218 1011 2313 1051 su-

735 1079 945 1147 perior.
976 1079 1073 1135 Cui
1105 1081 1428 1150 proconsul,
1458 1084 1686 1154 perinde
1715 1100 1780 1140 ac
1806 1085 2010 1141 mentis
2042 1086 2314 1157 profunda

737 1181 1060 1239 penetrans,
1098 1184 1152 1229 et
1184 1173 1436 1230 altiorem
1466 1176 1734 1233 inducens
1768 1178 2252 1250 interrogationem
2298 1197 2311 1235 :

738 1260 852 1316 Cur
888 1270 1098 1328 autem,
1161 1264 1359 1334 inquit,
1409 1281 1520 1320 non
1574 1267 1671 1322 ulti
1723 1276 1849 1323 sunt
1894 1284 2012 1324 eam
2051 1269 2150 1335 dii,
2192 1285 2317 1326 eum

741 1354 917 1409 malos
957 1353 1085 1411 odio
1137 1356 1413 1412 habeant?
1471 1357 1564 1413 Ille
1603 1374 1733 1414 vero
1784 1376 1907 1416 cum
1963 1376 2073 1416 non
2130 1374 2321 1432 posset

738 1463 925 1503 veram
964 1450 1191 1505 reddere
1226 1452 1521 1517 rationem,
1548 1451 1973 1508 imbecillitatem
2001 1455 2320 1511 nominabat

737 1538 1128 1611 benignitatem
1176 1558 1191 1597 :
1249 1542 1386 1597 Cum
1436 1543 1564 1607 sint,
1638 1544 1834 1615 inquit,
1880 1545 2203 1611 clementes,
2269 1547 2321 1602 ei

738 1642 1133 1702 pepercerunt.
1159 1631 1383 1688 Interim
1408 1643 1633 1707 martyr,
1668 1650 1793 1689 cum
1825 1636 2037 1707 integra
2055 1646 2109 1693 ct
2154 1640 2321 1695 illaesa

737 1724 1053 1779 emersisset
1111 1740 1175 1779 ex
1232 1741 1391 1796 aqua,
1444 1726 1757 1783 videntibus
1839 1729 2115 1795 omnibus,
2148 1731 2323 1787 astitit

738 1831 927 1871 coram
958 1818 1311 1886 proconsule.
1347 1817 1590 1890 Tyranni
1651 1828 1835 1874 autem
1875 1819 2040 1874 simul
2091 1822 2234 1876 inter
2263 1839 2322 1879 se
2349 1794 2396 1854 Β

741 1907 1113 1971 disserebant,
1141 1922 1250 1962 non
1278 1909 1331 1961 in
1375 1910 1614 1976 occulto,
1644 1910 1738 1965 sed
1780 1911 1957 1981 palam
1986 1927 1998 1964 :
2035 1912 2106 1967 ita
2142 1922 2198 1968 ut
2227 1914 2320 1984 qui

741 2001 996 2066 aderant,
1036 2001 1312 2069 audirent,
1350 2012 1405 2058 et
1438 2004 1644 2074 aliquid
1694 2005 2081 2062 Iucril‘acerent
2134 2023 2199 2063 ex
2255 2010 2322 2065 iis

739 2108 861 2162 quae
895 2092 1245 2158 dicebantur,
1278 2109 1409 2150 suos
1431 2096 1565 2152 deos
1591 2106 1687 2152 aut
1718 2098 1995 2154 daemones
2018 2099 2322 2160 defenden-

743 2194 851 2253 tes,
886 2196 941 2242 et
962 2188 1264 2261 praestigias
1299 2197 1354 2243 et
1407 2199 1580 2244 artem
1620 2193 1885 2261 magicam
1948 2193 2325 2249 attribuebant

743 2279 993 2350 martyri,
1028 2287 1083 2334 et
1130 2294 1193 2334 ea
1241 2279 1501 2334 dicebant
1563 2280 1734 2349 ipsam
1800 2296 1970 2351 aquas
2013 2300 2322 2352 superasse.

744 2368 976 2441 Propter
1039 2373 1155 2426 haec
1194 2385 1317 2427 cum
1366 2368 1588 2426 Priscus
1650 2371 1814 2426 simul
1871 2387 1993 2427 cum
2052 2387 2327 2430 assessore

744 2465 1008 2535 perplexo
1039 2474 1226 2521 essent
1256 2466 1462 2532 animo,
1490 2475 1548 2522 et
1578 2466 1855 2521 nescirent
1886 2466 2143 2537 quidnam
2186 2468 2329 2525 face-

745 2558 872 2611 rent
902 2556 1159 2626 amplius,
1208 2567 1465 2627 tanquam
1498 2559 1553 2612 in
1611 2558 1900 2613 consilium
1955 2574 2108 2619 suam
2168 2562 2328 2617 adhi-

746 2648 944 2706 bentes
978 2648 1267 2712 saevitiam,
1311 2649 1378 2704 ad
1428 2651 1767 2720 puniendum
1801 2666 1994 2708 rursus
2031 2668 2088 2708 se
2131 2665 2327 2709 contu-

744 2736 951 2796 lerunt.
988 2741 1129 2808 Quid
1163 2743 1307 2799 enim
1328 2755 1554 2815 possent
1594 2746 1740 2800 aliud
1770 2747 1969 2811 facere,
1996 2763 2119 2805 cum
2140 2756 2332 2803 essent

746 2833 1002 2904 discipuli
1037 2833 1177 2904 ejus,
1223 2834 1313 2905 qui
1371 2834 1473 2890 fuit
1503 2835 1774 2891 homicida
1827 2836 1894 2890 ab
1951 2835 2110 2891 initio
2141 2835 2201 2890 "I
2250 2835 2329 2889 Illi

748 2940 881 2997 ergo
916 2942 1109 2982 rursus
1164 2927 1584 2993 exsculpserunt
1639 2927 1868 2999 lapides,
1912 2937 1967 2983 et
2028 2927 2332 2983 eﬂecerunt

2426 727 2483 783 Ὀ
2512 730 2570 785 δὲ
2620 731 2733 800 (καὶ
2799 730 2854 785 τί
2896 732 3007 804 γὰρ
3037 731 3187 798 ἄλλο,
3231 733 3376 805 ψυχὴ
3410 735 3581 807 μιαρὰ
3611 736 3708 790 καὶ
3763 738 3905 807 πρὸς
3938 739 3996 792 τὸ

2416 824 2556 879 θεῖον
2606 823 2991 893 τυφλώττουσα
3061 826 3176 896 φῶς
3229 827 3495 881 ὑπέλαϐεν
3530 828 3666 897 ἂν;)
3718 830 3996 899 γοητείαις

2415 920 2586 974 ἐδίδου
2618 919 2680 972 τὸ
2721 921 2854 982 πᾶν,
2881 920 2977 974 καὶ
2997 914 3171 983 οὕτως
3222 921 3409 986 ἔλεγεν
3437 919 3572 991 αὐτῇ
3608 921 3991 989 περιγίνεσθαι

2416 1014 2483 1068 τὰ
2543 1012 2683 1067 κατὰ
2726 1012 2954 1082 γνώμην
3018 1012 3223 1067 ἀνύειν.
3287 1014 3435 1083 Πρὸς
3487 1014 3546 1067 ὃν
3582 1015 3612 1067 ὀ
3663 1013 4000 1077 ἀνθύπατος,

2417 1102 2605 1179 ὥσπερ
2634 1108 2714 1171 είς
2746 1104 2872 1159 νοῦν
2906 1105 3127 1176 βάπτων
3159 1104 3255 1158 καὶ
3289 1104 3596 1176 βαθυτέρας
3628 1108 3837 1177 φρενὸς
3864 1108 3998 1161 ἐπά-

2418 1217 2530 1267 γων
2559 1197 2917 1270 ἐρωτήματα,
2941 1197 3006 1250 τί
3031 1197 3089 1250 δὲ
3122 1197 3197 1267 μὴ
3222 1194 3500 1268 ἠμύναντο
3532 1196 3744 1266 ταύτην
3770 1198 3821 1250 οἱ
3869 1198 3998 1256 θεοί,

2418 1291 2545 1360 ἐφη,
2569 1291 2921 1361 μισοπόνηροι
2948 1288 3127 1352 δντες;
3154 1290 3261 1341 Καὶ
3310 1288 3371 1352 δς
3415 1286 3515 1341 οὐκ
3545 1288 3688 1358 ἔχων
3742 1289 3858 1342 ἀπὸ
3906 1289 4003 1355 τῆς

2419 1381 2677 1452 ἀληθείας
2711 1382 2907 1442 εἰπεῖν,
2939 1378 3353 1450 φιλανθρωπίαν
3382 1378 3635 1450 ὠνόμαζε
3680 1381 3787 1451 τὴν
3839 1379 4001 1433 ἀσθέ-

2420 1489 2589 1535 νειαν,
2619 1470 2882 1540 Εὐμενεϊς
2912 1473 3087 1534 ὀντες,
3110 1470 3307 1538 λέγων,
3334 1471 3618 1539 ἐφείσαντο
3644 1469 3881 1540 ταύτης.
3916 1470 4006 1522 Ἐν

2419 1560 2593 1632 τούτῳ
2627 1560 2750 1632 δὲή
2796 1560 3027 1632 μάρτυς,
3056 1560 3301 1629 ἀϐλαϐὴς
3347 1559 3441 1614 τοῦ
3496 1557 3685 1623 ὓδατος
3740 1560 4006 1623 άναδῦσα,

2422 1654 2642 1709 πάντων
2663 1653 2941 1725 δρώντων,
2967 1654 3218 1724 παρέστη
3241 1653 3322 1724 τῷ
3370 1652 3665 1723 ἀνθυπάτῳ
3689 1669 3704 1684 ·
3738 1654 3838 1707 καὶ
3892 1655 4008 1725 ἅμα

2434 1746 2568 1818 πρὸς
2603 1745 2873 1816 ἀλ)ήλους
2904 1748 2955 1800 oi
2993 1748 3249 1817 τύραννοι
3274 1745 3374 1801 οὐκ
3406 1747 3471 1799 ὲν
3498 1745 3864 1817 παραϐύστῳ,
3894 1744 4009 1799 ἀλλ’

2423 1838 2481 1892 ὲν
2510 1837 2587 1906 τῷ
2618 1839 2890 1909 προφανεῖ
2913 1838 3235 1906 διελέγοντο,
3259 1837 3335 1907 τῷ
3368 1836 3610 1900 καὶτοὺς
3639 1837 4013 1907 παρεστῶτας

2424 1928 2661 1993 ἀκούειν,
2692 1931 2785 1983 καὶ
2815 1930 3271 2000 παρακερδαινειν
3297 1948 3350 1983 τι
3396 1931 3503 1982 τῶν
3552 1931 3898 2000 λεγομένων,
3927 1926 4014 1997 ἐφ’

2423 2014 2504 2083 οἷς
2545 2020 2684 2091 ὑπὲρ
2733 2021 2842 2073 τῶν
2877 2020 3095 2073 οίκείων
3152 2019 3291 2073 θεῶν
3324 2017 3357 2090 ἢ
3394 2020 3666 2088 δαιμόνων
3703 2018 4013 2087 ἀπολογού-

2428 2126 2581 2177 μενοι
2612 2110 2869 2180 γοητείαν
2896 2112 2959 2182 τῇ
3000 2110 3237 2182 μάρτυρι
3282 2110 3585 2181 περιῆπτον
3624 2127 3642 2143 ο
3675 2112 3776 2164 καὶ
3839 2110 4017 2181 ταύτῃ

2425 2202 2609 2269 ἔλεγον
2666 2199 2941 2272 κρατῆσαι
2989 2202 3085 2255 καὶ
3118 2202 3228 2255 τῶν
3286 2202 3521 2258 ὑδάτων.
3560 2202 3684 2255 Ἐπὶ
3741 2202 3963 2264 τούτοις
3991 2202 4019 2255 δ

2427 2293 2662 2362 Πρίσκος
2709 2293 2823 2363 ἅμα
2862 2293 2939 2363 τῷ
2998 2292 3371 2364 συμπαρέδρῳ
3431 2295 3889 2364 διαπορούμενοι,
3919 2295 4014 2348 καὶ

2431 2384 2506 2455 μὴ
2540 2383 2752 2455 ἔχοντες
2778 2386 2914 2455 ὅπερ
2955 2384 3021 2438 ἂν
3046 2384 3288 2455 δράσωσι
3336 2385 3519 2450 πλέον,
3544 2385 3864 2455 σύμϐουλον
3916 2381 4021 2440 ὧσ-

2428 2494 2535 2547 περ
2565 2477 2662 2546 τὴν
2706 2476 2913 2530 οἰκείαν
2949 2476 3363 2547 παραλαϐόντες
3400 2471 3682 2547 ὠμότητα,
3712 2479 3814 2530 καὶ
3867 2474 4022 2541 αὖθις

2428 2567 2565 2635 πρὸς
2593 2566 2653 2619 τὸ
2680 2564 2930 2630 κολάζειν
2985 2567 3245 2638 ἐχώρουν.
3278 2566 3386 2621 Καὶ
3415 2568 3468 2621 τί
3522 2569 3629 2638 γὰρ
3683 2568 3822 2621 ἄλλο
3878 2565 4024 2638 εἶχον

2430 2663 2626 2724 ποιεῖν,
2660 2659 2902 2729 μαθηταὶ
2935 2659 3027 2714 τοῦ
3060 2660 3119 2725 ἐξ
3154 2661 3329 2731 ἀρχῆς
3374 2661 3841 2733 ἀνθρωποκτόνου
3892 2681 4023 2729 τυγ⁴

2429 2751 2684 2820 χάνοντες
2709 2765 2723 2816 ;
2745 2750 2893 2803 Λίθοι
2917 2750 3009 2803 οὖν
3026 2751 3187 2805 πάλιν
3212 2752 3396 2814 αὐτοῖς
3420 2754 3497 2816 είς
3519 2752 3614 2817 ὀξὺ
3634 2753 4031 2825 διεγλύιροντος

2430 2841 2702 2896 ὀϐελίσκοι
2736 2860 2794 2896 τε
2832 2843 3054 2913 σιδήρου
3092 2842 3189 2897 καὶ
3220 2843 3437 2909 πρίονες
3488 2845 3882 2915 ἔχαλκεύοντο,
3907 2842 4025 2899 εἶτα

2432 2937 2526 2988 καὶ⁵
2558 2934 2751 3005 βόθρον
2780 2935 3049 3005 ὀρυγῆναι
3079 2934 3466 3001 διεκελεύοντο,
3487 2936 3546 3000 ὃς
3602 2937 3841 3006 ἔμελλεν
3875 2938 4023 2989 ἔνδον

748 3030 942 3077 acutos
968 3019 1289 3090 ferreosque
1319 3021 1614 3089 obeliscos,
1660 3030 1716 3077 et
1746 3037 1928 3077 serras
1976 3030 2107 3080 sunt
2164 3021 2330 3078 labri-

2431 3026 2556 3089 τοὺς
2583 3025 2722 3090 ὀξεῖς
2753 3025 2973 3088 τούτους
3008 3026 3189 3090 λίθους
3222 3028 3319 3080 καὶ
3343 3026 3663 3089 ὀϐελίσκους
3704 3028 3807 3079 καὶ
3864 3028 4023 3096 πρίο-

749 3114 858 3170 cati
892 3133 905 3171 :
940 3114 1138 3171 deinde
1194 3114 1482 3186 jusserunt
1543 3115 1706 3170 etiam
1762 3115 1868 3171 l‘odi
1925 3115 2145 3180 fossam,
2214 3131 2330 3186 quae

2435 3136 2528 3180 νας
2570 3118 2797 3187 ἀφανεῖς
2827 3116 2969 3187 ἔχειν
2996 3118 3416 3187 ἐμπεπηγότας,
3458 3118 3647 3187 ὀλίγης
3698 3119 3862 3189 αὑτῷ
3920 3119 4020 3186 γῆς

749 3210 942 3259 acutos
967 3202 1070 3259 bos
1131 3203 1338 3274 lapides
1394 3214 1447 3260 et
1491 3205 1759 3261 obeliscos
1794 3216 1847 3261 et
1880 3221 2059 3263 serras
2098 3207 2330 3265 latentes

2431 3210 2784 3283 ἐπιχυθείσης
2810 3211 3040 3275 ἄνωθεν,
3059 3208 3199 3265 ὥστε
3231 3212 3328 3282 τὴν
3357 3212 3611 3285 μάρτυρα
3642 3213 3899 3266 διιοῦσαν
3930 3215 4026 3283 ἐμ·

748 3291 949 3349 inﬁxas
982 3303 1129 3349 esset
1153 3294 1431 3360 habitura,
1463 3310 1639 3365 pauca
1684 3308 1830 3352 terra
1863 3297 1912 3352 ei
1980 3298 2217 3367 desuper
2251 3298 2334 3352 in-

749 3383 896 3450 fusa,
933 3394 995 3439 ut
1025 3386 1333 3455 procedens
1371 3394 1599 3457 martyr,
1634 3386 1688 3439 in
1725 3401 1846 3441 eam
1892 3387 2211 3456 imprudens
2242 3388 2330 3440 in-

748 3475 983 3543 cideret,
1017 3486 1072 3531 et
1130 3476 1211 3531 sic
1259 3477 1531 3533 interiret.
1584 3477 1980 3535 Existimabam
2026 3481 2172 3536 enim
2224 3490 2334 3537 sto.

750 3563 870 3635 Iidi,
910 3584 1029 3624 eam
1061 3568 1152 3625 illa
1207 3571 1380 3625 solum
1434 3587 1597 3641 posse
1649 3573 1869 3627 vincere
1927 3582 2043 3627 arte
2095 3574 2326 3643 magica,

754 3676 988 3733 quorum
1021 3663 1127 3729 iam
1160 3662 1462 3732 accepisset
1502 3664 1654 3732 prius
1683 3664 2073 3733 cognitionem,
2113 3671 2168 3719 et
2206 3666 2330 3723 ideo

754 3756 1049 3811 studebant
1076 3753 1312 3819 efﬁcere,
1348 3764 1405 3811 ut
1439 3770 1548 3811 non
1580 3766 1727 3813 esset
1776 3756 2126 3819 manifestum
2177 3761 2330 3831 peri-

756 3848 964 3904 culum.
1006 3847 1112 3905 Eos
1146 3858 1326 3903 autem
1366 3848 1592 3913 latebat,
1631 3850 1777 3917 quod
1812 3858 1888 3915 tu,
1932 3848 2180 3915 Domine,
2229 3853 2323 3923 qui

756 3939 921 3995 corda
959 3938 1246 3994 hominum
1300 3952 1551 3994 seorsum
1612 3938 1835 4005 tinxisti,
1898 3956 1957 3997 es
1999 3956 2123 3998 cum
2175 3944 2326 4015 ipsis,

754 4040 812 4089 et
843 4031 1101 4102 intelligis
1131 4032 1313 4087 omnia
1347 4048 1514 4100 opera
1548 4032 1791 4101 ipsorum
1829 4032 1872 4088 ⁸.

829 4124 1157 4181 Xlll.Ccrte
1184 4140 1308 4180 cum
1337 4140 1459 4180 eam
1520 4135 1782 4196 urgerent
1830 4126 2088 4192 ministri,
2145 4137 2205 4183 ut
2247 4144 2342 4199 per

756 4236 883 4276 eum
914 4220 1092 4274 locum
1132 4217 1413 4283 transiret,
1450 4218 1503 4273 in
1562 4234 1669 4288 quo
1727 4219 1872 4276 fossa
1940 4220 2083 4277 facta
2140 4222 2339 4286 luerat,

758 4313 849 4368 illa
875 4312 1119 4382 quidem,
1153 4326 1277 4366 eum
1323 4311 1463 4366 nihil
1516 4311 1739 4367 omnino
1802 4313 2164 4382 praevidisset,
2216 4330 2337 4384 qua:

2434 3305 2619 3356 πεσεῖν
2646 3300 2797 3371 αὺτῷ
2837 3303 2979 3356 κατὰ
3005 3304 3064 3356 τὸ
3089 3304 3369 3369 λανθάνον,
3396 3307 3489 3359 καὶ
3534 3304 3679 3359 οὕτω
3713 3305 4029 3374 διαφθαρῆ-

2434 3412 2543 3448 ναι.
2581 3393 2861 3464 Ἐνόμιζον
2903 3395 3010 3464 γὰρ
3035 3396 3083 3448 οἱ
3114 3395 3346 3463 ἄφρονες
3406 3396 3634 3449 ἐκείνων
3695 3396 3866 3466 μόνον
3910 3398 4024 3449 ἑπι-

2434 3486 2807 3557 κρατεστέραν
2855 3484 3102 3553 γίνεσθαι
3152 3484 3242 3539 διὰ
3271 3486 3548 3555 γοητείας,
3575 3478 3654 3540 ὧν
3685 3486 3793 3557 ήδη
3823 3487 4024 3556 φθάσει

2436 3578 2534 3649 τὴν
2569 3578 2773 3645 γνῶσιν
2829 3578 3192 3650 παραλαϐεῖν.
3247 3579 3354 3633 Καὶ
3387 3579 3477 3633 διὰ
3528 3579 3690 3633 τοῦτο
3745 3580 4025 3635 ἔσπευσαν

2438 3669 2630 3740 ἄδηλον
2660 3671 2798 3741 αὐτῇ
2831 3673 2924 3725 τὺν
2953 3672 3200 3727 κίνδυνον
3223 3673 3484 3726 διαθεῖναι
3506 3690 3522 3706 ·
3548 3674 3815 3727 ὶλάνθανε
3843 3676 3906 3727 δὲ
3929 3674 4025 3728 αὖ·

2440 3763 2566 3828 τοὺς
2597 3765 2678 3818 ὁτι
2702 3765 2787 3827 σὺ,
2807 3763 2999 3835 Κύριε,
3030 3763 3147 3836 μετ’
3173 3764 3339 3834 αὐτῆς
3365 3762 3437 3829 εἴ,
3462 3768 3490 3819 ὁ
3522 3765 3665 3824 κατὰ
3686 3767 3867 3837 μόνας
3893 3764 4027 3819 πλά-

2446 3874 2542 3921 σας
2570 3857 2668 3917 “sic
2696 3858 2922 3929 καρδίας
2949 3858 3057 3913 τῶν
3081 3857 3407 3930 ἀνθρώπων.

2513 4130 2610 4187 ην.
2643 4132 2860 4201 ’Λμέλει
2892 4132 2988 4187 καὶ
3018 4131 3402 4189 συνωθούντων
3441 4133 3614 4203 αὐτὴν
3660 4134 3776 4188 τῶν
3816 4135 4024 4207 δπηρεο

2440 4222 2549 4275 τῶν
2580 4222 2648 4275 δι’
2691 4222 2859 4291 αὐτῆς
2902 4223 3152 4286 διελθεῖν,
3180 4223 3310 4276 ἔνθα
3348 4221 3413 4292 δὴ
3442 4224 3537 4276 καὶ
3565 4225 3593 4275 ὁ
3618 4222 3817 4291 βόθρος
3869 4226 4027 4291 {tr-57.

2443 4330 2573 4383 χανε
2605 4311 3038 4384 ῥᾳδιουργηθεὶς,
3066 4313 3248 4381 ἐκείνη
3275 4312 3440 4383 μηδὲν
3464 4312 3599 4375 ὅλως
3633 4315 4025 4385 προειόομένη,

763 4414 951 4461 autem
977 4404 1331 4459 cohabitabat
1372 4404 1564 4475 gratia,
1601 4404 1773 4475 ipsam
1833 4406 2161 4474 sublevaret,
2218 4423 2330 4477 per-

2443 4408 2539 4477 τῆς
2572 4406 2822 4460 συνοίκου
2854 4405 2910 4459 δὲ
2940 4405 3162 4475 χάριτος
3189 4406 3360 4475 αὐτὴν
3386 4405 3900 4477 ὐποκουφιζούσης,
3926 4409 4029 4462 διέο

762 4498 936 4553 currit
988 4511 1152 4567 supra
1203 4506 1572 4553 constructam
1632 4497 1858 4561 fossam,
1915 4498 2141 4567 perinde
2188 4515 2249 4553 ac
2296 4499 2340 4553 si

764 4600 966 4646 terram
993 4607 1101 4645 non
1150 4598 1419 4660 tangeret,
1475 4590 1571 4644 sed
1625 4590 1765 4644 alata
1819 4591 2051 4647 sublime
2091 4590 2342 4645 ferretur.

767 4684 974 4739 Deinde
996 4684 1127 4753 quid
1164 4683 1265 4738 lit?
1296 4682 1406 4738 Res
1438 4682 1606 4753 justa,
1648 4692 1703 4738 et
1737 4699 1830 4752 per
1861 4698 2023 4754 quam
2058 4684 2344 4754 cognosci-

764 4786 857 4832 tur
879 4779 1023 4832 Deus
1058 4776 1269 4848 judicia
1302 4776 1531 4840 faciens,
1567 4787 1623 4831 et
1656 4775 1860 4831 factum
1896 4792 2086 4831 revera
2118 4776 2340 4847 dignum

762 4886 827 4926 ea
880 4885 1000 4939 quae
1028 4869 1213 4925 omnia
1244 4871 1509 4931 intuetur,
1544 4864 1911 4922 Providentia.
1940 4866 2171 4933 Quidam
2193 4869 2341 4923 enim

766 4977 835 5016 ex
874 4962 939 5015 iis
964 4961 1055 5029 qui
1094 4970 1389 5032 martyrem
1420 4960 1800 5021 traducebant,
1850 4958 1986 5014 forte
2028 4958 2344 5028 ignorantes

770 5060 989 5122 paratas
1036 5051 1281 5116 insidias,
1316 5060 1371 5105 et
1445 5051 1716 5117 volentes,
1754 5056 2042 5120 postquam
2078 5050 2167 5104 illa
2227 5050 2344 5105 sine

768 5148 926 5216 lapsu
967 5143 1205 5206 transiit,
1256 5145 1448 5199 eodem
1480 5144 1557 5199 uti
1604 5144 1837 5198 transitu
1881 5163 1894 5198 :
1932 5154 1991 5198 ut
2059 5144 2108 5199 id
2148 5153 2342 5208 totum,

766 5239 913 5305 quod
940 5254 969 5291 a
1005 5238 1190 5293 divino
1222 5235 1422 5291 Davide
1462 5238 1666 5291 dictum
1698 5247 1781 5292 est
1800 5238 1841 5303 ',
1879 5247 2026 5293 esset
2068 5236 2346 5306 przmlictio

774 5335 915 5399 ejus,
941 5331 1082 5400 quod
1115 5338 1245 5385 tunc
1303 5328 1504 5383 factum
1541 5340 1620 5383 est
1658 5347 1671 5381 :
1721 5346 1915 5400 nempe
1962 5328 2085 5383 illos
2119 5328 2340 5395 quidem

771 5422 972 5478 fodisse
1003 5420 1234 5484 foveam,
1276 5431 1330 5476 et
1370 5422 1422 5475 in
1461 5435 1583 5474 eam
1620 5420 1841 5485 fossam,
1879 5436 2039 5490 quam
2076 5420 2341 5484 fecerant;

774 5512 1077 5569 cecidisse:
1109 5526 1233 5564 cum
1269 5522 1497 5579 repente
1524 5510 1694 5564 fracta
1723 5520 1889 5571 esset,
1924 5526 2043 5579 qua:
2079 5509 2131 5563 in
2154 5523 2347 5578 super-

2442 4497 2543 4566 δρα
2592 4498 2690 4565 μὲν
2745 4497 3002 4570 ὑπεράνω
3039 4496 3132 4549 τοῦ
3193 4497 3629 4565 σκαιωρηθέντος
3680 4496 4023 4567 ὀρύγματος.

2441 4584 2629 4655 ὥσπερ
2667 4586 2725 4639 οὐ
2758 4585 2862 4655 γῆς
2915 4584 3219 4656 ἁπτομένη,
3266 4582 3403 4637 ἀλλὰ
3453 4583 3731 4654 μετέωρός
3782 4603 3870 4649 τις
3937 4588 4027 4639 καὶ

2443 4675 2748 4747 ὑπόπτερος
2808 4678 3102 4748 φερομένη.
3133 4671 3266 4732 Εἶτα
3298 4676 3351 4729 τί
3385 4678 3631 4744 γίνεται;
3663 4678 3919 4747 Πρᾶγμα
3949 4680 4024 4730 δί-

2443 4784 2596 4822 καιον
2624 4769 2718 4822 καὶ
2751 4767 2818 4820 δι’
2845 4763 2920 4822 ὧν
2953 4769 3278 4835 γινώσκεται
3311 4767 3511 4839 Κύριος
3538 4767 3789 4837 κρίματα
3831 4770 4025 4828 ποιῶν.

2443 4861 2535 4916 καὶ
2573 4860 2734 4933 ἔργον
2781 4861 2878 4932 τῆς
2931 4861 3108 4914 πάντα
3157 4860 3447 4932 ἐφορὼσης
3480 4860 3753 4932 Προνοίας
3788 4861 4027 4931 ἀληθοῦς

2441 4953 2610 5017 ἄξιον.
2642 4954 2762 5007 Τῶν
2796 4953 2904 5025 γὰρ
2929 4951 3027 5025 τὴν
3090 4950 3345 5024 μάρτυρα
3401 4952 3835 5016 διαϐιϐαζόντων
3863 4955 4027 5013 τινες.

2442 5047 2665 5117 ἄγνοιαν
2693 5048 2823 5109 ἴσως
2854 5047 3070 5118 ἔχοντες
3124 5044 3220 5098 τοῦ
3252 5044 3588 5114 πραχθέντος
3619 5044 3873 5115 ὲνέδρου,
3906 5044 4027 5114 βου-

2442 5139 2703 5211 ληθέντες
2744 5138 2882 5208 μετὰ
2906 5140 2966 5191 τὸ
2994 5137 3208 5208 ἐκείνην
3234 5136 3486 5191 ἄπτωτον
3514 5134 3755 5191 διελθεῖν
3785 5141 3857 5209 τῇ
3893 5139 4027 5208 αὐτῇ

2447 5228 2755 5303 χρήσασθαι
2798 5229 2973 5301 διόδῳ,
3017 5228 3085 5283 ἶν’
3119 5229 3240 5283 ὅλον
3290 5227 3351 5282 τὸ
3388 5228 3493 5281 ὑπὸ
3549 5227 3649 5282 τοῦ
3678 5228 3831 5281 θείου
3872 5229 4029 5281 Δαυῖδ

2444 5322 2733 5395 εἰρημένον
2798 5318 3258 5394 προαγόρευσιςῇ
3300 5320 3391 5374 τοῦ
3424 5322 3548 5375 τότε
3600 5322 3935 5390 γενομένου,
3973 5321 4030 5373 τὸ

2448 5417 2649 5469 λάκκον
2684 5416 2877 5487 ὀρύξαι
2921 5415 3020 5486 μὲν
3054 5414 3297 5476 ἐκείνους
3346 5414 3441 5468 καὶ
3475 5414 3826 5486 ἀνασκάψαι,
3860 5418 4029 5486 ἐμπε-

2450 5511 2561 5561 σεῖν
2590 5508 2647 5561 δὲ
2679 5506 2998 5577 παραδόξως
3032 5510 3109 5569 είς
3149 5506 3339 5576 βόθρον
3365 5506 3425 5559 ὃν
3471 5506 3835 5578 εἰργάσαντο,
3864 5510 4034 5577 ὑπορ-

775 5602 1144 5671 ﬂciedisiecta
1182 5610 1299 5658 erat
1357 5611 1521 5668 terra,
1563 5600 1875 5658 inciderunt
1914 5602 1966 5656 in
2010 5601 2221 5657 foveam
2257 5613 2325 5653 :e

2454 5601 2718 5671 ῥαγείσης
2750 5600 2917 5671 αὐτῆς
2951 5599 3144 5683 ἁθρόον
3178 5600 3271 5666 τῆς
3318 5599 3375 5665 ἐξ
3420 5599 3700 5670 ἐπιπολῆς
3753 5602 3863 5656 ἅνω
3922 5598 4031 5652 δια-

879 5780 900 5821 ⁸
925 5780 1077 5841 Joari.
1127 5802 1239 5846 νιιι.
1272 5786 1358 5840 44.
1474 5784 1493 5819 ⁴
1531 5783 1668 5843 Paul.
1704 5800 1870 5853 xxx",
1909 5786 1990 5839 15,

2102 5784 2117 5814 ⁵
2142 5785 2284 5841 Psal.
2317 5784 2497 5847 1.γ1,7.
