4156 6314
144 355 243 424 729

1230 359 1696 425 MARTYRIUM
1729 358 1791 421 S.
1826 360 2272 427 EUPHEMME.

3274 358 3379 425 730

144 474 437 545 τμηθείσης
459 474 581 545 γῆς.
615 473 1047 545 Ἐμπεπτώκασί
1078 492 1135 530 τε
1161 475 1235 547 τῷ
1263 477 1463 549 βόθρῳ,
1489 478 1584 532 καὶ
1609 475 1712 531 ὑπὸ

1830 491 1939 534 eum
1966 480 2017 535 iu
2054 481 2144 535 illa
2173 488 2330 535 acuta
2364 476 3093 540 incidissentinstrumenta,
3128 475 3383 530 celeriter

146 566 251 622 τῶν
280 565 561 638 τμητικῶν
591 566 813 620 ἐκείνων
845 566 1112 638 ὀργάνων,
1134 566 1306 632 ὀξέως
1358 566 1712 644 ἐμπεσόντες,

146 654 393 725 ὀξύτερον
447 656 836 727 διεφθάρησαν.
906 657 971 710 'H
1017 657 1146 725 ἀγία
1200 656 1258 710 δὲ
1321 654 1716 728 χαριστηρίους

148 745 341 817 ῦμνους
370 748 606 819 προσῇδε
635 748 713 818 τῷ
765 749 1025 801 σεσωκότι
1055 747 1197 819 Θεῷ,
1222 749 1317 812 Τίς
1370 748 1590 819 λαλήσει
1620 747 1718 809 τὰς

145 837 459 902 δυναστείας
513 856 628 906 σου,
660 839 913 906 λέγουσα,
954 841 1226 902 ἀκουστάς
1282 840 1501 908 ποιήσει
1536 838 1716 900 πάσας

146 929 242 989 τὰς
268 931 503 993 αίνέσεις
560 947 677 993 σου,
711 932 881 1001 Κύριε
910 947 925 996 ;
955 932 1037 983 ὅτι
1077 931 1577 1001 μεμαστιγωμένην
1618 928 1718 997 τὴν

145 1017 334 1087 δούλην
386 1036 478 1073 σου
554 1020 836 1089 μαστίγων
883 1022 1180 1089 ἀπείρατον
1243 1018 1590 1089 διεφύλαξας·
1637 1018 1717 1070 ὅτι

152 1111 321 1179 πυρὸς
355 1111 635 1180 ἧρπασαςο
662 1112 744 1163 ὅτι
775 1111 978 1180 θηρῶν,
1007 1110 1102 1162 καὶ
1130 1109 1343 1173 ὓδατος,
1385 1109 1480 1161 καὶ
1504 1106 1715 1177 τροχῶν

148 1200 490 1270 διετήρησας,
518 1203 611 1255 καὶ
640 1202 832 1271 βόθρου
867 1202 1154 1264 διέσωσας.
1188 1201 1296 1253 Καὶ
1326 1200 1441 1265 νῦν,
1472 1200 1718 1252 Δέσποτα

148 1290 736 1362 πολυέλεε,ρῦσαιτὴν
774 1293 953 1362 ψυχήν
994 1309 1093 1362 μου
1153 1294 1219 1345 ἐκ
1271 1291 1454 1361 χειρὸς
1506 1288 1601 1343 τοῦ
1656 1290 1720 1342 ὲκ

148 1383 427 1452 προγόνων
451 1401 540 1453 μοι
571 1384 836 1453 πολεμίου
862 1386 958 1454 τῆς
988 1384 1225 1453 φύσεως.
1263 1383 1563 1453 Ἀμαρτίας
1602 1382 1719 1435 νεό-

145 1473 305 1540 τητός
337 1490 438 1541 μου
465 1473 561 1527 καὶ
589 1474 813 1543 ἀγνοίας
848 1492 950 1545 μου
998 1476 1074 1545 μὴ
1111 1474 1377 1546 μνησθῇςθ
1410 1473 1547 1528 ἀλλὰ
1600 1475 1720 1536 ταῖς

143 1564 256 1615 τῶν
292 1564 433 1634 ὑπὲρ
470 1565 562 1618 σοῦ
597 1567 830 1634 ῥυέντων
853 1566 1099 1637 αἱμάτων
1124 1584 1226 1637 μου
1255 1565 1459 1636 ῥανίσι,
1481 1565 1722 1635 καθαρόν

148 1670 252 1721 μου
288 1654 376 1707 τὸν
406 1657 682 1727 μολυσμὸν
706 1660 908 1729 σαρκός
939 1676 997 1711 τε
1029 1660 1123 1711 καὶ
1148 1658 1482 1728 πνεύματος.
1509 1658 1580 1710 Σὺ
1615 1659 1723 1730 γὰρ

144 1742 198 1798 εἷ
229 1746 519 1814 κάθαρσις,
544 1752 817 1820 ἀγιασμός
847 1768 903 1801 τε
928 1751 1022 1802 καὶ
1056 1750 1334 1819 φωτισμὸς
1361 1750 1470 1803 τῶν
1522 1750 1723 1803 δούλων

147 1853 266 1891 σου.
306 1840 416 1892 Καὶ
443 1842 475 1909 ή
508 1841 604 1910 μὲν
625 1840 798 1893 ταῦτα
827 1839 1051 1911 ηὕξατο,
1078 1842 1171 1893 καὶ
1196 1842 1294 1912 τῆς
1326 1842 1490 1913 εὐχῆς
1514 1842 1573 1895 οὑ
1602 1842 1727 1912 διή.

148 1942 229 1994 μα
240 1944 383 1996 ρτεν.

218 2014 316 2067 lA'.
356 2014 414 2068 '0
477 2016 717 2088 Πρίσκος
758 2019 814 2072 δὲ
846 2019 1007 2074 ἄλλον
1054 2022 1261 2075 ἐπινοεῖ
1287 2021 1449 2076 πάλιν
1483 2024 1548 2093 τῇ
1585 2022 1728 2092 μάρ-

140 2116 271 2172 τυρι
308 2103 521 2178 βόθρον,
544 2109 603 2161 οὑ
644 2109 896 2181 σώματος
930 2112 1229 2176 ἀπώλειαν,
1262 2113 1398 2167 ἀλλὰ
1417 2113 1595 2184 ψυχῆς
1631 2114 1730 2184 te-

144 2194 428 2261 ποιοῦντα,
458 2200 551 2250 καὶ
591 2202 717 2270 περὶ
752 2204 934 2257 πίστιν
964 2205 1053 2256 τὸν
1085 2204 1330 2258 κίνδυνον
1359 2206 1716 2276 ἐπιφέροντα.

140 2285 677 2357 Μετακαλεσάμενος
739 2292 848 2361 γάρ
896 2294 1088 2361 αὑτὴν,
1141 2295 1235 2347 καὶ
1267 2296 1327 2347 τὸ
1362 2296 1463 2364 μὲν
1510 2297 1729 2366 ὀργίλον

143 2378 242 2427 καὶ
279 2377 646 2446 ὑπεροπτικὸν
674 2381 1029 2451 ἀποθέμενος,
1057 2383 1160 2437 ὑπὸ
1193 2387 1345 2437 δασεῖ
1363 2386 1422 2441 δὲ
1444 2387 1522 2456 τῷ
1547 2389 1728 2458 κωδίῳ

143 2468 367 2541 κρύψας
415 2470 505 2523 τὸν
540 2471 726 2535 λύκον,
752 2473 894 2526 πάνυ
928 2490 987 2527 τε
1037 2476 1128 2529 τὸν
1172 2476 1349 2548 πρᾶον
1381 2476 1723 2545 ὑποκριθεὶς,

142 2562 221 2613 Σὺ
247 2565 347 2653 μὲν
369 2564 665 2635 ὴπάτησαι,
692 2566 817 2637 ἔφη’
845 2567 1005 2621 καὶτί
1022 2569 1130 2637 γὰρ
1148 2569 1460 2637 θαυμαστὸν
1480 2571 1527 2623 εἰ
1552 2572 1686 2640 γυνή
1708 2587 1725 2637 ;

140 2655 293 2726 πλὴν
323 2657 455 2710 ἀλλὰ
491 2660 584 2711 καὶ
616 2660 779 2729 ἡμεῖς
812 2660 887 2723 ὡς
949 2663 1049 2714 οὑκ
1093 2662 1199 2715 ἔδει
1239 2665 1725 2734 πεπαρῳνήκαμεν

144 2749 233 2809 είς
266 2749 324 2800 σὲ
353 2749 451 2818 τὴν
478 2752 749 2817 γενναίαν.
782 2752 899 2820 Ἐφ’
932 2747 1011 2816 οἷς
1033 2754 1364 2825 συγγνώμην
1387 2759 1518 2827 ἡμῖν
1548 2773 1729 2826 παρα-

146 2839 365 2909 σχοῦσα
409 2840 569 2894 θῦσον
608 2842 685 2913 τῷ
723 2844 941 2914 μεγάλῳ
982 2845 1088 2910 θεῷ
1124 2848 1301 2917 Ἀρει,
1330 2849 1426 2901 καὶ
1475 2848 1727 2913 τοσοῦτός

147 2948 215 2984 σε
242 2931 475 2996 πλοῦτος
506 2934 599 2986 καὶ
632 2933 757 3000 δόξα
788 2938 881 2990 καὶ
916 2937 1132 3003 ἀγαθῶν
1159 2939 1432 3002 ἐκδέξεται
1457 2939 1725 3008 θάλασσα,

134 3022 224 3085 ὡς
263 3024 482 3077 πάντων
515 3025 740 3079 ἐκείνων
776 3028 1242 3099 ἀμνημονήσασαν
1274 3030 1437 3100 ζῆσαι
1492 3031 1553 3084 τὸ
1585 3029 1727 3099 μετὰ

1757 1813 1798 1871 Β

1817 572 2167 628 interierunt.
2202 574 2401 628 Sancta
2425 581 2605 626 autem
2635 569 2837 626 cecinit
2882 568 3132 641 hymnos,
3184 566 3387 637 quibus

1818 662 1927 719 Deo
1952 665 2144 734 agebat
2168 665 2369 732 gratias
2397 681 2410 719 :
2447 684 2465 715 ι
2507 661 2640 729 Quis
2658 661 2932 731 loquetur,
2965 659 3175 720 dicens,
3198 666 3388 727 poten-

1817 756 1922 810 tias
1997 757 2234 820 Domini,
2291 757 2503 811 auditas
2561 755 2720 810 faciet
2760 768 2949 808 omnes
3003 751 3192 805 laudes
3244 758 3386 813 tuas,

1819 847 2048 902 Domine
2086 846 2150 899 '?
2191 866 2209 899 ι
2245 848 2513 913 Quoniam
2542 846 2860 917 ﬂagellatam
2890 842 3137 897 ancillam
3166 850 3310 894 tuam
3357 855 3386 894 a

1817 938 2000 1010 ﬂagris
2042 941 2261 993 illaesam
2301 939 2667 1001 conservasti;
2708 936 2962 1006 quoniam
3017 934 3085 987 ab
3119 933 3241 1001 igne
3304 945 3390 985 ra-

1820 1031 2008 1100 puisti.
2035 1029 2302 1096 Quoniam
2334 1045 2361 1082 a
2390 1029 2601 1089 bestiis,
2646 1036 2701 1081 et
2730 1042 2889 1092 aqua,
2927 1032 2981 1079 et
3019 1024 3151 1079 rotis
3199 1031 3389 1076 custo-

1820 1122 1986 1183 diisti,
2035 1133 2089 1176 ct
2120 1138 2147 1175 a
2176 1121 2326 1176 fossa
2358 1118 2713 1174 conservasti.
2740 1118 2804 1170 Et
2831 1132 3002 1179 nunc,
3035 1114 3264 1168 Domine
3284 1112 3388 1167 mi-

1819 1216 2077 1279 sericors,
2106 1213 2275 1267 libera
2310 1212 2544 1268 animam
2586 1224 2761 1264 meam
2787 1224 2817 1262 e
2853 1223 3013 1261 manu
3071 1206 3191 1275 ejus
3222 1205 3314 1274 qui
3360 1220 3389 1258 a

1819 1303 2014 1371 priscis
2045 1302 2386 1372 temporibus
2450 1310 2534 1355 est
2570 1298 2747 1353 hostis
2806 1305 3038 1351 naturae.
3099 1312 3117 1345 ι
3162 1295 3391 1347 Peccata

1816 1391 2122 1461 iuventutis
2154 1408 2308 1456 mea,
2378 1401 2433 1446 et
2471 1390 2806 1461 ignorantias
2836 1402 2984 1441 meas
3018 1400 3087 1439 ne
3126 1383 3394 1438 memine-

1821 1487 1961 1548 ris",
1993 1504 2011 1536 ι
2049 1484 2140 1540 sed
2174 1484 2341 1553 guttis
2391 1483 2466 1537 tui
2519 1480 2821 1552 sanguinis,
2874 1493 2993 1548 quze
3037 1493 3136 1547 pro
3172 1492 3257 1531 me
3292 1475 3393 1528 liu-

1822 1585 2048 1641 xerunt,
2112 1591 2352 1646 cxpurga
2398 1574 2587 1629 sordes
2630 1587 2763 1626 meae
2807 1570 2989 1625 carnis
3045 1579 3099 1623 et
3150 1567 3392 1637 spiritus.

1824 1671 1906 1725 Tu
1959 1685 2019 1725 es
2049 1669 2193 1724 enim
2233 1667 2502 1739 purgatio,
2558 1663 2923 1718 sanctificatio
2953 1669 3009 1714 et
3060 1657 3390 1713 illuminatio

1825 1778 2108 1818 servorum
2188 1772 2429 1816 tuorum.
2502 1760 2566 1812 Et
2658 1757 2744 1810 illa
2812 1754 3030 1826 quidem
3112 1753 3230 1809 haec
3315 1756 3398 1803 est

1828 1866 2071 1928 precata,
2108 1864 2161 1909 ct
2201 1869 2309 1908 non
2351 1852 2453 1905 fuit
2483 1850 2728 1905 fraudata
2761 1864 2857 1903 sua
2899 1845 3188 1915 petitione.

1898 2032 2040 2088 XIV.
2077 2032 2297 2087 Priscus
2324 2039 2508 2085 autem
2545 2042 2739 2083 rursus
2786 2026 2948 2080 aliam
3004 2024 3207 2078 fossam
3251 2037 3398 2075 mar-

1827 2127 1929 2198 tyri
1958 2126 2247 2195 excogitat,
2274 2139 2394 2192 quae
2426 2137 2534 2175 non
2569 2121 2833 2173 afferebat
2887 2116 3170 2170 interitum
3206 2129 3402 2181 corpo-

1828 2219 1925 2285 ris,
1960 2216 2053 2271 sed
2083 2216 2300 2278 animae,
2331 2221 2386 2268 et
2411 2212 2555 2265 circa
2586 2209 2745 2263 fidem
2814 2206 3029 2261 creabat
3068 2203 3395 2273 periculum.

1830 2309 1960 2364 Nam
1991 2323 2115 2363 cum
2134 2322 2252 2360 eam
2285 2302 2691 2362 accersivisset,
2731 2308 2785 2352 et
2816 2295 3151 2352 iracundiam
3176 2291 3397 2361 quidem

1830 2408 1886 2453 et
1914 2395 2225 2466 superbiam
2293 2390 2667 2461 deposuisset,
2725 2388 2899 2441 denso
2963 2394 3144 2439 autem
3205 2380 3403 2434 vellere

1828 2489 2015 2556 lupum
2050 2486 2302 2544 texisset.
2324 2492 2378 2536 et
2401 2482 2690 2535 maximam
2725 2476 3037 2532 simulasset
3074 2474 3347 2528 lenitatem
3383 2491 3399 2529 :

1830 2579 1910 2633 Tu
1947 2577 2187 2647 quidem,
2228 2574 2422 2643 inquit.
2456 2572 2586 2627 falsa
2626 2586 2704 2626 es.
2769 2568 2881 2624 Nec
2927 2576 3010 2622 est
3057 2566 3287 2628 mirum;
3344 2580 3405 2620 es

1832 2673 1979 2727 enim
2015 2667 2234 2723 femina.
2264 2664 2370 2719 Sed
2401 2678 2503 2717 nos
2543 2676 2762 2731 quoque
2838 2660 2890 2713 in
2957 2668 3009 2713 te
3087 2657 3403 2728 prmelaratn

1831 2764 2093 2835 virginem
2123 2758 2286 2829 (quod
2314 2756 2522 2811 utinam
2554 2753 2754 2811 factum
2812 2766 2920 2804 non
2989 2761 3130 2804 esset
3163 2750 3199 2819 ι)
3244 2748 3407 2801 nimis

1831 2857 2037 2911 fuimus
2070 2851 2401 2924 petulantes.
2465 2847 2709 2912 Quorum
2766 2843 2924 2897 nobis
2978 2842 3113 2924 dans
3167 2840 3403 2901 veniam,

1833 2919 2087 3004 sacrifica
2119 2932 2319 3013 magno
2351 2942 2452 2995 deo
2481 2939 2678 2992 Marti:
2713 2947 2767 2990 et
2824 2946 2875 2989 te
2917 2919 3080 2987 tanta:
3131 2932 3408 3002 excipient

1833 3040 2056 3101 divitiae,
2089 3045 2143 3091 et
2200 3041 2412 3089 tantum
2466 3046 2615 3085 mare
2694 3028 2988 3090 bonorum,
3045 3034 3105 3079 ut
3160 3023 3407 3078 omnium

136 3113 329 3209 ταῦτα
360 3115 539 3209 καλῶς
566 3119 661 3181 καὶ
691 3118 880 3188 ἡδέως,
926 3119 1115 3190 ὥσπερ
1146 3121 1255 3190 ἄρα
1295 3123 1391 3174 καὶ
1425 3123 1531 3190 χρὴ
1582 3139 1728 3191 παρ-

1833 3134 2048 3188 illorum
2076 3128 2261 3191 oblita,
2292 3127 2521 3180 honeste
2566 3120 2825 3190 deinceps
2867 3119 3016 3172 vivas
3044 3127 3098 3172 et
3142 3115 3408 3187 jucunde,

138 3206 311 3259 Θένον
347 3207 629 3279 τοιαύτην,
686 3209 828 3262 οὕτω
887 3212 985 3279 μὲν
1047 3211 1239 3282 καλὴν,
1267 3210 1407 3263 οῦτω
1441 3212 1496 3265 δὲ
1533 3212 1725 3280 γένους

1832 3234 1890 3277 ut
1921 3224 2078 3276 talem
2108 3223 2267 3275 decet
2297 3218 2582 3286 virginem,
2650 3225 2756 3272 tam
2806 3213 3111 3281 pulchram,
3174 3217 3230 3262 et
3294 3220 3405 3263 tam

138 3298 253 3351 καὶ
278 3301 632 3368 περιφανείας
664 3298 914 3369 ἔχουσαν.
948 3301 1013 3355 Ἡ
1036 3301 1092 3354 δὲ
1124 3302 1480 3373 πανεύφημος
1510 3302 1728 3375 ἀληθῶς

1830 3313 2031 3367 claram
2051 3323 2267 3381 genere.
2300 3305 2510 3359 Revera
2550 3312 2731 3356 autem
2782 3299 3068 3355 benedicta
3107 3298 3406 3369 Euphemia

137 3390 420 3458 Εὑφημία
453 3392 700 3457 γενναῖόν
724 3409 777 3446 τι
811 3393 908 3447 καὶ
962 3394 1235 3466 ἀνδρῶδες
1291 3397 1614 3466 ἐμϐλέψασα
1651 3398 1728 3468 τῷ

1835 3414 2126 3477 tyrannum
2158 3412 2420 3472 generose
2456 3406 2510 3450 et
2531 3393 2767 3448 viriliter
2822 3394 3044 3447 intuens
3083 3409 3097 3445 :
3132 3391 3176 3446 Ο
3230 3391 3404 3455 vafra,

135 3479 429 3550 τυράννῳ,
455 3477 527 3533 Ὦ
554 3483 702 3554 ψυχὴ
753 3486 1104 3558 κακότεχνος,
1127 3488 1257 3555 ἔφη,
1312 3488 1465 3541 δόλου
1524 3488 1728 3560 δηλαδὴ

132 3570 407 3639 γέμουσα
465 3576 563 3627 καὶ
611 3576 838 3644 πικρίας
862 3591 875 3606 ’
908 3571 953 3629 ὧ
990 3577 1240 3646 δαιμονία
1283 3577 1478 3648 γνώμη
1513 3578 1730 3650 ἀνθρω-

135 3664 325 3718 πείαν
353 3665 473 3736 ὄψιν
512 3670 917 3738 μεμιμημένη,
964 3669 1024 3722 οὑ
1078 3668 1263 3744 παύσῃ
1293 3672 1423 3725 ποτὲ
1460 3671 1645 3743 ληρῶν
1671 3691 1732 3728 τε

138 3757 260 3811 καὶ
293 3760 622 3831 κακουργῶν
669 3761 947 3831 ἄπρακτα,
999 3764 1094 3816 καὶ
1144 3764 1285 3817 κατά
1307 3764 1417 3819 τῶν
1447 3766 1541 3819 τοῦ
1594 3766 1734 3835 Χρι-

140 3850 293 3901 στοῦ
313 3850 509 3902 δούλων
532 3853 733 3921 μυρίας
749 3854 1163 3924 τεκταινόμενος
1185 3856 1283 3918 τὰς
1306 3857 1568 3925 παγίδας;
1590 3859 1734 3927 Ἐγὼ

134 3939 317 3993 θύσω
364 3942 497 3994 ποτὲ
550 3942 769 4014 δαίμοσι
820 3947 917 3998 καὶ
962 3946 1205 4012 εἰδώλοις
1255 3948 1393 4019 μετὰ
1464 3951 1732 4016 τοσαύτας

137 4032 404 4102 μάλιστα
433 4032 525 4087 τοῦ
574 4037 707 4107 έμοῦ
737 4041 1011 4092 Δεσπότου
1061 4040 1160 4103 τὰς
1218 4040 1565 4111 ἀντιλήψειςς
1600 4043 1735 4112 μετὰ

128 4124 257 4195 τὴν
298 4126 364 4179 ὲκ
392 4128 729 4199 τηλικούτων
766 4130 946 4200 ἔργων
992 4134 1091 4200 τῆς
1125 4132 1384 4202 ἀληθείας
1417 4133 1733 4199 ἁπόδειξιν;

136 4220 309 4290 μετά
351 4221 413 4273 τὸ
443 4223 693 4293 φανερῶς
720 4223 823 4292 ἐμὲ
856 4225 950 4278 καὶ
990 4226 1402 4297 ἀναντιρρήτως
1434 4226 1736 4296 καταισχῦ-

1832 3495 2027 3563 inquit,
2062 3493 2264 3556 anima,
2306 3488 2433 3546 dolo
2468 3487 2625 3557 plena
2664 3494 2719 3539 et
2739 3483 3142 3539 amaritudine!
3176 3480 3219 3535 Ο
3253 3496 3407 3535 mens

1831 3584 2184 3647 daamoniaca,
2216 3582 2505 3634 lmmanam
2566 3578 2771 3630 imitata
2822 3575 3079 3643 speciem,
3129 3587 3405 3641 nunquam

1834 3674 2072 3733 cessabis
2103 3671 2326 3743 nugari,
2356 3678 2412 3724 et
2436 3667 2640 3721 frustra
2684 3665 2949 3720 scelerata
2983 3665 3124 3717 inire
3156 3662 3404 3724 consilia,

1834 3780 1889 3825 et
1914 3769 2177 3823 adversus
2230 3762 2435 3818 Christi
2488 3773 2677 3815 servos
2714 3758 2938 3827 laqueos
3001 3756 3224 3810 tendere
3248 3753 3410 3806 innu-

1836 3861 2125 3918 merabilcs
2158 3857 2316 3926 iEgo
2349 3868 2629 3922 nunquam
2699 3850 3016 3904 sacriﬁcabo
3071 3848 3410 3901 daemonibus

1836 3967 1891 4013 et
1946 3950 2273 4014 simulacris,
2307 3946 2543 4002 maxime
2606 3960 2730 4000 cum
2794 3957 2879 3996 me
2937 3938 3196 3995 Dominus
3250 3938 3411 3993 toties

1836 4045 2159 4109 defenderit,
2193 4056 2317 4097 enm
2361 4049 2469 4093 tam
2500 4036 2688 4091 multis
2721 4033 2980 4103 Operibus
3024 4030 3415 4085 demonstrarit

1837 4139 2141 4198 veritatem,
2173 4148 2295 4186 eum
2327 4140 2434 4183 tam
2460 4137 2649 4198 aperte
2683 4134 2739 4179 et
2772 4125 2908 4179 citra
2957 4123 3119 4175 ullam
3188 4128 3414 4174 contra.

1838 4234 2097 4295 versiam,
2135 4237 2367 4281 vestram
2408 4218 2780 4292 arrogantiam
2813 4216 3079 4271 dedecore
3113 4211 3410 4275 aﬂ‘ecerim,

131 4329 247 4367 ναι
289 4310 391 4382 μὲν
421 4312 575 4383 ὑμῶν
602 4316 701 4384 τὴν
724 4316 1063 4384 ἀλαζονείαν,
1084 4318 1381 4387 ἀπελέγξαι
1416 4318 1473 4370 δὲ
1498 4318 1597 4387 τὴν
1629 4318 1728 4372 τῶν

1841 4337 1896 4382 et
1928 4338 2115 4380 eorum
2146 4335 2265 4389 quae
2288 4317 2491 4378 colitis,
2520 4314 2792 4383 arguerim
2850 4308 3303 4367 imbecillitatem,
3334 4314 3415 4357 at-

134 4405 530 4474 σεδασμάτων
568 4407 857 4461 ἀσθένειαν
889 4410 983 4461 καὶ
1027 4410 1268 4480 μεγάλην
1295 4409 1435 4462 οὔτω
1469 4413 1609 4465 κατὰ
1638 4414 1739 4482 τῆς

1841 4424 1948 4487 que
1972 4414 2232 4469 adversus
2258 4419 2499 4461 errorem
2561 4412 2672 4456 tam
2744 4398 3057 4469 praeclaram
3090 4395 3285 4463 adepta
3311 4392 3413 4447 sim

130 4497 381 4566 πλάνης
419 4497 519 4569 τὴν
553 4499 711 4572 νίκην
754 4501 1024 4571 ᾶρασθαις
1052 4502 1255 4555 Πολλοῦ
1287 4502 1352 4556 ἄν
1380 4520 1462 4557 σοι
1499 4506 1728 4573 γέλωτος

1841 4484 2144 4564 victoriam.
2172 4501 2456 4557 Judicarer
2493 4510 2594 4568 ego
2630 4493 2731 4548 tibi
2790 4491 2951 4563 plane
3003 4486 3258 4551 ridicula,
3332 4484 3416 4537 vel

129 4588 396 4659 txpiﬂqv
426 4588 577 4653 ἀξία,
601 4590 851 4662 δακρύων
876 4592 932 4645 δὲ
972 4592 1171 4663 μᾶλλον
1205 4595 1358 4664 παρά
1382 4597 1495 4658 τοῖς
1519 4591 1579 4649 εῦ
1606 4612 1738 4666 φρο-

128 4680 324 4737 νοῦσι
360 4682 455 4735 καὶ
489 4681 849 4754 φοϐουμένοις
892 4685 984 4738 τὸν
1021 4684 1249 4757 Κύριον.
1280 4686 1464 4750 Λύσας
1501 4682 1595 4740 οὑν
1638 4688 1739 4757 τὴν

131 4773 383 4847 σκηνὴν
410 4774 505 4828 καὶ
534 4776 625 4827 τὸν
658 4778 916 4845 τεχνητὸν
970 4781 1112 4847 ἄρνα
1162 4779 1255 4831 καὶ
1295 4779 1394 4849 τὴν
1426 4778 1740 4850 ὲπίχριστον

129 4869 160 4919 ὲ
175 4866 500 4927 πιεικειαν,
516 4865 678 4917 αὑτὸν
694 4869 827 4935 ἡμῖν
856 4867 945 4920 τὸν
966 4868 1171 4938 συνήθη
1197 4868 1432 4936 Πρίσκον
1455 4869 1742 4935 ἐπίδειξον,

134 4957 314 5028 μετὰ
341 4957 437 5025 τῆς
467 4956 623 5025 φίλης
653 4956 935 5027 ὠμότητος
963 4960 1056 5014 καὶ
1088 4959 1183 5013 τοῦ
1217 4960 1484 5029 θράσους·
1510 4960 1743 5015 κάκεῖνα

126 5051 211 5121 δὴ
253 5044 501 5119 πρᾶττε,
548 5050 649 5101 ὅσα
706 5064 789 5101 σοι
845 5050 986 5102 κατᾶ
1033 5050 1259 5120 γνώμην
1309 5052 1429 5103 ἐστὶ
1486 5053 1740 5125 ποιεῖν,ῆ

132 5142 381 5215 μᾶλλον
420 5142 628 5211 ὅσαπερ
691 5144 720 5195 ό
777 5142 1100 5207 διδάσκαλός
1154 5161 1248 5197 σου
1306 5144 1401 5196 καὶ
1452 5145 1744 5216 παιδευτὴς

122 5232 420 5296 διάϐολος
452 5232 794 5304 ὑποτίθησιν.

215 5320 347 5377 ΙΕ’.
398 5324 595 5393 Ὀργῆς
627 5324 720 5376 ἐπὶ
768 5324 981 5388 τούτοις
1021 5327 1048 5378 ὁ
1088 5324 1326 5396 Πρίσκος
1375 5326 1743 5397 ὑποπλησθεὶς

126 5416 445 5496 (ἠλέγχθη
476 5418 584 5485 γὰρ
611 5416 888 5488 ἐν’βραχεῖ
923 5420 984 5471 τὸ
1015 5420 1406 5490 προσποιητὸν,
1443 5421 1539 5472 καὶ
1572 5420 1743 5473 ἀπέδυ

120 5518 243 5569 τὸν
283 5510 572 5575 κροκωτὸν
598 5514 629 5579 ὴ
654 5512 837 5581 γαλῆ),
871 5512 1085 5585 ῥάϐδοις
1109 5513 1206 5583 τὴν
1231 5512 1482 5584 μάρτυρα
1504 5512 1742 5585 βαρυτά-

121 5625 280 5670 ταις
304 5600 522 5656 κελεύει
544 5601 862 5661 τύπτεσθαι.
897 5604 1050 5658 Ἐπεὶ
1067 5603 1121 5657 δὲ
1141 5605 1503 5677 ραὄδιζομένη
1525 5603 1743 5660 καὶτῶν

214 5790 238 5818 θ
284 5784 441 5840 Psal.
469 5800 555 5854 εν,
579 5785 632 5839 2.
708 5783 727 5816 ⁷
765 5781 907 5839 Psal.
936 5799 1080 5852 XXIV,
1112 5787 1163 5840 7.

1842 4601 2026 4672 potius
2060 4596 2223 4665 digna
2248 4590 2497 4661 lacrymis
2524 4587 2667 4656 apud
2695 4601 2788 4640 eos
2822 4585 2914 4653 qui
2967 4591 3113 4636 recte
3149 4579 3412 4640 sentiunt,

1844 4701 1901 4748 et
1934 4691 2128 4745 timent
2155 4686 2466 4741 Dominum.
2500 4679 2691 4734 Ablata
2717 4692 2845 4751 ergo
2912 4687 3098 4734 scena,
3151 4680 3208 4725 et
3250 4682 3412 4738 agno,

1844 4797 2007 4855 quem
2036 4790 2152 4835 arte
2184 4773 2502 4844 suscepisti,
2559 4780 2613 4827 et
2679 4769 2928 4824 simulata
2965 4760 3414 4823 mansuetudine,

1845 4878 2028 4947 ipsum
2057 4870 2277 4927 solitum
2307 4867 2468 4921 nobis
2496 4864 2743 4918 Priscum
2796 4858 3046 4919 ostende,
3114 4870 3261 4916 cum,
3295 4868 3417 4922 qua:

1844 4975 1929 5023 est
1954 4966 1999 5020 ei
2026 4971 2204 5033 grata,
2233 4958 2437 5014 saevitia
2474 4964 2529 5009 et
2561 4952 2789 5008 audacia
2824 4968 2837 5003 :
2868 4958 2923 5004 et
2982 4947 3071 5001 illa
3133 4947 3244 5004 fac,
3295 4958 3417 5013 quas

1844 5068 1972 5114 sunt
2005 5056 2100 5111 tibi
2133 5055 2280 5109 cordi
2306 5051 2508 5110 facere,
2564 5056 2661 5101 aut
2718 5043 2921 5114 potius,
2973 5056 3095 5110 qua:
3154 5038 3418 5109 magister

1842 5161 1899 5207 et
1946 5158 2248 5221 praeceptor
2266 5153 2393 5198 tuus
2433 5140 2527 5195 tibi
2573 5140 2817 5208 suggerit
2852 5133 3120 5189 diabolus.

1911 5328 2029 5385 XV.
2059 5327 2275 5384 Priscus
2314 5331 2538 5393 propter
2585 5319 2700 5373 haec
2791 5315 2867 5369 ira
2924 5311 3165 5383 repletus
3240 5308 3413 5379 (brevi

1842 5424 1987 5478 enim
2035 5418 2378 5489 deprehensa
2434 5415 2537 5470 fuit
2609 5408 2901 5471 simulatio,
2972 5415 3027 5459 et
3075 5403 3199 5458 felis
3262 5398 3431 5456 exuit

1844 5512 2149 5580 crocoton),
2172 5509 2325 5579 jubet
2348 5515 2642 5575 martyrem
2668 5500 2833 5571 virgis
2892 5495 3170 5552 verberari
3202 5491 3417 5562 gravis-

1846 5604 2019 5664 simis.
2052 5601 2185 5658 Cum
2213 5608 2392 5655 autem
2427 5595 2591 5668 virgis
2622 5609 2782 5659 caesa,
2850 5588 3035 5660 plagas
3084 5584 3245 5641 simul
3285 5581 3411 5637 irri-
