4156 6314
740 348 839 412 731

1966 356 2248 417 MENSIS
2290 354 2760 426 SEPTEMBER.

3895 378 3999 441 739

741 465 898 519 deret
934 468 989 516 et
1022 469 1334 531 tyrannum,
1372 460 1418 515 is
1453 459 1521 515 ad
1554 457 1815 529 majorem
1866 459 1999 513 iram
2029 476 2314 528 accensus,

2430 466 2645 536 πληγῶν
2700 468 2817 539 ἃμα
2876 471 3095 527 καὶτοῦ
3129 475 3393 540 τυράννου
3441 484 3813 553 κατεμωκᾶτο
3860 488 3999 557 πρὸς

743 552 995 622 proponit
1028 551 1249 621 quidem
1289 566 1473 607 serras
1502 563 1711 615 acutas,
1773 560 1829 606 et
1883 552 2086 605 ferreas
2137 560 2313 605 sarta-

740 644 896 713 gines
923 646 935 699 ἰ
967 641 1132 697 Juhet
1164 652 1347 698 autem
1376 643 1539 697 ferris
1570 643 1786 712 quidem
1822 644 1874 696 in
1934 642 2069 697 duas
2132 654 2315 713 partes

741 737 915 791 secari
944 750 1145 806 corpus
1174 736 1450 807 martyris,
1486 735 1851 807 sartaginibus
1883 751 2015 791 vero
2044 736 2315 790 dissectas

741 844 936 885 carnes
968 829 1128 885 valde
1150 829 1403 897 eliquari,
1434 838 1491 883 ut
1519 845 1688 898 usque
1718 829 1785 884 ad
1826 829 1937 898 ipsa
1967 844 2090 883 ossa
2118 827 2316 881 dissol-

742 930 1003 977 verentur
1030 922 1083 974 in
1124 920 1388 974 cinerem.
1419 919 1554 973 Cum
1613 929 1793 974 autem
1848 934 2013 973 serrae
2083 919 2318 974 adduce-

744 1025 937 1070 rentur
965 1014 1030 1068 ad
1067 1027 1265 1083 corpus
1292 1012 1577 1083 virginale,
1613 1012 1843 1081 perinde
1871 1022 2033 1081 atque
2089 1012 2134 1066 si
2182 1011 2316 1066 ada-

743 1101 1041 1156 mantinam
1070 1101 1309 1169 aliquam
1349 1108 1636 1169 tangerent
1702 1101 2007 1163 materiam,
2066 1101 2145 1156 eis
2190 1104 2314 1170 qui-

742 1193 862 1247 dem
898 1192 1301 1246 obtundebatur
1326 1189 1493 1249 acies.
1526 1198 1580 1242 et
1607 1188 1828 1242 secandi
1906 1189 1955 1243 vi
2020 1190 2314 1259 privaban-

745 1294 868 1348 tur;
907 1283 1048 1353 ignis
1085 1290 1264 1335 autem
1297 1281 1773 1349 exstinguebatur,
1848 1288 1902 1334 et
1958 1292 2161 1352 martyr
2192 1297 2317 1336 con-

743 1373 1267 1430 scrvabaturillaesa.
1306 1371 1413 1425 Sed
1446 1370 1578 1439 quid
1610 1371 1723 1425 haec
1770 1372 1838 1425 ad
1898 1372 2159 1435 animam,
2194 1388 2316 1442 quae

742 1474 828 1519 est
851 1480 949 1519 sua
974 1473 1170 1533 sponte
1202 1462 1390 1525 surda,
1425 1471 1481 1515 et
1536 1477 1643 1514 non
1710 1471 1889 1531 potest
1944 1464 2109 1516 ullam
2171 1466 2314 1534 piam

746 1558 1028 1628 suscipere
1059 1555 1451 1624 cogitationem
1486 1554 1507 1608 ?
1547 1553 1758 1608 Etenim
1803 1570 1925 1608 cum
1960 1556 2074 1608 hazc
2101 1555 2312 1622 tierent,

745 1653 965 1706 Priscus
1004 1648 1144 1701 idem
1181 1662 1304 1701 esse
1337 1648 1596 1717 pergebat
1627 1657 1683 1700 et
1708 1662 1817 1699 non
1851 1647 2099 1700 cessabat
2127 1646 2316 1702 adver-

742 1757 838 1800 sus
873 1743 1039 1797 Deum
1064 1739 1265 1794 bellum
1298 1753 1510 1806 gerere.
1544 1739 1674 1789 Nam
1704 1737 1793 1790 lux
1821 1753 2058 1806 quoque,
2086 1753 2203 1807 qua:
2233 1748 2318 1793 est

745 1834 921 1890 amica
958 1832 1233 1888 omnibus.
1271 1845 1379 1883 non
1419 1836 1501 1883 est
1534 1830 1731 1892 amica,
1767 1830 1860 1883 sed
1895 1829 2114 1884 inimica
2160 1832 2317 1901 aegris

740 1926 933 1982 oculis.
968 1924 1331 1989 Quamobrem
1364 1936 1556 1974 rursus
1593 1920 1846 1990 producit
1872 1921 1923 1973 in
1957 1922 2190 1975 stadium
2228 1924 2320 1976 be-

744 2016 1013 2076 nedictam
1031 2013 1408 2082 Euphemiam,
1425 2011 1642 2078 etjubet
1660 2026 1776 2064 eam
1795 2012 2072 2065 decertare
2092 2028 2211 2066 cum
2230 2015 2320 2071 be-

744 2109 887 2164 stiis.
921 2108 1014 2161 llla
1061 2117 1265 2167 autem,
1308 2112 1367 2157 ut
1395 2119 1512 2173 quae
1538 2102 1681 2171 quod
1721 2119 1827 2157 non
1870 2106 2033 2161 citius
2064 2105 2130 2159 ad
2162 2121 2318 2159 suum

748 2216 1010 2271 sponsum
1039 2198 1350 2261 excederet,
1415 2196 1508 2250 sed
1569 2196 1781 2250 vincula
1839 2198 2085 2265 corporis
2145 2198 2320 2252 adhuc

746 2291 937 2352 ferret,
972 2304 1113 2357 πει-ο
1142 2288 1344 2349 ferens,
1385 2300 1578 2339 manus
1630 2285 1813 2345 simul,
1855 2295 1910 2338 et
1952 2296 2211 2348 mentem,
2268 2299 2322 2341 et

745 2384 935 2437 oculos
970 2381 1165 2434 tollens
1194 2379 1259 2431 ad
1280 2376 1557 2430 Christum
1592 2395 1604 2429 :
1662 2378 1909 2436 Domine.
1966 2380 2164 2447 inquit,
2200 2393 2321 2434 om-

747 2476 831 2527 nis
866 2472 1224 2541 principatus,
1276 2468 1564 2522 ostendisti
1633 2467 1688 2521 in
1741 2484 1828 2522 me
1870 2478 2015 2523 tuam
2066 2471 2320 2527 invictam

747 2567 1069 2634 potentiam,
1104 2572 1159 2616 et
1201 2561 1483 2615 dexteram
1538 2560 2010 2629 ineXpugnabilem
2044 2580 2058 2627 ;
2099 2565 2318 2633 arguisti

745 2659 1052 2712 daemonum
1110 2652 1558 2714 imbecillitatem,
1605 2658 1956 2719 tyrannorum
1996 2656 2320 2721 amentiam;

748 2763 837 2801 me
870 2745 1154 2800 tormentis
1188 2753 1241 2797 et
1280 2743 1448 2812 plagis
1504 2742 1731 2797 effecisti
1782 2744 2101 2808 fortiorem;
2178 2765 2324 2806 nunc

750 2853 969 2907 quoque
1028 2838 1170 2889 sicut
1230 2850 1419 2889 eorum
1494 2833 1587 2902 qui
1631 2846 2056 2903 praecesserunt,
2119 2841 2323 2893 caedem

751 2928 1039 2997 suscepisti
1066 2935 1120 2981 et
1160 2926 1505 2995 sanguinem,
1576 2940 1755 2978 meum
1817 2942 2032 2995 quoque
2108 2932 2327 2999 suscipe

750 3020 1076 3076 sacrificium
1108 3019 1160 3071 in
1190 3018 1369 3072 anima
1405 3016 1644 3071 contrita
1686 3017 1782 3072 tibi
1837 3018 2100 3085 oblatum,
2168 3032 2224 3076 et
2270 3023 2323 3077 in

2418 556 2635 613 πλείονα
2661 562 2761 632 τὴν
2783 564 2954 635 ὀργὴν
2983 560 3139 631 οὗτος
3176 572 3592 644 ἁνακαιόμενος,
3626 579 3864 646 πρίονας
3898 556 3998 650 μὶν

2417 650 2742 722 προτίθησιν
2795 656 2959 723 ὀξεῖς,
2998 660 3093 712 καὶ
3154 662 3345 732 σιδηρᾶ
3391 672 3630 733 τήγανα.
3667 670 3907 724 Κελεύει
3945 673 3998 724 δὲ

2415 743 2528 803 τοῖς
2556 742 2653 813 μὲν
2681 746 2867 814 πρίοσι
2913 749 3219 819 διχοτομεῖν
3253 754 3312 807 τδ
3344 756 3501 824 σῶμα
3549 762 3649 828 τῆς
3686 760 3998 830 μάρτυρος.

2418 836 2529 895 τοῖς
2559 836 2815 905 τηγάνοις
2843 838 2899 892 δὲ
2929 840 2998 893 τὰ
3038 842 3472 915 διχοτομούμενα
3496 850 3604 901 τῶν
3652 853 3882 921 σαρκῶν
3911 856 3999 906 ἐκ·

2414 925 2602 993 τήκειν
2632 929 2776 997 μάλα
2813 932 3174 1002 σφοδρῶς,ὠς
3203 937 3387 999 αὐτοῖς
3418 938 3631 1002 ὀστέοις
3670 944 3757 1006 είς
3797 946 3997 998 σποδὶν

2419 1016 2657 1074 λύεσθαι.
2692 1022 2849 1074 Ἐπεὶ
2893 1022 2950 1075 δὲ
3007 1027 3054 1078 οί
3097 1028 3319 1097 πρίονες
3350 1030 3428 1099 τῷ
3482 1034 3803 1103 παρθενικῷ
3860 1038 3997 1103 ἐπή-

2416 1127 2574 1180 γοντο
2610 1115 2845 1182 σώματι,
2871 1112 2959 1169 οἷα
2998 1116 3056 1182 δή
3084 1134 3230 1182 τινος
3259 1120 3638 1191 ἀδαμαντίνης
3690 1126 3997 1194 ἁπτόμενοι

2418 1204 2651 1270 φύσεως,
2673 1204 2827 1256 αὐτοὶ
2858 1206 2958 1275 μὲν
2989 1207 3330 1276 ὴμὸλύνοντο
3354 1212 3449 1273 τὰς
3491 1214 3700 1280 ἀκμὰς,
3720 1216 3818 1266 καὶ
3854 1217 4000 1287 ἀφῃ-

2420 1296 2607 1365 ροῦντο
2639 1297 2737 1366 τὴν
2757 1300 3029 1369 τμητικὴν
3059 1298 3321 1370 δύναμιν·
3354 1304 3413 1355 τὸ
3441 1303 3551 1373 πῦρ
3582 1304 3634 1357 δὲ
3676 1306 3994 1364 ἐσϐέννυτο.

2417 1392 2512 1445 καὶ
2566 1394 2597 1462 ἠ
2643 1393 2851 1464 μάρτυς
2882 1394 3100 1463 ἀπαθὴς
3165 1394 3475 1460 διεσώζετο.
3539 1400 3701 1452 Ἀλλὰ
3735 1402 3792 1451 τί
3826 1401 3998 1453 ταῦτα

2418 1482 2551 1553 πρὸς
2580 1484 3025 1554 ἐθε).οκω;ροῦσαν
3055 1488 3253 1556 ψυχὴν,
3275 1492 3368 1541 καὶ
3413 1490 3649 1553 διανοίας
3688 1494 3876 1557 πάσης
3912 1494 3995 1543 εὖ·

2418 1575 2609 1637 σεῦοῦς
2646 1578 3055 1646 ἀπαραδεκτονς
3089 1580 3196 1630 Καὶ⁵
3242 1581 3446 1632 τούτων
3487 1584 3592 1649 γὰρ
3667 1584 3995 1649 γινομένων,

2417 1670 2445 1721 ὁ
2474 1668 2708 1735 Πρίσκος
2742 1668 2821 1722 ἔτι
2859 1669 2965 1722 τῶν
3002 1671 3181 1724 αὐτῶν
3229 1672 3422 1740 εἴχετο,
3454 1676 3543 1726 καὶ
3574 1675 3663 1726 τοῦ
3701 1674 3999 1744 Θεομαχεῖν

2421 1759 2518 1809 οὐκ
2547 1758 2832 1827 ἀφίστατο.
2879 1760 3030 1813 Ἐπεὶ
3062 1763 3151 1814 καὶ
3183 1764 3242 1815 τὸ
3267 1764 3418 1831 φίλον
3444 1768 3575 1818 πᾶσι
3603 1765 3719 1831 φῶς
3746 1765 3998 1818 νῦςοῦσιν

2419 1847 2711 1918 ὀφθαλμοῖς
2741 1851 2800 1901 οὐ
2837 1850 3007 1918 φίλον,
3053 1854 3186 1906 ἀλλὰ
3236 1855 3509 1922 πολέμιον.
3570 1856 3736 1908 Ὅθεν
3795 1860 3875 1919 είς
3944 1860 4001 1908 τὸ

2423 1940 2635 1990 στάδιον
2664 1940 2823 1992 πάλιν
2850 1941 2945 2011 τὴν
2968 1943 3325 2012 πανεύφημον
3359 1946 3506 2019 ἄγει,
3527 1948 3622 2007 ,καλ
3649 1948 3789 2015 πρὸς
3833 1948 3999 2017 θηρία

2423 2026 2719 2082 πυκτεῦσαι
2756 2030 3143 2085 διακελεύεται.
3181 2030 3247 2084 Ἤ
3270 2033 3346 2105 δὲ,
3371 2032 3558 2104 ὥσπερ
3588 2035 3664 2103 τῷ
3697 2036 3772 2103 μὴ
3817 2038 3999 2104 τάχιον

2421 2119 2725 2188 ἐκδημῆσαι
2750 2122 2884 2191 πρὸς
2920 2123 3010 2175 τὸν
3060 2124 3228 2191 αὐτῆς
3281 2125 3531 2194 νυμφίον,
3565 2125 3699 2177 ἀλλὰ
3728 2127 3799 2177 τὰ
3830 2126 4001 2189 δεπμὰ

2420 2208 2514 2261 τοῦ
2546 2210 2795 2280 σώματος
2824 2213 2901 2265 ἔτι
2929 2214 3114 2283 φέρειν
3146 2216 3511 2284 βαρυνομένη,
3534 2220 3726 2285 χεῖρας
3752 2218 3878 2285 ἅμα
3910 2219 4000 2268 καὶ

2424 2301 2623 2370 φρένας
2652 2306 2744 2355 καὶ
2781 2303 3004 2373 ὖμματα
3034 2305 3167 2374 πρὸς
3199 2306 3432 2373 Χριστὸν
3489 2306 3691 2376 ἄρασα,
3725 2309 4000 2372 Δέσποτα,

2424 2393 2547 2461 ἔφη,
2573 2394 2665 2445 καὶ
2690 2393 2857 2463 Κύριε
2884 2394 3061 2463 πάσης
3094 2395 3285 2464 ἀρχῆς,
3311 2394 3514 2458 ἔδειξας
3541 2397 3598 2447 ἐν
3624 2398 3753 2464 ἐμοὶ
3772 2398 3881 2463 τὴν
3911 2398 4001 2464 σὴν

2423 2484 2690 2554 ἀήττητόν
2741 2502 2797 2537 τε
2829 2486 2920 2537 καὶ
2952 2484 3163 2553 ἄμαχον
3219 2484 3396 2549 δεξιάν
3419 2502 3431 2513 ·
3459 2486 3692 2556 ηλεγξας
3726 2487 4001 2555 δαιμόνων

2423 2576 2725 2640 ἀσθένειαν,
2779 2577 3132 2645 ἰσχυροτέραν
3186 2578 3283 2645 ἐμὲ
3336 2578 3581 2646 βασάνων
3629 2579 3728 2630 καὶ
3780 2579 4003 2647 πληγῶν

2428 2667 2877 2739 παρεσκεύασας·
2923 2668 3015 2718 καὶ
3045 2665 3137 2718 νῦν
3166 2665 3239 2729 ὡς
3276 2667 3581 2738 προσεδέξω
3611 2668 3723 2720 τῶν
3765 2668 4006 2736 φθασάν.

2424 2777 2531 2815 των
2567 2762 2666 2832 ἤδη
2698 2761 2989 2831 μαρτύρων
3021 2760 3118 2821 τὰς
3160 2761 3375 2828 σφαγὰς
3406 2763 3499 2813 καὶ
3543 2761 3613 2813 τὰ
3645 2762 3895 2831 αἵματα,
3920 2763 4003 2813 καὶ

2425 2853 2519 2924 τὴν
2556 2852 2694 2923 ἐμὴν
2721 2851 3011 2922 πρὸσδεξαι
3043 2850 3253 2913 θυσίαν,
3279 2851 3337 2901 ὲν
3376 2850 3521 2919 ψυχῇ
3552 2851 4000 2918 συντετριμμένη

2428 2946 2520 2997 καὶ
2561 2945 2828 3013 πνεύματι
2858 2940 3237 3002 ταπεινώσεως
3270 2958 3353 2992 σοι
3396 2941 3892 3011 προσφερομένην,
3918 2940 4005 2991 καὶ

2430 3038 2653 3107 σκηναῖς
2679 3035 2849 3104 ἁγίων
2874 3035 2963 3087 καὶ
2996 3033 3288 3105 μαρτύρων
3317 3037 3493 3102 χοροῖς
3523 3033 3621 3105 τὴν
3643 3033 3792 3104 ἐμὴν
3832 3033 4007 3102 ψυχὴν

753 3114 950 3183 spiritu
986 3111 1312 3166 humilitatis
1345 3127 1359 3177 ;
1387 3118 1439 3164 et
1476 3109 1533 3163 in
1591 3109 1958 3165 tabernaculis
2014 3124 2324 3169 sanctorum

2433 3128 2750 3199 προσλαϐὼν
2801 3129 3149 3181 ἀνάπαυσονο
3182 3126 3264 3179 ὅτι
3314 3116 3603 3195 εὐλογητὸς
3658 3122 3714 3179 εῐ
3764 3127 3850 3188 εἰς
3890 3126 4005 3185 τοκ

750 3214 807 3260 et
840 3203 1023 3260 eboris
1064 3211 1361 3272 martyrum
1393 3217 1569 3256 meam
1624 3215 1902 3273 acceptam
1965 3206 2198 3260 animam
2241 3208 2326 3263 fac

752 3295 1115 3367 requiescere,
1164 3293 1421 3363 quoniam
1447 3308 1507 3348 es
1566 3293 1885 3350 benedictus
1928 3297 1981 3350 in
2018 3299 2237 3351 saecula.

826 3386 968 3442 XVI.
1016 3384 1093 3440 Ea
1151 3386 1231 3441 sic
1287 3396 1572 3455 precante,
1633 3388 1689 3442 in
1758 3389 1930 3458 ipsam
1961 3390 2330 3445 immittuntur

754 3490 993 3551 quatuor
1024 3482 1234 3544 leones,
1271 3490 1323 3535 et
1355 3489 1463 3534 tres
1495 3495 1659 3533 ursae.
1696 3480 1827 3545 Quae
1857 3469 2075 3536 divisim
2111 3494 2166 3538 et
2204 3501 2329 3555 pre-

754 3588 848 3627 ces
880 3572 1025 3624 illius
1074 3570 1358 3625 exauditas
1391 3569 1581 3637 fuisse,
1623 3581 1678 3625 et
1714 3588 1967 3642 magnum
2019 3590 2049 3626 a
2108 3578 2214 3631 Deo
2250 3579 2332 3631 fa-

754 3674 902 3719 ctum
940 3663 993 3716 iu
1025 3677 1086 3718 ea
1109 3662 1426 3718 miraculum
1457 3663 1833 3719 ostenderunt.
1851 3663 1985 3718 Nam
2010 3666 2192 3720 leones
2210 3669 2332 3735 qui-

754 3757 878 3812 dem
903 3754 1096 3809 etdue
1128 3769 1287 3819 ursae,
1318 3763 1477 3808 caute
1507 3756 1670 3808 simul
1702 3766 2088 3813 etreverenter
2119 3763 2182 3814 ad
2212 3738 2336 3815 eam

756 3849 1104 3912 accedentes,
1140 3846 1353 3916 plantas
1379 3846 1501 3914 ejus
1524 3848 1721 3915 pedum
1769 3850 2006 3902 humane
2056 3852 2334 3906 deos-cuia-

759 3942 962 3995 hantur
991 3958 1004 4003 ;
1046 3939 1208 3992 tertia
1231 3954 1360 3992 vero
1387 3954 1453 3991 ex
1494 3940 1657 4004 ursis,
1716 3956 1840 3994 cum
1892 3954 2084 4010 parum
2115 3943 2332 4011 quidem

760 4028 1148 4085 momordisset
1186 4028 1561 4091 carunculam,
1597 4029 1792 4084 vulnus
1847 4031 2066 4100 quidem
2123 4048 2336 4102 nequa—

758 4136 924 4190 quam
956 4120 1107 4183 fecit,
1144 4117 1247 4173 fuit
1278 4128 1461 4173 tamen
1491 4120 1710 4173 occasio
1736 4121 1853 4188 ejus
1900 4122 1966 4175 ad
2010 4123 2178 4176 Deum
2237 4125 2336 4178 de-

763 4226 953 4266 cessus
982 4222 1135 4266 sexto
1162 4210 1375 4264 decimo
1399 4210 1757 4279 Septembris.
1807 4210 1917 4265 Vox
1948 4222 2127 4267 autem
2164 4229 2194 4269 e
2226 4231 2336 4269 cae-

763 4307 827 4359 lis
860 4320 1142 4368 resonans,
1170 4303 1545 4357 admirabilem
1600 4304 1824 4359 vocabat
1882 4305 2237 4374 Euphemiam
2270 4311 2335 4364 ad

762 4396 944 4451 divina
973 4395 1320 4449 tabernacula
1357 4411 1371 4446 :
1406 4402 1662 4457 Accurre,
1696 4393 1905 4458 dicens,
1954 4396 2021 4449 ad
2085 4397 2326 4451 datorem

2426 3223 2652 3283 αἰῶνας.

2500 3396 2617 3465 ις’.
2644 3396 2801 3450 Οὕτω
2829 3396 3290 3467 προσευχομένης,
3316 3394 3641 3462 ὲπαφίενται
3671 3391 3857 3463 ταύτῃ
3885 3390 4007 3442 τέσ-

2431 3507 2597 3563 σαρες
2628 3492 2726 3562 μὲν
2762 3489 2994 3554 λέοντες,
3023 3489 3211 3560 ἄρκτοι
3248 3489 3305 3541 δὲ
3328 3489 3496 3560 τρεῖς.
3523 3487 3853 3558 Περίζονται
3883 3483 4009 3551 γοῦν

2428 3587 2498 3639 τὰ
2528 3585 2690 3655 θηρία
2720 3586 2819 3656 τὴν
2858 3583 3022 3653 εὐχήν
3054 3600 3112 3636 τε
3144 3583 3258 3652 ἅμα
3296 3583 3391 3635 καὶ
3419 3582 3480 3635 τὸ
3518 3580 3705 3648 θαῦμα
3738 3580 3843 3647 τῆς
3872 3579 4011 3645 pip-

2432 3691 2611 3745 τυρος·
2660 3678 2751 3728 καὶ
2786 3677 2835 3726 οἱ
2892 3676 2989 3744 μὲν
3036 3674 3242 3734 λέοντες
3292 3672 3520 3725 καὶτῶν
3569 3672 3793 3740 ἄρκτων
3829 3672 3888 3723 αἱ
3921 3670 4008 3723 δύο

2434 3766 2675 3828 εὐλαϐῶς
2733 3763 2851 3835 ἅμα
2886 3766 2977 3818 καὶ
3018 3762 3396 3833 πεφεισμένως
3441 3761 3735 3829 ἐγγίσασαι
3770 3760 3839 3816 τὰ
3889 3762 4004 3829 ίχνη

2432 3856 2633 3927 ταύτης
2654 3855 3013 3925 ἀνθρωπικῶς
3048 3854 3392 3922 κατεφίλουνο
3417 3853 3514 3922 μία
3552 3852 3609 3904 δὲ,
3639 3851 3750 3904 τῶν
3789 3852 4006 3920 ἄρκτων

2435 3949 2735 4003 ὲνδακοῦσα
2796 3965 2900 4000 που
2945 3948 3037 4000 τοῦ
3069 3946 3317 4015 σαρκίου,
3356 3945 3568 4014 πληγὴν
3613 3945 3711 4013 μὲν
3755 3944 4011 4011 ἐνέτεμεν

2436 4043 2705 4111 οὐδαμῶς,
2735 4043 2956 4113 ἀφορμὴ
3008 4042 3065 4095 δὲ
3114 4042 3263 4111 ὅμως
3312 4038 3500 4108 γέγονε
3546 4036 3644 4106 τῆς
3695 4034 3837 4105 πρὸς
3881 4035 4014 4086 Θεὸν

2439 4134 2607 4205 αὐτῆς
2636 4135 2919 4203 ἐκδημίας,
2944 4136 3111 4206 ἕκτην
3150 4135 3243 4187 ἐπὶ
3267 4134 3470 4201 δεκάτῃ
3488 4129 3603 4184 τότε
3640 4128 3737 4181 τοῦ
3764 4129 4015 4196 Σεπτεμο

2438 4227 2591 4299 ὁρίου
2646 4224 2812 4297 μηνὸς
2868 4226 3113 4290 ἄγοντος.
3174 4226 3329 4293 Φωνὴ
3394 4223 3688 4293 οὐρανέθεν
3761 4222 4013 4287 ἁπηχου-

2443 4322 2578 4389 μένη
2598 4322 2695 4389 τὴν
2724 4318 3043 4386 θαυμαστὴν
3067 4315 3248 4370 ἐκάλει
3295 4316 3431 4388 πρὸς
3484 4314 3582 4376 τὰς
3622 4312 3776 4376 θείας
3837 4310 4010 4371 αὐλὰς

2442 4412 2593 4481 Εὐφη
2603 4411 2751 4481 μίαν,
2769 4409 3089 4479 Ἀνάδραμε,
3114 4407 3364 4477 λέγουσα,
3395 4406 3526 4477 πρὸς
3550 4406 3640 4457 τὸν
3665 4404 4012 4472 στεφοδότην,

766 4500 1112 4548 coronarum,
1169 4499 1289 4551 qua:
1341 4482 1628 4551 pulchrum
1689 4494 1962 4538 certamen
2023 4486 2328 4553 decertasti,

2441 4507 2472 4576 ἡ
2510 4504 2598 4557 τὸν
2631 4503 2795 4556 καλὸν
2835 4502 3021 4570 ἀγῶνα
3052 4501 3400 4571 ἠγωνισμένη
3428 4499 3521 4551 καὶ
3554 4499 3645 4549 τὸν
3671 4498 3882 4564 δρόμον
3914 4495 4011 4564 ἢδη

767 4587 819 4632 et
842 4577 953 4646 jam
993 4590 1213 4633 cursum
1269 4574 1572 4642 perfecisti,
1632 4587 1922 4643 acceptura
1965 4580 2184 4646 praemia
2223 4590 2341 4634 tuo-

769 4684 890 4722 rum
924 4667 1308 4721 certaminum.
1359 4664 1503 4719 Voce
1534 4664 1713 4719 adhuc
1752 4676 2064 4729 resonante,
2118 4685 2343 4740 magnus

770 4768 1113 4828 terraemotus
1136 4760 1532 4826 conquassabat
1562 4760 1861 4827 civitatem,
1882 4771 1934 4815 et
1963 4764 2154 4833 magis,
2184 4780 2343 4833 quam

773 4850 907 4905 ullas
936 4866 1021 4904 res
1044 4861 1280 4915 creatas,
1313 4853 1478 4905 corda
1540 4868 1729 4906 eorum
1797 4856 1888 4921 qui
1948 4855 2341 4911 inhabitabant.

771 4942 927 4998 Unde
957 4944 1119 4995 etiam
1148 4943 1292 4996 illius
1323 4956 1578 5012 parentes
1635 4945 2055 5014 oportunitatem
2111 4950 2253 5002 nacti
2294 4960 2348 5002 et

774 5042 1128 5104 potestatem,
1164 5047 1273 5084 non
1304 5034 1523 5097 ﬂentes,
1555 5034 1650 5089 sed
1709 5037 1979 5099 lactantes,
2035 5036 2166 5091 illud
2207 5052 2348 5089 mar—

773 5132 1003 5196 tyricum
1030 5134 1084 5179 et
1120 5125 1422 5194 pretiosum
1454 5142 1675 5196 corpus,
1698 5143 1804 5180 non
1828 5128 2053 5182 aliorum
2076 5130 2344 5196 manibus,

775 5222 871 5275 sed
909 5220 1024 5274 suis
1049 5220 1362 5283 credentes,
1400 5219 1451 5269 in
1484 5220 1606 5273 loco
1660 5221 1895 5289 quodam
1938 5236 2043 5274 non
2109 5224 2346 5289 procul-a

776 5300 998 5367 civitate
1019 5312 1385 5373 Chalcedone,
1417 5310 1713 5365 honoriﬁce
1740 5312 1906 5367 simul
1938 5323 1991 5367 et
2058 5312 2145 5381 pie
2196 5328 2349 5382 sepe.

780 5404 1028 5457 lierunt:
1062 5404 1344 5469 pulchram
1385 5402 1719 5472 accipientes
1741 5407 2043 5460 mercedem
2072 5406 2191 5475 ejus
2225 5408 2351 5461 edu-

781 5496 1033 5561 cationis,
1066 5498 1208 5564 quod
1243 5496 1556 5551 dicerentur
1586 5505 1771 5567 patres
1798 5498 1916 5551 talis
1946 5500 2088 5559 ﬁlim.
2145 5509 2201 5553 et
2253 5501 2351 5553 da—

787 5601 909 5645 rent
929 5591 1041 5645 Dco
1066 5590 1333 5651 fructum,
1365 5590 1751 5643 benedictione
1778 5596 1831 5642 et
1857 5588 2130 5645 oblatione
2161 5591 2351 5661 quavis

786 5680 1453 5743 sacratiorem.Quoniam
1512 5695 1634 5734 cum
1696 5682 1855 5736 decet
1926 5683 2099 5737 omnis
2156 5685 2347 5749 honor,

788 5775 958 5849 gloria
990 5784 1044 5829 ct
1069 5774 1313 5829 adoratio
1350 5773 1400 5827 in
1436 5775 1651 5831 saecula.
1684 5776 1876 5831 Amen.

2441 4595 2729 4657 τελέσασα,
2758 4594 2827 4646 τὰ
2857 4590 2966 4645 τῶν
2998 4590 3223 4658 ἀγώνων
3249 4590 3389 4656 γέρα
3420 4604 3511 4640 σου
3558 4586 3868 4655 ληψομένη.
3897 4584 4015 4636 Ἔτι

2442 4686 2542 4754 τῆς
2570 4685 2751 4753 φωνῆς
2782 4684 2916 4750 ἤχου
2927 4680 3117 4749 μένης,
3140 4681 3231 4730 καὶ
3272 4679 3495 4747 σεισμὸς
3520 4678 3693 4747 μέγας
3723 4676 3903 4727 ὲδόνει
3923 4675 4019 4739 τὴν

2445 4774 2622 4838 πόλιν,
2647 4772 2738 4824 καὶ
2776 4769 2974 4841 μᾶλλον
3005 4769 3036 4839 ἢ
3067 4768 3135 4821 τὰ
3167 4767 3443 4835 κτίσματα
3491 4767 3589 4829 τὰς
3625 4764 3863 4836 καρδίας
3917 4764 4019 4818 τῶν

2446 4863 2865 4920 κατοικούντων.
2888 4861 3052 4913 Ὅθεν
3075 4861 3169 4913 καὶ
3190 4861 3239 4911 oi
3265 4860 3363 4927 τῆς
3382 4858 3636 4927 γενναίας
3662 4858 3874 4926 ταὺτης
3898 4874 4021 4925 γεν-

2446 4962 2689 5028 νήτορες,
2716 4951 2804 5007 οἷα
2835 4953 3028 5024 καιροῦ
3072 4955 3168 5005 καὶ
3214 4952 3397 5012 ἁδείας
3443 4949 3868 5018 ἐπειλημμένοι,
3910 4950 4021 5000 οΰτι

2447 5050 2743 5114 κλαίοντες,
2797 5048 2931 5101 ἀλλὰ
2991 5046 3297 5116 χαίροντες,
3337 5045 3398 5097 τὸ
3449 5040 3795 5113 μαρτυρικδν
3849 5044 4025 5095 ἐκεῖνο

2448 5144 2542 5197 καὶ
2565 5142 2860 5210 πολύτιμον
2900 5142 3061 5209 σῶμα
3093 5140 3279 5209 χερσὶν
3331 5137 3431 5190 οὐκ
3481 5135 3659 5190 ἄλλων
3707 5136 3852 5188 ἀλλὰ
3912 5140 4026 5196 ταῖς

2448 5236 2675 5297 οἰκείαις
2711 5232 3116 5297 πιστεύσαντες,
3139 5232 3198 5283 ὲν
3235 5230 3383 5299 τόπῳ
3421 5235 3531 5280 τινὶ
3565 5229 3626 5278 οὐ
3666 5229 3895 5298 μακρὰν
3920 5229 4025 5280 δντι

2450 5329 2545 5397 τῆς
2580 5328 2785 5388 πόλεως
2831 5323 3171 5393 Χαλκηδόνος
3202 5321 3440 5391 ιντίμως
3489 5318 3608 5387 ἅμα
3638 5320 3737 5370 καὶ
3787 5320 4025 5375 εὐλαδυκ

2451 5418 2853 5481 κατατίθενται,
2903 5416 3043 5469 καλὰ
3071 5415 3294 5487 τροφεῖα
3320 5410 3525 5487 ταύτης
3562 5414 3951 5487 ἀποξαβάντεὶ
3974 5410 4027 5487 τῗ

2452 5490 2640 5552 παιδὸς
2672 5490 2927 5555 τοιαύτης
2977 5485 3209 5539 ἀκούσαι
3240 5486 3476 5551 πατέρες
3538 5486 3634 5535 καὶ
3682 5483 3873 5536 δοῦναι
3918 5483 4028 5545 θεῴ

2456 5578 2666 5649 καρπὸν
2707 5578 2977 5647 εὐλογίας,
3008 5576 3100 5628 καὶ
3130 5574 3309 5643 πάσης
3340 5575 3665 5644 προσφορᾶς
3715 5574 4026 5642 ἱερώτατον,

2454 5677 2533 5727 ὅτι
2575 5673 2723 5743 αὑτῷ
2766 5672 2967 5743 πρέπει
3004 5671 3151 5723 πᾶσα
3179 5668 3326 5734 δόξα,
3353 5668 3489 5740 τιμὴ
3525 5672 3623 5722 καὶ
3663 5665 4028 5737 προσκύνησις

2457 5774 2535 5833 εἰς
2560 5768 2682 5833 τοὺς
2720 5770 2937 5829 αἰῶνας.
2969 5768 3155 5836 Ἀμην.
