4156 6314
153 395 286 462 733

1009 397 1475 461 MARTYRIUM
1516 399 1577 460 s.
1618 397 2003 462 mormur
2042 379 2138 460 ΕΤ
2179 398 2585 465 socronuu.

1650 557 1889 574 ﬁ-

3300 403 3403 467 73l

788 703 1416 799 ΜΑΡΤΥΡΙΟΝ
1486 709 1714 796 ΤΩΝ
1785 707 2121 797 ΑΓΙΩΝ
2192 709 2779 799 ΜΑΡΤΥΡΩΝ

1325 955 2247 1114 ΤΡΟΦΙΜΟΥ,

485 1242 1323 1362 ΣΑΒΒΑΤΙΟΥ
1429 1243 1706 1357 ΚΑΙ
1831 1246 3094 1367 ΔΟΡΥΜΕΔΟΝΤΟΣ.

906 1703 1065 1794 MA
1085 1702 1634 1794 RTYRIUM

1729 1705 1884 1795 SS.

2007 1703 2677 1796 MARTYBUM

1277 1965 2212 2123 TROPHIMI
2264 2076 2311 2160 ,

640 2298 1282 2414 SABBATII
1440 2304 1622 2415 ET
1764 2298 2944 2417 DOBYMEDONTIS.

370 2522 555 2586 (Greca
575 2492 704 2573 nunc
726 2524 932 2586 primum
955 2520 1198 2585 prodeunt
1218 2533 1279 2572 ex
1310 2522 1419 2572 cod.
1444 2536 1535 2574 ms.
1558 2522 1716 2574 Paris.
1742 2535 1791 2573 ο.
1823 2522 1966 2583 1492;
1994 2521 2163 2572 Latina
2190 2522 2345 2572 edidit
2371 2521 2546 2572 Surius
2566 2523 2626 2573 ad
2649 2524 2779 2572 diem
2816 2521 2872 2574 19
2894 2521 3247 2587 Septembris.)

256 2931 334 2990 ΑΖ
361 2932 571 3003 Πρόεου
627 2930 720 2983 τοῦ
753 2929 1048 2994 δυσσεϐοῦς
1074 2930 1133 2983 τὸ
1164 2931 1434 3001 βασίλειον
1470 2930 1748 3001 σκῆπτρον
1780 2982 1782 2989 ,

1927 2930 1970 2985 1.
2001 2929 2167 3002 lmpio
2190 2931 2364 2987 Probo
2407 2940 2623 2987 tenente
2659 2942 2869 3000 sceptra
2902 2932 3110 3001 imperii
3150 2932 3423 2987 Roniano-

189 3026 488 3097 Ῥωμαίοις
511 3025 808 3090 διέποντος,
829 3025 928 3094 τὴν
953 3024 1062 3077 τῶν
1094 3023 1359 3094 βικαρίων
1381 3024 1577 3096 ἀρχὴν,
1608 3026 1752 3079 κατὰ

179 3116 282 3188 τὴν
336 3116 666 3186 Ἀντιόχειαν
704 3114 946 3178 Ἀττικὸς
980 3116 1175 3187 ήνυεν·
1201 3115 1260 3167 ὃν
1293 3115 1466 3183 δήπου
1503 3117 1595 3167 καὶ
1624 3117 1755 3169 ἐκά-

180 3210 312 3262 λουν
350 3208 690 3278 Ἦλιόδωρον.
719 3208 839 3261 Τῶν
882 3206 1169 3276 γενεθλίων
1196 3207 1250 3259 δὲ
1282 3206 1624 3277 φθοροποιῶν
1658 3223 1753 3273 γε·

180 3301 425 3369 νομένων
450 3299 542 3353 τοῦ
574 3299 843 3369 Δαφναίου
891 3297 1312 3367 Ἀπόλλωνοςζή
1337 3297 1436 3368 μὲν
1477 3294 1752 3367 Ἀντιόχου

182 3394 244 3444 ἐν
272 3393 485 3460 κρότοις
511 3393 606 3443 καὶ
648 3391 846 3459 μέθαις
887 3393 978 3444 καὶ
1010 3390 1224 3454 θυσίαις
1258 3390 1350 3444 καὶ
1384 3390 1596 3459 κώμοις
1642 3389 1754 3457 διη-

184 3482 433 3551 μέρευεν·
466 3482 586 3533 κατ’
618 3482 832 3551 ἰκείνην
858 3482 915 3535 δὲ
968 3482 1067 3551 τὴν
1097 3483 1315 3552 ἡμέραν
1361 3481 1421 3546 ἐξ
1452 3482 1755 3551 ἀλλοδαπῆς

184 3572 511 3635 ἐπιστάντες
536 3571 812 3643 Τρόφιμος
843 3573 937 3625 καὶ
983 3572 1300 3634 Σαϐϐάτιος.
1326 3574 1517 3642 ἄνδρες
1570 3574 1752 3625 θεοσε-

183 3664 303 3727 δεῖς
358 3666 449 3717 καὶ
503 3665 601 3734 τῆς
656 3662 916 3734 ἀληθείας
978 3663 1368 3734 προσκυνηταὶ,
1412 3663 1544 3715 ὅπου
1575 3661 1755 3714 δὲκαὶ

184 3759 414 3826 φανεροὶ
446 3758 545 3825 τὴν
598 3756 993 3823 εὐσέϐειαν,ὼ;
1027 3757 1361 3828 τηλικαύτην
1412 3756 1522 3809 τῶν
1566 3755 1753 3825 ψυχῶν

181 3847 565 3917 αἰχμαλωσίαν
593 3847 905 3901 ἐθεάσαντο.
929 3846 1068 3917 βαρύ
1098 3866 1147 3899 τι
1182 3848 1274 3899 καὶ
1326 3848 1610 3918 ἐγκάρδιον
1640 3865 1757 3900 στε·

178 3938 354 4001 νάξας
386 3937 411 3988 ό
439 3937 735 4006 Τρόφιμος,
774 3938 832 3989 Ὀ
861 3936 1014 4000 Θεὸς,
1046 3933 1318 4005 ἐνεϐόησε,
1354 3939 1417 4005 τῇ
1458 3940 1608 4006 φωνῇ
1655 3954 1752 3989 κε-

187 4033 363 4101 ράσας
396 4029 488 4084 καὶ
518 4029 754 4099 δάκρυον
776 4069 792 4092 ,
821 4029 848 4079 ό
868 4028 1011 4098 λόγῳ
1034 4029 1130 4098 μὲν
1154 4028 1213 4080 τὸ
1240 4028 1346 4080 πᾶν
1376 4029 1437 4079 ἐκ
1475 4026 1549 4099 μὴ
1581 4026 1752 4080 ὄντων

186 4123 639 4191 ὑποστησάμενος
663 4160 677 4181 ,
738 4120 828 4171 τὸν
877 4118 1160 4191 ἄνθρωπον
1194 4119 1248 4171 δὲ
1287 4115 1406 4170 κατ’
1437 4118 1620 4171 εἰκόνα
1656 4116 1754 4187 σὴν

185 4216 337 4285 χειρὶ
364 4212 538 4282 οἰκείᾳ
562 4211 997 4280 δημιουργήσας,
1033 4210 1199 4270 αὐτὸς
1233 4209 1383 4260 ἔπιδε
1418 4208 1511 4259 καὶ
1537 4209 1631 4259 νῦν
1659 4209 1752 4260 καὶ

183 4306 290 4373 τῆς
338 4304 432 4357 τοῦ
471 4302 852 4372 ἀντικειμένου
894 4299 1076 4371 χειρὸς
1108 4300 1302 4357 αὐτοὺς
1339 4298 1543 4365 ἐξελοῦ.
1565 4297 1751 4351 Ταῦτα

180 4396 213 4448 ὁ
246 4395 523 4464 Τρόφιμος
571 4394 724 4461 ἔλεγε
778 4392 913 4463 πρὸς
948 4394 1040 4445 τὸν
1070 4392 1235 4445 Θεόνο
1265 4394 1358 4444 καὶ
1401 4390 1757 4454 συλλασόντες

180 4486 382 4547 αὐτούς
438 4504 580 4560 τινες
652 4486 761 4537 τῶν
802 4484 1163 4554 Ἑλληνιστῶν
1217 4485 1409 4551 ἄγουσι
1459 4485 1609 4555 παρὰ
1664 4485 1755 4536 τὸν

181 4577 457 4650 βικὰριον,
489 4574 601 4629 Καὶ
638 4573 696 4637 ὃς
729 4574 871 4625 κατὰ
890 4572 1183 4642 προσώπου
1213 4572 1433 4633 τούτους
1462 4587 1748 4641 παραστη-

180 4674 421 4742 σάμενος
454 4671 686 4740 διίστησι
714 4667 810 4737 μὲν
835 4665 929 4737 τοῦ
966 4666 1129 4718 τόπου
1153 4664 1312 4728 εὐθὺς
1349 4666 1442 4717 ἀπ’
1472 4664 1716 4733 ἀλλήλων
1735 4679 1749 4694 ο

177 4765 277 4827 οὓς
307 4765 403 4817 οὐκ
433 4760 499 4834 ἦν
538 4762 823 4828 δ.αστῆσαι
851 4759 926 4829 τῷ
958 4758 1226 4827 πνεύματι
1247 4772 1260 4784 ⁸
1298 4758 1548 4827 ἐπερωτᾷ
1576 4756 1630 4808 δὲ
1661 4754 1750 4807 τοῦ

177 4856 470 4925 Τροφίμου
515 4853 783 4923 πρότερον
824 4852 1039 4917 κλῆσιν,
1081 4851 1175 4902 καὶ
1224 4848 1412 4918 τύχην,
1448 4849 1540 4900 καὶ
1569 4848 1751 4900 ὁποῖον

177 4946 336 5017 αὐτῷ
358 4946 414 4998 τὸ
438 4944 621 5008 σέϐας.
651 4942 712 4995 '0
745 4942 799 4994 δὲ
826 4941 995 5003 δεινὸς
1016 4940 1171 5009 ἀνὴρ,
1202 4942 1410 5008 Ὀνομα
1440 4940 1747 5009 μὲν,ἔλεγε,

175 5040 245 5092 τὸ
278 5040 405 5109 ἐμὸν
447 5037 503 5103 ἐξ
548 5035 717 5101 αὐτῆς
770 5034 1037 5100 γενέσεως
1083 5030 1361 5099 Τρόφιμος
1388 5048 1400 5059 ·
1435 5030 1658 5098 εὐγενὴς
1694 5032 1750 5084 δὲ

175 5130 260 5183 ὣν
290 5125 381 5180 ἀπ’
429 5125 601 5194 ἀρχῆς
652 5124 934 5191 ἐλεύθερος
963 5120 1262 5189 ὲδουλὼοην
1290 5123 1349 5185 ἐξ
1388 5121 1646 5191 ἐπηρείας
1679 5124 1741 5191 τῇ

177 5218 461 5291 ἁμαρτίᾳ·
508 5215 642 5269 ἀλλὰ
687 5215 765 5285 τῷ
795 5214 886 5267 τοῦ
920 5214 1055 5285 ἐμοῦ
1107 5204 1310 5283 Κυρίου
1341 5214 1501 5266 πάλιν
1552 5212 1747 5281 βαπτί.

179 5329 374 5383 σματι,
423 5310 522 5379 τὴν
566 5306 793 5377 πρώτην¹
810 5309 1022 5376 ἐκείνην
1050 5307 1326 5375 εὐγένειαν
1359 5307 1452 5358 καὶ⁵
1469 5307 1565 5376 τὴν
1596 5307 1747 5359 ἐλευ-

177 5404 370 5470 θερίαν
409 5402 698 5454 ἀπέλαϐον.

1854 3040 1997 3088 rum,
2034 3026 2219 3080 vicarii
2245 3027 2558 3097 magistratu
2605 3025 2904 3078 Antiochiae
2939 3024 3262 3095 fungebatur
3284 3026 3425 3079 Atti-

1854 3134 2147 3190 cus,quem
2176 3119 2339 3173 etiam
2369 3117 2633 3173 vocabant
2659 3117 3006 3172 Heliodorum
3029 3117 3274 3187 (l).Cum
3297 3131 3424 3184 per-

1854 3220 2104 3280 ageretur
2146 3221 2327 3264 autem
2365 3211 2595 3265 exitialis
2616 3211 2808 3263 natalis
2840 3210 3096 3275 Daphnaei
3121 3207 3385 3279 Apollinis
3406 3245 3426 3273 ,

1852 3300 2140 3357 Antiochia
2170 3300 2410 3370 quidem,
2444 3310 2503 3354 ut
2544 3310 2628 3355 est
2659 3310 3105 3363 consentaneum,
3134 3302 3186 3353 in
3236 3302 3415 3368 tripu-

1855 3393 1980 3458 diis,
2003 3392 2359 3448 ebrietatibus
2394 3400 2449 3446 et
2499 3391 2783 3448 sacriﬁciis
2843 3402 3015 3446 totum
3049 3393 3192 3447 diem
3223 3391 3423 3446 transi-

1855 3488 2036 3555 gebat.
2068 3487 2162 3541 lllo
2185 3496 2366 3540 autem
2401 3484 2489 3539 die
2523 3500 2586 3539 ex
2616 3495 2840 3538 externa
2877 3486 3093 3554 regione
3124 3483 3422 3539 advenien-

1855 3588 1935 3631 tes
1974 3576 2303 3645 Trophimus
2329 3588 2382 3628 et
2420 3575 2729 3638 Sabbatius,
2767 3575 2864 3627 viri
2890 3575 2964 3642 pii
3013 3584 3066 3628 et
3102 3575 3423 3629 adoratores

1858 3660 2119 3730 veritatis,
2150 3665 2242 3722 sed
2264 3680 2492 3735 quorum
2513 3666 2756 3720 nondum
2780 3674 2896 3719 erat
2919 3664 3203 3719 manifesta
3223 3666 3418 3733 pietas,

1856 3778 1977 3817 cum
2014 3761 2317 3815 animarum
2376 3767 2577 3813 tantam
2636 3758 2979 3828 aspexissent
3022 3757 3419 3825 captivitatem,

1854 3852 2088 3922 graviter
2116 3860 2169 3903 et
2198 3865 2265 3903 ex
2311 3851 2419 3902 imo
2457 3858 2674 3917 pectore
2716 3850 2997 3916 suspirans
3029 3846 3360 3915 TrOphimus
3402 3866 3415 3900 :

1855 3943 2019 4006 Deus,
2043 3938 2363 3997 exclamavit
2391 3938 2530 4009 (voci
2556 3952 2776 4009 quoque
2800 3936 3101 3992 commistis
3121 3938 3421 4011 lacrymis),

1854 4037 1944 4104 qui
1982 4035 2145 4089 verbo
2181 4034 2398 4103 quidem
2421 4048 2485 4087 ex
2517 4033 2583 4086 iis
2609 4047 2729 4100 qua:
2757 4046 2866 4085 non
2895 4040 3076 4094 erant,
3105 4032 3417 4087 universum

1855 4127 2206 4191 constituiSti,
2262 4125 2531 4176 hominem
2572 4134 2752 4176 autem
2810 4123 2876 4176 ad
2941 4122 3226 4192 imaginem
3272 4131 3418 4177 tuam

1856 4217 2070 4287 propria
2116 4230 2279 4268 manu
2311 4229 2370 4268 es
2408 4213 2725 4277 fabricatus,
2767 4221 2822 4265 tu
2874 4212 3107 4281 benigne
3148 4227 3293 4266 nunc
3335 4228 3424 4266 as.-

1856 4310 2005 4380 pice,
2044 4317 2099 4362 et
2132 4309 2282 4375 eripe
2321 4307 2455 4361 istos
2506 4320 2535 4358 a
2578 4320 2740 4359 manu
2776 4304 3095 4359 adversarii.
3149 4302 3272 4359 Haec
3311 4304 3422 4359 Deo

1855 4402 1990 4456 dixit
2012 4398 2354 4467 Trophimus.
2384 4397 2627 4466 Repente
2653 4407 2833 4450 autem
2865 4412 2990 4449 eum
3017 4413 3139 4450 cum
3164 4395 3421 4451 Sabbatio

1853 4490 2322 4559 comprehendunt
2369 4489 2586 4556 quidam
2634 4503 2698 4541 ex
2757 4488 3074 4557 gentilibus,
3119 4500 3175 4542 et
3212 4487 3423 4543 ducunt

1852 4585 1918 4639 ad
1948 4585 2229 4639 vicarium.
2263 4583 2362 4649 Qui
2406 4598 2527 4638 cum
2559 4598 2682 4636 eum
2711 4598 2893 4637 coram
2948 4592 3193 4636 curasset
3224 4583 3425 4636 sisten-

1853 4679 2003 4740 dum,
2032 4678 2149 4732 loco
2171 4675 2386 4743 quidem
2405 4676 2587 4730 statim
2614 4683 2831 4741 separat
2856 4689 2882 4725 a
2915 4687 2973 4726 se
3006 4673 3262 4736 invicem,
3284 4688 3422 4741 quos

1853 4787 1961 4826 non
1993 4778 2203 4839 poterat
2239 4768 2428 4837 spiritu
2470 4766 2780 4834 sejungere.
2827 4764 3005 4836 Rogat
3046 4774 3225 4818 autem
3269 4764 3421 4832 prius

1853 4858 2229 4927 Trophimum,
2281 4854 2556 4923 quodnam
2597 4866 2744 4909 esset
2773 4856 2822 4908 ei
2875 4870 3093 4915 nomen,
3136 4869 3257 4921 qua:
3296 4856 3420 4909 vita:

1851 4950 2085 5006 conditio
2116 4958 2167 5003 et
2194 4964 2312 5017 qum
2339 4949 2546 5019 religio.
2582 4948 2671 5002 Vir
2707 4956 2888 5000 autem
2920 4947 3136 5001 divinus
3163 4963 3176 5001 :
3206 4946 3417 5002 Nomen

1852 5044 2068 5114 quidem
2105 5058 2309 5107 meum,
2339 5043 2491 5103 dixit,
2521 5041 2589 5093 ab
2624 5043 2742 5108 ipso
2773 5049 2894 5092 ortu
2938 5052 3021 5094 est
3062 5038 3414 5107 Trophimus.

1855 5136 1988 5191 Cum
2022 5152 2147 5189 vero
2174 5136 2242 5188 ab
2278 5136 2431 5187 initio
2465 5134 2733 5203 ingenuus
2764 5144 2939 5185 essem
2972 5140 3025 5183 et
3052 5130 3190 5183 liber
3235 5140 3417 5196 natus,

1858 5244 1965 5283 non
2007 5228 2123 5283 sine
2168 5228 2367 5296 probro
2402 5234 2456 5278 et
2495 5224 2765 5279 dedecore
2808 5222 2969 5277 servii
3010 5230 3272 5290 peccato;
3321 5223 3417 5277 sed

1858 5336 2047 5375 rursus
2077 5318 2180 5372 mei
2215 5317 2413 5372 Christi
2447 5316 2769 5384 baptismate
2804 5312 2979 5381 recepi
3010 5313 3242 5383 primam
3272 5312 3417 5367 illam

1860 5412 2242 5482 ingenuitatem
2278 5419 2332 5463 et
2370 5410 2695 5463 libertatem.

260 5497 334 5554 B'.
380 5501 487 5553 Καὶ
516 5500 552 5550 δ
576 5499 844 5569 βικάριος,
880 5498 1015 5551 Τίνα
1051 5497 1182 5566 γοῦν
1235 5498 1424 5567 τιμᾷς,
1462 5493 1747 5565 ἕφη,’ορη-
1777 5494 1782 5530 ⁴

1931 5501 1995 5557 ll.
2025 5502 2267 5557 Vicarius
2304 5515 2430 5554 vero
2460 5516 2475 5551 :
2520 5498 2819 5563 Quamnam
2857 5506 3063 5561 autem,
3102 5494 3299 5565 inquit,
3336 5509 3421 5549 se-

261 5680 339 5742 (l')
365 5680 522 5736 Probi
555 5681 777 5746 Augusti
811 5680 1162 5746 temporibus,
1190 5678 1313 5731 licet
1343 5678 1646 5746 persecutio
1675 5679 1744 5733 ab

177 5750 479 5805 Aureliano
533 5751 584 5802 in
632 5749 971 5804 Christianos
1013 5750 1208 5802 indicta
1243 5749 1733 5815 quieveril,tameu

178 5821 507 5884 Antiochiae,
546 5822 725 5874 furore
756 5818 1046 5885 Heliodori,
1084 5819 1334 5871 vicariam
1364 5820 1734 5887 praefecturam

1854 5688 2111 5759 gerentis,
2138 5686 2189 5739 in
2216 5683 2569 5759 Trophimum
2612 5691 2666 5734 et
2690 5678 3006 5759 Sabbatium
3056 5676 3416 5759 novanoblata

1853 5746 2157 5823 occasione,
2204 5746 2496 5817 recruduit,
2527 5760 2581 5805 ut
2611 5761 2763 5806 notat
2787 5751 3047 5803 Barunius
3077 5764 3165 5803 an.
3195 5746 3324 5801 281.
