4156 6314
177 386 284 450 7‘37

1012 366 1479 434 MARTYRIUM
1521 366 1584 426 S.
1619 360 2010 425 TROPHIMI
2057 360 2153 421 ET
2193 359 2614 424 SOCIORUM.

3335 363 3440 424 738

179 504 247 570 τῇ
281 516 340 551 τε
368 495 502 561 ἄλλῃ
535 491 889 562 παραδίδοται
928 485 1194 544 κακώσει,
1245 483 1340 535 καὶ
1373 481 1454 542 είς
1482 477 1760 545 τέσσαρας

1866 473 2067 540 ctione,
2100 482 2213 528 tum
2249 473 2414 529 etiam
2447 473 2764 529 extenditur
2787 473 2841 527 in
2882 481 3117 543 quatuor
3156 471 3441 528 foramini-

180 591 274 642 τοῦ
308 585 665 654 κολαστηρίου
714 583 872 659 ξύλου
916 581 944 633 6
992 578 1179 646 [ἰατὴρ
1214 571 1580 634 ἀποτείνεται,
1607 570 1754 631 ὅπως

182 680 316 750 μηδὲ
338 679 594 744 ἐνταῦθα,
624 675 810 746 φησιν,
843 672 955 744 ἔχοι
983 670 1109 741 μηδ’
1132 669 1225 721 ἐπὶ
1255 664 1452 737 μικρὸν
1477 659 1756 716 ἀναπνεῦ-

181 789 294 824 σαι.

255 868 326 916 A'.
350 862 645 928 Είσὰγεται
677 857 732 910 δὲ
769 855 845 925 τῷ
875 854 1080 924 βήματι
1115 849 1232 926 μετ’
1256 848 1420 902 αύτδν
1450 843 1476 900 6
1509 845 1756 913 γενναῖος

181 955 503 1016 Σαϐϐάτιος·
543 951 637 1005 καὶ
699 949 896 1002 αὐτίκα
955 945 1091 1015 πρὸς
1142 944 1328 1008 αὑτὸν,
1377 939 1492 994 οὐκ
1543 934 1754 1008 ὲρωτῶ,

183 1049 350 1118 φησὶν
381 1050 409 1101 6
439 1046 640 1118 ἅρχων,
669 1044 716 1094 εί
752 1039 1079 1111 Χριστιανὸς
1107 1034 1160 1091 εἷ
1180 1053 1193 1066 ·
1228 1032 1604 1103 ἀπεστρέφετο
1645 1028 1756 1096 γὰρ

182 1141 344 1212 μέχρι
374 1139 480 1192 τῶν
519 1135 670 1187 ὢτων
711 1134 772 1186 τὺ
826 1136 975 1204 ῥῆμα
997 1148 1008 1163 ο
1059 1129 1179 1182 ἐπεὶ
1213 1127 1334 1179 ούδὲ
1355 1123 1524 1177 νοσῶν
1550 1119 1757 1212 ὀφθαλέ-

181 1211 283 1304 μὺς
352 1233 412 1284 τὸ
447 1230 621 1297 γλυκὺ
671 1228 807 1279 πᾶσι
860 1225 975 1294 φῶς
1012 1223 1137 1276 ίδεῖν
1193 1217 1537 1288 ὑπομείνειεν
1576 1230 1589 1244 ο
1618 1211 1754 1266 ἀλλὰ

175 1326 229 1377 τί
265 1325 355 1376 σὸν
392 1322 452 1374 τὸ
484 1320 726 1388 ἀξίωμα,
783 1315 1000 1385 πρῶτον
1033 1313 1179 1366 εἰπέ.
1229 1312 1340 1363 Καὶ
1365 1311 1392 1361 6
1426 1305 1751 1366 Σαϐύάτιος,

190 1417 368 1484 Ἐμοὶ,
391 1412 579 1483 φησὶν,
620 1407 663 1465 ὧ
695 1408 966 1473 δίκασταὶ,
999 1406 1095 1461 καὶ
1124 1404 1365 1472 ἀξίωμα,
1408 1402 1503 1455 καὶ
1533 1398 1751 1470 πατρὶς,

175 1508 272 1557 καὶ
307 1505 433 1568 δόξα
469 1505 560 1556 καὶ
606 1501 897 1572 περιουσία
953 1499 1191 1570 Χριστός
1242 1499 1391 1548 ἐστιν
1425 1495 1452 1546 6
1483 1491 1576 1544 τοῦ
1612 1491 1752 1544 Θεοῦ

177 1599 328 1660 Υἱὸς,
362 1597 390 1648 6
415 1598 502 1649 ἀεὶ
533 1595 660 1659 ζῶν,
699 1588 759 1648 οὗ
786 1597 852 1664 τῇ
884 1593 1111 1663 προνοίᾳ
1156 1592 1216 1641 τὸ
1244 1589 1352 1641 πᾶν
1391 1586 1508 1639 τόδε
1551 1584 1756 1655 κυϐερο

183 1691 346 1742 νᾶται
383 1690 475 1740 καὶ
523 1688 852 1741 διιθύνεται.
877 1688 989 1739 Καὶ
1017 1686 1044 1734 6
1073 1681 1335 1757 δικαστὴς
1367 1682 1433 1749 τῇ
1467 1677 1563 1730 τοῦ
1611 1677 1756 1747 μάρ-

174 1797 340 1850 τυρος
379 1782 514 1850 μετὰ
557 1781 871 1851 παρρησίας
892 1776 1184 1847 ἀποκρίσει
1210 1774 1277 1827 τὰ
1302 1772 1509 1842 ἔσχατα
1546 1770 1758 1840 ἐξυϐρί-

178 1873 307 1926 σθαι
352 1873 602 1942 νομίσας,
656 1871 868 1936 πληγὰς
900 1866 1123 1919 ἐντείνει
1151 1867 1292 1919 κατὰ
1320 1864 1529 1938 κορῤἧς
1563 1864 1714 1934 αὐτῷ
1739 1905 1754 1932 ,

173 1965 469 2034 ὲπιφωνῶν
500 1963 613 2032 ἅμα
645 1977 657 1991 '
689 1961 829 2028 Πρὸς
879 1959 1006 2021 ἔπος
1049 1959 1363 2028 ἀπόκριναι·
1389 1958 1483 2009 καὶ
1512 1955 1759 2024 βασάνων

171 2060 374 2124 σπεῖραν
401 2092 414 2107 .
438 2091 451 2106 .
482 2093 495 2107 .
525 2094 539 2108 .
562 2091 576 2106 .
603 2094 616 2109 .
643 2093 657 2105 .
687 2092 702 2108 .
724 2094 736 2106 .
768 2092 782 2107 .
835 2049 1171 2123 προσελθὼν,
1218 2049 1378 2102 θῦσον
1433 2049 1545 2111 τοῖς
1594 2046 1752 2108 θεοῖς.

172 2149 255 2199 Τὸ
289 2147 393 2214 γὰρ
427 2146 563 2214 μετὰ
591 2143 762 2197 ταῦτα
791 2142 954 2196 θῦσαι
982 2140 1148 2212 ἄχαρι
1204 2157 1264 2192 τε
1304 2142 1409 2193 καὶ
1445 2139 1545 2208 οὐχ
1583 2136 1756 2199 οὕτως

169 2238 476 2294 ἀπόδεκτον
500 2252 514 2266 ο
560 2236 736 2296 ἄλλως
764 2248 822 2286 τε
855 2235 950 2288 καὶ
997 2231 1351 2302 προλαὸοῦσα
1385 2229 1614 2300 βάσανος
1656 2227 1755 2292 τὴν

178 2323 482 2392 μετέπειτα
530 2322 726 2390 ἡδονὴν
777 2321 1178 2388 ὑποτέμνεται·
1227 2317 1320 2369 καὶ
1350 2321 1377 2369 6
1421 2315 1756 2377 Σα66ἁτιος·

169 2415 295 2482 Τῆς
326 2416 593 2484 ὲπικήρου
623 2414 717 2467 καὶ
741 2414 968 2481 ῥεούσης
992 2411 1188 2481 ἡδονῆς
1211 2405 1310 2462 ὦδε
1340 2408 1481 2462 καθὰ
1503 2408 1597 2460 καὶ
1624 2409 1761 2477 μόνη

175 2508 340 2577 μένει
403 2508 688 2566 ἀπόκλισις
738 2502 1003 2571 σφαλερὰ,
1061 2501 1261 2570 φησίν·
1310 2500 1357 2549 εί
1409 2498 1465 2550 δὲ
1523 2498 1615 2550 καλΙ
1664 2497 1760 2565 τὴν

168 2598 436 2650 ἀσέδειαν
491 2594 764 2663 ἑπομένην
811 2595 956 2661 ἐχοι,
1011 2592 1072 2644 τὸ
1124 2592 1294 2644 κακὸν
1351 2591 1570 2660 ὴλίκονυ
1619 2587 1759 2642 ὥστε

169 2688 363 2757 πολλῴ
385 2687 666 2758 κρείττους
692 2687 814 2756 ἐμοὶ
834 2687 889 2738 αῖ
919 2684 1004 2738 διὰ
1032 2683 1272 2756 Χριστοῦ
1301 2682 1571 2745 κολάσειςσ
1601 2675 1761 2734 αὗται

171 2780 295 2850 γὰρ
369 2780 636 2848 διηνεκεῖς
681 2777 1059 2848 ταμιεύονται,
1101 2779 1195 2830 καὶ⁹
1251 2778 1338 2829 ἀεὶ
1392 2775 1611 2845 μένουσι
1666 2774 1764 2836 τὰς

170 2870 459 2941 ἀμοιϐάς·
514 2870 582 2924 τὰ
617 2870 672 2923 δὲ
713 2870 978 2938 ὑμέτερα,
1035 2869 1145 2935 ὅσῳ
1199 2867 1403 2935 μᾶλλον
1453 2867 1758 2935 εὐφραίνει,

172 2963 424 3032 τοσούτῳ
456 2964 549 3014 καὶ
580 2962 816 3028 λυπήσει
872 2959 1056 3012 πλέον.
1093 2959 1203 3012 Καὶ
1249 2959 1363 3012 εἴθε
1395 2974 1460 3025 γε
1519 2958 1614 3010 καὶ
1667 2957 1761 3009 τὸν

177 3055 305 3108 ἴσον
368 3044 582 3124 χρόνον“,
613 3052 727 3104 ἁλλ’
777 3051 1060 3120 εὐφραίνει
1096 3051 1196 3121 μὲν
1252 3051 1562 3121 πρόσκαιρα
1601 3047 1762 3120 τυχὸν

174 3149 283 3200 καὶ
317 3148 575 3217 ἐφήμερα
597 3185 611 3210 ,
635 3144 874 3216 λυπήσει
909 3144 968 3197 δὲ
999 3142 1243 3198 ἀθάνατα
1284 3141 1380 3195 καὶ
1406 3141 1616 3197 αἰώνια.

263 3416 340 3470 Ε’.
378 3413 764 3485 Ἐκθηριοῦται
826 3415 960 3482 πρὸς
1013 3413 1184 3466 ταῦτα
1216 3415 1243 3467 6
1273 3415 1479 3482 ἅρχων,
1529 3413 1625 3465 καὶ
1666 3413 1767 3480 ἀγ-

178 3504 454 3576 ριώτερος
510 3504 752 3571 γίνεται’
786 3503 879 3555 καὶ
942 3501 1271 3570 μετεωρίζει
1334 3501 1432 3571 μὲν
1477 3501 1570 3553 ἐπὶ
1606 3499 1763 3564 ξύλου

175 3600 284 3650 τὸν
317 3595 575 3666 ἀθλητὴν,
606 3596 699 3647 καὶ
730 3594 828 3658 τὰς
859 3594 1100 3662 πλευρὰς
1128 3593 1366 3663 σιδηροῖς
1391 3590 1540 3656 ὄνυξι
1562 3591 1765 3658 διαξέει

175 3689 390 3756 ἁναμο.
423 3725 436 3740 .
469 3726 483 3740 .
512 3725 528 3740 .
555 3726 568 3740 .
604 3704 653 3739 ει
687 3685 829 3740 δὲτὰ
862 3685 996 3736 ὀστᾶ
1023 3722 1037 3745 ,
1062 3684 1156 3736 καὶ
1182 3683 1362 3735 αὐτῶν
1396 3682 1627 3735 ἅπτεται
1658 3681 1766 3733 τῶν

177 3781 468 3848 ὲγκάτων.
498 3779 777 3850 Περιαλγῆ
816 3777 996 3829 τοίνυν
1027 3778 1120 3828 ἐπὶ
1149 3775 1359 3836 τούτοις
1389 3776 1481 3826 τὸν
1514 3774 1768 3842 μάρτυρα

177 3875 556 3940 θεασάμενος,
600 3873 661 3924 Et
687 3869 858 3938 γλυκύ
892 3886 976 3921 σοι
1017 3870 1077 3920 τὸ
1112 3867 1200 3919 διὰ
1225 3867 1463 3936 Χριστοῦ
1509 3868 1764 3936 πάσχειν,

171 3968 325 4034 ἐφη,
357 3964 677 4028 Σαϐϐάτιος,
712 3963 876 4017 πόθεν
903 3963 951 4016 οἱ
985 3962 1276 4030 στεναγμοὶ
1332 3961 1427 4014 καὶ
1479 3961 1547 4013 τὰ
1593 3959 1769 4030 θερμὰ

170 4061 355 4112 ταυτὶ
384 4058 628 4127 δάκρυα;
661 4055 753 4109 ’Ὶν’
785 4056 952 4126 εἰδῇς,
974 4057 1001 4107 6
1033 4057 1244 4124 μάρτυς
1270 4055 1458 4122 φησὶν,
1490 4053 1634 4114 ὅπως
1659 4053 1770 4119 ἐγὼ

167 4151 254 4204 τὸ
285 4151 516 4219 πρᾶγμα
545 4148 680 4215 διψὼ
702 4162 714 4175 °
758 4149 852 4199 καὶ
881 4147 1006 4198 ὅσου
1060 4144 1308 4214 τιμῶμαι
1341 4145 1400 4196 τὸ
1441 4143 1509 4195 δι’
1559 4145 1768 4196 ἐκεῖνον

171 4240 393 4297 παθεῖν
414 4256 426 4270 ·
460 4241 543 4294 ὅτι
589 4240 682 4293 καὶ
715 4237 857 4292 οὓτω
887 4236 1222 4306 δριμυτάτην
1250 4235 1442 4305 ὀδύνης
1481 4233 1770 4306 δεχόμενος

167 4333 478 4403 αἰσθησιν,
505 4331 578 4396 ὡς
609 4332 700 4388 καὶ
723 4332 801 4392 είς
824 4330 1035 4401 δάκρυα
1081 4329 1290 4398 φανερὰ
1318 4326 1655 4395 κατάγεσθαι
1679 4328 1772 4379 καὶ

164 4423 446 4494 χαλεπῶς
495 4425 701 4492 φέρειν,
727 4423 876 4492 ὅμως
909 4421 1239 4491 θερμότερον
1261 4419 1343 4473 ἔτι
1373 4419 1464 4471 τοῦ
1499 4423 1577 4483 είς
1608 4421 1772 4473 αὑτὸν

1859 566 2111 636 busligni
2135 567 2202 622 ad
2227 567 2590 638 torquendum
2615 566 2937 637 comparati,
2964 575 3021 621 ut
3053 581 3122 622 ne
3150 566 3440 622 minimum

1858 660 2075 731 quidem
2108 672 2290 732 posset
2331 663 2624 732 respirare.

1932 845 2020 900 IV.
2059 845 2140 901 Ad
2175 847 2411 901 tribunal
2455 855 2640 902 autem
2688 858 2809 918 post
2852 846 3030 916 ipsum
3071 845 3439 902 introducitur

1859 939 2110 1008 egregius
2134 937 2444 995 Sabbatius.
2473 940 2533 993 Ei
2565 949 2747 994 autem
2791 940 2976 994 statim
3008 939 3141 993 dicit
3181 953 3384 1008 praeses
3420 955 3434 992 :

1857 1029 1978 1084 Non
2024 1047 2176 1102 rogo,
2221 1048 2287 1086 an
2342 1034 2416 1088 sis
2459 1033 2804 1088 Christianus
2843 1033 2970 1102 (hoc
3010 1031 3156 1087 enim
3211 1031 3439 1086 verbum

1857 1123 1995 1177 adeo
2023 1125 2380 1179 aversabatur
2403 1165 2417 1188 ,
2448 1133 2507 1180 ut
2535 1140 2605 1180 ne
2637 1125 2798 1180 vellet
2824 1125 3038 1193 quidem
3064 1122 3273 1188 audire,
3304 1135 3443 1191 quo-

1857 1213 2002 1268 niam
2035 1230 2138 1269 nec
2166 1231 2308 1284 anger
2334 1223 2521 1272 oculos
2552 1217 2877 1271 sustinuerit
2903 1217 3086 1271 videre
3113 1217 3288 1270 lucem
3318 1229 3443 1284 gra-

1858 1314 1969 1361 tam
2009 1307 2286 1377 omnibus)
2323 1347 2338 1373 ,
2385 1311 2479 1363 sed
2521 1309 2608 1365 die
2654 1310 2908 1380 primum,
2951 1321 3199 1378 quaenam
3237 1305 3309 1360 sit
3349 1314 3441 1360 tua

1858 1399 2112 1470 dignitas.
2151 1397 2441 1456 Sabbatius
2494 1414 2676 1457 autem
2717 1420 2730 1457 :
2772 1401 2927 1467 Mihi,
2961 1401 3160 1470 inquit,
3193 1414 3227 1454 ο
3252 1397 3442 1468 iudex,

1859 1499 1913 1547 et
1951 1492 2202 1560 dignitas.
2229 1500 2284 1548 et
2319 1494 2513 1562 patria,
2555 1505 2607 1549 et
2638 1495 2827 1564 gloria,
2863 1505 2919 1548 et
2968 1494 3257 1548 facultates
3283 1489 3445 1546 Chri-

1861 1592 1978 1639 stus
2008 1597 2088 1640 est
2123 1586 2216 1640 Dei
2254 1585 2421 1641 Filius
2464 1603 2679 1658 semper
2712 1588 2921 1650 virens,
2953 1587 3109 1657 cujus
3150 1584 3443 1654 providen-

1862 1673 1932 1727 tia
1964 1675 2066 1729 hoc
2095 1679 2409 1732 universum
2442 1681 2647 1750 regitur
2677 1690 2731 1734 et
2759 1681 3111 1750 gubernatur.
3139 1677 3315 1733 Iudex
3340 1692 3442 1730 au-

1863 1773 1969 1820 tem
1998 1766 2168 1824 libero
2202 1774 2454 1841 martyris
2496 1789 2760 1842 responso
2794 1772 3087 1826 arbitratus
3108 1786 3164 1824 se
3193 1783 3318 1824 esse
3343 1784 3443 1823 ex-

1864 1864 2035 1912 trema
2093 1858 2344 1914 adeotum
2386 1863 2735 1926 contumelia,
2776 1863 2822 1917 ci
2870 1864 3120 1932 impingit
3207 1862 3442 1932 alapam,

1863 1950 2169 2007 acclamans
2198 1972 2208 2006 :
2236 1952 2523 2022 Responde
2553 1953 2619 2006 ad
2642 1955 3017 2023 propositum,
3048 1964 3098 2007 et
3121 1954 3441 2022 priusquam

1865 2047 2260 2098 tormentorum
2295 2045 2462 2100 facias
2491 2046 2811 2114 periculum,
2847 2047 3101 2117 procede,
3126 2055 3181 2101 et
3220 2046 3325 2103 diis
3356 2061 3445 2102 sa-

1862 2132 2066 2186 criﬁca.
2122 2134 2314 2190 Postea
2368 2139 2514 2190 enim
2559 2137 2869 2192 sacriﬁcare
2913 2138 3344 2209 eritingratum,
3391 2147 3447 2193 et

1863 2237 1975 2277 non
2013 2225 2146 2281 adeo
2187 2236 2493 2295 acceptum,
2523 2237 2577 2280 et
2611 2229 2811 2296 alioqui
2857 2230 3166 2294 praecedens
3203 2241 3445 2282 tormen-

1865 2325 1978 2372 tum
2025 2318 2263 2372 detrahit
2302 2322 2366 2373 de
2413 2319 2634 2390 gaudio,
2666 2319 2810 2388 quod
2849 2331 3036 2389 postea
3069 2322 3444 2390 consequitur.

1865 2408 2156 2465 Sabbatius
2189 2425 2355 2465 vero:
2387 2410 2640 2474 Caducae,
2680 2412 2877 2482 inquit,
2919 2420 2974 2466 et
3003 2411 3160 2466 ﬂuxa:
3193 2413 3446 2483 voluptao

1865 2502 1954 2561 tis.
1985 2518 2016 2554 ο
2045 2502 2230 2570 judex,
2270 2504 2356 2555 vel
2378 2503 2490 2556 sola
2531 2505 2813 2572 perceptio
2863 2514 2946 2557 eSt
2980 2504 3185 2557 lubrica
3217 2514 3271 2557 et
3296 2506 3446 2574 peri.

1863 2592 2069 2646 culosa.
2095 2590 2248 2657 Quod
2297 2593 2341 2645 si
2383 2594 2544 2646 etiam
2586 2605 3010 2664 consequentem
3049 2595 3212 2650 habet
3249 2597 3444 2666 impie-

1867 2691 2056 2748 tatem,
2111 2693 2373 2753 quuntum
2435 2685 2676 2738 malum?
2720 2687 3084 2750 Quamobrem
3137 2696 3264 2740 sunt
3311 2687 3446 2742 mihi

1865 2775 2111 2842 meliora,
2141 2792 2264 2846 quae
2312 2777 2686 2848 suscipiuntur
2730 2785 2948 2849 propter
2979 2777 3280 2842 Christum,
3313 2795 3449 2849 sup-

1867 2864 2047 2934 plicia.
2083 2867 2152 2919 Ea
2182 2867 2327 2922 enim
2374 2877 2675 2933 reservant,
2710 2880 2762 2923 et
2805 2869 3011 2924 habent
3047 2881 3361 2940 perpetuas,
3393 2880 3450 2926 et

1864 2971 1985 3025 qua:
2018 2971 2233 3026 semper
2278 2970 2524 3022 manent,
2577 2961 3061 3016 remunerationes.
3108 2962 3214 3016 Res
3260 2973 3446 3017 autem

1863 3059 2058 3104 vestra:
2100 3065 2208 3119 quo
2247 3051 2439 3122 majori
2477 3051 2720 3108 alliciunt
2742 3045 3041 3124 voluptate,
3073 3063 3225 3111 tanto
3255 3056 3446 3125 majori

1785 3154 1832 3219 ρ
1864 3141 2051 3198 dolore
2066 3142 2508 3214 aﬂicient.Atque
2529 3145 2732 3199 utinam
2761 3146 2873 3211 pari
2897 3156 3160 3214 tempore,
3185 3145 3278 3200 sed
3297 3147 3445 3202 brevi

1865 3234 2082 3302 quidem
2101 3244 2530 3304 tempore,atque
2547 3238 2682 3291 adeo
2701 3247 2976 3290 momento
2999 3239 3255 3307 temporis
3273 3239 3451 3294 delec-

1867 3326 2296 3390 tant,immortali
2322 3337 2502 3380 autem
2520 3336 2572 3381 et
2586 3329 2915 3397 sempiterna
2929 3327 3164 3384 adicient
3180 3331 3449 3390 molestia;

1940 3419 2001 3475 V.
2033 3417 2124 3473 His
2153 3419 2408 3474 eﬂ'eratur
2445 3434 2497 3475 et
2523 3422 2633 3475 acri
2675 3421 2753 3474 ira
2799 3431 3044 3476 movetur
3072 3440 3271 3493 praeses
3301 3436 3356 3479 et
3391 3427 3447 3481 in

1867 3511 2013 3581 ligno
2045 3513 2262 3582 quidem
2296 3515 2526 3568 sublime
2558 3515 2695 3569 tollit
2726 3515 3007 3579 athletam,
3041 3527 3201 3588 atque
3235 3520 3448 3590 ungulis

1868 3602 2058 3657 ferreis
2096 3605 2354 3673 discerpit
2397 3606 2563 3658 latera
2590 3647 2605 3670 ,
2638 3622 2758 3660 ossa
2786 3620 2966 3660 autem
3007 3619 3224 3663 emovet
3258 3621 3313 3665 et
3335 3611 3448 3666 elo-

1869 3706 1974 3760 cat,
2009 3705 2063 3750 et
2103 3698 2214 3766 ipsa
2251 3698 2416 3770 tangit
2446 3699 2701 3753 intestina
2725 3740 2737 3753 .
2767 3700 2996 3772 Pr0pter
3038 3704 3152 3759 haec
3180 3720 3307 3776 ergo
3345 3705 3445 3759 tri-

1869 3793 2002 3843 stem
2036 3802 2088 3844 et
2117 3792 2304 3847 dolore
2338 3793 2592 3848 aﬂ‘ectum
2647 3797 3045 3865 cmitemplatus
3092 3809 3380 3869 martyrem
3427 3814 3443 3853 :

1872 3879 1928 3933 Si
1952 3889 2034 3934 est
2066 3882 2186 3943 tibi,
2222 3885 2414 3953 inquit,
2443 3901 2474 3939 ο
2499 3884 3046 3955 Sabbati,jncundum
3072 3889 3180 3957 pati
3225 3900 3448 3959 propter

1872 3973 2167 4037 Christum,
2203 3976 2472 4029 undenam
2499 3988 2626 4032 sunt
2656 3979 2908 4048 gemitus,
2957 3990 3010 4034 et
3036 3978 3118 4034 ha:
3142 3981 3329 4036 calidae
3367 3982 3448 4036 la—

1873 4066 2106 4136 crymae?
2155 4068 2227 4123 Ut
2275 4069 2434 4135 scias,
2512 4070 2689 4142 inquit
2739 4084 2966 4144 martyr,
3023 4086 3283 4144 quantum
3349 4089 3449 4146 ego

1875 4175 1986 4212 rem
2057 4160 2180 4213 sitio
2233 4173 2286 4214 et
2334 4164 2523 4229 quanti
2609 4164 2750 4218 iacio
2827 4166 2937 4234 pati
3011 4177 3230 4236 propter
3272 4167 3446 4223 illum.

1874 4248 2005 4305 Nam
2085 4250 2188 4304 etsi
2252 4252 2514 4322 accipiam
2605 4270 2827 4310 sensum
2886 4258 3188 4326 gravissimi
3225 4259 3448 4324 doloris,

1874 4343 2009 4396 adeo
2071 4353 2128 4398 ut
2190 4354 2244 4398 et
2328 4356 2517 4414 aperte
2594 4347 2730 4400 mihi
2819 4358 3107 4416 erumpant
3175 4349 3445 4418 lacrynm,

1877 4446 1932 4490 et
1960 4435 2130 4492 feram
2163 4437 2421 4506 graviter,
2456 4435 2638 4495 adhuc
2672 4448 2851 4492 tamen
2892 4440 3285 4495 vehementiori
3328 4440 3451 4510 ejus

174 4519 403 4588 ἔρωτος
439 4515 659 4587 ἔχομαι,
685 4516 782 4569 καὶ
806 4514 925 4567 οὐδὲ
954 4512 1098 4564 οὕτω
1131 4513 1237 4564 τῶν
1267 4512 1408 4583 ὑπὲρ
1437 4512 1602 4567 αὑτοῦ
1634 4514 1772 4568 ἁπο-

1879 4545 2062 4583 amone
2099 4537 2308 4594 teneor,
2354 4539 2410 4584 et
2446 4545 2516 4586 ne
2558 4530 2637 4586 sic
2689 4531 2907 4601 quidem
2949 4530 3071 4585 volo
3119 4531 3384 4586 desistere
3418 4546 3448 4586 a

176 4607 398 4675 στῆναι
433 4605 608 4657 ἄθλων
635 4604 832 4657 ἐθέλω·
871 4602 1054 4667 Ταῦτα
1093 4602 1266 4669 ἔλεγε.
1291 4604 1400 4656 Καὶ
1441 4603 1503 4656 τὸ
1533 4603 1693 4673 σῶμα
1716 4603 1770 4656 οῖ

167 4700 394 4767 ὄνυχες
421 4696 732 4751 διενέμοντο
753 4711 767 4725 ⁸
799 4697 896 4750 καὶ
936 4697 1267 4768 σφοδροτέρι
1303 4695 1557 4768 μᾶλλονή
1587 4696 1771 4768 ὀδύνη,

170 4790 299 4846 καὶ
338 4789 536 4840 πλείων
567 4789 658 4841 ἰπὶ
691 4787 792 4854 τὴν
839 4787 1070 4859 καρδίαν
1123 4786 1471 4840 εἰσέπιπτεν·
1503 4788 1692 4858 ἐπειδὴ
1717 4788 1773 4844 δὲ

171 4884 342 4964 πρὸς
386 4880 491 4949 γῆν
523 4897 582 4932 τε
628 4880 733 4950 ἥδη
764 4879 819 4932 αἱ
866 4879 1065 4948 σάρκες
1110 4881 1410 4950 κατέρρεον
1430 4917 1446 4942 ,
1475 4879 1566 4932 καὶ
1593 4879 1783 4947 γυμνᾶ

165 4976 269 5028 τὰ
302 4972 437 5024 ὀστᾶ.
485 4971 915 5037 καταλέλειπτο,
954 4973 1047 5025 καὶ
1088 4973 1188 5040 τὴν
1239 4971 1445 5024 κοιλίαν
1477 4972 1509 5042 ἡ
1541 4971 1774 5043 βάσανος

167 5069 296 5125 καὶ
333 5070 401 5120 τὰ
433 5066 718 5136 σπλάγχνα
752 5067 1114 5138 κατείργαστο
1136 5107 1151 5131 ,
1177 5065 1272 5118 καὶ
1299 5064 1397 5117 οὐκ
1431 5061 1576 5134 εἰχον
1604 5066 1653 5117 οἱ
1682 5064 1774 5135 δή·

175 5181 319 5238 μιοι
350 5158 516 5226 οὗπερ
543 5161 767 5230 ἅψονται
797 5160 888 5214 τοῦ
914 5161 1276 5230 ὑποκειμένου
1302 5159 1379 5229 μὴ
1402 5159 1577 5223 ΰντος,
1604 5159 1776 5211 κατά-

172 5274 366 5326 γεται
398 5253 494 5325 μὲν
537 5255 633 5306 ⁴τοῦ
667 5253 823 5319 ξύλου
853 5255 881 5305 ὁ
907 5253 1142 5323 ἀθλητής
1163 5270 1176 5284 ·
1205 5252 1401 5323 μικρὸν
1434 5252 1490 5305 δὲ
1520 5252 1613 5304 τοῦ
1648 5267 1776 5302 στα.

161 5351 320 5406 δίου
355 5347 458 5412 ἔξω
490 5345 680 5415 ἀρθεὶς
705 5345 804 5415 τὴν
835 5342 1016 5416 ψυχὴν
1045 5345 1122 5412 τῷ
1152 5343 1273 5413 Θεῷ
1320 5343 1701 5413 παρατίθεται.

277 5434 666 5509 ς’.Λαμπρῶς
692 5437 868 5490 τοίνυν
889 5436 986 5490 τοῦ
1019 5434 1317 5489 Σαῦὃατίου
1343 5437 1435 5488 καὶ
1478 5435 1616 5502 μετὰ
1645 5431 1775 5486 πολ‹

168 5533 304 5600 λῆς
350 5531 723 5599 κρατήσαντος
743 5528 841 5596 τῆς
869 5527 1212 5599 περιουσίας,
1234 5526 1502 5593 ἀπογνοὺς
1526 5525 1775 5580 ἐντεῦθεν

170 5627 301 5682 καὶ
343 5617 438 5672 τοῦ
481 5621 758 5691 Τροφίμου
785 5621 1040 5689 ὸᾶρχων,
1084 5622 1352 5693 Ιιερεννέιρ
1387 5621 1645 5692 Διονυσίῳ
1699 5622 1773 5692 τῷ

164 5716 306 5780 τῆς
337 5710 574 5782 Φρυγίας
604 5711 972 5781 Σαλουταρίας
995 5712 1416 5781 ἡγεμονεύοντι,
1447 5705 1508 5763 οὗ
1530 5712 1623 5763 καὶ
1646 5713 1779 5780 πρό-

161 5823 360 5875 τερον
381 5807 408 5858 ὁ
435 5804 588 5873 λόγος
624 5805 889 5876 ἐμνήσθη,
910 5803 1145 5875 πέμπειν
1175 5804 1264 5857 τὸν
1297 5804 1461 5877 ἄνδρα
1486 5803 1774 5872 ἐσκέψατο,

1877 4617 2240 4686 suscipiendis
2294 4634 2390 4687 pro
2431 4619 2548 4687 ipso
2598 4619 2897 4674 laboribus.
2939 4617 3066 4673 Haec
3111 4621 3349 4685 dicebat,
3392 4630 3448 4676 et

1881 4724 2075 4780 corpus
2115 4709 2448 4764 dilaniabant
2475 4709 2707 4780 ungulae,
2740 4711 3025 4781 acriorque
3066 4720 3121 4766 et
3145 4713 3445 4766 vehemen-

1878 4803 1987 4858 tior
2013 4804 2168 4856 dolor
2188 4817 2282 4856 cor
2304 4804 2646 4871 penetrabat.
2673 4803 2808 4862 Cum
2836 4813 3014 4858 autem
3031 4806 3140 4876 jam
3160 4806 3223 4859 ad
3249 4815 3450 4860 terram

1878 4906 2069 4947 carnes
2093 4891 2467 4958 deﬂuxissent,
2510 4903 2564 4947 et
2595 4897 2736 4948 nuda
2761 4907 2885 4947 ossa
2922 4905 3106 4948 essent
3138 4896 3346 4959 relicta,
3396 4907 3454 4951 et

1879 4999 2127 5042 ventrem
2155 4997 2484 5041 tormentum
2528 4984 2878 5048 coniecisset,
2915 4995 2965 5040 et
3011 4986 3313 5042 intestina:
3351 5004 3452 5045 nec

1879 5074 2142 5130 haberent
2171 5075 2476 5139 camilices,
2513 5074 2639 5142 quid
2673 5084 2974 5143 tangerent,
3008 5088 3131 5130 cum
3167 5091 3275 5130 non
3303 5088 3451 5138 esset

1877 5169 2205 5236 subjectum,
2230 5180 2261 5218 e
2286 5164 2431 5234 ligno
2461 5166 2680 5233 quidem
2719 5166 3011 5221 deducitur
3051 5167 3276 5223 athleta.
3313 5169 3451 5225 Cum

1880 5267 2058 5314 autem
2102 5271 2288 5326 parum
2332 5256 2598 5311 abductus
2658 5267 2803 5312 esset
2840 5267 2988 5311 extra
3029 5259 3285 5326 stadium,
3344 5259 3452 5315 Deo

1879 5349 2044 5403 tradit
2070 5347 2327 5400 animam.

1952 5435 2038 5491 Vl.
2058 5435 2193 5490 Cum
2217 5450 2347 5502 ergo
2372 5444 2476 5490 tam
2501 5434 2755 5504 praeclare
2777 5435 3111 5492 decertasset
3135 5436 3452 5503 Sabbatius,

1880 5537 1936 5584 et
1967 5529 2125 5599 longo
2153 5527 2438 5582 intervallo
2463 5527 2727 5582 evasisset
2757 5527 3022 5596 superior,
3067 5527 3190 5582 ideo
3226 5528 3293 5582 de
3319 5527 3455 5582 Tro-

1881 5623 2072 5692 phimo
2096 5635 2245 5690 spem
2292 5621 2551 5690 abiiciens
2589 5635 2807 5690 praeses,
2852 5621 2916 5673 ad
2964 5619 3289 5675 Perennium
3332 5621 3456 5674 Dio.

1881 5716 2120 5784 nysium,
2159 5712 2402 5784 Phrygia!
2425 5711 2687 5767 Salutaris
2727 5713 3010 5782 praesidem
3038 5753 3052 5777 ,
3086 5713 3241 5781 cujus
3287 5712 3453 5766 etiam

1881 5809 2032 5876 prius
2068 5806 2436 5873 meminimus,
2487 5820 2610 5862 eum
2686 5808 2876 5862 statuit
2928 5807 3162 5865 mittere.
3222 5803 3455 5864 Etcum
