4156 6314
721 358 830 420 739

1960 349 2247 410 MENSIS
2290 348 2579 409 SEPTEM
2589 348 2763 414 BER.

3890 346 3992 408 740

720 470 865 542 quod
901 469 1187 525 tormentis
1216 468 1283 524 ab
1309 483 1375 524 eo
1406 465 1688 536 subjectus
1724 472 1868 520 esset
1890 463 2219 533 scripsisset,
2252 469 2307 515 et

2428 462 2561 525 iam;
2600 480 2658 515 τε
2695 460 2950 530 βασάνοις
3003 459 3094 513 ὑπ’
3152 457 3317 512 αὑτοῦ
3352 457 3693 530 πσραδοθεῐη
3725 459 3867 526 πρὸς
3900 460 3990 511 τὸν

719 562 1178 634 quemadmodum
1206 560 1494 617 lictoribus
1517 560 1673 629 longe
1696 557 1963 613 evasisset
2002 555 2216 618 fortior,
2245 560 2300 607 et

720 657 866 727 quod
895 656 1065 710 solum
1104 656 1382 710 Christum
1423 655 1628 720 colens,
1670 652 1883 705 illorum
1925 650 2058 704 deos
2098 647 2303 701 rideret

722 762 778 804 et
839 750 986 804 nihili
1018 749 1259 812 faceret;
1312 760 1548 815 cumque
1596 743 1807 798 calceos
1867 741 2077 795 ferreos
2135 737 2303 792 clavis

725 844 897 896 acutis
923 851 977 896 et
1015 842 1228 901 subtus,
1260 848 1313 891 et
1339 854 1403 891 ex
1435 837 1653 905 obliquo
1683 835 1950 895 conﬁxos,
1998 829 2303 900 martyricis

724 933 831 988 illis
854 932 1132 1002 Trephimi
1162 931 1387 1000 pedibus
1410 929 1559 998 prius
1589 926 1779 996 subjici
1800 926 2075 995 jussisset,
2100 933 2155 976 et
2187 922 2301 977 cla-

726 1040 826 1079 vos
879 1040 972 1092 per
1012 1024 1175 1093 pedes
1238 1021 1607 1090 transegisset,
1649 1020 1804 1088 jubet
1849 1016 2047 1070 deinde
2104 1014 2187 1084 agi
2245 1014 2301 1066 in

726 1113 1035 1183 Phrygiam.
1089 1112 1185 1167 Hic
1229 1111 1373 1165 enim
1414 1110 1696 1163 dicebatur
1744 1105 1948 1159 versari
1996 1103 2299 1173 Dionysius.

728 1204 820 1260 ille
852 1215 1033 1259 autem
1062 1204 1313 1265 libenter,
1342 1210 1394 1255 et
1419 1217 1543 1255 cum
1567 1199 1762 1270 gaudio
1791 1197 1973 1251 clavos
1997 1196 2098 1249 sibi
2129 1194 2303 1264 subji-

728 1295 901 1361 ciens,
945 1295 1101 1365 longe
1141 1292 1481 1362 praecedebat
1537 1297 1938 1357 consequentes
1968 1285 2197 1354 pedites,
2250 1292 2305 1337 ct

730 1387 889 1441 simul
942 1392 1222 1440 currentes
1272 1383 1509 1451 equites.
1555 1379 1673 1434 Non
1714 1380 1857 1434 enim
1899 1378 2054 1433 dolor
2101 1376 2304 1447 pedum

729 1482 905 1551 potuit
933 1492 1259 1549 generosum
1301 1476 1447 1528 illius
1483 1474 1724 1527 animum
1756 1473 2008 1526 vincere:
2040 1470 2133 1524 sed
2160 1469 2305 1524 leves

730 1573 910 1643 potius
941 1570 991 1625 ei
1041 1569 1271 1623 addebat
1321 1567 1453 1634 alas,
1499 1566 1909 1633 ﬁrmioremque
1966 1562 2230 1617 reddebat
2254 1569 2307 1617 et

730 1664 1180 1719 constantiorem.

806 1927 921 1985 Vll.
951 1926 1215 1983 Confecto
1262 1926 1443 1997 itaque
1472 1924 1635 1979 trium
1692 1923 1905 1979 dierum
1953 1922 2173 1986 itinere,
2212 1935 2307 1976 ve-

731 2021 896 2076 niunt
919 2019 1186 2091 Synadam
1215 2019 1454 2090 Phrygia:
1485 2018 1790 2073 civitatem.
1836 2016 1937 2070 llic
1972 2030 2100 2069 cum
2130 2014 2311 2067 llelio-

734 2113 853 2168 dori
912 2114 1122 2167 litteras
1179 2112 1399 2181 legisset
1456 2110 1778 2179 Dionysius,
1846 2118 1899 2163 et
1951 2108 2312 2162 intellexisset

737 2202 1194 2273 quemadmodum
1221 2216 1278 2255 se
1309 2199 1573 2254 haberent
1597 2198 1830 2268 singula.
1849 2198 2107 2265 iussisset
2128 2207 2308 2252 autem

736 2304 1031 2363 tnartyrem
1081 2290 1197 2343 sisti
1225 2289 1293 2343 ad
1330 2304 1487 2343 suum
1521 2287 1758 2342 tribunal
1791 2304 1804 2341 :
1832 2285 1913 2340 Tu
1962 2302 2043 2349 es,
2113 2286 2311 2355 inquit,

737 2378 1105 2448 Trophimus?
1141 2377 1339 2446 llartyr
1383 2378 1551 2429 vero:
1585 2374 1719 2444 Ego,
1750 2376 1950 2443 inquit,
1989 2374 2317 2443 Trophimus

737 2485 925 2536 vocor,
967 2484 1195 2539 sumque
1225 2484 1414 2523 servus
1459 2467 1664 2522 Christi
1714 2468 1824 2520 veri
1874 2466 1993 2531 Dei,
2046 2468 2102 2521 in
2155 2482 2316 2535 quem

737 2563 830 2632 qui
891 2562 1265 2627 crediderunt,
1316 2575 1659 2629 nequaquam
1724 2558 2029 2613 aﬁicientur
2086 2560 2315 2629 pudore.

739 2654 882 2721 Quid
911 2668 987 2720 tu,
1019 2654 1193 2723 inquit
1216 2653 1324 2719 ille,
1347 2653 1399 2707 in
1430 2654 1514 2708 his
1534 2655 1715 2707 adhuc
1748 2652 2015 2722 persistis,
2069 2651 2315 2705 inanem-

741 2762 847 2817 que
876 2756 931 2800 et
960 2761 1155 2799 vanum
1198 2747 1343 2800 hunc
1383 2747 1607 2800 invocas
1637 2744 1942 2810 Christum,
1987 2745 2081 2813 qui
2136 2744 2321 2797 multis

742 2839 847 2895 fuit
876 2853 1039 2892 causa
1060 2838 1294 2892 mortis?
1326 2838 1433 2891 Sed
1464 2837 1570 2892 etsi
1616 2851 1721 2890 non
1761 2838 1932 2906 prius,
1956 2845 2010 2890 at
2039 2850 2185 2889 nunc
2214 2836 2321 2889 sal-

747 2941 876 2992 tem,
906 2928 1125 2983 dimissa
1152 2927 1205 2981 in
1237 2928 1412 2998 ipsum
1441 2926 1641 2981 ﬁducia
1672 2925 1775 2984 diis
1801 2925 2067 2986 sacriﬁca,
2095 2933 2323 2979 mortem

744 3021 1012 3091 eﬁugiens
1040 3038 1054 3074 :
1086 3029 1142 3073 et
1181 3019 1395 3073 lucrare
1425 3020 1589 3074 vitam
1634 3029 1981 3088 praesentem.
2013 3016 2324 3070 Generosus

746 3120 927 3166 autem
957 3111 1235 3180 excipiens
1292 3110 1624 3179 Trophimus
1653 3128 1669 3163 :
1714 3110 1940 3162 Mortem
1970 3109 2213 3177 quidem,
2241 3109 2324 3160 iu-

2403 552 2676 604 Διονύσιον
2701 551 2936 621 γράψας,
2980 552 3128 614 ὅπως
3157 568 3216 603 τε
3254 552 3605 620 ἰσχυρότερος
3660 548 3848 617 πολλῷ
3880 550 3991 601 τῶν

2401 644 2611 713 δημίων
2633 644 2861 712 γένοιτο,
2882 646 2974 696 καὶ
2998 645 3150 705 ὅπως
3177 646 3320 712 μόνῳ
3338 642 3560 712 Χριστῷ
3600 642 3987 710 προσανέχων.

2401 737 2528 797 τοὺς
2558 735 2735 787 αὐτῶν
2760 751 2818 786 τε
2854 733 3029 805 γελῴη
3067 735 3243 800 θεοὺς,
3292 735 3386 785 καὶ
3419 733 3546 802 παρ’
3577 734 3731 785 οὐδὲν
3760 734 3991 795 τούτους

2404 828 2631 879 ποιοῖτο.
2663 824 3016 894 ’Υποδήματα
3040 825 3218 878 τοίνυν
3245 827 3437 893 σιδηρᾶ
3459 824 3610 894 ἥλοις
3634 825 3788 888 ὀξέσι
3814 827 3992 877 κατω-

2405 917 2496 971 θέν
2525 935 2581 971 τε
2614 920 2706 971 καὶ
2736 921 2799 971 ἐκ
2837 919 3068 987 πλαγίου
3096 919 3515 988 διαπεπαρμένα
3545 921 3677 981 τους
3712 937 3990 989 μαρτυρι-

2406 1010 2534 1071 κοὺς
2567 1008 2834 1070 ἐλεεινοὺς
2882 1008 2976 1061 τοῦ
3010 1009 3292 1078 Τροιρίμου
3341 1011 3508 1072 πόδας
3544 1012 3821 1079 πρότερον
3862 1013 3993 1063 ὐπο-

2403 1101 2617 1170 δεθῆναι
2664 1099 2852 1167 εἰπὼν,
2905 1102 2999 1155 καὶ
3044 1102 3331 1171 διαπείρας
3386 1103 3511 1163 τοὺς
3568 1104 3734 1172 ἥλους
3768 1103 3859 1156 διὰ
3886 1103 3993 1155 τῶν

2406 1192 2602 1256 ποδῶν,
2634 1188 2753 1245 εἶτα
2795 1193 2885 1245 ἐπὶ
2918 1193 3156 1263 Φρυγίαν
3202 1192 3525 1246 ἐλαύνεσθαι
3576 1195 3835 1247 κελεύει·
3870 1195 3991 1263 τῇδε

2406 1286 2514 1354 γὰρ
2546 1284 2821 1348 Διονύσιος
2878 1286 3116 1352 ἐλέγετο⁵
3143 1285 3459 1356 διατρίϐειν.
3525 1288 3585 1339 '0
3616 1288 3696 1347 δὲ,
3748 1288 3989 1355 ἄσμενος

2409 1378 2503 1430 κα)⁵
2537 1376 2659 1446 μεθ’
2699 1377 2889 1444 ἡδονῆς
2920 1378 3044 1440 τοὺς
3067 1378 3229 1447 ἥλους
3260 1378 3719 1447 ὐποόαλλόμενος,
3782 1379 3995 1449 ἔμπρο-

2412 1473 2535 1526 σθεν
2566 1468 2667 1542 ἦγε
2716 1490 2787 1525 πα
2801 1472 3007 1543 ραπολὺ
3041 1473 3147 1524 τῶν
3174 1489 3232 1525 τε
3272 1475 3629 1543 ἐφεπομένων
3661 1474 3850 1537 πεζῶν
3903 1476 3995 1527 καὶ

2409 1565 2517 1617 τῶν
2547 1566 3046 1636 συμπαραθεόντων
3082 1565 3290 1617 ίππέων
3314 1581 3326 1594 ⁸
3361 1566 3419 1617 ού
3459 1568 3568 1635 γὰρ
3602 1569 3633 1636 ὴ
3665 1566 3777 1617 τῶν
3817 1565 3993 1617 ποδῶν

2411 1654 2570 1725 ὀδύνη
2602 1654 2818 1722 ἐλέγξαι
2842 1657 2938 1724 τὴν
2964 1656 3059 1725 τῆς
3087 1655 3297 1707 ἐκείνου
3324 1653 3501 1723 ψυχῆς
3536 1655 3721 1723 ἰσχύος
3780 1672 3995 1723 γενναι-

2412 1747 2600 1817 ότητα,
2628 1747 2761 1799 ἀλλὰ
2810 1748 3009 1816 κοῦφον
3053 1750 3187 1817 αὐτῇ
3217 1747 3416 1816 μᾶλλον
3443 1749 3738 1818 εἰργάσατο
3780 1750 3843 1801 τὸ
3874 1766 3997 1804 meo

2345 1831 2386 1887 Β
2422 1837 2536 1906 ρὺν,
2567 1839 2660 1889 καὶ
2700 1838 3059 1907 εὐτονώτερον
3086 1839 3300 1891 ὲποίει.’

2485 1931 2558 1982 Ζ⁸.
2617 1928 2798 1998 Τριῶν
2856 1930 3037 1981 τοίνυν
3081 1932 3307 2001 ἡμερῶν
3361 1931 3458 2002 τὴν
3512 1932 3720 2001 μεταξὺ
3771 1932 4000 2001 πορείαν

2411 2021 2732 2085 ἀνύσαντες,
2753 2022 2831 2083 είς
2854 2021 3060 2073 Σύναδα
3086 2022 3238 2074 πόλιν
3256 2024 3351 2091 τῆς
3372 2024 3612 2093 Φρυγίας
3640 2025 3997 2091 κατάγονται.

2426 2113 2690 2166 Ἐνταῦθα
2724 2113 2791 2164 τὰ
2824 2112 3147 2182 Ἡλιοδώρου
3202 2116 3505 2183 γράμματα
3554 2117 3843 2180 Διονύσιος
3878 2119 4003 2169 ἁνα-

2416 2203 2597 2272 γνοὺς,
2618 2201 2711 2253 καὶ
2732 2201 2877 2265 ὅπως
2902 2202 3103 2256 ἕκαστα
3127 2201 3237 2274 εἶχε
3259 2203 3468 2274 μαθὼν,
3492 2205 3565 2273 τῷ
3584 2208 3775 2275 οἰκείῳ
3802 2206 4003 2274 βήματι

2415 2297 2505 2347 τὸν
2541 2295 2791 2364 μάρτυρα
2841 2297 3313 2365 παραστήσας,Συ
3363 2293 3429 2361 εἴ,
3468 2299 3621 2367 φησὶ,
3683 2298 4001 2366 Τρόφιμοςς

2420 2385 2526 2436 Καὶ
2560 2386 2584 2433 ὁ
2613 2388 2844 2453 μάρτυς,
2881 2384 3039 2451 Ἐγὼ,
3066 2386 3439 2453 ἀποκρίνεται,
3467 2387 3651 2449 δοῦλος
3689 2387 3746 2439 δε
3765 2388 3864 2439 τοῦ
3886 2388 4006 2453 Χρι-

2422 2476 2589 2546 σρτού
2619 2476 2713 2529 τοῦ
2736 2478 2989 2547 ἀληθινοῦ
3007 2476 3161 2541 Θεοῦ,
3199 2495 3275 2541 εις
3303 2479 3360 2530 δν
3393 2480 3441 2531 oi
3479 2479 3918 2539 πεπιστευκότες
3950 2479 4006 2529 οὐ

2422 2570 2894 2637 καταισχύνοντας.
2916 2570 2980 2620 Τί
3001 2566 3091 2622 οὖν
3111 2572 3383 2638 ἑπιμὲνεις
3408 2572 3484 2621 ἔτι
3503 2573 3617 2630 τοῖς
3645 2570 3865 2633 αὐτοῖς,
3889 2572 4021 2643 ἔφη,

2423 2661 2516 2713 καὶ
2550 2664 2779 2726 μάταιον
2831 2660 3021 2712 τοῦτον
3054 2662 3346 2723 ἀνακαλεῖς
3394 2662 3651 2731 Χριστὸν,
3681 2661 3744 2724 δς
3795 2662 4009 2723 πολλοῖς

2425 2747 2602 2818 αἴτιος
2627 2748 2857 2801 θανάτου
2879 2750 3174 2817 γεγένηται
3196 2765 3209 2812 ;
3254 2749 3393 2802 Ἀλλ’
3419 2752 3467 2802 εἱ
3492 2750 3587 2803 καὶ
3615 2752 3694 2821 μὴ
3720 2752 4006 2818 πρότερον,

2425 2838 2517 2892 νῦν
2557 2840 2689 2907 γοῦν
2738 2838 2837 2909 τῆς
2892 2839 2978 2893 ἐπ’
3036 2840 3197 2893 αὑτὸν
3250 2840 3544 2908 ἀφειμένος
3596 2841 4006 2909 πεποιθήσεως,

2427 2931 2588 2985 θῦσον
2624 2935 2733 2993 τοῖς
2773 2934 2937 2999 θεοῖς,
2964 2935 3056 2984 τὸν
3084 2934 3313 2984 θάνατον
3344 2931 3651 3000 διαφυγὼν,
3689 2935 3791 2984 καὶ
3821 2934 4011 3001 κέρδη·

2430 3040 2521 3075 σον
2550 3025 2649 3093 τὴν
2682 3023 2960 3093 παροῦσαν
3007 3022 3171 3092 ζωήν.
3200 3023 3258 3074 '0
3290 3026 3534 3089 γενναῖος
3584 3025 3777 3076 τοίνυν
3811 3024 4009 3075 ὑπολα-

2429 3116 2537 3169 ϐὼν
2574 3116 2874 3186 Τρόφιμος,
2896 3116 3136 3171 Θάνατον
3164 3116 3262 3185 μὲν
3291 3116 3397 3168 οὐδ’
3425 3116 3490 3170 ἂν
3513 3118 3727 3186 σφόδρα
3758 3117 4012 3187 βουλόμε-

746 3208 887 3273 quit,
919 3216 1021 3256 nec
1054 3204 1096 3256 si
1135 3201 1291 3255 velim
1323 3201 1631 3272 eﬁ‘ugerim.
1662 3198 1797 3253 Nam
1824 3200 1923 3253 etsi
1956 3214 2065 3253 non
2098 3208 2151 3252 tu
2180 3214 2323 3265 eam,

2429 3228 2515 3272 νος
2548 3170 2798 3280 φύῖγίιίμιι,
2820 3170 2922 3280 ἓιρη
2952 3227 2964 3240 ·
2993 3212 3039 3262 εἰ
3075 3170 3179 3275 γὰρ
3210 3211 3304 3259 καὶ
3347 3207 3420 3275 μὴ
3477 3170 3796 3270 σϋιτούτού,
3845 3170 3956 3259 ἀλλ’
3986 3211 4013 3276 ἡ

747 3305 802 3349 at
834 3305 1030 3349 natura
1073 3295 1294 3348 omnino
1328 3293 1535 3358 aﬁ'eret,
1564 3304 1619 3348 et
1644 3294 1714 3355 ei,
1760 3308 1879 3361 quae
1906 3292 2195 3354 debentur,
2227 3307 2326 3343 ex-

748 3388 974 3452 solvam,
1021 3402 1143 3441 cum
1199 3386 1297 3441 sim
1358 3386 1541 3439 homo.
1600 3384 1747 3440 Licet
1808 3393 1988 3439 autem
2046 3398 2109 3435 ea
2160 3383 2328 3436 vitam

748 3493 1066 3547 comparare
1098 3485 1441 3546 perpetuam,
1469 3491 1589 3544 quae
1615 3476 1777 3545 longo
1803 3474 2089 3528 intervallo
2107 3483 2331 3543 superat

750 3574 891 3626 hanc
924 3568 1122 3623 ﬂuxam
1163 3577 1218 3623 et
1245 3567 1525 3633 caducam,
1560 3568 1705 3637 quod
1734 3569 1801 3622 ad
1834 3568 2168 3638 voluptatem
2198 3569 2328 3622 atti-

753 3675 843 3720 net
869 3672 923 3719 et
947 3663 1342 3719 beatitudinem
1378 3681 1391 3715 :
1433 3662 1569 3716 adeo
1601 3671 1659 3716 ut
1690 3676 1811 3731 quae
1843 3670 1969 3716 sunt
1997 3661 2146 3716 illius
2182 3662 2326 3723 vitae,

755 3770 860 3811 nec
884 3755 1098 3826 possint
1123 3755 1273 3808 cerni
1305 3755 1499 3817 oculis,
1534 3769 1635 3807 nec
1659 3755 1835 3807 audiri
1861 3755 2104 3819 auribus,
2140 3769 2241 3807 nec
2276 3754 2330 3805 in

753 3864 848 3903 cor
883 3847 1119 3902 hominis
1151 3844 1467 3900 ascendere.
1506 3844 1682 3915 Hujus
1708 3861 1809 3917 ego
1844 3847 1970 3901 vitae
2024 3860 2143 3900 sum
2184 3862 2334 3903 nunc

755 3954 949 4008 magno
978 3951 1163 3994 amore
1191 3946 1402 4006 captus,
1434 3945 1487 3990 et
1514 3952 1737 4007 magnas
1764 3937 1859 3989 tibi
1898 3937 2071 3991 habeo
2104 3939 2326 4007 gratias,

757 4030 903 4099 quod
949 4044 1035 4083 me
1083 4028 1212 4082 illuc
1266 4027 1500 4081 transire
1547 4037 1954 4097 properantem,
2006 4043 2197 4097 urgeas
2242 4044 2336 4096 per

757 4136 901 4188 eam,
929 4131 1090 4191 quam
1124 4118 1414 4183 minitaris,
1447 4127 1700 4173 mortem.

836 4319 968 4376 Vlll.
1002 4318 1157 4373 Tunc
1189 4326 1334 4372 totus
1366 4317 1421 4370 in
1452 4331 1576 4370 eum
1607 4317 1738 4369 iram
1779 4316 1995 4387 spirans
2029 4318 2334 4387 Dionysius,

757 4416 910 4487 jubet
942 4430 971 4469 a
1000 4422 1234 4483 quatuor
1262 4420 1546 4466 extensum
1582 4409 1768 4465 crudis
1800 4410 1964 4464 boum
1996 4410 2179 4465 nervis
2214 4425 2336 4462 ver-

2433 3303 2594 3370 φύσις
2654 3302 2844 3364 ἐπάξει
2902 3304 3138 3362 πάντως,
3175 3301 3265 3350 καὶ
3323 3299 3497 3368 ταύτῃ
3544 3298 3613 3350 τὰ
3674 3300 4014 3369 όιρειλόμενα

2434 3394 2805 3464 λειτουργήσω
2825 3393 3110 3463 ἄνθρωπος
3140 3392 3217 3445 ὧν
3246 3410 3258 3423 '
3285 3392 3460 3456 ἔξεστι
3490 3392 3541 3445 δὲ
3562 3394 3720 3463 ζωὴν
3742 3395 4015 3464 ἐμπορεύ-

2434 3488 2630 3536 σασθαι
2657 3484 2846 3537 τούτου
2878 3484 3123 3554 διηνεκῆ,
3154 3484 3329 3550 πολλῷ
3356 3484 3432 3550 τῷ
3471 3482 3683 3551 μεταξὺ
3724 3486 3830 3554 τὴν
3858 3490 4016 3556 προσ

2432 3593 2623 3641 καιρον
2652 3576 2856 3642 ταύτην
2890 3578 2982 3626 καὶ
3018 3577 3252 3641 ῥέουσαν
3278 3576 3511 3641 κατάγει
3547 3577 3641 3626 τὸν
3668 3579 3775 3645 τῆς
3831 3580 4016 3647 ἡδονῆς

2434 3669 2592 3735 λόγον
2624 3668 2718 3721 καὶ
2746 3670 2844 3738 τῆς
2888 3667 3294 3739 μακαριότητος
3320 3667 3781 3738 ὑπερδαίνουσαν
3825 3673 3922 3723 καὶ
3944 3690 4020 3726 τι·

2436 3760 2643 3824 σοῦτον,
2682 3760 2792 3828 ὅσῳ
2850 3757 2985 3830 μηδέ
3040 3756 3305 3826 ὀφθαλμῷ
3347 3757 3412 3808 τά
3460 3756 3682 3825 ἐκείνης
3744 3757 3851 3827 τῆς
3887 3757 4019 3825 ζωῆς

2434 3854 2627 3922 ὁρατὰ,
2656 3852 2791 3922 μηδὲ
2821 3850 2955 3903 ὠσὶν
2985 3850 3251 3911 ἀκουστὰ,
3282 3848 3401 3919 μηδ’
3420 3851 3511 3900 ἐπὶ
3543 3848 3788 3919 καρδίαν
3818 3850 4020 3920 ἀνθρὼ-

2436 3961 2539 3996 που
2571 3943 2836 4011 ἀναϐῆναι
2884 3944 3183 4010 δυνάμενα.
3220 3940 3432 4011 Ταύτης
3493 3942 3607 3992 Em
3680 3943 3863 3995 τανῦν
3922 3945 4021 4010 ἐγὼ

2439 4035 2747 4104 θερμότατα
2779 4035 2909 4106 ὲρᾷν
2941 4036 3039 4104 τῆς
3068 4033 3213 4104 ζωῆς
3238 4050 3252 4063 '
3285 4035 3379 4086 καὶ
3406 4033 3610 4103 πολλὴν
3649 4035 3716 4087 ἀν
3752 4052 3839 4088 σοι
3871 4038 4021 4106 χάριν

2439 4127 2666 4197 εἰδείην,
2690 4127 2831 4180 οὕτω
2864 4143 2932 4196 με
2982 4126 3304 4191 σπεύδοντα,
3333 4127 3426 4178 καὶ
3464 4125 3634 4178 αὐτὸν
3673 4129 3799 4179 ἐκεῖ
3832 4114 4022 4196 διαδῆ-

2439 4239 2546 4284 ναι,
2572 4220 2632 4272 δι’
2667 4216 2837 4287 οὗπερ
2870 4218 3112 4279 ἀπειλεῖς
3148 4218 3376 4271 θανάτου
3403 4219 3703 4283 ἐπείγοντι.

2511 4312 2592 4364 ιιι.
2629 4310 2887 4362 Ἐνταῦοα
2939 4310 3055 4369 ὅλος
3090 4309 3209 4359 κατ’
3240 4307 3405 4359 αὑτοῦ
3442 4309 3567 4360 πνεῖ
3590 4308 3919 4373 Διονύσιος·
3941 4315 4025 4365 καὶ

2443 4401 2653 4455 κελεύει
2702 4401 2766 4453 ἐκ
2803 4400 3084 4470 τεσσάρων
3118 4397 3443 4453 διαταθέντα
3501 4399 3658 4469 ἱμᾶσι
3692 4401 3825 4471 βοὸς
3880 4406 4022 4474 ὠμό-

763 4506 946 4563 berari
978 4523 991 4559 :
1019 4516 1072 4560 et
1104 4504 1366 4559 continuo
1395 4504 1523 4555 dum
1557 4502 1937 4556 verberaretur
1963 4501 2161 4571 (nescit
2190 4507 2324 4555 enitr

2444 4512 2600 4565 τερον
2643 4491 2964 4557 τύπτεσθαι,
2993 4493 3083 4544 καὶ
3109 4491 3433 4561 τυπτομένῳ
3459 4491 3620 4556 εὐθὺς
3646 4493 3732 4560 (οὐ
3756 4495 3873 4563 γάρ
3903 4499 4027 4548 ἀνα-

763 4599 955 4653 vitium
989 4595 1213 4651 diﬁerre
1253 4603 1309 4647 et
1346 4592 1614 4661 cunctari)
1667 4610 1680 4644 :
1740 4592 1836 4671 Dic
1880 4593 2079 4656 solum,
2134 4593 2337 4657 aiebat.

764 4688 1086 4759 Trophime,
1114 4685 1218 4740 diis
1248 4684 1589 4749 sacriﬁcabo,
1622 4692 1676 4738 et
1724 4683 1867 4738 illico
1892 4699 1922 4737 a
1953 4684 2095 4737 malo
2147 4685 2342 4739 libera-

766 4785 933 4840 beris.
962 4784 1056 4837 llle
1094 4789 1275 4834 autem
1309 4780 1470 4833 verba
1499 4780 1646 4832 illius
1676 4777 2045 4840 existimabat,
2082 4787 2339 4847 tanquam

769 4891 958 4931 vocem
990 4874 1271 4945 spinarum
1318 4872 1418 4925 sub
1463 4870 1662 4925 lebetc.
1709 4869 1926 4924 Sciebat
1982 4868 2149 4933 enim,
2200 4870 2343 4939 quod

769 4977 973 5039 quanto
1001 4967 1248 5037 graviora
1284 4970 1471 5019 essent
1504 4979 1600 5017 sua
1633 4963 1955 5026 certamina,
1988 4966 2139 5016 tanto
2162 4977 2222 5015 se
2267 4962 2346 5015 vi-

770 5071 976 5115 ctorem
1012 5057 1255 5111 futurum
1278 5056 1586 5115 clariorem,
1620 5063 1673 5107 et
1702 5068 1766 5107 eo
1792 5052 2216 5122 splendidiorem
2245 5053 2344 5106 ha-

772 5151 1013 5206 biturum
1036 5160 1317 5205 coronam.
1347 5147 1485 5211 Quid
1507 5162 1633 5215 ergo
1656 5144 1784 5198 facit
1814 5146 1935 5198 ille?
1959 5145 2013 5198 In
2033 5161 2154 5200 cum
2188 5160 2344 5199 exco-

773 5240 907 5312 gitat
950 5255 1149 5293 novum
1182 5236 1403 5294 modum
1439 5234 1774 5296 insidiarum,
1820 5242 1877 5287 ut
1922 5232 2178 5286 inusitato
2215 5248 2344 5301 sup-

775 5334 937 5403 plicio
976 5328 1322 5402 perturbaret
1369 5329 1646 5382 athletam.
1708 5325 1843 5380 Cum
1895 5333 2106 5379 acetum
2174 5325 2349 5395 sinapi

775 5431 1261 5493 contemperasset,
1347 5420 1584 5473 infundit
1652 5417 1876 5472 naribus
1926 5415 2190 5485 martyris.
2258 5417 2350 5471 llle

775 5525 956 5570 autem
983 5524 1167 5584 aperte
1198 5512 1436 5569 ostendit
1460 5525 1517 5565 se
1560 5510 1761 5563 nullam
1811 5511 2036 5564 omnino
2078 5510 2350 5577 accepisse

778 5604 1130 5660 mutationem
1160 5618 1224 5657 ex
1250 5600 1601 5657 acerbissima
1632 5597 1719 5651 illa
1774 5598 2195 5664 temperatione.
2244 5596 2350 5652 De-

780 5699 946 5752 decus
986 5709 1115 5767 ergo
1164 5709 1272 5748 non
1334 5693 1512 5746 ferens
1568 5688 1852 5749 scelestus,
1916 5688 2061 5757 ligno
2118 5688 2353 5757 alligavit

786 5790 1042 5844 athletam
1071 5803 1167 5859 per
1198 5800 1313 5853 eos,
1343 5784 1433 5854 qui
1484 5782 1853 5841 inserviebam
1896 5781 2012 5851 ejus
2056 5780 2349 5851 iniquitati,

2444 4587 2736 4640 ὖὰλλεσθαι
2793 4581 2936 4638 οἶδεν
2998 4586 3029 4655 ἠ
3088 4584 3260 4637 κακία
3315 4585 3411 4637 καὶ
3462 4585 4027 4656 διαμέλλειν),Θῦσον

2447 4677 2631 4745 μόνον,
2663 4675 2931 4743 Τρόφιμε,
2968 4674 3059 4724 ἐπί⁵
3080 4677 3188 4735 τοῖς
3239 4675 3398 4737 θεοῖς,
3450 4678 3477 4725 ό
3525 4678 3752 4743 ἡγεμὼν
3787 4679 4024 4742 ἐπεϐόα,

2446 4768 2540 4819 καὶ
2571 4766 2664 4818 τοῦ
2693 4764 2862 4817 κακοῦ
2892 4765 3253 4834 ἀπαλλαγήσῃ
3299 4764 3523 4819 αὐτίκα.
3559 4767 3617 4817 ὐ
3648 4766 3701 4818 δὲ
3734 4767 3813 4831 ὡς
3847 4771 4026 4838 φωνὴν

2447 4859 2698 4913 ἀκανθῶν
2752 4858 2856 4911 ὑπὸ
2904 4858 3127 4928 λέϐητα,
3176 4859 3317 4912 οὕτω
3376 4861 3501 4922 τοὺς
3563 4860 3778 4914 ἐκείνου
3835 4862 4026 4929 loyce;

2448 4952 2651 5019 ἠγεῖτοο
2673 4949 2790 5019 ᾔδει
2813 4949 2919 5017 γὰρ
2937 4950 3046 5014 ὅσῳ
3064 4946 3464 5016 χαλεπωτέροις
3485 4946 3713 4999 ἐπάλαιε
3731 4987 3746 5010 ,
3777 4948 4027 5017 λαμπρό-

2446 5061 2599 5113 τερος
2636 5042 2878 5095 τοσούτω
2919 5041 3208 5107 γενόμενος
3260 5039 3605 5109 στεφανίτης.
3635 5036 3699 5091 Τί
3758 5033 3857 5091 οὖν
3890 5044 4029 5093 ἐκεῖ·

2448 5152 2539 5196 νος
2570 5136 2745 5196 ποιεί;
2781 5130 2977 5183 Καινὸν
3029 5130 3322 5200 ἐπιϐουλῆς
3363 5133 3566 5183 ἐπινοεί
3614 5131 3825 5197 τρόπον
3858 5134 4028 5200 αὐτῷ,

2453 5228 2540 5279 ἵνα
2579 5226 2654 5294 τῷ
2708 5225 3030 5294 ἀμελετήτῳ
3086 5225 3179 5275 καὶ
3213 5223 3373 5293 ἀήθει
3411 5222 3506 5290 τῆς
3548 5226 3825 5294 τιμωρίας
3877 5224 4031 5294 θορυ-

2453 5319 2596 5388 δήσῃ
2633 5318 2722 5369 τὸν
2766 5316 3043 5383 ἀθλητήν·
3093 5315 3212 5377 ὄξος
3258 5314 3440 5365 τοίνυν
3483 5314 3727 5385 κεράσας
3779 5317 3900 5379 τοῖς
3938 5316 4028 5369 τοῦ

2457 5411 2729 5480 μάρτυρος
2757 5411 2932 5479 ἐπιχεί
2965 5409 3272 5479 μυκτῆρσιν
3295 5420 3309 5435 °
3336 5407 3364 5458 ὁ
3388 5404 3446 5458 δὲ
3475 5410 3565 5460 καὶ
3589 5405 3736 5457 οὕτω
3764 5406 3935 5477 δῆλος
3974 5404 4033 5475 ἦν

2458 5500 2579 5570 μηδ’
2642 5498 2926 5567 ἡντιναοῦν
2982 5496 3284 5565 μεταϐολὴν
3353 5495 3459 5550 ὑπὸ
3544 5494 3637 5546 τοῦ
3695 5494 4032 5567 δριμύτατον

2456 5594 2736 5659 κράματος
2768 5570 2990 5642 δκείνοιί
3034 5586 3243 5642 παθών.
3290 5590 3404 5641 Οὐκ
3440 5584 3686 5653 ἐνεγκὼν
3720 5590 3912 5640 τοίνυν
3943 5586 4033 5661 τὴν

2456 5683 2715 5753 αἰσχύνην
2745 5685 2771 5734 ὁ
2808 5680 3038 5749 πονηρὸς
3074 5680 3212 5751 ξύλῳ
3246 5680 3338 5732 τὸν
3368 5666 3611 5750 ἀθλητὴν
3640 5681 3727 5733 διὶ
3764 5680 3877 5731 τῶν
3898 5678 4030 5747 fam)-

2462 5775 2797 5847 ρετσυμένων
2865 5772 3027 5827 αὐτοῦ
3051 5775 3117 5844 τῇ
3178 5769 3498 5843 παρανομίᾳ
3556 5772 3887 5853 προσέδησε,
3949 5774 4028 5825 καὶ
