4156 6314
209 355 311 421 741
1029 362 1495 425 MARTYRIUM
1533 363 1595 423 S.
1634 363 2017 424 TROPHIMI
2058 365 2152 425 ET
2192 366 2602 430 SOCIORUM.
3342 379 3446 444 ἨΞ

206 466 514 532 καταξάνας
550 468 647 530 τὰς
689 469 948 539 πλευρὰς,
993 473 1088 526 καὶ
1121 472 1340 542 βαθείας
1372 475 1428 526 ἐν
1459 474 1649 535 αὑταῖς
1680 490 1754 526 τε·

1871 484 1924 528 et
1950 474 2113 529 latera
2143 477 2423 533 dilaniavit
2456 497 2469 533 :
2503 487 2557 533 et
2590 495 2710 534 cum
2743 479 2796 534 in
2825 482 2903 536 eis
2944 482 3240 552 profundos
3266 490 3448 546 sulcos

206 560 324 627 μὼν
352 558 618 623 αῠλακας,
644 561 890 630 αἱμάτων
929 566 1224 634 ξκατήγαγε
1278 567 1580 635 ποταμούς.
1628 567 1686 619 'O
1717 567 1754 620 δί

1876 567 2245 628 dissecuisset.
2287 571 2567 641 sanguinis
2603 573 2823 627 deduxit
2865 573 3080 630 fluvios.
3136 577 3226 633 Ille
3261 591 3442 636 autem

202 652 315 718 ὅσῳ
344 651 544 720 μᾶλλον
574 651 716 721 ἧρθη
749 653 846 722 τῆς
887 658 1008 724 γῆς,
1039 658 1279 724 τοσούτῳ
1307 659 1492 710 πλεῖον
1527 659 1754 726 ἐγγίζειη

1872 672 1981 724 quo
2006 659 2167 714 altius
2195 661 2445 717 sublatus
2471 673 2586 717 erat
2609 679 2638 718 e
2672 675 2834 729 terra,
2861 683 2923 720 eo
2955 671 3125 737 magis
3163 672 3444 727 videbatur

201 741 379 794 ἐδόκει
412 742 533 811 Θεῷ
559 759 571 773 ·
606 746 720 806 καὶ,
758 745 956 797 Πολλαὶ
987 748 1042 798 αἱ
1077 747 1308 815 θλίψεις,
1355 751 1527 816 ἔλεγε,
1558 750 1667 803 τῶν
1696 749 1754 800 6-.-

1875 747 1983 802 Deo
2006 765 2125 804 esse
2143 753 2477 822 propinquus
2502 773 2514 807 :
2537 763 2610 819 et,
2639 755 2837 823 Multae,
2864 759 3099 824 dicebat,
3123 761 3442 821 alllictioncs

203 832 398 897 καίων,
433 836 526 886 καὶ
565 835 628 887 ἐκ
660 833 849 888 πασῶν
894 838 1072 890 αὐτῶν
1104 839 1326 906 ῥύσεται
1361 841 1555 902 αὐτοὺς
1583 842 1610 892 6
1657 841 1772 893 Κύ-

203 941 344 995 ριος.
389 926 661 991 Διονύσιος
691 929 772 994 δὲ,
817 929 1016 982 τούτων
1041 930 1278 994 ἀκούσας
1306 972 1321 998 ,
1366 931 1430 986 Ἦ
1473 933 1676 1002 ματαία
1711 949 1766 984 σε

199 1018 343 1086 αὕτη
375 1020 550 1087 ἐλπὶς,
584 1019 722 1086 εἷπε,
761 1024 1060 1093 Τρόφιμος,
1094 1024 1192 1076 καὶ
1230 1026 1554 1092 κουφολογεα
1581 1027 1768 1089 κακῶς

197 1107 412 1161 ἁπολεῖ’
438 1113 520 1172 τίς
560 1114 668 1182 γάρ
696 1131 774 1166 σοι
826 1113 917 1164 καὶ
948 1114 1054 1165 am
1090 1114 1199 1166 τῶν
1250 1114 1453 1165 ὀδυνῶν
1495 1114 1614 1182 ἥξει
1655 1115 1766 1167 τῶν

197 1203 484 1268 παρόντων
506 1208 799 1275 ῥυσάμενος
818 1222 834 1271 ;
851 1203 973 1258 άλλί
993 1204 1179 1268 ἐάσας,
1201 1206 1470 1275 παραινῶ,
1491 1206 1557 1258 τὰ
1574 1206 1761 1270 πολλὰ,

193 1295 291 1344 καὶ
353 1296 451 1365 τὴν
497 1297 658 1365 κενὴν
688 1296 754 1365 ἣν
790 1296 965 1362 λέγεις
998 1294 1375 1364 εὐδαιμονίαν,
1403 1295 1564 1348 θῦσον
1597 1313 1767 1366 προσ-

192 1385 366 1437 ελθὼν
412 1389 519 1447 τοῖς
555 1389 696 1450 θεοῖς
728 1401 742 1416 ⁸
771 1389 911 1440 οὕτω
951 1390 1058 1459 γὰρ
1117 1389 1182 1442 ἂν
1220 1388 1387 1458 ὀνήσῃ
1443 1391 1636 1441 σαυτὸν
1673 1390 1766 1441 καὶ

191 1480 295 1530 οὐκ
349 1481 566 1542 άλλως,
612 1481 766 1532 Ἐπεὶ
839 1482 1012 1534 ταῦτα
1075 1482 1238 1552 ψόφοι
1295 1484 1452 1551 μόνον
1502 1482 1608 1533 εἰσὶ
1656 1481 1765 1534 τῶν

190 1567 348 1619 ὤτων
379 1571 794 1640 καταχεόμενοι.
827 1571 1059 1625 Τούτων
1118 1575 1322 1633 ἐκεῖνος
1355 1571 1570 1624 ἀκούων
1600 1590 1762 1626 κατε-

188 1660 327 1727 γέλα
354 1663 449 1730 τῆς
475 1662 567 1715 τοῦ
587 1664 854 1733 ἡγεμόνος
881 1665 1231 1732 κακουργίας.
1259 1663 1366 1716 Kal
1390 1667 1491 1716 οὐκ
1521 1664 1586 1716 ἄν
1613 1682 1761 1731 ποτε,

188 1749 363 1816 εἶπεν,
398 1756 453 1805 ἐν
481 1756 723 1824 ἐμαυτῷ,
756 1755 1019 1818 Διονύσιε,
1047 1753 1141 1818 ὢν,
1172 1754 1262 1806 τὸν
1298 1754 1427 1823 ἐμὸν
1485 1755 1640 1822 Θεὸν,
1673 1757 1762 1809 τὸν

1866 839 2157 908 justorum,
2182 851 2235 895 et
2252 859 2316 896 ex
2339 843 2416 897 eis
2439 848 2691 901 omnibus
2714 849 2964 903 liberabit
2990 867 3083 905 eos
3106 852 3365 910 Dominus
3388 860 3431 913 ‘.

1870 930 2160 1001 Dionysius
2179 942 2357 986 autem
2382 950 2503 989 cum
2530 937 2643 991 hac
2670 939 2968 993 audivisset
2996 960 3009 996 :
3040 942 3184 996 Vana
3213 954 3264 998 te
3292 961 3440 1015 Spes,

1870 1018 2065 1089 inquit,
2097 1022 2416 1092 Tropbime,
2447 1033 2501 1079 et
2541 1025 2675 1081 levis
2700 1028 2956 1096 cogitatio
2982 1033 3121 1088 male
3164 1037 3429 1102 perdunt.

1868 1108 1998 1172 Quis
2027 1112 2173 1165 enim
2205 1114 2270 1167 ad
2296 1122 2347 1167 te
2378 1115 2557 1169 veniet
2579 1132 2608 1169 e
2633 1119 2805 1183 caelis,
2833 1134 2862 1173 a
2893 1124 3253 1189 praesentibus
3285 1127 3442 1182 malis

1866 1201 2231 1258 liberaturus?
2257 1203 2362 1260 Sed
2407 1212 2597 1273 multa,
2641 1210 2733 1263 tibi
2773 1213 2993 1278 suadeo,
3047 1220 3211 1269 verba
3251 1217 3440 1273 dimit—

1868 1300 2010 1358 tens,
2057 1303 2111 1349 et
2147 1312 2362 1360 vanam,
2393 1315 2552 1368 quam
2596 1301 2752 1369 dicis,
2795 1303 3129 1370 felicitatem,
3173 1309 3441 1366 accedens

1867 1383 1968 1437 diis
2007 1387 2273 1443 sacrifica.
2307 1387 2396 1443 Sic
2429 1391 2574 1445 enim
2607 1393 2702 1446 tibi
2733 1395 3002 1463 proderis,
3031 1409 3085 1452 et
3111 1414 3219 1451 non
3256 1401 3434 1456 aliter.

1861 1473 1998 1529 Nam
2034 1477 2148 1532 haec
2174 1488 2301 1537 sunt
2340 1481 2519 1535 solum
2554 1486 2834 1552 strepitus,
2874 1488 2962 1556 qui
2996 1490 3357 1546 effunduntur
3385 1493 3439 1547 in

1863 1580 2039 1619 aures.
2071 1568 2164 1621 His
2196 1569 2283 1623 ille
2333 1572 2553 1636 auditis,
2591 1574 2850 1630 irridebat
2898 1580 3143 1646 praesidis
3174 1583 3438 1651 improbi-

1865 1665 2048 1720 tatem,
2071 1670 2126 1713 ct
2146 1679 2158 1714 :
2175 1659 2482 1731 Nunquam,
2505 1665 2702 1729 aiebat,
2724 1684 2756 1720 ο
2776 1667 3017 1740 Dionysi,
3037 1672 3162 1734 dum
3185 1688 3279 1727 ero
3295 1677 3437 1744 apud

1862 1766 1972 1814 me,
2001 1767 2179 1807 meum
2206 1755 2395 1820 Deum,
2422 1758 2512 1825 qui
2536 1769 2617 1812 est
2642 1776 2802 1813 verus
2827 1770 2881 1814 et
2901 1765 3075 1829 vivus,
3102 1769 3434 1836 negaverim.

187 1843 390 1909 ζῶντα,
420 1845 511 1897 τὸν
535 1847 729 1917 ἀληθῆ,
754 1845 1118 1915 ἀρνησαίμην.
1156 1845 1326 1914 Εἴπερ
1380 1841 1474 1898 οὖν
1529 1863 1610 1898 σοι
1668 1848 1754 1899 καὶ

1863 1838 1916 1892 Si
1942 1849 2023 1894 est
2050 1845 2292 1911 ergotibi
2321 1845 2478 1902 facile
2501 1850 2892 1905 transformare
2917 1853 3187 1922 homines,
3216 1868 3272 1912 et
3306 1859 3439 1916 alios

188 1939 531 2005 μεταπλάττε
546 1955 592 1989 ιν
611 1936 926 2007 ἀνθρώπους
955 1938 1134 2007 ῥᾴδιον
1150 1976 1166 2003 ,
1189 1939 1282 1990 καὶ
1302 1937 1492 2000 ἄλλους
1513 1937 1571 2001 ἐξ
1591 1937 1761 1989 ἄλλων

185 2030 382 2092 ποιεῖν,
418 2029 689 2098 προσδόκα
740 2045 793 2080 τι
835 2027 963 2099 παρ’
1020 2028 1154 2099 ἐμοῦ
1187 2029 1279 2082 xal
1338 2029 1448 2080 τῶν
1502 2029 1762 2082 ἐναντίων

186 2122 318 2183 ἴσως
345 2121 596 2173 ἀκοῦσαν
627 2121 700 2184 ὠς
727 2121 900 2189 ἔγωγε
928 2124 954 2174 6
981 2122 1142 2186 αὐτὸς
1171 2121 1448 2193 Τρόφιμος
1473 2121 1759 2194 ὑπάρχων,

182 2211 376 2282 ὥσπερ
408 2211 470 2282 δὴ
502 2217 597 2264 καὶ
634 2210 730 2266 νῦν
756 2215 894 2281 ειμι,
941 2215 1131 2267 θᾶττον
1163 2214 1503 2283 ἐπιλάθωμαι
1538 2215 1630 2266 τοῦ
1668 2214 1760 2266 άν-

185 2304 406 2373 θρωπος
434 2299 572 2356 εἶναι
599 2303 630 2374 ἢ
661 2305 750 2359 τὸν
779 2307 974 2358 οἰκεῖον
1025 2304 1302 2375 Δεσπότην
1359 2306 1454 2360 καὶ
1487 2311 1759 2377 Δημιουρ-

183 2397 284 2463 γδν
315 2397 665 2465 ἀγνοήσαιμι.

257 2483 336 2540 Θ’.
357 2488 464 2539 Kal
495 2488 522 2539 6
551 2485 773 2557 ἡγεμών
793 2502 805 2516 ·
837 2487 1048 2555 Ὠσπερ
1076 2488 1126 2538 εί
1151 2487 1526 2557 παρῃνοῦμεν,
1552 2488 1756 2559 Ί“ρ5φι-

184 2597 312 2650 μσς,
343 2581 417 2650 μὴ
449 2579 754 2650 ἀποστῆναί
799 2597 857 2632 σε
892 2580 990 2650 τῆς
1021 2579 1329 2649 ὁμολογίας,
1353 2580 1490 2633 ἀλλὰ
1516 2584 1625 2640 τοῖς
1660 2582 1758 2633 αὐ-

180 2676 299 2736 τοῖς
330 2673 591 2741 ἐμμένειν
623 2673 717 2724 καὶ
746 2672 839 2725 τοῦ
894 2670 1332 2743 Χριστιανισμοῦ
1374 2673 1754 2744 περίσχεσθαι,

179 2758 330 2811 οὕτω
363 2759 498 2829 πρὸς
530 2761 678 2828 ἡμᾶς
713 2760 1006 2830 ἀποκρίνῃ.
1040 2761 1152 2814 Καὶ
1188 2765 1314 2824 τοὺς
1359 2761 1586 2831 δημίους
1631 2765 1756 2816 ἐπι-

183 2852 472 2920 στραφεὶς,
501 2851 887 2921 Σφοδρότερον,
914 2851 1118 2920 ἔλεγεν,
1143 2853 1195 2904 εἴ
1215 2872 1331 2916 πως
1360 2853 1455 2923 ὀψὲ
1475 2853 1604 2922 γοῦν
1625 2854 1756 2905 ταύ-

178 2959 286 3011 της
311 2942 585 3010 ἀποσταίη
615 2942 712 3010 τῆς
731 2939 1016 3012 φλυαρίας.
1057 2943 1114 2995 ὐ
1137 2945 1192 2996 δὲ
1223 2945 1429 3016 ἔπασχε
1452 2946 1551 3016 μὲν
1579 2947 1670 2998 καὶ
1698 2945 1757 2998 τὸ

182 3033 348 3102 σῶμα
369 3035 673 3086 ἐδαπανᾶτο
698 3049 710 3064 ο
745 3033 958 3103 ἤκμαζε
987 3034 1041 3086 δὲ
1089 3035 1182 3086 καὶ
1233 3036 1489 3088 ἀνέθαλλε
1523 3039 1588 3108 τῇ
1623 3053 1757 3107 προ-

178 3124 385 3196 θυμίᾳο
419 3126 512 3179 καὶ
541 3125 742 3195 Θερμὸν
770 3118 882 3177 οἷον
918 3125 1055 3196 ὑπὲρ
1083 3125 1362 3186 εὐσεόείας
1407 3126 1581 3178 ἔπνει.
1627 3129 1755 3178 Δια-

178 3221 398 3284 παίζων
452 3221 632 3272 τοίνυν
683 3220 775 3272 τὸν
833 3220 1052 3290 άνδραὸ
1087 3218 1330 3289 ἡγεμὼν,
1371 3218 1556 3279 Οῠπω.
1597 3221 1752 3289 φησὶ,

176 3313 374 3382 ¹ᾔσθου,
393 3314 662 3383 Τρόφιμε,
692 3312 799 3366 τῶν
825 3312 1072 3382 βασάνων
1094 3329 1107 3379 ;
1129 3313 1238 3364 Kal
1258 3314 1284 3364 6
1307 3313 1512 3382 μάρτυς
1537 3313 1770 3379 αὐτίκα,

174 3409 246 3461 Σὲ
284 3407 484 3475 μᾶλλον
505 3402 642 3467 οἶδα,
671 3386 800 3473 ἔφη,
833 3404 927 3456 τοῦ
956 3403 1160 3466 πάθους
1182 3405 1565 3459 αἰσθάνεσθαι⁶
1598 3405 1756 3474 δῆλος

174 3499 291 3565 γὰρ
319 3492 366 3546 εί
407 3495 524 3545 λίαν
560 3494 661 3544 ὑπὸ
690 3493 782 3544 τοῦ
813 3493 990 3560 θυμοῦ
1041 3494 1507 3562 τυραννούμενος·
1539 3495 1664 3560 ἐμοὶ
1697 3495 1753 3545 δὲ

172 3590 291 3656 ὅσῳ
335 3588 394 3639 τὸ
446 3588 603 3656 σῶμα
651 3584 1063 3648 καταναλοῦται,
1101 3583 1340 3652 τοσούτῳ
1411 3584 1596 3638 λύεται
1644 3585 1753 3638 τῶν

173 3678 394 3749 δεσμῶν
419 3680 514 3732 καὶ
549 3677 607 3730 τὸ
642 3678 759 3730 ὅλον
791 3676 1199 3747 ἐλευθεροῦται,
1225 3677 1319 3729 καὶ
1364 3676 1614 3746 θειοτέρα
1667 3677 1752 3745 γί-

173 3789 334 3825 νεται
385 3774 417 3842 η
447 3772 613 3840 ψυχή.
635 3771 709 3821 Οὐ
743 3775 850 3837 γὰρ
883 3772 1118 3837 μένουσα
1166 3773 1224 3819 ἐν
1252 3768 1329 3836 τῷ
1364 3767 1574 3836 σώματι
1631 3785 1754 3820 συν-

177 3864 539 3932 αποθνήσκει,
562 3862 694 3916 αλλὰ
735 3866 872 3928 πρὸς
902 3863 968 3912 τὰ
1002 3860 1308 3927 ποθούμενα
1347 3860 1629 3923 διαϐαίνει,
1661 3861 1752 3912 καὶ

171 3960 269 4011 τον
304 3957 498 4006 οἰκεῖον
535 3953 914 4021 ἀπολαμϐάνει
945 3950 1162 4019 κλῆρον.
1202 3948 1260 4004 '0
1296 3952 1393 4020 μὲν
1445 3946 1539 4003 οὖν
1578 3950 1750 4003 ταῦτα

173 4050 368 4116 ἓλεγεν
393 4064 405 4077 ο
443 4047 491 4098 οἱ
532 4045 714 4115 δημιοι
738 4045 794 4097 δὲ
822 4043 1091 4114 ἀλλήλους
1127 4045 1182 4097 ὲν
1211 4044 1288 4113 τῷ
1315 4044 1454 4108 ξέειν
1507 4044 1750 4114 διαδεχό-

177 4160 357 4213 μενοι,
384 4140 692 4213 βαρυτέρας
741 4140 890 4208 αὐτῷ
944 4139 1035 4198 τὰς
1086 4137 1274 4198 ὀδύνας
1327 4136 1571 4204 ἐπῆγον;
1613 4139 1640 4187 ὁ
1673 4137 1749 4201 δὲ,

186 4234 518 4302 Ἐπίὗλεψον
536 4231 596 4294 ἐξ
631 4229 861 4296 ούρανοῦ
891 4228 983 4278 καὶ
1009 4224 1168 4296 ῥῦσαί
1194 4242 1284 4294 με,
1309 4228 1334 4276 6
1363 4224 1512 4289 Θεὸς,
1540 4224 1746 4291 ἔλεγεν,

173 4328 242 4379 ἐκ
277 4326 370 4392 τῆς
407 4324 630 4391 παγίδος
679 4322 787 4374 τῶν
838 4319 1204 4389 θηρευοντωνο
1249 4319 1333 4368 ὅτι
1372 4317 1434 4368 σὺ
1466 4314 1514 4368 εί
1551 4318 1584 4386 ἡ
1614 4317 1747 4368 ὑποο

174 4419 316 4486 μονή
373 4432 494 4483 μου,
547 4416 740 4481 Κύριε.
809 4413 918 4463 Kal
978 4411 1149 4477 τούτῳ
1205 4409 1345 4478 ψιλῷ
1418 4410 1494 4478 τῷ
1542 4412 1744 4478 ῥήματι

1865 1930 2045 1986 facere
2071 1949 2134 1987 ex
2166 1935 2304 1999 aliis,
2330 1950 2583 2009 exspecta
2614 1941 2749 2009 fore,
2770 1953 2826 1996 ut
2856 1961 2922 2000 ex
2961 1963 3045 2001 me
3076 1949 3277 2018 aliquid
3300 1951 3438 2008 forto

1862 2021 2052 2077 audias
2071 2028 2423 2083 contrarium.
2449 2030 2579 2084 Nam
2605 2048 2707 2101 ego
2729 2036 2944 2102 quidem
2962 2037 3092 2092 dum
3115 2057 3234 2093 sum
3264 2042 3432 2107 idem.

1863 2115 1953 2184 qui
1989 2131 2154 2181 nunc,
2188 2118 2535 2189 Tropbimus,
2571 2125 2862 2181 obliviscar
2893 2129 3055 2183 citius
3093 2145 3216 2186 esse
3245 2133 3433 2199 homo,

1862 2221 2022 2275 quam
2070 2225 2250 2264 meum
2290 2213 2648 2282 ignoraverim
2691 2218 2978 2274 Dominum
3014 2230 3066 2275 et
3104 2222 3432 2282 Creatorem.

1931 2495 2024 2553 1x.
2069 2498 2272 2555 Praeses
2306 2510 2487 2557 autem
2524 2519 2539 2558 :
2577 2501 2811 2559 Perinde
2852 2507 3009 2562 nobis
3043 2512 3365 2580 respondes,
3399 2530 3433 2568 ο

1861 2587 2177 2659 Trophime,
2205 2601 2366 2661 atque
2393 2593 2436 2646 si
2477 2594 2570 2647 tibi
2599 2597 2982 2664 suaderemus,
3021 2615 3130 2656 non
3165 2603 3430 2661 desistere

1859 2697 1889 2736 a
1919 2681 2285 2752 confessione,
2336 2685 2432 2740 sed
2482 2685 2534 2739 in
2575 2687 2784 2742 eisdem
2815 2705 3186 2760 perseverare,
3214 2706 3269 2750 et
3309 2710 3430 2753 amo

1858 2773 2019 2842 plecti
2049 2773 2546 2829 Christianismum.
2583 2777 2651 2830 Et
2697 2793 2995 2833 conversus
3043 2782 3108 2834 a-d
3160 2782 3425 2838 lictores:

1857 2865 2267 2928 Vehementius,
2295 2866 2492 2936 inquit,
2521 2869 2565 2922 si
2596 2873 2867 2938 quomodo
2896 2873 3110 2926 tandem
3136 2875 3204 2927 ab
3229 2876 3313 2929 bis
3333 2875 3430 2930 de-

1855 2961 2007 3012 sistat
2033 2961 2208 3029 nugis.
2238 2961 2328 3013 llle
2355 2973 2534 3015 autem
2567 2963 2873 3032 patiebatur
2891 2967 3130 3034 quidem,
3154 2978 3206 3022 et
3229 2983 3426 3038 corpus

1856 3051 1904 3104 ei
1953 3050 2428 3107 consumebatur:
2461 3053 2672 3123 vigebat
2705 3070 2832 3109 vero
2873 3072 2938 3110 ac
2987 3057 3212 3112 florebat
3257 3061 3422 3114 alacri

1856 3155 2213 3212 promploque
2245 3145 2410 3200 animi
2461 3147 2664 3213 studio,
2694 3149 2748 3202 et
2783 3165 2880 3218 pro
2926 3151 3128 3220 pietate
3176 3153 3426 3208 decerta—

1857 3235 1950 3288 bat
2002 3237 2376 3290 vehementer.
2431 3238 2574 3292 Eum
2616 3250 2796 3294 autem
2842 3241 3123 3297 ludiﬁcans
3163 3260 3364 3312 praeses
3413 3265 3424 3299 :

1857 3327 2128 3390 Nondum.
2165 3329 2363 3399 inquit,
2414 3332 2657 3392 sensisti,
2689 3349 2723 3384 ο
2763 3331 3081 3401 Trophime,
3115 3337 3429 3389 tormenta?

1857 3419 2055 3489 Martyr
2084 3434 2264 3474 autem
2298 3436 2312 3474 :
2344 3418 2480 3486 Jam,
2515 3420 2712 3490 inquit,
2744 3422 2858 3476 scio
2892 3431 2944 3476 te
2999 3425 3167 3495 magis
3219 3430 3425 3482 sentire

1855 3512 2259 3579 perpessionem
2300 3528 2315 3566 :
2369 3521 2554 3582 aperte
2593 3514 2738 3568 enim
2786 3516 3049 3578 ostendis,
3082 3517 3214 3572 iram
3268 3519 3324 3574 in
3375 3530 3429 3574 te

1855 3616 2102 3672 magnam
2124 3617 2375 3656 exercere
2402 3606 2764 3671 tyrannidem.
2798 3608 2928 3660 Mihi
2962 3625 3088 3661 vero
3111 3626 3223 3679 quo
3259 3614 3426 3683 magis

1855 3706 2055 3761 corpus
2101 3692 2459 3757 consumitur,
2503 3708 2570 3746 eo
2624 3695 2792 3765 magis
2841 3697 3068 3751 solvitur
3103 3713 3131 3752 a
3169 3703 3421 3763 vinculis.

1856 3783 2225 3852 liberaturque
2247 3784 2492 3848 omnino,
2515 3794 2568 3838 et
2592 3783 2650 3839 fit
2666 3788 2843 3839 anima
2863 3787 3118 3842 divinior.
3141 3789 3256 3844 Non
3280 3793 3424 3844 enim

1853 3888 2079 3926 manens
2132 3875 2186 3926 in
2240 3889 2465 3942 corpore
2514 3892 2617 3928 una
2663 3893 2784 3928 cum
2829 3892 2894 3933 eo
2946 3881 3177 3933 moritur
3249 3899 3262 3934 :
3329 3884 3425 3937 sed

1855 3962 2052 4016 transit
2080 3960 2146 4016 ad
2177 3975 2243 4015 ea
2291 3977 2410 4031 quae
2445 3961 2749 4026 desiderat,
2783 3971 2835 4016 et
2893 3966 3161 4033 propriam
3225 3969 3416 4038 recipit

1855 4054 2249 4109 haereditatem.
2299 4053 2392 4108 llle
2439 4054 2658 4123 quidem
2719 4037 2833 4108 hzec
2884 4056 3099 4110 dicebat
3144 4073 3158 4122 ;
3204 4037 3423 4115 lictores

1853 4156 2032 4200 autem
2063 4161 2122 4200 se
2150 4145 2381 4199 invicem
2416 4148 2554 4200 alter
2578 4146 2805 4200 alterum
2836 4147 3190 4216 excipientes,
3220 4150 3268 4203 ei
3299 4166 3422 4221 gra—

1852 4238 2031 4291 viores
2074 4236 2289 4302 dolores
2332 4237 2651 4289 allercbant.
2692 4234 2784 4290 llle
2832 4247 3012 4292 autem
3052 4255 3064 4292 :
3113 4239 3312 4308 Aspice
3350 4243 3418 4297 de

1851 4330 2010 4393 cmlo,
2037 4337 2091 4382 et
2114 4342 2199 4380 me
2227 4326 2415 4389 libera,
2444 4327 2677 4394 dicebat,
2705 4327 2867 4396 Deus,
2893 4331 2959 4384 de
2988 4329 3184 4401 laqueo
3214 4350 3417 4388 venan-

1850 4420 2006 4472 tium.
2054 4418 2317 4483 Quoniam
2351 4429 2405 4472 tu
2454 4434 2513 4473 es
2547 4421 2807 4489 patientia
2843 4436 2982 4484 mea,
3025 4422 3310 4478 Domine'.
3356 4424 3419 4478 Et

171 4513 345 4566 πολλὰ
377 4511 469 4579 τὴν
497 4508 589 4560 τοῦ
616 4505 881 4576 ἡγεμόνος
913 4505 1142 4572 ἕπληττε
1193 4504 1456 4570 κεφαλὴν,
1478 4505 1570 4554 καὶ
1604 4505 1742 4555 κατὰ

1856 4511 1950 4565 Ιιοο
1980 4510 2094 4565 solo
2128 4511 2295 4564 verbo
2322 4511 2472 4563 valde
2501 4510 2766 4578 percussit
2785 4520 2947 4580 caput
2981 4513 3251 4582 praesidis,
3280 4523 3334 4568 et
3362 4514 3417 4568 in

167 4607 272 4675 τῆς
306 4603 580 4672 μακαρίας
616 4598 806 4650 ἐαυτοῦ
839 4597 1078 4665 κεφαλῆς
1123 4595 1250 4665 ὅλην
1281 4595 1493 4647 ἐκείνου
1527 4596 1624 4664 τὴν
1662 4595 1748 4647 δύ.

171 4715 345 4767 ναμιν
372 4699 464 4746 καὶ
495 4694 593 4762 τὴν
629 4691 824 4761 μανίαν
857 4692 1043 4743 ἐκίνει.
1077 4688 1294 4758 ’Λμέλει
1341 4690 1432 4744 καὶ
1475 4686 1604 4751 ἃλας
1665 4689 1748 4751 εἰς

167 4791 296 4852 ὅξος
325 4783 597 4853 ἐμϐαλὼν,
629 4785 721 4834 καὶ
744 4783 843 4850 τὴν
891 4782 1096 4832 ἐκείνου
1125 4780 1430 4848 δριμύτητα
1451 4781 1515 4848 τῇ
1545 4780 1748 4830 τούτων

1845 4603 2060 4658 beatum
2096 4618 2252 4656 suum
2285 4611 2444 4669 caput
2475 4601 2781 4657 universam
2812 4603 2920 4655 vim
2952 4603 3097 4657 illius
3141 4606 3309 4659 movit
3359 4616 3415 4660 et

1846 4693 2132 4749 insaniam.
2166 4691 2352 4762 Itaque
2383 4707 2505 4746 cum
2543 4692 2709 4745 salem
2755 4692 3036 4760 iniecisset
3081 4695 3132 4747 in
3177 4705 3415 4760 acetum,

1845 4794 1892 4838 et
1935 4783 2098 4853 hujus
2137 4785 2490 4839 acrimoniam
2532 4782 2678 4836 illius
2713 4790 3076 4853 temperasset
3123 4787 3415 4852 salsedine,

167 4880 324 4946 ἅλμῃ
356 4876 617 4943 κεράσας,
645 4873 753 4923 τῶν
787 4871 880 4922 τοῦ
912 4873 1186 4939 μάρτυρος
1215 4871 1431 4922 ἐκέλευε
1461 4870 1746 4937 καταχέειν

1856 4879 2080 4940 jussitea
2113 4876 2400 4930 infundere
2425 4874 2476 4925 iu
2498 4874 2720 4929 vulnera
2745 4875 3015 4946 martyris,
3042 4877 3121 4929 sic
3141 4877 3417 4932 arbitrans

167 4971 501 5040 τραυμάτων
525 5004 539 5029 ,
568 4964 739 5033 ταύτῃ
772 4963 910 5015 ἑλεῖν
950 4965 1041 5015 τὸν
1089 4963 1190 5032 τῆς
1215 4961 1510 5028 τεύσεὸείας
1545 4962 1746 5028 ἀγωνιο

169 5065 308 5130 στὴν
341 5063 606 5130 οἰόμενος.
634 5058 730 5108 "Av
751 5057 806 5108 δὲ
842 5058 934 5109 καὶ
957 5057 1031 5126 μὴ
1058 5057 1184 5121 ἕλω,
1213 5057 1398 5125 φησὶν,
1424 5056 1712 5108 ἀσθενέστε
1733 5083 1746 5095 ο

169 5172 265 5224 ρον
305 5155 346 5205 δ’
374 5152 465 5203 οὖν
505 5156 650 5220 ὅμως
683 5146 988 5219 παρέξομαι
1026 5149 1160 5216 πρὸς
1191 5151 1257 5201 τά
1296 5148 1581 5218 μέλλοντα.
1599 5147 1744 5201 Ἀλλ’

165 5251 193 5301 ὁ
225 5243 594 5318 δρασσόμενος
623 5246 747 5307 τοὺς
782 5242 977 5310 σοφοὺς
1007 5242 1065 5292 ἐν
1094 5243 1160 5310 τῇ
1198 5242 1506 5312 πανουργίᾳ
1540 5239 1741 5303 αὐτῶν,

163 5346 314 5395 κατὰ
341 5342 438 5411 τῆς
463 5335 668 5388 ἐκείνου
702 5337 901 5405 μᾶλλον
927 5335 1121 5397 κακίας
1162 5334 1223 5388 τὸ
1259 5334 1499 5403 σόφισμα
1552 5336 1742 5403 περιέ-

163 5448 361 5502 τρεπε.
390 5432 501 5483 Kal
535 5432 561 5482 6
603 5430 831 5498 μάρτυς,
873 5429 1030 5481 Οὕτω
1063 5427 1263 5492 τοίνυν,
1283 5421 1327 5482 ὢ
1351 5426 1597 5497 ἡγεμὼν,
1625 5426 1740 5478 ελε-

166 5547 288 5598 γεν,
313 5527 373 5579 οὐ
411 5524 806 5596 διαρρυήσεταί
849 5541 940 5591 μοι
969 5525 1028 5576 τὸ
1058 5522 1238 5593 σῶμα,
1277 5524 1398 5577 οὐδὲ
1423 5523 1703 5592 οἰχήσεται
1723 5537 1737 5552 ’

163 5623 227 5674 τὸ
267 5619 511 5673 ἐναντίον
538 5619 634 5686 μὲν
661 5611 750 5670 οὖν
781 5614 927 5668 ἆπαν
969 5616 1063 5669 καὶ
1109 5617 1259 5684 ὑγιὲς
1293 5616 1423 5669 αὐτὸ
1465 5614 1664 5684 μᾶλλον
1692 5614 1739 5667 oi

243 5798 258 5827 ¹
286 5794 430 5851 Psal.
467 5808 655 5858 xxxiii,
682 5792 771 5845 20.
849 5792 868 5820 ⁸
898 5790 1041 5845 Psal.
1072 5805 1156 5857 xc,
1200 5793 1254 5846 ὅ.

1845 4983 1902 5022 se
1934 4976 2366 5037 expugnaturum
2401 4965 2660 5020 athletam
2711 4967 2947 5035 pietatis.
2995 4965 3150 5030 Quod
3201 4968 3244 5022 si
3302 4983 3413 5022 non

1845 5073 2247 5129 expugnavero,
2269 5058 2468 5122 aiebat,
2492 5066 2584 5110 aut
2613 5056 3016 5111 imbecilliorem
3044 5073 3168 5112 eum
3195 5059 3414 5114 reddam

1844 5151 1911 5206 ad
1935 5150 2138 5204 futura.
2163 5149 2267 5204 Sed
2293 5151 2383 5217 qui
2428 5147 2842 5218 comprehendit
2869 5149 3143 5218 sapientes
3174 5151 3228 5202 in
3263 5159 3412 5204 astu-

1845 5245 1916 5298 tia
1953 5258 2164 5307 eorum,
2207 5241 2281 5304 id,
2321 5243 2464 5310 quod
2492 5242 2908 5312 excogitaverat,
2939 5241 3416 5296 convcrtitadver-

1849 5351 1943 5392 sus
1972 5337 2113 5391 illius
2144 5335 2419 5390 malitiam.
2455 5335 2520 5389 Et
2552 5344 2792 5404 martyr;
2822 5333 2930 5399 Sic,
2954 5333 3111 5398 dixit,
3133 5347 3168 5388 o
3195 5348 3413 5404 prmses,

1849 5445 2045 5500 corpus
2075 5442 2253 5482 meum
2286 5441 2396 5480 non
2420 5426 2646 5491 difﬂuet,
2676 5441 2778 5482 nec
2806 5425 3040 5496 peribit;
3072 5426 3181 5482 imo
3200 5437 3411 5494 contra,

1847 5523 1929 5578 sal
1961 5519 2180 5592 quidem
2211 5520 2387 5590 ipsum
2430 5519 2774 5576 conservabit
2822 5532 3018 5573 sanum
3045 5527 3101 5574 et
3128 5518 3414 5574 conﬁrma-

1848 5612 1929 5668 bit
1967 5622 2021 5669 et
2055 5611 2430 5668 corroborabit
2465 5612 2728 5668 adversus
2760 5618 2886 5668 tuos
2912 5610 3169 5682 insultus,
3192 5611 3330 5667 adeo
3350 5621 3408 5668 ut
