4156 6314
737 346 848 408 743

1972 339 2254 401 MENSIS
2285 336 2754 400 SEPTEMBER.

3897 332 3997 394 7ίὸ

740 455 886 524 ipsos
910 459 1149 523 superet,
1170 461 1224 507 et
1247 451 1603 507 calliditatem
1624 449 1803 505 vincat
1821 451 2139 509 adversarii.
2161 450 2319 506 Tune

2440 448 2549 512 ἱλες
2603 450 2990 521 διατηρήσουσι
3040 450 3132 503 καὶ
3190 450 3426 520 ρὡονσι
3486 449 3622 519 πρὸς
3702 447 3807 508 τὰς
3851 448 3998 515 παρὰ

738 561 859 599 cum
890 545 1256 615 seipsojudex
1297 544 1562 599 evasisset
1608 545 1819 606 saevior,
1856 544 2007 613 jubet
2046 545 2319 615 lampades

740 636 1015 691 admoveri
1038 636 1295 691 lateribus
1315 635 1516 706 egregii
1534 637 1813 702 martyris:
1836 636 1908 691 Ut
1937 652 2058 706 qua:
2084 646 2315 702 restant,

741 728 944 791 aiebat,
973 742 1166 781 carnes
1209 726 1348 797 ignis
1387 736 1694 781 consumat.
1720 726 1894 795 Atque
1924 727 2045 797 igne
2096 727 2315 796 quidem

746 816 1089 870 minuebatur
1130 825 1186 871 et
1215 817 1641 871 consumebatur
1675 831 1824 880 caro,
1866 819 2090 888 martyri
2129 829 2315 873 autem

745 907 916 977 magis
956 908 1168 977 vigebat
1221 908 1611 977 crescebatque
1666 907 1836 962 animi
1884 906 2214 964 institutum.
2252 908 2317 963 Et

742 997 1027 1052 videbatur
1062 998 1280 1067 quidem
1321 1000 1524 1054 sentire
1572 1011 1851 1053 externam
1891 998 2187 1064 ﬂammam,
2220 998 2319 1056 ﬂa-

746 1091 940 1161 grabat
970 1100 1151 1146 autem
1188 1106 1283 1146 cor
1304 1092 1422 1162 ejus
1458 1092 1664 1163 majore
1696 1089 1897 1147 Christi
1920 1090 2211 1147 desiderio.

816 1445 885 1499 X.
916 1442 1041 1499 Haec
1088 1453 1373 1516 postquam
1414 1444 1598 1499 omnia
1648 1444 1808 1499 simul
1854 1444 2062 1500 fortiter
2109 1445 2324 1502 tulisset

748 1537 1106 1608 Trophimus.
1163 1539 1631 1605 admirationeque
1654 1554 1717 1593 ac
1747 1547 1967 1608 stupore
1988 1550 2159 1593 totum
2192 1538 2325 1593 alle-

746 1630 911 1684 eisset
936 1630 1269 1701 Dionysium,
1293 1645 1323 1684 e
1362 1631 1505 1701 ligno
1534 1630 1753 1700 quidem
1780 1630 2076 1698 deponitur
2100 1647 2114 1694 ;
2154 1630 2322 1683 tradi-

750 1731 834 1774 tur
863 1730 1039 1774 autem
1073 1721 1301 1785 carceri,
1327 1734 1395 1775 ne
1431 1738 1555 1775 eum
1584 1722 1803 1790 quidem
1846 1720 2141 1791 benignum
2170 1736 2321 1775 asse-

748 1822 927 1877 cutus,
968 1812 1061 1865 sed
1095 1813 1149 1865 in
1186 1813 1335 1882 ligno
1375 1812 1639 1875 inclusus,
1675 1822 1729 1865 et
1770 1827 1872 1866 nec
1912 1812 2071 1865 tibias
2102 1812 2323 1880 quidem

747 1903 933 1956 valens
969 1902 1283 1957 extendere.
1325 1903 1559 1968 Quidam
1606 1913 1787 1957 autem
1818 1902 2183 1973 Dorymedon,
2242 1902 2327 1956 vir

750 1994 842 2063 qui
870 2004 925 2049 et
964 1995 1177 2050 colebat
1208 1996 1485 2065 pietatem,
1533 2007 1586 2049 et
1626 1995 1914 2049 exercebat
1946 1994 2222 2059 virtutem,
2274 2003 2328 2053 et

751 2086 892 2139 inter
920 2095 1201 2144 senatores
1244 2088 1478 2155 primum
1510 2088 1731 2139 tenebat
1775 2084 1977 2149 locum,
2019 2084 2328 2157 ingrediens

750 2192 1044 2241 carcerem,
1077 2188 1131 2231 et
1158 2193 1345 2233 curam
1384 2183 1604 2248 gerebat
1630 2178 1904 2247 martyris,
1936 2186 1989 2230 et
2042 2178 2329 2247 absterge‘

750 2270 841 2324 bat
875 2273 1119 2334 vulnera,
1162 2282 1214 2326 ct
1255 2272 1461 2327 saniem
1492 2272 1825 2324 emundabat
1861 2288 1873 2322 :
1907 2271 2103 2324 deinde
2152 2271 2332 2326 linteis

755 2365 1070 2417 involvebat
1102 2374 1159 2418 et
1197 2365 1470 2434 alligabat,
1496 2374 1659 2432 atque
1690 2365 1735 2415 ei
1768 2377 1985 2416 omnem
2028 2364 2186 2417 aliam
2232 2365 2334 2419 ad-

754 2455 979 2515 hibebat
1021 2456 1385 2519 curationem,
1425 2464 1478 2510 et
1509 2455 1688 2524 aliquo
1720 2455 1942 2524 quidem
1980 2467 2219 2527 tempore
2258 2458 2334 2510 la-

756 2549 905 2601 tcbat
960 2550 1073 2602 haec
1124 2548 1350 2603 faciens.
1408 2546 1602 2602 Postea
1649 2559 1833 2602 autem
1886 2564 2010 2603 cum
2058 2550 2332 2604 venissent

756 2637 1059 2702 Dioscoria,
1093 2640 1145 2695 id
1185 2651 1289 2704 est,
1345 2640 1542 2694 festum
1588 2641 1826 2695 Castoris
1870 2650 1923 2694 et
1972 2640 2228 2706 Pollucis,
2280 2652 2335 2696 et

757 2731 970 2802 Synadc
1014 2732 1132 2787 dies
1166 2732 1335 2786 festus
1356 2732 1612 2801 praeclare
1634 2731 2021 2794 celebraretur,
2051 2732 2189 2785 festo
2212 2734 2335 2800 qui-

757 2825 879 2878 dem
912 2827 1173 2879 intererat
1204 2828 1491 2878 universus
1529 2833 1776 2888 senatus,
1810 2825 1957 2877 solus
1998 2834 2180 2877 autent
2237 2824 2334 2878 ab—

755 2926 870 2971 erat
889 2916 1244 2986 Dorymedon.
1271 2915 1473 2969 Deinde
1495 2932 1615 2969 cum
1634 2929 1831 2983 praeses
1854 2929 1975 2967 eum
2001 2900 2334 2979 accersisset,

759 3023 828 3063 ne
854 3010 930 3063 sic
954 3010 1171 3077 quidem
1206 3010 1456 3072 accessit,
1487 3006 1795 3077 signiﬁcans
1828 3006 1990 3075 quod,
2034 3023 2161 3061 cum
2192 3016 2339 3061 esset

2420 540 2511 593 σοῦ
2544 540 2857 606 ὲπιὸονλὰς,
2884 541 3024 595 ὥστε
3078 544 3169 594 καὶ
3230 542 3614 611 περιγενέσθαι
3668 539 3881 600 αὐτῶν,
3911 536 3999 589 καὶ

2418 633 2691 702 κρατῆσαι
2738 635 2836 701 τῆς
2886 633 2980 686 τοῦ
3040 634 3420 703 ἀντικειμένου
3458 631 3847 701 κακοτεχνίας.
3888 631 3998 681 Ἐν·

2415 723 2589 777 ταῦθα
2610 722 2987 795 χαλεπώτερος
3017 725 3177 787 αὐτὸς
3201 724 3395 779 ἑαυτοῦ
3424 724 3665 792 γεγονὼς
3686 726 3713 774 ὁ
3733 722 3991 785 δικάζων,

2415 815 2706 886 λαμπάδας
2740 816 2908 886 πυρὸς
2942 816 3156 869 κελεύει
3188 815 3578 907 προσάγεσθαι.
3596 816 3719 876 ταῖς
3750 814 3850 866 τοῦ
3873 830 3990 880 γεν-

2427 907 2579 961 ναίου
2607 909 2869 978 πλευραῖς
2888 925 2901 940 ο
2950 908 3036 971 Ὠς
3062 907 3127 961 ἂν
3154 907 3222 960 τὰ
3247 905 3689 976 περιλειφθέντα,
3720 905 3880 974 φησὶ,
3900 906 3997 956 τῶν

2430 999 2651 1070 σαρκῶν
2702 1000 2763 1055 τὸ
2817 998 2928 1069 πῦρ
2981 998 3357 1067 ὲπινεμηθείη.
3390 999 3592 1068 Ἔληγε
3648 998 3750 1064 μὲν
3805 991 3902 1048 οὖν
3932 990 3999 1063 τῷ

2428 1088 2561 1159 πυρὶ
2596 1087 2690 1142 καὶ
2716 1086 3036 1157 ἀναλοῦτοὴ
3069 1087 3227 1158 σὰρξ,
3262 1089 3295 1157 ἡ
3329 1090 3644 1156 προαίρεσις
3670 1085 3726 1138 δὲ
3750 1084 3832 1154 τῷ
3868 1084 4003 1152 μὰρ·

2439 1197 2569 1250 τυρι
2605 1179 2809 1249 μᾶλλον
2860 1180 3011 1248 mea
3048 1196 3061 1209 ·
3096 1183 3189 1232 καὶ
3248 1179 3409 1249 ὲκῲει
3473 1179 3635 1249 μηδὲν
3680 1178 3782 1246 τῆς
3812 1176 4002 1241 ἔξωθεν

2435 1272 2633 1341 φλογὸς
2674 1270 3120 1325 ὲπαισθάνεσθαι·
3185 1270 3503 1341 θερμοτέρῳ
3557 1270 3669 1339 γὰρ
3724 1267 3880 1337 πόθῳ
3931 1266 4002 1334 τῷ

2424 1366 2565 1435 πρὸς
2602 1366 2838 1436 Χριστὸν
2866 1365 3131 1419 ὲκέκαυτο
3156 1366 3253 1435 τὴν
3280 1367 3530 1433 καρδίαν.

2496 1457 2553 1511 l'.
2578 1458 2763 1512 Ταῦτα
2794 1457 2981 1525 ἐπειδὴ
3015 1458 3110 1511 καὶ
3140 1457 3274 1526 ἐμοῦ
3327 1461 3503 1512 πάντα
3538 1457 3809 1525 γενναίως
3843 1458 4001 1527 ἤνεγ-

2423 1562 2486 1599 κε
2545 1546 2847 1617 Τρόφιμος,
2888 1548 2982 1597 καὶ
3005 1545 3126 1598 ὃλον
3166 1548 3246 1608 εἰς
3280 1546 3536 1613 ἔκπληξιν
3587 1546 3765 1616 ἧγαγε
3824 1547 4004 1597 Διονύ-

2424 1654 2560 1701 σιον,
2596 1638 2895 1703 κατάγεται
2939 1639 3038 1705 μὲν
3090 1634 3182 1689 τοῦ
3228 1636 3445 1700 ξύλον-ὀ
3486 1636 3727 1704 ἀθλητής
3758 1651 3776 1667 ⁸
3822 1638 3901 1705 τῷ
3927 1638 4004 1689 δε-

2430 1729 2735 1798 σμωτηρίω
2758 1729 2813 1781 δὲ
2849 1728 3219 1798 παραδίδοται,
3247 1728 3366 1783 οὐδὲ
3386 1729 3573 1782 τούτου
3614 1728 3894 1796 ἐπιτυχὼν
3924 1746 4005 1795 ςι-

2432 1818 2778 1889 λανθρώπου,
2830 1821 2968 1873 ἁλλά
3026 1821 3445 1884 κατακλεισθεὶς
3493 1823 3549 1873 ὲν
3583 1820 3660 1889 τῷ
3714 1820 3860 1887 ξύλῳ
3920 1822 4009 1869 καὶ

2438 1910 2575 1979 μηδὲ
2607 1911 2916 1963 ἀποτείνειν
2981 1910 3050 1963 τὰ
3094 1913 3259 1979 σκέλη
3301 1910 3621 1979 δυνάμενος.
3684 1908 4008 1977 Δορυμὲδων

2432 2000 2489 2052 δέ
2528 2016 2611 2063 τις
2642 2000 2782 2069 ἀνὴρ
2817 2000 3103 2053 εὐσέὸειάν
3137 2017 3195 2052 τε
3230 1999 3403 2069 τιμῶ)
3437 2000 3530 2051 καὶ
3572 1998 3777 2068 ἀρετὴν
3800 1995 4004 2066 μετιὼν

2435 2094 2531 2143 καὶ
2565 2092 2716 2159 παρὰ
2758 2092 3073 2159 βουλευταῖς
3102 2092 3210 2144 τῶν
3262 2091 3549 2161 πρωτείων
3577 2087 3913 2160 ἠξιωμένος,
3934 2091 4007 2151 εἰς

2434 2183 2494 2233 τὸ
2528 2181 2903 2250 δεσμωτήριον
2954 2180 3161 2244 εισιὼν,
3217 2182 3539 2251 ὲπεμελείτό
3582 2199 3641 2234 τε
3680 2180 3776 2233 τοῦ
3807 2182 4013 2249 pigru-

2443 2289 2555 2341 ρος,
2584 2272 2764 2323 καὶτὰ
2801 2273 3097 2341 τραύματα
3152 2276 3409 2343 περίεπε,
3459 2274 3552 2325 καὶ
3614 2273 3748 2333 τοὺς
3814 2272 4013 2339 ἰχῶρας

2439 2366 2794 2434 ἀπέματτεν,
2826 2361 2944 2417 εἶτα
2990 2367 3080 2418 καὶ
3128 2365 3367 2427 ὁθονίους
3402 2365 3666 2436 περιείλει
3748 2366 3849 2417 καὶ
3891 2379 4017 2415 κατ-

2440 2456 2661 2525 εδέσμει
2688 2498 2698 2519 ,
2740 2459 2835 2509 καὶ
2871 2460 3049 2509 πᾶσαν
3075 2458 3241 2526 ἄλλην
3272 2458 3571 2527 θεραπείαν
3626 2456 3906 2524 προσῆγε,
3932 2452 4018 2503 καὶ

2439 2551 2631 2619 χρόνον
2663 2550 2763 2615 μέν
2781 2566 2905 2601 τινα
2939 2549 3110 2602 ποιῶν
3170 2548 3365 2612 οὕτως,
3403 2547 3701 2599 ἐλάνθανεν
3738 2561 3751 2574 ’
3786 2545 4017 2612 ὕστερον

2437 2640 2623 2692 δὲτῶν
2686 2642 3019 2710 Διοσκορίων
3083 2642 3447 2699 ἐπιστάντων,
3507 2636 3752 2704 καὶτῆς
3825 2636 4019 2705 ἑορτῆς

2443 2734 2570 2803 περὶ
2601 2733 2669 2785 τὰ
2708 2733 2915 2805 Σύελαδα
2946 2731 3206 2802 λαμπρᾶς
3237 2732 3532 2801 ἀγομένης,
3591 2732 3624 2800 ἡ
3697 2730 3802 2798 μὲν
3865 2730 4018 2800 {30qu

2445 2828 2593 2879 πᾶσα
2638 2829 2703 2896 τῇ
2741 2824 3044 2895 πανηγύρει
3080 2826 3338 2894 παρῆσαν
3377 2840 3390 2853 ·
3424 2825 3584 2895 μόνος
3615 2824 3673 2875 δὲ
3730 2824 4017 2876 ἁπολέλειυ

2444 2936 2547 2972 ire
2571 2920 2892 2989 Δορυμέδων
2923 2936 2935 2949 ·
2975 2914 3095 2972 εἶτα
3116 2920 3209 2971 καὶ
3244 2918 3775 2989 μετακαλεσαμένου
3830 2919 4020 2971 τοῦτον

2444 3010 2537 3062 τοῦ
2570 3011 2858 3080 ἡγεμόνος,
2894 3011 3015 3063 οὐδὲ
3042 3010 3186 3063 οὕτω
3222 3011 3445 3079 παρῄει,
3480 3011 3735 3079 δηλώσας
3768 3012 3857 3061 ὅτι
3894 3011 4019 3079 Χρι-

760 3095 1100 3151 Christianus
1143 3097 1363 3150 minime
1402 3111 1528 3148 eum
1579 3106 1854 3164 oporteret
1908 3096 2220 3149 sacriﬁcare
2264 3094 2334 3148 si-

2449 3104 2661 3157 στιανὸν
2692 3103 2817 3156 ὄντα
2846 3121 2936 3173 με,
2966 3104 3167 3175 ἥκιστα
3191 3103 3341 3156 θύειν
3367 3103 3609 3164 εἰδώλοις
3665 3102 3771 3153 καὶ
3798 3101 4017 3170 δαίμοσι

763 3189 1015 3243 mulacris
1058 3199 1111 3244 et
1154 3188 1512 3243 daemonibus.
1566 3186 1700 3242 Cum
1754 3204 1883 3259 ergo
1938 3187 2167 3242 fuissent
2224 3188 2336 3242 hac

763 3282 1074 3333 renuntiata
1113 3281 1389 3349 Dionysio,
1423 3281 1507 3333 vel
1549 3281 1776 3334 invitum
1809 3296 1935 3335 eum
1970 3281 2192 3334 adducit
2241 3295 2336 3348 per

762 3366 1046 3428 satellites,
1081 3375 1133 3419 ct
1164 3374 1317 3434 regat
1358 3382 1600 3431 causam,
1641 3378 1864 3437 prapter
1897 3382 2059 3435 quam
2106 3380 2215 3419 non
2247 3381 2340 3419 ve-

761 3456 934 3511 nisset
954 3459 1019 3512 ad
1047 3458 1267 3522 festum,
1298 3459 1458 3526 idque
1484 3460 1551 3510 ab
1574 3474 1640 3511 eo
1664 3458 1983 3513 accersitus.
2013 3458 2104 3512 llle
2124 3469 2337 3519 autem:

764 3548 845 3602 Ad
875 3548 977 3599 alia
1011 3549 1253 3614 quidem,
1296 3548 1510 3616 inquit,
1545 3565 1576 3602 o
1621 3564 1844 3619 praeses,
1890 3549 1943 3603 in
1974 3551 2169 3620 quibus
2204 3551 2339 3604 nihil

764 3638 1077 3694 detrimenti
1106 3649 1391 3710 acceptura
1411 3649 1493 3694 est
1512 3642 1715 3705 anima,
1744 3656 2025 3709 nunquam
2051 3655 2159 3692 non
2190 3641 2337 3704 veni,

761 3731 806 3784 si
840 3740 892 3784 tu
928 3745 1011 3783 me
1041 3734 1263 3792 vocasti,
1294 3748 1471 3798 neque
1504 3731 1662 3783 ullam
1696 3731 1847 3782 attuli
1882 3731 2288 3785 excusationem
2322 3748 2337 3785 :

767 3824 858 3875 ubi
891 3832 1069 3875 autem
1116 3837 1201 3875 res
1232 3829 1443 3889 spectat
1489 3821 1553 3874 ad
1595 3820 1982 3875 detrimentum
2025 3821 2245 3888 animm,
2278 3831 2339 3876 et

766 3930 794 3966 a
832 3912 938 3967 Deo
961 3914 1364 3978 alienationem,
1393 3930 1501 3967 non
1528 3930 1649 3983 ego,
1681 3914 1773 3981 qui
1819 3929 1929 3967 non
1964 3916 2193 3979 accessi,
2220 3930 2340 3969 sum

766 4022 932 4061 causa
962 4008 1104 4075 quod
1140 4022 1248 4058 non
1282 4007 1627 4066 accesserim,
1661 4005 1753 4057 sed
1783 4006 1827 4058 is
1853 4006 1943 4072 qui
1973 4005 2040 4057 ad
2072 4020 2134 4058 ea
2163 4017 2339 4060 vocat.

840 4094 935 4148 XI.
979 4098 1114 4148 Cum
1157 4096 1270 4148 ha-c
1306 4104 1489 4149 autem
1520 4095 1779 4149 audiisset
1840 4110 2062 4166 praeses,
2104 4112 2225 4167 qua:
2276 4096 2345 4151 de

772 4188 1169 4259 Doryntedonte
1210 4203 1276 4241 ne
1314 4201 1587 4258 sperasset
1619 4187 1842 4256 quidem
1896 4204 2153 4256 unquam,
2186 4205 2256 4244 ne
2296 4188 2343 4244 si

766 4283 909 4335 Deus
939 4282 1158 4349 quidem
1186 4280 1545 4348 praadixisset,
1581 4281 1736 4332 valde
1768 4279 1990 4346 quidem
2027 4279 2131 4333 fuit
2158 4282 2345 4336 obstu-

768 4372 1037 4443 pefactus.
1072 4371 1137 4423 Et
1164 4386 1288 4424 eum
1319 4376 1541 4440 propter
1570 4385 1681 4424 rem
1708 4370 2042 4440 inopinatam
2071 4387 2139 4426 ne
2163 4373 2344 4442 plures

2437 3198 2564 3269 χρή.
2612 3196 2809 3259 Ὠςοῦν
2841 3196 3129 3264 ἀπηγγέλη
3171 3194 3354 3247 ταῦτα’
3406 3192 3694 3260 Διονυσίῳ,
3766 3193 3894 3259 ἄγει
3932 3195 4020 3247 καὶ

2438 3289 2643 3341 ἄκοντα
2666 3288 2752 3339 διὰ
2806 3288 2914 3337 τῶν
2943 3286 3258 3355 δορυφόρων
3318 3285 3502 3347 αὑτὸν,
3570 3288 3665 3336 καὶ
3709 3284 3811 3353 τὴν
3853 3287 4023 3339 αἰτίαν

2440 3378 2794 3441 πυνθάνεται,
2830 3376 2899 3431 δι’
2934 3380 2999 3446 ἦν
3029 3377 3129 3427 οὐκ
3152 3376 3406 3443 ἀφίκοιτο
3459 3377 3596 3444 πρὸς
3653 3378 3759 3445 τὴν
3810 3380 4023 3446 ἑορτὴν,

2439 3470 2737 3523 καὶταῦτα
2778 3467 3142 3537 μετακληθεὶς
3174 3467 3265 3521 ὑπ’
3296 3469 3483 3521 αὐτοῦ.
3523 3469 3585 3522 Ὀ
3618 3469 3697 3535 δὲ,
3750 3469 3874 3521 Ἐπ’
3897 3472 4024 3522 ἄλλα

2444 3561 2564 3630 μὲν,
2602 3561 2728 3627 ἔφη,
2762 3556 2806 3612 ὦ
2836 3562 3078 3629 ἡγεμὼν,
3112 3564 3247 3614 ὅπου
3289 3563 3366 3631 μὴ
3386 3563 3757 3627 λυμαίνεσθαι
3792 3566 3859 3630 τῇ
3886 3565 4023 3630 ψυχῇ

2444 3654 2581 3721 μηδὲ
2620 3652 2878 3721 βλάπτειν
2922 3655 3094 3716 ἔστιν,
3132 3652 3419 3705 οὐπώποτε
3450 3655 3551 3721 ἤδη
3587 3653 3720 3703 οὒτε
3757 3656 4025 3703 καλέσαν-

2442 3747 2531 3808 τός
2573 3762 2665 3797 σου
2699 3745 2798 3797 οὐκ
2829 3740 2990 3816 ἦλθον
3026 3760 3039 3775 ο
3066 3744 3190 3795 οὗτε
3254 3744 3509 3813 ἀσχολίαν
3544 3744 3629 3795 σοί
3693 3760 3828 3799 τινα
3863 3762 4028 3810 προε-

2444 3839 2807 3908 φασισάμην·
2853 3838 3052 3891 ἓνθαδὲ
3092 3839 3228 3907 πρὸς
3279 3835 3474 3906 βλάϐος
3506 3836 3620 3907 ὁρῶ
3678 3836 3747 3887 τὸ
3800 3839 4030 3907 πρᾶγμα

2441 3930 2759 4000 ψυχῆς,κα“ι
2798 3930 2931 3982 Θεοῦ
2972 3931 3351 4000 ἀλλοτρίωσιν,
3408 3932 3504 3998 οὐχ
3533 3933 3558 3982 ὁ
3590 3930 3667 4001 μὴ
3706 3949 4031 4000 παρατετο,

2446 4023 2552 4084 νὼς
2576 4019 2710 4089 ἐγὼ,
2735 4021 2827 4074 τοῦ
2852 4022 2925 4092 μὴ
2940 4022 3234 4090 ἀφικέσθαι
3257 4024 3429 4083 αἴτιος
3457 4024 3483 4072 ὁ
3504 4023 3593 4073 ἐπὶ
3621 4021 3807 4075 ταῦτα
3831 4023 4030 4075 καλύν.

2516 4114 2595 4164 1Α⁹
2660 4115 2923 4167 Ἀκούσα-
2956 4115 3130 4166 ἀὖ-α
3161 4116 3187 4165 ὁ
3223 4117 3341 4164 ἰη-ω
3383 4113 3429 4146 ’κ
3518 4108 3535 4147 τ
3710 4116 3752 4131 κ·
3790 4117 3835 4141 -_
3978 4117 4023 4153 Γ-

2603 4152 2618 4167 ⁵
2900 4156 2922 4176 9
2966 4148 2980 4165 ⁸
3074 4148 3089 4165 υ
3245 4132 3445 4182 ,μμωι
3485 4130 3572 4164 ’λα
3620 4132 3734 4181 μηο
3786 4133 3856 4166 3,
3902 4117 4029 4168 θεώ,

2447 4200 2807 4269 προειπόντος
2855 4200 2982 4266 περὶ
3026 4198 3426 4266 Δορυμεδοντός
3460 4214 3588 4249 ποτε
3640 4201 3917 4265 ἤλπισεν,
3954 4207 4035 4255 ἐκ·

2446 4289 2640 4360 πλήξει
2680 4308 2739 4342 τε
2779 4292 2956 4360 εἴχετο
2976 4290 3161 4351 δεινῶς
3193 4291 3287 4340 καὶ
3330 4290 3406 4356 τῷ
3438 4289 3690 4358 ἀδοκήτῳ
3742 4291 3843 4342 τοῦ
3907 4296 4037 4361 πρά-

2448 4400 2656 4453 γματος
2696 4383 2832 4453 μηδὲ
2871 4382 2950 4445 είς
2986 4382 3241 4445 πλείονας
3285 4381 3435 4451 αὐτῷ
3467 4382 3660 4449 λόγους
3706 4384 3899 4437 ἐλθεῖν
3957 4388 4037 4438 διι-

766 4464 983 4534 quidem
1017 4466 1282 4534 patuisset
1305 4479 1428 4517 cum
1455 4478 1520 4517 eo
1548 4464 1797 4518 conferre
1834 4480 2115 4519 sermones
2153 4482 2166 4518 :
2203 4465 2334 4519 lute-

2447 4472 2655 4543 νηθεὶς,
2697 4473 2846 4533 Τέως
2877 4470 2996 4539 μὲν,
3037 4473 3223 4539 φησὶν,
3262 4470 3428 4523 αὐτὸν
3459 4473 3632 4541 ὲχέτω
3666 4477 3901 4543 φρουρά
3923 4494 3934 4505 ·
3966 4477 4037 4537 εἰς

767 4558 893 4619 rim,
923 4557 1119 4624 inquit,
1151 4571 1275 4608 eum
1315 4565 1493 4609 teneat
1522 4556 1791 4609 custodia.
1826 4556 1957 4611 Cras
2004 4572 2133 4612 vero
2167 4557 2349 4611 consi-

770 4648 1101 4710 derabimus,
1145 4644 1417 4714 quomodo
1468 4660 1554 4699 res
1602 4645 1720 4714 ejus
1761 4662 1820 4700 se
1861 4647 2118 4701 habeant.
2162 4648 2342 4717 Atque

768 4739 860 4795 ille
897 4739 1117 4809 quidem
1146 4739 1297 4793 venit
1330 4738 1386 4790 in
1419 4752 1714 4803 carcerem,
1750 4747 2003 4813 tauquam
2046 4739 2100 4792 in
2156 4756 2347 4807 quaut-

767 4830 893 4900 dam
938 4829 1241 4899 palaestram
1276 4844 1290 4882 :
1335 4826 1620 4898 Dionysius
1659 4840 1862 4894 autem,
1896 4830 2229 4899 quibusdam
2270 4847 2339 4885 ex

773 4922 888 4976 suis
926 4921 992 4974 ad
1042 4936 1165 4975 eum
1205 4920 1407 4984 missis,
1450 4921 1752 4976 conabatur
1789 4924 2060 4977 adducere
2106 4938 2230 4976 eum
2277 4922 2343 4977 ad

773 5012 1172 5083 paenitentiam.
1224 5013 1371 5078 Quos
1423 5024 1575 5069 torve
1623 5022 1679 5068 et
1740 5016 2083 5069 truculenter
2137 5025 2344 5085 martyr

774 5106 1028 5158 intuens:
1063 5122 1082 5158 ι
1125 5105 1393 5166 Discedite
1430 5122 1457 5158 a
1495 5122 1604 5171 me,
1630 5107 1785 5171 dixit,
1808 5116 1996 5160 omnes
2017 5107 2109 5175 qui
2151 5122 2346 5177 Opera-

776 5196 905 5252 mini
937 5196 1301 5266 iniquitatem‘
1358 5217 1370 5251 :
1409 5218 1426 5250 ι
1465 5208 1519 5254 et
1553 5200 1816 5252 continuo
1851 5199 2048 5260 tacuit,
2085 5217 2103 5249 ι
2142 5208 2196 5250 et
2224 5208 2348 5252 erat

776 5296 1030 5357 tanquam
1076 5290 1238 5345 homo
1275 5305 1381 5345 non
1422 5290 1676 5353 audiens,
1709 5299 1764 5345 et
1793 5306 1901 5344 non
1932 5291 2139 5345 habens
2165 5290 2221 5344 in
2252 5307 2345 5347 ore

776 5394 877 5439 suo
895 5379 1299 5450 redargutiones
1318 5383 1390 5441 δ.»
1421 5382 1515 5437 Die
1540 5391 1721 5437 autem
1750 5384 1995 5451 sequenti
2018 5398 2140 5437 cum
2163 5382 2344 5442 sedem

780 5471 1080 5527 iudicialem
1112 5475 1445 5527 ascendisset
1477 5475 1785 5545 Dionysius,
1819 5476 2052 5530 accersit
2086 5475 2346 5545 Doryme-

781 5565 1027 5630 dentem,
1086 5574 1141 5619 et
1184 5582 1196 5619 :
1248 5564 1490 5635 Indigne,
1553 5567 1746 5636 inquit,
1802 5575 2041 5632 senator,
2086 5568 2347 5637 quidnam

862 5741 880 5769 ³
902 5741 1090 5794 Matt-li.
1114 5756 1211 5805 vtt,
1239 5742 1329 5793 ‘25.
1403 5745 1422 5773 ⁸
1452 5742 1590 5795 Psal.
1626 5759 1823 5805 xxxv”,
1855 5742 1941 5793 l5.

2445 4564 2632 4633 αῠριον
2659 4564 2717 4616 δὲ
2758 4564 2825 4615 τὰ
2868 4565 2989 4616 κατ’
3022 4564 3185 4614 αὑτὸν
3221 4566 3369 4623 ὅπως
3419 4564 3531 4631 ἔχει
3594 4567 3951 4634 σκεψόμεθα.
3986 4568 4036 4618 'U

2448 4655 2548 4723 μὲν
2579 4649 2674 4705 οὖν
2722 4654 2783 4704 τὸ
2848 4654 3230 4722 δεσμωτήριον
3276 4652 3466 4722 ὥσπερ
3513 4655 3637 4705 τινὰ
3702 4660 4035 4724 κατειλήφει

2442 4746 2789 4815 παλαίστραν
2824 4759 2836 4774 ο
2880 4746 2907 4796 ὁ
2945 4743 3222 4806 Διονύσιος
3275 4744 3332 4797 δὲ
3373 4744 3483 4797 τῶν
3527 4746 3619 4796 ὑπ’
3657 4749 3831 4800 αὐτόν
3886 4765 4032 4807 τινας

2444 4834 2795 4896 ἀποστείλας,
2858 4833 3167 4903 μετάμελον
3231 4833 3393 4887 αὑτὸν
3477 4838 3654 4887 ποιεῖν
3728 4837 4033 4905 ἐπεχείρει.

2448 4920 2542 4987 Οἷς
2576 4925 2849 4993 αὐστηρὸν
2897 4924 3175 4993 ὲμὸλέψας
3236 4928 3264 4975 ὁ
3357 4926 3571 4995 μάρτυς
3636 4926 3739 4975 καὶ
3799 4927 4032 4995 ἆγριοπν

2462 5017 2765 5084 Ἀπόστητε
2793 5012 2887 5068 ἀπ’
2920 5015 3077 5083 ἐμοῦ,
3108 5014 3279 5081 ἔλεγε,
3326 5017 3527 5075 πάντες
3579 5015 3631 5066 οἱ
3670 5016 4038 5086 ἐργαζόμενοι

2452 5107 2715 5173 ἀνομίαν·
2757 5106 2851 5158 καὶ
2892 5104 3054 5169 εὐθὺς
3087 5105 3440 5169 ὲσιώπα,καὶ
3502 5102 3803 5183 ἄνθρωπος
3850 5102 3922 5177 ἦν
3948 5107 4038 5157 οᾷκ

2454 5198 2669 5250 ἁκούων
2700 5198 2795 5248 καὶ
2819 5198 2922 5249 οὐκ
2948 5197 3087 5266 ἔχων
3110 5196 3261 5266 ἐντῷ
3290 5196 3713 5266 στόματιαύτοῦ
3747 5198 4037 5265 ελεγμούςσ

2464 5295 2565 5359 τῆς
2614 5290 2658 5341 δ’
2689 5291 2927 5359 ὲπούσης
2956 5291 3048 5342 ἐπὶ
3082 5290 3170 5342 τὸν
3214 5288 3532 5342 δικαστικὸν
3581 5289 3782 5359 θρόνον
3834 5291 4041 5349 ἀναϐὰς

2453 5378 2731 5441 Διονύσιος
2782 5378 3211 5447 μεταπέμπεται
3280 5376 3369 5430 τὸν
3433 5378 3849 5447 Δορυμειὶοντα,
3930 5382 4036 5435 xz",

2466 5471 2678 5536 Ἀνὰξιε
2706 5471 2803 5542 τῆς
2830 5470 3051 5542 βουλῆς,
3075 5470 3263 5540 φησὶν,
3317 5469 3368 5523 τι
3398 5470 3591 5523 παθὼν
3651 5470 3809 5539 χθὲς,
3863 5473 3899 5540 ῆ
3937 5472 4041 5519 6::-

2458 5565 2695 5633 νοηθεὶς,
2746 5565 2838 5617 καὶ
2873 5565 2998 5628 τοὺς
3033 5564 3187 5627 θεοὺς
3210 5562 3517 5635 ὲξώμνυσο,
3545 5566 3645 5616 καὶ
3682 5569 3753 5617 τὰ
3788 5562 4037 5635 βασιλικὰ
