4156 6314
160 382 267 445 ἨΘ

1435 389 1611 449 νιτΑ
1654 390 1714 450 S.
1755 388 2140 448 ΜΑΤΤΗᾸΞῘ.

3284 386 3389 450 '(50

159 499 386 560 ἀναιδῶς
460 498 729 569 ἐφήλπτο,
785 501 885 553 οὐκ
946 500 1137 570 ἄγριον
1184 491 1359 567 εἶδεν,
1420 503 1553 555 ἀλλὰ
1634 519 1763 564 και,

1846 510 2010 565 antur,
2054 510 2109 554 et
2137 494 2579 554 inﬂammabatur
2625 500 2690 554 ad
2726 500 3002 570 pietatem.
3057 499 3157 567 Qui
3217 514 3396 559 autem

159 590 462 659 περιέλειχε
522 592 589 643 τὰ
640 592 803 660 ἕλκη,
855 596 950 646 καὶ
1009 595 1292 663 ἀπέματτε
1350 596 1472 656 τους
1523 595 1724 664 ἰχῶρας

156 683 254 734 καὶ
276 683 406 750 δήλη
432 678 500 752 ἦν
528 684 753 746 τούτους
785 686 1025 754 τιμῶσα,
1058 686 1154 739 καὶ
1189 686 1278 738 διὰ
1301 688 1483 755 πάσης
1520 686 1726 749 αἰδοῦς,

157 776 440 844 τιθεμένη.
470 776 714 827 Ταῦταὸ
761 778 860 846 μὲν
930 778 1238 846 περιεστὼς
1298 778 1468 847 δῆμος
1546 778 1731 844 (θαῦμα

157 866 394 917 ἐποιεῖτο
427 869 522 918 καὶ
558 869 1004 937 διεθερμαίνοντο
1048 870 1183 937 πρὸς
1233 870 1537 922 εὑσέϐειαν.
1594 869 1649 921 Ὀ
1675 870 1730 921 δὲ

156 959 218 1009 τὸ
252 959 471 1027 ὂέατρον
502 960 1019 1026 διαθεὶςΔιονύσιος.
1073 964 1331 1016 ἐλάνθανε
1398 964 1729 1017 κ10’ὲοιυτο·3

158 1049 289 1111 τοὺς
320 1052 596 1119 παρόντας
627 1052 976 1122 συνειλοχὼς,
1007 1055 1102 1107 καὶ
1144 1054 1243 1121 τῆς
1276 1054 1488 1115 οἰκείας
1532 1054 1731 1120 μᾶλλον

158 1143 421 1213 αἰσχύνης
469 1145 727 1213 θεωρεῦς,
758 1150 815 1197 οὐ
854 1148 953 1214 τῆς
1011 1147 1120 1198 τῶν
1153 1146 1450 1215 μαρτύρων
1493 1146 1731 1212 ἀγωνίας

161 1237 422 1299 καλέσας,
456 1239 541 1305 ἐφ’
571 1235 651 1300 οἷς
686 1239 887 1307 μᾶλλον
913 1240 1076 1302 αὐτὸς
1102 1240 1456 1307 ἐξεθηριοῦτο
1488 1258 1499 1271 ·
1534 1240 1625 1291 καὶ
1655 1238 1732 1307 τῷ

159 1330 273 1392 τῷν
308 1330 511 1398 Θηρίων
550 1332 859 1400 ἐπιμελητῇ
909 1330 1216 1400 βαρύτατον
1253 1331 1484 1385 θανάτου
1534 1330 1733 1400 τρόπον

154 1421 398 1487 ἠπείλει.
447 1423 503 1473 Ὀ
538 1423 592 1473 δὲ
617 1422 821 1485 δείσας,
863 1425 955 1475 καὶ
982 1423 1171 1476 λέοντα.
1214 1424 1355 1476 κατὰ
1382 1423 1495 1476 τῶν
1529 1422 1736 1492 μαρτύ-

159 1528 271 1579 ρων
289 1513 518 1581 (minati;
540 1530 554 1543 ·
584 1515 698 1565 ἀλλ’
718 1516 836 1567 οὐδὲ
873 1512 1023 1579 οὗτος
1057 1516 1162 1568 τῶν
1180 1516 1502 1583 φθασάντων
1532 1516 1736 1585 θηρίων

156 1606 342 1673 ἥττων
366 1607 542 1677 ἐφάνη
565 1609 700 1677 πρὶς
739 1610 1077 1679 ἡμερότητα.
1106 1609 1430 1661 Τοῦνοιντίον
1474 1608 1572 1676 μὲν
1613 1607 1732 1670 οὖν,

159 1699 261 1749 καὶ
295 1702 545 1765 γενναῖόν
572 1718 622 1751 τι
657 1702 801 1753 κατὰ
829 1701 921 1752 τοῦ
965 1702 1327 1771 λεοντοκόμου
1398 1701 1732 1765 ἐπεδείξατο.

173 1789 235 1843 Ὀ
264 1790 361 1858 μὲν
390 1793 495 1859 γὰρ
525 1794 710 1861 ἡρέμα
748 1794 1001 1861 πρόσεισι
1046 1796 1159 1855 τοῖς
1219 1794 1414 1860 ἁγίοις,
1456 1794 1548 1846 καὶ
1590 1794 1738 1845 κάτω

1834 593 2107 646 theatrum
2141 602 2393 663 coegerat
2435 592 2748 663 Dionysius,
2787 608 2894 647 non
2933 593 3400 654 animadverterat

1833 700 1888 739 se
1914 701 2007 738 eos
2043 686 2129 755 qui
2174 686 2421 749 aderant,
2455 694 2643 742 contra
2680 701 2737 740 se
2782 701 3138 756 congregasse
3169 699 3263 741 :et
3316 690 3399 742 sui

1836 777 2013 846 potius
2077 776 2360 830 dedecoris
2449 785 2805 844 spectaturos,
2857 792 3018 845 quam
3089 779 3403 831 certaminis

1836 876 2131 936 martyrum
2202 880 2555 921 convocasse.
2618 868 2846 936 Propter
2886 884 3009 937 qua:
3060 868 3175 938 ipse
3231 870 3402 938 magis

1835 960 2182 1022 ederabatur,
2219 969 2271 1013 et
2312 959 2382 1019 ei,
2424 960 2514 1027 qui
2566 973 2751 1013 curam
2805 961 3025 1029 gerebat
3079 959 3398 1020 bestiarum,

1835 1064 2068 1105 mortem
2105 1052 2414 1104 minabatur
2435 1051 2833 1120 gravissimam.
2866 1051 2955 1105 Ille
2978 1060 3158 1104 autem
3207 1052 3402 1105 timore

1836 1141 2084 1201 aii‘ectus,
2121 1141 2331 1194 leonem
2359 1156 2577 1209 quoque
2602 1141 2830 1194 immisit
2878 1141 2932 1195 in
2968 1150 3252 1212 martyres.
3296 1140 3401 1193 Sed

1837 1248 1937 1285 nec
1969 1233 2012 1286 is
2042 1232 2144 1285 fuit
2190 1233 2371 1287 minus
2399 1233 2660 1302 placidus,
2716 1248 2881 1301 quam
2930 1234 3144 1302 priores
3195 1232 3403 1286 beSIiaa.

1835 1324 2035 1378 Contra
2075 1333 2254 1377 autem
2289 1341 2401 1378 rem
2466 1326 2591 1380 fecit
2657 1326 2978 1395 praeclaram,
3022 1325 3075 1379 in
3116 1341 3259 1388 eum,
3315 1326 3402 1391 qui

1840 1417 1986 1470 illius
2015 1432 2156 1470 curae
2190 1426 2439 1485 praeerat.
2501 1415 2633 1471 Nam
2662 1418 2749 1471 ille
2781 1418 2999 1486 quidem
3061 1415 3287 1479 sensim,
3352 1426 3407 1468 et

1839 1518 2002 1576 caput
2030 1510 2282 1562 deorsum
2319 1508 2611 1570 inclinans,
2674 1510 2888 1564 accedit
2949 1508 3016 1562 ad
3057 1516 3298 1563 sanctos.
3357 1507 3408 1561 Is

1840 1612 2021 1653 autem
2044 1602 2220 1669 ipsum
2245 1600 2495 1654 irritabat
2529 1602 2729 1654 acriter
2764 1601 3099 1663 exclamans,
3133 1601 3400 1654 ctexhor-

1843 1692 2057 1745 labatur
2082 1694 2348 1745 adversus
2380 1701 2618 1746 sanctos.
2637 1692 2938 1745 Leoautem
2961 1692 3014 1744 in
3043 1706 3165 1745 eum
3185 1701 3408 1760 repente

1842 1781 2113 1841 insiliens,
2147 1782 2352 1834 lacerat
2391 1791 2445 1835 et
2470 1782 2733 1851 discerpit
2789 1780 3060 1851 protinus.
3091 1779 3252 1837 Omni
3308 1782 3409 1834 ita-

156 1881 334 1932 νεύων
361 1883 457 1949 τὴν
491 1883 756 1952 κεφαλὴν,
789 1885 909 1935 οὐδὲ
942 1884 1299 1935 ἀντιϐλέπειν
1326 1887 1511 1947 αὐτοῖς
1572 1886 1734 1959 εἶχεν.

1846 1858 1949 1942 [ιύρ
1980 1888 2075 1941 spe
2105 1872 2337 1941 abjecta,
2374 1871 2666 1942 Dionysius
2698 1888 2791 1926 eos
2828 1872 3179 1932 condemnat,
3208 1882 3266 1924 ut
3297 1872 3411 1940 gla-

171 1974 233 2024 ὐ
274 1974 347 2035 δὲ,
378 1974 671 2043 ἁνηρὲοιξε
702 1975 890 2050 τοῦτον
923 1977 1016 2040 ὀξυ
1048 1977 1288 2046 ὲμϐοῶν,
1317 1978 1411 2029 καὶ
1464 1980 1602 2031 κατὰ
1631 1981 1739 2032 τῶν

155 2065 338 2131 ἁγίων
363 2067 726 2121 ἑνεκελεύετο.
775 2070 995 2138 ’Λμέλει
1038 2072 1132 2122 καὶ
1163 2071 1360 2139 ἀθρόον
1393 2072 1741 2141 ἐπιπηδήσας

153 2162 183 2211 ὁ
216 2159 354 2211 λέων
392 2159 540 2228 αὐτῷ
577 2162 925 2231 παραχρῆμα
971 2161 1386 2232 διαδππρὰττει.
1453 2161 1740 2216 Ἀπάντων

159 2253 349 2303 τοίνυν
437 2255 707 2320 ἀπογνοὺς
779 2254 1075 2319 Διονύσιος,
1134 2255 1349 2308 τὸνδιὰ
1428 2256 1612 2325 ξίφους
1646 2256 1741 2308 αὖ·

154 2342 273 2394 τῶν
305 2342 537 2394 Θάνατον
582 2346 928 2414 κατακρίνει,
995 2350 1088 2399 καὶ
1154 2348 1368 2400 κελεύει
1420 2347 1574 2417 Θυμῷ
1630 2351 1743 2408 τοῖς

152 2434 382 2501 δημίοις
413 2433 472 2485 τὸ
507 2434 723 2486 στάδιον
745 2439 1207 2506 εἰσπηδήσαντος,
1240 2443 1337 2502 τὰς
1356 2441 1463 2494 τῶν
1483 2442 1745 2507 γενναίων

150 2529 351 2592 τεμεῖν
381 2524 641 2592 κεφαλάς·
668 2522 769 2596 ἦγε
807 2529 901 2597 μὲν
932 2525 1024 2580 οὖν
1059 2529 1258 2598 ἐνάτην
1293 2530 1413 2581 τότε
1447 2530 1585 2599 πρὸς
1628 2534 1743 2593 τοῖς

150 2615 295 2668 δέκα
330 2618 725 2687 Σεπτέμόριος,
777 2624 868 2672 καὶ
908 2622 958 2674 οἱ
1037 2620 1130 2674 τοῦ
1176 2620 1415 2690 Χριστοῦ
1466 2622 1745 2691 μάρτυρες

152 2707 307 2760 οὓτω
336 2709 429 2761 τοῦ
455 2710 521 2762 δι’
550 2712 711 2763 αὐτὴν
734 2711 918 2774 τέλους
967 2714 1340 2783 ἐπιτυχόντες,
1395 2716 1495 2777 τὰς
1531 2715 1740 2766 ἑαυτῶν

149 2801 343 2869 ψυχὰς
370 2803 493 2864 ταῖς
518 2803 728 2856 ἐκείνου
761 2806 922 2874 χερσὶ
951 2808 1375 2875 παρατίθενται.
1401 2799 1407 2804 ’
1442 2808 1521 2860 Τὰ
1554 2807 1738 2875 μέντοι

156 2894 487 2962 μαρτυρικᾶι
521 2894 730 2947 τούτων
765 2897 1019 2965 σώματα.
1051 2899 1255 2968 σπουδῇ
1311 2899 1475 2967 πολλῇ
1528 2899 1614 2950 διὰ
1649 2900 1741 2950 τὸν

148 2985 258 3035 τοῦ
295 2985 559 3053 ἡγεμόνος
588 2986 774 3055 φοϐον,
798 2989 907 3040 τῶν
934 2989 1181 3041 εὐλαὸῶν
1200 3007 1345 3052 τινες
1400 2989 1739 3057 ἀνελόμενοι,

1839 1966 1931 2018 dio
1970 1965 2056 2019 eis
2092 1980 2240 2019 mors
2272 1964 2533 2018 efferatur
2572 1971 2665 2017 :et
2691 1964 2767 2016 ira
2792 1963 3055 2032 percitus,
3080 1962 3417 2032 jubetcarnio

1840 2058 2052 2119 ticibus,
2078 2067 2136 2110 ut
2178 2058 2544 2126 irrnmpentcs
2601 2057 2656 2110 in
2712 2055 2970 2117 stadium,
3022 2054 3405 2124 praeclarorum

1841 2158 2144 2217 martyrum
2191 2148 2369 2215 capita
2419 2156 2790 2215 amputarent.
2862 2145 3017 2199 Tunc
3063 2128 3411 2202 autem'erat

1840 2253 2019 2293 nonus
2073 2238 2315 2293 decimus
2351 2237 2710 2307 Septembris.
2763 2239 2829 2293 Et
2883 2236 3083 2292 Christi
3146 2247 3410 2308 martyres

1844 2341 2063 2399 propter
2083 2331 2258 2401 ipsum
2285 2331 2435 2385 hunc
2473 2334 2635 2385 linem
2662 2334 2922 2395 assecuti,
2950 2331 3002 2385 in
3040 2332 3183 2385 illius
3209 2345 3409 2385 manus

1845 2423 2343 2478 suastradiderunt
2371 2424 2606 2477 animas.
2653 2422 2941 2489 Martyrica
2985 2431 3168 2475 autem
3222 2433 3408 2475 eormn

1844 2526 2073 2578 corpora
2108 2528 2235 2565 cum
2278 2528 2474 2582 magno
2510 2514 2713 2576 studio,
2786 2511 2998 2564 occulte
3050 2520 3230 2563 tamen
3282 2524 3412 2578 pro-

1844 2611 1964 2671 pter
2028 2614 2233 2657 inetum
2298 2604 2567 2672 praesidis,
2619 2601 2838 2671 quidam
2900 2601 2973 2670 pii
3027 2601 3404 2661 sustulissent,

1844 2703 1900 2750 et
1974 2711 2037 2749 ea
2115 2696 2416 2751 bonorilice
2503 2694 2955 2763 composuissent,
3023 2695 3413 2762 deposuerunt,

1849 2785 2216 2856 glorificantes
2260 2786 2498 2849 Patrem,
2543 2793 2594 2839 et
2636 2782 2858 2847 Filium,
2907 2792 2962 2838 et
2991 2781 3255 2852 Spiritum
3284 2797 3412 2836 san-

1846 2888 2029 2940 ctum,
2063 2893 2210 2933 nunc
2260 2887 2315 2933 et
2343 2893 2584 2948 semper,
2624 2887 2678 2932 et
2713 2878 2767 2931 in
2821 2876 3014 2932 srcula
3072 2876 3413 2931 saeculorum.

1847 2970 2043 3021 Amen.

153 3080 260 3132 atati
322 3078 622 3149 φιλοτίμως
686 3081 827 3134 αὐτὰ
877 3083 1344 3153 περιστείλαντες,
1395 3084 1450 3133 ὲν
1504 3081 1810 3150 ἀποκρύφῳ
1852 3081 2249 3134 κατατιθέασι·
2310 3078 2626 3145 δοξάζοντες
2677 3079 2919 3151 Πατέρα,
2981 3078 3075 3135 καὶ
3133 3079 3282 3141 Τίον,
3320 3071 3415 3131 καὶ

152 3171 396 3238 Πνεῦμα
420 3170 598 3240 ἅγιον,
623 3172 718 3227 νῦν
749 3177 840 3228 καὶ
871 3177 980 3241 ἀεὶ,
1008 3178 1099 3229 καὶ
1121 3179 1200 3238 είς
1229 3177 1353 3237 τοὺς
1381 3175 1578 3236 αἰῶνας
1608 3174 1713 3224 τῶν
1743 3173 1971 3228 αἰώνων.
2015 3175 2214 3245 Ἀμήν.
2458 3202 2459 3205 η
2831 3154 2846 3177 ⁸

163 3344 3397 3379 W

701 3530 884 3643 DE
1020 3530 1139 3642 S.
1295 3531 2037 3645 MATTHAK)

2182 3528 2909 3644 APOSTOLO

1245 3769 1396 3859 ET
1501 3769 2357 3862 EVANGELISTA.

969 3961 1111 4024 (Acta
1138 3962 1429 4010 Sanctorum
1458 3959 1688 4011 Bolland.
1716 3962 1775 4010 ad
1795 3961 1923 4009 diem
1947 3960 1997 4008 2|
2031 3960 2356 4023 Septembris,
2384 3968 2499 4011 tom.
2528 3961 2633 4026 Vl.)

1756 4138 1825 4154 ἡ

152 4317 191 4389 ς
226 4318 272 4371 Ι.
301 4314 557 4389 Μειηοῖία
582 4312 763 4370 Sancti
789 4314 843 4368 in
886 4314 1060 4389 Fastis
1112 4315 1379 4389 uariarum
1404 4313 1633 4389 gentium
1665 4313 1749 4389 di-

246 4387 409 4440 uersis
458 4388 635 4439 diebus
676 4385 998 4437 annuntiata
1034 4400 1050 4435 :
1095 4397 1215 4437 acra
1264 4384 1417 4453 plura
1454 4384 1665 4451 aliaque
1690 4384 1752 4437 de

244 4465 428 4509 εαιιειο
458 4463 790 4507 ηιοιιιιιηεηιο
819 4461 1217 4507 enunm'antur.

246 4567 301 4621 1·
333 4566 782 4634 Quandoquidem
809 4582 980 4636 pauca
1010 4566 1077 4621 de
1105 4566 1270 4636 gestis
1300 4566 1473 4621 sancti
1510 4566 1745 4621 Mattbtei

163 4659 419 4730 apostoli
464 4667 519 4714 et
566 4659 913 4729 evangelista!
947 4668 1221 4726 comperta
1266 4667 1393 4711 sunt
1444 4665 1499 4711 et
1528 4656 1749 4711 indubi-

160 4761 314 4812 tata,
345 4763 575 4818 eamque
617 4748 688 4802 ob
718 4764 938 4807 causam
982 4749 1134 4819 plura
1180 4745 1247 4802 de
1289 4763 1354 4802 eo
1394 4747 1752 4802 examinanda

162 4841 438 4901 veniunt,
493 4852 650 4909 quam
684 4838 1009 4907 simpliciter
1058 4840 1397 4904 enarranda;
1431 4849 1752 4892 enumerare

158 4932 419 5003 primum
443 4931 623 4997 placet
656 4931 957 4986 vetustiora
982 4929 1379 5001 Martyrulogia,
1402 4930 1599 4999 quibus
1629 4943 1755 4984 san-

152 5021 255 5079 cti
290 5021 551 5076 memoria
582 5023 780 5092 legitur
817 5022 1063 5083 inserta;
1096 5032 1150 5076 et
1175 5037 1299 5076 mox
1332 5020 1439 5076 non
1483 5021 1644 5075 modo
1668 5036 1756 5075 as-

158 5117 425 5186 signare,
456 5113 551 5170 sed
580 5116 742 5169 etiam
769 5127 1045 5185 utcunque
1101 5114 1404 5185 ponderare
1430 5113 1752 5167 documenta

156 5207 336 5265 varia
363 5248 376 5270 ,
422 5222 488 5262 ex
534 5207 731 5277 quibus
787 5217 936 5276 gesta
976 5206 1151 5262 sancti
1192 5205 1422 5260 Matthaei
1464 5203 1754 5258 haurienda

156 5307 333 5357 sunt.
357 5298 597 5354 Ecclesia
622 5299 814 5355 Latina
862 5308 1109 5354 sanctum
1146 5299 1451 5354 Mattbmum
1485 5298 1756 5367 prmcipue

159 5391 434 5446 celebrat
466 5388 553 5445 die
580 5390 641 5444 τι
682 5390 1042 5460 Septembris,
1069 5406 1176 5459 quo
1196 5391 1450 5445 onmibus
1474 5388 1587 5444 fere
1615 5389 1757 5446 Mar-

164 5480 469 5549 tyrologiis
509 5490 563 5533 et
610 5478 947 5533 Kalendariis
979 5478 1183 5533 Latinis
1221 5478 1478 5532 memoria
1512 5476 1755 5544 ejusdem

163 5572 397 5627 inserta
430 5580 534 5625 est.
571 5571 682 5625 Hac
710 5570 856 5625 enim
904 5571 992 5624 die
1027 5570 1224 5641 legitur
1273 5570 1323 5622 in
1354 5568 1758 5638 Martyrologiis

171 5662 651 5730 Hicronymianis,
690 5663 743 5717 in
800 5664 1048 5718 Romano
1109 5664 1300 5727 Parvo,
1337 5663 1477 5733 apud
1533 5662 1754 5727 Bedam,

173 5756 434 5817 Florum,
541 5754 846 5821 Rabanum,
929 5755 1395 5820 Wandclbertum,
1490 5756 1757 5821 Adonem,

171 5846 520 5911 Usuardum,
580 5845 903 5915 Notberum,
936 5849 990 5901 in
1037 5848 1431 5919 MarterIOgiis
1461 5858 1513 5904 et
1563 5848 1759 5903 Kalen-

1776 4295 1820 4352 c
1854 4286 2018 4341 dariis
2047 4286 2318 4356 plerisque
2367 4285 2772 4355 particularium
2809 4286 3183 4357 ecclesiarum,
3226 4307 3287 4346 ac
3321 4295 3418 4349 de-

1857 4395 2001 4432 mum
2048 4380 2100 4432 in
2140 4378 2389 4433 Romano
2438 4377 2823 4450 Martyrologio
2853 4388 2907 4433 et
2935 4379 3233 4449 Breviario,
3274 4396 3327 4440 et
3364 4389 3416 4442 in

1856 4471 2116 4525 omnibus
2160 4470 2361 4539 passim
2423 4471 2839 4525 recentioribus.
2902 4472 3083 4542 Elegia
3125 4474 3213 4529 hic
3271 4477 3420 4534 nulla

1858 4565 2052 4625 aﬂ‘ero.
2085 4564 2211 4633 quia
2249 4562 2363 4617 suis
2420 4562 2628 4630 singula
2684 4563 2976 4633 producam
3014 4566 3167 4630 lecis,
3200 4568 3289 4623 ubi
3323 4586 3419 4624 ex-

1858 4656 2045 4726 pedire
2080 4658 2354 4710 videbitur
2395 4656 2461 4709 ad
2504 4656 2967 4725 praedicationem,
3016 4666 3267 4723 mortem,
3328 4672 3425 4718 aut

1858 4750 1959 4803 alia
2003 4750 2068 4804 ad
2120 4759 2367 4803 sanctum
2398 4750 2693 4816 spectantia
2724 4749 3124 4804 elucidandum.
3160 4750 3423 4823 Martyro-

1859 4837 2015 4905 logiis
2072 4845 2341 4891 consonat
2388 4836 2525 4889 liber
2560 4836 3036 4892 Sacramenlorum
3092 4853 3121 4892 a
3169 4838 3424 4895 Menardo

1860 4930 2061 4991 editus,
2088 4938 2142 4983 et
2171 4929 2227 4983 S.
2267 4928 2528 4999 Gregorio
2556 4929 2873 4992 attributus,
2917 4930 2969 4983 in
3016 4946 3123 5000 quo
3158 4932 3224 4987 ad
3280 4933 3425 4988 hunc

1860 5021 2000 5075 diem
2042 5021 2238 5091 legitur
2275 5020 2434 5075 Missa
2490 5022 2557 5076 de
2594 5031 2783 5077 sancto
2838 5020 3110 5087 Matthiae,
3146 5034 3200 5081 et
3254 5027 3426 5094 pridie

1861 5124 2082 5169 notatur
2111 5113 2309 5183 vigilia,
2339 5113 2794 5182 quemadmodum
2847 5114 3086 5185 ejusdem
3118 5116 3290 5186 vigilia
3326 5134 3425 5172 an-

1861 5207 2145 5263 nuntiatur
2190 5207 2244 5260 in
2302 5208 2487 5261 multis
2538 5207 2887 5261 Kalendariis
2924 5217 2979 5261 et
3035 5206 3424 5282 Martyrologiis

1862 5299 2284 5355 recentioribus.

1933 5393 1986 5447 ‘2.
2014 5390 2333 5445 Celebratur
2368 5401 2543 5446 tamen
2581 5391 2700 5444 aliis
2728 5408 2944 5465 quoque
2987 5393 3177 5448 diebus
3208 5408 3428 5451 sanctus

1865 5482 2152 5537 Mattbaaus
2183 5483 2234 5537 in
2267 5485 2473 5553 aliquot
2520 5483 2917 5554 Martyrologiis
2950 5483 3175 5541 Latinis.
3208 5486 3337 5541 Nam
3373 5492 3427 5545 in

1865 5573 2303 5647 Hieronymianis
2327 5576 2489 5629 etiam
2527 5575 2723 5649 legitur
2756 5576 2822 5631 ad
2860 5578 2883 5629 1
2925 5575 3071 5641 Maii,
3125 5594 3337 5634 rursum
3360 5583 3427 5636 ad

1867 5668 1898 5721 6
1940 5666 2081 5728 Maii,
2115 5678 2166 5721 et
2196 5669 2259 5721 ad
2306 5670 2337 5723 9
2368 5667 2639 5723 Octobris.
2680 5670 2739 5721 in
2778 5669 3172 5739 aliquotetiam
3228 5675 3431 5730 codici-

1870 5762 1993 5823 bus,
2021 5763 2277 5816 videlicet
2306 5762 2358 5815 in
2388 5762 2800 5831 Epternacensi.
2839 5763 3171 5826 Corbeiensi,
3205 5766 3431 5835 aliisque

1872 5853 2042 5907 sancti
2074 5852 2310 5907 Matthxi
2338 5852 2391 5909 iit
2418 5856 2622 5909 mentio
2655 5853 2717 5909 ad
2739 5855 2801 5909 2i
2839 5853 2982 5919 Maii,
3018 5856 3105 5911 ubi
3137 5858 3277 5928 apud
3308 5856 3432 5912 Flo.
