  <div class='ocr_page' id='page_1' title='image "/cluster/home/n/w/nwhite01/storage/ocr_20150623/115/pst.000005714285/460.png"; bbox 0 0 4156 6314; ppageno 0'>
   <div class='ocr_carea' id='block_1_1' title="bbox 180 386 287 450">
    <p class='ocr_par' dir='ltr' id='par_1_1' title="bbox 180 386 287 450">
     <span class='ocr_line' id='line_1_1' title="bbox 180 386 287 450; baseline 0 0"><span class='ocrx_word' id='word_1_1' title='bbox 180 386 287 450; x_wconf 77' lang='lat'><strong>737</strong></span> 
     </span>
    </p>
   </div>
   <div class='ocr_carea' id='block_1_2' title="bbox 1015 361 2618 433">
    <p class='ocr_par' dir='ltr' id='par_1_2' title="bbox 1015 361 2618 433">
     <span class='ocr_line' id='line_1_2' title="bbox 1015 361 2618 433; baseline -0.005 -1"><span class='ocrx_word' id='word_1_2' title='bbox 1015 366 1482 433; x_wconf 81' lang='lat' dir='ltr'><strong>MARTYRIUM</strong></span> <span class='ocrx_word' id='word_1_3' title='bbox 1524 367 1588 427; x_wconf 89' lang='lat' dir='ltr'><strong>S.</strong></span> <span class='ocrx_word' id='word_1_4' title='bbox 1623 361 2013 426; x_wconf 81' lang='lat' dir='ltr'><strong>TROPHIMI</strong></span> <span class='ocrx_word' id='word_1_5' title='bbox 2060 361 2156 422; x_wconf 81' lang='lat' dir='ltr'><strong>ET</strong></span> <span class='ocrx_word' id='word_1_6' title='bbox 2196 361 2618 425; x_wconf 83' lang='lat' dir='ltr'><strong>SOCIORUM.</strong></span> 
     </span>
    </p>
   </div>
   <div class='ocr_carea' id='block_1_3' title="bbox 3337 365 3444 426">
    <p class='ocr_par' dir='ltr' id='par_1_3' title="bbox 3337 365 3444 426">
     <span class='ocr_line' id='line_1_3' title="bbox 3337 365 3444 426; baseline 0.009 -1"><span class='ocrx_word' id='word_1_7' title='bbox 3337 365 3444 426; x_wconf 71' lang='lat'><strong>738</strong></span> 
     </span>
    </p>
   </div>
   <div class='ocr_carea' id='block_1_4' title="bbox 183 473 1782 570">
    <p class='ocr_par' dir='ltr' id='par_1_4' title="bbox 183 478 1763 570">
     <span class='ocr_line' id='line_1_4' title="bbox 183 478 1763 570; baseline -0.016 -17"><span class='ocrx_word' id='word_1_8' title='bbox 183 503 248 570; x_wconf 75' lang='grc' dir='ltr'>τῇ</span> <span class='ocrx_word' id='word_1_9' title='bbox 284 516 344 552; x_wconf 83' lang='grc' dir='ltr'><strong>τε</strong></span> <span class='ocrx_word' id='word_1_10' title='bbox 371 495 506 562; x_wconf 75' lang='grc' dir='ltr'>ἄλλῃ</span> <span class='ocrx_word' id='word_1_11' title='bbox 539 491 892 562; x_wconf 68' lang='grc' dir='ltr'>παραδίδοται</span> <span class='ocrx_word' id='word_1_12' title='bbox 931 486 1196 545; x_wconf 78' lang='grc' dir='ltr'>κακώσει,</span> <span class='ocrx_word' id='word_1_13' title='bbox 1248 483 1342 536; x_wconf 77' lang='grc' dir='ltr'><strong>καὶ</strong></span> <span class='ocrx_word' id='word_1_14' title='bbox 1376 481 1457 543; x_wconf 85' lang='grc' dir='ltr'><strong>είς</strong></span> <span class='ocrx_word' id='word_1_15' title='bbox 1486 478 1763 546; x_wconf 79' lang='grc' dir='ltr'>τέσσαρας</span> 
     </span>
    </p>
   </div>
   <div class='ocr_carea' id='block_1_5' title="bbox 1868 473 3445 570">
    <p class='ocr_par' dir='ltr' id='par_1_5' title="bbox 1869 473 3445 545">
     <span class='ocr_line' id='line_1_5' title="bbox 1869 473 3445 545; baseline 0.001 -18"><span class='ocrx_word' id='word_1_16' title='bbox 1869 474 2070 540; x_wconf 82' lang='lat' dir='ltr'><strong>ctione,</strong></span> <span class='ocrx_word' id='word_1_17' title='bbox 2103 484 2216 529; x_wconf 91' lang='lat' dir='ltr'><strong>tum</strong></span> <span class='ocrx_word' id='word_1_18' title='bbox 2253 474 2417 530; x_wconf 89' lang='lat' dir='ltr'><strong>etiam</strong></span> <span class='ocrx_word' id='word_1_19' title='bbox 2450 475 2768 531; x_wconf 85' lang='lat' dir='ltr'><strong>extenditur</strong></span> <span class='ocrx_word' id='word_1_20' title='bbox 2791 474 2844 528; x_wconf 93' lang='lat' dir='ltr'><strong>in</strong></span> <span class='ocrx_word' id='word_1_21' title='bbox 2886 482 3122 545; x_wconf 90' lang='lat' dir='ltr'><strong>quatuor</strong></span> <span class='ocrx_word' id='word_1_22' title='bbox 3159 473 3445 530; x_wconf 80' lang='lat' dir='ltr'><strong>foramini-</strong></span> 
     </span>
    </p>
   </div>
   <div class='ocr_carea' id='block_1_6' title="bbox 185 571 1758 660">
    <p class='ocr_par' dir='ltr' id='par_1_6' title="bbox 185 571 1758 660">
     <span class='ocr_line' id='line_1_6' title="bbox 185 571 1758 660; baseline -0.015 -17"><span class='ocrx_word' id='word_1_23' title='bbox 185 590 276 642; x_wconf 82' lang='grc' dir='ltr'>τοῦ</span> <span class='ocrx_word' id='word_1_24' title='bbox 311 586 669 654; x_wconf 75' lang='grc' dir='ltr'><strong>κολαστηρίου</strong></span> <span class='ocrx_word' id='word_1_25' title='bbox 717 583 875 660; x_wconf 82' lang='grc' dir='ltr'>ξύλου</span> <span class='ocrx_word' id='word_1_26' title='bbox 919 581 947 633; x_wconf 85' lang='grc' dir='ltr'><strong>ὀ</strong></span> <span class='ocrx_word' id='word_1_27' title='bbox 995 578 1182 646; x_wconf 73' lang='grc' dir='ltr'>Πατὴρ</span> <span class='ocrx_word' id='word_1_28' title='bbox 1217 572 1584 635; x_wconf 79' lang='grc' dir='ltr'><strong>ἀποτείνεται,</strong></span> <span class='ocrx_word' id='word_1_29' title='bbox 1610 571 1758 632; x_wconf 81' lang='grc' dir='ltr'>ὅπως</span> 
     </span>
    </p>
   </div>
   <div class='ocr_carea' id='block_1_7' title="bbox 188 660 1759 750">
    <p class='ocr_par' dir='ltr' id='par_1_7' title="bbox 188 660 1759 750">
     <span class='ocr_line' id='line_1_7' title="bbox 188 660 1759 750; baseline -0.013 -16"><span class='ocrx_word' id='word_1_30' title='bbox 188 680 320 750; x_wconf 75' lang='grc' dir='ltr'>μηδὲ</span> <span class='ocrx_word' id='word_1_31' title='bbox 341 679 597 744; x_wconf 78' lang='grc' dir='ltr'>ἐνταῦθα,</span> <span class='ocrx_word' id='word_1_32' title='bbox 627 676 814 747; x_wconf 65' lang='grc' dir='ltr'>φησιν,</span> <span class='ocrx_word' id='word_1_33' title='bbox 845 673 957 744; x_wconf 72' lang='grc' dir='ltr'>ἔχοι</span> <span class='ocrx_word' id='word_1_34' title='bbox 987 671 1112 742; x_wconf 80' lang='grc' dir='ltr'>μηδ’</span> <span class='ocrx_word' id='word_1_35' title='bbox 1135 669 1228 722; x_wconf 73' lang='grc' dir='ltr'><strong>ἐπὶ</strong></span> <span class='ocrx_word' id='word_1_36' title='bbox 1258 665 1456 738; x_wconf 64' lang='grc' dir='ltr'>μικρὸν</span> <span class='ocrx_word' id='word_1_37' title='bbox 1481 660 1759 717; x_wconf 77' lang='grc' dir='ltr'>ἀναπνεῦ-</span> 
     </span>
    </p>
   </div>
   <div class='ocr_carea' id='block_1_8' title="bbox 186 789 298 824">
    <p class='ocr_par' dir='ltr' id='par_1_8' title="bbox 186 789 298 824">
     <span class='ocr_line' id='line_1_8' title="bbox 186 789 298 824; baseline -0.009 -2"><span class='ocrx_word' id='word_1_38' title='bbox 186 789 298 824; x_wconf 84' lang='grc' dir='ltr'>σαι.</span> 
     </span>
    </p>
   </div>
   <div class='ocr_carea' id='block_1_9' title="bbox 257 845 1759 928">
    <p class='ocr_par' dir='ltr' id='par_1_9' title="bbox 257 845 1759 928">
     <span class='ocr_line' id='line_1_9' title="bbox 257 845 1759 928; baseline -0.013 -12"><span class='ocrx_word' id='word_1_39' title='bbox 257 868 329 916; x_wconf 70' lang='grc' dir='ltr'><strong>Δν.</strong></span> <span class='ocrx_word' id='word_1_40' title='bbox 354 861 648 928; x_wconf 84' lang='grc' dir='ltr'>Είσάγεται</span> <span class='ocrx_word' id='word_1_41' title='bbox 680 857 735 911; x_wconf 76' lang='grc' dir='ltr'>δὲ</span> <span class='ocrx_word' id='word_1_42' title='bbox 772 856 848 926; x_wconf 85' lang='grc' dir='ltr'>τῷ</span> <span class='ocrx_word' id='word_1_43' title='bbox 878 854 1083 925; x_wconf 78' lang='grc' dir='ltr'><strong>βήματι</strong></span> <span class='ocrx_word' id='word_1_44' title='bbox 1118 850 1236 926; x_wconf 78' lang='grc' dir='ltr'>μετ’</span> <span class='ocrx_word' id='word_1_45' title='bbox 1259 848 1424 902; x_wconf 64' lang='grc' dir='ltr'>αὐτὸν</span> <span class='ocrx_word' id='word_1_46' title='bbox 1453 845 1479 901; x_wconf 92' lang='grc' dir='ltr'><strong>ὀ</strong></span> <span class='ocrx_word' id='word_1_47' title='bbox 1512 846 1759 914; x_wconf 81' lang='grc' dir='ltr'>γενναῖος</span> 
     </span>
    </p>
   </div>
   <div class='ocr_carea' id='block_1_10' title="bbox 186 935 1756 1016">
    <p class='ocr_par' dir='ltr' id='par_1_10' title="bbox 186 935 1756 1016">
     <span class='ocr_line' id='line_1_10' title="bbox 186 935 1756 1016; baseline -0.012 -8"><span class='ocrx_word' id='word_1_48' title='bbox 186 954 506 1016; x_wconf 74' lang='grc' dir='ltr'>Σαὸϐἀτιος·</span> <span class='ocrx_word' id='word_1_49' title='bbox 546 952 640 1005; x_wconf 77' lang='grc' dir='ltr'><strong>καὶ</strong></span> <span class='ocrx_word' id='word_1_50' title='bbox 703 949 899 1002; x_wconf 81' lang='grc' dir='ltr'>αὐτίκα</span> <span class='ocrx_word' id='word_1_51' title='bbox 958 947 1094 1016; x_wconf 82' lang='grc' dir='ltr'>πρὸς</span> <span class='ocrx_word' id='word_1_52' title='bbox 1146 945 1331 1009; x_wconf 76' lang='grc' dir='ltr'>αὑτὸν,</span> <span class='ocrx_word' id='word_1_53' title='bbox 1380 941 1495 996; x_wconf 82' lang='grc' dir='ltr'>Οὐκ</span> <span class='ocrx_word' id='word_1_54' title='bbox 1546 935 1756 1009; x_wconf 72' lang='grc' dir='ltr'>ἐρωτῶ,</span> 
     </span>
    </p>
   </div>
   <div class='ocr_carea' id='block_1_11' title="bbox 188 1029 1759 1118">
    <p class='ocr_par' dir='ltr' id='par_1_11' title="bbox 188 1029 1759 1118">
     <span class='ocr_line' id='line_1_11' title="bbox 188 1029 1759 1118; baseline -0.013 -17"><span class='ocrx_word' id='word_1_55' title='bbox 188 1049 353 1117; x_wconf 72' lang='grc' dir='ltr'>φησὶν</span> <span class='ocrx_word' id='word_1_56' title='bbox 385 1050 412 1100; x_wconf 89' lang='grc' dir='ltr'>ὁ</span> <span class='ocrx_word' id='word_1_57' title='bbox 442 1046 643 1118; x_wconf 79' lang='grc' dir='ltr'>ἄρχων,</span> <span class='ocrx_word' id='word_1_58' title='bbox 672 1045 720 1095; x_wconf 84' lang='grc' dir='ltr'><strong>εί</strong></span> <span class='ocrx_word' id='word_1_59' title='bbox 755 1040 1082 1112; x_wconf 81' lang='grc' dir='ltr'>Χριστιανὸς</span> <span class='ocrx_word' id='word_1_60' title='bbox 1111 1035 1163 1092; x_wconf 80' lang='grc' dir='ltr'><strong>εί</strong></span> <span class='ocrx_word' id='word_1_61' title='bbox 1184 1054 1196 1067; x_wconf 92' lang='grc'><strong>·</strong></span> <span class='ocrx_word' id='word_1_62' title='bbox 1231 1033 1608 1104; x_wconf 76' lang='grc' dir='ltr'><strong>ἀπεστρέφετο</strong></span> <span class='ocrx_word' id='word_1_63' title='bbox 1649 1029 1759 1098; x_wconf 82' lang='grc' dir='ltr'>γὰρ</span> 
     </span>
    </p>
   </div>
   <div class='ocr_carea' id='block_1_12' title="bbox 187 1120 1760 1212">
    <p class='ocr_par' dir='ltr' id='par_1_12' title="bbox 187 1120 1760 1212">
     <span class='ocr_line' id='line_1_12' title="bbox 187 1120 1760 1212; baseline -0.014 -19"><span class='ocrx_word' id='word_1_64' title='bbox 187 1141 347 1212; x_wconf 82' lang='grc' dir='ltr'>μέχρι</span> <span class='ocrx_word' id='word_1_65' title='bbox 377 1139 482 1191; x_wconf 78' lang='grc' dir='ltr'><strong>τῶν</strong></span> <span class='ocrx_word' id='word_1_66' title='bbox 522 1135 674 1188; x_wconf 79' lang='grc' dir='ltr'>ὢτων</span> <span class='ocrx_word' id='word_1_67' title='bbox 714 1135 775 1186; x_wconf 82' lang='grc' dir='ltr'><strong>τὸ</strong></span> <span class='ocrx_word' id='word_1_68' title='bbox 829 1136 978 1205; x_wconf 76' lang='grc' dir='ltr'>ῥῆμα</span> <span class='ocrx_word' id='word_1_69' title='bbox 1000 1148 1012 1163; x_wconf 77' lang='grc' dir='ltr'><strong>ο</strong></span> <span class='ocrx_word' id='word_1_70' title='bbox 1062 1129 1182 1182; x_wconf 71' lang='grc' dir='ltr'>ἐπεὶ</span> <span class='ocrx_word' id='word_1_71' title='bbox 1216 1128 1336 1180; x_wconf 70' lang='grc' dir='ltr'>οὐδὲ</span> <span class='ocrx_word' id='word_1_72' title='bbox 1358 1125 1527 1178; x_wconf 83' lang='grc' dir='ltr'>νοσῶν</span> <span class='ocrx_word' id='word_1_73' title='bbox 1553 1120 1760 1190; x_wconf 84' lang='grc' dir='ltr'>ὀφθαλ-</span> 
     </span>
    </p>
   </div>
   <div class='ocr_carea' id='block_1_13' title="bbox 186 1212 1756 1303">
    <p class='ocr_par' dir='ltr' id='par_1_13' title="bbox 186 1212 1756 1303">
     <span class='ocr_line' id='line_1_13' title="bbox 186 1212 1756 1303; baseline -0.014 -17"><span class='ocrx_word' id='word_1_74' title='bbox 186 1235 286 1303; x_wconf 73' lang='grc' dir='ltr'>μὸς</span> <span class='ocrx_word' id='word_1_75' title='bbox 355 1233 416 1283; x_wconf 78' lang='grc' dir='ltr'>τὸ</span> <span class='ocrx_word' id='word_1_76' title='bbox 450 1229 623 1297; x_wconf 82' lang='grc' dir='ltr'>γλυκὺ</span> <span class='ocrx_word' id='word_1_77' title='bbox 674 1228 810 1279; x_wconf 75' lang='grc' dir='ltr'>πᾶσι</span> <span class='ocrx_word' id='word_1_78' title='bbox 863 1225 978 1294; x_wconf 77' lang='grc' dir='ltr'>φῶς</span> <span class='ocrx_word' id='word_1_79' title='bbox 1015 1224 1141 1277; x_wconf 85' lang='grc' dir='ltr'>ίδεῖν</span> <span class='ocrx_word' id='word_1_80' title='bbox 1195 1218 1540 1289; x_wconf 80' lang='grc' dir='ltr'>ὑπομείνειεν</span> <span class='ocrx_word' id='word_1_81' title='bbox 1579 1231 1593 1245; x_wconf 87' lang='grc'><strong>·</strong></span> <span class='ocrx_word' id='word_1_82' title='bbox 1622 1212 1756 1267; x_wconf 78' lang='grc' dir='ltr'>ἀλλὰ</span> 
     </span>
    </p>
   </div>
   <div class='ocr_carea' id='block_1_14' title="bbox 181 1306 1754 1388">
    <p class='ocr_par' dir='ltr' id='par_1_14' title="bbox 181 1306 1754 1388">
     <span class='ocr_line' id='line_1_14' title="bbox 181 1306 1754 1388; baseline -0.013 -11"><span class='ocrx_word' id='word_1_83' title='bbox 181 1326 232 1377; x_wconf 88' lang='grc' dir='ltr'><strong>τί</strong></span> <span class='ocrx_word' id='word_1_84' title='bbox 267 1325 358 1375; x_wconf 74' lang='grc' dir='ltr'>σὸν</span> <span class='ocrx_word' id='word_1_85' title='bbox 395 1323 455 1374; x_wconf 71' lang='grc' dir='ltr'>τὸ</span> <span class='ocrx_word' id='word_1_86' title='bbox 488 1320 728 1388; x_wconf 77' lang='grc' dir='ltr'>ἀξίωμα,</span> <span class='ocrx_word' id='word_1_87' title='bbox 786 1316 1004 1386; x_wconf 84' lang='grc' dir='ltr'>πρῶτον</span> <span class='ocrx_word' id='word_1_88' title='bbox 1036 1314 1182 1367; x_wconf 72' lang='grc' dir='ltr'>εἰπέ.</span> <span class='ocrx_word' id='word_1_89' title='bbox 1232 1313 1343 1364; x_wconf 80' lang='grc' dir='ltr'><strong>Καὶ</strong></span> <span class='ocrx_word' id='word_1_90' title='bbox 1368 1311 1395 1362; x_wconf 97' lang='lat'><strong>6</strong></span> <span class='ocrx_word' id='word_1_91' title='bbox 1429 1306 1754 1368; x_wconf 75' lang='grc' dir='ltr'>Σαὸὁὰτιος,</span> 
     </span>
    </p>
   </div>
   <div class='ocr_carea' id='block_1_15' title="bbox 195 1400 1754 1484">
    <p class='ocr_par' dir='ltr' id='par_1_15' title="bbox 195 1400 1754 1484">
     <span class='ocr_line' id='line_1_15' title="bbox 195 1400 1754 1484; baseline -0.014 -11"><span class='ocrx_word' id='word_1_92' title='bbox 195 1417 371 1484; x_wconf 71' lang='grc' dir='ltr'>Ἐμοὶ,</span> <span class='ocrx_word' id='word_1_93' title='bbox 395 1413 582 1484; x_wconf 74' lang='grc' dir='ltr'>φησὶν,</span> <span class='ocrx_word' id='word_1_94' title='bbox 623 1407 666 1465; x_wconf 80' lang='grc' dir='ltr'><strong>ὦ</strong></span> <span class='ocrx_word' id='word_1_95' title='bbox 698 1408 968 1473; x_wconf 74' lang='grc' dir='ltr'>δικασταὶ,</span> <span class='ocrx_word' id='word_1_96' title='bbox 1003 1407 1098 1461; x_wconf 66' lang='grc' dir='ltr'><strong>καὶ</strong></span> <span class='ocrx_word' id='word_1_97' title='bbox 1127 1405 1368 1474; x_wconf 82' lang='grc' dir='ltr'>ἀξίωμα,</span> <span class='ocrx_word' id='word_1_98' title='bbox 1410 1403 1506 1456; x_wconf 67' lang='grc' dir='ltr'><strong>καὶ</strong></span> <span class='ocrx_word' id='word_1_99' title='bbox 1536 1400 1754 1472; x_wconf 79' lang='grc' dir='ltr'>πατρὶς,</span> 
     </span>
    </p>
   </div>
   <div class='ocr_carea' id='block_1_16' title="bbox 181 1493 1755 1573">
    <p class='ocr_par' dir='ltr' id='par_1_16' title="bbox 181 1493 1755 1573">
     <span class='ocr_line' id='line_1_16' title="bbox 181 1493 1755 1573; baseline -0.007 -16"><span class='ocrx_word' id='word_1_100' title='bbox 181 1507 274 1558; x_wconf 74' lang='grc' dir='ltr'>καὶ</span> <span class='ocrx_word' id='word_1_101' title='bbox 310 1503 436 1569; x_wconf 82' lang='grc' dir='ltr'>δόξα</span> <span class='ocrx_word' id='word_1_102' title='bbox 471 1505 564 1555; x_wconf 77' lang='grc' dir='ltr'>καὶ</span> <span class='ocrx_word' id='word_1_103' title='bbox 609 1503 900 1573; x_wconf 70' lang='grc' dir='ltr'>περιουσία</span> <span class='ocrx_word' id='word_1_104' title='bbox 956 1500 1194 1570; x_wconf 78' lang='grc' dir='ltr'>Χριστός</span> <span class='ocrx_word' id='word_1_105' title='bbox 1245 1499 1394 1549; x_wconf 83' lang='grc' dir='ltr'>ἐστιν</span> <span class='ocrx_word' id='word_1_106' title='bbox 1429 1497 1456 1547; x_wconf 89' lang='lat'><strong>6</strong></span> <span class='ocrx_word' id='word_1_107' title='bbox 1486 1493 1579 1546; x_wconf 77' lang='grc' dir='ltr'>τοῦ</span> <span class='ocrx_word' id='word_1_108' title='bbox 1615 1493 1755 1546; x_wconf 83' lang='grc' dir='ltr'>Θεοῦ</span> 
     </span>
    </p>
   </div>
   <div class='ocr_carea' id='block_1_17' title="bbox 184 1585 1759 1665">
    <p class='ocr_par' dir='ltr' id='par_1_17' title="bbox 184 1585 1759 1665">
     <span class='ocr_line' id='line_1_17' title="bbox 184 1585 1759 1665; baseline -0.009 -15"><span class='ocrx_word' id='word_1_109' title='bbox 184 1599 332 1660; x_wconf 77' lang='grc' dir='ltr'>Υίός,</span> <span class='ocrx_word' id='word_1_110' title='bbox 366 1598 393 1649; x_wconf 96' lang='grc' dir='ltr'><strong>ὀ</strong></span> <span class='ocrx_word' id='word_1_111' title='bbox 418 1598 505 1650; x_wconf 75' lang='grc' dir='ltr'><strong>ἀεὶ</strong></span> <span class='ocrx_word' id='word_1_112' title='bbox 537 1595 663 1660; x_wconf 76' lang='grc' dir='ltr'>ζῶν,</span> <span class='ocrx_word' id='word_1_113' title='bbox 701 1588 762 1649; x_wconf 69' lang='grc' dir='ltr'><strong>οὗ</strong></span> <span class='ocrx_word' id='word_1_114' title='bbox 789 1597 855 1665; x_wconf 78' lang='grc' dir='ltr'>τῇ</span> <span class='ocrx_word' id='word_1_115' title='bbox 887 1594 1113 1664; x_wconf 68' lang='grc' dir='ltr'>προνοίᾳ</span> <span class='ocrx_word' id='word_1_116' title='bbox 1158 1593 1218 1642; x_wconf 69' lang='grc' dir='ltr'>τὸ</span> <span class='ocrx_word' id='word_1_117' title='bbox 1247 1590 1356 1642; x_wconf 80' lang='grc' dir='ltr'>πᾶν</span> <span class='ocrx_word' id='word_1_118' title='bbox 1393 1587 1512 1640; x_wconf 83' lang='grc' dir='ltr'>τόδε</span> <span class='ocrx_word' id='word_1_119' title='bbox 1554 1585 1759 1656; x_wconf 77' lang='grc' dir='ltr'>κυϐερο</span> 
     </span>
    </p>
   </div>
   <div class='ocr_carea' id='block_1_18' title="bbox 189 1679 1759 1750">
    <p class='ocr_par' dir='ltr' id='par_1_18' title="bbox 189 1679 1759 1750">
     <span class='ocr_line' id='line_1_18' title="bbox 189 1679 1759 1750; baseline -0.009 -8"><span class='ocrx_word' id='word_1_120' title='bbox 189 1691 349 1742; x_wconf 85' lang='grc' dir='ltr'>νᾶται</span> <span class='ocrx_word' id='word_1_121' title='bbox 387 1690 479 1741; x_wconf 65' lang='grc' dir='ltr'>καὶ</span> <span class='ocrx_word' id='word_1_122' title='bbox 527 1689 855 1742; x_wconf 84' lang='grc' dir='ltr'>διιθύνεται.</span> <span class='ocrx_word' id='word_1_123' title='bbox 880 1688 991 1740; x_wconf 75' lang='grc' dir='ltr'><strong>Καὶ</strong></span> <span class='ocrx_word' id='word_1_124' title='bbox 1020 1687 1047 1736; x_wconf 91' lang='grc' dir='ltr'><strong>ὀ</strong></span> <span class='ocrx_word' id='word_1_125' title='bbox 1076 1683 1337 1750; x_wconf 79' lang='grc' dir='ltr'>δικαστὴς</span> <span class='ocrx_word' id='word_1_126' title='bbox 1371 1684 1436 1750; x_wconf 81' lang='grc' dir='ltr'>τῇ</span> <span class='ocrx_word' id='word_1_127' title='bbox 1470 1679 1566 1731; x_wconf 84' lang='grc' dir='ltr'><strong>τού</strong></span> <span class='ocrx_word' id='word_1_128' title='bbox 1615 1679 1759 1748; x_wconf 82' lang='grc' dir='ltr'>μάρ-</span> 
     </span>
    </p>
   </div>
   <div class='ocr_carea' id='block_1_19' title="bbox 180 1771 1761 1852">
    <p class='ocr_par' dir='ltr' id='par_1_19' title="bbox 180 1771 1761 1852">
     <span class='ocr_line' id='line_1_19' title="bbox 180 1771 1761 1852; baseline -0.006 -19"><span class='ocrx_word' id='word_1_129' title='bbox 180 1797 342 1850; x_wconf 86' lang='grc' dir='ltr'>τυρος</span> <span class='ocrx_word' id='word_1_130' title='bbox 383 1782 518 1850; x_wconf 75' lang='grc' dir='ltr'>μετὰ</span> <span class='ocrx_word' id='word_1_131' title='bbox 561 1782 874 1852; x_wconf 66' lang='grc' dir='ltr'>παρρησίας</span> <span class='ocrx_word' id='word_1_132' title='bbox 895 1777 1186 1847; x_wconf 72' lang='grc' dir='ltr'>ἀποκρίσει</span> <span class='ocrx_word' id='word_1_133' title='bbox 1213 1775 1280 1828; x_wconf 74' lang='grc' dir='ltr'><strong>τὰ</strong></span> <span class='ocrx_word' id='word_1_134' title='bbox 1305 1773 1511 1843; x_wconf 75' lang='grc' dir='ltr'>ἔσχατα</span> <span class='ocrx_word' id='word_1_135' title='bbox 1549 1771 1761 1842; x_wconf 74' lang='grc' dir='ltr'>ἐξυϐρί-</span> 
     </span>
    </p>
   </div>
   <div class='ocr_carea' id='block_1_20' title="bbox 185 1865 1756 1942">
    <p class='ocr_par' dir='ltr' id='par_1_20' title="bbox 185 1865 1756 1942">
     <span class='ocr_line' id='line_1_20' title="bbox 185 1865 1756 1942; baseline -0.006 -16"><span class='ocrx_word' id='word_1_136' title='bbox 185 1873 310 1926; x_wconf 89' lang='grc' dir='ltr'>σθαι</span> <span class='ocrx_word' id='word_1_137' title='bbox 355 1873 605 1942; x_wconf 75' lang='grc' dir='ltr'>νομίσας,</span> <span class='ocrx_word' id='word_1_138' title='bbox 659 1871 872 1937; x_wconf 68' lang='grc' dir='ltr'>πληγὰς</span> <span class='ocrx_word' id='word_1_139' title='bbox 902 1867 1126 1920; x_wconf 82' lang='grc' dir='ltr'>ἐντείνει</span> <span class='ocrx_word' id='word_1_140' title='bbox 1153 1869 1295 1920; x_wconf 71' lang='grc' dir='ltr'>κατὰ</span> <span class='ocrx_word' id='word_1_141' title='bbox 1322 1866 1532 1939; x_wconf 77' lang='grc' dir='ltr'>κορρῆς</span> <span class='ocrx_word' id='word_1_142' title='bbox 1566 1865 1717 1935; x_wconf 78' lang='grc' dir='ltr'>αὐτῷ</span> <span class='ocrx_word' id='word_1_143' title='bbox 1742 1907 1756 1932; x_wconf 84' lang='grc'><strong>,</strong></span> 
     </span>
    </p>
   </div>
   <div class='ocr_carea' id='block_1_21' title="bbox 181 1957 1762 2034">
    <p class='ocr_par' dir='ltr' id='par_1_21' title="bbox 181 1957 1762 2034">
     <span class='ocr_line' id='line_1_21' title="bbox 181 1957 1762 2034; baseline -0.006 -18"><span class='ocrx_word' id='word_1_144' title='bbox 181 1965 472 2034; x_wconf 77' lang='grc' dir='ltr'>ὲπιφωνῶν</span> <span class='ocrx_word' id='word_1_145' title='bbox 503 1964 616 2032; x_wconf 74' lang='grc' dir='ltr'><strong>ἅμα</strong></span> <span class='ocrx_word' id='word_1_146' title='bbox 647 1977 660 1991; x_wconf 82' lang='lat'><strong>&#39;</strong></span> <span class='ocrx_word' id='word_1_147' title='bbox 693 1961 832 2029; x_wconf 76' lang='grc' dir='ltr'>[ιρός</span> <span class='ocrx_word' id='word_1_148' title='bbox 881 1960 1010 2022; x_wconf 78' lang='grc' dir='ltr'>ἔπος</span> <span class='ocrx_word' id='word_1_149' title='bbox 1052 1960 1367 2029; x_wconf 68' lang='grc' dir='ltr'>ἀπόκριναν</span> <span class='ocrx_word' id='word_1_150' title='bbox 1392 1960 1486 2010; x_wconf 83' lang='grc' dir='ltr'>καὶ</span> <span class='ocrx_word' id='word_1_151' title='bbox 1514 1957 1762 2025; x_wconf 84' lang='grc' dir='ltr'>βασάνων</span> 
     </span>
    </p>
   </div>
   <div class='ocr_carea' id='block_1_22' title="bbox 180 2047 1754 2124">
    <p class='ocr_par' dir='ltr' id='par_1_22' title="bbox 180 2047 1754 2124">
     <span class='ocr_line' id='line_1_22' title="bbox 180 2047 1754 2124; baseline -0.007 -16"><span class='ocrx_word' id='word_1_152' title='bbox 180 2061 378 2124; x_wconf 80' lang='grc' dir='ltr'>πεῖραν</span> <span class='ocrx_word' id='word_1_153' title='bbox 404 2092 418 2107; x_wconf 92' lang='grc'><strong>.</strong></span> <span class='ocrx_word' id='word_1_154' title='bbox 441 2091 455 2106; x_wconf 93' lang='grc'>.</span> <span class='ocrx_word' id='word_1_155' title='bbox 485 2093 498 2107; x_wconf 93' lang='grc'><strong>.</strong></span> <span class='ocrx_word' id='word_1_156' title='bbox 528 2094 542 2108; x_wconf 93' lang='grc'><strong>.</strong></span> <span class='ocrx_word' id='word_1_157' title='bbox 565 2091 579 2106; x_wconf 89' lang='grc'><strong>.</strong></span> <span class='ocrx_word' id='word_1_158' title='bbox 606 2094 619 2109; x_wconf 95' lang='grc'><strong>.</strong></span> <span class='ocrx_word' id='word_1_159' title='bbox 645 2093 659 2106; x_wconf 92' lang='grc'><strong>.</strong></span> <span class='ocrx_word' id='word_1_160' title='bbox 690 2092 704 2108; x_wconf 93' lang='grc'><strong>.</strong></span> <span class='ocrx_word' id='word_1_161' title='bbox 727 2094 738 2106; x_wconf 94' lang='grc'><em>.</em></span> <span class='ocrx_word' id='word_1_162' title='bbox 771 2093 784 2107; x_wconf 93' lang='grc'><strong>.</strong></span> <span class='ocrx_word' id='word_1_163' title='bbox 838 2049 1174 2123; x_wconf 81' lang='grc' dir='ltr'>προσελθὼν,</span> <span class='ocrx_word' id='word_1_164' title='bbox 1221 2049 1381 2104; x_wconf 83' lang='grc' dir='ltr'>Θῦσον</span> <span class='ocrx_word' id='word_1_165' title='bbox 1435 2050 1548 2112; x_wconf 83' lang='grc' dir='ltr'>τοῖς</span> <span class='ocrx_word' id='word_1_166' title='bbox 1597 2047 1754 2109; x_wconf 83' lang='grc' dir='ltr'>θεοῖς.</span> 
     </span>
    </p>
   </div>
   <div class='ocr_carea' id='block_1_23' title="bbox 181 2137 1759 2214">
    <p class='ocr_par' dir='ltr' id='par_1_23' title="bbox 181 2137 1759 2214">
     <span class='ocr_line' id='line_1_23' title="bbox 181 2137 1759 2214; baseline -0.008 -14"><span class='ocrx_word' id='word_1_167' title='bbox 181 2149 258 2200; x_wconf 86' lang='grc' dir='ltr'>Τὸ</span> <span class='ocrx_word' id='word_1_168' title='bbox 292 2147 396 2214; x_wconf 81' lang='grc' dir='ltr'>γὰρ</span> <span class='ocrx_word' id='word_1_169' title='bbox 431 2147 566 2213; x_wconf 85' lang='grc' dir='ltr'>μετὰ</span> <span class='ocrx_word' id='word_1_170' title='bbox 594 2143 764 2198; x_wconf 80' lang='grc' dir='ltr'>ταῦτα</span> <span class='ocrx_word' id='word_1_171' title='bbox 794 2143 957 2196; x_wconf 82' lang='grc' dir='ltr'>θῦσαι</span> <span class='ocrx_word' id='word_1_172' title='bbox 985 2141 1152 2213; x_wconf 80' lang='grc' dir='ltr'>ἄχαρι</span> <span class='ocrx_word' id='word_1_173' title='bbox 1207 2158 1267 2194; x_wconf 83' lang='grc' dir='ltr'><strong>τε</strong></span> <span class='ocrx_word' id='word_1_174' title='bbox 1307 2143 1412 2194; x_wconf 72' lang='grc' dir='ltr'><strong>καὶ</strong></span> <span class='ocrx_word' id='word_1_175' title='bbox 1448 2141 1548 2208; x_wconf 83' lang='grc' dir='ltr'><strong>οὺχ</strong></span> <span class='ocrx_word' id='word_1_176' title='bbox 1585 2137 1759 2199; x_wconf 76' lang='grc' dir='ltr'>οὕτως</span> 
     </span>
    </p>
   </div>
   <div class='ocr_carea' id='block_1_24' title="bbox 179 2228 1758 2303">
    <p class='ocr_par' dir='ltr' id='par_1_24' title="bbox 179 2228 1758 2303">
     <span class='ocr_line' id='line_1_24' title="bbox 179 2228 1758 2303; baseline -0.009 -9"><span class='ocrx_word' id='word_1_177' title='bbox 179 2239 480 2294; x_wconf 75' lang='grc' dir='ltr'>ἀπόδεκτον</span> <span class='ocrx_word' id='word_1_178' title='bbox 503 2252 516 2266; x_wconf 89' lang='grc'><strong>·</strong></span> <span class='ocrx_word' id='word_1_179' title='bbox 563 2236 739 2297; x_wconf 83' lang='grc' dir='ltr'>ἄλλως</span> <span class='ocrx_word' id='word_1_180' title='bbox 767 2248 825 2287; x_wconf 80' lang='grc' dir='ltr'><strong>τε</strong></span> <span class='ocrx_word' id='word_1_181' title='bbox 858 2235 954 2288; x_wconf 70' lang='grc' dir='ltr'>καὶ</span> <span class='ocrx_word' id='word_1_182' title='bbox 1000 2232 1353 2303; x_wconf 77' lang='grc' dir='ltr'>προλαϐοῦσα</span> <span class='ocrx_word' id='word_1_183' title='bbox 1388 2230 1616 2301; x_wconf 77' lang='grc' dir='ltr'>βάσανος</span> <span class='ocrx_word' id='word_1_184' title='bbox 1659 2228 1758 2294; x_wconf 78' lang='grc' dir='ltr'><strong>τὴν</strong></span> 
     </span>
    </p>
   </div>
   <div class='ocr_carea' id='block_1_25' title="bbox 187 2315 1759 2392">
    <p class='ocr_par' dir='ltr' id='par_1_25' title="bbox 187 2315 1759 2392">
     <span class='ocr_line' id='line_1_25' title="bbox 187 2315 1759 2392; baseline -0.005 -17"><span class='ocrx_word' id='word_1_185' title='bbox 187 2323 486 2392; x_wconf 76' lang='grc' dir='ltr'>μετέπειτα</span> <span class='ocrx_word' id='word_1_186' title='bbox 533 2322 728 2390; x_wconf 77' lang='grc' dir='ltr'>ἡδονὴν</span> <span class='ocrx_word' id='word_1_187' title='bbox 780 2321 1181 2388; x_wconf 73' lang='grc' dir='ltr'><strong>ὑποτέμνεται⁹</strong></span> <span class='ocrx_word' id='word_1_188' title='bbox 1229 2318 1322 2370; x_wconf 82' lang='grc' dir='ltr'><strong>καὶ</strong></span> <span class='ocrx_word' id='word_1_189' title='bbox 1353 2321 1379 2369; x_wconf 94' lang='grc' dir='ltr'><strong>ὀ</strong></span> <span class='ocrx_word' id='word_1_190' title='bbox 1423 2315 1759 2378; x_wconf 79' lang='grc' dir='ltr'>Σαϐδὰτιος·</span> 
     </span>
    </p>
   </div>
   <div class='ocr_carea' id='block_1_26' title="bbox 181 2405 1763 2484">
    <p class='ocr_par' dir='ltr' id='par_1_26' title="bbox 181 2405 1763 2484">
     <span class='ocr_line' id='line_1_26' title="bbox 181 2405 1763 2484; baseline -0.006 -17"><span class='ocrx_word' id='word_1_191' title='bbox 181 2415 298 2483; x_wconf 82' lang='grc' dir='ltr'>Τῆς</span> <span class='ocrx_word' id='word_1_192' title='bbox 328 2416 596 2484; x_wconf 69' lang='grc' dir='ltr'>ἑπικήρου</span> <span class='ocrx_word' id='word_1_193' title='bbox 625 2415 720 2466; x_wconf 65' lang='grc' dir='ltr'><strong>καλ¹</strong></span> <span class='ocrx_word' id='word_1_194' title='bbox 743 2415 971 2482; x_wconf 74' lang='grc' dir='ltr'>ῥεούσης</span> <span class='ocrx_word' id='word_1_195' title='bbox 996 2412 1190 2481; x_wconf 76' lang='grc' dir='ltr'>ἡδονῆς</span> <span class='ocrx_word' id='word_1_196' title='bbox 1213 2405 1312 2463; x_wconf 83' lang='grc' dir='ltr'>ὦδε</span> <span class='ocrx_word' id='word_1_197' title='bbox 1342 2409 1483 2462; x_wconf 80' lang='grc' dir='ltr'>καθὰ</span> <span class='ocrx_word' id='word_1_198' title='bbox 1505 2409 1599 2461; x_wconf 80' lang='grc' dir='ltr'>καὶ</span> <span class='ocrx_word' id='word_1_199' title='bbox 1627 2409 1763 2478; x_wconf 73' lang='grc' dir='ltr'>μόνη</span> 
     </span>
    </p>
   </div>
   <div class='ocr_carea' id='block_1_27' title="bbox 187 2497 1763 2577">
    <p class='ocr_par' dir='ltr' id='par_1_27' title="bbox 187 2497 1763 2577">
     <span class='ocr_line' id='line_1_27' title="bbox 187 2497 1763 2577; baseline -0.007 -18"><span class='ocrx_word' id='word_1_200' title='bbox 187 2508 343 2577; x_wconf 82' lang='grc' dir='ltr'>μένει</span> <span class='ocrx_word' id='word_1_201' title='bbox 405 2508 690 2566; x_wconf 78' lang='grc' dir='ltr'>ἀπόκλισις</span> <span class='ocrx_word' id='word_1_202' title='bbox 741 2503 1006 2571; x_wconf 69' lang='grc' dir='ltr'>σφαλερὰ,</span> <span class='ocrx_word' id='word_1_203' title='bbox 1064 2501 1263 2570; x_wconf 74' lang='grc' dir='ltr'>φησίνο</span> <span class='ocrx_word' id='word_1_204' title='bbox 1313 2500 1359 2550; x_wconf 88' lang='grc' dir='ltr'><strong>εί</strong></span> <span class='ocrx_word' id='word_1_205' title='bbox 1411 2499 1467 2550; x_wconf 74' lang='grc' dir='ltr'>δὲ</span> <span class='ocrx_word' id='word_1_206' title='bbox 1525 2499 1618 2550; x_wconf 71' lang='grc' dir='ltr'>καὶ</span> <span class='ocrx_word' id='word_1_207' title='bbox 1667 2497 1763 2566; x_wconf 79' lang='grc' dir='ltr'><strong>τὴν</strong></span> 
     </span>
    </p>
   </div>
   <div class='ocr_carea' id='block_1_28' title="bbox 181 2587 1761 2663">
    <p class='ocr_par' dir='ltr' id='par_1_28' title="bbox 181 2587 1761 2663">
     <span class='ocr_line' id='line_1_28' title="bbox 181 2587 1761 2663; baseline -0.006 -12"><span class='ocrx_word' id='word_1_208' title='bbox 181 2598 439 2651; x_wconf 77' lang='grc' dir='ltr'>ἀσέϐειαν</span> <span class='ocrx_word' id='word_1_209' title='bbox 493 2594 767 2663; x_wconf 77' lang='grc' dir='ltr'>ἑπομένην</span> <span class='ocrx_word' id='word_1_210' title='bbox 813 2595 960 2662; x_wconf 69' lang='grc' dir='ltr'>ἔχοι,</span> <span class='ocrx_word' id='word_1_211' title='bbox 1013 2592 1075 2644; x_wconf 81' lang='grc' dir='ltr'>τὸ</span> <span class='ocrx_word' id='word_1_212' title='bbox 1126 2592 1296 2644; x_wconf 74' lang='grc' dir='ltr'>κακὸν</span> <span class='ocrx_word' id='word_1_213' title='bbox 1353 2591 1572 2661; x_wconf 79' lang='grc' dir='ltr'>ὴλίκονο</span> <span class='ocrx_word' id='word_1_214' title='bbox 1621 2587 1761 2642; x_wconf 79' lang='grc' dir='ltr'>ὥστε</span> 
     </span>
    </p>
   </div>
   <div class='ocr_carea' id='block_1_29' title="bbox 182 2675 1763 2758">
    <p class='ocr_par' dir='ltr' id='par_1_29' title="bbox 182 2675 1763 2758">
     <span class='ocr_line' id='line_1_29' title="bbox 182 2675 1763 2758; baseline -0.005 -16"><span class='ocrx_word' id='word_1_215' title='bbox 182 2688 365 2758; x_wconf 80' lang='grc' dir='ltr'>πολλῴ</span> <span class='ocrx_word' id='word_1_216' title='bbox 387 2687 668 2757; x_wconf 79' lang='grc' dir='ltr'>κρείττους</span> <span class='ocrx_word' id='word_1_217' title='bbox 695 2688 816 2756; x_wconf 76' lang='grc' dir='ltr'>ἐμοὶ</span> <span class='ocrx_word' id='word_1_218' title='bbox 837 2687 892 2739; x_wconf 89' lang='grc' dir='ltr'><strong>αί</strong></span> <span class='ocrx_word' id='word_1_219' title='bbox 923 2684 1006 2738; x_wconf 75' lang='grc' dir='ltr'>διὰ</span> <span class='ocrx_word' id='word_1_220' title='bbox 1034 2683 1275 2756; x_wconf 81' lang='grc' dir='ltr'>Χριστοῦ</span> <span class='ocrx_word' id='word_1_221' title='bbox 1303 2682 1572 2746; x_wconf 83' lang='grc' dir='ltr'>κολάσεις·</span> <span class='ocrx_word' id='word_1_222' title='bbox 1603 2675 1763 2734; x_wconf 71' lang='grc' dir='ltr'>αὗται</span> 
     </span>
    </p>
   </div>
   <div class='ocr_carea' id='block_1_30' title="bbox 182 2774 1766 2850">
    <p class='ocr_par' dir='ltr' id='par_1_30' title="bbox 182 2774 1766 2850">
     <span class='ocr_line' id='line_1_30' title="bbox 182 2774 1766 2850; baseline -0.004 -17"><span class='ocrx_word' id='word_1_223' title='bbox 182 2779 298 2850; x_wconf 75' lang='grc' dir='ltr'>γὰρ</span> <span class='ocrx_word' id='word_1_224' title='bbox 372 2780 638 2848; x_wconf 78' lang='grc' dir='ltr'>διηνεκεῖς</span> <span class='ocrx_word' id='word_1_225' title='bbox 684 2777 1061 2848; x_wconf 84' lang='grc' dir='ltr'>ταμιεύονται,</span> <span class='ocrx_word' id='word_1_226' title='bbox 1102 2779 1197 2830; x_wconf 77' lang='grc' dir='ltr'><strong>καὶ</strong></span> <span class='ocrx_word' id='word_1_227' title='bbox 1253 2779 1340 2830; x_wconf 77' lang='grc' dir='ltr'><strong>ἀεὶ</strong></span> <span class='ocrx_word' id='word_1_228' title='bbox 1394 2776 1613 2845; x_wconf 78' lang='grc' dir='ltr'>μένουσι</span> <span class='ocrx_word' id='word_1_229' title='bbox 1668 2774 1766 2837; x_wconf 87' lang='grc' dir='ltr'>τὰς</span> 
     </span>
    </p>
   </div>
   <div class='ocr_carea' id='block_1_31' title="bbox 182 2867 1760 2941">
    <p class='ocr_par' dir='ltr' id='par_1_31' title="bbox 182 2867 1760 2941">
     <span class='ocr_line' id='line_1_31' title="bbox 182 2867 1760 2941; baseline -0.005 -15"><span class='ocrx_word' id='word_1_230' title='bbox 182 2870 462 2941; x_wconf 71' lang='grc' dir='ltr'>ἁμοιῦἀςο</span> <span class='ocrx_word' id='word_1_231' title='bbox 517 2871 585 2924; x_wconf 81' lang='grc' dir='ltr'>τὰ</span> <span class='ocrx_word' id='word_1_232' title='bbox 620 2871 675 2923; x_wconf 73' lang='grc' dir='ltr'>δὲ</span> <span class='ocrx_word' id='word_1_233' title='bbox 715 2871 980 2939; x_wconf 83' lang='grc' dir='ltr'>ύμέτερα,</span> <span class='ocrx_word' id='word_1_234' title='bbox 1037 2869 1146 2936; x_wconf 85' lang='grc' dir='ltr'><strong>ὅσῳ</strong></span> <span class='ocrx_word' id='word_1_235' title='bbox 1201 2868 1406 2935; x_wconf 77' lang='grc' dir='ltr'>μᾶλλον</span> <span class='ocrx_word' id='word_1_236' title='bbox 1454 2867 1760 2936; x_wconf 81' lang='grc' dir='ltr'>εὐφραίνει,</span> 
     </span>
    </p>
   </div>
   <div class='ocr_carea' id='block_1_32' title="bbox 183 2956 1763 3032">
    <p class='ocr_par' dir='ltr' id='par_1_32' title="bbox 183 2956 1763 3032">
     <span class='ocr_line' id='line_1_32' title="bbox 183 2956 1763 3032; baseline -0.004 -17"><span class='ocrx_word' id='word_1_237' title='bbox 183 2963 427 3032; x_wconf 81' lang='grc' dir='ltr'>τοσούτῳ</span> <span class='ocrx_word' id='word_1_238' title='bbox 458 2964 552 3015; x_wconf 72' lang='grc' dir='ltr'>καὶ</span> <span class='ocrx_word' id='word_1_239' title='bbox 583 2962 818 3030; x_wconf 81' lang='grc' dir='ltr'>λυπήσει</span> <span class='ocrx_word' id='word_1_240' title='bbox 873 2960 1058 3012; x_wconf 78' lang='grc' dir='ltr'>πλέον.</span> <span class='ocrx_word' id='word_1_241' title='bbox 1095 2959 1204 3012; x_wconf 77' lang='grc' dir='ltr'><strong>Καὶ</strong></span> <span class='ocrx_word' id='word_1_242' title='bbox 1251 2960 1365 3012; x_wconf 85' lang='grc' dir='ltr'>εἴθε</span> <span class='ocrx_word' id='word_1_243' title='bbox 1397 2974 1462 3025; x_wconf 89' lang='grc' dir='ltr'>γε.</span> <span class='ocrx_word' id='word_1_244' title='bbox 1521 2958 1615 3010; x_wconf 62' lang='grc' dir='ltr'><strong>καὶ</strong></span> <span class='ocrx_word' id='word_1_245' title='bbox 1670 2956 1763 3010; x_wconf 82' lang='grc' dir='ltr'><strong>τὸν</strong></span> 
     </span>
    </p>
   </div>
   <div class='ocr_carea' id='block_1_33' title="bbox 188 3045 1764 3125">
    <p class='ocr_par' dir='ltr' id='par_1_33' title="bbox 188 3045 1764 3125">
     <span class='ocr_line' id='line_1_33' title="bbox 188 3045 1764 3125; baseline -0.003 -18"><span class='ocrx_word' id='word_1_246' title='bbox 188 3055 308 3108; x_wconf 72' lang='grc' dir='ltr'>ἴσον</span> <span class='ocrx_word' id='word_1_247' title='bbox 370 3045 584 3125; x_wconf 79' lang='grc' dir='ltr'>χρόνον“,</span> <span class='ocrx_word' id='word_1_248' title='bbox 615 3052 730 3104; x_wconf 83' lang='grc' dir='ltr'>ἀλλ’</span> <span class='ocrx_word' id='word_1_249' title='bbox 779 3051 1061 3121; x_wconf 80' lang='grc' dir='ltr'>εὐφραίνει</span> <span class='ocrx_word' id='word_1_250' title='bbox 1097 3051 1197 3121; x_wconf 68' lang='grc' dir='ltr'>μὲν</span> <span class='ocrx_word' id='word_1_251' title='bbox 1253 3051 1565 3121; x_wconf 85' lang='grc' dir='ltr'>πρόσκαιρα</span> <span class='ocrx_word' id='word_1_252' title='bbox 1602 3048 1764 3120; x_wconf 75' lang='grc' dir='ltr'>τυχὸν</span> 
     </span>
    </p>
   </div>
   <div class='ocr_carea' id='block_1_34' title="bbox 186 3141 1618 3217">
    <p class='ocr_par' dir='ltr' id='par_1_34' title="bbox 186 3141 1618 3217">
     <span class='ocr_line' id='line_1_34' title="bbox 186 3141 1618 3217; baseline -0.003 -17"><span class='ocrx_word' id='word_1_253' title='bbox 186 3150 287 3200; x_wconf 73' lang='grc' dir='ltr'><strong>καὶ</strong></span> <span class='ocrx_word' id='word_1_254' title='bbox 319 3149 578 3217; x_wconf 75' lang='grc' dir='ltr'>ἐφήμερα</span> <span class='ocrx_word' id='word_1_255' title='bbox 600 3186 614 3210; x_wconf 92' lang='grc'><strong>,</strong></span> <span class='ocrx_word' id='word_1_256' title='bbox 637 3145 875 3217; x_wconf 82' lang='grc' dir='ltr'>λυπήσει</span> <span class='ocrx_word' id='word_1_257' title='bbox 910 3144 968 3198; x_wconf 79' lang='grc' dir='ltr'>δὲ</span> <span class='ocrx_word' id='word_1_258' title='bbox 1000 3143 1246 3198; x_wconf 82' lang='grc' dir='ltr'>ἀθάνατα</span> <span class='ocrx_word' id='word_1_259' title='bbox 1285 3141 1381 3195; x_wconf 77' lang='grc' dir='ltr'>καὶ</span> <span class='ocrx_word' id='word_1_260' title='bbox 1408 3141 1618 3198; x_wconf 68' lang='grc' dir='ltr'>αἰώνια.</span> 
     </span>
    </p>
   </div>
   <div class='ocr_carea' id='block_1_35' title="bbox 266 3413 1769 3485">
    <p class='ocr_par' dir='ltr' id='par_1_35' title="bbox 266 3413 1769 3485">
     <span class='ocr_line' id='line_1_35' title="bbox 266 3413 1769 3485; baseline -0.003 -14"><span class='ocrx_word' id='word_1_261' title='bbox 266 3417 342 3471; x_wconf 83' lang='lat' dir='ltr'><strong>E&#39;.</strong></span> <span class='ocrx_word' id='word_1_262' title='bbox 381 3413 766 3485; x_wconf 81' lang='grc' dir='ltr'>Ἐκθηριοῦται</span> <span class='ocrx_word' id='word_1_263' title='bbox 827 3414 961 3482; x_wconf 75' lang='grc' dir='ltr'>πρὸς</span> <span class='ocrx_word' id='word_1_264' title='bbox 1014 3413 1186 3465; x_wconf 84' lang='grc' dir='ltr'>ταῦτα</span> <span class='ocrx_word' id='word_1_265' title='bbox 1217 3415 1245 3467; x_wconf 92' lang='lat'><strong>6</strong></span> <span class='ocrx_word' id='word_1_266' title='bbox 1275 3415 1481 3482; x_wconf 82' lang='grc' dir='ltr'>ἄρχων,</span> <span class='ocrx_word' id='word_1_267' title='bbox 1531 3413 1627 3465; x_wconf 70' lang='grc' dir='ltr'><strong>καὶ</strong></span> <span class='ocrx_word' id='word_1_268' title='bbox 1668 3413 1769 3481; x_wconf 76' lang='grc' dir='ltr'><strong>ἁγ-</strong></span> 
     </span>
    </p>
   </div>
   <div class='ocr_carea' id='block_1_36' title="bbox 189 3501 1765 3576">
    <p class='ocr_par' dir='ltr' id='par_1_36' title="bbox 189 3501 1765 3576">
     <span class='ocr_line' id='line_1_36' title="bbox 189 3501 1765 3576; baseline -0.003 -18"><span class='ocrx_word' id='word_1_269' title='bbox 189 3504 455 3576; x_wconf 80' lang='grc' dir='ltr'>ριώτερος</span> <span class='ocrx_word' id='word_1_270' title='bbox 512 3504 753 3571; x_wconf 86' lang='grc' dir='ltr'>γίνεται·</span> <span class='ocrx_word' id='word_1_271' title='bbox 787 3503 880 3555; x_wconf 76' lang='grc' dir='ltr'>καὶ</span> <span class='ocrx_word' id='word_1_272' title='bbox 943 3501 1273 3570; x_wconf 79' lang='grc' dir='ltr'>μετεωρίζει</span> <span class='ocrx_word' id='word_1_273' title='bbox 1335 3502 1434 3572; x_wconf 84' lang='grc' dir='ltr'>μὲν</span> <span class='ocrx_word' id='word_1_274' title='bbox 1479 3502 1572 3555; x_wconf 69' lang='grc' dir='ltr'>ἐπὶ</span> <span class='ocrx_word' id='word_1_275' title='bbox 1608 3501 1765 3566; x_wconf 81' lang='grc' dir='ltr'>ξύλου</span> 
     </span>
    </p>
   </div>
   <div class='ocr_carea' id='block_1_37' title="bbox 188 3591 1767 3666">
    <p class='ocr_par' dir='ltr' id='par_1_37' title="bbox 188 3591 1767 3666">
     <span class='ocr_line' id='line_1_37' title="bbox 188 3591 1767 3666; baseline -0.003 -16"><span class='ocrx_word' id='word_1_276' title='bbox 188 3599 287 3650; x_wconf 74' lang='grc' dir='ltr'>τὸν</span> <span class='ocrx_word' id='word_1_277' title='bbox 319 3596 577 3666; x_wconf 83' lang='grc' dir='ltr'>ἀθλητὴν,</span> <span class='ocrx_word' id='word_1_278' title='bbox 607 3596 700 3647; x_wconf 72' lang='grc' dir='ltr'>καὶ</span> <span class='ocrx_word' id='word_1_279' title='bbox 731 3593 830 3657; x_wconf 86' lang='grc' dir='ltr'>τὰς</span> <span class='ocrx_word' id='word_1_280' title='bbox 860 3595 1102 3662; x_wconf 64' lang='grc' dir='ltr'>πλευρὰς</span> <span class='ocrx_word' id='word_1_281' title='bbox 1130 3594 1368 3663; x_wconf 84' lang='grc' dir='ltr'>σιδηροῖς</span> <span class='ocrx_word' id='word_1_282' title='bbox 1393 3591 1541 3658; x_wconf 81' lang='grc' dir='ltr'>ὀνυξι</span> <span class='ocrx_word' id='word_1_283' title='bbox 1564 3591 1767 3659; x_wconf 74' lang='grc' dir='ltr'>διαξέει</span> 
     </span>
    </p>
   </div>
   <div class='ocr_carea' id='block_1_38' title="bbox 189 3682 1768 3757">
    <p class='ocr_par' dir='ltr' id='par_1_38' title="bbox 189 3682 1768 3757">
     <span class='ocr_line' id='line_1_38' title="bbox 189 3682 1768 3757; baseline -0.004 -16"><span class='ocrx_word' id='word_1_284' title='bbox 189 3688 392 3757; x_wconf 80' lang='grc' dir='ltr'>ἀναμο.</span> <span class='ocrx_word' id='word_1_285' title='bbox 424 3725 438 3740; x_wconf 94' lang='grc'><strong>.</strong></span> <span class='ocrx_word' id='word_1_286' title='bbox 471 3726 485 3740; x_wconf 94' lang='grc'><strong>.</strong></span> <span class='ocrx_word' id='word_1_287' title='bbox 513 3725 528 3740; x_wconf 91' lang='grc'><strong>.</strong></span> <span class='ocrx_word' id='word_1_288' title='bbox 555 3726 570 3740; x_wconf 94' lang='grc'><strong>.</strong></span> <span class='ocrx_word' id='word_1_289' title='bbox 606 3704 654 3739; x_wconf 88' lang='grc' dir='ltr'><strong>ει</strong></span> <span class='ocrx_word' id='word_1_290' title='bbox 689 3685 830 3740; x_wconf 79' lang='grc' dir='ltr'>δὲτὰ</span> <span class='ocrx_word' id='word_1_291' title='bbox 863 3685 997 3737; x_wconf 84' lang='grc' dir='ltr'>ὀστᾶ</span> <span class='ocrx_word' id='word_1_292' title='bbox 1025 3722 1038 3746; x_wconf 84' lang='grc'><strong>,</strong></span> <span class='ocrx_word' id='word_1_293' title='bbox 1063 3684 1157 3737; x_wconf 79' lang='grc' dir='ltr'>καὶ</span> <span class='ocrx_word' id='word_1_294' title='bbox 1184 3683 1364 3736; x_wconf 72' lang='grc' dir='ltr'>αὐτῶν</span> <span class='ocrx_word' id='word_1_295' title='bbox 1398 3683 1630 3736; x_wconf 77' lang='grc' dir='ltr'>ἅπτεται</span> <span class='ocrx_word' id='word_1_296' title='bbox 1661 3682 1768 3735; x_wconf 83' lang='grc' dir='ltr'>τῶν</span> 
     </span>
    </p>
   </div>
   <div class='ocr_carea' id='block_1_39' title="bbox 191 3776 1770 3849">
    <p class='ocr_par' dir='ltr' id='par_1_39' title="bbox 191 3776 1770 3849">
     <span class='ocr_line' id='line_1_39' title="bbox 191 3776 1770 3849; baseline -0.005 -16"><span class='ocrx_word' id='word_1_297' title='bbox 191 3781 469 3849; x_wconf 78' lang='grc' dir='ltr'>ὲγκάτων.</span> <span class='ocrx_word' id='word_1_298' title='bbox 499 3778 778 3849; x_wconf 81' lang='grc' dir='ltr'>Περιαλγῆ</span> <span class='ocrx_word' id='word_1_299' title='bbox 817 3777 998 3830; x_wconf 85' lang='grc' dir='ltr'>τοίνυν</span> <span class='ocrx_word' id='word_1_300' title='bbox 1029 3778 1122 3828; x_wconf 76' lang='grc' dir='ltr'><strong>ἐπὶ</strong></span> <span class='ocrx_word' id='word_1_301' title='bbox 1151 3777 1360 3837; x_wconf 88' lang='grc' dir='ltr'>τούτοις</span> <span class='ocrx_word' id='word_1_302' title='bbox 1390 3777 1483 3828; x_wconf 78' lang='grc' dir='ltr'><strong>τὸν</strong></span> <span class='ocrx_word' id='word_1_303' title='bbox 1515 3776 1770 3844; x_wconf 84' lang='grc' dir='ltr'>μάρτυρα</span> 
     </span>
    </p>
   </div>
   <div class='ocr_carea' id='block_1_40' title="bbox 193 3868 1766 3940">
    <p class='ocr_par' dir='ltr' id='par_1_40' title="bbox 193 3868 1766 3940">
     <span class='ocr_line' id='line_1_40' title="bbox 193 3868 1766 3940; baseline -0.004 -13"><span class='ocrx_word' id='word_1_304' title='bbox 193 3875 556 3940; x_wconf 81' lang='grc' dir='ltr'>Θεασάμενος,</span> <span class='ocrx_word' id='word_1_305' title='bbox 601 3873 662 3924; x_wconf 80' lang='lat' dir='ltr'><strong>El</strong></span> <span class='ocrx_word' id='word_1_306' title='bbox 688 3870 860 3939; x_wconf 82' lang='grc' dir='ltr'>γλυκύ</span> <span class='ocrx_word' id='word_1_307' title='bbox 893 3887 977 3922; x_wconf 91' lang='grc' dir='ltr'><strong>σοι</strong></span> <span class='ocrx_word' id='word_1_308' title='bbox 1018 3871 1079 3921; x_wconf 77' lang='grc' dir='ltr'><strong>τὸ</strong></span> <span class='ocrx_word' id='word_1_309' title='bbox 1113 3868 1202 3920; x_wconf 86' lang='grc' dir='ltr'>διὰ</span> <span class='ocrx_word' id='word_1_310' title='bbox 1227 3868 1465 3938; x_wconf 85' lang='grc' dir='ltr'>Χριστοῦ</span> <span class='ocrx_word' id='word_1_311' title='bbox 1511 3869 1766 3938; x_wconf 74' lang='grc' dir='ltr'>πάσχειν,</span> 
     </span>
    </p>
   </div>
   <div class='ocr_carea' id='block_1_41' title="bbox 189 3960 1771 4034">
    <p class='ocr_par' dir='ltr' id='par_1_41' title="bbox 189 3960 1771 4034">
     <span class='ocr_line' id='line_1_41' title="bbox 189 3960 1771 4034; baseline -0.005 -14"><span class='ocrx_word' id='word_1_312' title='bbox 189 3967 325 4034; x_wconf 72' lang='grc' dir='ltr'>ἔφη,</span> <span class='ocrx_word' id='word_1_313' title='bbox 359 3964 678 4029; x_wconf 76' lang='grc' dir='ltr'>Σαόὀάτιος,</span> <span class='ocrx_word' id='word_1_314' title='bbox 713 3964 876 4018; x_wconf 84' lang='grc' dir='ltr'>πόθεν</span> <span class='ocrx_word' id='word_1_315' title='bbox 905 3964 953 4016; x_wconf 90' lang='grc' dir='ltr'><strong>οί</strong></span> <span class='ocrx_word' id='word_1_316' title='bbox 986 3963 1278 4032; x_wconf 76' lang='grc' dir='ltr'>στεναγμοὶ</span> <span class='ocrx_word' id='word_1_317' title='bbox 1334 3963 1429 4016; x_wconf 76' lang='grc' dir='ltr'>καὶ</span> <span class='ocrx_word' id='word_1_318' title='bbox 1480 3962 1549 4015; x_wconf 80' lang='grc' dir='ltr'>τὰ</span> <span class='ocrx_word' id='word_1_319' title='bbox 1595 3960 1771 4031; x_wconf 82' lang='grc' dir='ltr'>θερμὰ</span> 
     </span>
    </p>
   </div>
   <div class='ocr_carea' id='block_1_42' title="bbox 189 4054 1771 4127">
    <p class='ocr_par' dir='ltr' id='par_1_42' title="bbox 189 4054 1771 4127">
     <span class='ocr_line' id='line_1_42' title="bbox 189 4054 1771 4127; baseline -0.004 -16"><span class='ocrx_word' id='word_1_320' title='bbox 189 4063 355 4111; x_wconf 77' lang='grc' dir='ltr'>ταυτὶ</span> <span class='ocrx_word' id='word_1_321' title='bbox 385 4058 629 4127; x_wconf 77' lang='grc' dir='ltr'>δάκρυας</span> <span class='ocrx_word' id='word_1_322' title='bbox 661 4055 755 4110; x_wconf 84' lang='grc' dir='ltr'><strong>Ἱν⁹</strong></span> <span class='ocrx_word' id='word_1_323' title='bbox 786 4057 954 4127; x_wconf 70' lang='grc' dir='ltr'>εἰδῇς,</span> <span class='ocrx_word' id='word_1_324' title='bbox 975 4058 1002 4108; x_wconf 90' lang='lat'><strong>6</strong></span> <span class='ocrx_word' id='word_1_325' title='bbox 1035 4058 1246 4125; x_wconf 78' lang='grc' dir='ltr'>μάρτυς</span> <span class='ocrx_word' id='word_1_326' title='bbox 1272 4057 1459 4123; x_wconf 73' lang='grc' dir='ltr'>φησὶν,</span> <span class='ocrx_word' id='word_1_327' title='bbox 1491 4054 1636 4115; x_wconf 83' lang='grc' dir='ltr'>ὅπως</span> <span class='ocrx_word' id='word_1_328' title='bbox 1661 4054 1771 4120; x_wconf 80' lang='grc' dir='ltr'><strong>ἐγὼ</strong></span> 
     </span>
    </p>
   </div>
   <div class='ocr_carea' id='block_1_43' title="bbox 188 4145 1770 4219">
    <p class='ocr_par' dir='ltr' id='par_1_43' title="bbox 188 4145 1770 4219">
     <span class='ocr_line' id='line_1_43' title="bbox 188 4145 1770 4219; baseline -0.005 -16"><span class='ocrx_word' id='word_1_329' title='bbox 188 4151 256 4203; x_wconf 84' lang='grc' dir='ltr'><strong>τὸ</strong></span> <span class='ocrx_word' id='word_1_330' title='bbox 286 4151 518 4219; x_wconf 82' lang='grc' dir='ltr'>πρᾶγμα</span> <span class='ocrx_word' id='word_1_331' title='bbox 546 4149 682 4216; x_wconf 81' lang='grc' dir='ltr'>διψῶ</span> <span class='ocrx_word' id='word_1_332' title='bbox 703 4162 715 4177; x_wconf 82' lang='grc'><em>’</em></span> <span class='ocrx_word' id='word_1_333' title='bbox 760 4149 854 4200; x_wconf 77' lang='grc' dir='ltr'>καὶ</span> <span class='ocrx_word' id='word_1_334' title='bbox 883 4148 1008 4199; x_wconf 84' lang='grc' dir='ltr'>ὅσου</span> <span class='ocrx_word' id='word_1_335' title='bbox 1062 4145 1310 4215; x_wconf 84' lang='grc' dir='ltr'>τιμῶμαι</span> <span class='ocrx_word' id='word_1_336' title='bbox 1343 4146 1401 4197; x_wconf 81' lang='grc' dir='ltr'><strong>τὸ</strong></span> <span class='ocrx_word' id='word_1_337' title='bbox 1443 4145 1510 4197; x_wconf 86' lang='grc' dir='ltr'>δι’</span> <span class='ocrx_word' id='word_1_338' title='bbox 1561 4147 1770 4197; x_wconf 69' lang='grc' dir='ltr'>ἐκεῖνον</span> 
     </span>
    </p>
   </div>
   <div class='ocr_carea' id='block_1_44' title="bbox 192 4235 1771 4308">
    <p class='ocr_par' dir='ltr' id='par_1_44' title="bbox 192 4235 1771 4308">
     <span class='ocr_line' id='line_1_44' title="bbox 192 4235 1771 4308; baseline -0.005 -12"><span class='ocrx_word' id='word_1_339' title='bbox 192 4241 394 4296; x_wconf 80' lang='grc' dir='ltr'>παθεῖν</span> <span class='ocrx_word' id='word_1_340' title='bbox 415 4257 427 4270; x_wconf 91' lang='grc'><strong>·</strong></span> <span class='ocrx_word' id='word_1_341' title='bbox 461 4241 544 4294; x_wconf 77' lang='grc' dir='ltr'><strong>ὅτι</strong></span> <span class='ocrx_word' id='word_1_342' title='bbox 590 4240 684 4293; x_wconf 73' lang='grc' dir='ltr'><strong>καὶ</strong></span> <span class='ocrx_word' id='word_1_343' title='bbox 717 4238 858 4292; x_wconf 74' lang='grc' dir='ltr'>οὕτω</span> <span class='ocrx_word' id='word_1_344' title='bbox 888 4237 1225 4308; x_wconf 85' lang='grc' dir='ltr'>δριμυτάτην</span> <span class='ocrx_word' id='word_1_345' title='bbox 1251 4236 1443 4306; x_wconf 87' lang='grc' dir='ltr'>ὀδύνης</span> <span class='ocrx_word' id='word_1_346' title='bbox 1482 4235 1771 4308; x_wconf 81' lang='grc' dir='ltr'>δεχόμενος</span> 
     </span>
    </p>
   </div>
   <div class='ocr_carea' id='block_1_45' title="bbox 190 4327 1773 4403">
    <p class='ocr_par' dir='ltr' id='par_1_45' title="bbox 190 4327 1773 4403">
     <span class='ocr_line' id='line_1_45' title="bbox 190 4327 1773 4403; baseline -0.006 -14"><span class='ocrx_word' id='word_1_347' title='bbox 190 4333 479 4403; x_wconf 78' lang='grc' dir='ltr'>αισθησιν,</span> <span class='ocrx_word' id='word_1_348' title='bbox 506 4331 580 4396; x_wconf 82' lang='grc' dir='ltr'>ὡς</span> <span class='ocrx_word' id='word_1_349' title='bbox 610 4333 702 4388; x_wconf 81' lang='grc' dir='ltr'><strong>καί</strong></span> <span class='ocrx_word' id='word_1_350' title='bbox 724 4333 802 4392; x_wconf 82' lang='grc' dir='ltr'><strong>είς</strong></span> <span class='ocrx_word' id='word_1_351' title='bbox 825 4331 1036 4401; x_wconf 77' lang='grc' dir='ltr'>δάκρυα</span> <span class='ocrx_word' id='word_1_352' title='bbox 1083 4331 1292 4399; x_wconf 63' lang='grc' dir='ltr'>φανερὰ</span> <span class='ocrx_word' id='word_1_353' title='bbox 1320 4327 1656 4396; x_wconf 80' lang='grc' dir='ltr'>κατάγεσθαι</span> <span class='ocrx_word' id='word_1_354' title='bbox 1680 4330 1773 4381; x_wconf 79' lang='grc' dir='ltr'>καὶ</span> 
     </span>
    </p>
   </div>
   <div class='ocr_carea' id='block_1_46' title="bbox 188 4420 1773 4493">
    <p class='ocr_par' dir='ltr' id='par_1_46' title="bbox 188 4420 1773 4493">
     <span class='ocr_line' id='line_1_46' title="bbox 188 4420 1773 4493; baseline -0.001 -17"><span class='ocrx_word' id='word_1_355' title='bbox 188 4424 447 4493; x_wconf 81' lang='grc' dir='ltr'>χαλεπῶς</span> <span class='ocrx_word' id='word_1_356' title='bbox 496 4425 703 4492; x_wconf 84' lang='grc' dir='ltr'>φέρειν,</span> <span class='ocrx_word' id='word_1_357' title='bbox 729 4424 877 4493; x_wconf 82' lang='grc' dir='ltr'>ὅμως</span> <span class='ocrx_word' id='word_1_358' title='bbox 911 4422 1240 4492; x_wconf 83' lang='grc' dir='ltr'>θερμότερον</span> <span class='ocrx_word' id='word_1_359' title='bbox 1263 4420 1346 4474; x_wconf 77' lang='grc' dir='ltr'>ἐτι</span> <span class='ocrx_word' id='word_1_360' title='bbox 1375 4421 1466 4472; x_wconf 81' lang='grc' dir='ltr'><strong>τοῦ</strong></span> <span class='ocrx_word' id='word_1_361' title='bbox 1501 4424 1578 4485; x_wconf 88' lang='grc' dir='ltr'><strong>είς</strong></span> <span class='ocrx_word' id='word_1_362' title='bbox 1609 4422 1773 4475; x_wconf 81' lang='grc' dir='ltr'>αὐτὸν</span> 
     </span>
    </p>
   </div>
   <div class='ocr_carea' id='block_1_47' title="bbox 1862 567 3444 639">
    <p class='ocr_par' dir='ltr' id='par_1_47' title="bbox 1862 567 3444 639">
     <span class='ocr_line' id='line_1_47' title="bbox 1862 567 3444 639; baseline 0.001 -17"><span class='ocrx_word' id='word_1_363' title='bbox 1862 567 2115 638; x_wconf 85' lang='lat' dir='ltr'><strong>busligni</strong></span> <span class='ocrx_word' id='word_1_364' title='bbox 2139 568 2206 623; x_wconf 91' lang='lat' dir='ltr'><strong>ad</strong></span> <span class='ocrx_word' id='word_1_365' title='bbox 2230 569 2593 639; x_wconf 82' lang='lat' dir='ltr'><strong>torquendum</strong></span> <span class='ocrx_word' id='word_1_366' title='bbox 2619 569 2940 639; x_wconf 87' lang='lat' dir='ltr'><strong>comparati,</strong></span> <span class='ocrx_word' id='word_1_367' title='bbox 2967 576 3025 623; x_wconf 87' lang='lat' dir='ltr'><strong>ut</strong></span> <span class='ocrx_word' id='word_1_368' title='bbox 3057 583 3126 624; x_wconf 90' lang='lat' dir='ltr'><strong>ne</strong></span> <span class='ocrx_word' id='word_1_369' title='bbox 3154 567 3444 624; x_wconf 86' lang='lat' dir='ltr'><strong>minimum</strong></span> 
     </span>
    </p>
   </div>
   <div class='ocr_carea' id='block_1_48' title="bbox 1861 661 2628 734">
    <p class='ocr_par' dir='ltr' id='par_1_48' title="bbox 1861 661 2628 734">
     <span class='ocr_line' id='line_1_48' title="bbox 1861 661 2628 734; baseline 0.005 -19"><span class='ocrx_word' id='word_1_370' title='bbox 1861 661 2078 732; x_wconf 85' lang='lat' dir='ltr'><strong>quidem</strong></span> <span class='ocrx_word' id='word_1_371' title='bbox 2112 673 2293 733; x_wconf 84' lang='lat' dir='ltr'><strong>posset</strong></span> <span class='ocrx_word' id='word_1_372' title='bbox 2333 665 2628 734; x_wconf 81' lang='lat' dir='ltr'><strong>respirare.</strong></span> 
     </span>
    </p>
   </div>
   <div class='ocr_carea' id='block_1_49' title="bbox 1935 846 3443 920">
    <p class='ocr_par' dir='ltr' id='par_1_49' title="bbox 1935 846 3443 920">
     <span class='ocr_line' id='line_1_49' title="bbox 1935 846 3443 920; baseline 0.001 -20"><span class='ocrx_word' id='word_1_373' title='bbox 1935 846 2023 901; x_wconf 75' lang='grc' dir='ltr'><strong>Η.</strong></span> <span class='ocrx_word' id='word_1_374' title='bbox 2063 847 2145 902; x_wconf 81' lang='lat' dir='ltr'><strong>Ad</strong></span> <span class='ocrx_word' id='word_1_375' title='bbox 2179 849 2415 902; x_wconf 82' lang='lat' dir='ltr'><strong>tribunal</strong></span> <span class='ocrx_word' id='word_1_376' title='bbox 2458 857 2643 904; x_wconf 91' lang='lat' dir='ltr'><strong>autem</strong></span> <span class='ocrx_word' id='word_1_377' title='bbox 2691 860 2813 920; x_wconf 83' lang='lat' dir='ltr'><strong>post</strong></span> <span class='ocrx_word' id='word_1_378' title='bbox 2855 849 3034 918; x_wconf 89' lang='lat' dir='ltr'><strong>ipsum</strong></span> <span class='ocrx_word' id='word_1_379' title='bbox 3075 848 3443 904; x_wconf 82' lang='lat' dir='ltr'><strong>introducitur</strong></span> 
     </span>
    </p>
   </div>
   <div class='ocr_carea' id='block_1_50' title="bbox 1863 939 3437 1011">
    <p class='ocr_par' dir='ltr' id='par_1_50' title="bbox 1863 939 3437 1011">
     <span class='ocr_line' id='line_1_50' title="bbox 1863 939 3437 1011; baseline 0.001 -19"><span class='ocrx_word' id='word_1_380' title='bbox 1863 941 2113 1011; x_wconf 82' lang='lat' dir='ltr'><strong>egregius</strong></span> <span class='ocrx_word' id='word_1_381' title='bbox 2137 939 2448 996; x_wconf 85' lang='lat' dir='ltr'><strong>Sabbatius.</strong></span> <span class='ocrx_word' id='word_1_382' title='bbox 2476 941 2536 994; x_wconf 85' lang='lat' dir='ltr'><strong>Ei</strong></span> <span class='ocrx_word' id='word_1_383' title='bbox 2569 951 2750 996; x_wconf 85' lang='lat' dir='ltr'><strong>autem</strong></span> <span class='ocrx_word' id='word_1_384' title='bbox 2795 942 2979 997; x_wconf 83' lang='lat' dir='ltr'><strong>statim</strong></span> <span class='ocrx_word' id='word_1_385' title='bbox 3012 941 3144 995; x_wconf 82' lang='lat' dir='ltr'><strong>dicit</strong></span> <span class='ocrx_word' id='word_1_386' title='bbox 3185 956 3388 1010; x_wconf 76' lang='lat' dir='ltr'><strong>praeses</strong></span> <span class='ocrx_word' id='word_1_387' title='bbox 3424 957 3437 994; x_wconf 92' lang='lat'><strong>:</strong></span> 
     </span>
    </p>
   </div>
   <div class='ocr_carea' id='block_1_51' title="bbox 1861 1030 3442 1105">
    <p class='ocr_par' dir='ltr' id='par_1_51' title="bbox 1861 1030 3442 1105">
     <span class='ocr_line' id='line_1_51' title="bbox 1861 1030 3442 1105; baseline 0.001 -20"><span class='ocrx_word' id='word_1_388' title='bbox 1861 1030 1981 1086; x_wconf 89' lang='lat' dir='ltr'><strong>Non</strong></span> <span class='ocrx_word' id='word_1_389' title='bbox 2027 1049 2179 1104; x_wconf 88' lang='lat' dir='ltr'><strong>rogo,</strong></span> <span class='ocrx_word' id='word_1_390' title='bbox 2224 1049 2290 1088; x_wconf 87' lang='lat' dir='ltr'><strong>an</strong></span> <span class='ocrx_word' id='word_1_391' title='bbox 2346 1036 2419 1090; x_wconf 85' lang='lat' dir='ltr'><strong>sis</strong></span> <span class='ocrx_word' id='word_1_392' title='bbox 2463 1035 2808 1090; x_wconf 89' lang='lat' dir='ltr'><strong>Christianus</strong></span> <span class='ocrx_word' id='word_1_393' title='bbox 2846 1035 2974 1105; x_wconf 86' lang='lat' dir='ltr'><strong>(hoc</strong></span> <span class='ocrx_word' id='word_1_394' title='bbox 3013 1034 3159 1090; x_wconf 87' lang='lat' dir='ltr'><strong>enim</strong></span> <span class='ocrx_word' id='word_1_395' title='bbox 3214 1033 3442 1088; x_wconf 84' lang='lat' dir='ltr'><strong>verbum</strong></span> 
     </span>
    </p>
   </div>
   <div class='ocr_carea' id='block_1_52' title="bbox 1861 1124 3446 1195">
    <p class='ocr_par' dir='ltr' id='par_1_52' title="bbox 1861 1124 3446 1195">
     <span class='ocr_line' id='line_1_52' title="bbox 1861 1124 3446 1195; baseline 0.001 -19"><span class='ocrx_word' id='word_1_396' title='bbox 1861 1124 1998 1179; x_wconf 89' lang='lat' dir='ltr'><strong>adeo</strong></span> <span class='ocrx_word' id='word_1_397' title='bbox 2027 1127 2382 1180; x_wconf 76' lang='lat' dir='ltr'><strong>aversabatur</strong></span> <span class='ocrx_word' id='word_1_398' title='bbox 2406 1167 2420 1190; x_wconf 95' lang='lat'><strong>,</strong></span> <span class='ocrx_word' id='word_1_399' title='bbox 2452 1136 2510 1181; x_wconf 91' lang='lat' dir='ltr'><strong>ut</strong></span> <span class='ocrx_word' id='word_1_400' title='bbox 2539 1142 2608 1181; x_wconf 90' lang='lat' dir='ltr'><strong>ne</strong></span> <span class='ocrx_word' id='word_1_401' title='bbox 2640 1127 2801 1182; x_wconf 89' lang='lat' dir='ltr'><strong>vellet</strong></span> <span class='ocrx_word' id='word_1_402' title='bbox 2827 1127 3041 1195; x_wconf 86' lang='lat' dir='ltr'><strong>quidem</strong></span> <span class='ocrx_word' id='word_1_403' title='bbox 3067 1124 3276 1190; x_wconf 88' lang='lat' dir='ltr'><strong>audire,</strong></span> <span class='ocrx_word' id='word_1_404' title='bbox 3308 1138 3446 1193; x_wconf 87' lang='lat' dir='ltr'><strong>quo-</strong></span> 
     </span>
    </p>
   </div>
   <div class='ocr_carea' id='block_1_53' title="bbox 1860 1215 3446 1286">
    <p class='ocr_par' dir='ltr' id='par_1_53' title="bbox 1860 1215 3446 1286">
     <span class='ocr_line' id='line_1_53' title="bbox 1860 1215 3446 1286; baseline 0.001 -18"><span class='ocrx_word' id='word_1_405' title='bbox 1860 1215 2006 1269; x_wconf 84' lang='lat' dir='ltr'><strong>niam</strong></span> <span class='ocrx_word' id='word_1_406' title='bbox 2038 1231 2141 1271; x_wconf 90' lang='lat' dir='ltr'><strong>nec</strong></span> <span class='ocrx_word' id='word_1_407' title='bbox 2170 1233 2311 1285; x_wconf 68' lang='lat' dir='ltr'><strong>aeger</strong></span> <span class='ocrx_word' id='word_1_408' title='bbox 2337 1225 2524 1274; x_wconf 86' lang='lat' dir='ltr'><strong>oculos</strong></span> <span class='ocrx_word' id='word_1_409' title='bbox 2555 1218 2880 1273; x_wconf 81' lang='lat' dir='ltr'><strong>sustinuerit</strong></span> <span class='ocrx_word' id='word_1_410' title='bbox 2905 1219 3089 1273; x_wconf 88' lang='lat' dir='ltr'><strong>videre</strong></span> <span class='ocrx_word' id='word_1_411' title='bbox 3115 1219 3290 1272; x_wconf 88' lang='lat' dir='ltr'><strong>lucem</strong></span> <span class='ocrx_word' id='word_1_412' title='bbox 3322 1231 3446 1286; x_wconf 82' lang='lat' dir='ltr'><strong>gra-</strong></span> 
     </span>
    </p>
   </div>
   <div class='ocr_carea' id='block_1_54' title="bbox 1861 1308 3444 1382">
    <p class='ocr_par' dir='ltr' id='par_1_54' title="bbox 1861 1308 3444 1382">
     <span class='ocr_line' id='line_1_54' title="bbox 1861 1308 3444 1382; baseline -0.001 -20"><span class='ocrx_word' id='word_1_413' title='bbox 1861 1315 1972 1362; x_wconf 84' lang='lat' dir='ltr'><strong>tam</strong></span> <span class='ocrx_word' id='word_1_414' title='bbox 2013 1308 2290 1379; x_wconf 86' lang='lat' dir='ltr'><strong>omnibus)</strong></span> <span class='ocrx_word' id='word_1_415' title='bbox 2325 1349 2341 1374; x_wconf 96' lang='lat'><strong>,</strong></span> <span class='ocrx_word' id='word_1_416' title='bbox 2388 1312 2482 1365; x_wconf 89' lang='lat' dir='ltr'><strong>sed</strong></span> <span class='ocrx_word' id='word_1_417' title='bbox 2524 1311 2612 1367; x_wconf 90' lang='lat' dir='ltr'><strong>dic</strong></span> <span class='ocrx_word' id='word_1_418' title='bbox 2657 1311 2912 1382; x_wconf 88' lang='lat' dir='ltr'><strong>primum,</strong></span> <span class='ocrx_word' id='word_1_419' title='bbox 2953 1323 3202 1380; x_wconf 69' lang='lat' dir='ltr'><strong>quaenam</strong></span> <span class='ocrx_word' id='word_1_420' title='bbox 3240 1308 3313 1362; x_wconf 82' lang='lat' dir='ltr'><strong>sit</strong></span> <span class='ocrx_word' id='word_1_421' title='bbox 3351 1316 3444 1362; x_wconf 87' lang='lat' dir='ltr'><strong>tua</strong></span> 
     </span>
    </p>
   </div>
   <div class='ocr_carea' id='block_1_55' title="bbox 1861 1399 3445 1472">
    <p class='ocr_par' dir='ltr' id='par_1_55' title="bbox 1861 1399 3445 1472">
     <span class='ocr_line' id='line_1_55' title="bbox 1861 1399 3445 1472; baseline -0.002 -16"><span class='ocrx_word' id='word_1_422' title='bbox 1861 1401 2115 1472; x_wconf 76' lang='lat' dir='ltr'><strong>dignitas.</strong></span> <span class='ocrx_word' id='word_1_423' title='bbox 2154 1399 2444 1457; x_wconf 86' lang='lat' dir='ltr'><strong>Sabbatius</strong></span> <span class='ocrx_word' id='word_1_424' title='bbox 2497 1415 2679 1458; x_wconf 88' lang='lat' dir='ltr'><strong>autem</strong></span> <span class='ocrx_word' id='word_1_425' title='bbox 2720 1422 2733 1458; x_wconf 77' lang='grc' dir='ltr'><strong>ε</strong></span> <span class='ocrx_word' id='word_1_426' title='bbox 2775 1403 2930 1469; x_wconf 76' lang='lat' dir='ltr'><strong>Mihi,</strong></span> <span class='ocrx_word' id='word_1_427' title='bbox 2964 1404 3163 1472; x_wconf 88' lang='lat' dir='ltr'><strong>inquit,</strong></span> <span class='ocrx_word' id='word_1_428' title='bbox 3196 1417 3230 1456; x_wconf 90' lang='grc' dir='ltr'><strong>ο</strong></span> <span class='ocrx_word' id='word_1_429' title='bbox 3255 1400 3445 1472; x_wconf 73' lang='lat' dir='ltr'><strong>iudex,</strong></span> 
     </span>
    </p>
   </div>
   <div class='ocr_carea' id='block_1_56' title="bbox 1862 1491 3448 1566">
    <p class='ocr_par' dir='ltr' id='par_1_56' title="bbox 1862 1491 3448 1566">
     <span class='ocr_line' id='line_1_56' title="bbox 1862 1491 3448 1566; baseline -0.001 -17"><span class='ocrx_word' id='word_1_430' title='bbox 1862 1501 1916 1549; x_wconf 90' lang='lat' dir='ltr'><strong>et</strong></span> <span class='ocrx_word' id='word_1_431' title='bbox 1953 1494 2204 1562; x_wconf 80' lang='lat' dir='ltr'><strong>dignitas,</strong></span> <span class='ocrx_word' id='word_1_432' title='bbox 2231 1502 2287 1549; x_wconf 81' lang='lat' dir='ltr'><strong>et</strong></span> <span class='ocrx_word' id='word_1_433' title='bbox 2322 1495 2516 1563; x_wconf 82' lang='lat' dir='ltr'><strong>patria,</strong></span> <span class='ocrx_word' id='word_1_434' title='bbox 2559 1506 2610 1550; x_wconf 82' lang='lat' dir='ltr'><strong>et</strong></span> <span class='ocrx_word' id='word_1_435' title='bbox 2641 1497 2830 1566; x_wconf 79' lang='lat' dir='ltr'><strong>gloria,</strong></span> <span class='ocrx_word' id='word_1_436' title='bbox 2865 1507 2922 1550; x_wconf 90' lang='lat' dir='ltr'><strong>et</strong></span> <span class='ocrx_word' id='word_1_437' title='bbox 2970 1496 3259 1550; x_wconf 78' lang='lat' dir='ltr'><strong>facultates</strong></span> <span class='ocrx_word' id='word_1_438' title='bbox 3286 1491 3448 1548; x_wconf 84' lang='lat' dir='ltr'><strong>Chri-</strong></span> 
     </span>
    </p>
   </div>
   <div class='ocr_carea' id='block_1_57' title="bbox 1864 1587 3445 1659">
    <p class='ocr_par' dir='ltr' id='par_1_57' title="bbox 1864 1587 3445 1659">
     <span class='ocr_line' id='line_1_57' title="bbox 1864 1587 3445 1659; baseline -0.001 -19"><span class='ocrx_word' id='word_1_439' title='bbox 1864 1593 1980 1641; x_wconf 83' lang='lat' dir='ltr'><strong>stus</strong></span> <span class='ocrx_word' id='word_1_440' title='bbox 2011 1598 2090 1641; x_wconf 91' lang='lat' dir='ltr'><strong>est</strong></span> <span class='ocrx_word' id='word_1_441' title='bbox 2125 1587 2218 1642; x_wconf 83' lang='lat' dir='ltr'><strong>Dei</strong></span> <span class='ocrx_word' id='word_1_442' title='bbox 2256 1587 2424 1643; x_wconf 86' lang='lat' dir='ltr'><strong>Filius</strong></span> <span class='ocrx_word' id='word_1_443' title='bbox 2467 1605 2682 1659; x_wconf 87' lang='lat' dir='ltr'><strong>semper</strong></span> <span class='ocrx_word' id='word_1_444' title='bbox 2715 1589 2924 1652; x_wconf 83' lang='lat' dir='ltr'><strong>vivens,</strong></span> <span class='ocrx_word' id='word_1_445' title='bbox 2956 1589 3112 1659; x_wconf 86' lang='lat' dir='ltr'><strong>cujus</strong></span> <span class='ocrx_word' id='word_1_446' title='bbox 3153 1587 3445 1656; x_wconf 88' lang='lat' dir='ltr'><strong>providen-</strong></span> 
     </span>
    </p>
   </div>
   <div class='ocr_carea' id='block_1_58' title="bbox 1865 1675 3444 1752">
    <p class='ocr_par' dir='ltr' id='par_1_58' title="bbox 1865 1675 3444 1752">
     <span class='ocr_line' id='line_1_58' title="bbox 1865 1675 3444 1752; baseline 0.003 -25"><span class='ocrx_word' id='word_1_447' title='bbox 1865 1675 1935 1728; x_wconf 85' lang='lat' dir='ltr'><strong>tia</strong></span> <span class='ocrx_word' id='word_1_448' title='bbox 1967 1677 2068 1730; x_wconf 88' lang='lat' dir='ltr'><strong>hoc</strong></span> <span class='ocrx_word' id='word_1_449' title='bbox 2097 1681 2412 1734; x_wconf 88' lang='lat' dir='ltr'><strong>universum</strong></span> <span class='ocrx_word' id='word_1_450' title='bbox 2445 1682 2650 1752; x_wconf 82' lang='lat' dir='ltr'><strong>regitur</strong></span> <span class='ocrx_word' id='word_1_451' title='bbox 2681 1693 2734 1736; x_wconf 89' lang='lat' dir='ltr'><strong>et</strong></span> <span class='ocrx_word' id='word_1_452' title='bbox 2762 1683 3114 1752; x_wconf 83' lang='lat' dir='ltr'><strong>gubernatur.</strong></span> <span class='ocrx_word' id='word_1_453' title='bbox 3142 1679 3319 1735; x_wconf 64' lang='lat' dir='ltr'><strong>Iudex</strong></span> <span class='ocrx_word' id='word_1_454' title='bbox 3343 1695 3444 1732; x_wconf 87' lang='lat' dir='ltr'><strong>au—</strong></span> 
     </span>
    </p>
   </div>
   <div class='ocr_carea' id='block_1_59' title="bbox 1865 1767 3446 1844">
    <p class='ocr_par' dir='ltr' id='par_1_59' title="bbox 1865 1767 3446 1844">
     <span class='ocr_line' id='line_1_59' title="bbox 1865 1767 3446 1844; baseline 0.003 -24"><span class='ocrx_word' id='word_1_455' title='bbox 1865 1774 1970 1821; x_wconf 91' lang='lat' dir='ltr'><strong>tem</strong></span> <span class='ocrx_word' id='word_1_456' title='bbox 2000 1767 2170 1825; x_wconf 88' lang='lat' dir='ltr'><strong>libero</strong></span> <span class='ocrx_word' id='word_1_457' title='bbox 2204 1774 2457 1842; x_wconf 84' lang='lat' dir='ltr'><strong>martyris</strong></span> <span class='ocrx_word' id='word_1_458' title='bbox 2499 1790 2763 1844; x_wconf 88' lang='lat' dir='ltr'><strong>responso</strong></span> <span class='ocrx_word' id='word_1_459' title='bbox 2797 1775 3090 1828; x_wconf 88' lang='lat' dir='ltr'><strong>arbitratus</strong></span> <span class='ocrx_word' id='word_1_460' title='bbox 3111 1788 3167 1826; x_wconf 91' lang='lat' dir='ltr'><strong>se</strong></span> <span class='ocrx_word' id='word_1_461' title='bbox 3196 1786 3320 1827; x_wconf 84' lang='lat' dir='ltr'><strong>esse</strong></span> <span class='ocrx_word' id='word_1_462' title='bbox 3346 1787 3446 1825; x_wconf 77' lang='lat' dir='ltr'><strong>ex-</strong></span> 
     </span>
    </p>
   </div>
   <div class='ocr_carea' id='block_1_60' title="bbox 1866 1860 3445 1935">
    <p class='ocr_par' dir='ltr' id='par_1_60' title="bbox 1866 1860 3445 1935">
     <span class='ocr_line' id='line_1_60' title="bbox 1866 1860 3445 1935; baseline 0.004 -25"><span class='ocrx_word' id='word_1_463' title='bbox 1866 1865 2037 1913; x_wconf 89' lang='lat' dir='ltr'><strong>trema</strong></span> <span class='ocrx_word' id='word_1_464' title='bbox 2095 1860 2346 1916; x_wconf 66' lang='lat' dir='ltr'><strong>allectum</strong></span> <span class='ocrx_word' id='word_1_465' title='bbox 2388 1865 2738 1927; x_wconf 80' lang='lat' dir='ltr'><strong>contumelia,</strong></span> <span class='ocrx_word' id='word_1_466' title='bbox 2779 1865 2826 1919; x_wconf 92' lang='lat' dir='ltr'><strong>ei</strong></span> <span class='ocrx_word' id='word_1_467' title='bbox 2873 1866 3123 1935; x_wconf 83' lang='lat' dir='ltr'><strong>impingit</strong></span> <span class='ocrx_word' id='word_1_468' title='bbox 3210 1865 3445 1934; x_wconf 83' lang='lat' dir='ltr'><strong>alapam,</strong></span> 
     </span>
    </p>
   </div>
   <div class='ocr_carea' id='block_1_61' title="bbox 1865 1951 3443 2025">
    <p class='ocr_par' dir='ltr' id='par_1_61' title="bbox 1865 1951 3443 2025">
     <span class='ocr_line' id='line_1_61' title="bbox 1865 1951 3443 2025; baseline 0.003 -22"><span class='ocrx_word' id='word_1_469' title='bbox 1865 1951 2172 2008; x_wconf 89' lang='lat' dir='ltr'><strong>acclamans</strong></span> <span class='ocrx_word' id='word_1_470' title='bbox 2200 1974 2210 2008; x_wconf 93' lang='lat'><strong>:</strong></span> <span class='ocrx_word' id='word_1_471' title='bbox 2238 1954 2526 2024; x_wconf 83' lang='lat' dir='ltr'><strong>Responde</strong></span> <span class='ocrx_word' id='word_1_472' title='bbox 2556 1955 2622 2008; x_wconf 88' lang='lat' dir='ltr'><strong>ad</strong></span> <span class='ocrx_word' id='word_1_473' title='bbox 2645 1957 2983 2025; x_wconf 87' lang='lat' dir='ltr'><strong>propositum</strong></span> <span class='ocrx_word' id='word_1_474' title='bbox 3006 1997 3020 2020; x_wconf 96' lang='lat'><strong>,</strong></span> <span class='ocrx_word' id='word_1_475' title='bbox 3050 1966 3100 2009; x_wconf 91' lang='lat' dir='ltr'><strong>et</strong></span> <span class='ocrx_word' id='word_1_476' title='bbox 3124 1956 3443 2024; x_wconf 85' lang='lat' dir='ltr'><strong>priusquam</strong></span> 
     </span>
    </p>
   </div>
   <div class='ocr_carea' id='block_1_62' title="bbox 1867 2046 3447 2118">
    <p class='ocr_par' dir='ltr' id='par_1_62' title="bbox 1867 2046 3447 2118">
     <span class='ocr_line' id='line_1_62' title="bbox 1867 2046 3447 2118; baseline 0.006 -25"><span class='ocrx_word' id='word_1_477' title='bbox 1867 2048 2262 2099; x_wconf 88' lang='lat' dir='ltr'><strong>tormentorum</strong></span> <span class='ocrx_word' id='word_1_478' title='bbox 2297 2046 2464 2102; x_wconf 82' lang='lat' dir='ltr'><strong>facias</strong></span> <span class='ocrx_word' id='word_1_479' title='bbox 2495 2048 2815 2116; x_wconf 89' lang='lat' dir='ltr'><strong>periculum,</strong></span> <span class='ocrx_word' id='word_1_480' title='bbox 2851 2049 3104 2118; x_wconf 86' lang='lat' dir='ltr'><strong>procede,</strong></span> <span class='ocrx_word' id='word_1_481' title='bbox 3129 2057 3183 2102; x_wconf 86' lang='lat' dir='ltr'><strong>et</strong></span> <span class='ocrx_word' id='word_1_482' title='bbox 3222 2048 3328 2105; x_wconf 82' lang='lat' dir='ltr'><strong>diis</strong></span> <span class='ocrx_word' id='word_1_483' title='bbox 3359 2064 3447 2103; x_wconf 80' lang='lat' dir='ltr'><strong>sa-</strong></span> 
     </span>
    </p>
   </div>
   <div class='ocr_carea' id='block_1_63' title="bbox 1864 2133 3450 2210">
    <p class='ocr_par' dir='ltr' id='par_1_63' title="bbox 1864 2133 3450 2210">
     <span class='ocr_line' id='line_1_63' title="bbox 1864 2133 3450 2210; baseline 0.006 -25"><span class='ocrx_word' id='word_1_484' title='bbox 1864 2133 2069 2188; x_wconf 84' lang='lat' dir='ltr'><strong>criﬁca.</strong></span> <span class='ocrx_word' id='word_1_485' title='bbox 2124 2135 2317 2191; x_wconf 81' lang='lat' dir='ltr'><strong>Postea</strong></span> <span class='ocrx_word' id='word_1_486' title='bbox 2371 2142 2517 2192; x_wconf 90' lang='lat' dir='ltr'><strong>enim</strong></span> <span class='ocrx_word' id='word_1_487' title='bbox 2562 2139 2871 2195; x_wconf 81' lang='lat' dir='ltr'><strong>sacriﬁcare</strong></span> <span class='ocrx_word' id='word_1_488' title='bbox 2917 2140 3347 2210; x_wconf 81' lang='lat' dir='ltr'><strong>eritiugratum,</strong></span> <span class='ocrx_word' id='word_1_489' title='bbox 3393 2149 3450 2195; x_wconf 86' lang='lat' dir='ltr'><strong>et</strong></span> 
     </span>
    </p>
   </div>
   <div class='ocr_carea' id='block_1_64' title="bbox 1865 2225 3447 2298">
    <p class='ocr_par' dir='ltr' id='par_1_64' title="bbox 1865 2225 3447 2298">
     <span class='ocr_line' id='line_1_64' title="bbox 1865 2225 3447 2298; baseline 0.005 -22"><span class='ocrx_word' id='word_1_490' title='bbox 1865 2239 1978 2278; x_wconf 90' lang='lat' dir='ltr'><strong>non</strong></span> <span class='ocrx_word' id='word_1_491' title='bbox 2015 2225 2148 2282; x_wconf 88' lang='lat' dir='ltr'><strong>adeo</strong></span> <span class='ocrx_word' id='word_1_492' title='bbox 2189 2238 2496 2297; x_wconf 88' lang='lat' dir='ltr'><strong>acceptum,</strong></span> <span class='ocrx_word' id='word_1_493' title='bbox 2526 2239 2580 2282; x_wconf 89' lang='lat' dir='ltr'><strong>et</strong></span> <span class='ocrx_word' id='word_1_494' title='bbox 2613 2231 2814 2298; x_wconf 89' lang='lat' dir='ltr'><strong>alioqui</strong></span> <span class='ocrx_word' id='word_1_495' title='bbox 2859 2232 3169 2297; x_wconf 66' lang='lat' dir='ltr'><strong>praecedens</strong></span> <span class='ocrx_word' id='word_1_496' title='bbox 3206 2242 3447 2284; x_wconf 84' lang='lat' dir='ltr'><strong>tormen-</strong></span> 
     </span>
    </p>
   </div>
   <div class='ocr_carea' id='block_1_65' title="bbox 1867 2319 3446 2392">
    <p class='ocr_par' dir='ltr' id='par_1_65' title="bbox 1867 2319 3446 2392">
     <span class='ocr_line' id='line_1_65' title="bbox 1867 2319 3446 2392; baseline 0.003 -20"><span class='ocrx_word' id='word_1_497' title='bbox 1867 2326 1980 2373; x_wconf 90' lang='lat' dir='ltr'><strong>tum</strong></span> <span class='ocrx_word' id='word_1_498' title='bbox 2027 2319 2266 2374; x_wconf 81' lang='lat' dir='ltr'><strong>detrahit</strong></span> <span class='ocrx_word' id='word_1_499' title='bbox 2304 2323 2369 2375; x_wconf 91' lang='lat' dir='ltr'><strong>de</strong></span> <span class='ocrx_word' id='word_1_500' title='bbox 2417 2321 2636 2392; x_wconf 91' lang='lat' dir='ltr'><strong>gaudio,</strong></span> <span class='ocrx_word' id='word_1_501' title='bbox 2669 2321 2813 2391; x_wconf 92' lang='lat' dir='ltr'><strong>quod</strong></span> <span class='ocrx_word' id='word_1_502' title='bbox 2851 2333 3039 2391; x_wconf 89' lang='lat' dir='ltr'><strong>postea</strong></span> <span class='ocrx_word' id='word_1_503' title='bbox 3071 2323 3446 2392; x_wconf 86' lang='lat' dir='ltr'><strong>consequitur.</strong></span> 
     </span>
    </p>
   </div>
   <div class='ocr_carea' id='block_1_66' title="bbox 1867 2409 3449 2485">
    <p class='ocr_par' dir='ltr' id='par_1_66' title="bbox 1867 2409 3449 2485">
     <span class='ocr_line' id='line_1_66' title="bbox 1867 2409 3449 2485; baseline 0.003 -21"><span class='ocrx_word' id='word_1_504' title='bbox 1867 2409 2158 2466; x_wconf 88' lang='lat' dir='ltr'><strong>Sabbatius</strong></span> <span class='ocrx_word' id='word_1_505' title='bbox 2191 2427 2358 2467; x_wconf 87' lang='lat' dir='ltr'><strong>vero:</strong></span> <span class='ocrx_word' id='word_1_506' title='bbox 2389 2412 2642 2476; x_wconf 72' lang='lat' dir='ltr'><strong>Caducae,</strong></span> <span class='ocrx_word' id='word_1_507' title='bbox 2683 2414 2879 2483; x_wconf 91' lang='lat' dir='ltr'><strong>inquit,</strong></span> <span class='ocrx_word' id='word_1_508' title='bbox 2922 2422 2976 2468; x_wconf 89' lang='lat' dir='ltr'><strong>et</strong></span> <span class='ocrx_word' id='word_1_509' title='bbox 3004 2412 3161 2467; x_wconf 69' lang='lat' dir='ltr'><strong>ﬂuxas</strong></span> <span class='ocrx_word' id='word_1_510' title='bbox 3195 2415 3449 2485; x_wconf 68' lang='lat' dir='ltr'><strong>volupta~</strong></span> 
     </span>
    </p>
   </div>
   <div class='ocr_carea' id='block_1_67' title="bbox 1867 2503 3449 2575">
    <p class='ocr_par' dir='ltr' id='par_1_67' title="bbox 1867 2503 3449 2575">
     <span class='ocr_line' id='line_1_67' title="bbox 1867 2503 3449 2575; baseline 0.004 -21"><span class='ocrx_word' id='word_1_511' title='bbox 1867 2503 1956 2562; x_wconf 92' lang='lat' dir='ltr'><strong>tis,</strong></span> <span class='ocrx_word' id='word_1_512' title='bbox 1987 2519 2019 2556; x_wconf 95' lang='lat' dir='ltr'><strong>o</strong></span> <span class='ocrx_word' id='word_1_513' title='bbox 2048 2503 2232 2571; x_wconf 86' lang='lat' dir='ltr'><strong>judex,</strong></span> <span class='ocrx_word' id='word_1_514' title='bbox 2273 2506 2359 2557; x_wconf 86' lang='lat' dir='ltr'><strong>vel</strong></span> <span class='ocrx_word' id='word_1_515' title='bbox 2381 2505 2493 2558; x_wconf 86' lang='lat' dir='ltr'><strong>sola</strong></span> <span class='ocrx_word' id='word_1_516' title='bbox 2533 2507 2816 2574; x_wconf 82' lang='lat' dir='ltr'><strong>perceptio</strong></span> <span class='ocrx_word' id='word_1_517' title='bbox 2865 2516 2948 2559; x_wconf 75' lang='grc' dir='ltr'><strong>εει</strong></span> <span class='ocrx_word' id='word_1_518' title='bbox 2981 2506 3188 2559; x_wconf 89' lang='lat' dir='ltr'><strong>lubrica</strong></span> <span class='ocrx_word' id='word_1_519' title='bbox 3219 2516 3273 2560; x_wconf 92' lang='lat' dir='ltr'><strong>et</strong></span> <span class='ocrx_word' id='word_1_520' title='bbox 3299 2509 3449 2575; x_wconf 81' lang='lat' dir='ltr'><strong>peri-</strong></span> 
     </span>
    </p>
   </div>
   <div class='ocr_carea' id='block_1_68' title="bbox 1866 2591 3446 2669">
    <p class='ocr_par' dir='ltr' id='par_1_68' title="bbox 1866 2591 3446 2669">
     <span class='ocr_line' id='line_1_68' title="bbox 1866 2591 3446 2669; baseline 0.004 -23"><span class='ocrx_word' id='word_1_521' title='bbox 1866 2593 2071 2646; x_wconf 88' lang='lat' dir='ltr'><strong>culosa.</strong></span> <span class='ocrx_word' id='word_1_522' title='bbox 2097 2591 2249 2659; x_wconf 87' lang='lat' dir='ltr'><strong>Quod</strong></span> <span class='ocrx_word' id='word_1_523' title='bbox 2300 2595 2342 2647; x_wconf 92' lang='lat' dir='ltr'><strong>si</strong></span> <span class='ocrx_word' id='word_1_524' title='bbox 2386 2596 2546 2648; x_wconf 90' lang='lat' dir='ltr'><strong>etiam</strong></span> <span class='ocrx_word' id='word_1_525' title='bbox 2589 2607 3012 2665; x_wconf 82' lang='lat' dir='ltr'><strong>conscquentem</strong></span> <span class='ocrx_word' id='word_1_526' title='bbox 3051 2597 3214 2651; x_wconf 86' lang='lat' dir='ltr'><strong>habet</strong></span> <span class='ocrx_word' id='word_1_527' title='bbox 3252 2600 3446 2669; x_wconf 87' lang='lat' dir='ltr'><strong>impie-</strong></span> 
     </span>
    </p>
   </div>
   <div class='ocr_carea' id='block_1_69' title="bbox 1869 2687 3449 2754">
    <p class='ocr_par' dir='ltr' id='par_1_69' title="bbox 1869 2687 3449 2754">
     <span class='ocr_line' id='line_1_69' title="bbox 1869 2687 3449 2754; baseline 0.004 -17"><span class='ocrx_word' id='word_1_528' title='bbox 1869 2692 2058 2748; x_wconf 87' lang='lat' dir='ltr'><strong>tatem,</strong></span> <span class='ocrx_word' id='word_1_529' title='bbox 2113 2695 2376 2754; x_wconf 85' lang='lat' dir='ltr'><strong>quantum</strong></span> <span class='ocrx_word' id='word_1_530' title='bbox 2438 2687 2679 2740; x_wconf 81' lang='lat' dir='ltr'><strong>malum?</strong></span> <span class='ocrx_word' id='word_1_531' title='bbox 2722 2687 3087 2752; x_wconf 81' lang='lat' dir='ltr'><strong>Quamobrem</strong></span> <span class='ocrx_word' id='word_1_532' title='bbox 3139 2698 3267 2742; x_wconf 92' lang='lat' dir='ltr'><strong>sunt</strong></span> <span class='ocrx_word' id='word_1_533' title='bbox 3314 2689 3449 2744; x_wconf 89' lang='lat' dir='ltr'><strong>mihi</strong></span> 
     </span>
    </p>
   </div>
   <div class='ocr_carea' id='block_1_70' title="bbox 1868 2775 3452 2851">
    <p class='ocr_par' dir='ltr' id='par_1_70' title="bbox 1868 2775 3452 2851">
     <span class='ocr_line' id='line_1_70' title="bbox 1868 2775 3452 2851; baseline 0.003 -21"><span class='ocrx_word' id='word_1_534' title='bbox 1868 2775 2113 2842; x_wconf 90' lang='lat' dir='ltr'><strong>meliora,</strong></span> <span class='ocrx_word' id='word_1_535' title='bbox 2144 2793 2266 2847; x_wconf 66' lang='lat' dir='ltr'><strong>qum</strong></span> <span class='ocrx_word' id='word_1_536' title='bbox 2315 2779 2688 2849; x_wconf 87' lang='lat' dir='ltr'><strong>suscipiuntur</strong></span> <span class='ocrx_word' id='word_1_537' title='bbox 2732 2787 2950 2851; x_wconf 85' lang='lat' dir='ltr'><strong>propter</strong></span> <span class='ocrx_word' id='word_1_538' title='bbox 2981 2778 3282 2845; x_wconf 82' lang='lat' dir='ltr'><strong>Christum,</strong></span> <span class='ocrx_word' id='word_1_539' title='bbox 3315 2796 3452 2851; x_wconf 84' lang='lat' dir='ltr'><strong>sup-</strong></span> 
     </span>
    </p>
   </div>
   <div class='ocr_carea' id='block_1_71' title="bbox 1868 2865 3452 2942">
    <p class='ocr_par' dir='ltr' id='par_1_71' title="bbox 1868 2865 3452 2942">
     <span class='ocr_line' id='line_1_71' title="bbox 1868 2865 3452 2942; baseline 0.007 -25"><span class='ocrx_word' id='word_1_540' title='bbox 1868 2865 2049 2935; x_wconf 89' lang='lat' dir='ltr'><strong>plicia.</strong></span> <span class='ocrx_word' id='word_1_541' title='bbox 2086 2867 2155 2920; x_wconf 83' lang='lat' dir='ltr'><strong>Ea</strong></span> <span class='ocrx_word' id='word_1_542' title='bbox 2183 2868 2330 2923; x_wconf 91' lang='lat' dir='ltr'><strong>enim</strong></span> <span class='ocrx_word' id='word_1_543' title='bbox 2377 2877 2676 2934; x_wconf 86' lang='lat' dir='ltr'><strong>reservant,</strong></span> <span class='ocrx_word' id='word_1_544' title='bbox 2711 2881 2764 2924; x_wconf 91' lang='lat' dir='ltr'><strong>et</strong></span> <span class='ocrx_word' id='word_1_545' title='bbox 2807 2871 3013 2925; x_wconf 87' lang='lat' dir='ltr'><strong>habent</strong></span> <span class='ocrx_word' id='word_1_546' title='bbox 3049 2883 3364 2942; x_wconf 78' lang='lat' dir='ltr'><strong>perpetuas,</strong></span> <span class='ocrx_word' id='word_1_547' title='bbox 3395 2883 3452 2928; x_wconf 88' lang='lat' dir='ltr'><strong>et</strong></span> 
     </span>
    </p>
   </div>
   <div class='ocr_carea' id='block_1_72' title="bbox 1867 2963 3449 3027">
    <p class='ocr_par' dir='ltr' id='par_1_72' title="bbox 1867 2963 3449 3027">
     <span class='ocr_line' id='line_1_72' title="bbox 1867 2963 3449 3027; baseline 0.007 -18"><span class='ocrx_word' id='word_1_548' title='bbox 1867 2971 1987 3025; x_wconf 68' lang='lat' dir='ltr'><strong>quae</strong></span> <span class='ocrx_word' id='word_1_549' title='bbox 2021 2972 2236 3027; x_wconf 89' lang='lat' dir='ltr'><strong>semper</strong></span> <span class='ocrx_word' id='word_1_550' title='bbox 2280 2971 2526 3022; x_wconf 83' lang='lat' dir='ltr'><strong>manent,</strong></span> <span class='ocrx_word' id='word_1_551' title='bbox 2579 2963 3064 3018; x_wconf 82' lang='lat' dir='ltr'><strong>remunerationes.</strong></span> <span class='ocrx_word' id='word_1_552' title='bbox 3110 2964 3217 3018; x_wconf 82' lang='lat' dir='ltr'><strong>Res</strong></span> <span class='ocrx_word' id='word_1_553' title='bbox 3262 2975 3449 3020; x_wconf 84' lang='lat' dir='ltr'><strong>autem</strong></span> 
     </span>
    </p>
   </div>
   <div class='ocr_carea' id='block_1_73' title="bbox 1866 3052 3448 3128">
    <p class='ocr_par' dir='ltr' id='par_1_73' title="bbox 1866 3052 3448 3128">
     <span class='ocr_line' id='line_1_73' title="bbox 1866 3052 3448 3128; baseline 0.008 -24"><span class='ocrx_word' id='word_1_554' title='bbox 1866 3059 2061 3104; x_wconf 75' lang='lat' dir='ltr'><strong>vestrae</strong></span> <span class='ocrx_word' id='word_1_555' title='bbox 2102 3066 2210 3120; x_wconf 91' lang='lat' dir='ltr'><strong>quo</strong></span> <span class='ocrx_word' id='word_1_556' title='bbox 2249 3052 2442 3123; x_wconf 86' lang='lat' dir='ltr'><strong>majori</strong></span> <span class='ocrx_word' id='word_1_557' title='bbox 2479 3052 2722 3109; x_wconf 85' lang='lat' dir='ltr'><strong>alliciunt</strong></span> <span class='ocrx_word' id='word_1_558' title='bbox 2745 3054 3043 3126; x_wconf 79' lang='lat' dir='ltr'><strong>voluptate,</strong></span> <span class='ocrx_word' id='word_1_559' title='bbox 3076 3065 3227 3113; x_wconf 89' lang='lat' dir='ltr'><strong>tanto</strong></span> <span class='ocrx_word' id='word_1_560' title='bbox 3257 3058 3448 3128; x_wconf 77' lang='lat' dir='ltr'><strong>majori</strong></span> 
     </span>
    </p>
   </div>
   <div class='ocr_carea' id='block_1_74' title="bbox 1787 3142 3447 3220">
    <p class='ocr_par' dir='ltr' id='par_1_74' title="bbox 1787 3142 3447 3220">
     <span class='ocr_line' id='line_1_74' title="bbox 1787 3142 3447 3220; baseline 0.004 -22"><span class='ocrx_word' id='word_1_561' title='bbox 1787 3154 1834 3220; x_wconf 71' lang='grc' dir='ltr'>α</span> <span class='ocrx_word' id='word_1_562' title='bbox 1865 3142 2053 3199; x_wconf 86' lang='lat' dir='ltr'><strong>dolore</strong></span> <span class='ocrx_word' id='word_1_563' title='bbox 2068 3143 2510 3216; x_wconf 76' lang='lat' dir='ltr'><strong>aﬂicient.Atque</strong></span> <span class='ocrx_word' id='word_1_564' title='bbox 2531 3145 2735 3200; x_wconf 80' lang='lat' dir='ltr'><strong>utinam</strong></span> <span class='ocrx_word' id='word_1_565' title='bbox 2763 3147 2876 3213; x_wconf 87' lang='lat' dir='ltr'><strong>pari</strong></span> <span class='ocrx_word' id='word_1_566' title='bbox 2900 3157 3162 3216; x_wconf 87' lang='lat' dir='ltr'><strong>tempore,</strong></span> <span class='ocrx_word' id='word_1_567' title='bbox 3187 3148 3281 3202; x_wconf 90' lang='lat' dir='ltr'><strong>sed</strong></span> <span class='ocrx_word' id='word_1_568' title='bbox 3299 3150 3447 3204; x_wconf 87' lang='lat' dir='ltr'><strong>brevi</strong></span> 
     </span>
    </p>
   </div>
   <div class='ocr_carea' id='block_1_75' title="bbox 1867 3235 3452 3309">
    <p class='ocr_par' dir='ltr' id='par_1_75' title="bbox 1867 3235 3452 3309">
     <span class='ocr_line' id='line_1_75' title="bbox 1867 3235 3452 3309; baseline 0.006 -22"><span class='ocrx_word' id='word_1_569' title='bbox 1867 3235 2084 3303; x_wconf 90' lang='lat' dir='ltr'><strong>quidem</strong></span> <span class='ocrx_word' id='word_1_570' title='bbox 2103 3245 2533 3305; x_wconf 88' lang='lat' dir='ltr'><strong>temporc,atque</strong></span> <span class='ocrx_word' id='word_1_571' title='bbox 2549 3239 2684 3292; x_wconf 87' lang='lat' dir='ltr'><strong>adeo</strong></span> <span class='ocrx_word' id='word_1_572' title='bbox 2704 3249 2979 3292; x_wconf 90' lang='lat' dir='ltr'><strong>momento</strong></span> <span class='ocrx_word' id='word_1_573' title='bbox 3002 3241 3257 3309; x_wconf 87' lang='lat' dir='ltr'><strong>temporis</strong></span> <span class='ocrx_word' id='word_1_574' title='bbox 3275 3241 3452 3297; x_wconf 88' lang='lat' dir='ltr'><strong>delec-</strong></span> 
     </span>
    </p>
   </div>
   <div class='ocr_carea' id='block_1_76' title="bbox 1869 3327 3452 3399">
    <p class='ocr_par' dir='ltr' id='par_1_76' title="bbox 1869 3327 3452 3399">
     <span class='ocr_line' id='line_1_76' title="bbox 1869 3327 3452 3399; baseline 0.006 -19"><span class='ocrx_word' id='word_1_575' title='bbox 1869 3327 2299 3393; x_wconf 79' lang='lat' dir='ltr'><strong>tant,immortali</strong></span> <span class='ocrx_word' id='word_1_576' title='bbox 2324 3338 2504 3382; x_wconf 90' lang='lat' dir='ltr'><strong>autem</strong></span> <span class='ocrx_word' id='word_1_577' title='bbox 2522 3338 2574 3383; x_wconf 92' lang='lat' dir='ltr'><strong>et</strong></span> <span class='ocrx_word' id='word_1_578' title='bbox 2589 3330 2918 3399; x_wconf 81' lang='lat' dir='ltr'><strong>sempiterna</strong></span> <span class='ocrx_word' id='word_1_579' title='bbox 2931 3329 3166 3386; x_wconf 77' lang='lat' dir='ltr'><strong>aﬂicient</strong></span> <span class='ocrx_word' id='word_1_580' title='bbox 3183 3333 3452 3392; x_wconf 76' lang='lat' dir='ltr'><strong>molestia;</strong></span> 
     </span>
    </p>
   </div>
   <div class='ocr_carea' id='block_1_77' title="bbox 1942 3419 3449 3495">
    <p class='ocr_par' dir='ltr' id='par_1_77' title="bbox 1942 3419 3449 3495">
     <span class='ocr_line' id='line_1_77' title="bbox 1942 3419 3449 3495; baseline 0.004 -19"><span class='ocrx_word' id='word_1_581' title='bbox 1942 3421 2003 3476; x_wconf 74' lang='grc' dir='ltr'>ν.</span> <span class='ocrx_word' id='word_1_582' title='bbox 2036 3419 2126 3474; x_wconf 87' lang='lat' dir='ltr'><strong>His</strong></span> <span class='ocrx_word' id='word_1_583' title='bbox 2155 3421 2410 3476; x_wconf 77' lang='lat' dir='ltr'><strong>etTeratur</strong></span> <span class='ocrx_word' id='word_1_584' title='bbox 2447 3436 2500 3477; x_wconf 91' lang='lat' dir='ltr'><strong>et</strong></span> <span class='ocrx_word' id='word_1_585' title='bbox 2525 3424 2636 3478; x_wconf 89' lang='lat' dir='ltr'><strong>acri</strong></span> <span class='ocrx_word' id='word_1_586' title='bbox 2677 3424 2756 3477; x_wconf 90' lang='lat' dir='ltr'><strong>ira</strong></span> <span class='ocrx_word' id='word_1_587' title='bbox 2802 3433 3047 3478; x_wconf 88' lang='lat' dir='ltr'><strong>movetur</strong></span> <span class='ocrx_word' id='word_1_588' title='bbox 3073 3442 3273 3495; x_wconf 71' lang='lat' dir='ltr'><strong>praeses</strong></span> <span class='ocrx_word' id='word_1_589' title='bbox 3303 3438 3357 3481; x_wconf 88' lang='lat' dir='ltr'><strong>et</strong></span> <span class='ocrx_word' id='word_1_590' title='bbox 3393 3429 3449 3482; x_wconf 89' lang='lat' dir='ltr'><strong>in</strong></span> 
     </span>
    </p>
   </div>
   <div class='ocr_carea' id='block_1_78' title="bbox 1869 3513 3449 3592">
    <p class='ocr_par' dir='ltr' id='par_1_78' title="bbox 1869 3513 3449 3592">
     <span class='ocr_line' id='line_1_78' title="bbox 1869 3513 3449 3592; baseline 0.007 -28"><span class='ocrx_word' id='word_1_591' title='bbox 1869 3513 2015 3582; x_wconf 84' lang='lat' dir='ltr'><strong>ligno</strong></span> <span class='ocrx_word' id='word_1_592' title='bbox 2047 3515 2264 3583; x_wconf 89' lang='lat' dir='ltr'><strong>quidem</strong></span> <span class='ocrx_word' id='word_1_593' title='bbox 2298 3517 2528 3570; x_wconf 86' lang='lat' dir='ltr'><strong>sublime</strong></span> <span class='ocrx_word' id='word_1_594' title='bbox 2561 3517 2698 3571; x_wconf 89' lang='lat' dir='ltr'><strong>tollit</strong></span> <span class='ocrx_word' id='word_1_595' title='bbox 2728 3517 3009 3580; x_wconf 85' lang='lat' dir='ltr'><strong>athletam,</strong></span> <span class='ocrx_word' id='word_1_596' title='bbox 3043 3528 3203 3590; x_wconf 89' lang='lat' dir='ltr'><strong>atque</strong></span> <span class='ocrx_word' id='word_1_597' title='bbox 3237 3522 3449 3592; x_wconf 86' lang='lat' dir='ltr'><strong>ungulis</strong></span> 
     </span>
    </p>
   </div>
   <div class='ocr_carea' id='block_1_79' title="bbox 1870 3603 3450 3675">
    <p class='ocr_par' dir='ltr' id='par_1_79' title="bbox 1870 3603 3450 3675">
     <span class='ocr_line' id='line_1_79' title="bbox 1870 3603 3450 3675; baseline 0.006 -18"><span class='ocrx_word' id='word_1_598' title='bbox 1870 3603 2060 3658; x_wconf 80' lang='lat' dir='ltr'><strong>ferreis</strong></span> <span class='ocrx_word' id='word_1_599' title='bbox 2099 3607 2356 3675; x_wconf 88' lang='lat' dir='ltr'><strong>discerpit</strong></span> <span class='ocrx_word' id='word_1_600' title='bbox 2400 3608 2565 3660; x_wconf 78' lang='lat' dir='ltr'><strong>latera</strong></span> <span class='ocrx_word' id='word_1_601' title='bbox 2592 3649 2607 3672; x_wconf 89' lang='lat'><strong>,</strong></span> <span class='ocrx_word' id='word_1_602' title='bbox 2640 3624 2760 3662; x_wconf 88' lang='lat' dir='ltr'><strong>ossa</strong></span> <span class='ocrx_word' id='word_1_603' title='bbox 2788 3622 2968 3662; x_wconf 89' lang='lat' dir='ltr'><strong>autem</strong></span> <span class='ocrx_word' id='word_1_604' title='bbox 3009 3621 3226 3665; x_wconf 87' lang='lat' dir='ltr'><strong>cmovet</strong></span> <span class='ocrx_word' id='word_1_605' title='bbox 3259 3622 3314 3666; x_wconf 87' lang='lat' dir='ltr'><strong>et</strong></span> <span class='ocrx_word' id='word_1_606' title='bbox 3336 3612 3450 3668; x_wconf 83' lang='lat' dir='ltr'><strong>elo-</strong></span> 
     </span>
    </p>
   </div>
   <div class='ocr_carea' id='block_1_80' title="bbox 1871 3700 3446 3777">
    <p class='ocr_par' dir='ltr' id='par_1_80' title="bbox 1871 3700 3446 3777">
     <span class='ocr_line' id='line_1_80' title="bbox 1871 3700 3446 3777; baseline 0.006 -27"><span class='ocrx_word' id='word_1_607' title='bbox 1871 3707 1976 3762; x_wconf 79' lang='lat' dir='ltr'><strong>cat,</strong></span> <span class='ocrx_word' id='word_1_608' title='bbox 2011 3707 2065 3752; x_wconf 92' lang='lat' dir='ltr'><strong>et</strong></span> <span class='ocrx_word' id='word_1_609' title='bbox 2105 3700 2216 3766; x_wconf 86' lang='lat' dir='ltr'><strong>ipsa</strong></span> <span class='ocrx_word' id='word_1_610' title='bbox 2253 3700 2419 3771; x_wconf 80' lang='lat' dir='ltr'><strong>tangit</strong></span> <span class='ocrx_word' id='word_1_611' title='bbox 2449 3701 2704 3755; x_wconf 82' lang='lat' dir='ltr'><strong>intestina</strong></span> <span class='ocrx_word' id='word_1_612' title='bbox 2727 3742 2740 3754; x_wconf 94' lang='lat'><strong>.</strong></span> <span class='ocrx_word' id='word_1_613' title='bbox 2769 3702 2998 3774; x_wconf 83' lang='lat' dir='ltr'><strong>Pr0pter</strong></span> <span class='ocrx_word' id='word_1_614' title='bbox 3040 3705 3154 3760; x_wconf 79' lang='lat' dir='ltr'><strong>haec</strong></span> <span class='ocrx_word' id='word_1_615' title='bbox 3182 3721 3309 3777; x_wconf 88' lang='lat' dir='ltr'><strong>ergo</strong></span> <span class='ocrx_word' id='word_1_616' title='bbox 3347 3707 3446 3760; x_wconf 89' lang='lat' dir='ltr'><strong>tri-</strong></span> 
     </span>
    </p>
   </div>
   <div class='ocr_carea' id='block_1_81' title="bbox 1871 3793 3445 3870">
    <p class='ocr_par' dir='ltr' id='par_1_81' title="bbox 1871 3793 3445 3870">
     <span class='ocr_line' id='line_1_81' title="bbox 1871 3793 3445 3870; baseline 0.007 -26"><span class='ocrx_word' id='word_1_617' title='bbox 1871 3794 2004 3844; x_wconf 75' lang='lat' dir='ltr'><strong>stem</strong></span> <span class='ocrx_word' id='word_1_618' title='bbox 2037 3803 2090 3845; x_wconf 91' lang='lat' dir='ltr'><strong>et</strong></span> <span class='ocrx_word' id='word_1_619' title='bbox 2120 3793 2306 3848; x_wconf 85' lang='lat' dir='ltr'><strong>dolore</strong></span> <span class='ocrx_word' id='word_1_620' title='bbox 2341 3794 2594 3849; x_wconf 69' lang='lat' dir='ltr'><strong>affectum</strong></span> <span class='ocrx_word' id='word_1_621' title='bbox 2650 3799 3046 3866; x_wconf 83' lang='lat' dir='ltr'><strong>contemplatus</strong></span> <span class='ocrx_word' id='word_1_622' title='bbox 3092 3810 3381 3870; x_wconf 79' lang='lat' dir='ltr'><strong>martyrem</strong></span> <span class='ocrx_word' id='word_1_623' title='bbox 3429 3816 3445 3855; x_wconf 90' lang='lat'><strong>:</strong></span> 
     </span>
    </p>
   </div>
   <div class='ocr_carea' id='block_1_82' title="bbox 1873 3881 3449 3960">
    <p class='ocr_par' dir='ltr' id='par_1_82' title="bbox 1873 3881 3449 3960">
     <span class='ocr_line' id='line_1_82' title="bbox 1873 3881 3449 3960; baseline 0.008 -26"><span class='ocrx_word' id='word_1_624' title='bbox 1873 3881 1930 3934; x_wconf 90' lang='lat' dir='ltr'><strong>Si</strong></span> <span class='ocrx_word' id='word_1_625' title='bbox 1954 3891 2036 3935; x_wconf 89' lang='lat' dir='ltr'><strong>est</strong></span> <span class='ocrx_word' id='word_1_626' title='bbox 2068 3883 2188 3944; x_wconf 90' lang='lat' dir='ltr'><strong>tibi,</strong></span> <span class='ocrx_word' id='word_1_627' title='bbox 2224 3886 2417 3954; x_wconf 88' lang='lat' dir='ltr'><strong>inquit,</strong></span> <span class='ocrx_word' id='word_1_628' title='bbox 2445 3902 2477 3940; x_wconf 89' lang='grc' dir='ltr'><strong>ο</strong></span> <span class='ocrx_word' id='word_1_629' title='bbox 2501 3885 3047 3956; x_wconf 89' lang='lat' dir='ltr'><strong>Sabbati,jucundum</strong></span> <span class='ocrx_word' id='word_1_630' title='bbox 3073 3891 3182 3959; x_wconf 87' lang='lat' dir='ltr'><strong>pati</strong></span> <span class='ocrx_word' id='word_1_631' title='bbox 3226 3902 3449 3960; x_wconf 87' lang='lat' dir='ltr'><strong>propter</strong></span> 
     </span>
    </p>
   </div>
   <div class='ocr_carea' id='block_1_83' title="bbox 1873 3973 3449 4049">
    <p class='ocr_par' dir='ltr' id='par_1_83' title="bbox 1873 3973 3449 4049">
     <span class='ocr_line' id='line_1_83' title="bbox 1873 3973 3449 4049; baseline 0.008 -24"><span class='ocrx_word' id='word_1_632' title='bbox 1873 3973 2169 4039; x_wconf 77' lang='lat' dir='ltr'><strong>Christum,</strong></span> <span class='ocrx_word' id='word_1_633' title='bbox 2205 3977 2474 4031; x_wconf 90' lang='lat' dir='ltr'><strong>undenam</strong></span> <span class='ocrx_word' id='word_1_634' title='bbox 2501 3989 2629 4034; x_wconf 86' lang='lat' dir='ltr'><strong>sunt</strong></span> <span class='ocrx_word' id='word_1_635' title='bbox 2658 3981 2910 4049; x_wconf 78' lang='lat' dir='ltr'><strong>gemitus,</strong></span> <span class='ocrx_word' id='word_1_636' title='bbox 2958 3992 3010 4035; x_wconf 91' lang='lat' dir='ltr'><strong>et</strong></span> <span class='ocrx_word' id='word_1_637' title='bbox 3038 3979 3120 4036; x_wconf 82' lang='lat' dir='ltr'><strong>hae</strong></span> <span class='ocrx_word' id='word_1_638' title='bbox 3144 3982 3331 4038; x_wconf 74' lang='lat' dir='ltr'><strong>calida:</strong></span> <span class='ocrx_word' id='word_1_639' title='bbox 3369 3984 3449 4038; x_wconf 64' lang='lat' dir='ltr'><strong>lae</strong></span> 
     </span>
    </p>
   </div>
   <div class='ocr_carea' id='block_1_84' title="bbox 1874 4067 3450 4148">
    <p class='ocr_par' dir='ltr' id='par_1_84' title="bbox 1874 4067 3450 4148">
     <span class='ocr_line' id='line_1_84' title="bbox 1874 4067 3450 4148; baseline 0.008 -29"><span class='ocrx_word' id='word_1_640' title='bbox 1874 4067 2108 4138; x_wconf 54' lang='lat' dir='ltr'><strong>cry-mae?</strong></span> <span class='ocrx_word' id='word_1_641' title='bbox 2157 4069 2229 4125; x_wconf 82' lang='lat' dir='ltr'><strong>Ut</strong></span> <span class='ocrx_word' id='word_1_642' title='bbox 2277 4071 2436 4137; x_wconf 87' lang='lat' dir='ltr'><strong>scias,</strong></span> <span class='ocrx_word' id='word_1_643' title='bbox 2514 4071 2691 4142; x_wconf 89' lang='lat' dir='ltr'><strong>inquit</strong></span> <span class='ocrx_word' id='word_1_644' title='bbox 2741 4084 2968 4145; x_wconf 78' lang='lat' dir='ltr'><strong>martyr,</strong></span> <span class='ocrx_word' id='word_1_645' title='bbox 3024 4088 3285 4144; x_wconf 86' lang='lat' dir='ltr'><strong>quantum</strong></span> <span class='ocrx_word' id='word_1_646' title='bbox 3350 4091 3450 4148; x_wconf 88' lang='lat' dir='ltr'><strong>ego</strong></span> 
     </span>
    </p>
   </div>
   <div class='ocr_carea' id='block_1_85' title="bbox 1876 4161 3447 4238">
    <p class='ocr_par' dir='ltr' id='par_1_85' title="bbox 1876 4161 3447 4238">
     <span class='ocr_line' id='line_1_85' title="bbox 1876 4161 3447 4238; baseline 0.008 -26"><span class='ocrx_word' id='word_1_647' title='bbox 1876 4176 1987 4214; x_wconf 84' lang='lat' dir='ltr'><strong>rem</strong></span> <span class='ocrx_word' id='word_1_648' title='bbox 2058 4161 2182 4215; x_wconf 91' lang='lat' dir='ltr'><strong>sitio</strong></span> <span class='ocrx_word' id='word_1_649' title='bbox 2235 4175 2288 4216; x_wconf 88' lang='lat' dir='ltr'><strong>et</strong></span> <span class='ocrx_word' id='word_1_650' title='bbox 2336 4165 2525 4230; x_wconf 85' lang='lat' dir='ltr'><strong>quanti</strong></span> <span class='ocrx_word' id='word_1_651' title='bbox 2611 4165 2752 4219; x_wconf 81' lang='lat' dir='ltr'><strong>facio</strong></span> <span class='ocrx_word' id='word_1_652' title='bbox 2829 4166 2938 4235; x_wconf 89' lang='lat' dir='ltr'><strong>pati</strong></span> <span class='ocrx_word' id='word_1_653' title='bbox 3013 4178 3231 4238; x_wconf 88' lang='lat' dir='ltr'><strong>propter</strong></span> <span class='ocrx_word' id='word_1_654' title='bbox 3273 4169 3447 4225; x_wconf 88' lang='lat' dir='ltr'><strong>illum.</strong></span> 
     </span>
    </p>
   </div>
   <div class='ocr_carea' id='block_1_86' title="bbox 1875 4249 3449 4326">
    <p class='ocr_par' dir='ltr' id='par_1_86' title="bbox 1875 4249 3449 4326">
     <span class='ocr_line' id='line_1_86' title="bbox 1875 4249 3449 4326; baseline 0.007 -22"><span class='ocrx_word' id='word_1_655' title='bbox 1875 4249 2007 4307; x_wconf 83' lang='lat' dir='ltr'><strong>Nam</strong></span> <span class='ocrx_word' id='word_1_656' title='bbox 2087 4252 2190 4307; x_wconf 89' lang='lat' dir='ltr'><strong>etsi</strong></span> <span class='ocrx_word' id='word_1_657' title='bbox 2254 4254 2516 4323; x_wconf 90' lang='lat' dir='ltr'><strong>accipiam</strong></span> <span class='ocrx_word' id='word_1_658' title='bbox 2607 4271 2829 4310; x_wconf 90' lang='lat' dir='ltr'><strong>sensum</strong></span> <span class='ocrx_word' id='word_1_659' title='bbox 2888 4259 3190 4326; x_wconf 85' lang='lat' dir='ltr'><strong>gravissimi</strong></span> <span class='ocrx_word' id='word_1_660' title='bbox 3227 4260 3449 4326; x_wconf 86' lang='lat' dir='ltr'><strong>doloris,</strong></span> 
     </span>
    </p>
   </div>
   <div class='ocr_carea' id='block_1_87' title="bbox 1875 4345 3447 4420">
    <p class='ocr_par' dir='ltr' id='par_1_87' title="bbox 1875 4345 3447 4420">
     <span class='ocr_line' id='line_1_87' title="bbox 1875 4345 3447 4420; baseline 0.005 -23"><span class='ocrx_word' id='word_1_661' title='bbox 1875 4345 2011 4398; x_wconf 88' lang='lat' dir='ltr'><strong>adeo</strong></span> <span class='ocrx_word' id='word_1_662' title='bbox 2073 4355 2130 4400; x_wconf 89' lang='lat' dir='ltr'><strong>ut</strong></span> <span class='ocrx_word' id='word_1_663' title='bbox 2191 4355 2246 4399; x_wconf 90' lang='lat' dir='ltr'><strong>et</strong></span> <span class='ocrx_word' id='word_1_664' title='bbox 2329 4357 2518 4415; x_wconf 86' lang='lat' dir='ltr'><strong>aperte</strong></span> <span class='ocrx_word' id='word_1_665' title='bbox 2596 4349 2732 4401; x_wconf 88' lang='lat' dir='ltr'><strong>mihi</strong></span> <span class='ocrx_word' id='word_1_666' title='bbox 2821 4359 3109 4417; x_wconf 88' lang='lat' dir='ltr'><strong>erumpant</strong></span> <span class='ocrx_word' id='word_1_667' title='bbox 3177 4351 3447 4420; x_wconf 84' lang='lat' dir='ltr'><strong>lacrymae,</strong></span> 
     </span>
    </p>
   </div>
   <div class='ocr_carea' id='block_1_88' title="bbox 1879 4437 3452 4513">
    <p class='ocr_par' dir='ltr' id='par_1_88' title="bbox 1879 4437 3452 4513">
     <span class='ocr_line' id='line_1_88' title="bbox 1879 4437 3452 4513; baseline 0.004 -21"><span class='ocrx_word' id='word_1_668' title='bbox 1879 4447 1933 4492; x_wconf 90' lang='lat' dir='ltr'><strong>et</strong></span> <span class='ocrx_word' id='word_1_669' title='bbox 1961 4437 2131 4493; x_wconf 80' lang='lat' dir='ltr'><strong>ieram</strong></span> <span class='ocrx_word' id='word_1_670' title='bbox 2164 4438 2423 4508; x_wconf 81' lang='lat' dir='ltr'><strong>graviter,</strong></span> <span class='ocrx_word' id='word_1_671' title='bbox 2458 4437 2639 4496; x_wconf 89' lang='lat' dir='ltr'><strong>adhuc</strong></span> <span class='ocrx_word' id='word_1_672' title='bbox 2673 4449 2853 4493; x_wconf 89' lang='lat' dir='ltr'><strong>tamen</strong></span> <span class='ocrx_word' id='word_1_673' title='bbox 2893 4442 3286 4496; x_wconf 76' lang='lat' dir='ltr'><strong>vehementiori</strong></span> <span class='ocrx_word' id='word_1_674' title='bbox 3330 4442 3452 4513; x_wconf 86' lang='lat' dir='ltr'><strong>ejus</strong></span> 
     </span>
    </p>
   </div>
   <div class='ocr_carea' id='block_1_89' title="bbox 195 4499 1782 4602">
    <p class='ocr_par' dir='ltr' id='par_1_89' title="bbox 195 4514 1773 4588">
     <span class='ocr_line' id='line_1_89' title="bbox 195 4514 1773 4588; baseline -0.003 -16"><span class='ocrx_word' id='word_1_675' title='bbox 195 4517 404 4587; x_wconf 69' lang='grc' dir='ltr'>ἔρωτος</span> <span class='ocrx_word' id='word_1_676' title='bbox 440 4515 660 4588; x_wconf 69' lang='grc' dir='ltr'>ἔχομαι,</span> <span class='ocrx_word' id='word_1_677' title='bbox 687 4516 783 4570; x_wconf 73' lang='grc' dir='ltr'>καὶ</span> <span class='ocrx_word' id='word_1_678' title='bbox 807 4515 926 4568; x_wconf 79' lang='grc' dir='ltr'>οὐδὲ</span> <span class='ocrx_word' id='word_1_679' title='bbox 956 4514 1099 4566; x_wconf 77' lang='grc' dir='ltr'>οὕτω</span> <span class='ocrx_word' id='word_1_680' title='bbox 1133 4514 1239 4566; x_wconf 82' lang='grc' dir='ltr'>τῶν</span> <span class='ocrx_word' id='word_1_681' title='bbox 1269 4514 1409 4585; x_wconf 79' lang='grc' dir='ltr'>ὑπὲρ</span> <span class='ocrx_word' id='word_1_682' title='bbox 1439 4514 1603 4569; x_wconf 81' lang='grc' dir='ltr'>αὑτοῦ</span> <span class='ocrx_word' id='word_1_683' title='bbox 1635 4516 1773 4569; x_wconf 81' lang='grc' dir='ltr'>ἁπο-</span> 
     </span>
    </p>
   </div>
   <div class='ocr_carea' id='block_1_90' title="bbox 1868 4499 3450 4602">
    <p class='ocr_par' dir='ltr' id='par_1_90' title="bbox 1880 4532 3450 4602">
     <span class='ocr_line' id='line_1_90' title="bbox 1880 4532 3450 4602; baseline 0.002 -17"><span class='ocrx_word' id='word_1_684' title='bbox 1880 4546 2063 4585; x_wconf 83' lang='lat' dir='ltr'><strong>amore</strong></span> <span class='ocrx_word' id='word_1_685' title='bbox 2099 4539 2310 4595; x_wconf 84' lang='lat' dir='ltr'><strong>teneor,</strong></span> <span class='ocrx_word' id='word_1_686' title='bbox 2356 4540 2411 4585; x_wconf 81' lang='lat' dir='ltr'><strong>et</strong></span> <span class='ocrx_word' id='word_1_687' title='bbox 2447 4547 2518 4588; x_wconf 90' lang='lat' dir='ltr'><strong>ne</strong></span> <span class='ocrx_word' id='word_1_688' title='bbox 2560 4532 2638 4586; x_wconf 90' lang='lat' dir='ltr'><strong>sic</strong></span> <span class='ocrx_word' id='word_1_689' title='bbox 2691 4532 2909 4602; x_wconf 89' lang='lat' dir='ltr'><strong>quidem</strong></span> <span class='ocrx_word' id='word_1_690' title='bbox 2952 4532 3073 4587; x_wconf 88' lang='lat' dir='ltr'><strong>volo</strong></span> <span class='ocrx_word' id='word_1_691' title='bbox 3121 4533 3385 4588; x_wconf 86' lang='lat' dir='ltr'><strong>desistere</strong></span> <span class='ocrx_word' id='word_1_692' title='bbox 3419 4548 3450 4588; x_wconf 86' lang='lat' dir='ltr'><strong>a</strong></span> 
     </span>
    </p>
   </div>
   <div class='ocr_carea' id='block_1_91' title="bbox 198 4604 1770 4676">
    <p class='ocr_par' dir='ltr' id='par_1_91' title="bbox 198 4604 1770 4676">
     <span class='ocr_line' id='line_1_91' title="bbox 198 4604 1770 4676; baseline -0.003 -16"><span class='ocrx_word' id='word_1_693' title='bbox 198 4608 400 4676; x_wconf 79' lang='grc' dir='ltr'>στῆναι</span> <span class='ocrx_word' id='word_1_694' title='bbox 434 4606 610 4657; x_wconf 81' lang='grc' dir='ltr'>ἄθλων</span> <span class='ocrx_word' id='word_1_695' title='bbox 636 4605 834 4658; x_wconf 70' lang='grc' dir='ltr'><strong>ἐθέλω·</strong></span> <span class='ocrx_word' id='word_1_696' title='bbox 872 4604 1056 4662; x_wconf 82' lang='grc' dir='ltr'>Ταῦτα</span> <span class='ocrx_word' id='word_1_697' title='bbox 1095 4604 1268 4671; x_wconf 72' lang='grc' dir='ltr'>ἔλεγε.</span> <span class='ocrx_word' id='word_1_698' title='bbox 1293 4605 1401 4657; x_wconf 77' lang='grc' dir='ltr'><strong>Καὶ</strong></span> <span class='ocrx_word' id='word_1_699' title='bbox 1442 4605 1504 4658; x_wconf 80' lang='grc' dir='ltr'><strong>τὸ</strong></span> <span class='ocrx_word' id='word_1_700' title='bbox 1534 4605 1694 4674; x_wconf 85' lang='grc' dir='ltr'>σῶμα</span> <span class='ocrx_word' id='word_1_701' title='bbox 1717 4605 1770 4657; x_wconf 86' lang='lat' dir='ltr'><strong>oi.</strong></span> 
     </span>
    </p>
   </div>
   <div class='ocr_carea' id='block_1_92' title="bbox 193 4696 1772 4769">
    <p class='ocr_par' dir='ltr' id='par_1_92' title="bbox 193 4696 1772 4769">
     <span class='ocr_line' id='line_1_92' title="bbox 193 4696 1772 4769; baseline -0.001 -18"><span class='ocrx_word' id='word_1_702' title='bbox 193 4699 395 4768; x_wconf 77' lang='grc' dir='ltr'>ὕνυχες</span> <span class='ocrx_word' id='word_1_703' title='bbox 422 4696 734 4751; x_wconf 76' lang='grc' dir='ltr'>διενέμοντο</span> <span class='ocrx_word' id='word_1_704' title='bbox 755 4711 768 4726; x_wconf 78' lang='grc'><strong><em>⁸</em></strong></span> <span class='ocrx_word' id='word_1_705' title='bbox 801 4698 898 4751; x_wconf 72' lang='grc' dir='ltr'>καὶ</span> <span class='ocrx_word' id='word_1_706' title='bbox 938 4698 1269 4769; x_wconf 72' lang='grc' dir='ltr'>σφοδροτέρι</span> <span class='ocrx_word' id='word_1_707' title='bbox 1305 4697 1558 4768; x_wconf 76' lang='grc' dir='ltr'>μᾶλλονή</span> <span class='ocrx_word' id='word_1_708' title='bbox 1589 4697 1772 4768; x_wconf 80' lang='grc' dir='ltr'>ὀδύνη,</span> 
     </span>
    </p>
   </div>
   <div class='ocr_carea' id='block_1_93' title="bbox 195 4788 1774 4858">
    <p class='ocr_par' dir='ltr' id='par_1_93' title="bbox 195 4788 1774 4858">
     <span class='ocr_line' id='line_1_93' title="bbox 195 4788 1774 4858; baseline -0.001 -14"><span class='ocrx_word' id='word_1_709' title='bbox 195 4791 300 4844; x_wconf 78' lang='grc' dir='ltr'>καὶ</span> <span class='ocrx_word' id='word_1_710' title='bbox 339 4789 537 4841; x_wconf 81' lang='grc' dir='ltr'>πλείων</span> <span class='ocrx_word' id='word_1_711' title='bbox 568 4790 659 4842; x_wconf 67' lang='grc' dir='ltr'>επὶ</span> <span class='ocrx_word' id='word_1_712' title='bbox 693 4789 793 4854; x_wconf 79' lang='grc' dir='ltr'>τὴν</span> <span class='ocrx_word' id='word_1_713' title='bbox 841 4788 1072 4858; x_wconf 84' lang='grc' dir='ltr'>καρδίαν</span> <span class='ocrx_word' id='word_1_714' title='bbox 1125 4788 1472 4841; x_wconf 76' lang='grc' dir='ltr'>εἰσέπιπτενο</span> <span class='ocrx_word' id='word_1_715' title='bbox 1504 4789 1693 4858; x_wconf 77' lang='grc' dir='ltr'>ἐπειδὴ</span> <span class='ocrx_word' id='word_1_716' title='bbox 1719 4788 1774 4844; x_wconf 72' lang='grc' dir='ltr'>δὲ</span> 
     </span>
    </p>
   </div>
   <div class='ocr_carea' id='block_1_94' title="bbox 198 4879 1783 4964">
    <p class='ocr_par' dir='ltr' id='par_1_94' title="bbox 198 4879 1783 4964">
     <span class='ocr_line' id='line_1_94' title="bbox 198 4879 1783 4964; baseline -0.001 -30"><span class='ocrx_word' id='word_1_717' title='bbox 198 4884 343 4964; x_wconf 69' lang='grc' dir='ltr'>πρὸς</span> <span class='ocrx_word' id='word_1_718' title='bbox 387 4880 492 4949; x_wconf 80' lang='grc' dir='ltr'>γῆν</span> <span class='ocrx_word' id='word_1_719' title='bbox 525 4897 584 4932; x_wconf 87' lang='grc' dir='ltr'><strong>τε</strong></span> <span class='ocrx_word' id='word_1_720' title='bbox 630 4880 734 4950; x_wconf 68' lang='grc' dir='ltr'>ήδη</span> <span class='ocrx_word' id='word_1_721' title='bbox 765 4880 821 4933; x_wconf 82' lang='grc' dir='ltr'>αἱ</span> <span class='ocrx_word' id='word_1_722' title='bbox 868 4879 1066 4949; x_wconf 78' lang='grc' dir='ltr'>σάρκες</span> <span class='ocrx_word' id='word_1_723' title='bbox 1111 4882 1447 4951; x_wconf 68' lang='grc' dir='ltr'>κατέρρεον,</span> <span class='ocrx_word' id='word_1_724' title='bbox 1474 4879 1567 4932; x_wconf 68' lang='grc' dir='ltr'><strong>καλ⁸</strong></span> <span class='ocrx_word' id='word_1_725' title='bbox 1593 4880 1783 4948; x_wconf 81' lang='grc' dir='ltr'>γυμνᾶ</span> 
     </span>
    </p>
   </div>
   <div class='ocr_carea' id='block_1_95' title="bbox 193 4972 1775 5044">
    <p class='ocr_par' dir='ltr' id='par_1_95' title="bbox 193 4972 1775 5044">
     <span class='ocr_line' id='line_1_95' title="bbox 193 4972 1775 5044; baseline -0.001 -18"><span class='ocrx_word' id='word_1_726' title='bbox 193 4975 270 5026; x_wconf 84' lang='grc' dir='ltr'>τὰ</span> <span class='ocrx_word' id='word_1_727' title='bbox 304 4972 438 5025; x_wconf 79' lang='grc' dir='ltr'>ὀστᾶ</span> <span class='ocrx_word' id='word_1_728' title='bbox 487 4972 917 5036; x_wconf 82' lang='grc' dir='ltr'>καταλέλειπτο,</span> <span class='ocrx_word' id='word_1_729' title='bbox 956 4973 1048 5025; x_wconf 79' lang='grc' dir='ltr'>καὶ</span> <span class='ocrx_word' id='word_1_730' title='bbox 1090 4974 1188 5040; x_wconf 83' lang='grc' dir='ltr'>τὴν</span> <span class='ocrx_word' id='word_1_731' title='bbox 1240 4972 1446 5026; x_wconf 86' lang='grc' dir='ltr'>κοιλίαν</span> <span class='ocrx_word' id='word_1_732' title='bbox 1478 4973 1510 5042; x_wconf 79' lang='grc' dir='ltr'>ὴ</span> <span class='ocrx_word' id='word_1_733' title='bbox 1542 4972 1775 5044; x_wconf 80' lang='grc' dir='ltr'>βάσανος</span> 
     </span>
    </p>
   </div>
   <div class='ocr_carea' id='block_1_96' title="bbox 195 5062 1775 5138">
    <p class='ocr_par' dir='ltr' id='par_1_96' title="bbox 195 5062 1775 5138">
     <span class='ocr_line' id='line_1_96' title="bbox 195 5062 1775 5138; baseline -0.003 -16"><span class='ocrx_word' id='word_1_734' title='bbox 195 5069 298 5122; x_wconf 79' lang='grc' dir='ltr'>καὶ</span> <span class='ocrx_word' id='word_1_735' title='bbox 335 5070 402 5121; x_wconf 86' lang='grc' dir='ltr'>τὰ</span> <span class='ocrx_word' id='word_1_736' title='bbox 433 5066 720 5136; x_wconf 85' lang='grc' dir='ltr'>σπλάγχνα</span> <span class='ocrx_word' id='word_1_737' title='bbox 753 5067 1115 5138; x_wconf 82' lang='grc' dir='ltr'>κατείργαστο</span> <span class='ocrx_word' id='word_1_738' title='bbox 1137 5107 1152 5132; x_wconf 90' lang='grc'><strong>,</strong></span> <span class='ocrx_word' id='word_1_739' title='bbox 1179 5065 1273 5119; x_wconf 77' lang='grc' dir='ltr'><strong>καὶ</strong></span> <span class='ocrx_word' id='word_1_740' title='bbox 1299 5065 1398 5118; x_wconf 72' lang='grc' dir='ltr'><strong>οὐκ</strong></span> <span class='ocrx_word' id='word_1_741' title='bbox 1432 5062 1577 5135; x_wconf 74' lang='grc' dir='ltr'>εἶχον</span> <span class='ocrx_word' id='word_1_742' title='bbox 1605 5067 1654 5118; x_wconf 84' lang='lat' dir='ltr'><strong>oi</strong></span> <span class='ocrx_word' id='word_1_743' title='bbox 1683 5065 1775 5137; x_wconf 80' lang='grc' dir='ltr'><strong>δή-</strong></span> 
     </span>
    </p>
   </div>
   <div class='ocr_carea' id='block_1_97' title="bbox 201 5158 1776 5235">
    <p class='ocr_par' dir='ltr' id='par_1_97' title="bbox 201 5158 1776 5235">
     <span class='ocr_line' id='line_1_97' title="bbox 201 5158 1776 5235; baseline -0.003 -19"><span class='ocrx_word' id='word_1_744' title='bbox 201 5181 321 5235; x_wconf 80' lang='grc' dir='ltr'>μιοι</span> <span class='ocrx_word' id='word_1_745' title='bbox 350 5158 518 5227; x_wconf 72' lang='grc' dir='ltr'>οὗπερ</span> <span class='ocrx_word' id='word_1_746' title='bbox 544 5161 768 5231; x_wconf 67' lang='grc' dir='ltr'>ἅψονται</span> <span class='ocrx_word' id='word_1_747' title='bbox 798 5161 889 5215; x_wconf 81' lang='grc' dir='ltr'>τοῦ</span> <span class='ocrx_word' id='word_1_748' title='bbox 916 5161 1277 5230; x_wconf 72' lang='grc' dir='ltr'>ὑποκειμένου</span> <span class='ocrx_word' id='word_1_749' title='bbox 1303 5159 1380 5229; x_wconf 84' lang='grc' dir='ltr'>μὴ</span> <span class='ocrx_word' id='word_1_750' title='bbox 1403 5160 1578 5224; x_wconf 76' lang='grc' dir='ltr'>ὄντος,</span> <span class='ocrx_word' id='word_1_751' title='bbox 1606 5161 1776 5212; x_wconf 80' lang='grc' dir='ltr'>κατά-</span> 
     </span>
    </p>
   </div>
   <div class='ocr_carea' id='block_1_98' title="bbox 198 5253 1777 5325">
    <p class='ocr_par' dir='ltr' id='par_1_98' title="bbox 198 5253 1777 5325">
     <span class='ocr_line' id='line_1_98' title="bbox 198 5253 1777 5325; baseline -0.004 -16"><span class='ocrx_word' id='word_1_752' title='bbox 198 5274 367 5324; x_wconf 86' lang='grc' dir='ltr'>γεται</span> <span class='ocrx_word' id='word_1_753' title='bbox 397 5254 496 5325; x_wconf 66' lang='grc' dir='ltr'>μὶν</span> <span class='ocrx_word' id='word_1_754' title='bbox 538 5256 634 5307; x_wconf 80' lang='grc' dir='ltr'>τοῦ</span> <span class='ocrx_word' id='word_1_755' title='bbox 668 5255 824 5320; x_wconf 79' lang='grc' dir='ltr'>ξύλου</span> <span class='ocrx_word' id='word_1_756' title='bbox 854 5255 882 5305; x_wconf 87' lang='grc' dir='ltr'><strong>ὀ</strong></span> <span class='ocrx_word' id='word_1_757' title='bbox 908 5254 1143 5323; x_wconf 80' lang='grc' dir='ltr'>ἀθλητής</span> <span class='ocrx_word' id='word_1_758' title='bbox 1164 5271 1177 5284; x_wconf 87' lang='grc'>·</span> <span class='ocrx_word' id='word_1_759' title='bbox 1206 5253 1402 5324; x_wconf 80' lang='grc' dir='ltr'>μικρὸν</span> <span class='ocrx_word' id='word_1_760' title='bbox 1435 5254 1491 5306; x_wconf 69' lang='grc' dir='ltr'>δὲ</span> <span class='ocrx_word' id='word_1_761' title='bbox 1521 5253 1614 5306; x_wconf 81' lang='grc' dir='ltr'>τοῦ</span> <span class='ocrx_word' id='word_1_762' title='bbox 1648 5269 1777 5304; x_wconf 85' lang='grc' dir='ltr'>στα-</span> 
     </span>
    </p>
   </div>
   <div class='ocr_carea' id='block_1_99' title="bbox 192 5344 1702 5417">
    <p class='ocr_par' dir='ltr' id='par_1_99' title="bbox 192 5344 1702 5417">
     <span class='ocr_line' id='line_1_99' title="bbox 192 5344 1702 5417; baseline -0.003 -16"><span class='ocrx_word' id='word_1_763' title='bbox 192 5349 322 5404; x_wconf 80' lang='grc' dir='ltr'>δίου</span> <span class='ocrx_word' id='word_1_764' title='bbox 355 5347 460 5413; x_wconf 76' lang='grc' dir='ltr'><strong>ἔξω</strong></span> <span class='ocrx_word' id='word_1_765' title='bbox 491 5346 681 5416; x_wconf 81' lang='grc' dir='ltr'>ἀρθεὶς</span> <span class='ocrx_word' id='word_1_766' title='bbox 707 5347 805 5416; x_wconf 80' lang='grc' dir='ltr'>τὴν</span> <span class='ocrx_word' id='word_1_767' title='bbox 836 5344 1017 5417; x_wconf 78' lang='grc' dir='ltr'>ψυχὴν</span> <span class='ocrx_word' id='word_1_768' title='bbox 1047 5344 1124 5412; x_wconf 79' lang='grc' dir='ltr'>τῷ</span> <span class='ocrx_word' id='word_1_769' title='bbox 1153 5344 1274 5414; x_wconf 84' lang='grc' dir='ltr'><strong>Θεῷ</strong></span> <span class='ocrx_word' id='word_1_770' title='bbox 1322 5344 1702 5414; x_wconf 82' lang='grc' dir='ltr'>παρατίθεται.</span> 
     </span>
    </p>
   </div>
   <div class='ocr_carea' id='block_1_100' title="bbox 280 5432 1775 5509">
    <p class='ocr_par' dir='ltr' id='par_1_100' title="bbox 280 5432 1775 5509">
     <span class='ocr_line' id='line_1_100' title="bbox 280 5432 1775 5509; baseline -0.003 -19"><span class='ocrx_word' id='word_1_771' title='bbox 280 5436 668 5509; x_wconf 70' lang='grc' dir='ltr'>ς’.Λαμπρῶς</span> <span class='ocrx_word' id='word_1_772' title='bbox 693 5439 869 5490; x_wconf 83' lang='grc' dir='ltr'>τοίνυν</span> <span class='ocrx_word' id='word_1_773' title='bbox 890 5436 988 5490; x_wconf 79' lang='grc' dir='ltr'><strong>τοῦ</strong></span> <span class='ocrx_word' id='word_1_774' title='bbox 1019 5435 1318 5490; x_wconf 70' lang='grc' dir='ltr'>Σαῦὁατίου</span> <span class='ocrx_word' id='word_1_775' title='bbox 1345 5439 1437 5488; x_wconf 77' lang='grc' dir='ltr'>καὶ</span> <span class='ocrx_word' id='word_1_776' title='bbox 1480 5436 1616 5504; x_wconf 77' lang='grc' dir='ltr'>μετὰ</span> <span class='ocrx_word' id='word_1_777' title='bbox 1646 5432 1775 5488; x_wconf 77' lang='grc' dir='ltr'>πολ-</span> 
     </span>
    </p>
   </div>
   <div class='ocr_carea' id='block_1_101' title="bbox 199 5526 1775 5600">
    <p class='ocr_par' dir='ltr' id='par_1_101' title="bbox 199 5526 1775 5600">
     <span class='ocr_line' id='line_1_101' title="bbox 199 5526 1775 5600; baseline -0.005 -14"><span class='ocrx_word' id='word_1_778' title='bbox 199 5533 306 5600; x_wconf 74' lang='grc' dir='ltr'><strong>λῆς</strong></span> <span class='ocrx_word' id='word_1_779' title='bbox 350 5532 724 5599; x_wconf 78' lang='grc' dir='ltr'>κρατήσαντος</span> <span class='ocrx_word' id='word_1_780' title='bbox 744 5529 842 5597; x_wconf 79' lang='grc' dir='ltr'>τῆς</span> <span class='ocrx_word' id='word_1_781' title='bbox 869 5528 1214 5599; x_wconf 74' lang='grc' dir='ltr'>περιουσίας,</span> <span class='ocrx_word' id='word_1_782' title='bbox 1235 5527 1504 5594; x_wconf 79' lang='grc' dir='ltr'>ἀπογνοὺς</span> <span class='ocrx_word' id='word_1_783' title='bbox 1527 5526 1775 5581; x_wconf 78' lang='grc' dir='ltr'>ἐντεῦθεν</span> 
     </span>
    </p>
   </div>
   <div class='ocr_carea' id='block_1_102' title="bbox 200 5618 1773 5694">
    <p class='ocr_par' dir='ltr' id='par_1_102' title="bbox 200 5618 1773 5694">
     <span class='ocr_line' id='line_1_102' title="bbox 200 5618 1773 5694; baseline -0.002 -15"><span class='ocrx_word' id='word_1_784' title='bbox 200 5627 302 5679; x_wconf 68' lang='grc' dir='ltr'>καὶ</span> <span class='ocrx_word' id='word_1_785' title='bbox 344 5618 438 5673; x_wconf 78' lang='grc' dir='ltr'>τοῦ</span> <span class='ocrx_word' id='word_1_786' title='bbox 481 5621 760 5692; x_wconf 83' lang='grc' dir='ltr'>Τροφίμου</span> <span class='ocrx_word' id='word_1_787' title='bbox 786 5621 1041 5689; x_wconf 76' lang='grc' dir='ltr'>ὀᾶρχων,</span> <span class='ocrx_word' id='word_1_788' title='bbox 1085 5622 1354 5694; x_wconf 77' lang='grc' dir='ltr'>ΙΙερεννίῳ</span> <span class='ocrx_word' id='word_1_789' title='bbox 1388 5623 1646 5693; x_wconf 83' lang='grc' dir='ltr'>Διονυσίῳ</span> <span class='ocrx_word' id='word_1_790' title='bbox 1699 5623 1773 5693; x_wconf 82' lang='grc' dir='ltr'>τῷ</span> 
     </span>
    </p>
   </div>
   <div class='ocr_carea' id='block_1_103' title="bbox 198 5705 1779 5782">
    <p class='ocr_par' dir='ltr' id='par_1_103' title="bbox 198 5705 1779 5782">
     <span class='ocr_line' id='line_1_103' title="bbox 198 5705 1779 5782; baseline -0.003 -14"><span class='ocrx_word' id='word_1_791' title='bbox 198 5717 305 5782; x_wconf 75' lang='grc' dir='ltr'>τῆς</span> <span class='ocrx_word' id='word_1_792' title='bbox 337 5711 574 5782; x_wconf 81' lang='grc' dir='ltr'>Φρυγίας</span> <span class='ocrx_word' id='word_1_793' title='bbox 605 5711 972 5780; x_wconf 84' lang='grc' dir='ltr'>Σαλουταρίας</span> <span class='ocrx_word' id='word_1_794' title='bbox 997 5712 1385 5782; x_wconf 67' lang='grc' dir='ltr'>ἡγεμονεύοντι</span> <span class='ocrx_word' id='word_1_795' title='bbox 1404 5753 1417 5777; x_wconf 91' lang='grc'><strong>,</strong></span> <span class='ocrx_word' id='word_1_796' title='bbox 1448 5705 1509 5764; x_wconf 74' lang='grc' dir='ltr'>οὗ</span> <span class='ocrx_word' id='word_1_797' title='bbox 1531 5713 1623 5764; x_wconf 73' lang='grc' dir='ltr'><strong>καὶ</strong></span> <span class='ocrx_word' id='word_1_798' title='bbox 1647 5714 1779 5780; x_wconf 74' lang='grc' dir='ltr'>πρό-</span> 
     </span>
    </p>
   </div>
   <div class='ocr_carea' id='block_1_104' title="bbox 197 5803 1774 5878">
    <p class='ocr_par' dir='ltr' id='par_1_104' title="bbox 197 5803 1774 5878">
     <span class='ocr_line' id='line_1_104' title="bbox 197 5803 1774 5878; baseline -0.003 -19"><span class='ocrx_word' id='word_1_799' title='bbox 197 5823 359 5875; x_wconf 85' lang='grc' dir='ltr'>τερον</span> <span class='ocrx_word' id='word_1_800' title='bbox 381 5809 408 5859; x_wconf 82' lang='grc' dir='ltr'>ὁ</span> <span class='ocrx_word' id='word_1_801' title='bbox 435 5805 589 5872; x_wconf 77' lang='grc' dir='ltr'>λόγος</span> <span class='ocrx_word' id='word_1_802' title='bbox 625 5805 890 5876; x_wconf 76' lang='grc' dir='ltr'>ἐμνήσθη,</span> <span class='ocrx_word' id='word_1_803' title='bbox 910 5803 1146 5876; x_wconf 81' lang='grc' dir='ltr'>πέμπειν</span> <span class='ocrx_word' id='word_1_804' title='bbox 1177 5804 1265 5857; x_wconf 84' lang='grc' dir='ltr'><strong>τὸν</strong></span> <span class='ocrx_word' id='word_1_805' title='bbox 1298 5805 1462 5878; x_wconf 78' lang='grc' dir='ltr'>ἄνδρα</span> <span class='ocrx_word' id='word_1_806' title='bbox 1487 5803 1774 5873; x_wconf 69' lang='grc' dir='ltr'>ἐσκέψατο,</span> 
     </span>
    </p>
   </div>
   <div class='ocr_carea' id='block_1_105' title="bbox 1878 4618 3449 4689">
    <p class='ocr_par' dir='ltr' id='par_1_105' title="bbox 1878 4618 3449 4689">
     <span class='ocr_line' id='line_1_105' title="bbox 1878 4618 3449 4689; baseline 0.004 -17"><span class='ocrx_word' id='word_1_807' title='bbox 1878 4618 2240 4688; x_wconf 83' lang='lat' dir='ltr'><strong>suscipiendis</strong></span> <span class='ocrx_word' id='word_1_808' title='bbox 2295 4635 2391 4689; x_wconf 88' lang='lat' dir='ltr'><strong>pro</strong></span> <span class='ocrx_word' id='word_1_809' title='bbox 2432 4621 2550 4688; x_wconf 88' lang='lat' dir='ltr'><strong>ipso</strong></span> <span class='ocrx_word' id='word_1_810' title='bbox 2599 4621 2899 4675; x_wconf 87' lang='lat' dir='ltr'><strong>laboribus.</strong></span> <span class='ocrx_word' id='word_1_811' title='bbox 2942 4620 3068 4675; x_wconf 69' lang='lat' dir='ltr'><strong>Haec</strong></span> <span class='ocrx_word' id='word_1_812' title='bbox 3113 4623 3350 4688; x_wconf 86' lang='lat' dir='ltr'><strong>dicebat,</strong></span> <span class='ocrx_word' id='word_1_813' title='bbox 3394 4633 3449 4679; x_wconf 87' lang='lat' dir='ltr'><strong>et</strong></span> 
     </span>
    </p>
   </div>
   <div class='ocr_carea' id='block_1_106' title="bbox 1882 4710 3447 4783">
    <p class='ocr_par' dir='ltr' id='par_1_106' title="bbox 1882 4710 3447 4783">
     <span class='ocr_line' id='line_1_106' title="bbox 1882 4710 3447 4783; baseline 0.002 -18"><span class='ocrx_word' id='word_1_814' title='bbox 1882 4725 2075 4781; x_wconf 88' lang='lat' dir='ltr'><strong>corpus</strong></span> <span class='ocrx_word' id='word_1_815' title='bbox 2115 4710 2449 4766; x_wconf 88' lang='lat' dir='ltr'><strong>dilaniabant</strong></span> <span class='ocrx_word' id='word_1_816' title='bbox 2477 4710 2709 4782; x_wconf 71' lang='lat' dir='ltr'><strong>ungulae,</strong></span> <span class='ocrx_word' id='word_1_817' title='bbox 2742 4712 3027 4783; x_wconf 83' lang='lat' dir='ltr'><strong>acriorque</strong></span> <span class='ocrx_word' id='word_1_818' title='bbox 3068 4722 3123 4768; x_wconf 87' lang='lat' dir='ltr'><strong>et</strong></span> <span class='ocrx_word' id='word_1_819' title='bbox 3147 4715 3447 4768; x_wconf 74' lang='lat' dir='ltr'><strong>vehemen-</strong></span> 
     </span>
    </p>
   </div>
   <div class='ocr_carea' id='block_1_107' title="bbox 1879 4804 3452 4878">
    <p class='ocr_par' dir='ltr' id='par_1_107' title="bbox 1879 4804 3452 4878">
     <span class='ocr_line' id='line_1_107' title="bbox 1879 4804 3452 4878; baseline 0.003 -20"><span class='ocrx_word' id='word_1_820' title='bbox 1879 4804 1988 4858; x_wconf 91' lang='lat' dir='ltr'><strong>tior</strong></span> <span class='ocrx_word' id='word_1_821' title='bbox 2014 4805 2169 4858; x_wconf 89' lang='lat' dir='ltr'><strong>dolor</strong></span> <span class='ocrx_word' id='word_1_822' title='bbox 2188 4818 2282 4857; x_wconf 87' lang='lat' dir='ltr'><strong>cor</strong></span> <span class='ocrx_word' id='word_1_823' title='bbox 2305 4806 2648 4874; x_wconf 89' lang='lat' dir='ltr'><strong>penetrabat.</strong></span> <span class='ocrx_word' id='word_1_824' title='bbox 2675 4805 2810 4864; x_wconf 86' lang='lat' dir='ltr'><strong>Cum</strong></span> <span class='ocrx_word' id='word_1_825' title='bbox 2837 4815 3016 4861; x_wconf 88' lang='lat' dir='ltr'><strong>autem</strong></span> <span class='ocrx_word' id='word_1_826' title='bbox 3033 4807 3142 4878; x_wconf 86' lang='lat' dir='ltr'><strong>jam</strong></span> <span class='ocrx_word' id='word_1_827' title='bbox 3161 4808 3224 4862; x_wconf 88' lang='lat' dir='ltr'><strong>ad</strong></span> <span class='ocrx_word' id='word_1_828' title='bbox 3251 4817 3452 4863; x_wconf 88' lang='lat' dir='ltr'><strong>terram</strong></span> 
     </span>
    </p>
   </div>
   <div class='ocr_carea' id='block_1_108' title="bbox 1879 4893 3455 4962">
    <p class='ocr_par' dir='ltr' id='par_1_108' title="bbox 1879 4893 3455 4962">
     <span class='ocr_line' id='line_1_108' title="bbox 1879 4893 3455 4962; baseline 0.003 -14"><span class='ocrx_word' id='word_1_829' title='bbox 1879 4907 2070 4948; x_wconf 81' lang='lat' dir='ltr'><strong>carnes</strong></span> <span class='ocrx_word' id='word_1_830' title='bbox 2093 4893 2468 4961; x_wconf 69' lang='lat' dir='ltr'><strong>deduxissent,</strong></span> <span class='ocrx_word' id='word_1_831' title='bbox 2512 4905 2566 4949; x_wconf 88' lang='lat' dir='ltr'><strong>et</strong></span> <span class='ocrx_word' id='word_1_832' title='bbox 2597 4899 2737 4950; x_wconf 90' lang='lat' dir='ltr'><strong>nuda</strong></span> <span class='ocrx_word' id='word_1_833' title='bbox 2763 4909 2886 4950; x_wconf 85' lang='lat' dir='ltr'><strong>ossa</strong></span> <span class='ocrx_word' id='word_1_834' title='bbox 2924 4907 3108 4951; x_wconf 78' lang='lat' dir='ltr'><strong>essent</strong></span> <span class='ocrx_word' id='word_1_835' title='bbox 3140 4898 3348 4962; x_wconf 86' lang='lat' dir='ltr'><strong>relicta,</strong></span> <span class='ocrx_word' id='word_1_836' title='bbox 3397 4909 3455 4954; x_wconf 86' lang='lat' dir='ltr'><strong>et</strong></span> 
     </span>
    </p>
   </div>
   <div class='ocr_carea' id='block_1_109' title="bbox 1880 4987 3453 5050">
    <p class='ocr_par' dir='ltr' id='par_1_109' title="bbox 1880 4987 3453 5050">
     <span class='ocr_line' id='line_1_109' title="bbox 1880 4987 3453 5050; baseline 0.002 -6"><span class='ocrx_word' id='word_1_837' title='bbox 1880 4999 2128 5044; x_wconf 88' lang='lat' dir='ltr'><strong>ventrem</strong></span> <span class='ocrx_word' id='word_1_838' title='bbox 2155 4999 2486 5044; x_wconf 87' lang='lat' dir='ltr'><strong>tormentum</strong></span> <span class='ocrx_word' id='word_1_839' title='bbox 2529 4987 2880 5050; x_wconf 84' lang='lat' dir='ltr'><strong>coniecisset,</strong></span> <span class='ocrx_word' id='word_1_840' title='bbox 2917 4998 2966 5043; x_wconf 84' lang='lat' dir='ltr'><strong>et</strong></span> <span class='ocrx_word' id='word_1_841' title='bbox 3013 4989 3314 5044; x_wconf 84' lang='lat' dir='ltr'><strong>intestina:</strong></span> <span class='ocrx_word' id='word_1_842' title='bbox 3352 5006 3453 5047; x_wconf 88' lang='lat' dir='ltr'><strong>nec</strong></span> 
     </span>
    </p>
   </div>
   <div class='ocr_carea' id='block_1_110' title="bbox 1880 5075 3452 5146">
    <p class='ocr_par' dir='ltr' id='par_1_110' title="bbox 1880 5075 3452 5146">
     <span class='ocr_line' id='line_1_110' title="bbox 1880 5075 3452 5146; baseline 0.003 -16"><span class='ocrx_word' id='word_1_843' title='bbox 1880 5075 2143 5131; x_wconf 84' lang='lat' dir='ltr'><strong>haberent</strong></span> <span class='ocrx_word' id='word_1_844' title='bbox 2171 5077 2477 5141; x_wconf 81' lang='lat' dir='ltr'><strong>carniﬁces,</strong></span> <span class='ocrx_word' id='word_1_845' title='bbox 2514 5077 2640 5145; x_wconf 90' lang='lat' dir='ltr'><strong>quid</strong></span> <span class='ocrx_word' id='word_1_846' title='bbox 2675 5087 2977 5146; x_wconf 84' lang='lat' dir='ltr'><strong>tangerent,</strong></span> <span class='ocrx_word' id='word_1_847' title='bbox 3010 5091 3133 5133; x_wconf 90' lang='lat' dir='ltr'><strong>cum</strong></span> <span class='ocrx_word' id='word_1_848' title='bbox 3169 5094 3276 5133; x_wconf 89' lang='lat' dir='ltr'><strong>non</strong></span> <span class='ocrx_word' id='word_1_849' title='bbox 3305 5090 3452 5140; x_wconf 81' lang='lat' dir='ltr'><strong>esset</strong></span> 
     </span>
    </p>
   </div>
   <div class='ocr_carea' id='block_1_111' title="bbox 1878 5166 3452 5238">
    <p class='ocr_par' dir='ltr' id='par_1_111' title="bbox 1878 5166 3452 5238">
     <span class='ocr_line' id='line_1_111' title="bbox 1878 5166 3452 5238; baseline 0 -13"><span class='ocrx_word' id='word_1_850' title='bbox 1878 5171 2206 5238; x_wconf 79' lang='lat' dir='ltr'><strong>subjectum,</strong></span> <span class='ocrx_word' id='word_1_851' title='bbox 2231 5181 2262 5220; x_wconf 92' lang='lat' dir='ltr'><strong>e</strong></span> <span class='ocrx_word' id='word_1_852' title='bbox 2287 5166 2431 5236; x_wconf 87' lang='lat' dir='ltr'><strong>ligno</strong></span> <span class='ocrx_word' id='word_1_853' title='bbox 2463 5169 2682 5236; x_wconf 90' lang='lat' dir='ltr'><strong>quidem</strong></span> <span class='ocrx_word' id='word_1_854' title='bbox 2720 5169 3012 5223; x_wconf 88' lang='lat' dir='ltr'><strong>deducitur</strong></span> <span class='ocrx_word' id='word_1_855' title='bbox 3052 5169 3276 5226; x_wconf 80' lang='lat' dir='ltr'><strong>athleta.</strong></span> <span class='ocrx_word' id='word_1_856' title='bbox 3315 5171 3452 5227; x_wconf 89' lang='lat' dir='ltr'><strong>Cum</strong></span> 
     </span>
    </p>
   </div>
   <div class='ocr_carea' id='block_1_112' title="bbox 1880 5258 3454 5328">
    <p class='ocr_par' dir='ltr' id='par_1_112' title="bbox 1880 5258 3454 5328">
     <span class='ocr_line' id='line_1_112' title="bbox 1880 5258 3454 5328; baseline 0.001 -13"><span class='ocrx_word' id='word_1_857' title='bbox 1880 5269 2058 5316; x_wconf 84' lang='lat' dir='ltr'><strong>autem</strong></span> <span class='ocrx_word' id='word_1_858' title='bbox 2103 5272 2289 5327; x_wconf 87' lang='lat' dir='ltr'><strong>parum</strong></span> <span class='ocrx_word' id='word_1_859' title='bbox 2333 5258 2600 5313; x_wconf 84' lang='lat' dir='ltr'><strong>abductus</strong></span> <span class='ocrx_word' id='word_1_860' title='bbox 2659 5270 2804 5314; x_wconf 89' lang='lat' dir='ltr'><strong>esset</strong></span> <span class='ocrx_word' id='word_1_861' title='bbox 2841 5269 2990 5314; x_wconf 82' lang='lat' dir='ltr'><strong>extra</strong></span> <span class='ocrx_word' id='word_1_862' title='bbox 3030 5261 3286 5328; x_wconf 84' lang='lat' dir='ltr'><strong>stadium,</strong></span> <span class='ocrx_word' id='word_1_863' title='bbox 3345 5261 3454 5317; x_wconf 91' lang='lat' dir='ltr'><strong>Deo</strong></span> 
     </span>
    </p>
   </div>
   <div class='ocr_carea' id='block_1_113' title="bbox 1879 5349 2328 5405">
    <p class='ocr_par' dir='ltr' id='par_1_113' title="bbox 1879 5349 2328 5405">
     <span class='ocr_line' id='line_1_113' title="bbox 1879 5349 2328 5405; baseline -0.011 -1"><span class='ocrx_word' id='word_1_864' title='bbox 1879 5350 2045 5405; x_wconf 81' lang='lat' dir='ltr'><strong>tradit</strong></span> <span class='ocrx_word' id='word_1_865' title='bbox 2071 5349 2328 5402; x_wconf 82' lang='lat' dir='ltr'><strong>animam.</strong></span> 
     </span>
    </p>
   </div>
   <div class='ocr_carea' id='block_1_114' title="bbox 1951 5437 3453 5506">
    <p class='ocr_par' dir='ltr' id='par_1_114' title="bbox 1951 5437 3453 5506">
     <span class='ocr_line' id='line_1_114' title="bbox 1951 5437 3453 5506; baseline -0.001 -13"><span class='ocrx_word' id='word_1_866' title='bbox 1951 5437 2038 5493; x_wconf 76' lang='lat' dir='ltr'><strong>Vl.</strong></span> <span class='ocrx_word' id='word_1_867' title='bbox 2059 5437 2194 5491; x_wconf 89' lang='lat' dir='ltr'><strong>Cum</strong></span> <span class='ocrx_word' id='word_1_868' title='bbox 2218 5451 2348 5504; x_wconf 88' lang='lat' dir='ltr'><strong>ergo</strong></span> <span class='ocrx_word' id='word_1_869' title='bbox 2373 5445 2477 5491; x_wconf 87' lang='lat' dir='ltr'><strong>tam</strong></span> <span class='ocrx_word' id='word_1_870' title='bbox 2501 5437 2756 5506; x_wconf 63' lang='lat' dir='ltr'><strong>praeclare</strong></span> <span class='ocrx_word' id='word_1_871' title='bbox 2779 5438 3112 5493; x_wconf 84' lang='lat' dir='ltr'><strong>decertasset</strong></span> <span class='ocrx_word' id='word_1_872' title='bbox 3137 5437 3453 5505; x_wconf 79' lang='lat' dir='ltr'><strong>Sabbatius,</strong></span> 
     </span>
    </p>
   </div>
   <div class='ocr_carea' id='block_1_115' title="bbox 1880 5528 3456 5600">
    <p class='ocr_par' dir='ltr' id='par_1_115' title="bbox 1880 5528 3456 5600">
     <span class='ocr_line' id='line_1_115' title="bbox 1880 5528 3456 5600; baseline -0.001 -14"><span class='ocrx_word' id='word_1_873' title='bbox 1880 5539 1936 5586; x_wconf 84' lang='lat' dir='ltr'><strong>et</strong></span> <span class='ocrx_word' id='word_1_874' title='bbox 1967 5531 2125 5600; x_wconf 90' lang='lat' dir='ltr'><strong>longo</strong></span> <span class='ocrx_word' id='word_1_875' title='bbox 2153 5528 2438 5584; x_wconf 85' lang='lat' dir='ltr'><strong>intervallo</strong></span> <span class='ocrx_word' id='word_1_876' title='bbox 2465 5529 2728 5583; x_wconf 85' lang='lat' dir='ltr'><strong>evasisset</strong></span> <span class='ocrx_word' id='word_1_877' title='bbox 2759 5528 3024 5598; x_wconf 83' lang='lat' dir='ltr'><strong>superior,</strong></span> <span class='ocrx_word' id='word_1_878' title='bbox 3069 5529 3192 5585; x_wconf 88' lang='lat' dir='ltr'><strong>ideo</strong></span> <span class='ocrx_word' id='word_1_879' title='bbox 3227 5530 3294 5584; x_wconf 88' lang='lat' dir='ltr'><strong>de</strong></span> <span class='ocrx_word' id='word_1_880' title='bbox 3320 5529 3456 5584; x_wconf 88' lang='lat' dir='ltr'><strong>Tro-</strong></span> 
     </span>
    </p>
   </div>
   <div class='ocr_carea' id='block_1_116' title="bbox 1881 5622 3457 5694">
    <p class='ocr_par' dir='ltr' id='par_1_116' title="bbox 1881 5622 3457 5694">
     <span class='ocr_line' id='line_1_116' title="bbox 1881 5622 3457 5694; baseline -0.002 -15"><span class='ocrx_word' id='word_1_881' title='bbox 1881 5625 2072 5694; x_wconf 88' lang='lat' dir='ltr'><strong>phimo</strong></span> <span class='ocrx_word' id='word_1_882' title='bbox 2097 5636 2246 5692; x_wconf 88' lang='lat' dir='ltr'><strong>spem</strong></span> <span class='ocrx_word' id='word_1_883' title='bbox 2293 5623 2552 5691; x_wconf 80' lang='lat' dir='ltr'><strong>abjiciens</strong></span> <span class='ocrx_word' id='word_1_884' title='bbox 2590 5637 2808 5692; x_wconf 65' lang='lat' dir='ltr'><strong>prmses,</strong></span> <span class='ocrx_word' id='word_1_885' title='bbox 2852 5623 2918 5675; x_wconf 90' lang='lat' dir='ltr'><strong>ad</strong></span> <span class='ocrx_word' id='word_1_886' title='bbox 2965 5622 3290 5677; x_wconf 83' lang='lat' dir='ltr'><strong>Perennium</strong></span> <span class='ocrx_word' id='word_1_887' title='bbox 3333 5622 3457 5676; x_wconf 82' lang='lat' dir='ltr'><strong>Dio-</strong></span> 
     </span>
    </p>
   </div>
   <div class='ocr_carea' id='block_1_117' title="bbox 1881 5713 3454 5786">
    <p class='ocr_par' dir='ltr' id='par_1_117' title="bbox 1881 5713 3454 5786">
     <span class='ocr_line' id='line_1_117' title="bbox 1881 5713 3454 5786; baseline 0 -18"><span class='ocrx_word' id='word_1_888' title='bbox 1881 5717 2120 5785; x_wconf 80' lang='lat' dir='ltr'><strong>nysium,</strong></span> <span class='ocrx_word' id='word_1_889' title='bbox 2159 5713 2403 5786; x_wconf 75' lang='lat' dir='ltr'><strong>Phrygia:</strong></span> <span class='ocrx_word' id='word_1_890' title='bbox 2425 5713 2689 5768; x_wconf 85' lang='lat' dir='ltr'><strong>Salutaris</strong></span> <span class='ocrx_word' id='word_1_891' title='bbox 2728 5715 3010 5784; x_wconf 66' lang='lat' dir='ltr'><strong>precsidem</strong></span> <span class='ocrx_word' id='word_1_892' title='bbox 3039 5755 3053 5779; x_wconf 90' lang='lat'><strong>,</strong></span> <span class='ocrx_word' id='word_1_893' title='bbox 3087 5716 3242 5782; x_wconf 86' lang='lat' dir='ltr'><strong>cujus</strong></span> <span class='ocrx_word' id='word_1_894' title='bbox 3289 5715 3454 5768; x_wconf 86' lang='lat' dir='ltr'><strong>etiam</strong></span> 
     </span>
    </p>
   </div>
   <div class='ocr_carea' id='block_1_118' title="bbox 1881 5805 3456 5877">
    <p class='ocr_par' dir='ltr' id='par_1_118' title="bbox 1881 5805 3456 5877">
     <span class='ocr_line' id='line_1_118' title="bbox 1881 5805 3456 5877; baseline 0.001 -14"><span class='ocrx_word' id='word_1_895' title='bbox 1881 5810 2031 5877; x_wconf 84' lang='lat' dir='ltr'><strong>prius</strong></span> <span class='ocrx_word' id='word_1_896' title='bbox 2068 5807 2436 5875; x_wconf 88' lang='lat' dir='ltr'><strong>meminimus,</strong></span> <span class='ocrx_word' id='word_1_897' title='bbox 2487 5822 2610 5864; x_wconf 84' lang='lat' dir='ltr'><strong>eum</strong></span> <span class='ocrx_word' id='word_1_898' title='bbox 2687 5809 2877 5864; x_wconf 88' lang='lat' dir='ltr'><strong>statuit</strong></span> <span class='ocrx_word' id='word_1_899' title='bbox 2930 5809 3162 5867; x_wconf 81' lang='lat' dir='ltr'><strong>mittere.</strong></span> <span class='ocrx_word' id='word_1_900' title='bbox 3223 5805 3456 5865; x_wconf 84' lang='lat' dir='ltr'><strong>Etcum</strong></span> 
     </span>
    </p>
   </div>
  </div>
