4156 6314
709 362 817 425 139

1946 350 2235 412 MENSIS
2277 349 2751 414 SEPTEMBER.

3872 344 3978 407 740

708 474 853 545 quod
889 472 1174 529 tormentis
1204 472 1271 527 ab
1297 486 1363 527 eo
1394 468 1676 539 subjectus
1712 474 1856 523 esset
1878 465 2206 535 scripsisset,
2239 470 2295 517 et

2421 480 2549 526 aut;
2588 481 2646 515 τε
2683 461 2938 530 βασάνοις
2991 459 3082 512 ὑπ’
3139 457 3305 512 αὑτοῦ
3340 456 3680 529 παραδοθείη
3712 458 3851 525 πρὸς
3884 458 3977 509 τὸν

707 566 1166 638 quemadmodum
1194 563 1481 620 lictoribus
1504 563 1661 632 longe
1683 559 1950 615 evasisset
1989 557 2204 620 fortior,
2233 561 2288 609 et

708 661 855 731 quod
883 660 1053 713 solum
1092 658 1370 713 Christum
1411 658 1616 722 colens,
1658 654 1871 708 illorum
1913 652 2046 706 deos
2086 649 2291 703 rideret

710 766 766 808 et
826 754 975 807 nihili
1008 753 1247 815 faceret;
1301 763 1536 817 cumque
1584 746 1795 800 calceos
1854 744 2065 797 ferreos
2123 738 2291 793 clavis

714 847 886 900 acutis
912 854 966 899 et
1004 845 1216 903 subtus,
1248 850 1301 894 et
1328 856 1391 894 ex
1423 840 1642 908 obliquo
1672 837 1938 898 conlisos,
1986 831 2291 902 martyricis

712 937 819 991 illis
842 936 1119 1005 TrOphimi
1151 934 1375 1003 pedibus
1399 933 1548 1001 prius
1577 929 1767 998 subjici
1789 927 2063 997 jussisset,
2088 935 2143 977 et
2175 923 2290 978 cla-

714 1044 815 1083 vos
867 1043 961 1096 per
1002 1027 1164 1096 pedes
1227 1024 1596 1093 tranchisset,
1639 1022 1793 1091 jubet
1837 1017 2035 1072 deinde
2092 1017 2175 1085 agi
2234 1015 2289 1068 in

716 1117 1024 1187 Phrygiam.
1077 1114 1174 1170 Hic
1218 1113 1362 1167 enim
1403 1112 1685 1166 dicebatur
1734 1106 1936 1161 versari
1984 1104 2288 1174 Dionysius.

717 1208 809 1263 llle
842 1218 1022 1262 autem
1052 1207 1302 1269 libenter,
1331 1212 1383 1258 et
1408 1219 1531 1257 cum
1556 1201 1751 1272 gaudio
1780 1199 1962 1253 clavos
1985 1198 2087 1251 sibi
2117 1195 2291 1265 subji-

716 1299 891 1365 ciens,
934 1299 1091 1368 longe
1130 1294 1470 1365 praecedebat
1526 1298 1927 1359 consequentes
1958 1286 2187 1356 pedites,
2239 1292 2294 1339 et

719 1391 878 1445 simul
931 1396 1211 1444 currentes
1262 1386 1498 1454 equites.
1545 1382 1662 1436 Non
1702 1382 1847 1436 enim
1888 1379 2043 1434 dolor
2091 1377 2294 1448 pedum

719 1486 895 1554 potuit
924 1495 1248 1553 generosum
1291 1478 1437 1531 illius
1473 1477 1714 1529 animum
1746 1474 1997 1528 vincere:
2029 1471 2123 1525 sed
2150 1470 2295 1525 leves

719 1577 901 1646 potius
931 1574 982 1628 ei
1031 1572 1261 1627 addebat
1311 1570 1443 1636 alas,
1489 1568 1899 1635 lirmioremque
1956 1562 2219 1618 reddebat
2244 1570 2298 1618 et

720 1666 1170 1722 constantiorem.

795 1931 911 1989 Vll.
941 1928 1205 1986 Confecto
1252 1930 1433 1999 itaque
1463 1926 1626 1981 trium
1682 1925 1895 1981 dierum
1944 1924 2164 1988 itinere,
2202 1936 2298 1977 ve-

722 2024 887 2079 niunt
909 2022 1176 2095 Synadam
1204 2022 1444 2092 Phrygia:
1476 2020 1780 2075 civitatem.
1827 2017 1927 2071 llic
1963 2031 2090 2070 cum
2120 2015 2301 2068 llelio-

724 2116 843 2172 dori
903 2117 1113 2170 litteras
1169 2114 1390 2185 legisset
1446 2112 1769 2182 Dionysius,
1836 2120 1891 2164 et
1943 2110 2303 2163 intellexisset

728 2205 1185 2277 quemadmodum
1212 2219 1268 2258 se
1300 2201 1563 2258 haberent
1588 2200 1821 2270 singula.
1840 2200 2097 2267 jussisset
2119 2208 2299 2253 autem

727 2306 1021 2367 martyrem
1072 2292 1187 2347 sisti
1216 2291 1283 2346 ad
1320 2308 1477 2346 suum
1512 2289 1750 2344 tribunal
1782 2286 1905 2343 :Tu
1953 2304 2034 2350 es,
2104 2287 2302 2356 inquit,

728 2382 1096 2451 Trophimus?
1132 2380 1329 2449 Martyr
1374 2380 1542 2432 vero:
1576 2376 1710 2447 Ego,
1742 2378 1941 2445 inquit,
1980 2375 2308 2445 Trophimus

729 2488 917 2539 vocor,
958 2487 1186 2542 sumque
1216 2487 1405 2525 servus
1449 2469 1655 2524 Christi
1706 2470 1816 2523 veri
1866 2467 1984 2532 Dei,
2038 2469 2093 2522 in
2147 2483 2307 2537 quem

729 2567 821 2636 qui
882 2565 1255 2630 crediderunt,
1306 2578 1650 2632 nequaquam
1716 2561 2020 2615 aﬂicicntur
2078 2561 2307 2630 pudore.

731 2658 873 2725 Quid
903 2671 979 2724 tu,
1010 2656 1184 2727 inquit
1208 2656 1316 2721 ille,
1338 2656 1391 2709 in
1421 2657 1505 2711 his
1525 2657 1706 2710 adhuc
1739 2655 2007 2724 persistis,
2061 2653 2307 2707 inanem-

732 2765 839 2820 que
868 2760 922 2804 et
952 2764 1147 2802 vanum
1189 2750 1334 2803 hunc
1375 2751 1599 2802 invocas
1629 2747 1934 2812 Christum,
1979 2746 2073 2815 qui
2128 2746 2313 2798 multis

734 2843 839 2898 fuit
868 2857 1030 2896 causa
1052 2840 1286 2895 mortis?
1318 2841 1424 2894 Sed
1457 2840 1561 2895 etsi
1608 2853 1713 2893 non
1754 2840 1924 2909 prius,
1948 2847 2002 2892 at
2031 2852 2176 2891 nunc
2206 2836 2313 2889 sal-

738 2944 868 2995 tem,
898 2932 1117 2986 dimissa
1144 2930 1197 2984 in
1230 2931 1404 3001 ipsum
1434 2928 1633 2983 liducia
1664 2928 1767 2986 diis
1793 2926 2059 2988 sacriﬁca,
2087 2934 2314 2980 mortem

736 3024 1004 3095 ellugiens
1031 3041 1046 3077 :
1078 3032 1134 3077 et
1174 3022 1388 3077 lucrare
1418 3023 1581 3077 vitam
1627 3032 1973 3091 praesenrem.
2005 3018 2317 3072 Generosus

738 3124 919 3170 autem
949 3114 1227 3184 excipiens
1285 3112 1616 3182 Trophimus
1646 3130 1661 3166 :
1707 3112 1933 3165 Mortem
1962 3110 2205 3179 quidem,
2234 3110 2317 3161 in-

738 3212 879 3277 quit,
911 3220 1013 3260 nec
1046 3208 1088 3259 si
1128 3204 1283 3258 velim
1316 3203 1623 3275 eﬂugerim.
1655 3200 1790 3255 Nam
1816 3202 1916 3256 etsi
1948 3216 2058 3255 non
2090 3210 2144 3254 tu
2172 3215 2315 3266 eam,

739 3309 794 3353 at
827 3309 1023 3352 natura
1065 3298 1287 3351 omnino
1322 3296 1528 3361 alleret,
1558 3306 1612 3350 et
1637 3296 1707 3358 ei,
1752 3310 1873 3364 quae
1899 3295 2187 3355 debentur,
2219 3308 2318 3344 cx-

740 3392 967 3456 solvam,
1013 3406 1136 3445 cum
1192 3390 1291 3444 sim
1350 3390 1534 3443 homo.
1593 3387 1741 3443 Licet
1800 3395 1981 3441 autem
2038 3400 2102 3437 ea
2152 3384 2320 3437 vitam

740 3498 1059 3551 comparare
1091 3489 1434 3549 perpetuam,
1462 3494 1582 3547 quae
1608 3478 1771 3547 longo
1796 3477 2081 3530 intervallo
2100 3485 2324 3545 superat

742 3578 885 3631 hanc
917 3572 1114 3627 ﬂuxam
1156 3580 1211 3626 et
1238 3570 1518 3636 caducam,
1554 3570 1699 3640 quod
1727 3571 1793 3624 ad
1826 3570 2161 3640 voluptatem
2190 3570 2320 3624 atti-

745 3678 836 3724 net
862 3677 917 3723 et
941 3666 1335 3723 beatitudinem
1372 3684 1385 3718 :
1426 3665 1562 3719 adeo
1595 3674 1652 3719 ut
1684 3678 1804 3734 quae
1836 3672 1962 3718 sunt
1990 3663 2139 3718 illius
2176 3663 2319 3725 vitae,

748 3775 853 3815 nec
877 3759 1092 3831 possint
1116 3758 1267 3811 cerni
1299 3758 1492 3820 oculis,
1528 3772 1629 3810 nec
1652 3757 1829 3810 audiri
1854 3757 2097 3820 auribus,
2134 3770 2234 3809 nec
2270 3756 2323 3807 in

746 3868 840 3907 cor
877 3851 1112 3906 hominis
1144 3848 1461 3904 ascendere.
1499 3848 1676 3919 Hujus
1702 3864 1802 3920 ego
1838 3849 1964 3904 vitae
2018 3863 2136 3902 sum
2178 3863 2327 3905 nunc

748 3958 943 4012 magno
972 3956 1157 3998 amore
1185 3950 1395 4009 captus,
1428 3948 1481 3993 et
1507 3954 1731 4010 magnas
1758 3939 1853 3992 tibi
1891 3939 2064 3993 habeo
2097 3940 2321 4009 gratias,

750 4034 896 4103 quod
943 4048 1028 4087 me
1077 4032 1206 4086 illuc
1260 4030 1494 4084 transire
1541 4039 1949 4100 properantem.
2000 4045 2191 4099 urgeas
2236 4045 2330 4098 per

750 4140 895 4192 eam,
923 4136 1084 4195 quam
1118 4122 1407 4187 minitaris,
1441 4130 1695 4176 mortem.

830 4324 962 4381 Vlll.
997 4321 1152 4376 Tunc
1184 4330 1328 4375 totus
1361 4320 1415 4373 in
1446 4334 1570 4373 eum
1600 4319 1733 4372 iram
1773 4318 1989 4389 spirans
2023 4319 2329 4389 Dionysius,

752 4421 905 4491 jubet
937 4434 965 4473 a
994 4425 1229 4487 quatuor
1257 4423 1540 4469 extensum
1577 4412 1762 4469 crudis
1795 4412 1959 4467 boum
1990 4412 2174 4467 nervis
2208 4427 2332 4465 ver-

2391 553 2663 606 Διονύσιον
2688 551 2925 621 γράψας,
2968 552 3115 614 ὅπως
3144 568 3204 602 τε
3242 551 3593 620 ἰσχυρότερος
3647 547 3834 615 πολλῷ
3864 548 3978 601 τῶν

2389 646 2598 715 δημίων
2621 645 2850 712 γένοιτο,
2870 647 2962 696 καὶ
2986 644 3137 705 ὅπως
3165 645 3308 711 μόνῳ
3326 641 3549 711 Χριστῷ
3589 640 3973 709 προσανέχων.

2389 738 2516 798 τοὺς
2545 736 2723 788 αὐτῶν
2748 752 2806 786 τε
2842 734 3018 804 γελῳη
3055 735 3231 799 θεοὺς,
3280 734 3374 785 καὶ
3408 731 3535 800 παρ’
3565 733 3719 784 οὐδὲν
3748 733 3978 793 τούτους

2392 829 2618 880 ποιοῖτο.
2651 825 3004 894 ’Υποδήματα
3029 825 3206 878 τοίνυν
3233 826 3425 892 σιδηρᾶ
3447 824 3599 893 ἥλοις
3623 823 3776 887 ὀξέσι
3802 825 3979 876 κατω-

2393 918 2484 973 θέν
2513 936 2570 972 τε
2602 920 2695 972 καὶ
2725 921 2788 972 ἐκ
2826 919 3057 987 πλαγίου
3084 919 3504 988 διαπεπαρμένα
3534 920 3666 979 τοὺς
3701 935 3977 988 μαρτυρία

2395 1011 2522 1072 κοὺς
2556 1009 2822 1071 ἐλεεινοὺς
2870 1009 2965 1061 τοῦ
2998 1008 3280 1078 Τροφίμου
3330 1010 3497 1070 πόδας
3533 1011 3810 1078 πρότερον
3849 1011 3981 1061 ὐπο-

2391 1102 2606 1171 δεθῆναι
2652 1100 2841 1167 εἰπὼν,
2894 1102 2987 1155 καὶ
3033 1102 3320 1171 διαπείρας
3376 1102 3501 1161 τοὺς
3557 1102 3723 1171 ἥλους
3756 1101 3846 1153 δια
3873 1102 3981 1153 τῶν

2394 1193 2590 1256 ποδῶν,
2622 1188 2742 1245 εἶτα
2785 1194 2874 1245 ἐπὶ
2906 1193 3145 1262 Φρυγίαν
3190 1192 3515 1245 ἐλαύνεσθαι
3566 1194 3786 1245 κελεύει
3808 1208 3824 1223 ⁸
3857 1193 3979 1261 τῇδε

2395 1288 2503 1354 γὰρ
2535 1285 2810 1348 Διονύσιος
2867 1286 3104 1351 ἐλέγετο·
3132 1285 3449 1355 διατρίϐειν.
3514 1287 3575 1337 Ὀ
3606 1287 3685 1345 δέ,
3736 1287 3977 1353 ἄσμενος

2398 1379 2492 1431 καὶ
2527 1377 2649 1447 μεθ’
2688 1377 2878 1444 ἡδονῆς
2908 1379 3033 1439 τοὺς
3056 1378 3218 1447 ἥλους
3248 1376 3709 1446 ὑποὸαλλόμενος,
3769 1377 3983 1447 ἐμπρο-

2401 1473 2524 1527 σθεν
2556 1469 2657 1543 ἦγε
2705 1491 2776 1525 πα
2791 1473 2995 1543 ραπολὺ
3029 1472 3136 1523 τῶν
3164 1489 3221 1524 τε
3261 1473 3618 1541 ἐφεπομένων
3650 1472 3837 1535 πεζῶν
3891 1474 3984 1525 καὶ

2399 1566 2507 1618 τῶν
2537 1566 3035 1636 συμπαραθεόντων
3071 1564 3279 1617 ἱππέων
3303 1581 3315 1593 ·
3351 1565 3409 1617 οὐ
3449 1567 3558 1634 γὰρ
3592 1568 3623 1635 ἡ
3654 1564 3765 1615 τῶν
3806 1563 3983 1615 ποδὼν

2401 1655 2560 1725 ὀδύνη
2592 1655 2808 1723 ἐλέγξαι
2830 1658 2927 1724 τὴν
2953 1656 3049 1725 τῆς
3077 1654 3286 1707 ἐκείνου
3313 1653 3492 1723 ψυχῆς
3527 1654 3709 1722 ἰσχύος
3768 1670 3985 1721 γενναι-

2403 1748 2589 1817 ότητα,
2618 1747 2751 1799 ἀλλὰ
2799 1748 2999 1815 κοῦφον
3042 1749 3176 1817 αὐτῇ
3208 1746 3406 1815 μᾶλλον
3434 1748 3727 1816 εἰργάσατο
3768 1749 3831 1799 τὸ
3861 1764 3987 1802 πτε-

2335 1831 2376 1888 Β
2413 1838 2526 1907 ρον,
2557 1839 2650 1889 καὶ
2690 1838 3048 1907 εὐτονώτερον
3076 1839 3290 1890 ἐποίει.·

2476 1931 2548 1983 Ζ⁹.
2607 1929 2788 1998 Τριῶν
2846 1930 3027 1981 τοίνυν
3071 1931 3297 2001 ἡμερῶν
3350 1930 3449 2001 τὴν
3502 1930 3708 2000 μεταξῦ
3760 1930 3989 1999 πορείαν

2402 2022 2723 2085 ἀνύσαντες,
2744 2022 2821 2084 εἰς
2844 2020 3049 2073 Σύναδα
3076 2022 3228 2073 πόλιν
3246 2023 3340 2091 τῆς
3362 2024 3602 2091 Φρυγίας
3630 2024 3989 2089 κατάγονται.

2417 2112 2681 2167 Ἐνταῦθα
2715 2114 2781 2164 τὰ
2814 2112 3137 2182 ἸΙλιοιῖώρου
3191 2116 3496 2182 γράμματα
3545 2116 3829 2178 Διονύσιος
3865 2117 3995 2167 ἀνα-

2408 2204 2587 2272 γνοὺς,
2609 2202 2701 2253 καὶ
2722 2202 2868 2264 ὅπως
2893 2202 3094 2255 ἕκαστα
3118 2201 3228 2273 εἶχε
3249 2202 3458 2273 μαθὼν,
3483 2205 3556 2273 τῷ
3574 2206 3761 2273 οἰκείῳ
3788 2204 3995 2273 βήματι

2406 2297 2496 2347 τὸν
2532 2295 2781 2365 μάρτυρα
2832 2298 3210 2364 παραστήσας,
3234 2296 3303 2347 Συ
3353 2292 3420 2360 εἴ,
3459 2298 3611 2366 φησὶ,
3672 2296 3993 2365 Τρόφιμοςς

2411 2386 2517 2436 Καὶ
2550 2386 2575 2434 ὁ
2604 2389 2835 2454 μάρτυς,
2872 2384 3030 2450 Ἐγὼ,
3056 2385 3430 2453 ἀποκρίνεται,
3458 2386 3643 2449 δοῦλος
3678 2386 3733 2438 δε
3753 2386 3851 2437 τοῦ
3873 2387 3999 2451 Χρι-

2414 2476 2580 2546 σρτοῦ
2611 2476 2705 2529 τοῦ
2727 2477 2979 2547 ἀληθινοῦ
2998 2476 3152 2539 Θεοῦ,
3190 2494 3265 2541 εις
3294 2478 3351 2530 δν
3384 2479 3432 2530 οί
3468 2478 3906 2538 πεπιστευκότες
3940 2478 3997 2527 ού

2414 2569 2885 2637 καταισχύνοντας.
2908 2569 2971 2621 Τί
2993 2565 3082 2621 οὖν
3102 2571 3375 2638 ἑπιμένεις
3398 2572 3475 2621 ἐτι
3494 2572 3607 2629 τοῖς
3637 2568 3852 2631 αὐτοῖς,
3876 2570 4015 2641 ἔφη,

2415 2662 2508 2713 καὶ
2542 2664 2770 2727 μάταιον
2823 2660 3012 2712 τοῦτον
3045 2662 3337 2723 ἀνακαλεῖς
3385 2660 3642 2731 Χριστὸν,
3670 2660 3731 2723 ὃς
3781 2660 4001 2721 πολλοῖς

2417 2748 2593 2818 αἴτιος
2618 2748 2848 2801 θανάτου
2871 2750 3165 2817 γεγένηται
3188 2764 3201 2813 ;
3245 2749 3384 2802 Ἀλλ’
3410 2752 3458 2801 εἰ
3483 2750 3577 2803 καὶ
3605 2751 3683 2819 μὴ
3708 2751 3999 2818 πρότερον,

2416 2838 2509 2892 νῦν
2548 2840 2681 2908 γοῦν
2730 2838 2829 2910 τῆς
2884 2839 2969 2893 ἐπ’
3028 2839 3189 2893 αὑτὸν
3242 2840 3536 2907 ἀφειμένος
3587 2839 3999 2907 πεποιθήσεως.

2419 2932 2580 2986 θῦσον
2616 2936 2724 2993 τοῖς
2765 2935 2930 2998 θεοῖς,
2956 2935 3048 2985 τὸν
3076 2934 3305 2984 θάνατον
3336 2930 3641 2999 διαφυγὼν,
3677 2933 3774 2983 καί
3805 2932 4004 3000 κέρδη-

2422 3040 2513 3076 σον
2542 3026 2642 3093 τὴν
2674 3024 2953 3094 παροῦσαν
2999 3023 3163 3092 ζωήν.
3192 3023 3250 3075 '0
3282 3025 3526 3089 γενναῖος
3575 3024 3761 3074 τοίνυν
3795 3022 4001 3074 ὑπολα-

2422 3116 2529 3169 ϐὼν
2566 3116 2866 3187 Τρόφιμος,
2889 3116 3129 3170 Θάνατον
3157 3116 3255 3185 μὲν
3283 3116 3388 3168 οὐδ’
3417 3115 3483 3169 ἂν
3505 3116 3714 3185 σφόδρα
3742 3115 4004 3184 βουλόμε-

2422 3228 2508 3273 νος
2541 3211 2791 3281 φύγοιμι,
2814 3211 2915 3280 ἔφη
2945 3227 2957 3239 ·
2986 3212 3032 3262 εἰ
3068 3209 3172 3275 γὰρ
3203 3210 3296 3259 καὶ
3339 3207 3413 3275 μὴ
3469 3208 3532 3257 σὺ
3564 3208 3779 3268 τοῦτον,
3828 3207 3943 3257 ἀλλ’
3976 3209 4006 3275 ἡ

2425 3304 2587 3371 φύσις
2646 3303 2837 3364 ἐπάξει
2895 3304 3132 3361 πάντως,
3168 3301 3258 3349 καὶ
3317 3299 3490 3367 ταύτῃ
3536 3298 3604 3349 τὰ
3663 3299 4007 3367 ὀξειλόμενα

2426 3394 2798 3464 λειτουργήσω
2818 3394 3103 3463 ἄνθρωπος
3134 3392 3211 3445 ὢν
3239 3410 3251 3423 ·
3278 3392 3453 3455 ἔξεστι
3483 3392 3535 3444 δὲ
3555 3393 3706 3461 ζωὴν
3726 3392 4008 3462 ἐμπορεύο

2427 3489 2623 3538 σασυαι
2651 3484 2839 3537 τούτου
2872 3484 3116 3554 διηνεκῆ,
3148 3483 3323 3550 πολλῷ
3349 3484 3425 3549 τῷ
3464 3481 3671 3550 μεταξὺ
3709 3484 3812 3552 τὴν
3841 3488 4009 3553 xpec-

2426 3594 2617 3643 καιρον
2646 3577 2850 3642 ταύτην
2885 3578 2976 3627 καὶ
3012 3577 3246 3641 ῥέουσαν
3272 3574 3504 3640 κατάγει
3540 3576 3630 3625 τὸν
3656 3577 3758 3643 τῆς
3816 3578 4009 3645 ἡδονῆς

2428 3670 2585 3737 λόγον
2617 3669 2712 3722 καὶ
2740 3671 2838 3738 τῆς
2882 3667 3288 3738 μακαριότητος
3314 3667 3762 3738 ὑπερδαίνουσαν
3806 3670 3908 3720 καὶ
3929 3687 4014 3722 το-

2430 3760 2637 3824 σοῦτον,
2676 3760 2786 3828 ὅσῳ
2844 3758 2979 3830 μηδὲ
3034 3755 3299 3825 ὀφθαλμῷ
3341 3756 3405 3807 τὰ
3454 3755 3669 3823 ἐκείνης
3728 3754 3834 3824 τῆς
3870 3756 4012 3823 ζωῆς

2428 3855 2621 3923 ὁρατὰ,
2650 3852 2784 3923 μηδὲ
2815 3852 2949 3903 ὠσὶν
2979 3850 3245 3911 ἀκουστὰ,
3276 3847 3395 3918 μηδ’
3414 3850 3504 3899 ἐπὶ
3537 3846 3771 3917 καρδίαν
3800 3847 4015 3918 ἀνθρὼ-

2430 3962 2533 3997 που
2565 3944 2830 4011 ἀναϐῆναι
2878 3944 3177 4011 δυνάμενα.
3215 3940 3426 4010 Ταύτης
3486 3941 3599 3991 ἔσοι
3669 3940 3849 3992 τανῦν
3910 3944 4015 4008 ἐγὼ

2433 4036 2740 4105 θερμότατα
2774 4036 2903 4106 ἐρᾷν
2936 4036 3032 4105 τῆς
3062 4033 3207 4104 ζωῆς
3232 4050 3246 4063 '
3280 4034 3373 4086 καὶ
3400 4032 3602 4101 πολλὴν
3639 4034 3704 4085 ἄν
3740 4050 3824 4085 σοι
3859 4036 4015 4104 χάριν

2434 4128 2660 4198 εἰδείην,
2684 4127 2826 4181 οὕτω
2859 4144 2925 4197 με
2977 4126 3299 4190 σπεύδοντα,
3328 4126 3421 4177 καὶ
3458 4124 3625 4178 αὑτὸν
3663 4128 3787 4177 ἐκεῖ
3820 4114 4017 4195 διαδῆ-

2434 4240 2541 4285 ναι,
2566 4222 2625 4273 δι’
2662 4216 2831 4287 οὗπερ
2864 4219 3107 4279 ἀπειλεῖς
3144 4218 3371 4270 θανάτου
3398 4218 3695 4282 ἐπείγοντι.

2505 4314 2587 4365 Il’.
2623 4310 2882 4363 Ἐνταῦοα
2934 4310 3050 4370 ὅλος
3084 4309 3205 4360 κατ’
3235 4307 3399 4359 αὑτοῦ
3437 4309 3561 4359 πνεῖ
3584 4306 3910 4371 Διονύσιος⁸
3935 4313 4020 4363 χαὶ

2438 4402 2647 4456 κελεύει
2696 4402 2761 4453 ἐκ
2798 4400 3079 4471 τεσσάρων
3113 4397 3438 4453 διαταθέντα
3496 4398 3651 4468 ἱμᾶσι
3686 4399 3817 4469 βοὸς
3873 4405 4019 4473 ὠμά.

758 4510 940 4567 berari
973 4527 985 4563 :
1014 4520 1067 4563 et
1099 4508 1361 4562 continuo
1390 4507 1518 4559 dum
1550 4505 1932 4559 verberaretur
1958 4504 2157 4572 (nescit
2185 4508 2316 4556 enitr

2440 4514 2595 4566 τερον
2638 4492 2959 4558 τύπτεσθαι,
2989 4494 3078 4545 καὶ⁵
3104 4491 3428 4561 τυπτομένῳ
3454 4490 3615 4555 εὐθὺς
3639 4492 3723 4560 (οὐ
3749 4494 3866 4561 γὰρ
3896 4499 4023 4547 ἀνα-

758 4603 950 4657 Vitium
984 4598 1208 4655 differre
1248 4606 1303 4650 et
1341 4596 1609 4665 cunctari)
1662 4613 1675 4648 :
1735 4595 1831 4674 Dic
1875 4596 2074 4659 solum,
2129 4595 2333 4657 aiebat,

759 4691 1081 4763 Trophime,
1109 4689 1214 4745 diis
1244 4688 1584 4751 sacriﬁcabo,
1617 4695 1672 4741 et
1720 4686 1863 4741 illico
1888 4702 1917 4739 a
1948 4687 2091 4739 malo
2142 4687 2337 4741 libera-

761 4789 927 4845 beris.
957 4787 1052 4841 Ille
1089 4792 1270 4838 autem
1304 4784 1465 4837 verba
1494 4782 1641 4835 illius
1672 4779 2040 4842 existimabat,
2078 4789 2334 4849 tanquam

764 4895 953 4935 vocem
985 4878 1265 4948 spinarum
1312 4875 1413 4929 sub
1459 4874 1658 4929 lebete.
1705 4872 1922 4927 Sciebat
1977 4871 2145 4935 enim,
2195 4872 2339 4942 quod

764 4982 969 5043 quanto
996 4971 1244 5041 graviora
1280 4974 1466 5023 essent
1499 4983 1595 5020 sua
1628 4965 1951 5029 certamina,
1984 4969 2135 5018 tanto
2158 4979 2217 5018 se
2263 4964 2341 5017 vi-

766 5075 973 5119 ctorem
1008 5060 1251 5115 futurum
1274 5060 1581 5119 clariorem,
1616 5066 1669 5110 et
1698 5071 1763 5109 eo
1789 5055 2212 5125 splendidiorem
2240 5055 2340 5108 ha-

768 5156 1009 5209 biturum
1032 5164 1313 5207 coronam.
1343 5151 1480 5215 Quid
1503 5166 1629 5217 ergo
1652 5148 1781 5201 facit
1810 5148 1931 5201 ille?
1955 5148 2010 5201 In
2030 5163 2150 5202 curn
2183 5162 2340 5201 exco-

769 5244 904 5315 gitat
946 5258 1145 5296 novum
1178 5240 1398 5297 modum
1435 5237 1771 5299 insidiarum,
1817 5245 1873 5289 ut
1919 5235 2174 5288 inusitato
2211 5250 2340 5304 sup-

772 5337 933 5407 plicio
972 5331 1318 5405 perturbaret
1365 5332 1642 5385 athletam.
1705 5328 1839 5383 Cum
1892 5335 2103 5382 acetum
2170 5327 2345 5396 sinapi

771 5433 1257 5497 contemperasset,
1344 5422 1580 5476 infundit
1648 5420 1873 5474 naribus
1922 5418 2187 5487 martyris.
2254 5418 2346 5472 Ille

771 5530 953 5574 autem
979 5528 1165 5587 aperte
1195 5515 1433 5573 ostendit
1457 5528 1514 5569 se
1557 5512 1758 5565 nullam
1808 5514 2033 5566 omnino
2075 5511 2346 5578 accepisse

774 5608 1127 5664 mutationem
1157 5622 1221 5661 ex
1248 5603 1598 5661 acerbissima
1630 5601 1715 5654 illa
1771 5600 2192 5667 temperatione.
2240 5597 2346 5653 De-

776 5703 943 5756 decus
982 5714 1112 5771 ergo
1161 5712 1270 5751 non
1330 5696 1510 5749 ferens
1565 5692 1849 5752 scelestus,
1913 5690 2058 5760 ligno
2115 5690 2349 5760 alligavit

783 5794 1039 5849 athletam
1069 5807 1165 5863 per
1195 5804 1310 5857 eos,
1340 5788 1431 5857 qui
1481 5785 1850 5845 inserviebam
1892 5784 2009 5854 ejus
2054 5782 2347 5853 iniquitati,

2439 4588 2731 4640 ὕάλλεσθαι
2788 4582 2931 4638 οἶδεν
2993 4587 3024 4655 ἡ
3084 4584 3255 4638 κακία
3311 4585 3406 4637 καὶ
3456 4585 4022 4655 ﬂagellet-0.956%

2442 4678 2627 4746 μόνον,
2658 4676 2926 4744 Τρόφιμε,
2963 4675 3054 4725 ἐπὶ
3075 4678 3183 4735 τοῖς
3234 4675 3393 4737 θεοῖς,
3445 4677 3471 4725 ό
3520 4677 3746 4742 ἡγεμὼν
3780 4678 4020 4739 ἐπεεόι,

2441 4768 2536 4820 καὶ
2567 4766 2659 4819 τοῦ
2688 4764 2858 4818 κακοῦ
2887 4765 3248 4834 ἀπαλλαγήσῃ
3295 4765 3518 4819 αὐτίκα.
3554 4766 3611 4816 ’0
3643 4764 3696 4816 δὲ
3728 4765 3807 4829 ὠς
3841 4769 4022 4836 φωνὴν

2442 4860 2694 4915 ἀκανθῶν
2747 4858 2852 4912 ὑπὸ
2900 4858 3123 4927 λέϐητα,
3171 4858 3313 4911 οὕτω
3371 4860 3497 4920 τοὺς
3558 4860 3773 4911 ἐκείνου
3828 4862 4023 4927 λόγους

2444 4953 2647 5020 ἡγεῖτο·
2670 4949 2785 5020 ᾔδει
2808 4948 2915 5017 γὰρ
2933 4949 3042 5015 ὅσῳ
3061 4945 3459 5015 χαλεπωτέροις
3480 4944 3707 4997 ἐπάλαιε
3724 4984 3741 5008 ,
3771 4946 4022 5015 λαμπρό-

2442 5062 2595 5113 τερος
2632 5043 2873 5095 τοσούτω
2915 5041 3203 5107 γενόμενος
3256 5038 3601 5107 στεφανίτης.
3631 5034 3695 5088 Τί
3754 5031 3851 5090 οὖν
3886 5040 4025 5090 ἐκεῖο

2444 5154 2534 5197 νος
2566 5137 2742 5197 ποιεῖς
2776 5132 2974 5184 Καινὸν
3026 5130 3318 5199 ἐπιϐουλῆς
3359 5132 3562 5183 ἐπινοεῖ
3609 5129 3820 5196 τρόπον
3853 5132 4023 5199 αὑτῷ,

2448 5230 2535 5281 ἵνα
2575 5227 2650 5295 τῷ
2704 5226 3026 5295 ἀμελετήτῳ
3082 5224 3175 5275 καὶ
3209 5223 3368 5292 ἀήθει
3407 5222 3502 5290 τῆς
3544 5224 3820 5293 τιμωρίας
3873 5223 4027 5293 οορυ-

2448 5321 2592 5389 ϐήσῃ
2629 5319 2718 5369 τὸν
2762 5316 3039 5384 ἀθλητήν·
3090 5315 3208 5377 ὅξος
3254 5313 3436 5365 τοίνυν
3478 5314 3723 5383 κεράσας
3775 5316 3896 5377 τοῖς
3934 5314 4023 5367 τοῦ

2453 5412 2726 5481 μάρτυρος
2754 5412 2929 5479 ἐπιχεῖ
2962 5409 3268 5480 μυκτῆρσιν
3291 5420 3305 5435 ’
3333 5407 3360 5458 ό
3384 5404 3442 5457 δὲ
3470 5410 3561 5459 καὶ
3585 5404 3732 5456 οὕτω
3761 5404 3929 5475 δῆλος
3968 5402 4027 5472 ἦν

2454 5500 2575 5571 μηδ’
2638 5499 2923 5568 ἡντιναοῦν
2977 5496 3280 5571 μεταϐολὴν
3349 5495 3454 5549 ὑπὸ
3539 5492 3633 5544 τοῦ
3691 5492 4027 5565 δριμυτάτον

2452 5596 2733 5661 κρὰματος
2765 5570 2987 5643 ἐκείνοέ
3032 5586 3239 5642 παθών.
3286 5589 3400 5640 Οὐκ
3436 5582 3682 5651 ἐνεγκὼν
3716 5588 3909 5638 τοίνυν
3939 5584 4027 5659 et»

2452 5684 2713 5753 αἰσχύνην
2742 5685 2768 5735 ό
2805 5680 3034 5749 πονηρὸς
3072 5680 3209 5750 ξύλῳ
3243 5680 3334 5732 τὸν
3364 5665 3607 5748 suum;
3637 5679 3725 5731 διὶ
3760 5678 3873 5729 τῶν
3894 5676 4025 5745 ὑπη-

2458 5777 2794 5847 ρετουμένων
2862 5772 3113 5844 aute-311]
3175 5768 3494 5842 παρανομία
3552 5770 3884 5851 προσέδησε,
3944 5774 4023 5824 καὶ
