4156 6314
207 353 308 419 741

1027 363 1493 428 MARTYRIUM
1531 366 1594 426 S.
1632 367 2016 429 TROPHIMI
2056 370 2150 431 ET
2190 372 2600 437 SOCIORUM.

3340 389 3444 453 742

202 465 512 530 καταξάνας
548 468 644 530 τὰς
687 469 946 539 πλευρὰς,
992 474 1086 527 καὶ
1119 474 1338 544 βαθείας
1370 478 1426 528 ἐν
1457 477 1646 538 αὐταῖς
1678 493 1759 529 τε·

1869 488 1921 533 et
1947 480 2111 534 latera
2141 482 2420 539 dilaniavit
2453 503 2467 539 ε
2501 494 2554 540 et
2587 502 2708 542 cum
2741 487 2794 542 in
2823 490 2901 544 eis
2941 491 3238 560 profundos
3264 499 3446 556 sulcos

203 558 322 625 μὼν
350 557 616 622 αὔλακας,
642 561 888 630 αἱμάτων
926 567 1222 636 ξκατήγαγε
1275 569 1577 638 ποταμούς.
1625 571 1683 622 Ὀ
1714 571 1770 624 δὲ

198 649 311 715 ὅσῳ
341 649 541 718 μᾶλλον
571 651 712 721 ἤρθη
745 653 843 722 τῆς
883 659 1004 725 γῆς,
1036 659 1276 725 τοσούτῳ
1305 661 1490 713 πλεῖον
1524 661 1766 730 ἐγγίζειν

198 738 376 792 ἐδόκει
409 741 530 810 Θεῷ
556 758 568 772 ο
603 745 716 806 καὶ,
754 745 953 798 Πολλαὶ
985 749 1038 799 al
1073 749 1305 816 θλίψεις,
1351 752 1523 819 ἔλεγε,
1555 753 1663 806 τῶν
1693 753 1771 804 δι-

199 830 394 895 καίων,
429 835 523 885 καὶ
561 835 624 886 ἐκ
656 834 846 889 πασῶν
890 839 1068 891 αὐτῶν
1100 840 1323 908 ῥύσεται
1357 843 1550 905 αὐτοὺς
1579 844 1606 895 6
1653 845 1768 896 Κύ-

199 939 340 992 ριος.
385 925 658 990 Διονύσιος
687 928 768 994 δὲ,
813 931 1013 982 τούτων
1037 931 1275 996 ἀκούσας
1302 974 1317 1000 ,
1362 934 1425 988 Ἦ
1469 936 1671 1004 ματαία
1707 952 1762 988 σε

195 1015 339 1084 αὕτη
371 1018 546 1086 ἐλπὶς,
580 1018 718 1086 εἷπε,
757 1025 1056 1093 Τρόφιμος,
1090 1025 1188 1077 καὶ
1225 1027 1549 1094 κουφολογία
1576 1030 1764 1093 κακῶς

192 1105 407 1159 ἁπολεῖ’
433 1112 515 1171 τίς
555 1113 663 1182 γάρ
691 1130 769 1166 σοι
821 1114 912 1164 καὶ
942 1114 1049 1166 ἀπδ
1085 1115 1194 1168 τῶν
1245 1115 1448 1167 ὀδυνῶν
1490 1117 1610 1185 ἥξει
1650 1119 1761 1170 τῶν

191 1201 479 1266 παρόντων
501 1207 794 1274 ῥυσόμενος
813 1222 828 1271 ;
846 1203 968 1258 ἀλλ’
988 1205 1174 1270 ἐάσας,
1195 1208 1465 1276 παραινῶ,
1486 1209 1552 1260 τά
1569 1209 1756 1274 πολλὰ,

186 1293 285 1342 καὶ
348 1294 446 1363 τὴν
492 1295 653 1364 κενὴν
683 1295 748 1365 ἥν
784 1296 960 1362 λέγεις
993 1295 1369 1366 εὐδαιμονίαν,
1397 1297 1559 1350 θῦσον
1592 1317 1761 1369 προσ-

184 1382 360 1434 ελθὼν
406 1388 513 1446 τοῖς
549 1388 691 1449 θεοῖς
722 1401 736 1415 ⁸
765 1389 906 1440 οὕτω
945 1391 1052 1460 γὰρ
1111 1390 1176 1443 ἂν
1215 1389 1381 1461 ὀνήσῃ
1437 1394 1630 1444 σαυτὸν
1667 1395 1760 1446 καὶ

182 1478 289 1529 οὐκ
343 1479 560 1541 ἄλλως,
606 1481 760 1532 Ἐπεὶ
832 1482 1005 1535 ταῦτα
1069 1483 1232 1553 ψόφοι
1289 1485 1446 1553 μόνον
1496 1485 1602 1536 εἰσὶ
1650 1485 1759 1538 τῶν

181 1564 342 1617 ὢτων
373 1570 787 1639 καταχεόμενοι.
820 1571 861 1622 Τ
875 1571 1052 1626 ούτων
1111 1576 1316 1635 ἐκεῖνος
1349 1573 1564 1628 ἀκούων
1592 1593 1755 1628 κατε-

178 1658 320 1724 γέλα
347 1661 443 1728 τῆς
468 1661 560 1714 τοῦ
580 1663 848 1732 ἡγεμόνος
873 1666 1224 1733 κακουργίας.
1253 1664 1359 1718 Kal
1385 1669 1484 1718 οὐκ
1514 1667 1579 1720 ἄν
1606 1685 1754 1735 ποτε,

178 1746 356 1814 εἶπεν,
391 1754 446 1803 ἐν
473 1755 716 1823 ἐμαυτῷ,
748 1755 1012 1819 Διονύσιε,
1040 1754 1134 1819 ὢν,
1165 1756 1255 1807 τὸν
1290 1757 1420 1826 ἐμδν
1479 1758 1633 1826 Θεὸν,
1666 1760 1755 1813 τὸν

1873 571 2242 633 dissecuisset.
2285 579 2564 647 sanguinis
2601 579 2821 635 deduxit
2862 581 3078 640 ﬂuvios.
3132 587 3224 642 Ille
3258 601 3440 646 autem

1869 676 1978 729 quo
2003 663 2164 718 altius
2192 668 2442 723 sublatus
2468 680 2583 724 erat
2605 687 2635 725 e
2670 683 2831 737 terra,
2857 691 2920 728 eo
2952 679 3123 746 magis
3159 681 3441 738 videbatur

1871 751 1980 806 Deo
2003 769 2121 809 esse
2139 759 2473 828 pr0pinqnus
2499 779 2510 814 :
2534 770 2607 826 et,
2635 762 2833 830 Multae,
2861 767 3096 833 dicebat,
3120 771 3438 831 afﬂictione:

1862 843 2153 912 justorum,
2178 857 2230 900 et
2248 864 2312 902 ex
2335 850 2412 904 eis
2434 855 2687 908 omnibus
2710 857 2960 911 liberabit
2986 876 3078 914 eos
3102 861 3362 920 Dominus
3384 870 3426 923 ¹.

1866 934 2156 1005 Dionysius
2175 948 2353 992 autem
2377 956 2499 995 cum
2526 944 2640 998 haec
2665 947 2964 1002 audivisset
2992 968 3005 1004 :
3036 951 3180 1006 Vana
3209 963 3260 1008 te
3287 971 3436 1024 spes,

1866 1023 2061 1093 inquit,
2093 1027 2411 1098 Trophime,
2443 1040 2497 1086 et
2536 1032 2671 1088 levis
2695 1036 2951 1103 cogitatio
2977 1042 3117 1097 male
3159 1023 3425 1111 perdunt.

1863 1113 1993 1176 Quis
2022 1117 2168 1170 enim
2200 1119 2265 1172 ad
2291 1128 2342 1173 te
2373 1121 2551 1176 veniet
2575 1139 2603 1176 e
2629 1126 2800 1191 caelis,
2829 1142 2858 1181 a
2888 1133 3248 1197 praesentibus
3281 1137 3437 1192 malis

1861 1205 2357 1266 liberaturus?Sed
2402 1219 2593 1280 multa,
2635 1217 2728 1271 tibi
2769 1221 2987 1286 suadeo,
3042 1229 3206 1278 verba
3246 1227 3434 1283 dimit-

1863 1305 2004 1362 tens,
2051 1308 2105 1354 et
2141 1317 2356 1366 vanam,
2388 1321 2546 1374 quam
2590 1308 2746 1376 dicis,
2789 1310 3123 1380 felicitatem,
3167 1319 3435 1376 accedens

1862 1388 1962 1441 diis
2001 1392 2267 1448 sacrifica.
2302 1394 2390 1449 Sic
2423 1397 2568 1451 enim
2601 1400 2696 1453 tibi
2728 1403 2996 1472 proderis,
3024 1417 3078 1460 ct
3105 1423 3213 1460 non
3249 1410 3428 1466 aliter.

1855 1476 1991 1534 Nam
2028 1481 2141 1537 haec
2168 1493 2295 1541 Sunt
2333 1487 2512 1542 solum
2548 1493 2828 1559 strepitus,
2868 1496 2956 1564 qui
2990 1498 3350 1556 effunduntur
3378 1503 3434 1557 in

1856 1584 2032 1625 aures.
2064 1574 2158 1627 His
2189 1574 2276 1628 ille
2326 1579 2547 1643 auditis,
2584 1581 2843 1638 irridebat
2891 1589 3136 1655 praasidis
3167 1592 3431 1660 improbi-

1857 1669 2042 1725 tatem,
2063 1675 2119 1718 et
2139 1684 2150 1719 :
2168 1664 2475 1738 Nunquam,
2498 1671 2695 1736 aiebat,
2718 1692 2749 1727 ο
2769 1675 3010 1748 Dionysi,
3030 1681 3155 1742 dum
3178 1697 3272 1737 ero
3288 1687 3430 1753 apud

1855 1770 1964 1819 me,
1994 1772 2171 1811 meum
2199 1760 2387 1825 Deum,
2415 1764 2505 1831 qui
2529 1776 2610 1819 est
2635 1783 2794 1820 verus
2820 1778 2874 1822 et
2894 1774 3068 1837 vivus,
3095 1778 3427 1845 negaverim.

177 1840 382 1908 ζῶντα,
412 1843 504 1896 τὸν
528 1845 721 1916 ἀληθῆ,
747 1845 1110 1916 ἀρνησαίμην.
1148 1846 1319 1916 Εἴπερ
1373 1843 1466 1900 οὖν
1521 1865 1603 1900 σοι
1660 1851 1753 1903 καὶ

1855 1843 1908 1896 Si
1934 1853 2015 1898 est
2042 1850 2284 1916 ergotibi
2313 1850 2470 1908 facile
2494 1857 2883 1914 transformare
2910 1840 3192 1933 homines:
3209 1877 3264 1922 et
3298 1869 3431 1926 alios

177 1937 523 2002 μεταπλάττε
538 1954 584 1988 ιν
604 1935 918 2006 ἀνθρώπους
947 1938 1126 2008 ῥᾴδιον
1142 1978 1158 2004 ,
1181 1941 1274 1992 καὶ
1295 1939 1484 2002 ἀλλους
1506 1939 1564 2004 ἐξ
1583 1940 1753 1993 ἄλλων

174 2028 375 2090 ποιεῖν,
410 2028 680 2097 προσδόκα
732 2045 784 2080 τι
826 2027 955 2099 παρ’
1012 2029 1147 2100 ἐμοῦ
1179 2031 1272 2083 καὶ
1331 2031 1439 2082 τῶν
1494 2032 1753 2085 ἐναντίων

175 2119 310 2181 ἴσως
338 2120 588 2171 ἀκοῦσαι·
619 2120 691 2183 ὡς
719 2121 892 2190 ἔγωγε
919 2125 946 2175 6
973 2123 1133 2186 αὐτὸς
1163 2123 1440 2194 Τρόφιμος
1465 2124 1751 2196 ὑπάρχων,

170 2208 368 2280 ὥσπερ
399 2209 461 2280 δὴ
494 2216 588 2263 καὶ
625 2209 721 2265 νῦν
747 2215 886 2282 εἰμι,
932 2215 1123 2268 θᾶττον
1155 2215 1495 2285 ἐπιλάθωμαι
1529 2217 1621 2269 τοῦ
1660 2217 1751 2270 ἄν-

173 2302 396 2372 θρωπος
425 2297 562 2355 εἰναι
590 2302 622 2372 ἢ
652 2305 742 2358 τὸν
769 2307 966 2359 οίκείον
1017 2306 1292 2377 Δεσπότην
1350 2309 1445 2362 καὶ
1478 2313 1750 2380 Δημιουρ-

169 2394 275 2460 γὸν
305 2395 656 2463 ἀγνοήσαιμι.

248 2481 326 2538 Θ’.
347 2487 455 2537 Kal
485 2487 512 2537 6
541 2485 763 2556 ἡγεμών
783 2502 795 2516 ο
827 2486 1038 2555 Ὠσπερ
1066 2489 1116 2539 εί
1141 2489 1515 2559 παρῃνοῦμεν,
1542 2491 1746 2562 Τρῦφι-

171 2594 301 2648 μσς,
333 2579 406 2649 μὴ
439 2579 743 2649 ἀποστῆναί
788 2597 847 2632 σε
882 2580 979 2650 τῆς
1011 2579 1319 2650 ὁμολογίας,
1343 2581 1478 2635 ἀλλὰ
1506 2586 1615 2642 τοῖς
1649 2585 1748 2637 αὑ-

167 2673 289 2733 τοῖς
320 2671 581 2740 ἐμμένειν
613 2673 707 2724 καὶ
736 2671 828 2725 τοῦ
883 2672 1322 2744 Χριστιανισμοῦ
1364 2676 1743 2746 περίσχεσθαι,

165 2755 320 2809 οὕτω
353 2757 488 2826 πρὸς
519 2759 668 2827 ἡμᾶς
701 2759 995 2830 ἀποκρίνῃ.
1030 2762 1140 2815 Kal
1177 2766 1303 2826 τοὺς
1347 2762 1575 2834 δημίους
1619 2769 1744 2819 ἐπι-

169 2850 461 2918 στραφεὶς,
490 2850 876 2920 Σφοδρότερον,
903 2851 1107 2921 ἔλεγεν,
1131 2854 1184 2906 εἴ
1203 2872 1320 2918 πως
1349 2855 1445 2924 ὀψὲ
1464 2855 1592 2923 γοῦν
1613 2856 1744 2908 ταύ-

163 2957 274 3009 της
299 2940 574 3009 ἀποσταίη
605 2941 700 3008 τῆς
719 2938 1005 3012 φλυαρίας.
1046 2943 1104 2996 '0
1125 2946 1181 2997 δὲ
1212 2946 1418 3017 ἔπασχε
1440 2948 1539 3018 μέν
1567 2950 1659 3001 καὶ
1686 2948 1745 3001 τὸ

167 3031 336 3099 σῶμα
356 3033 661 3084 ἐδαπανᾶτο
686 3049 698 3062 ·
733 3033 946 3103 ἧκμαζε
975 3035 1029 3086 δέ
1077 3036 1171 3087 καὶ
1220 3038 1477 3090 ἀνέθαλλε
1511 3041 1576 3111 τῇ
1611 3056 1745 3109 προ-

163 3122 373 3194 θυμίᾳ·
406 3125 500 3176 καὶ
529 3124 729 3193 θερμὸν
758 3118 870 3176 οἷον
905 3125 1043 3196 ὑπὲρ
1071 3126 1350 3187 εὐσεϐείας
1395 3128 1568 3182 ἔπνει.
1615 3132 1743 3181 Δια-

163 3218 386 3282 παίζων
439 3219 620 3271 τοίνυν
670 3220 762 3271 τὸν
820 3220 1040 3290 ἀνδραὸ
1074 3219 1318 3290 ἡγεμὼν,
1358 3221 1544 3282 Οῠπω.
1584 3225 1739 3292 φησι,

161 3311 360 3380 ᾔσθου,
380 3313 650 3381 Τρόφιμε,
679 3311 786 3364 τῶν
812 3312 1059 3382 βασάνων
1081 3330 1094 3379 ;
1116 3315 1225 3366 Kal
1245 3316 1270 3366 6
1293 3315 1500 3384 μάρτυς
1523 3317 1757 3382 αὐτίκα,

159 3406 232 3458 Σὲ
270 3405 471 3472 μᾶλλον
492 3400 629 3466 οἶδα,
658 3386 787 3473 ἔφη,
821 3404 914 3456 τοῦ
943 3404 1146 3467 πάθους
1169 3406 1552 3462 αἰσθάνεσθαι·
1585 3408 1743 3477 δῆλος

159 3497 276 3562 γὰρ
305 3490 354 3544 εἰ
393 3492 511 3544 λίαν
545 3493 648 3542 ὑπὸ
677 3493 768 3543 τοῦ
799 3493 976 3560 θυμοῦ
1027 3495 1493 3563 τυραννούμενος·
1525 3498 1650 3563 ἐμοὶ
1683 3499 1740 3549 δὲ

157 3586 276 3654 ὅσῳ
320 3585 380 3637 τὸ
432 3586 589 3655 σῶμα
637 3583 1049 3648 καταναλοῠται,
1087 3584 1327 3654 τοσούτῳ
1397 3587 1582 3641 λύεται
1630 3588 1739 3641 τῶν

159 3676 380 3746 δεσμῶν
404 3679 499 3730 καὶ
534 3677 593 3729 τὸ
627 3678 745 3729 ὅλον
777 3677 1185 3746 ἐλευθεροῦται,
1211 3679 1304 3729 καὶ
1350 3678 1600 3748 θειοτέρα
1653 3680 1739 3748 γί-

158 3787 319 3822 νεται
369 3772 403 3840 ἡ
433 3769 598 3838 ψυχή.
621 3770 695 3820 Οὐ
728 3775 836 3837 γὰρ
869 3773 1104 3838 μένουσα
1151 3774 1209 3820 ἐν
1237 3770 1315 3838 τῷ
1350 3769 1560 3838 σώματι
1616 3788 1740 3823 συν-

162 3861 523 3930 αποθνήσκει,
546 3861 678 3914 αλλὰ
721 3866 856 3927 πρὸς
887 3862 954 3912 τὰ
987 3861 1294 3928 ποθούμενα
1333 3861 1614 3926 διαϐαίνει,
1646 3864 1737 3915 καὶ

156 3957 254 4007 τὸν
288 3955 483 4004 οἰκεῖον
520 3952 898 4020 ἀπολαμϐάνει
930 3951 1146 4019 κλῆρον.
1187 3949 1245 4005 '0
1281 3953 1378 4021 μὲν
1430 3949 1524 4006 οὖν
1563 3952 1735 4007 ταῦτα

157 4047 352 4113 ἔλεγεν
376 4062 389 4075 ’
427 4045 475 4097 οί
516 4044 698 4114 δήμιοι
722 4044 777 4096 δέ
806 4043 1075 4114 ἀλλήλους
1111 4045 1168 4097 ἐν
1196 4046 1272 4115 τῷ
1299 4045 1438 4109 ξέειν
1492 4046 1734 4117 διαδεχό-

161 4157 341 4209 μενοι,
367 4138 675 4211 βαρυτέρας
725 4140 873 4208 αύτῴ
928 4139 1019 4198 τὰς
1071 4138 1259 4200 ὀδύνας
1311 4138 1555 4205 ἐπῆγον;
1597 4141 1624 4191 ὁ
1658 4141 1733 4204 δὲ,

171 4231 501 4299 Ἐπίδλεψον
520 4230 578 4294 ἐξ
614 4229 844 4295 ούρανοῦ
874 4227 966 4278 καὶ
993 4225 1151 4296 ῥῦσαί
1178 4243 1268 4295 με,
1293 4230 1318 4278 6
1347 4226 1496 4291 Θεὸς,
1524 4227 1730 4294 ἔλεγεν,

157 4324 226 4375 ἐκ
260 4324 353 4390 τῆς
389 4322 612 4388 παγίδος
662 4320 770 4373 τῶν
821 4319 1187 4388 θηρευδντωψ
1233 4320 1317 4370 ὅτι
1356 4319 1418 4370 σὺ
1450 4316 1498 4371 εί
1534 4321 1567 4388 ὴ
1597 4319 1730 4370 ὐπο-

160 4417 298 4484 μονή
355 4430 478 4481 μου,
530 4414 730 4480 Κύριε.-
791 4413 901 4462 Kal
961 4412 1132 4478 τούτῳ
1189 4410 1329 4480 ψιλῷ
1401 4413 1477 4480 τῷ
1525 4415 1727 4481 ῥήματι

1857 1933 2037 1990 facere
2063 1954 2126 1992 ex
2158 1940 2296 2005 aliis,
2323 1957 2575 2014 exspecta
2606 1948 2741 2016 fore,
2762 1960 2817 2004 ut
2848 1969 2913 2008 ex
2952 1971 3037 2009 me
3068 1958 3268 2027 aliquid
3291 1961 3430 2018 forto

1853 2026 2044 2082 audias
2063 2035 2414 2089 contrarium.
2440 2036 2572 2092 Nam
2597 2055 2698 2108 ego
2721 2044 2936 2110 quidem
2954 2045 3083 2100 dum
3105 2026 3225 2102 sum
3256 2051 3424 2117 idem,

1854 2119 1944 2188 qui
1979 2136 2145 2187 nunc,
2179 2124 2527 2194 Trophimns,
2562 2132 2853 2188 obliviscar
2884 2137 3046 2191 citius
3084 2155 3206 2196 esse
3236 2142 3424 2209 homo,

1853 2225 2014 2278 quam
2061 2229 2240 2269 meum
2282 2218 2640 2288 ignoraverim
2683 2225 2969 2282 Dominum
3005 2239 3056 2283 et
3095 2231 3422 2292 Creatorem.

1921 2499 2013 2557 IX.
2060 2503 2261 2561 Praeses
2296 2516 2477 2563 autem
2514 2526 2529 2565 :
2567 2508 2800 2566 Perinde
2842 2515 2999 2570 nobis
3033 2521 3354 2589 respondes,
3389 2539 3422 2577 ο

1851 2591 2168 2663 Trophime,
2195 2606 2356 2666 atque
2383 2599 2427 2652 si
2467 2601 2559 2654 tibi
2588 2604 2971 2672 suaderemus,
3011 2624 3119 2664 non
3155 2612 3419 2670 desistere

1848 2701 1878 2740 a
1908 2686 2275 2752 confessione,
2326 2691 2421 2745 sed
2472 2691 2524 2745 in
2564 2694 2774 2750 eisdem
2804 2713 3175 2768 perseverare,
3203 2715 3258 2759 et
3298 2719 3418 2762 amo

1847 2776 2008 2846 plecti
2038 2777 2535 2836 Christianismum.
2572 2783 2640 2837 Et
2685 2801 2984 2841 conversus
3031 2790 3096 2843 ad
3148 2790 3414 2847 lictores:

1847 2869 2255 2934 Vehementius,
2284 2872 2481 2942 inquit,
2510 2875 2554 2928 si
2585 2880 2855 2944 quomodo
2884 2880 3098 2934 tandem
3124 2884 3192 2935 ab
3217 2885 3301 2937 his
3322 2885 3417 2940 de-

1844 2963 1995 3017 sistat
2021 2966 2197 3034 nugis.
2227 2967 2317 3018 Ille
2343 2979 2522 3020 autem
2555 2969 2861 3038 patiebatur
2879 2975 3117 3042 quidem,
3142 2987 3194 3030 et
3217 2993 3414 3047 corpus

1845 3055 1892 3107 ei
1942 3057 2416 3113 consumebatur:
2449 3058 2660 3130 vigebat
2693 3077 2820 3116 vero
2861 3079 2926 3117 ac
2975 3065 3200 3121 ﬂorebat
3244 3071 3410 3124 alacri

1844 3159 2201 3218 promptaque
2233 3150 2398 3205 animi
2449 3154 2651 3220 studio,
2682 3140 2735 3209 ἐι
2770 3172 2866 3226 pro
2913 3158 3116 3227 pietate
3163 3161 3414 3217 decerta-

1845 3239 1938 3292 bat
1990 3241 2364 3296 vehementer.
2418 3244 2561 3298 Eum
2603 3257 2783 3301 autem
2829 3249 3110 3305 ludificans
3150 3269 3351 3322 praises
3400 3275 3411 3308 :

1844 3331 2116 3394 Nondum.
2152 3334 2350 3404 inquit,
2401 3338 2643 3399 sensisti.
2675 3355 2709 3391 ο
2749 3338 3067 3410 Trophime,
3102 3347 3416 3398 tormenta?

1843 3423 2042 3494 Martyr
2071 3439 2251 3480 autem
2285 3442 2299 3480 :
2331 3424 2468 3491 Jam,
2502 3426 2697 3497 inquit,
2730 3429 2844 3483 scio
2879 3439 2930 3484 te
2985 3434 3152 3504 magis
3205 3439 3411 3492 sentire

1841 3516 2246 3583 perpessionem
2286 3533 2301 3572 :
2355 3527 2540 3588 aperte
2579 3521 2725 3575 enim
2771 3523 3035 3585 ostendis.
3068 3526 3199 3581 iram
3255 3529 3310 3583 in
3361 3539 3415 3584 te

1841 3620 2088 3676 magnam
2109 3622 2361 3662 exercere
2388 3613 2750 3678 tyrannidem.
2783 3615 2913 3668 Mihi
2947 3633 3073 3670 vero
3097 3635 3208 3688 quo
3244 3625 3412 3693 magis

1841 3710 2041 3765 corpus
2087 3699 2444 3763 consumitur,
2489 3715 2555 3753 eo
2609 3702 2777 3772 magis
2826 3705 3053 3759 solvitur
3088 3723 3116 3761 a
3153 3711 3406 3773 vinculis.

1841 3787 2211 3858 liberaturque
2232 3790 2476 3854 omnino,
2500 3800 2553 3844 et
2577 3790 2635 3845 fit
2651 3795 2828 3846 anima
2848 3795 3103 3850 divinior.
3125 3798 3240 3852 Non
3265 3802 3409 3854 enim

1839 3892 2064 3930 manens
2117 3879 2171 3930 in
2224 3895 2450 3948 corpore
2499 3898 2602 3934 una
2648 3900 2768 3935 cum
2814 3900 2878 3940 eo
2930 3889 3161 3942 moritur
3233 3908 3246 3944 :
3313 3893 3409 3946 sed

1840 3966 2037 4020 transit
2065 3966 2131 4020 ad
2162 3980 2227 4020 ea
2275 3982 2394 4036 quae
2429 3968 2733 4033 desiderat,
2768 3979 2818 4047 et
2877 3975 3146 4042 propriam
3209 3978 3400 4047 recipit

1839 4058 2233 4114 hereditatem.
2283 4059 2376 4113 llle
2424 4061 2641 4129 quidem
2702 4045 2817 4116 hinc
2868 4064 3082 4119 dicebat
3127 4082 3141 4130 ;
3187 4045 3408 4126 lictores

1837 4160 2016 4203 autem
2047 4165 2106 4204 se
2134 4151 2365 4205 invicem
2400 4154 2538 4206 alter
2562 4153 2788 4207 alterum
2819 4156 3173 4224 excipientes,
3204 4159 3252 4212 ei
3283 4176 3405 4230 grao

1837 4241 2014 4295 viores
2058 4241 2272 4307 dolores
2315 4243 2634 4295 aﬂercbant.
2676 4241 2768 4297 llle
2816 4255 2995 4300 autem
3035 4264 3048 4301 :
3096 4248 3295 4318 Aspice
3333 4252 3401 4307 de

1835 4333 1994 4397 coelo,
2021 4341 2075 4386 et
2097 4347 2182 4385 me
2210 4331 2398 4394 libera,
2427 4333 2660 4401 dicebat,
2689 4334 2850 4403 Deus,
2877 4339 2942 4392 de
2971 4338 3166 4410 laqueo
3197 4358 3399 4398 venan-

1833 4424 1989 4475 tium.
2037 4422 2300 4487 Quoniam
2334 4434 2388 4477 tu
2437 4440 2496 4480 es
2531 4427 2790 4496 patientia
2825 4445 2965 4492 mea,
3008 4431 3292 4487 Demine'.
3338 4434 3402 4488 Et

155 4510 327 4562 πολλὰ
360 4508 452 4576 τὴν
480 4507 572 4558 τοῦ
599 4504 863 4576 ἡγεμόνος
896 4506 1125 4571 ἕπληττε
1176 4505 1439 4572 κεφαλὴν,
1461 4507 1553 4556 καὶ
1587 4507 1724 4557 κατὰ

1852 4529 1933 4568 ιοσ
1963 4514 2076 4569 solo
2111 4517 2278 4570 verbo
2305 4516 2456 4569 valde
2483 4517 2930 4588 percussitcaput
2964 4522 3232 4590 praesidis,
3262 4532 3316 4577 et
3344 4525 3399 4577 in

151 4604 254 4672 τῆς
287 4601 562 4670 μακαρίας
598 4597 788 4649 ἐαυτοῦ
821 4598 1061 4665 κεφαλῆς
1105 4597 1232 4666 ὃλην
1264 4597 1476 4649 ἐκείνου
1510 4597 1606 4666 τὴν
1644 4597 1730 4649 δύο

157 4712 327 4764 ναμιν
353 4697 446 4744 καὶ
477 4693 574 4761 τὴν
610 4691 806 4761 μανίαν
839 4691 1025 4744 ἐκίνει.
1059 4689 1276 4758 ’Λμέλει
1323 4691 1414 4746 καὶ
1457 4688 1586 4752 ἆλας
1647 4692 1729 4754 είς

152 4786 276 4849 ὅξος
306 4782 577 4851 ἐμϐαλὼν,
610 4784 702 4833 καὶ
725 4782 824 4849 τὴν
871 4782 1078 4832 ἐκείνου
1107 4781 1411 4849 δριμύτητα
1433 4784 1497 4849 τῇ
1527 4782 1729 4832 τούτων

1827 4606 2043 4662 beatum
2078 4623 2234 4661 suum
2268 4617 2426 4674 caput
2458 4607 2764 4664 universam
2795 4611 2902 4664 vim
2935 4611 3079 4665 illius
3123 4615 3290 4668 movit
3340 4626 3397 4670 et

1827 4697 2114 4753 insaniam.
2147 4695 2333 4767 Itaque
2365 4713 2488 4751 cum
2525 4699 2691 4752 salem
2738 4699 3018 4767 iniecisset
3063 4703 3114 4755 in
3158 4714 3397 4769 acetum,

1827 4797 1874 4841 et
1917 4788 2079 4857 hujus
2118 4790 2473 4843 acrimoniam
2515 4788 2659 4843 illius
2695 4798 3058 4860 temperasset
3104 4796 3396 4861 salsedine,

153 4876 305 4943 ἅλμῃ
337 4875 597 4942 κεράσας,
625 4872 734 4922 τῶν
769 4871 861 4922 τοῦ
893 4873 1168 4939 μάρτυρος
1196 4872 1412 4923 ἐκέλευε
1442 4872 1727 4939 καταχέειν

1848 4883 2060 4935 ussitea
2094 4881 2383 4936 infundere
2407 4879 2458 4932 iu
2480 4881 2701 4936 vulnera
2726 4883 2996 4953 martyris,
3023 4885 3102 4937 sic
3121 4885 3398 4941 arbitrans

152 4968 481 5036 τραυμάτων
506 5002 520 5028 ,
549 4963 719 5033 ταύτῃ
752 4963 891 5014 ἑλεῖν
931 4965 1022 5016 τὸν
1069 4963 1171 5033 τῆς
1196 4963 1490 5030 εεύσεὸείας
1527 4965 1726 5030 ἀγωνιο

155 5061 288 5128 στὴν
321 5061 586 5128 οἰόμενος.
614 5057 710 5108 “Av
731 5056 787 5106 δὲ
822 5058 914 5108 καὶ
937 5058 1011 5126 μὴ
1039 5058 1164 5122 ἕλω,
1193 5058 1378 5126 φησιν,
1404 5058 1693 5111 ἀσθενέστε
1713 5085 1726 5097 ·

155 5168 246 5220 ρον
285 5152 326 5202 δ’
354 5150 444 5201 οὖν
483 5154 630 5219 ὅμως
662 5147 969 5219 παρέξομαι
1005 5150 1140 5216 πρὸς
1171 5153 1237 5202 τὰ
1276 5150 1561 5218 μέλλοντα.
1579 5149 1724 5204 Ἀλλ’

150 5247 178 5295 ὁ
208 5242 573 5314 δρασσόμενος
602 5245 728 5306 τοὺς
761 5242 956 5310 σοφοὺς
987 5242 1044 5292 ὲν
1073 5243 1139 5310 τῇ
1178 5243 1485 5314 πανουργίᾳ
1519 5242 1721 5307 αὐτῶν,

150 5345 294 5391 κατα
321 5340 417 5408 τῆς
441 5334 648 5387 ἐκείνου
680 5336 880 5404 μᾶλλον
907 5335 1100 5398 κακίας
1141 5335 1202 5388 τὸ
1239 5334 1479 5404 σόφισμα
1531 5339 1721 5405 περιέ-

150 5445 341 5497 τρεπε.
369 5430 480 5481 Kal
513 5430 540 5481 6
583 5429 810 5497 μάρτυς,
851 5429 1008 5481 Οὕτω
1041 5428 1242 5493 τοίνυν,
1262 5422 1305 5483 ὦ
1330 5428 1576 5498 ἡγεμὼν,
1604 5429 1719 5480 ἐλε-

153 5542 267 5592 γεν,
293 5525 352 5576 οὑ
390 5524 784 5595 διαρῤυήσεταί
828 5541 919 5592 μοι
947 5526 1006 5577 τὸ
1037 5523 1216 5594 σῶμα,
1255 5525 1376 5578 οὐδὲ
1401 5525 1715 5594 οἰχήσεται·

150 5618 209 5669 τὸ
246 5617 489 5670 ἐναντίον
516 5618 613 5684 μὲν
639 5611 728 5669 οὖν
759 5614 906 5670 ἅπαν
948 5617 1041 5670 καὶ
1088 5618 1238 5684 ὑγιὲς
1271 5617 1400 5671 αὐτὸ
1443 5616 1642 5686 μᾶλλον
1671 5617 1717 5670 οί

223 5795 238 5824 ⁸
265 5792 409 5850 Psal.
444 5806 632 5856 uarii,
659 5792 748 5844 ΞΟ.
826 5792 845 5821 ¹
875 5791 1017 5846 Psal.
1049 5807 1133 5858 xc,
1177 5794 1230 5847 5.

1826 4986 1884 5026 se
1915 4981 2348 5041 expugnaturum
2383 4972 2641 5026 athletam
2692 4974 2928 5042 pietatis.
2975 4973 3130 5038 Quod
3181 4976 3225 5030 si
3283 4991 3393 5030 non

1825 5078 2228 5133 expugnavero,
2251 5065 2449 5128 aiebat,
2473 5072 2565 5116 aut
2593 5064 2996 5119 imbecilliorem
3024 5081 3147 5120 eum
3175 5069 3394 5123 reddam

1824 5155 1891 5209 ad
1915 5154 2119 5208 futura.
2144 5153 2248 5209 Sed
2275 5157 2365 5222 qui
2409 5154 2823 5224 comprehendit
2849 5157 3122 5226 sapientes
3154 5160 3207 5211 in
3243 5169 3391 5213 astu-

1825 5248 1896 5302 tia
1932 5263 2145 5312 eorum,
2187 5246 2262 5310 id,
2301 5248 2443 5316 quod
2473 5248 2887 5318 excogitaverat,
2919 5249 3184 5304 convertit
3203 5250 3395 5304 adver-

1828 5355 1922 5395 sus
1952 5341 2093 5395 illius
2123 5340 2399 5394 malitiam.
2435 5340 2500 5394 Et
2532 5350 2772 5411 martyr;
2802 5340 2910 5406 Sic,
2934 5341 3090 5406 dixit,
3112 5355 3147 5397 o
3174 5357 3392 5412 prases,

1828 5448 2024 5503 corpus
2054 5447 2233 5486 meum
2267 5447 2376 5486 non
2399 5432 2625 5497 difﬂuet,
2656 5447 2757 5489 nec
2785 5433 3019 5502 peribit;
3051 5433 3160 5489 imo
3179 5446 3390 5504 contra,

1825 5526 1908 5581 sal
1940 5525 2159 5595 quidem
2191 5525 2366 5595 ipsum
2409 5526 2752 5583 conservabit
2802 5539 2996 5580 sanum
3024 5535 3079 5582 et
3106 5527 3392 5584 confirma-

1827 5617 1907 5672 bit
1946 5626 2000 5673 et
2035 5617 2409 5674 corroborabit
2443 5617 2706 5674 adversus
2739 5625 2865 5674 tuos
2891 5617 3147 5690 lnsultus,
3170 5619 3308 5676 adeo
3328 5630 3386 5677 ut
