4156 6314
722 330 834 392 743

724 545 845 583 cum
875 529 1242 599 seipsojudex
1283 528 1547 584 evasisset
1594 529 1804 591 szevior,
1841 529 1993 598 jubet
2032 529 2304 599 lampades

725 620 1000 675 admoveri
1024 620 1281 674 lateribus
1300 620 1501 691 egregii
1520 621 1799 686 martyris:
1822 620 1893 675 Ut
1922 637 2043 690 qua:
2069 630 2300 686 restant,

726 712 929 775 aiebat,
958 726 1151 765 carnes
1194 711 1334 781 ignis
1372 720 1679 765 consumat.
1704 711 1879 780 Atque
1910 712 2030 782 igne
2081 712 2301 781 quidem

732 800 1074 854 minuebatur
1116 809 1171 855 et
1201 802 1626 855 consumebatur
1660 815 1809 864 caro,
1851 803 2075 873 martyri
2114 813 2300 858 autem

731 891 902 961 magis
941 892 1153 961 vigebat
1207 892 1596 961 crescebatque
1652 892 1821 947 animi
1869 891 2200 949 institutum.
2238 893 2303 948 Et

728 981 1012 1036 videbatur
1048 983 1265 1051 quidem
1306 984 1509 1038 sentire
1557 995 1836 1038 externam
1876 983 2172 1049 ﬂammam,
2205 984 2304 1041 ﬂa-

732 1076 926 1146 grabat
956 1084 1136 1131 autem
1172 1091 1268 1131 cor
1288 1076 1407 1147 ejus
1443 1076 1649 1148 majore
1680 1074 1882 1132 Cbristi
1905 1074 2196 1131 desiderio.

800 1429 870 1482 Χ.
902 1426 1026 1483 Haec
1074 1437 1358 1500 postquam
1400 1428 1583 1484 omnia
1632 1428 1794 1484 simul
1839 1429 2047 1485 fortiter
2094 1430 2308 1487 tulisset

733 1521 1091 1592 Tropbimus.
1149 1523 1616 1589 admirationeque
1639 1538 1702 1577 ac
1731 1532 1953 1593 stupore
1974 1535 2145 1577 totum
2176 1522 2309 1577 alIe-

731 1614 896 1668 cisset
922 1614 1254 1685 Dionysium,
1278 1629 1308 1668 e
1346 1615 1490 1685 ligno
1519 1614 1738 1684 quidem
1765 1614 2098 1682 deponitur;
2138 1614 2308 1667 tradi-

735 1714 819 1759 tur
847 1714 1024 1759 autem
1058 1705 1286 1769 carceri,
1312 1718 1380 1759 ne
1416 1722 1540 1759 eum
1569 1707 1788 1775 quidem
1831 1704 2126 1775 benignum
2154 1720 2305 1759 asse-

733 1806 912 1861 cutus,
954 1796 1045 1849 sed
1080 1796 1134 1849 in
1171 1797 1320 1866 ligno
1361 1796 1623 1859 inclusus,
1659 1806 1714 1850 et
1755 1812 1856 1850 nec
1895 1796 2055 1849 tibias
2086 1796 2307 1865 quidem

732 1887 918 1941 valens
955 1886 1269 1940 extendere.
1310 1887 1543 1953 Quidam
1591 1898 1772 1941 autem
1802 1886 2167 1957 Dorymedon,
2227 1886 2311 1941 vir

734 1978 826 2047 qui
855 1988 910 2033 et
950 1979 1161 2034 colebat
1193 1980 1469 2050 pietatem,
1517 1992 1571 2033 et
1611 1979 1898 2033 exercebat
1930 1979 2206 2043 virtutem,
2258 1988 2313 2037 et

735 2070 877 2123 inter
906 2079 1186 2128 senatores
1229 2072 1463 2139 primum
1495 2072 1716 2123 tenebat
1759 2069 1961 2133 locum,
2003 2069 2312 2141 ingrediens

735 2176 1029 2225 carcerem,
1062 2172 1116 2215 et
1142 2177 1330 2217 curam
1369 2167 1588 2232 gerebat
1614 2161 1888 2231 martyris,
1921 2170 1973 2214 et
2027 2162 2313 2232 absterge-

735 2254 824 2308 bat
860 2257 1104 2318 vulnera,
1146 2266 1199 2310 et
1240 2256 1445 2309 saniem
1476 2256 1809 2308 emundabat
1845 2272 1857 2306 :
1891 2255 2087 2307 deinde
2135 2256 2316 2310 linteis

739 2349 1055 2402 involvebat
1086 2358 1143 2402 et
1181 2350 1454 2417 alligabat,
1480 2357 1643 2415 atque
1674 2349 1720 2399 ei
1753 2361 1969 2400 omnem
2011 2348 2170 2401 aliam
2216 2349 2317 2402 ad-

738 2439 963 2499 hibebat
1006 2439 1369 2503 curationem,
1409 2448 1462 2493 et
1492 2439 1673 2507 aliquo
1704 2439 1926 2509 quidem
1964 2451 2203 2510 tempere
2242 2442 2318 2495 la-

740 2533 889 2585 tebat
944 2533 1057 2586 haec
1108 2533 1334 2588 iaciens.
1392 2531 1585 2586 Postea
1633 2543 1817 2585 autem
1871 2548 1993 2586 cum
2043 2535 2317 2588 venissent

740 2621 1043 2686 Dioscoria,
1077 2625 1128 2679 id
1169 2635 1273 2688 est,
1329 2624 1526 2678 festum
1572 2624 1810 2679 Castoris
1854 2634 1907 2678 et
1956 2624 2212 2690 Pollucis,
2264 2636 2319 2681 et

742 2715 954 2787 Synade
998 2716 1116 2771 dies
1150 2716 1319 2771 festus
1340 2717 1595 2786 praeclare
1618 2715 2005 2777 celebraretur,
2035 2716 2173 2769 festo
2196 2717 2319 2784 qui-

742 2809 862 2863 dem
897 2811 1157 2863 intererat
1188 2813 1474 2863 universus
1513 2818 1760 2872 senatus,
1794 2809 1941 2861 solus
1981 2818 2164 2861 autem
2221 2808 2318 2862 ab—

740 2910 854 2955 erat
873 2900 1228 2969 Dorymedon.
1255 2900 1456 2954 Deinde
1478 2917 1599 2953 cum
1618 2914 1815 2967 przeses
1838 2914 1959 2951 eum
1984 2884 2319 2963 accet'sisset,

743 3008 812 3047 ne
838 2994 913 3047 sic
938 2994 1156 3061 quidem
1190 2995 1439 3056 accessit,
1471 2992 1779 3061 signilieans
1811 2990 1974 3060 quod,
2018 3007 2144 3045 cum
2175 3000 2323 3045 esset

1957 324 2239 386 MENSIS
2270 321 2739 384 SEPTEMBER.

726 439 871 507 ipsos
895 443 1134 507 superet,
1155 446 1209 491 et
1232 435 1589 491 calliditatem
1610 434 1789 490 vincat
1807 435 2124 493 adversarii.
2147 435 2303 491 Tunc

2423 432 2533 498 ἱλες
2588 434 2975 506 διατηρήσουσι
3025 435 3117 489 καὶ
3176 435 3412 505 ρώσουσι
3471 434 3609 505 πρὸς

3881 316 3991 381 744

3688 432 3791 493 τὰς
3835 432 3991 501 παρά

2405 525 2497 578 σοῦ
2530 525 2841 591 ἐπιϐουλὰς,
2869 526 3009 580 ὥστε
3064 528 3154 580 καὶ
3216 527 3599 597 περιγενέσθαι
3653 524 3866 585 αὐτῶν,
3894 521 3991 575 καὶ

2403 618 2676 687 κρατῆσαι
2724 620 2821 685 τῆς
2871 618 2965 671 τοῦ
3025 619 3405 689 ἀντικειμένου
3444 617 3832 687 κακοτεχνίας.
3871 616 3990 667 Ἐν-

2400 707 2574 761 ταῦθα
2595 707 2972 779 χαλεπώτερος
3003 710 3163 772 αὐτὸς
3186 710 3379 764 ἑαυτοῦ
3409 710 3649 778 γεγονὼς
3670 711 3697 761 ὁ
3718 708 3983 771 δικάζων,

2401 800 2691 871 λαμπάδας
2724 802 2893 871 πυρὸς
2927 801 3142 855 κελεύει
3174 800 3547 871 προσάγεσθαι
3580 802 3704 862 ταῖς
3735 800 3833 851 τοῦ
3857 816 3981 866 γεν-

2412 892 2564 946 ναίου
2592 894 2853 964 πλευραῖς
2873 910 2887 925 ο
2936 893 3021 956 Ὧς
3047 893 3113 946 ἂν
3140 893 3208 945 τὰ
3233 872 3673 961 περιλειφθέντα,
3704 891 3864 960 φησὶ,
3883 892 3988 943 τῶν

2415 984 2635 1055 σαρκῶν
2687 985 2749 1040 τὸ
2802 984 2913 1055 πῦρ
2966 982 3342 1053 ὲπινεμηθείη.
3376 984 3577 1053 Ἔληγε
3635 984 3736 1050 μὲν
3789 977 3886 1034 οὖν
3916 976 3991 1050 τῷ

2413 1074 2546 1144 πυρὶ
2582 1072 2675 1127 καὶ
2700 1071 3021 1143 ἀναλοῦτοή
3054 1072 3212 1143 σὰρξ,
3248 1075 3279 1142 ὴ
3314 1074 3631 1141 προαίρεσις
3655 1071 3711 1124 δὲ
3735 1070 3817 1140 τῷ
3853 1070 3994 1139 μάρ-

2424 1182 2553 1235 ⁴ιτυρι
2591 1164 2795 1234 μᾶλλον
2845 1165 2995 1233 nvem
3032 1181 3046 1195 ⁶
3081 1168 3174 1218 καὶ
3233 1164 3394 1233 ἐκῴει
3458 1164 3622 1234 μηδὲν
3664 1163 3766 1233 τῆς
3795 1162 3993 1226 ἔξωθεν

2420 1256 2618 1326 φλογὸς
2660 1255 3105 1310 ὲπαισθάνεσθαι·
3170 1255 3488 1326 θερμοτέρῳ
3543 1256 3654 1324 γὰρ
3710 1252 3866 1323 πόθῳ
3916 1252 3992 1320 τῷ

2408 1351 2550 1419 πρὸς
2586 1351 2823 1421 Χριστὸν
2851 1351 3116 1404 ὲκέκαυτο
3142 1351 3237 1421 τὴν
3265 1353 3515 1418 καρδίαν.

2480 1442 2537 1496 l'.
2563 1442 2748 1496 Ταῦτα
2779 1442 2966 1511 ἐπειδὴ
3000 1443 3094 1495 καὶ
3125 1443 3259 1512 ἐμοῦ
3312 1447 3487 1497 πάντα
3524 1442 3794 1510 γενναίως
3830 1444 3991 1513 ἠνεγ-

2408 1547 2471 1583 κε
2530 1530 2832 1601 Τρόφιμος,
2873 1534 2967 1582 καὶ
2990 1529 3111 1583 ὅλον
3152 1534 3230 1593 εὶς
3265 1531 3520 1598 ἔκπληξιν
3572 1532 3753 1601 ήγαγε
3809 1533 3994 1583 Διονύ-

2409 1638 2545 1685 σιον,
2581 1623 2880 1688 κατάγεται
2924 1623 3023 1690 μὲν
3075 1620 3167 1673 τοῦ
3213 1621 3429 1685 ξύλον-ὀ
3470 1622 3714 1690 ἀθλητής
3746 1636 3763 1653 ·
3808 1623 3889 1690 τῷ
3915 1623 3995 1675 δί-

2414 1714 2720 1783 σμωτηρίω
2743 1714 2798 1765 δὲ
2834 1713 3203 1783 παραδίδοται,
3231 1713 3352 1768 οὐδὲ
3370 1714 3558 1767 τούτου
3599 1714 3881 1782 ιπιτυχὼν
3912 1732 3995 1781 ιρι-

2417 1802 2763 1874 λανθρώπου,
2815 1806 2953 1858 ἀλλὰ
3011 1806 3430 1869 κατακλεισθεὶς
3477 1807 3534 1858 ὲν
3567 1805 3645 1874 τῷ
3699 1804 3846 1873 ξύλῳ
3908 1806 3998 1854 καὶ

2423 1894 2560 1964 μηδὲ
2592 1895 2901 1948 ἀποτείνειν
2966 1894 3034 1947 τὰ
3078 1897 3244 1964 σκέλη
3286 1895 3606 1963 δυνάμενος.
3669 1894 3998 1962 Δορυμέδων

2417 1984 2474 2037 δέ
2513 2001 2596 2047 τις
2626 1984 2767 2054 ἀνὴρ
2802 1984 3087 2037 εύσέόειὰν
3122 2002 3179 2036 τε
3214 1984 3387 2054 τιμῶν
3423 1985 3515 2035 καὶ
3557 1983 3764 2054 ἀρετὴν
3786 1982 3994 2051 μετιὼν

2420 2078 2516 2128 καὶ
2550 2077 2701 2143 παρὰ
2743 2076 3057 2144 βουλευταῖς
3086 2076 3195 2129 τῶν
3246 2075 3534 2145 πρωτείων
3562 2072 3996 2145 ὴξιωμένος,εἰς

2419 2167 2479 2217 τὸ
2512 2166 2887 2234 δεσμωτήριον
2938 2164 3145 2229 εισιὼν,
3201 2166 3525 2235 ἐπεμελεῖτο
3567 2184 3626 2219 τε
3665 2166 3763 2219 τοῦ
3792 2166 4001 2235 μάρτν-

2427 2273 2540 2326 ρος,
2568 2257 2748 2307 κοιλ.τά
2785 2257 3081 2325 τραύματα
3136 2260 3393 2327 περίεπε,
3444 2259 3537 2310 καὶ
3599 2258 3734 2318 τοὺς
3798 2257 4002 2325 ίχώρας

2424 2350 2778 2418 ἀπέματτεν,
2810 2346 2928 2401 εἶτα
2974 2351 3064 2402 καὶ
3112 2349 3351 2413 ὀθονίους
3386 2349 3652 2421 περιείλει
3734 2351 3834 2402 καὶ
3877 2364 4005 2400 κατ-

2424 2440 2645 2510 εδέσμει
2672 2483 2682 2502 ,
2724 2443 2819 2494 καὶ
2855 2444 3033 2494 πᾶσαν
3059 2442 3226 2512 ἄλλην
3256 2442 3556 2511 θεραπείαν
3611 2441 3893 2509 προσῆγε,
3920 2437 4007 2489 καὶ

2423 2536 2615 2603 χρόνον
2646 2535 2747 2599 μέν
2765 2551 2890 2585 τινα
2923 2534 3094 2587 ποιῶν
3155 2534 3349 2597 οὔτως,
3388 2532 3684 2585 ἐλάνθανεν
3722 2546 3736 2560 ο
3772 2530 4005 2597 ὕστερον

2422 2625 2607 2677 δὲτῶν
2671 2626 3003 2695 Διοσκορῐων
3067 2626 3432 2685 ἐπιστάντων,
3492 2624 3587 2675 καὶ
3631 2622 3737 2689 τῆς
3808 2621 4007 2691 ἑορτῆς

2428 2718 2652 2787 περὶτὰ
2692 2717 2900 2789 Σύελαδα
2930 2716 3189 2787 λαμπρᾶς
3221 2717 3517 2787 ἀγομένης,
3576 2718 3609 2785 ἠ
3680 2716 3786 2783 μὲν
3848 2716 4005 2785 μολπὴ

2429 2812 2577 2863 πᾶσα
2623 2814 2687 2880 τῇ
2725 2808 3029 2880 πανηγύρει
3065 2810 3323 2879 παρῆσαν
3362 2825 3375 2838 ’
3408 2810 3569 2879 μόνος
3600 2808 3658 2860 δὲ
3712 2810 4005 2861 ἀπολέλει·

2428 2920 2531 2957 πτο
2556 2904 2876 2973 Δορυμέδων
2907 2920 2920 2933 ·
2959 2898 3079 2957 εἶτα
3100 2904 3192 2956 καὶ
3228 2903 3758 2973 μετακαλεσαμὲνου
3812 2904 4007 2956 τοῦτον

2429 2995 2521 3046 τοῦ
2554 2996 2843 3064 ἡγεμνενος,
2877 2995 3000 3048 οὐδὲ
3025 2994 3170 3048 οὕτω
3205 2995 3430 3064 παρῄει,
3464 2996 3717 3063 δηλώσας
3750 2997 3839 3046 ὅτι
3877 2995 4005 3063 X9:-

744 3079 1084 3135 Christianus
1127 3082 1347 3134 minime
1386 3095 1511 3133 eum
1563 3090 1838 3149 oporteret
1892 3080 2203 3134 sacriﬁcare
2247 3079 2318 3132 si-

2433 3089 2646 3142 στιανὺν
2676 3088 2801 3140 ὂντα
2831 3106 2920 3158 με,
2950 3088 3151 3160 ἥκιστα
3175 3088 3324 3141 θύειν
3351 3088 3593 3148 εἰδώλοις
3650 3087 3752 3138 καὶ
3780 3086 4002 3155 δαίμοει

747 3172 998 3227 mulacris
1042 3182 1095 3227 et
1139 3172 1495 3226 ὼειιιοιιίὺυε.
1549 3170 1683 3227 Cum
1738 3189 1866 3243 ergo
1921 3172 2151 3227 fuissent
2207 3172 2320 3227 hac

747 3266 1058 3317 renuntiata
1097 3265 1373 3333 Dionysio,
1407 3265 1491 3318 vel
1532 3266 1760 3319 invitum
1792 3280 1918 3319 cum
1954 3265 2175 3319 adducit
2224 3280 2320 3333 per

745 3350 1029 3412 satellites,
1065 3358 1117 3402 et
1148 3358 1301 3417 regat
1342 3365 1584 3414 causam,
1625 3362 1847 3421 propter
1880 3366 2042 3419 quam
2089 3365 2199 3406 non
2230 3365 2323 3404 ve-

745 3440 918 3495 nisset
938 3443 1002 3495 ad
1031 3442 1251 3505 festum,
1282 3443 1442 3510 idque
1468 3444 1534 3495 ab
1558 3457 1623 3495 eo
1647 3442 1967 3496 accersitus.
1996 3442 2087 3496 Ille
2108 3453 2321 3503 autem:

747 3531 828 3586 Ad
859 3532 961 3583 alia
995 3532 1237 3598 quidem,
1280 3531 1494 3600 inquit,
1528 3548 1560 3585 ο
1604 3548 1827 3602 praeses,
1873 3533 1927 3587 in
1958 3535 2153 3604 quibus
2188 3536 2322 3589 nihil

748 3622 1061 3677 detrimenti
1089 3632 1374 3693 acceptura
1394 3624 1698 3688 estanima,
1727 3640 2008 3693 nunquam
2034 3639 2143 3676 non
2172 3625 2320 3688 veni,

745 3714 790 3768 si
823 3724 876 3767 tu
912 3729 995 3767 me
1025 3716 1246 3775 vocasti,
1278 3732 1454 3782 neque
1487 3715 1646 3766 ullam
1679 3715 1830 3766 attuli
1866 3715 2273 3770 excusationem
2306 3732 2321 3769 :

750 3808 842 3859 ubi
875 3816 1053 3859 autem
1099 3821 1185 3859 res
1215 3814 1426 3873 Spectat
1472 3805 1537 3858 ad
1578 3804 1965 3859 detrimentum
2008 3806 2229 3873 animm,
2262 3815 2323 3860 et

749 3914 777 3950 a
815 3896 922 3951 Deo
944 3899 1348 3961 alienationem,
1377 3914 1484 3951 non
1512 3914 1633 3967 ego,
1664 3898 1757 3965 qui
1802 3914 1912 3951 non
1947 3900 2177 3963 accessi,
2203 3915 2324 3953 sum

750 4006 915 4045 causa
946 3993 1087 4059 quod
1124 4007 1232 4042 non
1266 3991 1610 4050 accesserim,
1644 3990 1735 4041 sed
1766 3990 1810 4043 is
1836 3990 1927 4057 qui
1956 3990 2024 4042 ad
2056 4005 2119 4043 ea
2147 4002 2323 4044 vocat.

824 4078 919 4132 XI.
962 4082 1097 4132 Cum
1140 4081 1254 4133 lia-c
1290 4089 1473 4134 autem
1504 4079 1761 4133 audiisset
1824 4095 2045 4151 praeses,
2087 4096 2208 4151 qua:
2260 4080 2329 4135 de

755 4172 1151 4243 Dorymedonte
1193 4188 1260 4226 ne
1298 4186 1570 4243 sperasset
1602 4172 1825 4241 quidem
1878 4188 2137 4241 unquam,
2170 4189 2239 4229 ne
2280 4172 2327 4228 si

750 4267 892 4320 Deus
922 4266 1141 4333 quidem
1170 4264 1529 4332 praedixisset,
1564 4265 1719 4317 valde
1750 4264 1973 4330 quidem
2010 4264 2114 4318 fuit
2141 4266 2329 4320 obstu-

751 4358 1021 4427 pefactus.
1056 4355 1120 4408 Et
1147 4370 1271 4408 cum
1302 4360 1524 4424 prepter
1553 4369 1664 4408 rem
1691 4354 2025 4424 inopinatam
2053 4372 2121 4411 ne
2146 4357 2328 4426 plures

2421 3183 2548 3253 χρή.
2596 3180 2793 3243 Ὠςοῦν
2826 3181 3113 3249 ἀπηγγέλη
3155 3180 3338 3232 ταῦτα’
3390 3177 3676 3245 Διονυσίῳ,
3746 3178 3874 3244 ἄγει
3915 3180 4004 3233 καὶ

2421 3274 2627 3325 ἄκοντα
2650 3273 2737 3322 διὰ
2790 3272 2899 3322 τῶν
2927 3271 3242 3340 δορυφόρων
3302 3270 3486 3332 αὐτὸν,
3555 3272 3649 3321 καὶ
3689 3269 3790 3338 τὴν
3832 3271 4007 3323 αἰτίαν

2424 3363 2778 3425 πυνθάνεται,
2814 3360 2883 3415 δι’
2918 3364 2983 3430 ἦν
3013 3362 3112 3412 οὐκ
3137 3361 3390 3427 ἀφίκοιτο
3444 3362 3579 3429 πρὸς
3636 3364 3737 3431 τὴν
3788 3364 4006 3431 ἑορτὴν,

2423 3455 2519 3508 καὶ
2546 3455 2721 3507 ταῦτα
2762 3451 3125 3522 μετακληθεὶς
3158 3452 3248 3506 ὑπ’
3280 3454 3467 3506 αὑτοῦ.
3507 3454 3569 3507 ’0
3599 3455 3677 3518 δὲ,
3727 3454 3851 3506 Ἐπ’
3875 3456 4007 3507 ἄλλα

2428 3546 2548 3615 μὲν,
2586 3546 2712 3612 ἔφη,
2746 3540 2790 3597 ὦ
2819 3546 3062 3613 ἡγεμὼν,
3096 3548 3231 3599 ὅπου
3273 3547 3350 3616 μὴ
3370 3548 3734 3612 λυμαίνεσθαι
3768 3551 3834 3615 τῇ
3861 3550 4005 3615 ψυχῇ

2428 3639 2565 3706 μηδὲ
2604 3637 2862 3705 βλάπτειν
2906 3639 3078 3700 ἔστιν,
3116 3636 3403 3689 οὐπώποτε
3434 3640 3536 3706 ἤδη
3570 3638 3697 3687 οὒτε
3733 3639 4007 3689 χαλεπαν-

2426 3731 2515 3793 τός
2557 3746 2649 3782 σου
2683 3730 2782 3782 οὑκ
2812 3725 2974 3801 ἦλθον
3009 3745 3022 3759 ·
3049 3729 3174 3780 οὗτε
3237 3729 3493 3798 ἀσχολίαν
3529 3730 3611 3780 σοί
3673 3745 3803 3783 τινα
3836 3747 4008 3796 προε-

2428 3824 2791 3893 φασισάμηνο
2837 3823 3035 3875 ἑνθαδὲ
3075 3823 3211 3891 πρδς
3263 3820 3459 3891 βλάϐος
3490 3820 3603 3892 ἐ.ρῶ
3660 3822 3722 3873 τὸ
3775 3824 4008 3892 πρᾶγμα

2425 3915 2625 3984 ψυχῆς,
2648 3918 2743 3967 καὶ
2782 3915 2914 3967 Θεοῦ
2956 3916 3335 3985 ἀλλοτρίωσιν,
3517 3918 3543 3967 ὁ
3684 3933 4008 3985 παραγεγο.

2430 4007 2536 4068 νὼς
2560 4003 2694 4074 ἐγὼ,
2718 4006 2811 4058 τοῦ
2836 4006 2909 4077 μὴ
2924 4007 3217 4074 ἀφικέσθαι
3240 4008 3413 4069 αἴτιος
3442 4009 3467 4058 ὁ
3488 4008 3575 4058 ἐπὶ
3603 4006 3781 4060 ταῦτα
3805 4008 4008 4060 καλῶν.

2500 4099 2579 4148 ΙΑ¹
2644 4099 2906 4151 Ἀκούσα·
2939 4099 3114 4151 ἀὖ-α
3144 4101 3171 4150 ὁ
3208 4102 3325 4167 ὴσςσ
3368 4098 3414 4132 ‘~
3502 4093 3520 4133 τ
3684 4101 3728 4134 ε’
3766 4101 3807 4125 ·.
3874 4101 3999 4152 θετ-

2587 4137 2602 4152 ο
2884 4140 2905 4161 τ
2950 4131 2964 4150 ι
3057 4133 3073 4149 υ
3246 4116 3429 4167 γ..μιι›ι
3470 4116 3556 4149 ο.α
3601 4117 3711 4167 μηδ
3760 4118 3826 4150 αι
3956 4123 4005 4149 υ

2431 4184 2791 4253 προειπόντος
2838 4185 2966 4251 περὶ
3010 4184 3411 4251 Δορυμέδοντός
3445 4199 3572 4234 ποτε
3622 4185 3888 4250 ἤλπισεν,
3926 4192 4012 4240 ἐκ·

2430 4273 2624 4345 πλήξει
2663 4292 2723 4327 τε
2763 4277 2939 4345 εἴχετο
2960 4275 3145 4337 δεινῶς
3178 4276 3271 4325 καὶ
3314 4275 3390 4342 τῷ
3422 4274 3671 4344 ἀδοκήτῳ
3720 4275 3816 4327 τοῦ
3878 4281 4012 4346 πρά-

2431 4384 2639 4437 γματος
2679 4368 2816 4437 μηδὲ
2854 4368 2934 4431 είς
2970 4368 3225 4431 πλείονας
3268 4367 3419 4437 αὐτῴ
3452 4368 3642 4435 λόγους
3685 4369 3871 4421 ἐλθεῖν
3930 4372 4015 4422 δυ-

749 4448 966 4518 quidem
1000 4449 1265 4518 patuisset
1288 4463 1411 4501 cum
1439 4463 1503 4502 eo
1532 4448 1781 4503 conferre
1818 4464 2098 4505 sermones
2136 4467 2149 4502 :
2186 4450 2318 4504 Inte-

2430 4456 2639 4527 νηθεὶς,
2680 4458 2830 4519 Τέως
2861 4455 2979 4525 μὲν,
3021 4459 3207 4525 φησὶν,
3246 4456 3412 4509 αὑτὸν
3443 4458 3613 4526 ὲχὲτω
3648 4460 3873 4528 φρουρά
3895 4479 3907 4489 ·
3941 4462 4013 4522 εἰς

750 4542 876 4604 rim,
906 4541 1101 4609 inquit,
1134 4555 1258 4592 eum
1298 4549 1477 4595 teneat
1506 4540 1774 4593 custodia.
1810 4541 1941 4595 Cras
1987 4556 2115 4597 vero
2149 4542 2333 4597 consi-

753 4632 1085 4694 derabirnus,
1127 4629 1401 4699 quomodo
1451 4645 1537 4684 res
1585 4630 1703 4699 ejus
1744 4646 1803 4685 se
1844 4630 2101 4686 habeant.
2144 4633 2325 4702 Atque

752 4723 843 4779 ille
880 4723 1099 4793 quidem
1129 4724 1280 4777 venit
1314 4723 1369 4775 in
1402 4737 1697 4788 carcerem,
1733 4733 1986 4797 tauquam
2027 4724 2083 4778 in
2139 4741 2331 4793 quam-

750 4815 875 4883 dam
920 4814 1225 4883 pakestram
1260 4829 1273 4867 :
1318 4811 1603 4883 Dionysius
1642 4825 1845 4879 autem,
1879 4816 2211 4885 quibusdam
2254 4832 2323 4872 ex

756 4906 870 4960 suis
909 4905 975 4957 ad
1026 4919 1150 4958 eum
1188 4905 1390 4969 missis,
1434 4905 1735 4961 conabatur
1772 4908 2043 4961 adducere
2089 4923 2213 4962 eum
2260 4908 2327 4962 ad

756 4996 1156 5067 pmnitentiam.
1208 4998 1354 5062 Quos
1406 5009 1558 5053 torve
1606 5008 1662 5053 et
1722 5000 2066 5054 truculenter
2120 5010 2328 5069 martyr

756 5089 1011 5143 intuens:
1047 5106 1066 5142 ι
1109 5088 1376 5149 Discedite
1414 5106 1440 5143 a
1478 5106 1587 5156 me,
1612 5091 1767 5156 dixit,
1791 5100 1978 5143 omnes
2000 5091 2092 5159 qui
2134 5107 2330 5163 opera-

758 5180 887 5234 mini
920 5180 1285 5249 iniquitatem‘
1342 5201 1354 5234 :
1393 5202 1410 5233 ι
1449 5192 1503 5237 et
1536 5185 1798 5236 continuo
1834 5183 2031 5244 tacuit,
2068 5202 2085 5233 ι
2126 5192 2179 5235 et
2208 5192 2331 5236 erat

759 5279 1013 5340 tanquam
1059 5274 1221 5328 homo
1258 5288 1365 5328 non
1407 5274 1659 5338 audiens,
1692 5284 1747 5329 et
1776 5290 1883 5329 non
1914 5275 2123 5330 babcns
2149 5274 2204 5328 in
2235 5291 2328 5331 ore

758 5377 859 5422 suo
878 5363 1282 5434 redargutiones
1302 5366 1374 5423 ⁸.»
1406 5365 1499 5420 Die
1523 5375 1704 5420 autem
1732 5369 1977 5436 sequenti
2001 5382 2123 5421 cum
2146 5366 2327 5425 sedem

762 5454 1063 5511 iudicialem
1095 5458 1429 5511 ascendisset
1462 5458 1768 5529 Dionysius,
1801 5461 2035 5515 accersit
2067 5459 2330 5529 Doryme—

763 5549 1009 5614 dentem,
1068 5558 1124 5602 et
1167 5565 1181 5603 :
1231 5548 1474 5620 indigne,
1537 5551 1729 5620 inquit,
1784 5560 2023 5617 senator,
2068 5552 2330 5621 quidnam

845 5726 863 5754 ⁸
884 5725 1073 5779 Hatth.
1097 5740 1195 5788 vn,
1222 5726 1313 5778 23.
1386 5730 1405 5757 ⁸
1436 5726 1574 5778 Psal.
1609 5742 1806 5788 xxxv”,
1837 5726 1923 5777 15.

2429 4548 2616 4619 αὔριον
2643 4549 2701 4601 δὲ
2742 4550 2808 4601 τὰ
2852 4550 2973 4602 κατ’
3006 4549 3169 4600 αὐτὸν
3205 4551 3352 4609 ὅπως
3402 4549 3515 4616 ἔχει
3576 4551 3926 4619 σκεψόμεθα.
3962 4552 4014 4603 '0

2431 4640 2531 4709 μὲν
2562 4635 2657 4691 οὖν
2706 4640 2767 4689 τὸ
2832 4639 3214 4709 δεσμωτήριον
3259 4637 3449 4707 ὥσπερ
3496 4640 3618 4689 τινὰ
3682 4643 4013 4709 κατειλήφει

2425 4732 2773 4801 παλαίστραν
2807 4744 2820 4759 ’
2863 4731 2891 4781 ὀ
2928 4728 3205 4791 Διονύσιος
3257 4729 3314 4782 δὲ
3356 4729 3466 4781 τῶν
3509 4730 3599 4781 ὑπ’
3638 4732 3809 4783 αὐτόν
3860 4750 4010 4792 τινας

2427 4820 2778 4881 ἀποστείλας,
2841 4818 3150 4887 μετάμελον
3214 4818 3376 4871 αὑτὸν
3460 4822 3635 4871 ποιεῖν
3706 4821 4010 4890 ἐπεχείρει.

2431 4906 2525 4973 Οἷς
2559 4911 2832 4978 αὐστηρὸν
2880 4908 3158 4977 ἐμϐλέψας
3219 4912 3246 4959 ὁ
3339 4909 3554 4979 μάρτυς
3618 4910 3716 4959 καὶ
3777 4911 4010 4978 ἄγριονο

2445 5002 2748 5069 Ἀπόστητε
2776 4997 2870 5053 ἀπ’
2903 5000 3059 5067 ἐμοῦ,
3090 4998 3261 5065 ἔλεγε,
3308 5000 3509 5058 πάντες
3562 4999 3611 5049 οἱ
3653 5000 4014 5069 ἐργαζόμενοι

2435 5092 2698 5157 ἀνομίανο
2740 5091 2833 5143 καὶ
2874 5088 3037 5153 εὐθὺς
3069 5089 3302 5153 ἐσιώπα,
3325 5089 3423 5139 καὶ
3485 5086 3781 5167 ἄνθρωπος
3827 5085 3897 5160 ἦν
3922 5092 4013 5140 ei:

2438 5183 2653 5234 ἁκούων
2684 5183 2777 5233 καὶ
2802 5182 2904 5234 οὐκ
2932 5182 3069 5251 ἔχων
3092 5179 3243 5250 ἐντῷ
3272 5180 3693 5250 στοματιαύτοῦ
3724 5182 4012 5248 arma};

2446 5279 2548 5344 τῆς
2597 5274 2641 5326 δ’
2672 5276 2909 5344 ἐπούσης
2938 5276 3030 5326 ἐπὶ
3064 5274 3153 5326 τὸν
3196 5273 3515 5327 δικαστικὸν
3565 5273 3760 5343 θρόνον
3814 5275 4016 5334 ἁνιδέις

2436 5362 2714 5426 Διονύσιος
2765 5362 3193 5432 μεταπέμπεται
3262 5360 3352 5414 τὸν
3416 5362 3826 5431 Δορυμέδονεα,

2449 5454 2661 5520 ’Δνάξιε
2690 5456 2786 5526 τῆς
2813 5455 3032 5526 βουλῆς,
3056 5455 3245 5525 φησὶν,
3299 5454 3350 5507 τί
3382 5454 3576 5508 παθὼν
3634 5456 3786 5524 χθὲς,
3839 5456 3871 5525 ἢ
3911 5455 4015 5504 6:2-

2441 5549 2679 5617 νοηθεὶς,
2729 5549 2821 5602 καὶ
2854 5549 2979 5612 τοὺς
3014 5548 3169 5612 θεοὺς
3192 5546 3500 5620 ὲξώμνυσο,
3528 5550 3626 5601 καὶ
3664 5553 3731 5601 τὰ
3767 5548 4011 5619 βασιλικὰ

3903 5368 4011 5421 xz",
