4156 6314
126 379 232 441 719

125 495 351 557 ἁναιόῶς
425 496 660 565 ἓφήλατο

1400 386 1576 446 νιτΑ
1619 388 1679 446 S.
1720 385 2106 445 MATTH/EI.

3249 384 3355 447 τεο

516 497 694 566 χλατο,
750 497 850 549 οὒκ
912 497 1102 567 ἄγριον
1150 488 1325 564 εἶδεν,
1385 500 1519 551 ἀλλὰ
1599 516 1728 560 και,

1811 507 1975 562 antur,
2019 508 2073 551 et
2102 491 2545 551 inﬂammabatur
2590 498 2655 551 ad
2693 497 2967 567 pietatem.
3022 497 3123 564 Qui
3182 511 3360 555 autem

124 587 426 656 περιέλειχε
488 589 554 640 τὰ
605 589 768 657 ἕλκη,
820 593 915 643 καὶ
974 592 1257 660 ἀπέματτε
1315 593 1438 653 τοὺς
1488 592 1689 661 ἰχῶρας

124 680 219 731 καὶ
241 680 371 746 δήλη
397 675 466 749 ἦν
494 681 717 742 τούτους
750 682 990 751 τιμῶσα,
1023 683 1119 735 καὶ
1155 683 1243 735 διὰ
1266 684 1449 752 πάσης
1486 683 1692 745 αἰδοῦς,

123 772 405 840 τιθεμένη.
436 774 621 825 Ταῦτα
653 774 679 822 ὁ
726 775 825 843 μὲν
895 775 1204 842 περιεστὼς
1263 775 1433 843 δῆμος
1511 774 1696 841 θαῦμα

123 863 360 914 ἐποιεῖτο
392 865 487 914 καὶ
523 865 969 934 διεθερμαίνοντο
1013 867 1149 935 πρὸς
1198 868 1502 919 εὐσέϐεαν.
1560 866 1614 919 Ὀ
1640 867 1695 918 δὲ

122 956 184 1006 τὸ
216 956 437 1025 θέατρον
467 958 983 1022 διαθεὶςΔιονύσιος,
1038 961 1295 1013 ἐλάνθανε
1363 961 1695 1013 καθ’ἐαυτοῦ

124 1046 254 1108 τοὺς
285 1048 560 1115 παρόντας
592 1049 941 1119 συνειλοχὼς,
972 1052 1068 1104 καὶ
1109 1051 1208 1118 τῆς
1241 1051 1453 1112 οἰκείας
1497 1050 1696 1117 μᾶλλον

124 1139 387 1209 αἰσχύνης
434 1141 693 1209 θεωροὺς,
723 1147 779 1194 οὺ
819 1145 918 1211 τῆς
976 1143 1086 1195 τῶν
1117 1142 1415 1212 μαρτύρων
1458 1143 1696 1208 ἀγωνίας

126 1233 387 1297 καλέσας,
421 1236 506 1302 ἐρ’
536 1231 617 1297 οἷς
651 1236 852 1303 μᾶλλον
878 1237 1041 1299 αὐτὸς
1067 1237 1421 1304 ἐξεθηριοῡτο
1452 1254 1464 1268 ⁸
1500 1238 1590 1289 καὶ
1620 1235 1697 1304 τῷ

125 1326 237 1389 τῷν
273 1326 477 1394 θηρίων
516 1328 824 1396 ἐπιμελητῇ
874 1327 1181 1396 βαρύτατον
1218 1328 1449 1381 θανάτου
1499 1329 1697 1397 τρόπον

121 1418 362 1483 ἠπείλει.
412 1419 468 1470 Ὀ
503 1420 557 1469 δὲ
582 1419 786 1481 δείσας,
828 1421 920 1471 καὶ
948 1419 1136 1472 λέοντα
1179 1421 1320 1473 κατὰ
1347 1420 1460 1472 τῶν
1495 1419 1701 1489 μαρτύ-

125 1524 236 1575 ρων
254 1510 483 1577 ἁςίησιν
505 1526 518 1539 ·
548 1510 662 1562 ἀλλ’
683 1512 801 1563 οὐδὲ
838 1509 988 1575 οὗτος
1022 1513 1127 1565 τῶν
1146 1512 1467 1580 φθασάντων
1497 1513 1701 1581 θηρίων

123 1602 307 1670 ἥττων
331 1604 506 1673 ἐφάνη
530 1605 666 1674 πρὶς
704 1606 1041 1675 ἡμερότητα.
1071 1605 1395 1658 Τοῦναντίον
1439 1605 1537 1673 μὲν
1579 1603 1697 1667 οὖν,

862 1697 884 1707 η.

124 1696 224 1746 καὶ
259 1699 510 1762 γενναῖον
536 1715 587 1748 τι
621 1698 765 1749 κατα
794 1697 886 1749 τοῦ
930 1698 1292 1768 λεοντοκὸμου
1362 1698 1697 1761 ἐπεδείξατο.

140 1785 200 1839 ’0
228 1786 326 1855 μὲν
354 1789 460 1855 γὰρ
489 1790 674 1857 ἠρέμα
712 1792 966 1857 πρόσεισι
1010 1793 1124 1851 τοῖς
1183 1790 1380 1857 ἁγίοις,
1421 1792 1513 1843 καὶ
1555 1790 1703 1842 κάτω

1798 590 2072 643 theatrum
2106 599 2358 660 coegerat
2401 589 2713 660 Dionysius,
2752 605 2860 644 non
2898 591 3365 651 animadverterat

1798 698 1853 736 se
1880 698 1971 735 eos
2007 684 2095 753 qui
2138 684 2386 746 aderant,
2420 691 2609 739 contra
2645 698 2703 737 se
2747 698 3103 753 congregasse
3134 696 3228 738 :et
3281 686 3364 739 sui

1801 774 1978 843 potius
2041 774 2325 827 dedecoris
2414 782 2771 841 spectaturos,
2822 789 2983 842 quam
3054 776 3368 829 certaminis

1802 873 2096 934 martyrum
2167 878 2520 919 convocasse.
2584 865 2812 933 Propter
2852 881 2974 934 quae
3025 865 3139 935 ipse
3196 867 3367 935 magis

1799 956 2147 1020 eﬂ'erabatur,
2184 967 2237 1009 et
2277 956 2347 1017 ei,
2389 957 2479 1025 qui
2531 970 2717 1010 curam
2771 958 2990 1026 gerebat
3044 956 3364 1017 bestiarum,

1801 1061 2033 1103 mortem
2070 1049 2378 1102 minabatur
2400 1049 2798 1118 gravissimam.
2831 1048 2919 1102 Ille
2943 1058 3123 1102 autem
3172 1049 3367 1102 timore.

1801 1137 2049 1199 aﬂ‘ectus,
2085 1138 2296 1192 leonem
2324 1153 2542 1207 quoque
2567 1138 2795 1191 immisit
2844 1139 2897 1192 in
2933 1148 3217 1209 martyres.
3261 1137 3366 1191 Sed

1801 1245 1901 1282 nec
1934 1230 1977 1283 is
2007 1229 2109 1283 fuit
2155 1230 2336 1285 minus
2365 1230 2625 1299 placidus,
2682 1246 2846 1298 quam
2896 1231 3109 1299 priores
3160 1229 3368 1283 bestiae.

1800 1321 2000 1374 Contra
2040 1330 2219 1375 autem
2255 1338 2365 1375 rem
2430 1323 2557 1377 fecit
2622 1324 2943 1392 praeclaram
2988 1323 3041 1376 in
3082 1338 3225 1385 eum,
3280 1324 3367 1388 qui

1804 1414 1951 1467 illius
1980 1429 2121 1467 cura:
2156 1424 2404 1482 przeerat.
2466 1413 2599 1468 Nam
2626 1415 2714 1469 ille
2746 1415 2965 1483 quidem
3026 1412 3252 1477 sensim,
3317 1424 3373 1465 et

1804 1515 1967 1573 caput
1995 1506 2247 1559 deorsum
2284 1506 2576 1567 inclinans,
2639 1508 2853 1561 accedit
2915 1506 2981 1560 ad
3022 1514 3264 1561 sanctos.
3323 1505 3373 1558 ls

1806 1609 1986 1651 autem
2009 1599 2184 1667 ipsum
2210 1597 2459 1651 irritabat
2494 1599 2695 1651 acriter
2730 1598 3065 1660 exclamans,
3098 1598 3365 1651 ctexhor-

1808 1689 2022 1742 labatur
2047 1690 2312 1742 adversus
2344 1698 2583 1743 sanctos.
2602 1690 2903 1743 Leoautem
2926 1689 2979 1741 in
3008 1704 3130 1742 eum
3150 1698 3373 1757 repente

1808 1778 2077 1839 insiliens,
2112 1779 2317 1831 lacerat
2356 1789 2410 1832 et
2435 1780 2698 1849 discerpit
2753 1778 3025 1849 protinus.
3056 1776 3218 1834 Omni
3273 1779 3374 1831 ita-

122 1878 299 1928 νεύων
326 1879 423 1945 τὴν
456 1880 721 1948 κεφαλὴν,
754 1881 874 1931 οὐδὲ
908 1881 1263 1932 ἀντιϐλέπειν
1291 1883 1476 1944 αὐτοῖς
1537 1882 1699 1955 εἶχεν.

1811 1855 1914 1938 [ιύο
1945 1885 2040 1938 spe
2071 1869 2302 1938 abjecta,
2340 1868 2631 1939 Dionysius
2662 1885 2756 1923 eos
2793 1870 3144 1929 condemnat,
3173 1880 3231 1921 ut
3262 1870 3376 1937 gla-

136 1970 197 2020 ὐ
238 1970 312 2031 δὲ,
343 1970 635 2038 ἀνηρέθιζε
668 1972 854 2047 τοῦτον
888 1973 981 2036 ὀξυ
1014 1974 1253 2043 ἐμϐοῶν,
1282 1976 1376 2025 καὶ
1428 1977 1567 2027 κατὰ
1596 1978 1704 2029 τῶν

120 2061 302 2128 ἁγίων
327 2063 690 2117 ἐνεκελεύετο.
740 2066 960 2134 ’Λμέλει
1004 2068 1097 2118 καὶ
1128 2067 1325 2137 ἀθρόον
1358 2068 1707 2137 ἐπιπηδήσας

118 2158 149 2207 ὁ
182 2154 319 2207 λέων
356 2155 505 2225 αὐτῷ
542 2159 890 2228 παραχρῆμα
936 2158 1351 2229 διασπαράττει.
1419 2158 1705 2213 Ἀπάντων

124 2249 314 2299 τοίνυν
401 2251 672 2317 ἀπογνοὺς
744 2250 1039 2315 Διονύσιος,
1099 2252 1313 2306 τὸνδιὰ
1392 2252 1577 2321 ξίφους
1611 2253 1706 2305 αὖ·

118 2338 236 2391 τῶν
270 2338 501 2390 θάνατον
546 2342 892 2411 κατακρίνει,
960 2346 1053 2396 καὶ
1120 2344 1333 2397 κελεύει
1385 2344 1540 2414 θυμῷ
1596 2347 1707 2405 τοῖς

116 2430 346 2497 δημίοις
378 2429 436 2481 τὸ
471 2431 687 2482 στάδιον
710 2435 1172 2502 εἰσπηδήσαντας,
1205 2439 1302 2499 τὰς
1321 2438 1428 2491 τῶν
1448 2439 1709 2504 γενναίων

114 2526 315 2589 τεμεῖν
345 2522 607 2589 κεφαλάς
633 2518 733 2592 ἦγε
772 2526 867 2593 μὲν
897 2522 989 2577 οὖν
1025 2527 1222 2595 ἐνάτην
1257 2527 1378 2578 τότε
1412 2527 1550 2596 πρὸς
1594 2531 1708 2590 τοῖς

114 2611 259 2665 δέκα
294 2614 689 2684 Σεπτέμδριος,
741 2619 833 2668 καὶ
872 2619 923 2670 οἱ
1002 2617 1095 2671 τοῦ
1140 2617 1379 2687 Χριστοῦ
1431 2619 1709 2688 μάρτυρες

116 2704 271 2757 οὕτω
300 2706 393 2757 τοῦ
420 2706 486 2758 δι’
514 2710 677 2759 αὑτὶν
698 2708 883 2771 τέλους
932 2711 1305 2781 ἐπιτυχόντες,
1360 2713 1459 2774 τὰς
1496 2712 1705 2763 ἑαυτῶν

113 2798 306 2865 ψυχὰς
334 2800 457 2861 ταῖς
482 2800 692 2853 ἐκείνου
727 2803 887 2870 χερσὶ
916 2795 1371 2871 παρατίθενται(
1406 2804 1486 2857 Τὰ
1518 2804 1703 2871 μέντοι

119 2891 451 2959 μαρτυρικὲι
485 2891 695 2944 τούτων
730 2894 984 2962 σώματα.
1016 2896 1220 2965 σπουδῇ
1276 2895 1439 2964 πολλῇ
1493 2896 1579 2946 διὰ
1613 2896 1706 2947 τὶν

112 2981 223 3031 τοῦ
259 2981 524 3050 ἡγεμόνος
552 2982 738 3051 φοϐον,
763 2985 871 3036 τῶν
898 2985 1146 3037 εὖ).αὸὦί
1165 3004 1310 3049 τινες
1365 2986 1703 3054 ἀνελόμενοι,

1804 1962 1897 2015 dio
1935 1962 2021 2015 eis
2057 1977 2205 2015 mors
2237 1961 2498 2015 aﬂ‘eratur
2536 1968 2629 2014 :et
2656 1961 2732 2013 ira
2757 1960 3021 2030 percitus,
3044 1959 3382 2029 jubetcarnio

1806 2054 2100 2115 ticibus,ut
2143 2055 2509 2123 irrumpentcs
2566 2054 2621 2107 in
2677 2053 2935 2114 stadium,
2987 2052 3370 2122 prmelarorum

1807 2154 2109 2213 martyrum
2156 2145 2333 2212 capita
2384 2154 2755 2213 amputarent.
2828 2143 2982 2197 Tunc
3028 2125 3376 2200 autem'erat

1805 2251 1984 2289 nonus
2038 2236 2280 2289 decimus
2316 2234 2676 2304 Septembris.
2728 2236 2794 2290 Et
2848 2234 3048 2289 Christi
3111 2245 3375 2305 martyres

1808 2337 2029 2397 propter
2048 2328 2223 2397 ipsum
2250 2327 2399 2382 hunc
2438 2330 2600 2383 tinem
2628 2331 2887 2393 assecuti,
2915 2328 2968 2382 in
3005 2328 3148 2382 illius
3174 2343 3375 2382 manus

1810 2435 1937 2474 suas
1963 2420 2307 2475 tradiderunt
2336 2421 2571 2474 animas.
2618 2419 2906 2486 Martyrica
2950 2428 3133 2472 autem
3187 2431 3373 2473 eorum

1809 2524 2039 2575 corpora
2073 2525 2199 2563 cum
2243 2525 2439 2579 magno
2475 2511 2678 2573 studio,
2751 2508 2962 2562 occulte
3015 2517 3195 2560 tamen
3247 2521 3377 2576 pro-

1810 2608 1929 2668 pter
1994 2610 2198 2654 metum
2264 2602 2532 2669 praesidis,
2584 2598 2803 2669 quidam
2865 2598 2937 2668 pii
2992 2598 3368 2659 sustulissent,

1809 2700 1865 2747 et
1940 2708 2001 2746 ea
2081 2693 2381 2748 honoriﬁce
2468 2692 2920 2761 composuissent,
2988 2692 3377 2759 deposuerunt,

1814 2781 2181 2853 gloriﬁcantes
2224 2782 2464 2845 Patrem,
2508 2790 2559 2836 et
2601 2780 2823 2845 Filium,
2872 2790 2927 2835 et
2956 2779 3219 2850 Spiritum
3248 2795 3377 2833 san-

1811 2885 1994 2937 ctum,
2028 2890 2175 2930 nunc
2225 2884 2280 2930 et
2308 2890 2549 2946 semper,
2589 2884 2642 2929 et
2678 2876 2732 2929 in
2786 2874 2978 2929 sarcula
3036 2873 3378 2929 saeculorum.

1811 2967 2007 3019 Amen.

116 3078 225 3130 καὶ
285 3075 586 3146 φιλοτίμως
651 3078 791 3131 αὐτὰ
842 3080 1308 3150 περιστείλαντες,
1360 3080 1415 3130 ὲν
1469 3078 1775 3147 ἀποκρύφῳ
1817 3078 2214 3131 κατατιθέασι·
2274 3075 2591 3142 δοξάζοντες
2642 3076 2883 3149 Πατέρα,
2945 3075 3040 3132 καὶ
3097 3077 3246 3139 Υῐδν,
3285 3068 3379 3129 καὶ

114 3168 360 3235 Πνεῦμα
384 3167 562 3237 ἅγιον,
588 3169 682 3224 νῦν
714 3174 806 3224 καὶ
835 3174 945 3237 ἀεὶ,
972 3174 1064 3226 καὶ
1086 3176 1165 3235 εις
1194 3173 1318 3234 τοὺς
1346 3171 1543 3233 αἰῶνας
1574 3171 1678 3222 τῶν
1708 3170 1935 3226 αἰώνων.
1981 3173 2179 3242 Ἀμήν.
2796 3152 2810 3174 ⁰

127 3341 3362 3377 W

665 3528 849 3640 DE
985 3528 1103 3639 S.
1260 3528 2002 3642 MATTHAK)

2146 3526 2874 3641 APOSTOLO

1210 3766 1361 3857 ET
1466 3765 2321 3859 EVANGELISTA.

933 3958 1075 4021 (Acta
1103 3959 1393 4007 Sanctorum
1424 3957 1652 4007 Bolland.
1681 3959 1739 4007 ad
1760 3957 1887 4006 diem
1912 3958 1962 4005 2i
1996 3958 2320 4021 Septembris,
2349 3966 2463 4008 tom.
2492 3959 2597 4023 Vl.)

1721 4135 1790 4151 ὴ

112 4314 154 4387 ς
192 4314 236 4368 Ι.
265 4311 518 4387 Memoria
546 4309 726 4366 Sancti
753 4312 807 4365 in
850 4311 1024 4387 Fastis
1076 4312 1343 4387 uariarum
1368 4310 1597 4387 gentium
1629 4310 1713 4387 di-

210 4384 373 4437 versis
422 4384 599 4435 diebus
640 4383 961 4435 annuntiata
998 4397 1014 4433 :
1058 4394 1179 4434 acra
1228 4381 1381 4450 plura
1418 4382 1629 4448 aliaque
1654 4381 1717 4434 de

209 4462 393 4505 8011610
422 4461 754 4504 monumento
783 4458 1181 4504 enumerantur.

210 4564 265 4618 1⁸
297 4563 746 4631 Quandoquidem
773 4578 944 4633 pauca
974 4563 1041 4617 de
1070 4563 1234 4633 geStis
1265 4563 1437 4618 sancti
1474 4563 1709 4618 Mattliazi

122 4656 382 4727 apostoli
427 4664 484 4710 et
530 4657 877 4725 evangelista:
911 4665 1185 4724 comperta
1230 4664 1358 4708 sunt
1408 4662 1463 4708 et
1493 4654 1714 4709 indubi-

119 4758 277 4809 tata,
309 4760 538 4815 eamque
582 4746 652 4798 ob
682 4760 903 4804 causam
946 4746 1098 4816 plura
1144 4742 1211 4799 de
1254 4760 1318 4799 eo
1358 4744 1716 4799 examinanda

122 4837 402 4898 veniunt,
457 4849 615 4906 quam
648 4835 973 4904 simpliciter
1022 4837 1361 4901 enarranda;
1396 4850 1716 4889 enumerare

117 4928 383 5000 primum
407 4928 587 4993 placet
620 4928 920 4983 vetustiora
946 4926 1343 4999 Martyrologia,
1366 4928 1563 4996 quibus
1594 4940 1719 4981 san-

110 5018 215 5077 cti
252 5018 515 5073 memoria
546 5020 744 5089 legitur
781 5019 1027 5081 inserta;
1060 5029 1115 5073 et
1140 5034 1263 5073 mox
1296 5018 1403 5073 non
1447 5018 1608 5072 modo
1632 5034 1720 5072 as-

114 5114 389 5184 signare,
420 5110 515 5167 sed
544 5113 706 5165 etiam
733 5124 1009 5181 utcunque
1066 5112 1367 5183 ponderare
1394 5110 1716 5164 documenta

114 5204 299 5261 varia
326 5244 340 5267 ,
386 5219 451 5258 ex
498 5204 695 5274 quibus
751 5214 901 5273 gesta
940 5204 1114 5259 sancti
1156 5202 1387 5257 Matthxi
1429 5200 1718 5255 haurienda

110 5305 295 5354 sunt.
321 5295 561 5352 Ecclesia
586 5296 778 5352 Latina
826 5306 1073 5351 sanctum
1110 5296 1415 5351 Matthmum
1450 5295 1720 5364 przccipue

114 5389 398 5443 celebrat
430 5385 517 5442 die
544 5388 605 5441 ii
646 5387 1005 5458 Septembris,
1033 5402 1140 5457 quo
1161 5388 1414 5442 onmibus
1438 5385 1551 5441 fere
1579 5386 1721 5444 Mar-

119 5477 433 5547 tyrologiis
472 5487 527 5530 et
574 5475 911 5531 Kalendariis
943 5475 1148 5530 Latinis
1186 5475 1443 5529 memoria
1476 5473 1719 5541 ejusdem

118 5569 359 5625 inserta
394 5578 498 5622 est.
535 5569 646 5622 ilac
674 5568 820 5622 enim
868 5568 956 5622 die
991 5568 1188 5638 legitur
1237 5568 1287 5620 in
1318 5566 1722 5635 Martyrologiis

126 5659 615 5727 Hicronymiauis,
655 5661 707 5715 in
764 5662 1012 5715 Romano
1072 5661 1264 5723 Parvo,
1301 5660 1441 5730 apud
1498 5659 1718 5723 Bedam,

126 5754 399 5813 Florum,
505 5751 810 5818 Rabanum,
893 5753 1359 5817 Wandclbertum,
1454 5754 1721 5819 Adonem,

122 5844 484 5908 Usuardum,
544 5842 867 5912 Notberum,
900 5846 954 5899 in
1001 5846 1394 5916 Martyrologiis
1426 5855 1477 5901 et
1527 5845 1723 5901 Kalenv

1740 4293 1785 4349 (ζ
1818 4284 1982 4339 dariis
2012 4283 2282 4353 plerisque
2331 4282 2736 4353 particularium
2774 4284 3147 4354 ecclesiarum,
3191 4305 3252 4344 ac
3286 4293 3382 4348 de-

1821 4393 1966 4430 mum
2013 4377 2065 4430 in
2104 4376 2353 4431 Romano
2403 4374 2788 4447 Martyrologio
2818 4386 2871 4431 et
2899 4376 3198 4447 Breviario,
3239 4394 3291 4438 et
3329 4386 3381 4439 in

1821 4469 2080 4523 omnibus
2125 4467 2325 4536 passim
2386 4469 2804 4523 recentioribus.
2866 4470 3047 4539 Elogia
3090 4472 3177 4527 hic
3236 4475 3384 4531 nulla

1823 4562 2017 4623 atl‘ero,
2050 4562 2176 4630 quia
2214 4559 2327 4614 suis
2384 4559 2593 4628 singula
2648 4561 2941 4631 producam
2978 4564 3132 4629 Ibcis,
3164 4566 3254 4620 ubi
3287 4584 3383 4622 ex-

1823 4654 2009 4724 pedire
2045 4655 2318 4707 videbitur
2359 4653 2425 4707 ad
2469 4654 2931 4722 praedicationem,
2980 4664 3232 4721 mortem,
3293 4670 3390 4716 aut

1822 4748 1923 4800 alia
1968 4747 2032 4801 ad
2085 4757 2331 4800 sanctum
2362 4747 2657 4813 spectantia
2688 4746 3088 4801 elucidandum.
3124 4748 3387 4820 Martyro-

1824 4834 1979 4903 logiis
2036 4842 2306 4888 consonat
2352 4834 2489 4887 iiber
2524 4833 3001 4889 Sacramentorum
3055 4850 3085 4889 a
3134 4836 3388 4892 Menardo

1824 4928 2025 4989 editus,
2052 4935 2106 4980 et
2135 4926 2192 4980 S.
2231 4925 2493 4996 Gregorio
2520 4926 2838 4989 attributus,
2882 4927 2934 4980 in
2980 4943 3088 4997 quo
3123 4930 3189 4984 ad
3244 4931 3390 4985 bunc

1824 5019 1963 5073 diem
2006 5018 2202 5087 legitur
2239 5018 2398 5072 Missa
2454 5019 2521 5073 de
2558 5029 2747 5074 sancto
2802 5017 3074 5084 Matthteo,
3110 5031 3164 5078 et
3218 5024 3390 5091 pridie

1825 5122 2046 5166 notatur
2075 5110 2272 5181 vigilia,
2303 5110 2758 5179 quemadmodum
2811 5111 3051 5183 ejusdem
3082 5114 3254 5184 vigilia
3290 5132 3389 5169 an-

1825 5204 2109 5260 nuutiatur
2155 5205 2208 5258 in
2267 5206 2450 5258 multis
2502 5204 2851 5259 Kalendariis
2888 5214 2943 5259 et
2999 5204 3389 5280 Martyrologiis

1827 5296 2248 5352 recentioribus.

1897 5390 1950 5444 2.
1978 5388 2297 5442 Celebratur
2332 5399 2507 5443 tamen
2545 5389 2663 5442 aliis
2691 5405 2907 5463 quoque
2951 5390 3141 5446 diebus
3173 5406 3392 5448 sanctus

1829 5479 2116 5534 Matthaeus
2147 5481 2198 5535 in
2232 5482 2437 5551 aliquot
2484 5481 2881 5552 Martyrologiis
2914 5480 3140 5539 Latinis.
3172 5484 3301 5539 Nam
3337 5491 3391 5543 in

1829 5571 2268 5644 Hieronymianis
2292 5574 2453 5626 etiam
2491 5573 2687 5646 legitur
2720 5573 2786 5629 ad
2823 5576 2846 5627 1
2889 5572 3035 5639 Maii,
3089 5593 3301 5632 rursum
3324 5582 3391 5634 ad

1831 5666 1862 5719 6
1904 5663 2045 5725 Maii.
2078 5676 2131 5719 et
2160 5667 2223 5718 ad
2270 5667 2301 5721 9
2333 5664 2604 5721 Octobris.
2645 5668 2703 5719 ln
2742 5668 2943 5737 aliquot
2974 5669 3136 5723 etiam
3192 5673 3395 5727 codici-

1834 5759 1957 5821 bus,
1985 5760 2240 5813 videlicet
2271 5760 2322 5812 in
2352 5759 2763 5829 Epternacensi.
2803 5760 3135 5824 Corbciensi,
3170 5764 3395 5833 aliisque

1836 5850 2006 5903 sancti
2038 5849 2274 5905 Mattbei
2302 5849 2355 5906 iit
2382 5854 2586 5907 mentio
2620 5850 2681 5906 ad
2702 5853 2764 5907 ει
2802 5851 2945 5917 Maii,
2982 5855 3069 5909 ubi
3101 5857 3240 5925 apud
3272 5854 3396 5910 Ho.
