  <div class='ocr_page' id='page_1' title='image "/cluster/home/n/w/nwhite01/storage/ocr_20150623/115/pst.000005714285/467.png"; bbox 0 0 4156 6314; ppageno 0'>
   <div class='ocr_carea' id='block_1_1' title="bbox 755 366 852 432">
    <p class='ocr_par' dir='ltr' id='par_1_1' title="bbox 755 366 852 432">
     <span class='ocr_line' id='line_1_1' title="bbox 755 366 852 432; baseline 0 -1"><span class='ocrx_word' id='word_1_1' title='bbox 755 366 852 432; x_wconf 77' lang='grc'><strong>751</strong></span> 
     </span>
    </p>
   </div>
   <div class='ocr_carea' id='block_1_2' title="bbox 1990 358 2794 422">
    <p class='ocr_par' dir='ltr' id='par_1_2' title="bbox 1990 358 2794 422">
     <span class='ocr_line' id='line_1_2' title="bbox 1990 358 2794 422; baseline -0.001 -2"><span class='ocrx_word' id='word_1_2' title='bbox 1990 359 2279 421; x_wconf 73' lang='grc' dir='ltr'><strong>ΜΕΝΞῐΕι</strong></span> <span class='ocrx_word' id='word_1_3' title='bbox 2319 358 2794 422; x_wconf 81' lang='lat' dir='ltr'><strong>SEPTEMBER.</strong></span> 
     </span>
    </p>
   </div>
   <div class='ocr_carea' id='block_1_3' title="bbox 3930 351 4031 411">
    <p class='ocr_par' dir='ltr' id='par_1_3' title="bbox 3930 351 4031 411">
     <span class='ocr_line' id='line_1_3' title="bbox 3930 351 4031 411; baseline 0.01 -1"><span class='ocrx_word' id='word_1_4' title='bbox 3930 351 4031 411; x_wconf 73' lang='lat'><strong>752</strong></span> 
     </span>
    </p>
   </div>
   <div class='ocr_carea' id='block_1_4' title="bbox 760 464 4026 545">
    <p class='ocr_par' dir='ltr' id='par_1_4' title="bbox 760 464 4026 545">
     <span class='ocr_line' id='line_1_4' title="bbox 760 464 4026 545; baseline -0.005 -12"><span class='ocrx_word' id='word_1_5' title='bbox 760 478 1053 533; x_wconf 80' lang='lat' dir='ltr'><strong>rentinittm</strong></span> <span class='ocrx_word' id='word_1_6' title='bbox 1087 475 1284 545; x_wconf 77' lang='lat' dir='ltr'><strong>legitur</strong></span> <span class='ocrx_word' id='word_1_7' title='bbox 1317 473 1576 535; x_wconf 70' lang='lat' dir='ltr'><strong>Mat/tite;</strong></span> <span class='ocrx_word' id='word_1_8' title='bbox 1618 487 1720 527; x_wconf 89' lang='lat' dir='ltr'><strong>nec</strong></span> <span class='ocrx_word' id='word_1_9' title='bbox 1748 477 1931 542; x_wconf 88' lang='lat' dir='ltr'><strong>potest</strong></span> <span class='ocrx_word' id='word_1_10' title='bbox 1963 481 2123 526; x_wconf 88' lang='lat' dir='ltr'><strong>certo</strong></span> <span class='ocrx_word' id='word_1_11' title='bbox 2160 469 2329 534; x_wconf 87' lang='lat' dir='ltr'><strong>edici,</strong></span> <span class='ocrx_word' id='word_1_12' title='bbox 2361 472 2408 532; x_wconf 78' lang='grc' dir='ltr'><strong>Α</strong></span> <span class='ocrx_word' id='word_1_13' title='bbox 2436 472 2787 533; x_wconf 74' lang='lat' dir='ltr'><strong>mandarunt,</strong></span> <span class='ocrx_word' id='word_1_14' title='bbox 2846 471 2899 525; x_wconf 91' lang='lat' dir='ltr'><strong>in</strong></span> <span class='ocrx_word' id='word_1_15' title='bbox 2952 469 3204 541; x_wconf 78' lang='lat' dir='ltr'><strong>plurimis</strong></span> <span class='ocrx_word' id='word_1_16' title='bbox 3264 476 3476 524; x_wconf 76' lang='lat' dir='ltr'><strong>exstant</strong></span> <span class='ocrx_word' id='word_1_17' title='bbox 3521 464 3813 522; x_wconf 82' lang='lat' dir='ltr'><strong>codicibus</strong></span> <span class='ocrx_word' id='word_1_18' title='bbox 3873 477 4026 517; x_wconf 47' lang='lat' dir='ltr'><strong>mss»</strong></span> 
     </span>
    </p>
   </div>
   <div class='ocr_carea' id='block_1_5' title="bbox 758 562 2337 638">
    <p class='ocr_par' dir='ltr' id='par_1_5' title="bbox 758 562 2337 638">
     <span class='ocr_line' id='line_1_5' title="bbox 758 562 2337 638; baseline -0.006 -13"><span class='ocrx_word' id='word_1_19' title='bbox 758 580 878 625; x_wconf 86' lang='lat' dir='ltr'><strong>utra</strong></span> <span class='ocrx_word' id='word_1_20' title='bbox 908 570 1069 624; x_wconf 93' lang='lat' dir='ltr'><strong>lectio</strong></span> <span class='ocrx_word' id='word_1_21' title='bbox 1096 570 1168 623; x_wconf 89' lang='lat' dir='ltr'><strong>sit</strong></span> <span class='ocrx_word' id='word_1_22' title='bbox 1201 568 1373 638; x_wconf 82' lang='lat' dir='ltr'><strong>magis</strong></span> <span class='ocrx_word' id='word_1_23' title='bbox 1399 566 1660 637; x_wconf 76' lang='lat' dir='ltr'><strong>genuina,</strong></span> <span class='ocrx_word' id='word_1_24' title='bbox 1686 579 1811 619; x_wconf 91' lang='lat' dir='ltr'><strong>cum</strong></span> <span class='ocrx_word' id='word_1_25' title='bbox 1845 578 1914 617; x_wconf 92' lang='lat' dir='ltr'><strong>ne</strong></span> <span class='ocrx_word' id='word_1_26' title='bbox 1949 564 2191 618; x_wconf 86' lang='lat' dir='ltr'><strong>sciamus</strong></span> <span class='ocrx_word' id='word_1_27' title='bbox 2214 562 2337 633; x_wconf 88' lang='lat' dir='ltr'><strong>qui-</strong></span> 
     </span>
    </p>
   </div>
   <div class='ocr_carea' id='block_1_6' title="bbox 760 656 2337 731">
    <p class='ocr_par' dir='ltr' id='par_1_6' title="bbox 760 656 2337 731">
     <span class='ocr_line' id='line_1_6' title="bbox 760 656 2337 731; baseline -0.003 -15"><span class='ocrx_word' id='word_1_28' title='bbox 760 664 905 724; x_wconf 89' lang='lat' dir='ltr'><strong>dem,</strong></span> <span class='ocrx_word' id='word_1_29' title='bbox 936 676 1040 731; x_wconf 90' lang='lat' dir='ltr'><strong>qua</strong></span> <span class='ocrx_word' id='word_1_30' title='bbox 1081 661 1147 715; x_wconf 90' lang='lat' dir='ltr'><strong>de</strong></span> <span class='ocrx_word' id='word_1_31' title='bbox 1190 675 1349 713; x_wconf 87' lang='lat' dir='ltr'><strong>causa</strong></span> <span class='ocrx_word' id='word_1_32' title='bbox 1385 659 1558 712; x_wconf 90' lang='lat' dir='ltr'><strong>sancti</strong></span> <span class='ocrx_word' id='word_1_33' title='bbox 1588 656 1820 712; x_wconf 66' lang='lat' dir='ltr'><strong>lllatthaei</strong></span> <span class='ocrx_word' id='word_1_34' title='bbox 1850 659 2113 712; x_wconf 89' lang='lat' dir='ltr'><strong>memoria</strong></span> <span class='ocrx_word' id='word_1_35' title='bbox 2139 658 2192 711; x_wconf 93' lang='lat' dir='ltr'><strong>in</strong></span> <span class='ocrx_word' id='word_1_36' title='bbox 2217 657 2337 711; x_wconf 87' lang='lat' dir='ltr'><strong>aliis</strong></span> 
     </span>
    </p>
   </div>
   <div class='ocr_carea' id='block_1_7' title="bbox 760 746 2332 818">
    <p class='ocr_par' dir='ltr' id='par_1_7' title="bbox 760 746 2332 818">
     <span class='ocr_line' id='line_1_7' title="bbox 760 746 2332 818; baseline -0.004 -12"><span class='ocrx_word' id='word_1_37' title='bbox 760 752 937 806; x_wconf 77' lang='lat' dir='ltr'><strong>FaStis</strong></span> <span class='ocrx_word' id='word_1_38' title='bbox 970 752 1131 807; x_wconf 90' lang='lat' dir='ltr'><strong>toties</strong></span> <span class='ocrx_word' id='word_1_39' title='bbox 1162 751 1326 804; x_wconf 83' lang='lat' dir='ltr'><strong>fuerit</strong></span> <span class='ocrx_word' id='word_1_40' title='bbox 1362 750 1618 818; x_wconf 86' lang='lat' dir='ltr'><strong>repetita.</strong></span> <span class='ocrx_word' id='word_1_41' title='bbox 1679 746 1959 816; x_wconf 91' lang='lat' dir='ltr'><strong>Suspicari</strong></span> <span class='ocrx_word' id='word_1_42' title='bbox 2020 762 2332 816; x_wconf 88' lang='lat' dir='ltr'><strong>possumus,</strong></span> 
     </span>
    </p>
   </div>
   <div class='ocr_carea' id='block_1_8' title="bbox 756 838 2336 915">
    <p class='ocr_par' dir='ltr' id='par_1_8' title="bbox 756 838 2336 915">
     <span class='ocr_line' id='line_1_8' title="bbox 756 838 2336 915; baseline -0.006 -16"><span class='ocrx_word' id='word_1_43' title='bbox 756 847 970 915; x_wconf 90' lang='lat' dir='ltr'><strong>priores</strong></span> <span class='ocrx_word' id='word_1_44' title='bbox 999 843 1242 912; x_wconf 90' lang='lat' dir='ltr'><strong>corporis</strong></span> <span class='ocrx_word' id='word_1_45' title='bbox 1277 841 1685 901; x_wconf 85' lang='lat' dir='ltr'><strong>translationes,</strong></span> <span class='ocrx_word' id='word_1_46' title='bbox 1715 851 1972 909; x_wconf 89' lang='lat' dir='ltr'><strong>ortasque</strong></span> <span class='ocrx_word' id='word_1_47' title='bbox 2011 840 2135 893; x_wconf 87' lang='lat' dir='ltr'><strong>inde</strong></span> <span class='ocrx_word' id='word_1_48' title='bbox 2178 838 2336 892; x_wconf 80' lang='lat' dir='ltr'><strong>festi-</strong></span> 
     </span>
    </p>
   </div>
   <div class='ocr_carea' id='block_1_9' title="bbox 761 933 2332 1006">
    <p class='ocr_par' dir='ltr' id='par_1_9' title="bbox 761 933 2332 1006">
     <span class='ocr_line' id='line_1_9' title="bbox 761 933 2332 1006; baseline -0.004 -15"><span class='ocrx_word' id='word_1_49' title='bbox 761 941 959 994; x_wconf 90' lang='lat' dir='ltr'><strong>vitates</strong></span> <span class='ocrx_word' id='word_1_50' title='bbox 1014 938 1328 1006; x_wconf 79' lang='lat' dir='ltr'><strong>designari;</strong></span> <span class='ocrx_word' id='word_1_51' title='bbox 1375 934 1467 989; x_wconf 88' lang='lat' dir='ltr'><strong>sed</strong></span> <span class='ocrx_word' id='word_1_52' title='bbox 1505 949 1606 987; x_wconf 91' lang='lat' dir='ltr'><strong>nec</strong></span> <span class='ocrx_word' id='word_1_53' title='bbox 1657 933 1727 987; x_wconf 88' lang='lat' dir='ltr'><strong>de</strong></span> <span class='ocrx_word' id='word_1_54' title='bbox 1783 941 2031 1003; x_wconf 88' lang='lat' dir='ltr'><strong>tempore</strong></span> <span class='ocrx_word' id='word_1_55' title='bbox 2082 933 2332 1001; x_wconf 82' lang='lat' dir='ltr'><strong>priorum</strong></span> 
     </span>
    </p>
   </div>
   <div class='ocr_carea' id='block_1_10' title="bbox 758 1025 2337 1095">
    <p class='ocr_par' dir='ltr' id='par_1_10' title="bbox 758 1025 2337 1095">
     <span class='ocr_line' id='line_1_10' title="bbox 758 1025 2337 1095; baseline -0.004 -10"><span class='ocrx_word' id='word_1_56' title='bbox 758 1031 1180 1087; x_wconf 90' lang='lat' dir='ltr'><strong>translationum</strong></span> <span class='ocrx_word' id='word_1_57' title='bbox 1238 1028 1371 1083; x_wconf 81' lang='lat' dir='ltr'><strong>satis</strong></span> <span class='ocrx_word' id='word_1_58' title='bbox 1420 1035 1658 1089; x_wconf 83' lang='lat' dir='ltr'><strong>constat,</strong></span> <span class='ocrx_word' id='word_1_59' title='bbox 1693 1040 1796 1080; x_wconf 86' lang='lat' dir='ltr'><strong>nec</strong></span> <span class='ocrx_word' id='word_1_60' title='bbox 1835 1025 2113 1095; x_wconf 83' lang='lat' dir='ltr'><strong>designari</strong></span> <span class='ocrx_word' id='word_1_61' title='bbox 2157 1033 2337 1093; x_wconf 82' lang='lat' dir='ltr'><strong>potest</strong></span> 
     </span>
    </p>
   </div>
   <div class='ocr_carea' id='block_1_11' title="bbox 755 1115 2331 1192">
    <p class='ocr_par' dir='ltr' id='par_1_11' title="bbox 755 1115 2331 1192">
     <span class='ocr_line' id='line_1_11' title="bbox 755 1115 2331 1192; baseline -0.008 -11"><span class='ocrx_word' id='word_1_62' title='bbox 755 1140 822 1181; x_wconf 82' lang='lat' dir='ltr'><strong>ea</strong></span> <span class='ocrx_word' id='word_1_63' title='bbox 856 1123 1167 1187; x_wconf 87' lang='lat' dir='ltr'><strong>translatio,</strong></span> <span class='ocrx_word' id='word_1_64' title='bbox 1194 1137 1296 1192; x_wconf 88' lang='lat' dir='ltr'><strong>qua</strong></span> <span class='ocrx_word' id='word_1_65' title='bbox 1336 1121 1507 1175; x_wconf 82' lang='lat' dir='ltr'><strong>sancti</strong></span> <span class='ocrx_word' id='word_1_66' title='bbox 1541 1135 1742 1189; x_wconf 90' lang='lat' dir='ltr'><strong>corpus</strong></span> <span class='ocrx_word' id='word_1_67' title='bbox 1776 1126 2109 1186; x_wconf 84' lang='lat' dir='ltr'><strong>acceperunt</strong></span> <span class='ocrx_word' id='word_1_68' title='bbox 2150 1115 2331 1170; x_wconf 85' lang='lat' dir='ltr'><strong>Saler-</strong></span> 
     </span>
    </p>
   </div>
   <div class='ocr_carea' id='block_1_12' title="bbox 755 1207 2331 1281">
    <p class='ocr_par' dir='ltr' id='par_1_12' title="bbox 755 1207 2331 1281">
     <span class='ocr_line' id='line_1_12' title="bbox 755 1207 2331 1281; baseline -0.008 -9"><span class='ocrx_word' id='word_1_69' title='bbox 755 1216 955 1280; x_wconf 86' lang='lat' dir='ltr'><strong>nitani,</strong></span> <span class='ocrx_word' id='word_1_70' title='bbox 993 1231 1117 1270; x_wconf 90' lang='lat' dir='ltr'><strong>eum</strong></span> <span class='ocrx_word' id='word_1_71' title='bbox 1175 1216 1290 1269; x_wconf 68' lang='lat' dir='ltr'><strong>haec</strong></span> <span class='ocrx_word' id='word_1_72' title='bbox 1347 1212 1582 1266; x_wconf 85' lang='lat' dir='ltr'><strong>laudatis</strong></span> <span class='ocrx_word' id='word_1_73' title='bbox 1623 1209 2023 1281; x_wconf 78' lang='lat' dir='ltr'><strong>Martyrologiis</strong></span> <span class='ocrx_word' id='word_1_74' title='bbox 2060 1209 2221 1279; x_wconf 76' lang='lat' dir='ltr'><strong>longe</strong></span> <span class='ocrx_word' id='word_1_75' title='bbox 2262 1207 2331 1263; x_wconf 93' lang='lat' dir='ltr'><strong>sit</strong></span> 
     </span>
    </p>
   </div>
   <div class='ocr_carea' id='block_1_13' title="bbox 754 1301 2329 1382">
    <p class='ocr_par' dir='ltr' id='par_1_13' title="bbox 754 1301 2329 1382">
     <span class='ocr_line' id='line_1_13' title="bbox 754 1301 2329 1382; baseline -0.007 -17"><span class='ocrx_word' id='word_1_76' title='bbox 754 1309 1046 1382; x_wconf 87' lang='lat' dir='ltr'><strong>posterior.</strong></span> <span class='ocrx_word' id='word_1_77' title='bbox 1090 1308 1343 1360; x_wconf 88' lang='lat' dir='ltr'><strong>Attamen</strong></span> <span class='ocrx_word' id='word_1_78' title='bbox 1401 1302 1744 1357; x_wconf 86' lang='lat' dir='ltr'><strong>Salernitana</strong></span> <span class='ocrx_word' id='word_1_79' title='bbox 1808 1301 2093 1356; x_wconf 85' lang='lat' dir='ltr'><strong>translatio</strong></span> <span class='ocrx_word' id='word_1_80' title='bbox 2138 1316 2329 1355; x_wconf 80' lang='lat' dir='ltr'><strong>recen-</strong></span> 
     </span>
    </p>
   </div>
   <div class='ocr_carea' id='block_1_14' title="bbox 754 1391 2331 1454">
    <p class='ocr_par' dir='ltr' id='par_1_14' title="bbox 754 1391 2331 1454">
     <span class='ocr_line' id='line_1_14' title="bbox 754 1391 2331 1454; baseline -0.006 -1"><span class='ocrx_word' id='word_1_81' title='bbox 754 1398 987 1454; x_wconf 79' lang='lat' dir='ltr'><strong>tioribus</strong></span> <span class='ocrx_word' id='word_1_82' title='bbox 1027 1395 1205 1451; x_wconf 85' lang='lat' dir='ltr'><strong>Fastis</strong></span> <span class='ocrx_word' id='word_1_83' title='bbox 1250 1398 1455 1449; x_wconf 88' lang='lat' dir='ltr'><strong>inserta</strong></span> <span class='ocrx_word' id='word_1_84' title='bbox 1506 1401 1610 1449; x_wconf 88' lang='lat' dir='ltr'><strong>est.</strong></span> <span class='ocrx_word' id='word_1_85' title='bbox 1649 1393 1706 1446; x_wconf 90' lang='lat' dir='ltr'><strong>In</strong></span> <span class='ocrx_word' id='word_1_86' title='bbox 1763 1408 1866 1446; x_wconf 87' lang='lat' dir='ltr'><strong>ms.</strong></span> <span class='ocrx_word' id='word_1_87' title='bbox 1912 1391 2157 1447; x_wconf 84' lang='lat' dir='ltr'><strong>Florario</strong></span> <span class='ocrx_word' id='word_1_88' title='bbox 2200 1407 2331 1445; x_wconf 86' lang='lat' dir='ltr'><strong>san-</strong></span> 
     </span>
    </p>
   </div>
   <div class='ocr_carea' id='block_1_15' title="bbox 755 1483 2333 1554">
    <p class='ocr_par' dir='ltr' id='par_1_15' title="bbox 755 1483 2333 1554">
     <span class='ocr_line' id='line_1_15' title="bbox 755 1483 2333 1554; baseline -0.008 -7"><span class='ocrx_word' id='word_1_89' title='bbox 755 1503 970 1547; x_wconf 89' lang='lat' dir='ltr'><strong>ctorum</strong></span> <span class='ocrx_word' id='word_1_90' title='bbox 1005 1504 1069 1544; x_wconf 89' lang='lat' dir='ltr'><strong>ea</strong></span> <span class='ocrx_word' id='word_1_91' title='bbox 1107 1494 1572 1543; x_wconf 90' lang='lat' dir='ltr'><strong>commemoratur</strong></span> <span class='ocrx_word' id='word_1_92' title='bbox 1598 1485 1664 1539; x_wconf 89' lang='lat' dir='ltr'><strong>ad</strong></span> <span class='ocrx_word' id='word_1_93' title='bbox 1691 1484 1758 1537; x_wconf 82' lang='lat'><strong>‘28</strong></span> <span class='ocrx_word' id='word_1_94' title='bbox 1783 1485 2006 1554; x_wconf 87' lang='lat' dir='ltr'><strong>Aprilis,</strong></span> <span class='ocrx_word' id='word_1_95' title='bbox 2062 1492 2121 1537; x_wconf 92' lang='lat' dir='ltr'><strong>ut</strong></span> <span class='ocrx_word' id='word_1_96' title='bbox 2150 1483 2223 1536; x_wconf 90' lang='lat' dir='ltr'><strong>ibi</strong></span> <span class='ocrx_word' id='word_1_97' title='bbox 2252 1483 2333 1535; x_wconf 85' lang='lat' dir='ltr'><strong>di-</strong></span> 
     </span>
    </p>
   </div>
   <div class='ocr_carea' id='block_1_16' title="bbox 753 1575 2331 1647">
    <p class='ocr_par' dir='ltr' id='par_1_16' title="bbox 753 1575 2331 1647">
     <span class='ocr_line' id='line_1_16' title="bbox 753 1575 2331 1647; baseline -0.006 -8"><span class='ocrx_word' id='word_1_98' title='bbox 753 1595 900 1640; x_wconf 88' lang='lat' dir='ltr'><strong>ctum</strong></span> <span class='ocrx_word' id='word_1_99' title='bbox 940 1581 1106 1637; x_wconf 89' lang='lat' dir='ltr'><strong>estin</strong></span> <span class='ocrx_word' id='word_1_100' title='bbox 1156 1579 1562 1634; x_wconf 75' lang='lat' dir='ltr'><strong>Praetermissis.</strong></span> <span class='ocrx_word' id='word_1_101' title='bbox 1615 1577 1675 1631; x_wconf 93' lang='lat' dir='ltr'><strong>ln</strong></span> <span class='ocrx_word' id='word_1_102' title='bbox 1728 1575 2104 1647; x_wconf 78' lang='lat' dir='ltr'><strong>Hagenovensi</strong></span> <span class='ocrx_word' id='word_1_103' title='bbox 2144 1575 2331 1629; x_wconf 85' lang='lat' dir='ltr'><strong>codice</strong></span> 
     </span>
    </p>
   </div>
   <div class='ocr_carea' id='block_1_17' title="bbox 755 1669 2331 1743">
    <p class='ocr_par' dir='ltr' id='par_1_17' title="bbox 755 1669 2331 1743">
     <span class='ocr_line' id='line_1_17' title="bbox 755 1669 2331 1743; baseline -0.008 -11"><span class='ocrx_word' id='word_1_104' title='bbox 755 1674 1053 1732; x_wconf 84' lang='lat' dir='ltr'><strong>Usuardini</strong></span> <span class='ocrx_word' id='word_1_105' title='bbox 1106 1673 1470 1743; x_wconf 80' lang='lat' dir='ltr'><strong>Martyrologii</strong></span> <span class='ocrx_word' id='word_1_106' title='bbox 1533 1672 1721 1726; x_wconf 87' lang='lat' dir='ltr'><strong>eadem</strong></span> <span class='ocrx_word' id='word_1_107' title='bbox 1761 1669 2048 1725; x_wconf 84' lang='lat' dir='ltr'><strong>translatio</strong></span> <span class='ocrx_word' id='word_1_108' title='bbox 2112 1683 2331 1720; x_wconf 92' lang='lat' dir='ltr'><strong>annun-</strong></span> 
     </span>
    </p>
   </div>
   <div class='ocr_carea' id='block_1_18' title="bbox 755 1754 2332 1833">
    <p class='ocr_par' dir='ltr' id='par_1_18' title="bbox 755 1754 2332 1833">
     <span class='ocr_line' id='line_1_18' title="bbox 755 1754 2332 1833; baseline -0.007 -12"><span class='ocrx_word' id='word_1_109' title='bbox 755 1768 927 1823; x_wconf 89' lang='lat' dir='ltr'><strong>tiatur</strong></span> <span class='ocrx_word' id='word_1_110' title='bbox 950 1766 1017 1821; x_wconf 90' lang='lat' dir='ltr'><strong>ad</strong></span> <span class='ocrx_word' id='word_1_111' title='bbox 1056 1764 1089 1819; x_wconf 90' lang='lat'><strong><em>6</em></strong></span> <span class='ocrx_word' id='word_1_112' title='bbox 1126 1763 1272 1827; x_wconf 80' lang='lat' dir='ltr'><strong>Maii,</strong></span> <span class='ocrx_word' id='word_1_113' title='bbox 1312 1762 1775 1833; x_wconf 82' lang='lat' dir='ltr'><strong>quemadmodum</strong></span> <span class='ocrx_word' id='word_1_114' title='bbox 1806 1768 1859 1814; x_wconf 93' lang='lat' dir='ltr'><strong>et</strong></span> <span class='ocrx_word' id='word_1_115' title='bbox 1885 1759 1938 1811; x_wconf 93' lang='lat' dir='ltr'><strong>in</strong></span> <span class='ocrx_word' id='word_1_116' title='bbox 1973 1756 2162 1812; x_wconf 86' lang='lat' dir='ltr'><strong>codice</strong></span> <span class='ocrx_word' id='word_1_117' title='bbox 2184 1754 2332 1810; x_wconf 78' lang='lat' dir='ltr'><strong>Vati-</strong></span> 
     </span>
    </p>
   </div>
   <div class='ocr_carea' id='block_1_19' title="bbox 753 1849 2330 1927">
    <p class='ocr_par' dir='ltr' id='par_1_19' title="bbox 753 1849 2330 1927">
     <span class='ocr_line' id='line_1_19' title="bbox 753 1849 2330 1927; baseline -0.007 -14"><span class='ocrx_word' id='word_1_118' title='bbox 753 1874 914 1923; x_wconf 89' lang='lat' dir='ltr'><strong>cano,</strong></span> <span class='ocrx_word' id='word_1_119' title='bbox 946 1858 1038 1927; x_wconf 91' lang='lat' dir='ltr'><strong>qui</strong></span> <span class='ocrx_word' id='word_1_120' title='bbox 1073 1857 1152 1911; x_wconf 92' lang='lat' dir='ltr'><strong>sic</strong></span> <span class='ocrx_word' id='word_1_121' title='bbox 1185 1857 1349 1911; x_wconf 78' lang='lat' dir='ltr'><strong>habet</strong></span> <span class='ocrx_word' id='word_1_122' title='bbox 1388 1871 1402 1907; x_wconf 88' lang='lat'><strong>:</strong></span> <span class='ocrx_word' id='word_1_123' title='bbox 1434 1873 1451 1905; x_wconf 74' lang='grc' dir='ltr'>ι</span> <span class='ocrx_word' id='word_1_124' title='bbox 1499 1854 1653 1924; x_wconf 83' lang='lat' dir='ltr'><strong>Apud</strong></span> <span class='ocrx_word' id='word_1_125' title='bbox 1690 1852 2003 1918; x_wconf 89' lang='lat' dir='ltr'><strong>Salernum,</strong></span> <span class='ocrx_word' id='word_1_126' title='bbox 2040 1849 2330 1905; x_wconf 87' lang='lat' dir='ltr'><strong>translatio</strong></span> 
     </span>
    </p>
   </div>
   <div class='ocr_carea' id='block_1_20' title="bbox 753 1945 2330 2017">
    <p class='ocr_par' dir='ltr' id='par_1_20' title="bbox 753 1945 2330 2017">
     <span class='ocr_line' id='line_1_20' title="bbox 753 1945 2330 2017; baseline -0.006 -10"><span class='ocrx_word' id='word_1_127' title='bbox 753 1952 928 2007; x_wconf 87' lang='lat' dir='ltr'><strong>saneti</strong></span> <span class='ocrx_word' id='word_1_128' title='bbox 977 1948 1215 2004; x_wconf 67' lang='lat' dir='ltr'><strong>Mattburi</strong></span> <span class='ocrx_word' id='word_1_129' title='bbox 1265 1945 1496 2017; x_wconf 89' lang='lat' dir='ltr'><strong>apostoli</strong></span> <span class='ocrx_word' id='word_1_130' title='bbox 1550 1957 1605 2001; x_wconf 88' lang='lat' dir='ltr'><strong>et</strong></span> <span class='ocrx_word' id='word_1_131' title='bbox 1645 1945 2007 2017; x_wconf 58' lang='lat' dir='ltr'><strong>evangelista.</strong></span> <span class='ocrx_word' id='word_1_132' title='bbox 2043 1965 2059 1998; x_wconf 71' lang='grc' dir='ltr'><strong>ι</strong></span> <span class='ocrx_word' id='word_1_133' title='bbox 2096 1945 2330 2000; x_wconf 84' lang='lat' dir='ltr'><strong>Secutus</strong></span> 
     </span>
    </p>
   </div>
   <div class='ocr_carea' id='block_1_21' title="bbox 752 2035 2326 2110">
    <p class='ocr_par' dir='ltr' id='par_1_21' title="bbox 752 2035 2326 2110">
     <span class='ocr_line' id='line_1_21' title="bbox 752 2035 2326 2110; baseline -0.005 -13"><span class='ocrx_word' id='word_1_134' title='bbox 752 2055 839 2099; x_wconf 84' lang='lat' dir='ltr'><strong>est</strong></span> <span class='ocrx_word' id='word_1_135' title='bbox 887 2043 1181 2106; x_wconf 88' lang='lat' dir='ltr'><strong>Baronius,</strong></span> <span class='ocrx_word' id='word_1_136' title='bbox 1224 2040 1318 2110; x_wconf 85' lang='lat' dir='ltr'><strong>qui</strong></span> <span class='ocrx_word' id='word_1_137' title='bbox 1354 2040 1433 2093; x_wconf 89' lang='lat' dir='ltr'><strong>sic</strong></span> <span class='ocrx_word' id='word_1_138' title='bbox 1474 2039 1639 2093; x_wconf 88' lang='lat' dir='ltr'><strong>habet</strong></span> <span class='ocrx_word' id='word_1_139' title='bbox 1688 2040 1742 2094; x_wconf 90' lang='lat' dir='ltr'><strong>in</strong></span> <span class='ocrx_word' id='word_1_140' title='bbox 1782 2038 2164 2109; x_wconf 83' lang='lat' dir='ltr'><strong>Martyrologio</strong></span> <span class='ocrx_word' id='word_1_141' title='bbox 2219 2035 2326 2089; x_wconf 81' lang='lat' dir='ltr'><strong>Ro-</strong></span> 
     </span>
    </p>
   </div>
   <div class='ocr_carea' id='block_1_22' title="bbox 754 2128 2332 2199">
    <p class='ocr_par' dir='ltr' id='par_1_22' title="bbox 754 2128 2332 2199">
     <span class='ocr_line' id='line_1_22' title="bbox 754 2128 2332 2199; baseline -0.009 -5"><span class='ocrx_word' id='word_1_142' title='bbox 754 2152 964 2194; x_wconf 85' lang='lat' dir='ltr'><strong>mano:</strong></span> <span class='ocrx_word' id='word_1_143' title='bbox 1012 2154 1029 2187; x_wconf 72' lang='lat' dir='ltr'><strong>t</strong></span> <span class='ocrx_word' id='word_1_144' title='bbox 1075 2134 1311 2199; x_wconf 84' lang='lat' dir='ltr'><strong>Salerni,</strong></span> <span class='ocrx_word' id='word_1_145' title='bbox 1362 2134 1649 2186; x_wconf 87' lang='lat' dir='ltr'><strong>translatio</strong></span> <span class='ocrx_word' id='word_1_146' title='bbox 1696 2131 1869 2185; x_wconf 84' lang='lat' dir='ltr'><strong>sancti</strong></span> <span class='ocrx_word' id='word_1_147' title='bbox 1905 2128 2141 2185; x_wconf 65' lang='grc' dir='ltr'><strong>Μελίη)κί</strong></span> <span class='ocrx_word' id='word_1_148' title='bbox 2196 2144 2332 2199; x_wconf 83' lang='lat' dir='ltr'><strong>apo-</strong></span> 
     </span>
    </p>
   </div>
   <div class='ocr_carea' id='block_1_23' title="bbox 752 2219 2329 2297">
    <p class='ocr_par' dir='ltr' id='par_1_23' title="bbox 752 2219 2329 2297">
     <span class='ocr_line' id='line_1_23' title="bbox 752 2219 2329 2297; baseline -0.006 -14"><span class='ocrx_word' id='word_1_149' title='bbox 752 2231 900 2291; x_wconf 90' lang='lat' dir='ltr'><strong>stoli,</strong></span> <span class='ocrx_word' id='word_1_150' title='bbox 935 2227 1093 2297; x_wconf 76' lang='lat' dir='ltr'><strong>cuius</strong></span> <span class='ocrx_word' id='word_1_151' title='bbox 1146 2240 1362 2279; x_wconf 90' lang='lat' dir='ltr'><strong>sacrum</strong></span> <span class='ocrx_word' id='word_1_152' title='bbox 1412 2236 1621 2293; x_wconf 85' lang='lat' dir='ltr'><strong>corpus</strong></span> <span class='ocrx_word' id='word_1_153' title='bbox 1672 2223 1798 2277; x_wconf 92' lang='lat' dir='ltr'><strong>olim</strong></span> <span class='ocrx_word' id='word_1_154' title='bbox 1842 2237 1908 2276; x_wconf 80' lang='lat' dir='ltr'><strong>ex</strong></span> <span class='ocrx_word' id='word_1_155' title='bbox 1941 2219 2223 2292; x_wconf 64' lang='lat' dir='ltr'><strong>Aithiopia</strong></span> <span class='ocrx_word' id='word_1_156' title='bbox 2264 2219 2329 2274; x_wconf 92' lang='lat' dir='ltr'><strong>ad</strong></span> 
     </span>
    </p>
   </div>
   <div class='ocr_carea' id='block_1_24' title="bbox 752 2312 2329 2388">
    <p class='ocr_par' dir='ltr' id='par_1_24' title="bbox 752 2312 2329 2388">
     <span class='ocr_line' id='line_1_24' title="bbox 752 2312 2329 2388; baseline -0.006 -14"><span class='ocrx_word' id='word_1_157' title='bbox 752 2321 999 2375; x_wconf 87' lang='lat' dir='ltr'><strong>diversas</strong></span> <span class='ocrx_word' id='word_1_158' title='bbox 1026 2320 1304 2388; x_wconf 80' lang='lat' dir='ltr'><strong>regiones,</strong></span> <span class='ocrx_word' id='word_1_159' title='bbox 1342 2325 1398 2370; x_wconf 89' lang='lat' dir='ltr'><strong>et</strong></span> <span class='ocrx_word' id='word_1_160' title='bbox 1429 2317 1652 2370; x_wconf 87' lang='lat' dir='ltr'><strong>demum</strong></span> <span class='ocrx_word' id='word_1_161' title='bbox 1689 2315 1755 2368; x_wconf 90' lang='lat' dir='ltr'><strong>ad</strong></span> <span class='ocrx_word' id='word_1_162' title='bbox 1782 2330 1903 2367; x_wconf 89' lang='lat' dir='ltr'><strong>eam</strong></span> <span class='ocrx_word' id='word_1_163' title='bbox 1953 2316 2144 2368; x_wconf 87' lang='lat' dir='ltr'><strong>urbem</strong></span> <span class='ocrx_word' id='word_1_164' title='bbox 2177 2312 2329 2366; x_wconf 86' lang='lat' dir='ltr'><strong>dela-</strong></span> 
     </span>
    </p>
   </div>
   <div class='ocr_carea' id='block_1_25' title="bbox 754 2404 2331 2477">
    <p class='ocr_par' dir='ltr' id='par_1_25' title="bbox 754 2404 2331 2477">
     <span class='ocr_line' id='line_1_25' title="bbox 754 2404 2331 2477; baseline -0.007 -10"><span class='ocrx_word' id='word_1_165' title='bbox 754 2426 892 2477; x_wconf 90' lang='lat' dir='ltr'><strong>tum,</strong></span> <span class='ocrx_word' id='word_1_166' title='bbox 923 2412 1123 2466; x_wconf 88' lang='lat' dir='ltr'><strong>ibidem</strong></span> <span class='ocrx_word' id='word_1_167' title='bbox 1160 2411 1214 2463; x_wconf 92' lang='lat' dir='ltr'><strong>in</strong></span> <span class='ocrx_word' id='word_1_168' title='bbox 1243 2409 1473 2463; x_wconf 86' lang='lat' dir='ltr'><strong>ecclesia</strong></span> <span class='ocrx_word' id='word_1_169' title='bbox 1506 2408 1627 2474; x_wconf 71' lang='lat' dir='ltr'><strong>eius</strong></span> <span class='ocrx_word' id='word_1_170' title='bbox 1654 2405 1880 2459; x_wconf 90' lang='lat' dir='ltr'><strong>nomine</strong></span> <span class='ocrx_word' id='word_1_171' title='bbox 1912 2404 2090 2458; x_wconf 88' lang='lat' dir='ltr'><strong>dicata</strong></span> <span class='ocrx_word' id='word_1_172' title='bbox 2113 2419 2331 2457; x_wconf 89' lang='lat' dir='ltr'><strong>summo</strong></span> 
     </span>
    </p>
   </div>
   <div class='ocr_carea' id='block_1_26' title="bbox 754 2494 2329 2566">
    <p class='ocr_par' dir='ltr' id='par_1_26' title="bbox 754 2494 2329 2566">
     <span class='ocr_line' id='line_1_26' title="bbox 754 2494 2329 2566; baseline -0.008 -6"><span class='ocrx_word' id='word_1_173' title='bbox 754 2506 964 2560; x_wconf 88' lang='lat' dir='ltr'><strong>honore</strong></span> <span class='ocrx_word' id='word_1_174' title='bbox 991 2500 1273 2556; x_wconf 89' lang='lat' dir='ltr'><strong>conditum</strong></span> <span class='ocrx_word' id='word_1_175' title='bbox 1313 2500 1435 2554; x_wconf 80' lang='lat' dir='ltr'><strong>fuit.</strong></span> <span class='ocrx_word' id='word_1_176' title='bbox 1490 2517 1506 2549; x_wconf 71' lang='grc' dir='ltr'>ι</span> <span class='ocrx_word' id='word_1_177' title='bbox 1542 2497 1867 2551; x_wconf 77' lang='lat' dir='ltr'><strong>Consonant</strong></span> <span class='ocrx_word' id='word_1_178' title='bbox 1888 2494 2061 2549; x_wconf 84' lang='lat' dir='ltr'><strong>ollicia</strong></span> <span class='ocrx_word' id='word_1_179' title='bbox 2109 2499 2329 2566; x_wconf 86' lang='lat' dir='ltr'><strong>propria</strong></span> 
     </span>
    </p>
   </div>
   <div class='ocr_carea' id='block_1_27' title="bbox 752 2589 2330 2660">
    <p class='ocr_par' dir='ltr' id='par_1_27' title="bbox 752 2589 2330 2660">
     <span class='ocr_line' id='line_1_27' title="bbox 752 2589 2330 2660; baseline -0.007 -8"><span class='ocrx_word' id='word_1_180' title='bbox 752 2595 1021 2652; x_wconf 77' lang='lat' dir='ltr'><strong>Ecclesire&#39;</strong></span> <span class='ocrx_word' id='word_1_181' title='bbox 1060 2591 1443 2654; x_wconf 72' lang='lat' dir='ltr'><strong>Salernitanae,</strong></span> <span class='ocrx_word' id='word_1_182' title='bbox 1494 2606 1621 2660; x_wconf 61' lang='lat' dir='ltr'><strong>qua</strong></span> <span class='ocrx_word' id='word_1_183' title='bbox 1674 2590 1874 2644; x_wconf 63' lang='lat' dir='ltr'><strong>saeculo</strong></span> <span class='ocrx_word' id='word_1_184' title='bbox 1921 2603 2006 2641; x_wconf 78' lang='lat' dir='ltr'><strong>xvr</strong></span> <span class='ocrx_word' id='word_1_185' title='bbox 2066 2589 2330 2657; x_wconf 89' lang='lat' dir='ltr'><strong>impressa</strong></span> 
     </span>
    </p>
   </div>
   <div class='ocr_carea' id='block_1_28' title="bbox 754 2680 2332 2743">
    <p class='ocr_par' dir='ltr' id='par_1_28' title="bbox 754 2680 2332 2743">
     <span class='ocr_line' id='line_1_28' title="bbox 754 2680 2332 2743; baseline -0.006 0"><span class='ocrx_word' id='word_1_186' title='bbox 754 2689 1021 2743; x_wconf 87' lang='lat' dir='ltr'><strong>habemus</strong></span> <span class='ocrx_word' id='word_1_187' title='bbox 1048 2701 1061 2739; x_wconf 93' lang='lat'>:</span> <span class='ocrx_word' id='word_1_188' title='bbox 1101 2686 1154 2738; x_wconf 89' lang='lat' dir='ltr'><strong>in</strong></span> <span class='ocrx_word' id='word_1_189' title='bbox 1186 2684 1253 2738; x_wconf 93' lang='lat' dir='ltr'><strong>iis</strong></span> <span class='ocrx_word' id='word_1_190' title='bbox 1286 2683 1431 2737; x_wconf 91' lang='lat' dir='ltr'><strong>enim</strong></span> <span class='ocrx_word' id='word_1_191' title='bbox 1464 2691 1689 2736; x_wconf 86' lang='lat' dir='ltr'><strong>notatur</strong></span> <span class='ocrx_word' id='word_1_192' title='bbox 1719 2681 1969 2735; x_wconf 76' lang='lat' dir='ltr'><strong>Ot‘tieium</strong></span> <span class='ocrx_word' id='word_1_193' title='bbox 2018 2680 2332 2734; x_wconf 84' lang='lat' dir='ltr'><strong>translatio-</strong></span> 
     </span>
    </p>
   </div>
   <div class='ocr_carea' id='block_1_29' title="bbox 755 2772 2328 2835">
    <p class='ocr_par' dir='ltr' id='par_1_29' title="bbox 755 2772 2328 2835">
     <span class='ocr_line' id='line_1_29' title="bbox 755 2772 2328 2835; baseline -0.005 -1"><span class='ocrx_word' id='word_1_194' title='bbox 755 2780 843 2835; x_wconf 88' lang='lat' dir='ltr'><strong>nis</strong></span> <span class='ocrx_word' id='word_1_195' title='bbox 868 2795 991 2832; x_wconf 90' lang='lat' dir='ltr'><strong>cum</strong></span> <span class='ocrx_word' id='word_1_196' title='bbox 1022 2785 1212 2832; x_wconf 90' lang='lat' dir='ltr'><strong>octava</strong></span> <span class='ocrx_word' id='word_1_197' title='bbox 1245 2777 1313 2831; x_wconf 90' lang='lat' dir='ltr'><strong>ad</strong></span> <span class='ocrx_word' id='word_1_198' title='bbox 1342 2777 1373 2831; x_wconf 91' lang='lat'><strong>6</strong></span> <span class='ocrx_word' id='word_1_199' title='bbox 1404 2775 1549 2830; x_wconf 86' lang='lat' dir='ltr'><strong>Maii.</strong></span> <span class='ocrx_word' id='word_1_200' title='bbox 1576 2775 1636 2829; x_wconf 92' lang='lat' dir='ltr'><strong>ln</strong></span> <span class='ocrx_word' id='word_1_201' title='bbox 1683 2776 1901 2830; x_wconf 90' lang='lat' dir='ltr'><strong>laudato</strong></span> <span class='ocrx_word' id='word_1_202' title='bbox 1932 2772 2183 2828; x_wconf 88' lang='lat' dir='ltr'><strong>Florario</strong></span> <span class='ocrx_word' id='word_1_203' title='bbox 2226 2788 2328 2826; x_wconf 91' lang='lat' dir='ltr'><strong>ms.</strong></span> 
     </span>
    </p>
   </div>
   <div class='ocr_carea' id='block_1_30' title="bbox 752 2865 2328 2931">
    <p class='ocr_par' dir='ltr' id='par_1_30' title="bbox 752 2865 2328 2931">
     <span class='ocr_line' id='line_1_30' title="bbox 752 2865 2328 2931; baseline -0.003 -7"><span class='ocrx_word' id='word_1_204' title='bbox 752 2873 946 2927; x_wconf 88' lang='lat' dir='ltr'><strong>eodem</strong></span> <span class='ocrx_word' id='word_1_205' title='bbox 992 2870 1081 2924; x_wconf 89' lang='lat' dir='ltr'><strong>die</strong></span> <span class='ocrx_word' id='word_1_206' title='bbox 1116 2878 1340 2923; x_wconf 89' lang='lat' dir='ltr'><strong>notatur</strong></span> <span class='ocrx_word' id='word_1_207' title='bbox 1389 2868 1675 2921; x_wconf 84' lang='lat' dir='ltr'><strong>translatio</strong></span> <span class='ocrx_word' id='word_1_208' title='bbox 1720 2868 1894 2923; x_wconf 84' lang='lat' dir='ltr'><strong>sancti</strong></span> <span class='ocrx_word' id='word_1_209' title='bbox 1944 2865 2202 2931; x_wconf 84' lang='lat' dir='ltr'><strong>Matthaei,</strong></span> <span class='ocrx_word' id='word_1_210' title='bbox 2236 2866 2328 2921; x_wconf 89' lang='lat' dir='ltr'><strong>sed</strong></span> 
     </span>
    </p>
   </div>
   <div class='ocr_carea' id='block_1_31' title="bbox 753 2958 2332 3025">
    <p class='ocr_par' dir='ltr' id='par_1_31' title="bbox 753 2958 2332 3025">
     <span class='ocr_line' id='line_1_31' title="bbox 753 2958 2332 3025; baseline -0.004 -8"><span class='ocrx_word' id='word_1_211' title='bbox 753 2979 862 3017; x_wconf 91' lang='lat' dir='ltr'><strong>non</strong></span> <span class='ocrx_word' id='word_1_212' title='bbox 942 2961 1182 3025; x_wconf 83' lang='lat' dir='ltr'><strong>additur,</strong></span> <span class='ocrx_word' id='word_1_213' title='bbox 1263 2958 1663 3014; x_wconf 85' lang='lat' dir='ltr'><strong>Salernitanam</strong></span> <span class='ocrx_word' id='word_1_214' title='bbox 1742 2974 1883 3025; x_wconf 88' lang='lat' dir='ltr'><strong>esse,</strong></span> <span class='ocrx_word' id='word_1_215' title='bbox 1963 2959 2041 3012; x_wconf 89' lang='lat' dir='ltr'><strong>uti</strong></span> <span class='ocrx_word' id='word_1_216' title='bbox 2112 2958 2332 3011; x_wconf 84' lang='lat' dir='ltr'><strong>additur</strong></span> 
     </span>
    </p>
   </div>
   <div class='ocr_carea' id='block_1_32' title="bbox 754 3051 2329 3125">
    <p class='ocr_par' dir='ltr' id='par_1_32' title="bbox 754 3051 2329 3125">
     <span class='ocr_line' id='line_1_32' title="bbox 754 3051 2329 3125; baseline -0.004 -14"><span class='ocrx_word' id='word_1_217' title='bbox 754 3057 820 3111; x_wconf 83' lang='lat' dir='ltr'><strong>ad</strong></span> <span class='ocrx_word' id='word_1_218' title='bbox 850 3055 920 3110; x_wconf 71' lang='lat'><strong>28</strong></span> <span class='ocrx_word' id='word_1_219' title='bbox 969 3055 1190 3125; x_wconf 80' lang='lat' dir='ltr'><strong>Aprilis.</strong></span> <span class='ocrx_word' id='word_1_220' title='bbox 1225 3051 1383 3108; x_wconf 86' lang='lat' dir='ltr'><strong>Plura</strong></span> <span class='ocrx_word' id='word_1_221' title='bbox 1440 3054 1506 3108; x_wconf 91' lang='lat' dir='ltr'><strong>de</strong></span> <span class='ocrx_word' id='word_1_222' title='bbox 1564 3052 2015 3108; x_wconf 84' lang='lat' dir='ltr'><strong>translationibus</strong></span> <span class='ocrx_word' id='word_1_223' title='bbox 2067 3053 2329 3107; x_wconf 86' lang='lat' dir='ltr'><strong>disseram</strong></span> 
     </span>
    </p>
   </div>
   <div class='ocr_carea' id='block_1_33' title="bbox 752 3149 1017 3205">
    <p class='ocr_par' dir='ltr' id='par_1_33' title="bbox 752 3149 1017 3205">
     <span class='ocr_line' id='line_1_33' title="bbox 752 3149 1017 3205; baseline -0.026 0"><span class='ocrx_word' id='word_1_224' title='bbox 752 3166 852 3205; x_wconf 81' lang='lat' dir='ltr'><strong>suo</strong></span> <span class='ocrx_word' id='word_1_225' title='bbox 879 3149 1017 3203; x_wconf 91' lang='lat' dir='ltr'><strong>loco.</strong></span> 
     </span>
    </p>
   </div>
   <div class='ocr_carea' id='block_1_34' title="bbox 826 3237 2333 3309">
    <p class='ocr_par' dir='ltr' id='par_1_34' title="bbox 826 3237 2333 3309">
     <span class='ocr_line' id='line_1_34' title="bbox 826 3237 2333 3309; baseline -0.002 -14"><span class='ocrx_word' id='word_1_226' title='bbox 826 3241 878 3295; x_wconf 80' lang='lat'><strong>3.</strong></span> <span class='ocrx_word' id='word_1_227' title='bbox 902 3238 1102 3305; x_wconf 80' lang='lat' dir='ltr'><strong>Graeci,</strong></span> <span class='ocrx_word' id='word_1_228' title='bbox 1161 3253 1365 3309; x_wconf 89' lang='lat' dir='ltr'><strong>eosque</strong></span> <span class='ocrx_word' id='word_1_229' title='bbox 1405 3237 1609 3309; x_wconf 89' lang='lat' dir='ltr'><strong>passim</strong></span> <span class='ocrx_word' id='word_1_230' title='bbox 1662 3246 1956 3308; x_wconf 86' lang='lat' dir='ltr'><strong>sequentes</strong></span> <span class='ocrx_word' id='word_1_231' title='bbox 1987 3237 2172 3303; x_wconf 85' lang='lat' dir='ltr'><strong>Mosci,</strong></span> <span class='ocrx_word' id='word_1_232' title='bbox 2205 3255 2333 3293; x_wconf 88' lang='lat' dir='ltr'><strong>san-</strong></span> 
     </span>
    </p>
   </div>
   <div class='ocr_carea' id='block_1_35' title="bbox 754 3332 2334 3403">
    <p class='ocr_par' dir='ltr' id='par_1_35' title="bbox 754 3332 2334 3403">
     <span class='ocr_line' id='line_1_35' title="bbox 754 3332 2334 3403; baseline -0.001 -14"><span class='ocrx_word' id='word_1_233' title='bbox 754 3346 901 3391; x_wconf 89' lang='lat' dir='ltr'><strong>ctum</strong></span> <span class='ocrx_word' id='word_1_234' title='bbox 925 3334 1235 3387; x_wconf 78' lang='lat' dir='ltr'><strong>Mattlueum</strong></span> <span class='ocrx_word' id='word_1_235' title='bbox 1270 3335 1539 3403; x_wconf 55' lang='lat' dir='ltr'><strong>praecipue</strong></span> <span class='ocrx_word' id='word_1_236' title='bbox 1571 3332 1852 3387; x_wconf 86' lang='lat' dir='ltr'><strong>celebrant</strong></span> <span class='ocrx_word' id='word_1_237' title='bbox 1894 3333 1959 3387; x_wconf 87' lang='lat' dir='ltr'><strong>ad</strong></span> <span class='ocrx_word' id='word_1_238' title='bbox 1998 3333 2062 3387; x_wconf 85' lang='grc'><strong>16</strong></span> <span class='ocrx_word' id='word_1_239' title='bbox 2097 3332 2334 3387; x_wconf 82' lang='lat' dir='ltr'><strong>Novem-</strong></span> 
     </span>
    </p>
   </div>
   <div class='ocr_carea' id='block_1_36' title="bbox 756 3424 2330 3492">
    <p class='ocr_par' dir='ltr' id='par_1_36' title="bbox 756 3424 2330 3492">
     <span class='ocr_line' id='line_1_36' title="bbox 756 3424 2330 3492; baseline -0.005 -8"><span class='ocrx_word' id='word_1_240' title='bbox 756 3430 887 3484; x_wconf 87' lang='lat' dir='ltr'><strong>bris.</strong></span> <span class='ocrx_word' id='word_1_241' title='bbox 930 3427 1011 3479; x_wconf 81' lang='lat' dir='ltr'><strong>Ad</strong></span> <span class='ocrx_word' id='word_1_242' title='bbox 1072 3426 1215 3481; x_wconf 89' lang='lat' dir='ltr'><strong>hunc</strong></span> <span class='ocrx_word' id='word_1_243' title='bbox 1266 3425 1406 3478; x_wconf 90' lang='lat' dir='ltr'><strong>diem</strong></span> <span class='ocrx_word' id='word_1_244' title='bbox 1455 3424 1505 3477; x_wconf 91' lang='lat' dir='ltr'><strong>in</strong></span> <span class='ocrx_word' id='word_1_245' title='bbox 1547 3424 1821 3490; x_wconf 87' lang='lat' dir='ltr'><strong>omnibus,</strong></span> <span class='ocrx_word' id='word_1_246' title='bbox 1874 3439 2011 3492; x_wconf 90' lang='lat' dir='ltr'><strong>quos</strong></span> <span class='ocrx_word' id='word_1_247' title='bbox 2058 3425 2330 3487; x_wconf 85' lang='lat' dir='ltr'><strong>consului,</strong></span> 
     </span>
    </p>
   </div>
   <div class='ocr_carea' id='block_1_37' title="bbox 758 3516 2332 3586">
    <p class='ocr_par' dir='ltr' id='par_1_37' title="bbox 758 3516 2332 3586">
     <span class='ocr_line' id='line_1_37' title="bbox 758 3516 2332 3586; baseline -0.003 -12"><span class='ocrx_word' id='word_1_248' title='bbox 758 3519 1076 3575; x_wconf 64' lang='lat' dir='ltr'><strong>Graecorum</strong></span> <span class='ocrx_word' id='word_1_249' title='bbox 1122 3517 1299 3572; x_wconf 85' lang='lat' dir='ltr'><strong>Fastis</strong></span> <span class='ocrx_word' id='word_1_250' title='bbox 1330 3517 1593 3570; x_wconf 86' lang='lat' dir='ltr'><strong>memoria</strong></span> <span class='ocrx_word' id='word_1_251' title='bbox 1646 3518 1819 3569; x_wconf 90' lang='lat' dir='ltr'><strong>sancti</strong></span> <span class='ocrx_word' id='word_1_252' title='bbox 1879 3517 2041 3583; x_wconf 81' lang='lat' dir='ltr'><strong>hujus</strong></span> <span class='ocrx_word' id='word_1_253' title='bbox 2101 3516 2332 3586; x_wconf 82' lang='lat' dir='ltr'><strong>apostoli</strong></span> 
     </span>
    </p>
   </div>
   <div class='ocr_carea' id='block_1_38' title="bbox 757 3607 2331 3671">
    <p class='ocr_par' dir='ltr' id='par_1_38' title="bbox 757 3607 2331 3671">
     <span class='ocr_line' id='line_1_38' title="bbox 757 3607 2331 3671; baseline -0.001 -8"><span class='ocrx_word' id='word_1_254' title='bbox 757 3610 1039 3671; x_wconf 89' lang='lat' dir='ltr'><strong>recolitur,</strong></span> <span class='ocrx_word' id='word_1_255' title='bbox 1072 3619 1126 3662; x_wconf 89' lang='lat' dir='ltr'><strong>et</strong></span> <span class='ocrx_word' id='word_1_256' title='bbox 1167 3607 1435 3661; x_wconf 82' lang='lat' dir='ltr'><strong>festivitas</strong></span> <span class='ocrx_word' id='word_1_257' title='bbox 1482 3607 1743 3662; x_wconf 86' lang='lat' dir='ltr'><strong>solemnis</strong></span> <span class='ocrx_word' id='word_1_258' title='bbox 1775 3607 2105 3662; x_wconf 88' lang='lat' dir='ltr'><strong>celebratur.</strong></span> <span class='ocrx_word' id='word_1_259' title='bbox 2132 3608 2331 3662; x_wconf 80' lang='lat' dir='ltr'><strong>illenzea</strong></span> 
     </span>
    </p>
   </div>
   <div class='ocr_carea' id='block_1_39' title="bbox 756 3701 2334 3774">
    <p class='ocr_par' dir='ltr' id='par_1_39' title="bbox 756 3701 2334 3774">
     <span class='ocr_line' id='line_1_39' title="bbox 756 3701 2334 3774; baseline -0.001 -16"><span class='ocrx_word' id='word_1_260' title='bbox 756 3706 1025 3774; x_wconf 86' lang='lat' dir='ltr'><strong>impressa</strong></span> <span class='ocrx_word' id='word_1_261' title='bbox 1071 3702 1502 3773; x_wconf 73' lang='lat' dir='ltr'><strong>prolixissimum</strong></span> <span class='ocrx_word' id='word_1_262' title='bbox 1533 3701 1798 3757; x_wconf 79' lang='lat' dir='ltr'><strong>exhibent</strong></span> <span class='ocrx_word' id='word_1_263' title='bbox 1839 3702 2214 3773; x_wconf 79' lang='lat' dir='ltr'><strong>elogium,sed</strong></span> <span class='ocrx_word' id='word_1_264' title='bbox 2255 3701 2334 3756; x_wconf 76' lang='lat' dir='ltr'><strong>fa-</strong></span> 
     </span>
    </p>
   </div>
   <div class='ocr_carea' id='block_1_40' title="bbox 756 3795 2332 3864">
    <p class='ocr_par' dir='ltr' id='par_1_40' title="bbox 756 3795 2332 3864">
     <span class='ocr_line' id='line_1_40' title="bbox 756 3795 2332 3864; baseline -0.002 -11"><span class='ocrx_word' id='word_1_265' title='bbox 756 3798 1033 3860; x_wconf 86' lang='lat' dir='ltr'><strong>bulosum,</strong></span> <span class='ocrx_word' id='word_1_266' title='bbox 1085 3810 1149 3848; x_wconf 71' lang='lat' dir='ltr'><strong>es</strong></span> <span class='ocrx_word' id='word_1_267' title='bbox 1187 3810 1295 3863; x_wconf 91' lang='lat' dir='ltr'><strong>quo</strong></span> <span class='ocrx_word' id='word_1_268' title='bbox 1335 3795 1450 3847; x_wconf 83' lang='lat' dir='ltr'><strong>suis</strong></span> <span class='ocrx_word' id='word_1_269' title='bbox 1491 3795 1624 3848; x_wconf 92' lang='lat' dir='ltr'><strong>locis</strong></span> <span class='ocrx_word' id='word_1_270' title='bbox 1669 3796 1957 3848; x_wconf 76' lang='lat' dir='ltr'><strong>alleremus</strong></span> <span class='ocrx_word' id='word_1_271' title='bbox 1992 3810 2053 3847; x_wconf 86' lang='lat' dir='ltr'><strong>ea</strong></span> <span class='ocrx_word' id='word_1_272' title='bbox 2103 3811 2223 3864; x_wconf 75' lang='lat' dir='ltr'><strong>quae</strong></span> <span class='ocrx_word' id='word_1_273' title='bbox 2266 3797 2332 3850; x_wconf 89' lang='lat' dir='ltr'><strong>ad</strong></span> 
     </span>
    </p>
   </div>
   <div class='ocr_carea' id='block_1_41' title="bbox 759 3884 2333 3958">
    <p class='ocr_par' dir='ltr' id='par_1_41' title="bbox 759 3884 2333 3958">
     <span class='ocr_line' id='line_1_41' title="bbox 759 3884 2333 3958; baseline -0.001 -16"><span class='ocrx_word' id='word_1_274' title='bbox 759 3891 1105 3958; x_wconf 88' lang='lat' dir='ltr'><strong>propositum</strong></span> <span class='ocrx_word' id='word_1_275' title='bbox 1137 3894 1383 3939; x_wconf 89' lang='lat' dir='ltr'><strong>nostrum</strong></span> <span class='ocrx_word' id='word_1_276' title='bbox 1408 3885 1717 3939; x_wconf 90' lang='lat' dir='ltr'><strong>conducere</strong></span> <span class='ocrx_word' id='word_1_277' title='bbox 1741 3884 2097 3951; x_wconf 88' lang='lat' dir='ltr'><strong>videbuntur,</strong></span> <span class='ocrx_word' id='word_1_278' title='bbox 2144 3903 2333 3956; x_wconf 88' lang='lat' dir='ltr'><strong>quem-</strong></span> 
     </span>
    </p>
   </div>
   <div class='ocr_carea' id='block_1_42' title="bbox 760 3974 2337 4048">
    <p class='ocr_par' dir='ltr' id='par_1_42' title="bbox 760 3974 2337 4048">
     <span class='ocr_line' id='line_1_42' title="bbox 760 3974 2337 4048; baseline 0.001 -15"><span class='ocrx_word' id='word_1_279' title='bbox 760 3979 1056 4034; x_wconf 84' lang='lat' dir='ltr'><strong>admodum</strong></span> <span class='ocrx_word' id='word_1_280' title='bbox 1089 3977 1249 4031; x_wconf 89' lang='lat' dir='ltr'><strong>etiam</strong></span> <span class='ocrx_word' id='word_1_281' title='bbox 1274 3993 1341 4031; x_wconf 81' lang='lat' dir='ltr'><strong>ex</strong></span> <span class='ocrx_word' id='word_1_282' title='bbox 1375 3977 1551 4048; x_wconf 80' lang='lat' dir='ltr'><strong>elogio</strong></span> <span class='ocrx_word' id='word_1_283' title='bbox 1585 3974 1767 4031; x_wconf 87' lang='lat' dir='ltr'><strong>mitius</strong></span> <span class='ocrx_word' id='word_1_284' title='bbox 1805 3978 2039 4048; x_wconf 82' lang='lat' dir='ltr'><strong>prolixo,</strong></span> <span class='ocrx_word' id='word_1_285' title='bbox 2068 3981 2212 4048; x_wconf 89' lang='lat' dir='ltr'><strong>quod</strong></span> <span class='ocrx_word' id='word_1_286' title='bbox 2253 3982 2337 4035; x_wconf 85' lang='lat' dir='ltr'><strong>in-</strong></span> 
     </span>
    </p>
   </div>
   <div class='ocr_carea' id='block_1_43' title="bbox 761 4066 2333 4137">
    <p class='ocr_par' dir='ltr' id='par_1_43' title="bbox 761 4066 2333 4137">
     <span class='ocr_line' id='line_1_43' title="bbox 761 4066 2333 4137; baseline 0.002 -14"><span class='ocrx_word' id='word_1_287' title='bbox 761 4080 969 4125; x_wconf 83' lang='lat' dir='ltr'><strong>sertum</strong></span> <span class='ocrx_word' id='word_1_288' title='bbox 1022 4077 1105 4122; x_wconf 91' lang='lat' dir='ltr'><strong>est</strong></span> <span class='ocrx_word' id='word_1_289' title='bbox 1146 4066 1445 4137; x_wconf 76' lang='lat' dir='ltr'><strong>Menologio</strong></span> <span class='ocrx_word' id='word_1_290' title='bbox 1496 4068 1787 4122; x_wconf 86' lang='lat' dir='ltr'><strong>Basiliano.</strong></span> <span class='ocrx_word' id='word_1_291' title='bbox 1849 4069 2159 4125; x_wconf 68' lang='lat' dir='ltr'><strong>Matthuzum</strong></span> <span class='ocrx_word' id='word_1_292' title='bbox 2226 4088 2333 4126; x_wconf 92' lang='lat' dir='ltr'><strong>una</strong></span> 
     </span>
    </p>
   </div>
   <div class='ocr_carea' id='block_1_44' title="bbox 763 4158 2337 4231">
    <p class='ocr_par' dir='ltr' id='par_1_44' title="bbox 763 4158 2337 4231">
     <span class='ocr_line' id='line_1_44' title="bbox 763 4158 2337 4231; baseline 0.001 -14"><span class='ocrx_word' id='word_1_293' title='bbox 763 4178 890 4218; x_wconf 85' lang='lat' dir='ltr'><strong>cum</strong></span> <span class='ocrx_word' id='word_1_294' title='bbox 915 4161 1145 4231; x_wconf 74' lang='lat' dir='ltr'><strong>reliquis</strong></span> <span class='ocrx_word' id='word_1_295' title='bbox 1168 4161 1428 4230; x_wconf 89' lang='lat' dir='ltr'><strong>apostolis</strong></span> <span class='ocrx_word' id='word_1_296' title='bbox 1447 4158 1619 4215; x_wconf 71' lang='lat' dir='ltr'><strong>Graeci</strong></span> <span class='ocrx_word' id='word_1_297' title='bbox 1651 4165 1814 4215; x_wconf 86' lang='lat' dir='ltr'><strong>etiam</strong></span> <span class='ocrx_word' id='word_1_298' title='bbox 1838 4163 2021 4216; x_wconf 89' lang='lat' dir='ltr'><strong>colunt</strong></span> <span class='ocrx_word' id='word_1_299' title='bbox 2048 4166 2135 4218; x_wconf 89' lang='lat' dir='ltr'><strong>die</strong></span> <span class='ocrx_word' id='word_1_300' title='bbox 2161 4165 2337 4219; x_wconf 75' lang='lat' dir='ltr'><strong>50lo-</strong></span> 
     </span>
    </p>
   </div>
   <div class='ocr_carea' id='block_1_45' title="bbox 762 4252 2335 4324">
    <p class='ocr_par' dir='ltr' id='par_1_45' title="bbox 762 4252 2335 4324">
     <span class='ocr_line' id='line_1_45' title="bbox 762 4252 2335 4324; baseline 0.001 -13"><span class='ocrx_word' id='word_1_301' title='bbox 762 4258 862 4323; x_wconf 87' lang='lat' dir='ltr'><strong>nii,</strong></span> <span class='ocrx_word' id='word_1_302' title='bbox 896 4254 985 4309; x_wconf 90' lang='lat' dir='ltr'><strong>ubi</strong></span> <span class='ocrx_word' id='word_1_303' title='bbox 1018 4264 1073 4309; x_wconf 90' lang='lat' dir='ltr'><strong>et</strong></span> <span class='ocrx_word' id='word_1_304' title='bbox 1093 4254 1278 4307; x_wconf 85' lang='lat' dir='ltr'><strong>brevia</strong></span> <span class='ocrx_word' id='word_1_305' title='bbox 1302 4252 1563 4306; x_wconf 77' lang='lat' dir='ltr'><strong>exhibent</strong></span> <span class='ocrx_word' id='word_1_306' title='bbox 1594 4253 1769 4324; x_wconf 78' lang='lat' dir='ltr'><strong>elogia</strong></span> <span class='ocrx_word' id='word_1_307' title='bbox 1796 4255 1851 4307; x_wconf 93' lang='lat' dir='ltr'><strong>in</strong></span> <span class='ocrx_word' id='word_1_308' title='bbox 1891 4255 2113 4310; x_wconf 70' lang='lat' dir='ltr'><strong>Meumis</strong></span> <span class='ocrx_word' id='word_1_309' title='bbox 2143 4268 2198 4312; x_wconf 87' lang='lat' dir='ltr'><strong>et</strong></span> <span class='ocrx_word' id='word_1_310' title='bbox 2225 4259 2335 4314; x_wconf 85' lang='lat' dir='ltr'><strong>Me-</strong></span> 
     </span>
    </p>
   </div>
   <div class='ocr_carea' id='block_1_46' title="bbox 765 4344 2332 4418">
    <p class='ocr_par' dir='ltr' id='par_1_46' title="bbox 765 4344 2332 4418">
     <span class='ocr_line' id='line_1_46' title="bbox 765 4344 2332 4418; baseline 0.002 -15"><span class='ocrx_word' id='word_1_311' title='bbox 765 4348 983 4418; x_wconf 76' lang='lat' dir='ltr'><strong>nologio</strong></span> <span class='ocrx_word' id='word_1_312' title='bbox 1029 4361 1153 4401; x_wconf 78' lang='lat' dir='ltr'><strong>mox</strong></span> <span class='ocrx_word' id='word_1_313' title='bbox 1202 4345 1443 4399; x_wconf 88' lang='lat' dir='ltr'><strong>laudato.</strong></span> <span class='ocrx_word' id='word_1_314' title='bbox 1496 4344 1695 4400; x_wconf 70' lang='lat' dir='ltr'><strong>Graecis</strong></span> <span class='ocrx_word' id='word_1_315' title='bbox 1762 4363 1860 4415; x_wconf 88' lang='lat' dir='ltr'><strong>pro</strong></span> <span class='ocrx_word' id='word_1_316' title='bbox 1924 4349 2219 4406; x_wconf 76' lang='lat' dir='ltr'><strong>feStivitate</strong></span> <span class='ocrx_word' id='word_1_317' title='bbox 2275 4352 2332 4407; x_wconf 93' lang='lat' dir='ltr'><strong>S.</strong></span> 
     </span>
    </p>
   </div>
   <div class='ocr_carea' id='block_1_47' title="bbox 768 4436 2334 4499">
    <p class='ocr_par' dir='ltr' id='par_1_47' title="bbox 768 4436 2334 4499">
     <span class='ocr_line' id='line_1_47' title="bbox 768 4436 2334 4499; baseline 0.003 -6"><span class='ocrx_word' id='word_1_318' title='bbox 768 4440 1010 4493; x_wconf 60' lang='grc' dir='ltr'><strong>Μέλπειιωὶ</strong></span> <span class='ocrx_word' id='word_1_319' title='bbox 1058 4437 1387 4493; x_wconf 85' lang='lat' dir='ltr'><strong>celebranda</strong></span> <span class='ocrx_word' id='word_1_320' title='bbox 1407 4436 1495 4490; x_wconf 91' lang='lat' dir='ltr'><strong>die</strong></span> <span class='ocrx_word' id='word_1_321' title='bbox 1534 4436 1600 4490; x_wconf 83' lang='grc'><strong>16</strong></span> <span class='ocrx_word' id='word_1_322' title='bbox 1628 4436 1955 4493; x_wconf 81' lang='lat' dir='ltr'><strong>Novembris</strong></span> <span class='ocrx_word' id='word_1_323' title='bbox 1977 4442 2334 4499; x_wconf 85' lang='lat' dir='ltr'><strong>consentiunt</strong></span> 
     </span>
    </p>
   </div>
   <div class='ocr_carea' id='block_1_48' title="bbox 2440 560 4027 635">
    <p class='ocr_par' dir='ltr' id='par_1_48' title="bbox 2440 560 4027 635">
     <span class='ocr_line' id='line_1_48' title="bbox 2440 560 4027 635; baseline -0.009 -16"><span class='ocrx_word' id='word_1_324' title='bbox 2440 566 2616 635; x_wconf 86' lang='lat' dir='ltr'><strong>iisque</strong></span> <span class='ocrx_word' id='word_1_325' title='bbox 2654 565 2809 620; x_wconf 92' lang='lat' dir='ltr'><strong>valde</strong></span> <span class='ocrx_word' id='word_1_326' title='bbox 2838 565 3109 632; x_wconf 85' lang='lat' dir='ltr'><strong>antiquis;</strong></span> <span class='ocrx_word' id='word_1_327' title='bbox 3163 577 3272 616; x_wconf 90' lang='lat' dir='ltr'><strong>non</strong></span> <span class='ocrx_word' id='word_1_328' title='bbox 3333 572 3511 616; x_wconf 88' lang='lat' dir='ltr'><strong>tamen</strong></span> <span class='ocrx_word' id='word_1_329' title='bbox 3548 560 3746 617; x_wconf 84' lang='lat' dir='ltr'><strong>eodem</strong></span> <span class='ocrx_word' id='word_1_330' title='bbox 3800 569 4027 626; x_wconf 77' lang='lat' dir='ltr'><strong>prorsus</strong></span> 
     </span>
    </p>
   </div>
   <div class='ocr_carea' id='block_1_49' title="bbox 2441 645 4026 717">
    <p class='ocr_par' dir='ltr' id='par_1_49' title="bbox 2441 645 4026 717">
     <span class='ocr_line' id='line_1_49' title="bbox 2441 645 4026 717; baseline -0.009 -8"><span class='ocrx_word' id='word_1_331' title='bbox 2441 659 2601 709; x_wconf 91' lang='lat' dir='ltr'><strong>modo</strong></span> <span class='ocrx_word' id='word_1_332' title='bbox 2636 655 2688 708; x_wconf 92' lang='lat' dir='ltr'><strong>in</strong></span> <span class='ocrx_word' id='word_1_333' title='bbox 2713 655 2990 708; x_wconf 88' lang='lat' dir='ltr'><strong>omnibus.</strong></span> <span class='ocrx_word' id='word_1_334' title='bbox 3026 652 3302 707; x_wconf 88' lang='lat' dir='ltr'><strong>Habemus</strong></span> <span class='ocrx_word' id='word_1_335' title='bbox 3338 666 3437 705; x_wconf 91' lang='lat' dir='ltr'><strong>nos</strong></span> <span class='ocrx_word' id='word_1_336' title='bbox 3469 664 3531 704; x_wconf 91' lang='lat' dir='ltr'><strong>ea</strong></span> <span class='ocrx_word' id='word_1_337' title='bbox 3587 651 3641 703; x_wconf 92' lang='lat' dir='ltr'><strong>in</strong></span> <span class='ocrx_word' id='word_1_338' title='bbox 3678 659 3898 717; x_wconf 80' lang='lat' dir='ltr'><strong>septem</strong></span> <span class='ocrx_word' id='word_1_339' title='bbox 3945 645 4026 697; x_wconf 88' lang='lat' dir='ltr'><strong>di-</strong></span> 
     </span>
    </p>
   </div>
   <div class='ocr_carea' id='block_1_50' title="bbox 2440 740 4024 813">
    <p class='ocr_par' dir='ltr' id='par_1_50' title="bbox 2440 740 4024 813">
     <span class='ocr_line' id='line_1_50' title="bbox 2440 740 4024 813; baseline -0.005 -14"><span class='ocrx_word' id='word_1_340' title='bbox 2440 748 2615 800; x_wconf 81' lang='lat' dir='ltr'><strong>versis</strong></span> <span class='ocrx_word' id='word_1_341' title='bbox 2668 746 2971 808; x_wconf 87' lang='lat' dir='ltr'><strong>codicibus,</strong></span> <span class='ocrx_word' id='word_1_342' title='bbox 3014 760 3246 813; x_wconf 88' lang='lat' dir='ltr'><strong>quorum</strong></span> <span class='ocrx_word' id='word_1_343' title='bbox 3313 744 3642 797; x_wconf 87' lang='lat' dir='ltr'><strong>vetustiores</strong></span> <span class='ocrx_word' id='word_1_344' title='bbox 3701 740 3914 794; x_wconf 69' lang='lat' dir='ltr'><strong>sarculo</strong></span> <span class='ocrx_word' id='word_1_345' title='bbox 3978 755 4024 791; x_wconf 76' lang='lat' dir='ltr'><strong>tt</strong></span> 
     </span>
    </p>
   </div>
   <div class='ocr_carea' id='block_1_51' title="bbox 2439 835 4024 907">
    <p class='ocr_par' dir='ltr' id='par_1_51' title="bbox 2439 835 4024 907">
     <span class='ocr_line' id='line_1_51' title="bbox 2439 835 4024 907; baseline -0.008 -14"><span class='ocrx_word' id='word_1_346' title='bbox 2439 840 2695 894; x_wconf 90' lang='lat' dir='ltr'><strong>videntur</strong></span> <span class='ocrx_word' id='word_1_347' title='bbox 2726 838 3044 907; x_wconf 87' lang='lat' dir='ltr'><strong>conscripti.</strong></span> <span class='ocrx_word' id='word_1_348' title='bbox 3080 837 3301 893; x_wconf 90' lang='lat' dir='ltr'><strong>Contuli</strong></span> <span class='ocrx_word' id='word_1_349' title='bbox 3330 836 3549 890; x_wconf 83' lang='lat' dir='ltr'><strong>codices</strong></span> <span class='ocrx_word' id='word_1_350' title='bbox 3596 835 3756 896; x_wconf 87' lang='lat' dir='ltr'><strong>istos,</strong></span> <span class='ocrx_word' id='word_1_351' title='bbox 3794 845 3856 884; x_wconf 91' lang='lat' dir='ltr'><strong>ut</strong></span> <span class='ocrx_word' id='word_1_352' title='bbox 3895 848 4024 886; x_wconf 74' lang='lat' dir='ltr'><strong>esa-</strong></span> 
     </span>
    </p>
   </div>
   <div class='ocr_carea' id='block_1_52' title="bbox 2439 928 4020 1000">
    <p class='ocr_par' dir='ltr' id='par_1_52' title="bbox 2439 928 4020 1000">
     <span class='ocr_line' id='line_1_52' title="bbox 2439 928 4020 1000; baseline -0.006 -14"><span class='ocrx_word' id='word_1_353' title='bbox 2439 934 2706 987; x_wconf 89' lang='lat' dir='ltr'><strong>minarem</strong></span> <span class='ocrx_word' id='word_1_354' title='bbox 2737 948 2801 985; x_wconf 92' lang='lat' dir='ltr'><strong>an</strong></span> <span class='ocrx_word' id='word_1_355' title='bbox 2830 932 3101 1000; x_wconf 70' lang='lat' dir='ltr'><strong>praecipua</strong></span> <span class='ocrx_word' id='word_1_356' title='bbox 3134 930 3286 994; x_wconf 90' lang='lat' dir='ltr'><strong>vitia,</strong></span> <span class='ocrx_word' id='word_1_357' title='bbox 3319 928 3520 998; x_wconf 86' lang='lat' dir='ltr'><strong>quibus</strong></span> <span class='ocrx_word' id='word_1_358' title='bbox 3575 928 3708 979; x_wconf 88' lang='lat' dir='ltr'><strong>Acta</strong></span> <span class='ocrx_word' id='word_1_359' title='bbox 3746 928 4020 984; x_wconf 81' lang='lat' dir='ltr'><strong>laborant.</strong></span> 
     </span>
    </p>
   </div>
   <div class='ocr_carea' id='block_1_53' title="bbox 2439 1020 4021 1095">
    <p class='ocr_par' dir='ltr' id='par_1_53' title="bbox 2439 1020 4021 1095">
     <span class='ocr_line' id='line_1_53' title="bbox 2439 1020 4021 1095; baseline -0.005 -16"><span class='ocrx_word' id='word_1_360' title='bbox 2439 1025 2786 1095; x_wconf 85' lang='lat' dir='ltr'><strong>reperiantur</strong></span> <span class='ocrx_word' id='word_1_361' title='bbox 2814 1024 2867 1077; x_wconf 90' lang='lat' dir='ltr'><strong>in</strong></span> <span class='ocrx_word' id='word_1_362' title='bbox 2894 1023 3183 1087; x_wconf 88' lang='lat' dir='ltr'><strong>omnibus;</strong></span> <span class='ocrx_word' id='word_1_363' title='bbox 3220 1037 3320 1075; x_wconf 91' lang='lat' dir='ltr'><strong>nec</strong></span> <span class='ocrx_word' id='word_1_364' title='bbox 3357 1022 3524 1074; x_wconf 88' lang='lat' dir='ltr'><strong>ullum</strong></span> <span class='ocrx_word' id='word_1_365' title='bbox 3563 1020 3751 1073; x_wconf 87' lang='lat' dir='ltr'><strong>inveni</strong></span> <span class='ocrx_word' id='word_1_366' title='bbox 3808 1036 3874 1074; x_wconf 76' lang='lat' dir='ltr'><strong>ex</strong></span> <span class='ocrx_word' id='word_1_367' title='bbox 3939 1034 4021 1072; x_wconf 79' lang='lat' dir='ltr'><strong>to-</strong></span> 
     </span>
    </p>
   </div>
   <div class='ocr_carea' id='block_1_54' title="bbox 2435 1114 4021 1185">
    <p class='ocr_par' dir='ltr' id='par_1_54' title="bbox 2435 1114 4021 1185">
     <span class='ocr_line' id='line_1_54' title="bbox 2435 1114 4021 1185; baseline -0.004 -12"><span class='ocrx_word' id='word_1_368' title='bbox 2435 1119 2651 1174; x_wconf 88' lang='lat' dir='ltr'><strong>dicibus</strong></span> <span class='ocrx_word' id='word_1_369' title='bbox 2705 1118 2931 1179; x_wconf 89' lang='lat' dir='ltr'><strong>nostris,</strong></span> <span class='ocrx_word' id='word_1_370' title='bbox 2990 1117 3043 1170; x_wconf 91' lang='lat' dir='ltr'><strong>in</strong></span> <span class='ocrx_word' id='word_1_371' title='bbox 3086 1132 3193 1185; x_wconf 91' lang='lat' dir='ltr'><strong>quo</strong></span> <span class='ocrx_word' id='word_1_372' title='bbox 3230 1131 3337 1169; x_wconf 90' lang='lat' dir='ltr'><strong>non</strong></span> <span class='ocrx_word' id='word_1_373' title='bbox 3392 1117 3643 1185; x_wconf 83' lang='lat' dir='ltr'><strong>legantur</strong></span> <span class='ocrx_word' id='word_1_374' title='bbox 3705 1114 3839 1167; x_wconf 82' lang='lat' dir='ltr'><strong>vitia</strong></span> <span class='ocrx_word' id='word_1_375' title='bbox 3900 1130 4021 1167; x_wconf 74' lang='lat' dir='ltr'><strong>mox</strong></span> 
     </span>
    </p>
   </div>
   <div class='ocr_carea' id='block_1_55' title="bbox 2438 1208 4021 1279">
    <p class='ocr_par' dir='ltr' id='par_1_55' title="bbox 2438 1208 4021 1279">
     <span class='ocr_line' id='line_1_55' title="bbox 2438 1208 4021 1279; baseline -0.006 -12"><span class='ocrx_word' id='word_1_376' title='bbox 2438 1212 2814 1273; x_wconf 78' lang='lat' dir='ltr'><strong>memoranda,</strong></span> <span class='ocrx_word' id='word_1_377' title='bbox 2846 1225 2965 1279; x_wconf 67' lang='lat' dir='ltr'><strong>quae</strong></span> <span class='ocrx_word' id='word_1_378' title='bbox 2990 1209 3240 1265; x_wconf 87' lang='lat' dir='ltr'><strong>similiter</strong></span> <span class='ocrx_word' id='word_1_379' title='bbox 3272 1210 3527 1277; x_wconf 83' lang='lat' dir='ltr'><strong>leguntur</strong></span> <span class='ocrx_word' id='word_1_380' title='bbox 3564 1209 3619 1262; x_wconf 91' lang='lat' dir='ltr'><strong>in</strong></span> <span class='ocrx_word' id='word_1_381' title='bbox 3672 1208 4021 1279; x_wconf 81' lang='lat' dir='ltr'><strong>apographo.</strong></span> 
     </span>
    </p>
   </div>
   <div class='ocr_carea' id='block_1_56' title="bbox 2436 1298 4017 1374">
    <p class='ocr_par' dir='ltr' id='par_1_56' title="bbox 2436 1298 4017 1374">
     <span class='ocr_line' id='line_1_56' title="bbox 2436 1298 4017 1374; baseline -0.006 -17"><span class='ocrx_word' id='word_1_382' title='bbox 2436 1305 2580 1374; x_wconf 86' lang='lat' dir='ltr'><strong>quod</strong></span> <span class='ocrx_word' id='word_1_383' title='bbox 2607 1303 2875 1355; x_wconf 89' lang='lat' dir='ltr'><strong>habemus</strong></span> <span class='ocrx_word' id='word_1_384' title='bbox 2920 1316 2983 1354; x_wconf 79' lang='lat' dir='ltr'><strong>ex</strong></span> <span class='ocrx_word' id='word_1_385' title='bbox 3015 1300 3203 1354; x_wconf 89' lang='lat' dir='ltr'><strong>codice</strong></span> <span class='ocrx_word' id='word_1_386' title='bbox 3233 1298 3615 1367; x_wconf 86' lang='lat' dir='ltr'><strong>Ultrajectino,</strong></span> <span class='ocrx_word' id='word_1_387' title='bbox 3676 1308 3733 1353; x_wconf 90' lang='lat' dir='ltr'><strong>et</strong></span> <span class='ocrx_word' id='word_1_388' title='bbox 3797 1300 3852 1351; x_wconf 89' lang='lat' dir='ltr'><strong>in</strong></span> <span class='ocrx_word' id='word_1_389' title='bbox 3896 1299 4017 1351; x_wconf 75' lang='lat' dir='ltr'><strong>aliis</strong></span> 
     </span>
    </p>
   </div>
   <div class='ocr_carea' id='block_1_57' title="bbox 2437 1387 4024 1466">
    <p class='ocr_par' dir='ltr' id='par_1_57' title="bbox 2437 1387 4024 1466">
     <span class='ocr_line' id='line_1_57' title="bbox 2437 1387 4024 1466; baseline -0.003 -19"><span class='ocrx_word' id='word_1_390' title='bbox 2437 1396 2706 1466; x_wconf 87' lang='lat' dir='ltr'><strong>pluribus,</strong></span> <span class='ocrx_word' id='word_1_391' title='bbox 2768 1393 3095 1462; x_wconf 89' lang='lat' dir='ltr'><strong>quibuscum</strong></span> <span class='ocrx_word' id='word_1_392' title='bbox 3156 1393 3526 1463; x_wconf 76' lang='lat' dir='ltr'><strong>apographum</strong></span> <span class='ocrx_word' id='word_1_393' title='bbox 3576 1394 3720 1448; x_wconf 85' lang='lat' dir='ltr'><strong>istud</strong></span> <span class='ocrx_word' id='word_1_394' title='bbox 3765 1387 3900 1447; x_wconf 76' lang='lat' dir='ltr'><strong>olim</strong></span> <span class='ocrx_word' id='word_1_395' title='bbox 3943 1403 4024 1446; x_wconf 87' lang='lat' dir='ltr'><strong>est</strong></span> 
     </span>
    </p>
   </div>
   <div class='ocr_carea' id='block_1_58' title="bbox 2435 1485 4020 1548">
    <p class='ocr_par' dir='ltr' id='par_1_58' title="bbox 2435 1485 4020 1548">
     <span class='ocr_line' id='line_1_58' title="bbox 2435 1485 4020 1548; baseline -0.004 -5"><span class='ocrx_word' id='word_1_396' title='bbox 2435 1488 2712 1543; x_wconf 89' lang='lat' dir='ltr'><strong>collatum.</strong></span> <span class='ocrx_word' id='word_1_397' title='bbox 2740 1487 2945 1540; x_wconf 89' lang='lat' dir='ltr'><strong>Auctor</strong></span> <span class='ocrx_word' id='word_1_398' title='bbox 2976 1487 3194 1539; x_wconf 91' lang='lat' dir='ltr'><strong>illorum</strong></span> <span class='ocrx_word' id='word_1_399' title='bbox 3224 1486 3505 1548; x_wconf 87' lang='lat' dir='ltr'><strong>Actorum,</strong></span> <span class='ocrx_word' id='word_1_400' title='bbox 3539 1486 3680 1541; x_wconf 89' lang='lat' dir='ltr'><strong>sicut</strong></span> <span class='ocrx_word' id='word_1_401' title='bbox 3710 1497 3765 1539; x_wconf 92' lang='lat' dir='ltr'><strong>et</strong></span> <span class='ocrx_word' id='word_1_402' title='bbox 3788 1485 4020 1539; x_wconf 80' lang='lat' dir='ltr'><strong>aliorum</strong></span> 
     </span>
    </p>
   </div>
   <div class='ocr_carea' id='block_1_59' title="bbox 2438 1579 4015 1650">
    <p class='ocr_par' dir='ltr' id='par_1_59' title="bbox 2438 1579 4015 1650">
     <span class='ocr_line' id='line_1_59' title="bbox 2438 1579 4015 1650; baseline -0.003 -16"><span class='ocrx_word' id='word_1_403' title='bbox 2438 1581 2832 1650; x_wconf 84' lang='lat' dir='ltr'><strong>apostolorum,</strong></span> <span class='ocrx_word' id='word_1_404' title='bbox 2870 1580 3031 1649; x_wconf 83' lang='lat' dir='ltr'><strong>vulgo</strong></span> <span class='ocrx_word' id='word_1_405' title='bbox 3065 1586 3291 1633; x_wconf 88' lang='lat' dir='ltr'><strong>vocatur</strong></span> <span class='ocrx_word' id='word_1_406' title='bbox 3318 1579 3538 1641; x_wconf 84' lang='lat' dir='ltr'><strong>Abdias,</strong></span> <span class='ocrx_word' id='word_1_407' title='bbox 3567 1580 3660 1648; x_wconf 89' lang='lat' dir='ltr'><strong>qui</strong></span> <span class='ocrx_word' id='word_1_408' title='bbox 3690 1595 3748 1633; x_wconf 87' lang='lat' dir='ltr'><strong>se</strong></span> <span class='ocrx_word' id='word_1_409' title='bbox 3769 1582 4015 1646; x_wconf 87' lang='lat' dir='ltr'><strong>primum</strong></span> 
     </span>
    </p>
   </div>
   <div class='ocr_carea' id='block_1_60' title="bbox 2435 1671 4021 1745">
    <p class='ocr_par' dir='ltr' id='par_1_60' title="bbox 2435 1671 4021 1745">
     <span class='ocr_line' id='line_1_60' title="bbox 2435 1671 4021 1745; baseline 0 -20"><span class='ocrx_word' id='word_1_410' title='bbox 2435 1673 2747 1745; x_wconf 68' lang='lat' dir='ltr'><strong>Babyloniae</strong></span> <span class='ocrx_word' id='word_1_411' title='bbox 2778 1672 3101 1742; x_wconf 89' lang='lat' dir='ltr'><strong>episcopum</strong></span> <span class='ocrx_word' id='word_1_412' title='bbox 3144 1672 3409 1725; x_wconf 88' lang='lat' dir='ltr'><strong>mentitus</strong></span> <span class='ocrx_word' id='word_1_413' title='bbox 3444 1681 3546 1725; x_wconf 87' lang='lat' dir='ltr'><strong>est.</strong></span> <span class='ocrx_word' id='word_1_414' title='bbox 3597 1672 3654 1724; x_wconf 89' lang='lat' dir='ltr'><strong>In</strong></span> <span class='ocrx_word' id='word_1_415' title='bbox 3700 1672 3758 1723; x_wconf 86' lang='lat' dir='ltr'><strong>S.</strong></span> <span class='ocrx_word' id='word_1_416' title='bbox 3795 1671 4021 1725; x_wconf 78' lang='lat' dir='ltr'><strong>Bartho-</strong></span> 
     </span>
    </p>
   </div>
   <div class='ocr_carea' id='block_1_61' title="bbox 2437 1764 4021 1835">
    <p class='ocr_par' dir='ltr' id='par_1_61' title="bbox 2437 1764 4021 1835">
     <span class='ocr_line' id='line_1_61' title="bbox 2437 1764 4021 1835; baseline -0.001 -16"><span class='ocrx_word' id='word_1_417' title='bbox 2437 1768 2629 1822; x_wconf 75' lang='lat' dir='ltr'><strong>lomzeo</strong></span> <span class='ocrx_word' id='word_1_418' title='bbox 2658 1775 2788 1819; x_wconf 89' lang='lat' dir='ltr'><strong>tom.</strong></span> <span class='ocrx_word' id='word_1_419' title='bbox 2822 1765 2862 1820; x_wconf 68' lang='grc' dir='ltr'><strong>γ</strong></span> <span class='ocrx_word' id='word_1_420' title='bbox 2890 1764 3140 1835; x_wconf 80' lang='lat' dir='ltr'><strong>Augusti,</strong></span> <span class='ocrx_word' id='word_1_421' title='bbox 3176 1779 3298 1834; x_wconf 78' lang='lat' dir='ltr'><strong>pag.</strong></span> <span class='ocrx_word' id='word_1_422' title='bbox 3337 1764 3428 1827; x_wconf 62' lang='grc' dir='ltr'><strong>διε,</strong></span> <span class='ocrx_word' id='word_1_423' title='bbox 3490 1766 3624 1817; x_wconf 90' lang='lat' dir='ltr'><strong>satis</strong></span> <span class='ocrx_word' id='word_1_424' title='bbox 3654 1765 3906 1824; x_wconf 80' lang='lat' dir='ltr'><strong>ostendi,</strong></span> <span class='ocrx_word' id='word_1_425' title='bbox 3946 1773 4021 1817; x_wconf 92' lang='lat' dir='ltr'><strong>to-</strong></span> 
     </span>
    </p>
   </div>
   <div class='ocr_carea' id='block_1_62' title="bbox 2437 1857 4012 1927">
    <p class='ocr_par' dir='ltr' id='par_1_62' title="bbox 2437 1857 4012 1927">
     <span class='ocr_line' id='line_1_62' title="bbox 2437 1857 4012 1927; baseline -0.002 -14"><span class='ocrx_word' id='word_1_426' title='bbox 2437 1870 2543 1913; x_wconf 88' lang='lat' dir='ltr'><strong>tam</strong></span> <span class='ocrx_word' id='word_1_427' title='bbox 2579 1857 2871 1913; x_wconf 86' lang='lat' dir='ltr'><strong>Historiam</strong></span> <span class='ocrx_word' id='word_1_428' title='bbox 2895 1858 3263 1927; x_wconf 86' lang='lat' dir='ltr'><strong>apostolorum</strong></span> <span class='ocrx_word' id='word_1_429' title='bbox 3300 1857 3725 1925; x_wconf 74' lang='lat' dir='ltr'><strong>pseudo-Abdia:</strong></span> <span class='ocrx_word' id='word_1_430' title='bbox 3758 1872 3870 1910; x_wconf 82' lang='lat' dir='ltr'><strong>non</strong></span> <span class='ocrx_word' id='word_1_431' title='bbox 3893 1871 4012 1910; x_wconf 84' lang='lat' dir='ltr'><strong>esse</strong></span> 
     </span>
    </p>
   </div>
   <div class='ocr_carea' id='block_1_63' title="bbox 2434 1949 4023 2029">
    <p class='ocr_par' dir='ltr' id='par_1_63' title="bbox 2434 1949 4023 2029">
     <span class='ocr_line' id='line_1_63' title="bbox 2434 1949 4023 2029; baseline -0.004 -21"><span class='ocrx_word' id='word_1_432' title='bbox 2434 1954 2540 2008; x_wconf 82' lang='lat' dir='ltr'><strong>ﬁde</strong></span> <span class='ocrx_word' id='word_1_433' title='bbox 2572 1953 2813 2024; x_wconf 78' lang='lat' dir='ltr'><strong>dignam,</strong></span> <span class='ocrx_word' id='word_1_434' title='bbox 2848 1951 3033 2029; x_wconf 82' lang='lat' dir='ltr'><strong>ibique</strong></span> <span class='ocrx_word' id='word_1_435' title='bbox 3064 1950 3262 2003; x_wconf 80' lang='lat' dir='ltr'><strong>adduxi</strong></span> <span class='ocrx_word' id='word_1_436' title='bbox 3311 1951 3474 2003; x_wconf 86' lang='lat' dir='ltr'><strong>verba</strong></span> <span class='ocrx_word' id='word_1_437' title='bbox 3533 1949 3876 2009; x_wconf 86' lang='lat' dir='ltr'><strong>Bellartnini,</strong></span> <span class='ocrx_word' id='word_1_438' title='bbox 3915 1951 4023 2002; x_wconf 71' lang='lat' dir='ltr'><strong>htee</strong></span> 
     </span>
    </p>
   </div>
   <div class='ocr_carea' id='block_1_64' title="bbox 2434 2041 4024 2116">
    <p class='ocr_par' dir='ltr' id='par_1_64' title="bbox 2434 2041 4024 2116">
     <span class='ocr_line' id='line_1_64' title="bbox 2434 2041 4024 2116; baseline -0.003 -16"><span class='ocrx_word' id='word_1_439' title='bbox 2434 2045 2502 2100; x_wconf 91' lang='lat' dir='ltr'><strong>de</strong></span> <span class='ocrx_word' id='word_1_440' title='bbox 2563 2062 2629 2101; x_wconf 91' lang='lat' dir='ltr'><strong>eo</strong></span> <span class='ocrx_word' id='word_1_441' title='bbox 2675 2045 3127 2116; x_wconf 87' lang='lat' dir='ltr'><strong>pronuntiantis;</strong></span> <span class='ocrx_word' id='word_1_442' title='bbox 3176 2062 3195 2096; x_wconf 72' lang='grc' dir='ltr'>ι</span> <span class='ocrx_word' id='word_1_443' title='bbox 3248 2041 3382 2098; x_wconf 73' lang='lat' dir='ltr'><strong>Vita:</strong></span> <span class='ocrx_word' id='word_1_444' title='bbox 3446 2047 3858 2112; x_wconf 87' lang='lat' dir='ltr'><strong>apostolorum.</strong></span> <span class='ocrx_word' id='word_1_445' title='bbox 3908 2059 4024 2113; x_wconf 70' lang='lat' dir='ltr'><strong>quae</strong></span> 
     </span>
    </p>
   </div>
   <div class='ocr_carea' id='block_1_65' title="bbox 2434 2130 4024 2202">
    <p class='ocr_par' dir='ltr' id='par_1_65' title="bbox 2434 2130 4024 2202">
     <span class='ocr_line' id='line_1_65' title="bbox 2434 2130 4024 2202; baseline -0.003 -13"><span class='ocrx_word' id='word_1_446' title='bbox 2434 2135 2537 2189; x_wconf 90' lang='lat' dir='ltr'><strong>sub</strong></span> <span class='ocrx_word' id='word_1_447' title='bbox 2581 2134 2804 2189; x_wconf 89' lang='lat' dir='ltr'><strong>nomine</strong></span> <span class='ocrx_word' id='word_1_448' title='bbox 2839 2135 2958 2202; x_wconf 86' lang='lat' dir='ltr'><strong>ejus</strong></span> <span class='ocrx_word' id='word_1_449' title='bbox 2982 2130 3466 2194; x_wconf 76' lang='lat' dir='ltr'><strong>circumferuntur,</strong></span> <span class='ocrx_word' id='word_1_450' title='bbox 3498 2132 3699 2190; x_wconf 80' lang='lat' dir='ltr'><strong>fabulis</strong></span> <span class='ocrx_word' id='word_1_451' title='bbox 3724 2133 4024 2185; x_wconf 85' lang='lat' dir='ltr'><strong>similiores</strong></span> 
     </span>
    </p>
   </div>
   <div class='ocr_carea' id='block_1_66' title="bbox 2434 2223 4024 2298">
    <p class='ocr_par' dir='ltr' id='par_1_66' title="bbox 2434 2223 4024 2298">
     <span class='ocr_line' id='line_1_66' title="bbox 2434 2223 4024 2298; baseline -0.005 -15"><span class='ocrx_word' id='word_1_452' title='bbox 2434 2240 2588 2292; x_wconf 88' lang='lat' dir='ltr'><strong>sunt,</strong></span> <span class='ocrx_word' id='word_1_453' title='bbox 2622 2243 2785 2298; x_wconf 92' lang='lat' dir='ltr'><strong>quam</strong></span> <span class='ocrx_word' id='word_1_454' title='bbox 2812 2244 2957 2281; x_wconf 74' lang='lat' dir='ltr'><strong>vene</strong></span> <span class='ocrx_word' id='word_1_455' title='bbox 2989 2225 3311 2282; x_wconf 82' lang='lat' dir='ltr'><strong>narrationi.</strong></span> <span class='ocrx_word' id='word_1_456' title='bbox 3346 2244 3363 2277; x_wconf 83' lang='grc'>›</span> <span class='ocrx_word' id='word_1_457' title='bbox 3397 2223 3728 2282; x_wconf 89' lang='lat' dir='ltr'><strong>Communis</strong></span> <span class='ocrx_word' id='word_1_458' title='bbox 3755 2224 3848 2278; x_wconf 85' lang='lat' dir='ltr'><strong>hic</strong></span> <span class='ocrx_word' id='word_1_459' title='bbox 3868 2225 4024 2277; x_wconf 87' lang='lat' dir='ltr'><strong>modo</strong></span> 
     </span>
    </p>
   </div>
   <div class='ocr_carea' id='block_1_67' title="bbox 2436 2316 4022 2374">
    <p class='ocr_par' dir='ltr' id='par_1_67' title="bbox 2436 2316 4022 2374">
     <span class='ocr_line' id='line_1_67' title="bbox 2436 2316 4022 2374; baseline -0.005 0"><span class='ocrx_word' id='word_1_460' title='bbox 2436 2330 2519 2374; x_wconf 90' lang='lat' dir='ltr'><strong>est</strong></span> <span class='ocrx_word' id='word_1_461' title='bbox 2542 2320 2887 2373; x_wconf 87' lang='lat' dir='ltr'><strong>eruditorum</strong></span> <span class='ocrx_word' id='word_1_462' title='bbox 2919 2317 3311 2370; x_wconf 82' lang='lat' dir='ltr'><strong>consensusde</strong></span> <span class='ocrx_word' id='word_1_463' title='bbox 3348 2317 3433 2369; x_wconf 86' lang='lat' dir='ltr'><strong>illa</strong></span> <span class='ocrx_word' id='word_1_464' title='bbox 3463 2316 3704 2369; x_wconf 75' lang='lat' dir='ltr'><strong>Historia</strong></span> <span class='ocrx_word' id='word_1_465' title='bbox 3738 2316 4022 2369; x_wconf 81' lang='lat' dir='ltr'><strong>universa.</strong></span> 
     </span>
    </p>
   </div>
   <div class='ocr_carea' id='block_1_68' title="bbox 2434 2404 4024 2467">
    <p class='ocr_par' dir='ltr' id='par_1_68' title="bbox 2434 2404 4024 2467">
     <span class='ocr_line' id='line_1_68' title="bbox 2434 2404 4024 2467; baseline -0.006 -1"><span class='ocrx_word' id='word_1_466' title='bbox 2434 2410 2592 2467; x_wconf 90' lang='lat' dir='ltr'><strong>Libet</strong></span> <span class='ocrx_word' id='word_1_467' title='bbox 2641 2420 2820 2464; x_wconf 88' lang='lat' dir='ltr'><strong>tamen</strong></span> <span class='ocrx_word' id='word_1_468' title='bbox 2883 2410 3085 2465; x_wconf 81' lang='lat' dir='ltr'><strong>addere</strong></span> <span class='ocrx_word' id='word_1_469' title='bbox 3148 2423 3439 2461; x_wconf 84' lang='lat' dir='ltr'><strong>censuram</strong></span> <span class='ocrx_word' id='word_1_470' title='bbox 3504 2405 3738 2460; x_wconf 82' lang='lat' dir='ltr'><strong>Joannis</strong></span> <span class='ocrx_word' id='word_1_471' title='bbox 3794 2404 4024 2460; x_wconf 84' lang='lat' dir='ltr'><strong>Hesselii</strong></span> 
     </span>
    </p>
   </div>
   <div class='ocr_carea' id='block_1_69' title="bbox 2434 2498 4021 2572">
    <p class='ocr_par' dir='ltr' id='par_1_69' title="bbox 2434 2498 4021 2572">
     <span class='ocr_line' id='line_1_69' title="bbox 2434 2498 4021 2572; baseline -0.007 -13"><span class='ocrx_word' id='word_1_472' title='bbox 2434 2506 2815 2566; x_wconf 85' lang='lat' dir='ltr'><strong>Lovanicnsis,</strong></span> <span class='ocrx_word' id='word_1_473' title='bbox 2841 2518 2962 2572; x_wconf 75' lang='lat' dir='ltr'><strong>qua:</strong></span> <span class='ocrx_word' id='word_1_474' title='bbox 2998 2503 3260 2572; x_wconf 85' lang='lat' dir='ltr'><strong>impressa</strong></span> <span class='ocrx_word' id='word_1_475' title='bbox 3285 2500 3517 2554; x_wconf 82' lang='lat' dir='ltr'><strong>habetur</strong></span> <span class='ocrx_word' id='word_1_476' title='bbox 3549 2510 3672 2569; x_wconf 92' lang='lat' dir='ltr'><strong>post</strong></span> <span class='ocrx_word' id='word_1_477' title='bbox 3706 2498 4021 2553; x_wconf 81' lang='lat' dir='ltr'><strong>Usuarduut</strong></span> 
     </span>
    </p>
   </div>
   <div class='ocr_carea' id='block_1_70' title="bbox 2434 2591 4020 2660">
    <p class='ocr_par' dir='ltr' id='par_1_70' title="bbox 2434 2591 4020 2660">
     <span class='ocr_line' id='line_1_70' title="bbox 2434 2591 4020 2660; baseline -0.007 -10"><span class='ocrx_word' id='word_1_478' title='bbox 2434 2594 2662 2650; x_wconf 76' lang='lat' dir='ltr'><strong>Molani.</strong></span> <span class='ocrx_word' id='word_1_479' title='bbox 2711 2615 2727 2645; x_wconf 74' lang='grc' dir='ltr'><strong>ε</strong></span> <span class='ocrx_word' id='word_1_480' title='bbox 2767 2593 2978 2654; x_wconf 79' lang='lat' dir='ltr'><strong>Passio,</strong></span> <span class='ocrx_word' id='word_1_481' title='bbox 3012 2592 3210 2660; x_wconf 84' lang='lat' dir='ltr'><strong>inquit,</strong></span> <span class='ocrx_word' id='word_1_482' title='bbox 3239 2594 3409 2645; x_wconf 84' lang='lat' dir='ltr'><strong>sancti</strong></span> <span class='ocrx_word' id='word_1_483' title='bbox 3448 2591 3686 2646; x_wconf 64' lang='lat' dir='ltr'><strong>Matth-.ei</strong></span> <span class='ocrx_word' id='word_1_484' title='bbox 3752 2607 3869 2643; x_wconf 84' lang='lat' dir='ltr'><strong>non</strong></span> <span class='ocrx_word' id='word_1_485' title='bbox 3908 2592 4020 2658; x_wconf 82' lang='lat' dir='ltr'><strong>pla-</strong></span> 
     </span>
    </p>
   </div>
   <div class='ocr_carea' id='block_1_71' title="bbox 2434 2684 4026 2757">
    <p class='ocr_par' dir='ltr' id='par_1_71' title="bbox 2434 2684 4026 2757">
     <span class='ocr_line' id='line_1_71' title="bbox 2434 2684 4026 2757; baseline -0.006 -12"><span class='ocrx_word' id='word_1_486' title='bbox 2434 2700 2544 2745; x_wconf 88' lang='lat' dir='ltr'><strong>cet.</strong></span> <span class='ocrx_word' id='word_1_487' title='bbox 2594 2708 2613 2741; x_wconf 74' lang='grc' dir='ltr'><strong>ι</strong></span> <span class='ocrx_word' id='word_1_488' title='bbox 2665 2690 2804 2743; x_wconf 84' lang='grc' dir='ltr'><strong>Τυιη</strong></span> <span class='ocrx_word' id='word_1_489' title='bbox 2834 2688 2927 2741; x_wconf 83' lang='lat' dir='ltr'><strong>dat</strong></span> <span class='ocrx_word' id='word_1_490' title='bbox 2962 2688 3177 2741; x_wconf 90' lang='lat' dir='ltr'><strong>initium</strong></span> <span class='ocrx_word' id='word_1_491' title='bbox 3212 2686 3421 2757; x_wconf 79' lang='lat' dir='ltr'><strong>prologi</strong></span> <span class='ocrx_word' id='word_1_492' title='bbox 3462 2703 3473 2737; x_wconf 92' lang='lat'><strong>:</strong></span> <span class='ocrx_word' id='word_1_493' title='bbox 3507 2702 3524 2733; x_wconf 74' lang='grc' dir='ltr'>ι</span> <span class='ocrx_word' id='word_1_494' title='bbox 3561 2685 3849 2748; x_wconf 79' lang='lat' dir='ltr'><strong>Quoniam</strong></span> <span class='ocrx_word' id='word_1_495' title='bbox 3925 2684 4026 2735; x_wconf 76' lang='lat' dir='ltr'><strong>lleo</strong></span> 
     </span>
    </p>
   </div>
   <div class='ocr_carea' id='block_1_72' title="bbox 2434 2777 4026 2838">
    <p class='ocr_par' dir='ltr' id='par_1_72' title="bbox 2434 2777 4026 2838">
     <span class='ocr_line' id='line_1_72' title="bbox 2434 2777 4026 2838; baseline -0.006 -1"><span class='ocrx_word' id='word_1_496' title='bbox 2434 2798 2567 2838; x_wconf 87' lang='lat' dir='ltr'><strong>cura</strong></span> <span class='ocrx_word' id='word_1_497' title='bbox 2630 2791 2712 2837; x_wconf 91' lang='lat' dir='ltr'><strong>est</strong></span> <span class='ocrx_word' id='word_1_498' title='bbox 2787 2783 2855 2836; x_wconf 92' lang='lat' dir='ltr'><strong>de</strong></span> <span class='ocrx_word' id='word_1_499' title='bbox 2917 2780 3249 2835; x_wconf 90' lang='lat' dir='ltr'><strong>hominibus.</strong></span> <span class='ocrx_word' id='word_1_500' title='bbox 3296 2798 3314 2831; x_wconf 73' lang='grc' dir='ltr'><strong><em>ι</em></strong></span> <span class='ocrx_word' id='word_1_501' title='bbox 3382 2777 3445 2833; x_wconf 87' lang='lat' dir='ltr'><strong>Et</strong></span> <span class='ocrx_word' id='word_1_502' title='bbox 3513 2794 3637 2833; x_wconf 82' lang='lat' dir='ltr'><strong>mox</strong></span> <span class='ocrx_word' id='word_1_503' title='bbox 3710 2782 4026 2832; x_wconf 77' lang='lat' dir='ltr'><strong>Actorum:</strong></span> 
     </span>
    </p>
   </div>
   <div class='ocr_carea' id='block_1_73' title="bbox 2438 2873 4026 2946">
    <p class='ocr_par' dir='ltr' id='par_1_73' title="bbox 2438 2873 4026 2946">
     <span class='ocr_line' id='line_1_73' title="bbox 2438 2873 4026 2946; baseline -0.006 -13"><span class='ocrx_word' id='word_1_504' title='bbox 2438 2880 2609 2933; x_wconf 86' lang='lat' dir='ltr'><strong>Erant</strong></span> <span class='ocrx_word' id='word_1_505' title='bbox 2642 2878 2825 2946; x_wconf 82' lang='lat' dir='ltr'><strong>itaque</strong></span> <span class='ocrx_word' id='word_1_506' title='bbox 2857 2876 2967 2929; x_wconf 90' lang='lat' dir='ltr'><strong>duo</strong></span> <span class='ocrx_word' id='word_1_507' title='bbox 3025 2876 3163 2945; x_wconf 79' lang='lat' dir='ltr'><strong>magi</strong></span> <span class='ocrx_word' id='word_1_508' title='bbox 3223 2874 3423 2929; x_wconf 86' lang='lat' dir='ltr'><strong>Zaroes</strong></span> <span class='ocrx_word' id='word_1_509' title='bbox 3491 2884 3545 2926; x_wconf 91' lang='lat' dir='ltr'><strong>et</strong></span> <span class='ocrx_word' id='word_1_510' title='bbox 3606 2873 3865 2927; x_wconf 77' lang='lat' dir='ltr'><strong>Artaxat.</strong></span> <span class='ocrx_word' id='word_1_511' title='bbox 3912 2892 3931 2923; x_wconf 74' lang='grc' dir='ltr'><strong><em>ι</em></strong></span> <span class='ocrx_word' id='word_1_512' title='bbox 3976 2873 4026 2925; x_wconf 88' lang='lat' dir='ltr'><strong>ln</strong></span> 
     </span>
    </p>
   </div>
   <div class='ocr_carea' id='block_1_74' title="bbox 2433 2964 4029 3032">
    <p class='ocr_par' dir='ltr' id='par_1_74' title="bbox 2433 2964 4029 3032">
     <span class='ocr_line' id='line_1_74' title="bbox 2433 2964 4029 3032; baseline -0.004 -9"><span class='ocrx_word' id='word_1_513' title='bbox 2433 2969 2689 3023; x_wconf 80' lang='lat' dir='ltr'><strong>omnibus</strong></span> <span class='ocrx_word' id='word_1_514' title='bbox 2726 2967 3008 3022; x_wconf 89' lang='lat' dir='ltr'><strong>codicibus</strong></span> <span class='ocrx_word' id='word_1_515' title='bbox 3050 2968 3276 3032; x_wconf 92' lang='lat' dir='ltr'><strong>nostris,</strong></span> <span class='ocrx_word' id='word_1_516' title='bbox 3338 2981 3447 3019; x_wconf 90' lang='lat' dir='ltr'><strong>uno</strong></span> <span class='ocrx_word' id='word_1_517' title='bbox 3506 2975 3767 3032; x_wconf 84' lang='lat' dir='ltr'><strong>excepto,</strong></span> <span class='ocrx_word' id='word_1_518' title='bbox 3834 2964 3889 3015; x_wconf 90' lang='lat' dir='ltr'><strong>in</strong></span> <span class='ocrx_word' id='word_1_519' title='bbox 3929 2978 4029 3032; x_wconf 83' lang='lat' dir='ltr'><strong>quo</strong></span> 
     </span>
    </p>
   </div>
   <div class='ocr_carea' id='block_1_75' title="bbox 2432 3058 4027 3128">
    <p class='ocr_par' dir='ltr' id='par_1_75' title="bbox 2432 3058 4027 3128">
     <span class='ocr_line' id='line_1_75' title="bbox 2432 3058 4027 3128; baseline -0.004 -15"><span class='ocrx_word' id='word_1_520' title='bbox 2432 3062 2667 3114; x_wconf 83' lang='lat' dir='ltr'><strong>omissus</strong></span> <span class='ocrx_word' id='word_1_521' title='bbox 2693 3068 2776 3113; x_wconf 88' lang='lat' dir='ltr'><strong>est</strong></span> <span class='ocrx_word' id='word_1_522' title='bbox 2823 3061 3096 3128; x_wconf 79' lang='lat' dir='ltr'><strong>prologus,</strong></span> <span class='ocrx_word' id='word_1_523' title='bbox 3159 3059 3298 3111; x_wconf 87' lang='lat' dir='ltr'><strong>idem</strong></span> <span class='ocrx_word' id='word_1_524' title='bbox 3348 3068 3431 3111; x_wconf 88' lang='lat' dir='ltr'><strong>est</strong></span> <span class='ocrx_word' id='word_1_525' title='bbox 3512 3058 3667 3124; x_wconf 82' lang='lat' dir='ltr'><strong>plane</strong></span> <span class='ocrx_word' id='word_1_526' title='bbox 3727 3067 4027 3125; x_wconf 79' lang='lat' dir='ltr'><strong>utrumque</strong></span> 
     </span>
    </p>
   </div>
   <div class='ocr_carea' id='block_1_76' title="bbox 2359 3150 4028 3237">
    <p class='ocr_par' dir='ltr' id='par_1_76' title="bbox 2359 3150 4028 3237">
     <span class='ocr_line' id='line_1_76' title="bbox 2359 3150 4028 3237; baseline -0.002 -33"><span class='ocrx_word' id='word_1_527' title='bbox 2359 3152 2793 3237; x_wconf 73' lang='lat' dir='ltr'><strong>Cpriucipinm.</strong></span> <span class='ocrx_word' id='word_1_528' title='bbox 2872 3151 2931 3205; x_wconf 88' lang='lat' dir='ltr'><strong>lu</strong></span> <span class='ocrx_word' id='word_1_529' title='bbox 2998 3150 3360 3220; x_wconf 83' lang='lat' dir='ltr'><strong>llltrajectino</strong></span> <span class='ocrx_word' id='word_1_530' title='bbox 3415 3150 3666 3203; x_wconf 90' lang='lat' dir='ltr'><strong>similiter</strong></span> <span class='ocrx_word' id='word_1_531' title='bbox 3734 3161 4028 3216; x_wconf 82' lang='lat' dir='ltr'><strong>utrumque</strong></span> 
     </span>
    </p>
   </div>
   <div class='ocr_carea' id='block_1_77' title="bbox 2438 3242 4027 3315">
    <p class='ocr_par' dir='ltr' id='par_1_77' title="bbox 2438 3242 4027 3315">
     <span class='ocr_line' id='line_1_77' title="bbox 2438 3242 4027 3315; baseline -0.004 -17"><span class='ocrx_word' id='word_1_532' title='bbox 2438 3250 2710 3315; x_wconf 87' lang='lat' dir='ltr'><strong>reperitur</strong></span> <span class='ocrx_word' id='word_1_533' title='bbox 2744 3246 3072 3315; x_wconf 87' lang='lat' dir='ltr'><strong>principium</strong></span> <span class='ocrx_word' id='word_1_534' title='bbox 3120 3262 3134 3310; x_wconf 90' lang='lat'>;</span> <span class='ocrx_word' id='word_1_535' title='bbox 3179 3253 3270 3299; x_wconf 86' lang='lat' dir='ltr'><strong>sed</strong></span> <span class='ocrx_word' id='word_1_536' title='bbox 3308 3242 3588 3313; x_wconf 74' lang='lat' dir='ltr'><strong>praemissa</strong></span> <span class='ocrx_word' id='word_1_537' title='bbox 3653 3255 3789 3297; x_wconf 89' lang='lat' dir='ltr'><strong>sunt</strong></span> <span class='ocrx_word' id='word_1_538' title='bbox 3862 3258 4027 3312; x_wconf 81' lang='lat' dir='ltr'><strong>pauca</strong></span> 
     </span>
    </p>
   </div>
   <div class='ocr_carea' id='block_1_78' title="bbox 2435 3336 4032 3405">
    <p class='ocr_par' dir='ltr' id='par_1_78' title="bbox 2435 3336 4032 3405">
     <span class='ocr_line' id='line_1_78' title="bbox 2435 3336 4032 3405; baseline -0.003 -13"><span class='ocrx_word' id='word_1_539' title='bbox 2435 3339 2503 3392; x_wconf 88' lang='lat' dir='ltr'><strong>de</strong></span> <span class='ocrx_word' id='word_1_540' title='bbox 2541 3340 2758 3392; x_wconf 84' lang='lat' dir='ltr'><strong>nomine</strong></span> <span class='ocrx_word' id='word_1_541' title='bbox 2790 3336 3049 3400; x_wconf 59' lang='lat' dir='ltr'><strong>Matthxi,</strong></span> <span class='ocrx_word' id='word_1_542' title='bbox 3075 3354 3195 3405; x_wconf 72' lang='lat' dir='ltr'><strong>qua:</strong></span> <span class='ocrx_word' id='word_1_543' title='bbox 3234 3336 3466 3389; x_wconf 86' lang='lat' dir='ltr'><strong>alterum</strong></span> <span class='ocrx_word' id='word_1_544' title='bbox 3512 3337 3583 3388; x_wconf 89' lang='lat' dir='ltr'><strong>ibi</strong></span> <span class='ocrx_word' id='word_1_545' title='bbox 3616 3336 3835 3389; x_wconf 76' lang='lat' dir='ltr'><strong>faciunt</strong></span> <span class='ocrx_word' id='word_1_546' title='bbox 3912 3350 4032 3404; x_wconf 87' lang='lat' dir='ltr'><strong>pro-</strong></span> 
     </span>
    </p>
   </div>
   <div class='ocr_carea' id='block_1_79' title="bbox 2437 3428 3742 3500">
    <p class='ocr_par' dir='ltr' id='par_1_79' title="bbox 2437 3428 3742 3500">
     <span class='ocr_line' id='line_1_79' title="bbox 2437 3428 3742 3500; baseline -0.002 -16"><span class='ocrx_word' id='word_1_547' title='bbox 2437 3430 2643 3500; x_wconf 80' lang='lat' dir='ltr'><strong>logum.</strong></span> <span class='ocrx_word' id='word_1_548' title='bbox 2682 3428 2941 3481; x_wconf 83' lang='lat' dir='ltr'><strong>Rationes</strong></span> <span class='ocrx_word' id='word_1_549' title='bbox 2970 3429 3201 3480; x_wconf 82' lang='lat' dir='ltr'><strong>Hesselii</strong></span> <span class='ocrx_word' id='word_1_550' title='bbox 3226 3429 3386 3481; x_wconf 89' lang='lat' dir='ltr'><strong>modo</strong></span> <span class='ocrx_word' id='word_1_551' title='bbox 3424 3428 3742 3481; x_wconf 82' lang='lat' dir='ltr'><strong>audiamus.</strong></span> 
     </span>
    </p>
   </div>
   <div class='ocr_carea' id='block_1_80' title="bbox 2508 3518 4029 3590">
    <p class='ocr_par' dir='ltr' id='par_1_80' title="bbox 2508 3518 4029 3590">
     <span class='ocr_line' id='line_1_80' title="bbox 2508 3518 4029 3590; baseline -0.003 -15"><span class='ocrx_word' id='word_1_552' title='bbox 2508 3523 2561 3575; x_wconf 87' lang='grc'><strong>5.</strong></span> <span class='ocrx_word' id='word_1_553' title='bbox 2605 3539 2621 3572; x_wconf 78' lang='lat' dir='ltr'><strong>r</strong></span> <span class='ocrx_word' id='word_1_554' title='bbox 2667 3520 2825 3584; x_wconf 87' lang='lat' dir='ltr'><strong>Dicit,</strong></span> <span class='ocrx_word' id='word_1_555' title='bbox 2885 3521 3201 3574; x_wconf 85' lang='lat' dir='ltr'><strong>eunuchum</strong></span> <span class='ocrx_word' id='word_1_556' title='bbox 3254 3518 3427 3581; x_wconf 90' lang='lat' dir='ltr'><strong>illum,</strong></span> <span class='ocrx_word' id='word_1_557' title='bbox 3500 3535 3662 3587; x_wconf 88' lang='lat' dir='ltr'><strong>quem</strong></span> <span class='ocrx_word' id='word_1_558' title='bbox 3732 3519 4029 3590; x_wconf 79' lang='lat' dir='ltr'><strong>Philippus</strong></span> 
     </span>
    </p>
   </div>
   <div class='ocr_carea' id='block_1_81' title="bbox 2436 3611 4031 3685">
    <p class='ocr_par' dir='ltr' id='par_1_81' title="bbox 2436 3611 4031 3685">
     <span class='ocr_line' id='line_1_81' title="bbox 2436 3611 4031 3685; baseline -0.001 -17"><span class='ocrx_word' id='word_1_559' title='bbox 2436 3614 2753 3685; x_wconf 80' lang='lat' dir='ltr'><strong>baptizavit,</strong></span> <span class='ocrx_word' id='word_1_560' title='bbox 2794 3624 3041 3667; x_wconf 83' lang='lat' dir='ltr'><strong>vocatum</strong></span> <span class='ocrx_word' id='word_1_561' title='bbox 3073 3612 3405 3677; x_wconf 66' lang='lat' dir='ltr'><strong>(landacem,</strong></span> <span class='ocrx_word' id='word_1_562' title='bbox 3466 3627 3587 3665; x_wconf 90' lang='lat' dir='ltr'><strong>curn</strong></span> <span class='ocrx_word' id='word_1_563' title='bbox 3650 3611 3838 3666; x_wconf 85' lang='lat' dir='ltr'><strong>Lucas</strong></span> <span class='ocrx_word' id='word_1_564' title='bbox 3916 3616 4031 3667; x_wconf 80' lang='lat' dir='ltr'><strong>Aet.</strong></span> 
     </span>
    </p>
   </div>
   <div class='ocr_carea' id='block_1_82' title="bbox 2437 3705 4025 3777">
    <p class='ocr_par' dir='ltr' id='par_1_82' title="bbox 2437 3705 4025 3777">
     <span class='ocr_line' id='line_1_82' title="bbox 2437 3705 4025 3777; baseline -0.003 -15"><span class='ocrx_word' id='word_1_565' title='bbox 2437 3725 2532 3762; x_wconf 75' lang='lat' dir='ltr'><strong>Vlll</strong></span> <span class='ocrx_word' id='word_1_566' title='bbox 2566 3709 2731 3772; x_wconf 88' lang='lat' dir='ltr'><strong>dicat,</strong></span> <span class='ocrx_word' id='word_1_567' title='bbox 2768 3713 3008 3777; x_wconf 83' lang='lat' dir='ltr'><strong>reginam</strong></span> <span class='ocrx_word' id='word_1_568' title='bbox 3041 3705 3369 3776; x_wconf 63' lang='lat' dir='ltr'><strong>Aithiopunt</strong></span> <span class='ocrx_word' id='word_1_569' title='bbox 3431 3708 3631 3761; x_wconf 81' lang='lat' dir='ltr'><strong>dictam</strong></span> <span class='ocrx_word' id='word_1_570' title='bbox 3682 3706 4025 3763; x_wconf 81' lang='lat' dir='ltr'><strong>Candacem.</strong></span> 
     </span>
    </p>
   </div>
   <div class='ocr_carea' id='block_1_83' title="bbox 2435 3799 4029 3871">
    <p class='ocr_par' dir='ltr' id='par_1_83' title="bbox 2435 3799 4029 3871">
     <span class='ocr_line' id='line_1_83' title="bbox 2435 3799 4029 3871; baseline -0.001 -16"><span class='ocrx_word' id='word_1_571' title='bbox 2435 3800 2529 3855; x_wconf 86' lang='lat' dir='ltr'><strong>Est</strong></span> <span class='ocrx_word' id='word_1_572' title='bbox 2552 3801 2701 3853; x_wconf 77' lang='lat' dir='ltr'><strong>enim</strong></span> <span class='ocrx_word' id='word_1_573' title='bbox 2762 3799 3011 3852; x_wconf 80' lang='lat' dir='ltr'><strong>Candace</strong></span> <span class='ocrx_word' id='word_1_574' title='bbox 3079 3810 3278 3851; x_wconf 86' lang='lat' dir='ltr'><strong>nomen</strong></span> <span class='ocrx_word' id='word_1_575' title='bbox 3345 3802 3652 3867; x_wconf 73' lang='lat' dir='ltr'><strong>reginarqu</strong></span> <span class='ocrx_word' id='word_1_576' title='bbox 3703 3799 4029 3871; x_wconf 46' lang='lat' dir='ltr'><strong>(Ethiopian</strong></span> 
     </span>
    </p>
   </div>
   <div class='ocr_carea' id='block_1_84' title="bbox 2436 3888 4027 3961">
    <p class='ocr_par' dir='ltr' id='par_1_84' title="bbox 2436 3888 4027 3961">
     <span class='ocr_line' id='line_1_84' title="bbox 2436 3888 4027 3961; baseline -0.001 -14"><span class='ocrx_word' id='word_1_577' title='bbox 2436 3896 2582 3948; x_wconf 87' lang='lat' dir='ltr'><strong>sicut</strong></span> <span class='ocrx_word' id='word_1_578' title='bbox 2616 3892 2829 3946; x_wconf 80' lang='lat' dir='ltr'><strong>Pharao</strong></span> <span class='ocrx_word' id='word_1_579' title='bbox 2876 3905 3063 3959; x_wconf 79' lang='lat' dir='ltr'><strong>regum</strong></span> <span class='ocrx_word' id='word_1_580' title='bbox 3122 3888 3365 3961; x_wconf 61' lang='lat' dir='ltr'><strong>Algypti.</strong></span> <span class='ocrx_word' id='word_1_581' title='bbox 3433 3890 3644 3943; x_wconf 88' lang='lat' dir='ltr'><strong>Dicitur</strong></span> <span class='ocrx_word' id='word_1_582' title='bbox 3712 3892 3769 3943; x_wconf 91' lang='lat' dir='ltr'><strong>iu</strong></span> <span class='ocrx_word' id='word_1_583' title='bbox 3840 3898 4027 3947; x_wconf 79' lang='lat' dir='ltr'><strong>eadem</strong></span> 
     </span>
    </p>
   </div>
   <div class='ocr_carea' id='block_1_85' title="bbox 2437 3984 4027 4055">
    <p class='ocr_par' dir='ltr' id='par_1_85' title="bbox 2437 3984 4027 4055">
     <span class='ocr_line' id='line_1_85' title="bbox 2437 3984 4027 4055; baseline 0.001 -17"><span class='ocrx_word' id='word_1_584' title='bbox 2437 3984 2687 4049; x_wconf 88' lang='lat' dir='ltr'><strong>historia,</strong></span> <span class='ocrx_word' id='word_1_585' title='bbox 2712 3985 2853 4053; x_wconf 90' lang='lat' dir='ltr'><strong>quod</strong></span> <span class='ocrx_word' id='word_1_586' title='bbox 2883 3984 3136 4039; x_wconf 81' lang='lat' dir='ltr'><strong>Christus</strong></span> <span class='ocrx_word' id='word_1_587' title='bbox 3172 3994 3483 4038; x_wconf 83' lang='lat' dir='ltr'><strong>terrestrem</strong></span> <span class='ocrx_word' id='word_1_588' title='bbox 3516 3985 3838 4053; x_wconf 88' lang='lat' dir='ltr'><strong>paradisunt</strong></span> <span class='ocrx_word' id='word_1_589' title='bbox 3899 4003 4027 4055; x_wconf 55' lang='lat' dir='ltr'><strong>ape.</strong></span> 
     </span>
    </p>
   </div>
   <div class='ocr_carea' id='block_1_86' title="bbox 2435 4077 4028 4148">
    <p class='ocr_par' dir='ltr' id='par_1_86' title="bbox 2435 4077 4028 4148">
     <span class='ocr_line' id='line_1_86' title="bbox 2435 4077 4028 4148; baseline -0.001 -15"><span class='ocrx_word' id='word_1_590' title='bbox 2435 4080 2547 4133; x_wconf 84' lang='lat' dir='ltr'><strong>ruit</strong></span> <span class='ocrx_word' id='word_1_591' title='bbox 2580 4078 2775 4129; x_wconf 89' lang='lat' dir='ltr'><strong>latroni</strong></span> <span class='ocrx_word' id='word_1_592' title='bbox 2815 4085 2871 4129; x_wconf 89' lang='lat' dir='ltr'><strong>et</strong></span> <span class='ocrx_word' id='word_1_593' title='bbox 2900 4077 3189 4130; x_wconf 84' lang='lat' dir='ltr'><strong>animabus</strong></span> <span class='ocrx_word' id='word_1_594' title='bbox 3230 4080 3436 4129; x_wconf 80' lang='lat' dir='ltr'><strong>Sanctis</strong></span> <span class='ocrx_word' id='word_1_595' title='bbox 3496 4078 3564 4130; x_wconf 88' lang='lat' dir='ltr'><strong>de</strong></span> <span class='ocrx_word' id='word_1_596' title='bbox 3625 4094 3874 4148; x_wconf 81' lang='lat' dir='ltr'><strong>corpore</strong></span> <span class='ocrx_word' id='word_1_597' title='bbox 3935 4094 4028 4133; x_wconf 78' lang='lat' dir='ltr'><strong>ex-</strong></span> 
     </span>
    </p>
   </div>
   <div class='ocr_carea' id='block_1_87' title="bbox 2439 4168 4029 4242">
    <p class='ocr_par' dir='ltr' id='par_1_87' title="bbox 2439 4168 4029 4242">
     <span class='ocr_line' id='line_1_87' title="bbox 2439 4168 4029 4242; baseline 0.002 -20"><span class='ocrx_word' id='word_1_598' title='bbox 2439 4170 2721 4232; x_wconf 88' lang='lat' dir='ltr'><strong>euntibus,</strong></span> <span class='ocrx_word' id='word_1_599' title='bbox 2760 4168 2815 4220; x_wconf 90' lang='lat' dir='ltr'><strong>in</strong></span> <span class='ocrx_word' id='word_1_600' title='bbox 2864 4168 2951 4222; x_wconf 90' lang='lat' dir='ltr'><strong>die</strong></span> <span class='ocrx_word' id='word_1_601' title='bbox 3011 4181 3192 4221; x_wconf 88' lang='lat' dir='ltr'><strong>autem</strong></span> <span class='ocrx_word' id='word_1_602' title='bbox 3261 4169 3559 4223; x_wconf 88' lang='lat' dir='ltr'><strong>novissimo</strong></span> <span class='ocrx_word' id='word_1_603' title='bbox 3612 4175 4029 4242; x_wconf 75' lang='lat' dir='ltr'><strong>resurgentibus</strong></span> 
     </span>
    </p>
   </div>
   <div class='ocr_carea' id='block_1_88' title="bbox 2441 4261 4022 4332">
    <p class='ocr_par' dir='ltr' id='par_1_88' title="bbox 2441 4261 4022 4332">
     <span class='ocr_line' id='line_1_88' title="bbox 2441 4261 4022 4332; baseline -0.001 -15"><span class='ocrx_word' id='word_1_604' title='bbox 2441 4276 2605 4332; x_wconf 80' lang='lat' dir='ltr'><strong>regna</strong></span> <span class='ocrx_word' id='word_1_605' title='bbox 2626 4261 2888 4316; x_wconf 66' lang='lat' dir='ltr'><strong>caelorum</strong></span> <span class='ocrx_word' id='word_1_606' title='bbox 2921 4276 2935 4313; x_wconf 89' lang='lat'><strong>:</strong></span> <span class='ocrx_word' id='word_1_607' title='bbox 2967 4276 3090 4315; x_wconf 91' lang='lat' dir='ltr'><strong>cum</strong></span> <span class='ocrx_word' id='word_1_608' title='bbox 3126 4262 3427 4316; x_wconf 87' lang='lat' dir='ltr'><strong>secundum</strong></span> <span class='ocrx_word' id='word_1_609' title='bbox 3464 4262 3699 4315; x_wconf 86' lang='lat' dir='ltr'><strong>Paulum</strong></span> <span class='ocrx_word' id='word_1_610' title='bbox 3738 4272 3796 4316; x_wconf 86' lang='lat' dir='ltr'><strong>et</strong></span> <span class='ocrx_word' id='word_1_611' title='bbox 3864 4267 4022 4319; x_wconf 76' lang='lat' dir='ltr'><strong>(idem</strong></span> 
     </span>
    </p>
   </div>
   <div class='ocr_carea' id='block_1_89' title="bbox 2440 4354 4030 4422">
    <p class='ocr_par' dir='ltr' id='par_1_89' title="bbox 2440 4354 4030 4422">
     <span class='ocr_line' id='line_1_89' title="bbox 2440 4354 4030 4422; baseline 0 -11"><span class='ocrx_word' id='word_1_612' title='bbox 2440 4354 2760 4411; x_wconf 87' lang='lat' dir='ltr'><strong>catholicam</strong></span> <span class='ocrx_word' id='word_1_613' title='bbox 2796 4355 3445 4422; x_wconf 63' lang='lat' dir='ltr'><strong>animaisanctorumjam</strong></span> <span class='ocrx_word' id='word_1_614' title='bbox 3481 4355 3648 4409; x_wconf 84' lang='lat' dir='ltr'><strong>etiam</strong></span> <span class='ocrx_word' id='word_1_615' title='bbox 3679 4366 3811 4410; x_wconf 87' lang='lat' dir='ltr'><strong>ante</strong></span> <span class='ocrx_word' id='word_1_616' title='bbox 3848 4373 4030 4412; x_wconf 82' lang='lat' dir='ltr'><strong>resur-</strong></span> 
     </span>
    </p>
   </div>
   <div class='ocr_carea' id='block_1_90' title="bbox 2437 4446 4028 4518">
    <p class='ocr_par' dir='ltr' id='par_1_90' title="bbox 2437 4446 4028 4518">
     <span class='ocr_line' id='line_1_90' title="bbox 2437 4446 4028 4518; baseline 0.004 -17"><span class='ocrx_word' id='word_1_617' title='bbox 2437 4448 2733 4501; x_wconf 84' lang='lat' dir='ltr'><strong>rectionem</strong></span> <span class='ocrx_word' id='word_1_618' title='bbox 2768 4446 2963 4499; x_wconf 85' lang='lat' dir='ltr'><strong>adeant</strong></span> <span class='ocrx_word' id='word_1_619' title='bbox 2995 4446 3181 4500; x_wconf 74' lang='lat' dir='ltr'><strong>cmlos.</strong></span> <span class='ocrx_word' id='word_1_620' title='bbox 3218 4446 3358 4502; x_wconf 84' lang='lat' dir='ltr'><strong>Dicit</strong></span> <span class='ocrx_word' id='word_1_621' title='bbox 3386 4456 3440 4502; x_wconf 88' lang='lat' dir='ltr'><strong>et</strong></span> <span class='ocrx_word' id='word_1_622' title='bbox 3471 4451 3709 4518; x_wconf 87' lang='lat' dir='ltr'><strong>primum</strong></span> <span class='ocrx_word' id='word_1_623' title='bbox 3750 4452 4028 4506; x_wconf 80' lang='lat' dir='ltr'><strong>hominem</strong></span> 
     </span>
    </p>
   </div>
   <div class='ocr_carea' id='block_1_91' title="bbox 768 4529 4029 4609">
    <p class='ocr_par' dir='ltr' id='par_1_91' title="bbox 768 4529 4029 4609">
     <span class='ocr_line' id='line_1_91' title="bbox 768 4529 4029 4609; baseline 0.004 -24"><span class='ocrx_word' id='word_1_624' title='bbox 768 4534 937 4586; x_wconf 78' lang='lat' dir='ltr'><strong>etiam</strong></span> <span class='ocrx_word' id='word_1_625' title='bbox 975 4530 1221 4594; x_wconf 84' lang='lat' dir='ltr'><strong>Armeni,</strong></span> <span class='ocrx_word' id='word_1_626' title='bbox 1262 4539 1321 4582; x_wconf 93' lang='lat' dir='ltr'><strong>ut</strong></span> <span class='ocrx_word' id='word_1_627' title='bbox 1357 4529 1532 4584; x_wconf 87' lang='lat' dir='ltr'><strong>habeo</strong></span> <span class='ocrx_word' id='word_1_628' title='bbox 1559 4544 1624 4583; x_wconf 78' lang='lat' dir='ltr'><strong>ex</strong></span> <span class='ocrx_word' id='word_1_629' title='bbox 1657 4530 1858 4585; x_wconf 86' lang='lat' dir='ltr'><strong>Ordine</strong></span> <span class='ocrx_word' id='word_1_630' title='bbox 1892 4541 2161 4602; x_wconf 89' lang='lat' dir='ltr'><strong>perpetuo</strong></span> <span class='ocrx_word' id='word_1_631' title='bbox 2189 4536 2335 4591; x_wconf 89' lang='lat' dir='ltr'><strong>cele-</strong></span> <span class='ocrx_word' id='word_1_632' title='bbox 2369 4547 2413 4602; x_wconf 82' lang='lat' dir='ltr'><strong>D</strong></span> <span class='ocrx_word' id='word_1_633' title='bbox 2443 4539 2681 4609; x_wconf 83' lang='lat' dir='ltr'><strong>petuisse</strong></span> <span class='ocrx_word' id='word_1_634' title='bbox 2716 4537 2859 4609; x_wconf 88' lang='lat' dir='ltr'><strong>loqui</strong></span> <span class='ocrx_word' id='word_1_635' title='bbox 2888 4538 2941 4592; x_wconf 92' lang='lat' dir='ltr'><strong>in</strong></span> <span class='ocrx_word' id='word_1_636' title='bbox 2975 4538 3224 4609; x_wconf 86' lang='lat' dir='ltr'><strong>paradiso</strong></span> <span class='ocrx_word' id='word_1_637' title='bbox 3251 4556 3375 4595; x_wconf 85' lang='lat' dir='ltr'><strong>cum</strong></span> <span class='ocrx_word' id='word_1_638' title='bbox 3401 4542 3655 4595; x_wconf 89' lang='lat' dir='ltr'><strong>omnibus</strong></span> <span class='ocrx_word' id='word_1_639' title='bbox 3675 4545 4029 4600; x_wconf 84' lang='lat' dir='ltr'><strong>animalibus.</strong></span> 
     </span>
    </p>
   </div>
   <div class='ocr_carea' id='block_1_92' title="bbox 769 4620 2336 4698">
    <p class='ocr_par' dir='ltr' id='par_1_92' title="bbox 769 4620 2336 4698">
     <span class='ocr_line' id='line_1_92' title="bbox 769 4620 2336 4698; baseline 0.002 -18"><span class='ocrx_word' id='word_1_640' title='bbox 769 4623 968 4680; x_wconf 83' lang='lat' dir='ltr'><strong>brandi</strong></span> <span class='ocrx_word' id='word_1_641' title='bbox 998 4622 1185 4676; x_wconf 74' lang='lat' dir='ltr'><strong>Officia</strong></span> <span class='ocrx_word' id='word_1_642' title='bbox 1213 4632 1268 4675; x_wconf 90' lang='lat' dir='ltr'><strong>et</strong></span> <span class='ocrx_word' id='word_1_643' title='bbox 1319 4620 1648 4675; x_wconf 78' lang='lat' dir='ltr'><strong>festivitates</strong></span> <span class='ocrx_word' id='word_1_644' title='bbox 1677 4627 1817 4691; x_wconf 84' lang='lat' dir='ltr'><strong>apud</strong></span> <span class='ocrx_word' id='word_1_645' title='bbox 1851 4627 2143 4690; x_wconf 82' lang='lat' dir='ltr'><strong>Armenes,</strong></span> <span class='ocrx_word' id='word_1_646' title='bbox 2174 4643 2336 4698; x_wconf 89' lang='lat' dir='ltr'><strong>quem</strong></span> 
     </span>
    </p>
   </div>
   <div class='ocr_carea' id='block_1_93' title="bbox 770 4710 2338 4785">
    <p class='ocr_par' dir='ltr' id='par_1_93' title="bbox 770 4710 2338 4785">
     <span class='ocr_line' id='line_1_93' title="bbox 770 4710 2338 4785; baseline 0.004 -17"><span class='ocrx_word' id='word_1_647' title='bbox 770 4716 963 4769; x_wconf 77' lang='lat' dir='ltr'><strong>Latine</strong></span> <span class='ocrx_word' id='word_1_648' title='bbox 1048 4712 1287 4767; x_wconf 84' lang='lat' dir='ltr'><strong>reddidit</strong></span> <span class='ocrx_word' id='word_1_649' title='bbox 1344 4721 1399 4765; x_wconf 89' lang='lat' dir='ltr'><strong>et</strong></span> <span class='ocrx_word' id='word_1_650' title='bbox 1479 4710 1533 4764; x_wconf 90' lang='lat' dir='ltr'><strong>in</strong></span> <span class='ocrx_word' id='word_1_651' title='bbox 1620 4712 1950 4767; x_wconf 76' lang='lat' dir='ltr'><strong>Bibliorheca</strong></span> <span class='ocrx_word' id='word_1_652' title='bbox 2022 4714 2338 4785; x_wconf 78' lang='lat' dir='ltr'><strong>Orientalis,</strong></span> 
     </span>
    </p>
   </div>
   <div class='ocr_carea' id='block_1_94' title="bbox 771 4800 2334 4875">
    <p class='ocr_par' dir='ltr' id='par_1_94' title="bbox 771 4800 2334 4875">
     <span class='ocr_line' id='line_1_94' title="bbox 771 4800 2334 4875; baseline 0.002 -15"><span class='ocrx_word' id='word_1_653' title='bbox 771 4812 904 4860; x_wconf 90' lang='lat' dir='ltr'><strong>tom.</strong></span> <span class='ocrx_word' id='word_1_654' title='bbox 937 4802 1030 4869; x_wconf 93' lang='lat' dir='ltr'><strong>lll,</strong></span> <span class='ocrx_word' id='word_1_655' title='bbox 1058 4818 1180 4875; x_wconf 79' lang='lat' dir='ltr'><strong>pag.</strong></span> <span class='ocrx_word' id='word_1_656' title='bbox 1220 4801 1325 4857; x_wconf 75' lang='grc'><strong>645</strong></span> <span class='ocrx_word' id='word_1_657' title='bbox 1364 4800 1540 4857; x_wconf 81' lang='lat' dir='ltr'><strong>edidit</strong></span> <span class='ocrx_word' id='word_1_658' title='bbox 1589 4801 1943 4858; x_wconf 84' lang='lat' dir='ltr'><strong>doctissimus</strong></span> <span class='ocrx_word' id='word_1_659' title='bbox 1979 4807 2334 4863; x_wconf 89' lang='lat' dir='ltr'><strong>Assemanus.</strong></span> 
     </span>
    </p>
   </div>
   <div class='ocr_carea' id='block_1_95' title="bbox 768 4893 2343 4970">
    <p class='ocr_par' dir='ltr' id='par_1_95' title="bbox 768 4893 2343 4970">
     <span class='ocr_line' id='line_1_95' title="bbox 768 4893 2343 4970; baseline 0.003 -18"><span class='ocrx_word' id='word_1_660' title='bbox 768 4896 1005 4967; x_wconf 56' lang='lat' dir='ltr'><strong>Egyptii</strong></span> <span class='ocrx_word' id='word_1_661' title='bbox 1031 4896 1251 4950; x_wconf 89' lang='lat' dir='ltr'><strong>demum</strong></span> <span class='ocrx_word' id='word_1_662' title='bbox 1300 4904 1355 4949; x_wconf 92' lang='lat' dir='ltr'><strong>et</strong></span> <span class='ocrx_word' id='word_1_663' title='bbox 1411 4893 1700 4965; x_wconf 65' lang='lat' dir='ltr'><strong>.‘Etbiopes</strong></span> <span class='ocrx_word' id='word_1_664' title='bbox 1746 4899 2001 4951; x_wconf 87' lang='lat' dir='ltr'><strong>eumdem</strong></span> <span class='ocrx_word' id='word_1_665' title='bbox 2061 4900 2343 4970; x_wconf 76' lang='lat' dir='ltr'><strong>elegerunt</strong></span> 
     </span>
    </p>
   </div>
   <div class='ocr_carea' id='block_1_96' title="bbox 769 4987 2340 5056">
    <p class='ocr_par' dir='ltr' id='par_1_96' title="bbox 769 4987 2340 5056">
     <span class='ocr_line' id='line_1_96' title="bbox 769 4987 2340 5056; baseline 0.003 -11"><span class='ocrx_word' id='word_1_666' title='bbox 769 4992 912 5047; x_wconf 84' lang='lat' dir='ltr'><strong>diem</strong></span> <span class='ocrx_word' id='word_1_667' title='bbox 949 4989 1015 5041; x_wconf 83' lang='lat' dir='ltr'><strong>l6</strong></span> <span class='ocrx_word' id='word_1_668' title='bbox 1073 4987 1423 5051; x_wconf 83' lang='lat' dir='ltr'><strong>Novembris,</strong></span> <span class='ocrx_word' id='word_1_669' title='bbox 1477 5002 1585 5056; x_wconf 92' lang='lat' dir='ltr'><strong>quo</strong></span> <span class='ocrx_word' id='word_1_670' title='bbox 1634 5000 1859 5043; x_wconf 85' lang='lat' dir='ltr'><strong>sanctus</strong></span> <span class='ocrx_word' id='word_1_671' title='bbox 1905 4990 2189 5047; x_wconf 69' lang='lat' dir='ltr'><strong>Matthreus</strong></span> <span class='ocrx_word' id='word_1_672' title='bbox 2240 5011 2340 5049; x_wconf 82' lang='lat' dir='ltr'><strong>an-</strong></span> 
     </span>
    </p>
   </div>
   <div class='ocr_carea' id='block_1_97' title="bbox 771 5071 2341 5147">
    <p class='ocr_par' dir='ltr' id='par_1_97' title="bbox 771 5071 2341 5147">
     <span class='ocr_line' id='line_1_97' title="bbox 771 5071 2341 5147; baseline 0.005 -16"><span class='ocrx_word' id='word_1_673' title='bbox 771 5076 1056 5131; x_wconf 88' lang='lat' dir='ltr'><strong>nuntiatur</strong></span> <span class='ocrx_word' id='word_1_674' title='bbox 1088 5075 1144 5126; x_wconf 88' lang='lat' dir='ltr'><strong>in</strong></span> <span class='ocrx_word' id='word_1_675' title='bbox 1170 5071 1347 5128; x_wconf 83' lang='lat' dir='ltr'><strong>Fastis</strong></span> <span class='ocrx_word' id='word_1_676' title='bbox 1380 5072 1716 5143; x_wconf 75' lang='lat' dir='ltr'><strong>Cepritarum</strong></span> <span class='ocrx_word' id='word_1_677' title='bbox 1775 5092 1870 5147; x_wconf 91' lang='lat' dir='ltr'><strong>per</strong></span> <span class='ocrx_word' id='word_1_678' title='bbox 1902 5079 2189 5135; x_wconf 77' lang='lat' dir='ltr'><strong>Ludolfutu</strong></span> <span class='ocrx_word' id='word_1_679' title='bbox 2222 5084 2341 5138; x_wconf 80' lang='lat' dir='ltr'><strong>edi-</strong></span> 
     </span>
    </p>
   </div>
   <div class='ocr_carea' id='block_1_98' title="bbox 776 5165 2343 5239">
    <p class='ocr_par' dir='ltr' id='par_1_98' title="bbox 776 5165 2343 5239">
     <span class='ocr_line' id='line_1_98' title="bbox 776 5165 2343 5239; baseline 0.006 -18"><span class='ocrx_word' id='word_1_680' title='bbox 776 5170 868 5231; x_wconf 88' lang='lat' dir='ltr'><strong>tis,</strong></span> <span class='ocrx_word' id='word_1_681' title='bbox 912 5177 968 5220; x_wconf 84' lang='lat' dir='ltr'><strong>et</strong></span> <span class='ocrx_word' id='word_1_682' title='bbox 1016 5166 1071 5219; x_wconf 90' lang='lat' dir='ltr'><strong>in</strong></span> <span class='ocrx_word' id='word_1_683' title='bbox 1123 5165 1337 5221; x_wconf 88' lang='lat' dir='ltr'><strong>duobus</strong></span> <span class='ocrx_word' id='word_1_684' title='bbox 1368 5166 1487 5218; x_wconf 90' lang='lat' dir='ltr'><strong>aliis</strong></span> <span class='ocrx_word' id='word_1_685' title='bbox 1522 5165 1839 5239; x_wconf 76' lang='lat' dir='ltr'><strong>Menologiis</strong></span> <span class='ocrx_word' id='word_1_686' title='bbox 1889 5175 2212 5228; x_wconf 87' lang='lat' dir='ltr'><strong>eorumdem</strong></span> <span class='ocrx_word' id='word_1_687' title='bbox 2247 5186 2343 5232; x_wconf 85' lang='lat' dir='ltr'><strong>aut</strong></span> 
     </span>
    </p>
   </div>
   <div class='ocr_carea' id='block_1_99' title="bbox 773 5254 2340 5331">
    <p class='ocr_par' dir='ltr' id='par_1_99' title="bbox 773 5254 2340 5331">
     <span class='ocr_line' id='line_1_99' title="bbox 773 5254 2340 5331; baseline 0 -17"><span class='ocrx_word' id='word_1_688' title='bbox 773 5256 1095 5330; x_wconf 77' lang='lat' dir='ltr'><strong>Synaxariis</strong></span> <span class='ocrx_word' id='word_1_689' title='bbox 1124 5269 1259 5307; x_wconf 86' lang='lat' dir='ltr'><strong>mss.</strong></span> <span class='ocrx_word' id='word_1_690' title='bbox 1312 5257 1469 5325; x_wconf 84' lang='lat' dir='ltr'><strong>Apud</strong></span> <span class='ocrx_word' id='word_1_691' title='bbox 1502 5254 1792 5310; x_wconf 79' lang='lat' dir='ltr'><strong>Ludollum</strong></span> <span class='ocrx_word' id='word_1_692' title='bbox 1842 5258 2078 5315; x_wconf 68' lang='lat' dir='ltr'><strong>Matthzei</strong></span> <span class='ocrx_word' id='word_1_693' title='bbox 2107 5266 2340 5331; x_wconf 86' lang='lat' dir='ltr'><strong>apostoli</strong></span> 
     </span>
    </p>
   </div>
   <div class='ocr_carea' id='block_1_100' title="bbox 769 5345 2341 5416">
    <p class='ocr_par' dir='ltr' id='par_1_100' title="bbox 769 5345 2341 5416">
     <span class='ocr_line' id='line_1_100' title="bbox 769 5345 2341 5416; baseline 0.003 -12"><span class='ocrx_word' id='word_1_694' title='bbox 769 5352 899 5404; x_wconf 89' lang='lat' dir='ltr'><strong>item</strong></span> <span class='ocrx_word' id='word_1_695' title='bbox 926 5348 983 5401; x_wconf 83' lang='lat' dir='ltr'><strong>[lt</strong></span> <span class='ocrx_word' id='word_1_696' title='bbox 1006 5345 1216 5401; x_wconf 87' lang='lat' dir='ltr'><strong>mentio</strong></span> <span class='ocrx_word' id='word_1_697' title='bbox 1246 5346 1313 5399; x_wconf 91' lang='lat' dir='ltr'><strong>ad</strong></span> <span class='ocrx_word' id='word_1_698' title='bbox 1343 5346 1677 5416; x_wconf 75' lang='lat' dir='ltr'><strong>DOctobt-is;</strong></span> <span class='ocrx_word' id='word_1_699' title='bbox 1710 5350 1803 5404; x_wconf 88' lang='lat' dir='ltr'><strong>sed</strong></span> <span class='ocrx_word' id='word_1_700' title='bbox 1836 5366 1956 5404; x_wconf 90' lang='lat' dir='ltr'><strong>eam</strong></span> <span class='ocrx_word' id='word_1_701' title='bbox 1990 5349 2081 5406; x_wconf 90' lang='lat' dir='ltr'><strong>illo</strong></span> <span class='ocrx_word' id='word_1_702' title='bbox 2113 5357 2199 5408; x_wconf 90' lang='lat' dir='ltr'><strong>dic</strong></span> <span class='ocrx_word' id='word_1_703' title='bbox 2232 5372 2341 5409; x_wconf 91' lang='lat' dir='ltr'><strong>non</strong></span> 
     </span>
    </p>
   </div>
   <div class='ocr_carea' id='block_1_101' title="bbox 770 5436 2341 5512">
    <p class='ocr_par' dir='ltr' id='par_1_101' title="bbox 770 5436 2341 5512">
     <span class='ocr_line' id='line_1_101' title="bbox 770 5436 2341 5512; baseline 0.003 -15"><span class='ocrx_word' id='word_1_704' title='bbox 770 5444 989 5512; x_wconf 90' lang='lat' dir='ltr'><strong>reperio</strong></span> <span class='ocrx_word' id='word_1_705' title='bbox 1017 5440 1071 5493; x_wconf 88' lang='lat' dir='ltr'><strong>in</strong></span> <span class='ocrx_word' id='word_1_706' title='bbox 1102 5440 1334 5495; x_wconf 86' lang='lat' dir='ltr'><strong>laudatis</strong></span> <span class='ocrx_word' id='word_1_707' title='bbox 1356 5436 1529 5493; x_wconf 78' lang='lat' dir='ltr'><strong>Fastis</strong></span> <span class='ocrx_word' id='word_1_708' title='bbox 1554 5456 1683 5495; x_wconf 87' lang='lat' dir='ltr'><strong>mss.</strong></span> <span class='ocrx_word' id='word_1_709' title='bbox 1717 5441 1840 5498; x_wconf 57' lang='lat' dir='ltr'><strong>Haec</strong></span> <span class='ocrx_word' id='word_1_710' title='bbox 1873 5446 2093 5501; x_wconf 89' lang='lat' dir='ltr'><strong>interim</strong></span> <span class='ocrx_word' id='word_1_711' title='bbox 2112 5448 2178 5502; x_wconf 91' lang='lat' dir='ltr'><strong>de</strong></span> <span class='ocrx_word' id='word_1_712' title='bbox 2198 5447 2341 5503; x_wconf 83' lang='lat' dir='ltr'><strong>Mar—</strong></span> 
     </span>
    </p>
   </div>
   <div class='ocr_carea' id='block_1_102' title="bbox 770 5526 1433 5602">
    <p class='ocr_par' dir='ltr' id='par_1_102' title="bbox 770 5526 1433 5602">
     <span class='ocr_line' id='line_1_102' title="bbox 770 5526 1433 5602; baseline -0.006 -17"><span class='ocrx_word' id='word_1_713' title='bbox 770 5532 1052 5602; x_wconf 81' lang='lat' dir='ltr'><strong>tyrologiis</strong></span> <span class='ocrx_word' id='word_1_714' title='bbox 1084 5526 1377 5582; x_wconf 84' lang='lat' dir='ltr'><strong>snillciant.</strong></span> <span class='ocrx_word' id='word_1_715' title='bbox 1430 5556 1433 5561; x_wconf 65' lang='grc'><strong>»</strong></span> 
     </span>
    </p>
   </div>
   <div class='ocr_carea' id='block_1_103' title="bbox 844 5621 2345 5696">
    <p class='ocr_par' dir='ltr' id='par_1_103' title="bbox 844 5621 2345 5696">
     <span class='ocr_line' id='line_1_103' title="bbox 844 5621 2345 5696; baseline 0.009 -21"><span class='ocrx_word' id='word_1_716' title='bbox 844 5624 897 5675; x_wconf 69' lang='grc'>4.</span> <span class='ocrx_word' id='word_1_717' title='bbox 928 5622 1061 5675; x_wconf 84' lang='lat' dir='ltr'><strong>Acta</strong></span> <span class='ocrx_word' id='word_1_718' title='bbox 1098 5621 1270 5675; x_wconf 86' lang='lat' dir='ltr'><strong>sancti</strong></span> <span class='ocrx_word' id='word_1_719' title='bbox 1301 5622 1535 5677; x_wconf 78' lang='lat' dir='ltr'><strong>Matlhrei</strong></span> <span class='ocrx_word' id='word_1_720' title='bbox 1567 5624 1819 5693; x_wconf 87' lang='lat' dir='ltr'><strong>apostoli,</strong></span> <span class='ocrx_word' id='word_1_721' title='bbox 1870 5641 1990 5696; x_wconf 69' lang='lat' dir='ltr'><strong>qua:</strong></span> <span class='ocrx_word' id='word_1_722' title='bbox 2021 5629 2074 5682; x_wconf 91' lang='lat' dir='ltr'><strong>in</strong></span> <span class='ocrx_word' id='word_1_723' title='bbox 2102 5630 2345 5689; x_wconf 83' lang='lat' dir='ltr'><strong>Ecclesia</strong></span> 
     </span>
    </p>
   </div>
   <div class='ocr_carea' id='block_1_104' title="bbox 776 5712 2345 5796">
    <p class='ocr_par' dir='ltr' id='par_1_104' title="bbox 776 5712 2345 5796">
     <span class='ocr_line' id='line_1_104' title="bbox 776 5712 2345 5796; baseline 0.011 -31"><span class='ocrx_word' id='word_1_724' title='bbox 776 5712 962 5765; x_wconf 84' lang='lat' dir='ltr'><strong>Latina</strong></span> <span class='ocrx_word' id='word_1_725' title='bbox 1014 5729 1044 5767; x_wconf 88' lang='lat' dir='ltr'><strong>a</strong></span> <span class='ocrx_word' id='word_1_726' title='bbox 1083 5715 1267 5769; x_wconf 90' lang='lat' dir='ltr'><strong>multis</strong></span> <span class='ocrx_word' id='word_1_727' title='bbox 1295 5716 1508 5769; x_wconf 74' lang='lat' dir='ltr'><strong>saecolis</strong></span> <span class='ocrx_word' id='word_1_728' title='bbox 1532 5733 1655 5774; x_wconf 88' lang='lat' dir='ltr'><strong>nota</strong></span> <span class='ocrx_word' id='word_1_729' title='bbox 1688 5720 1930 5783; x_wconf 75' lang='lat' dir='ltr'><strong>luerunt,</strong></span> <span class='ocrx_word' id='word_1_730' title='bbox 1969 5738 2020 5777; x_wconf 92' lang='lat' dir='ltr'><strong>et</strong></span> <span class='ocrx_word' id='word_1_731' title='bbox 2052 5740 2120 5779; x_wconf 79' lang='lat' dir='ltr'><strong>ex</strong></span> <span class='ocrx_word' id='word_1_732' title='bbox 2146 5721 2345 5796; x_wconf 87' lang='lat' dir='ltr'><strong>quibus</strong></span> 
     </span>
    </p>
   </div>
   <div class='ocr_carea' id='block_1_105' title="bbox 776 5808 2344 5892">
    <p class='ocr_par' dir='ltr' id='par_1_105' title="bbox 776 5808 2344 5892">
     <span class='ocr_line' id='line_1_105' title="bbox 776 5808 2344 5892; baseline 0.012 -34"><span class='ocrx_word' id='word_1_733' title='bbox 776 5808 1110 5861; x_wconf 79' lang='lat' dir='ltr'><strong>recentiores</strong></span> <span class='ocrx_word' id='word_1_734' title='bbox 1143 5809 1465 5881; x_wconf 84' lang='lat' dir='ltr'><strong>hauserunt,</strong></span> <span class='ocrx_word' id='word_1_735' title='bbox 1496 5828 1615 5882; x_wconf 71' lang='lat' dir='ltr'><strong>qua:</strong></span> <span class='ocrx_word' id='word_1_736' title='bbox 1645 5817 1710 5870; x_wconf 86' lang='lat' dir='ltr'><strong>de</strong></span> <span class='ocrx_word' id='word_1_737' title='bbox 1746 5815 1801 5871; x_wconf 91' lang='lat' dir='ltr'><strong>S.</strong></span> <span class='ocrx_word' id='word_1_738' title='bbox 1845 5815 2100 5875; x_wconf 62' lang='lat' dir='ltr'><strong>Matthwo</strong></span> <span class='ocrx_word' id='word_1_739' title='bbox 2126 5823 2344 5892; x_wconf 87' lang='lat' dir='ltr'><strong>scriptis</strong></span> 
     </span>
    </p>
   </div>
   <div class='ocr_carea' id='block_1_106' title="bbox 2446 4629 4027 4699">
    <p class='ocr_par' dir='ltr' id='par_1_106' title="bbox 2446 4629 4027 4699">
     <span class='ocr_line' id='line_1_106' title="bbox 2446 4629 4027 4699; baseline 0.002 -14"><span class='ocrx_word' id='word_1_740' title='bbox 2446 4629 2707 4699; x_wconf 84' lang='lat' dir='ltr'><strong>Ejusdem</strong></span> <span class='ocrx_word' id='word_1_741' title='bbox 2773 4632 3119 4685; x_wconf 84' lang='lat' dir='ltr'><strong>auctoritatis</strong></span> <span class='ocrx_word' id='word_1_742' title='bbox 3153 4641 3255 4693; x_wconf 90' lang='lat' dir='ltr'><strong>est,</strong></span> <span class='ocrx_word' id='word_1_743' title='bbox 3292 4632 3450 4699; x_wconf 84' lang='lat' dir='ltr'><strong>cujus</strong></span> <span class='ocrx_word' id='word_1_744' title='bbox 3484 4631 3600 4685; x_wconf 86' lang='lat' dir='ltr'><strong>Vita</strong></span> <span class='ocrx_word' id='word_1_745' title='bbox 3648 4637 3830 4687; x_wconf 86' lang='lat' dir='ltr'><strong>sancti</strong></span> <span class='ocrx_word' id='word_1_746' title='bbox 3902 4634 4027 4687; x_wconf 72' lang='lat' dir='ltr'><strong>Har-</strong></span> 
     </span>
    </p>
   </div>
   <div class='ocr_carea' id='block_1_107' title="bbox 2452 4722 4029 4801">
    <p class='ocr_par' dir='ltr' id='par_1_107' title="bbox 2452 4722 4029 4801">
     <span class='ocr_line' id='line_1_107' title="bbox 2452 4722 4029 4801; baseline 0.005 -26"><span class='ocrx_word' id='word_1_747' title='bbox 2452 4722 2749 4785; x_wconf 72' lang='lat' dir='ltr'><strong>tholomaei,</strong></span> <span class='ocrx_word' id='word_1_748' title='bbox 2784 4733 2841 4774; x_wconf 91' lang='lat' dir='ltr'><strong>ut</strong></span> <span class='ocrx_word' id='word_1_749' title='bbox 2873 4730 3023 4790; x_wconf 88' lang='lat' dir='ltr'><strong>patet</strong></span> <span class='ocrx_word' id='word_1_750' title='bbox 3050 4737 3114 4778; x_wconf 77' lang='lat' dir='ltr'><strong>ex</strong></span> <span class='ocrx_word' id='word_1_751' title='bbox 3153 4722 3502 4794; x_wconf 84' lang='lat' dir='ltr'><strong>philosophia</strong></span> <span class='ocrx_word' id='word_1_752' title='bbox 3543 4726 3665 4787; x_wconf 86' lang='lat' dir='ltr'><strong>ejus</strong></span> <span class='ocrx_word' id='word_1_753' title='bbox 3695 4729 3768 4781; x_wconf 86' lang='lat' dir='ltr'><strong>de</strong></span> <span class='ocrx_word' id='word_1_754' title='bbox 3810 4730 4029 4801; x_wconf 71' lang='lat' dir='ltr'><strong>virgini-</strong></span> 
     </span>
    </p>
   </div>
   <div class='ocr_carea' id='block_1_108' title="bbox 2450 4813 4028 4880">
    <p class='ocr_par' dir='ltr' id='par_1_108' title="bbox 2450 4813 4028 4880">
     <span class='ocr_line' id='line_1_108' title="bbox 2450 4813 4028 4880; baseline 0.006 -14"><span class='ocrx_word' id='word_1_755' title='bbox 2450 4821 2558 4866; x_wconf 80' lang='lat' dir='ltr'><strong>tate</strong></span> <span class='ocrx_word' id='word_1_756' title='bbox 2603 4819 2782 4876; x_wconf 83' lang='lat' dir='ltr'><strong>terrae,</strong></span> <span class='ocrx_word' id='word_1_757' title='bbox 2817 4825 2882 4864; x_wconf 79' lang='lat' dir='ltr'><strong>ex</strong></span> <span class='ocrx_word' id='word_1_758' title='bbox 2932 4826 3036 4880; x_wconf 85' lang='lat' dir='ltr'><strong>qua</strong></span> <span class='ocrx_word' id='word_1_759' title='bbox 3080 4813 3241 4867; x_wconf 88' lang='lat' dir='ltr'><strong>homo</strong></span> <span class='ocrx_word' id='word_1_760' title='bbox 3281 4814 3456 4869; x_wconf 78' lang='lat' dir='ltr'><strong>tactus</strong></span> <span class='ocrx_word' id='word_1_761' title='bbox 3509 4827 3613 4869; x_wconf 85' lang='lat' dir='ltr'><strong>est.</strong></span> <span class='ocrx_word' id='word_1_762' title='bbox 3672 4836 3691 4868; x_wconf 73' lang='grc' dir='ltr'><strong><em>ι</em></strong></span> <span class='ocrx_word' id='word_1_763' title='bbox 3752 4818 4028 4875; x_wconf 70' lang='lat' dir='ltr'><strong>Hactenus</strong></span> 
     </span>
    </p>
   </div>
   <div class='ocr_carea' id='block_1_109' title="bbox 2450 4904 4028 4978">
    <p class='ocr_par' dir='ltr' id='par_1_109' title="bbox 2450 4904 4028 4978">
     <span class='ocr_line' id='line_1_109' title="bbox 2450 4904 4028 4978; baseline 0.006 -19"><span class='ocrx_word' id='word_1_764' title='bbox 2450 4905 2751 4969; x_wconf 82' lang='lat' dir='ltr'><strong>Hesselius,</strong></span> <span class='ocrx_word' id='word_1_765' title='bbox 2785 4905 2877 4973; x_wconf 90' lang='lat' dir='ltr'><strong>qui</strong></span> <span class='ocrx_word' id='word_1_766' title='bbox 2910 4904 3061 4959; x_wconf 88' lang='lat' dir='ltr'><strong>hisce</strong></span> <span class='ocrx_word' id='word_1_767' title='bbox 3092 4906 3336 4978; x_wconf 67' lang='lat' dir='ltr'><strong>adiungit</strong></span> <span class='ocrx_word' id='word_1_768' title='bbox 3396 4909 3787 4965; x_wconf 81' lang='lat' dir='ltr'><strong>auctoritatem</strong></span> <span class='ocrx_word' id='word_1_769' title='bbox 3855 4908 4028 4978; x_wconf 70' lang='lat' dir='ltr'><strong>Bcdr,</strong></span> 
     </span>
    </p>
   </div>
   <div class='ocr_carea' id='block_1_110' title="bbox 2451 4997 4028 5072">
    <p class='ocr_par' dir='ltr' id='par_1_110' title="bbox 2451 4997 4028 5072">
     <span class='ocr_line' id='line_1_110' title="bbox 2451 4997 4028 5072; baseline 0.004 -21"><span class='ocrx_word' id='word_1_770' title='bbox 2451 4997 2747 5052; x_wconf 83' lang='lat' dir='ltr'><strong>Historiam</strong></span> <span class='ocrx_word' id='word_1_771' title='bbox 2779 4997 2926 5051; x_wconf 86' lang='lat' dir='ltr'><strong>illam</strong></span> <span class='ocrx_word' id='word_1_772' title='bbox 2970 5000 3397 5068; x_wconf 80' lang='lat' dir='ltr'><strong>pseudo—Abdia:</strong></span> <span class='ocrx_word' id='word_1_773' title='bbox 3455 5004 3832 5072; x_wconf 82' lang='lat' dir='ltr'><strong>reprobantis.</strong></span> <span class='ocrx_word' id='word_1_774' title='bbox 3894 5008 4028 5060; x_wconf 70' lang='lat' dir='ltr'><strong>Beda</strong></span> 
     </span>
    </p>
   </div>
   <div class='ocr_carea' id='block_1_111' title="bbox 2451 5086 4027 5161">
    <p class='ocr_par' dir='ltr' id='par_1_111' title="bbox 2451 5086 4027 5161">
     <span class='ocr_line' id='line_1_111' title="bbox 2451 5086 4027 5161; baseline 0.006 -21"><span class='ocrx_word' id='word_1_775' title='bbox 2451 5098 2631 5140; x_wconf 84' lang='lat' dir='ltr'><strong>autem</strong></span> <span class='ocrx_word' id='word_1_776' title='bbox 2701 5086 2795 5139; x_wconf 86' lang='lat' dir='ltr'><strong>lib.</strong></span> <span class='ocrx_word' id='word_1_777' title='bbox 2857 5086 3267 5140; x_wconf 78' lang='lat' dir='ltr'><strong>Retractationis</strong></span> <span class='ocrx_word' id='word_1_778' title='bbox 3326 5091 3382 5142; x_wconf 77' lang='lat' dir='ltr'><strong>in</strong></span> <span class='ocrx_word' id='word_1_779' title='bbox 3445 5094 3577 5145; x_wconf 77' lang='lat' dir='ltr'><strong>Acta</strong></span> <span class='ocrx_word' id='word_1_780' title='bbox 3642 5097 4027 5161; x_wconf 78' lang='lat' dir='ltr'><strong>apostolorum,</strong></span> 
     </span>
    </p>
   </div>
   <div class='ocr_carea' id='block_1_112' title="bbox 2450 5179 4031 5253">
    <p class='ocr_par' dir='ltr' id='par_1_112' title="bbox 2450 5179 4031 5253">
     <span class='ocr_line' id='line_1_112' title="bbox 2450 5179 4031 5253; baseline 0.008 -20"><span class='ocrx_word' id='word_1_781' title='bbox 2450 5194 2572 5248; x_wconf 87' lang='lat' dir='ltr'><strong>cap.</strong></span> <span class='ocrx_word' id='word_1_782' title='bbox 2617 5194 2655 5245; x_wconf 89' lang='lat' dir='ltr'><strong>t,</strong></span> <span class='ocrx_word' id='word_1_783' title='bbox 2710 5179 2891 5233; x_wconf 84' lang='lat' dir='ltr'><strong>laudat</strong></span> <span class='ocrx_word' id='word_1_784' title='bbox 2929 5180 3130 5234; x_wconf 85' lang='lat' dir='ltr'><strong>dictam</strong></span> <span class='ocrx_word' id='word_1_785' title='bbox 3198 5179 3490 5236; x_wconf 83' lang='lat' dir='ltr'><strong>Historiam</strong></span> <span class='ocrx_word' id='word_1_786' title='bbox 3548 5200 3647 5253; x_wconf 90' lang='lat' dir='ltr'><strong>pro</strong></span> <span class='ocrx_word' id='word_1_787' title='bbox 3696 5184 3933 5244; x_wconf 88' lang='lat' dir='ltr'><strong>Simone</strong></span> <span class='ocrx_word' id='word_1_788' title='bbox 3985 5202 4031 5244; x_wconf 83' lang='lat' dir='ltr'><strong>et</strong></span> 
     </span>
    </p>
   </div>
   <div class='ocr_carea' id='block_1_113' title="bbox 2449 5270 4029 5351">
    <p class='ocr_par' dir='ltr' id='par_1_113' title="bbox 2449 5270 4029 5351">
     <span class='ocr_line' id='line_1_113' title="bbox 2449 5270 4029 5351; baseline 0.006 -25"><span class='ocrx_word' id='word_1_789' title='bbox 2449 5270 2586 5326; x_wconf 77' lang='lat' dir='ltr'><strong>Juda</strong></span> <span class='ocrx_word' id='word_1_790' title='bbox 2626 5272 2911 5341; x_wconf 81' lang='lat' dir='ltr'><strong>apostolis,</strong></span> <span class='ocrx_word' id='word_1_791' title='bbox 2945 5285 3110 5343; x_wconf 89' lang='lat' dir='ltr'><strong>atque</strong></span> <span class='ocrx_word' id='word_1_792' title='bbox 3139 5275 3211 5331; x_wconf 84' lang='lat' dir='ltr'><strong>ita</strong></span> <span class='ocrx_word' id='word_1_793' title='bbox 3271 5276 3509 5346; x_wconf 89' lang='lat' dir='ltr'><strong>loquitur</strong></span> <span class='ocrx_word' id='word_1_794' title='bbox 3561 5280 3628 5331; x_wconf 86' lang='lat' dir='ltr'><strong>ad</strong></span> <span class='ocrx_word' id='word_1_795' title='bbox 3687 5297 3900 5351; x_wconf 63' lang='lat' dir='ltr'><strong>prolios</strong></span> <span class='ocrx_word' id='word_1_796' title='bbox 3927 5300 4029 5336; x_wconf 83' lang='lat' dir='ltr'><strong>tum</strong></span> 
     </span>
    </p>
   </div>
   <div class='ocr_carea' id='block_1_114' title="bbox 2451 5365 4029 5443">
    <p class='ocr_par' dir='ltr' id='par_1_114' title="bbox 2451 5365 4029 5443">
     <span class='ocr_line' id='line_1_114' title="bbox 2451 5365 4029 5443; baseline 0.007 -24"><span class='ocrx_word' id='word_1_797' title='bbox 2451 5376 2697 5420; x_wconf 89' lang='lat' dir='ltr'><strong>nostrum</strong></span> <span class='ocrx_word' id='word_1_798' title='bbox 2762 5383 2776 5419; x_wconf 93' lang='lat'><strong>:</strong></span> <span class='ocrx_word' id='word_1_799' title='bbox 2844 5385 2861 5417; x_wconf 82' lang='lat' dir='ltr'><strong>I</strong></span> <span class='ocrx_word' id='word_1_800' title='bbox 2911 5365 3018 5420; x_wconf 87' lang='lat' dir='ltr'><strong>Hos</strong></span> <span class='ocrx_word' id='word_1_801' title='bbox 3089 5367 3335 5423; x_wconf 81' lang='lat' dir='ltr'><strong>referunt</strong></span> <span class='ocrx_word' id='word_1_802' title='bbox 3393 5370 3656 5437; x_wconf 70' lang='lat' dir='ltr'><strong>historiae,</strong></span> <span class='ocrx_word' id='word_1_803' title='bbox 3710 5376 3770 5427; x_wconf 87' lang='lat' dir='ltr'><strong>in</strong></span> <span class='ocrx_word' id='word_1_804' title='bbox 3835 5380 4029 5443; x_wconf 81' lang='lat' dir='ltr'><strong>quibus</strong></span> 
     </span>
    </p>
   </div>
   <div class='ocr_carea' id='block_1_115' title="bbox 2453 5460 4030 5535">
    <p class='ocr_par' dir='ltr' id='par_1_115' title="bbox 2453 5460 4030 5535">
     <span class='ocr_line' id='line_1_115' title="bbox 2453 5460 4030 5535; baseline 0.008 -25"><span class='ocrx_word' id='word_1_805' title='bbox 2453 5460 2826 5527; x_wconf 78' lang='lat' dir='ltr'><strong>apostolorum</strong></span> <span class='ocrx_word' id='word_1_806' title='bbox 2859 5461 3141 5527; x_wconf 84' lang='lat' dir='ltr'><strong>passiones</strong></span> <span class='ocrx_word' id='word_1_807' title='bbox 3182 5462 3554 5529; x_wconf 84' lang='lat' dir='ltr'><strong>continentur,</strong></span> <span class='ocrx_word' id='word_1_808' title='bbox 3586 5474 3641 5518; x_wconf 85' lang='lat' dir='ltr'><strong>et</strong></span> <span class='ocrx_word' id='word_1_809' title='bbox 3695 5480 3725 5518; x_wconf 87' lang='lat' dir='ltr'><strong>a</strong></span> <span class='ocrx_word' id='word_1_810' title='bbox 3786 5469 4030 5535; x_wconf 74' lang='lat' dir='ltr'><strong>plurimis</strong></span> 
     </span>
    </p>
   </div>
   <div class='ocr_carea' id='block_1_116' title="bbox 2453 5554 4030 5623">
    <p class='ocr_par' dir='ltr' id='par_1_116' title="bbox 2453 5554 4030 5623">
     <span class='ocr_line' id='line_1_116' title="bbox 2453 5554 4030 5623; baseline 0.006 -18"><span class='ocrx_word' id='word_1_811' title='bbox 2453 5561 2776 5620; x_wconf 81' lang='lat' dir='ltr'><strong>reputantur</strong></span> <span class='ocrx_word' id='word_1_812' title='bbox 2807 5554 3148 5622; x_wconf 68' lang='lat' dir='ltr'><strong>apocrypltm.</strong></span> <span class='ocrx_word' id='word_1_813' title='bbox 3183 5554 3507 5623; x_wconf 63' lang='lat' dir='ltr'><strong>praedicasse</strong></span> <span class='ocrx_word' id='word_1_814' title='bbox 3540 5562 3591 5611; x_wconf 91' lang='lat' dir='ltr'><strong>in</strong></span> <span class='ocrx_word' id='word_1_815' title='bbox 3650 5558 3909 5623; x_wconf 77' lang='lat' dir='ltr'><strong>Perside,</strong></span> <span class='ocrx_word' id='word_1_816' title='bbox 3940 5568 4030 5617; x_wconf 75' lang='lat' dir='ltr'><strong>ibi-</strong></span> 
     </span>
    </p>
   </div>
   <div class='ocr_carea' id='block_1_117' title="bbox 2454 5648 4029 5716">
    <p class='ocr_par' dir='ltr' id='par_1_117' title="bbox 2454 5648 4029 5716">
     <span class='ocr_line' id='line_1_117' title="bbox 2454 5648 4029 5716; baseline 0.006 -19"><span class='ocrx_word' id='word_1_817' title='bbox 2454 5660 2559 5714; x_wconf 86' lang='lat' dir='ltr'><strong>quc</strong></span> <span class='ocrx_word' id='word_1_818' title='bbox 2594 5659 2622 5695; x_wconf 90' lang='lat' dir='ltr'><strong>a</strong></span> <span class='ocrx_word' id='word_1_819' title='bbox 2658 5648 2982 5715; x_wconf 82' lang='lat' dir='ltr'><strong>templorum</strong></span> <span class='ocrx_word' id='word_1_820' title='bbox 3031 5648 3377 5716; x_wconf 88' lang='lat' dir='ltr'><strong>pontilicibus</strong></span> <span class='ocrx_word' id='word_1_821' title='bbox 3439 5652 3493 5703; x_wconf 91' lang='lat' dir='ltr'><strong>in</strong></span> <span class='ocrx_word' id='word_1_822' title='bbox 3554 5651 3785 5708; x_wconf 77' lang='lat' dir='ltr'><strong>civitate</strong></span> <span class='ocrx_word' id='word_1_823' title='bbox 3840 5656 4029 5709; x_wconf 83' lang='lat' dir='ltr'><strong>Suanir</strong></span> 
     </span>
    </p>
   </div>
   <div class='ocr_carea' id='block_1_118' title="bbox 2454 5736 4028 5818">
    <p class='ocr_par' dir='ltr' id='par_1_118' title="bbox 2454 5736 4028 5818">
     <span class='ocr_line' id='line_1_118' title="bbox 2454 5736 4028 5818; baseline 0.005 -27"><span class='ocrx_word' id='word_1_824' title='bbox 2454 5752 2682 5791; x_wconf 84' lang='lat' dir='ltr'><strong>OCClSOS.</strong></span> <span class='ocrx_word' id='word_1_825' title='bbox 2724 5736 3000 5807; x_wconf 74' lang='lat' dir='ltr'><strong>Leguntur</strong></span> <span class='ocrx_word' id='word_1_826' title='bbox 3038 5744 3153 5793; x_wconf 62' lang='lat' dir='ltr'><strong>haec</strong></span> <span class='ocrx_word' id='word_1_827' title='bbox 3183 5746 3324 5810; x_wconf 88' lang='lat' dir='ltr'><strong>apttd</strong></span> <span class='ocrx_word' id='word_1_828' title='bbox 3356 5744 3610 5805; x_wconf 79' lang='lat' dir='ltr'><strong>Abdiam,</strong></span> <span class='ocrx_word' id='word_1_829' title='bbox 3646 5762 3774 5818; x_wconf 79' lang='lat' dir='ltr'><strong>Cap.</strong></span> <span class='ocrx_word' id='word_1_830' title='bbox 3809 5752 3864 5803; x_wconf 84' lang='lat'><strong>6.</strong></span> <span class='ocrx_word' id='word_1_831' title='bbox 3897 5752 4028 5803; x_wconf 80' lang='lat' dir='ltr'><strong>circa</strong></span> 
     </span>
    </p>
   </div>
   <div class='ocr_carea' id='block_1_119' title="bbox 2458 5827 4019 5898">
    <p class='ocr_par' dir='ltr' id='par_1_119' title="bbox 2458 5827 4019 5898">
     <span class='ocr_line' id='line_1_119' title="bbox 2458 5827 4019 5898; baseline 0.01 -17"><span class='ocrx_word' id='word_1_832' title='bbox 2458 5827 2641 5881; x_wconf 76' lang='lat' dir='ltr'><strong>tinent.</strong></span> <span class='ocrx_word' id='word_1_833' title='bbox 2696 5847 2712 5881; x_wconf 77' lang='grc' dir='ltr'><strong><em>ι</em></strong></span> <span class='ocrx_word' id='word_1_834' title='bbox 2754 5829 2877 5886; x_wconf 81' lang='lat' dir='ltr'><strong>l’ost</strong></span> <span class='ocrx_word' id='word_1_835' title='bbox 2917 5849 3084 5898; x_wconf 86' lang='lat' dir='ltr'><strong>pauca</strong></span> <span class='ocrx_word' id='word_1_836' title='bbox 3129 5848 3341 5888; x_wconf 83' lang='lat' dir='ltr'><strong>rursum</strong></span> <span class='ocrx_word' id='word_1_837' title='bbox 3396 5834 3538 5890; x_wconf 75' lang='lat' dir='ltr'><strong>Beda</strong></span> <span class='ocrx_word' id='word_1_838' title='bbox 3605 5840 3723 5895; x_wconf 63' lang='lat' dir='ltr'><strong>hac</strong></span> <span class='ocrx_word' id='word_1_839' title='bbox 3790 5840 4019 5895; x_wconf 72' lang='lat' dir='ltr'><strong>scribit:</strong></span> 
     </span>
    </p>
   </div>
  </div>
