4156 6314
190 373 292 441 753

1446 374 1621 436 νιΤΑ
1662 375 1724 434 S.
1770 370 2153 438 MATTH/Ei.

3322 372 3431 435 754

197 506 214 537 ι
251 484 381 539 Cum
425 483 533 547 ille,
576 485 666 554 qui
735 484 987 553 prafatas
1044 485 1412 554 apostolorum
1466 483 1823 553 passionesA
1851 490 2151 542 recentiora
2204 489 2334 554 sint,
2384 490 2683 559 eademque
2729 503 2850 542 cum
2885 486 3026 551 aliis,
3078 487 3180 542 sed
3234 497 3437 547 utcum-

188 575 427 646 Bcripsit,
464 577 581 645 ipse
609 592 667 630 se
702 578 1007 632 certissime
1058 578 1259 631 incerta
1319 585 1372 631 et
1418 576 1550 631 falsa
1611 576 1751 632 scri-

191 670 363 741 psisse
393 669 717 738 prodiderit.
750 669 887 725 Dicit
923 671 1090 729 enim,
1151 668 1277 742 quia
1334 668 1601 724 Candacis
1653 684 1754 723 eu-

190 762 423 823 nuchus,
452 777 611 830 quem
642 762 961 831 baptizasset
990 760 1279 832 Philippus
1336 762 1388 815 in
1448 760 1632 815 Judma
1687 777 1753 816 eo

190 864 434 922 tempore
461 853 625 907 luerit
684 855 735 906 in
794 853 1094 922 Aithiopia,
1163 870 1270 921 quo
1338 851 1623 908 Matthzeus
1680 853 1750 906 ibi

183 945 432 1006 docebat,
462 947 621 1015 eique
660 947 873 1001 docenti
901 947 1159 1000 auxilium
1196 947 1399 1009 tulerit,
1459 962 1579 1000 cum
1644 961 1753 998 ma-

184 1038 444 1092 nifestum
478 1039 548 1092 sit
577 1039 883 1093 Cattdacem
915 1056 1112 1093 nomen
1177 1055 1297 1093 esse
1331 1055 1438 1095 non
1508 1040 1628 1100 viri,
1660 1037 1754 1092 sed

185 1129 399 1183 femina:
432 1146 447 1194 ;
513 1131 562 1183 id
600 1142 699 1194 est,
736 1148 840 1183 non
884 1132 1141 1195 eunuchi,
1193 1134 1284 1184 sed
1344 1130 1574 1183 domina:
1612 1131 1751 1196 ejus,

192 1224 393 1292 regina:
428 1220 680 1275 videlicet
717 1222 1062 1290 Ethiopum.
1091 1238 1228 1292 quas.
1285 1222 1427 1275 sicut
1480 1238 1544 1274 ex
1607 1230 1756 1274 vete-

182 1326 304 1365 rum
340 1314 708 1366 monumentis
750 1319 1140 1381 comperimus,
1197 1329 1387 1367 omnes
1454 1312 1755 1380 antiquitus

181 1405 263 1458 sic
294 1404 556 1472 appellari
579 1406 846 1458 solebant.
888 1426 905 1455 ›
943 1404 1065 1460 Haec
1087 1406 1254 1471 Beda,
1287 1423 1394 1461 non
1425 1408 1600 1461 solum
1623 1407 1755 1461 Acta

185 1513 287 1568 pro
376 1497 699 1567 apocryphis
805 1498 1046 1561 habens,
1136 1501 1231 1553 sed
1314 1513 1503 1553 eorum
1590 1500 1755 1553 etiam

179 1596 463 1640 auctorem
502 1589 772 1642 mendacii
806 1606 1065 1657 arguens.
1103 1590 1332 1645 Possent
1361 1601 1416 1644 et
1453 1592 1622 1643 multa
1654 1590 1757 1644 alia

179 1696 248 1733 ex
280 1680 430 1734 Actis
461 1679 681 1750 allegat-1
708 1682 772 1735 ad
806 1682 965 1735 lidem
1033 1683 1099 1735 iis
1157 1683 1576 1748 detrahendam,
1632 1700 1756 1738 cum

179 1780 373 1825 auctor
400 1772 467 1825 ab
501 1771 657 1825 initio
701 1788 868 1841 usque
924 1774 988 1826 ad
1026 1774 1185 1828 linem
1249 1776 1516 1828 mirabilia
1587 1776 1757 1844 magis

1855 592 1960 648 quc
1992 579 2306 637 emendata.

1927 670 1978 723 7.
2003 667 2391 727 Verumtamen
2428 688 2536 727 non
2564 682 2710 727 tanta
2740 672 2983 728 adhibita
3014 669 3117 725 iuit
3137 670 3429 727 correctio.

1857 769 2077 832 utgesta
2110 763 2162 815 in
2190 763 2255 817 iis
2287 766 2454 819 relata
2476 765 2671 820 ﬂerent
2702 765 2832 821 satis
2857 762 3182 832 probabilia,
3214 761 3429 815 etiamsi

1857 871 1964 908 non
1998 865 2272 910 constaret
2309 856 2378 911 de
2412 857 2625 927 origine
2680 871 2748 911 ex
2805 856 2954 910 fonte
3008 855 3243 925 impuro.
3291 849 3426 905 Nam

1861 949 2035 1015 primo
2070 949 2250 1001 statim
2302 949 2615 1003 advenienti
2677 948 2730 1003 itt
2780 947 3112 1018 [Ethiopiam
3181 945 3429 1003 Matutae

1856 1039 2056 1093 dicitur
2088 1041 2395 1096 occurrisse
2430 1042 2718 1095 eunuchus
2759 1040 2960 1111 reginae
3003 1038 3292 1101 Candacis,
3336 1036 3429 1105 qui

1858 1132 2167 1201 baptizatus
2199 1142 2316 1186 erat
2340 1148 2367 1185 a
2400 1132 2655 1203 Philippo
2687 1132 2806 1186 Act.
2843 1148 2959 1191 vttt.
2995 1140 3054 1185 ut
3093 1138 3281 1184 auctor
3306 1141 3428 1181 om-

1858 1224 1991 1277 nino
2024 1236 2257 1289 asserat,
2295 1225 2603 1284 Matthaaum
2627 1225 2839 1279 venisse
2869 1225 2935 1278 ad
2985 1224 3199 1283 urbem,
3224 1221 3277 1274 in
3323 1235 3429 1289 qua

1857 1316 2039 1385 regina
2067 1316 2323 1371 Candace
2349 1320 2629 1387 regnabat,
2671 1317 2888 1386 quando
2915 1316 3093 1369 dictus
3145 1310 3431 1367 eunuchus

1858 1408 1959 1463 fuit
1994 1423 2307 1462 convcrstts.
2336 1408 2405 1461 At
2439 1409 2511 1461 ibi
2548 1417 2660 1463 tum
2695 1408 2889 1463 dicitur
2925 1407 3093 1461 fuisse
3124 1420 3214 1460 rex
3250 1404 3397 1473 Egyp
3421 1431 3433 1444 -

1861 1514 1983 1566 pus,
2042 1499 2225 1568 regina
2265 1498 2571 1553 Eufeuissa.
2628 1499 2699 1552 De
2759 1498 3037 1563 Candaee,
3088 1512 3208 1566 qua:
3271 1491 3433 1563 paulo

1860 1601 1984 1644 ante
2020 1600 2317 1659 regnasset,
2347 1590 2496 1643 nulla
2555 1590 2613 1643 lit
2677 1590 2907 1643 mentio.
2968 1589 3155 1655 Itaque
3232 1598 3431 1638 nomen

1862 1683 2058 1754 regina:
2096 1683 2378 1737 Enl‘ettissa
2407 1682 2622 1736 videtur
2679 1680 3017 1736 contrarium
3070 1676 3252 1732 verbis
3278 1674 3437 1729 Beda

1861 1790 1981 1827 mox
2016 1775 2177 1839 datis,
2212 1792 2335 1828 cum
2367 1784 2600 1837 asserat,
2633 1775 2890 1829 omnibus
2940 1786 3235 1827 commune
3265 1768 3436 1824 fuisse

178 1871 388 1923 narret,
420 1876 579 1928 quam
606 1862 931 1927 credibilia;
985 1864 1264 1932 multaque
1314 1866 1466 1933 plura
1522 1877 1759 1936 nugetur
1790 1843 1830 1897 Β
1863 1882 2060 1920 nomen
2092 1867 2361 1922 Candace.
2412 1868 2699 1922 Consentit
2758 1867 2984 1929 Plinius,
3019 1865 3113 1919 lib.
3178 1881 3251 1928 vt,
3312 1878 3435 1929 cap.

177 1954 249 2007 de
283 1953 533 2021 paradiso
555 1955 825 2016 terrestri,
862 1972 1019 2024 quant
1077 1959 1389 2012 observavit
1445 1959 1755 2025 Hesselius;

176 2054 236 2098 ct
270 2045 683 2113 conceptionem
710 2047 1039 2102 beatissittta:
1067 2048 1302 2119 Virginis
1326 2062 1565 2120 exponat
1597 2056 1757 2107 modo

176 2136 486 2206 incongrua
503 2146 557 2191 et
590 2139 885 2199 indecenti.
908 2151 966 2194 ut
998 2143 1208 2195 mittam
1261 2144 1385 2196 alia.
1447 2144 1642 2198 Verum
1676 2145 1758 2197 di-

174 2235 265 2281 cta
295 2224 571 2281 sulIit-iunt
608 2229 675 2282 ad
723 2244 941 2283 onmem
996 2231 1153 2285 ﬁdem
1228 2235 1412 2289 Abdiac
1468 2243 1758 2304 personato

174 2317 553 2386 abrOgandam
590 2336 602 2371 :
637 2327 691 2371 at
734 2335 797 2371 ex
829 2321 913 2373 his
949 2323 1050 2374 alia
1081 2325 1211 2376 mihi
1255 2327 1429 2380 oritur
1466 2328 1757 2382 dubitatio.

253 2410 308 2463 6.
338 2413 498 2463 Anno
533 2411 668 2465 1755
701 2411 755 2464 in
785 2412 1119 2466 bibliotheca
1157 2414 1409 2469 Vaticana
1446 2419 1758 2474 invenimus

173 2496 287 2551 alia
323 2499 375 2551 S.
402 2496 637 2551 Mattha-i
675 2502 806 2553 Acta
841 2501 892 2553 in
928 2502 1115 2557 codice
1171 2502 1363 2557 Latino
1401 2507 1560 2570 1188,
1584 2524 1757 2577 eaque

172 2590 540 2645 exscribenda
566 2592 901 2656 curavimus,
983 2603 1037 2648 et
1077 2610 1178 2649 nos
1235 2596 1335 2666 ipsi
1390 2614 1511 2652 cum
1568 2600 1756 2655 codice

171 2680 535 2735 contulimus.
567 2681 688 2734 l-lmc
712 2682 846 2737 Acta
880 2694 1068 2739 carent
1096 2686 1358 2743 omnibus
1416 2690 1557 2743 vitiis
1597 2692 1757 2746 ntodo

172 2768 393 2822 relatis.
426 2770 496 2823 ob
522 2786 641 2838 quae
670 2772 947 2827 Hesselius
996 2778 1129 2829 Acta
1189 2779 1613 2846 pseudo-Abduc.
1671 2800 1758 2838 re-

169 2861 459 2928 probavit,
488 2865 733 2917 eamdem
771 2865 836 2918 de
869 2867 1035 2920 rebus
1070 2871 1232 2939 gestis
1281 2874 1452 2927 sancti
1516 2875 1754 2931 Mattltzei

167 2950 469 3004 continent
498 2953 837 3009 relationem.
871 2954 1051 3021 Quare
1083 2960 1317 3015 dubitari
1352 2974 1548 3032 potest,
1574 2978 1754 3024 utrttm

168 3039 625 3108 pseudo-Abdias
653 3047 952 3102 vetustiora
978 3054 1149 3105 sancti
1186 3053 1431 3123 Apostoli
1490 3060 1622 3113 Acta
1666 3062 1754 3115 in-

1859 1959 1928 2011 29
1982 1960 2204 2019 docens,
2278 1974 2551 2026 «regnare
2607 1958 2865 2011 feminam
2925 1955 3252 2017 Candacem,
3287 1953 3433 2021 quod

1860 2066 2060 2108 nomen
2093 2051 2275 2106 multis
2309 2050 2425 2119 jam
2462 2050 2623 2105 annis
2653 2051 2719 2104 ad
2777 2050 2993 2119 reginas
3050 2046 3290 2106 transiit,
3326 2062 3343 2095 ι
3382 2047 3435 2097 tu

1862 2143 1951 2197 illo
1982 2145 2240 2198 nimirum
2279 2144 2576 2213 Ethiopite
2638 2159 2826 2212 regno,
2902 2144 3059 2210 cujus
3120 2137 3441 2207 metropolis

1860 2247 1976 2291 erat
2001 2237 2203 2292 Meroe.
2231 2237 2638 2290 Asseritautetn
2671 2236 2923 2289 laudatus
2958 2234 3205 2294 .Plinius,
3266 2246 3330 2286 ea
3368 2230 3437 2285 de

1860 2326 2046 2397 regnis
2071 2326 2361 2395 Ethiopia:
2392 2338 2444 2381 et
2470 2325 2679 2381 Meroes
2718 2325 2934 2393 cognita
2961 2332 3019 2378 et
3059 2322 3229 2377 relata
3266 2319 3437 2375 fuisse

1860 2436 1959 2489 per
1993 2421 2361 2490 exploratores
2394 2419 2645 2474 Neronis.
2724 2417 3002 2488 Regnabat
3055 2417 3217 2486 igitur
3256 2413 3437 2483 regina

1858 2512 2117 2566 Candace
2164 2511 2381 2566 Nerone
2436 2512 2737 2578 imperante
2791 2518 2845 2562 et
2895 2507 2989 2561 diu
3037 2507 3287 2561 Candace
3342 2504 3440 2557 ali-

1856 2619 1961 2672 qua
2009 2602 2207 2656 ibidem
2248 2608 2589 2669 regnaverat.
2636 2599 2826 2652 saltem
2871 2614 2900 2651 a
2941 2597 3279 2666 temporibus
3324 2598 3439 2649 Au-

1858 2694 2020 2763 gusti,
2055 2705 2113 2747 ut
2155 2692 2428 2763 Colligitur
2476 2707 2539 2745 ex
2588 2690 2877 2753 Strabone,
2929 2689 3019 2757 qui
3054 2688 3157 2743 sub
3192 2691 3439 2755 Augusto

1858 2787 2065 2841 ﬂoruit.
2099 2785 2296 2840 Strabo
2340 2786 2509 2850 enim,
2569 2783 2664 2837 lib.
2710 2798 2841 2845 xvtt,
2900 2797 3026 2851 pag.
3066 2778 3191 2839 820.
3248 2786 3439 2832 narrat

1857 2879 2098 2943 bellum,
2151 2893 2261 2948 quo
2319 2895 2336 2928 ι
2398 2876 2677 2939 Candace,
2741 2890 2860 2944 qua:
2917 2888 3015 2942 per
3070 2881 3290 2932 nostra,
3354 2871 3438 2923 ln-

1855 2973 1993 3041 quit,
2055 2980 2294 3040 tempora
2349 2970 2701 3038 IEthiopibus
2759 2966 3081 3032 imperavit,
3143 2983 3161 3015 ι
3228 2964 3433 3017 Roma-

1856 3079 1956 3120 nos
1985 3060 2199 3135 Egypti
2231 3062 2483 3116 dominos
2546 3058 2801 3128 impetiit,
2836 3058 3142 3126 imperante
3166 3057 3441 3124 Augusto.

164 3133 553 3199 terpolaverit,
590 3146 643 3192 et
684 3141 867 3193 multis
897 3144 1116 3212 ineptiis
1146 3146 1452 3216 impleverit
1479 3168 1493 3215 ;
1528 3161 1596 3205 an
1625 3170 1751 3208 vero
1778 3180 1821 3236 ο
1858 3160 2045 3226 Itaque
2066 3133 2389 3223 regnarunt
2416 3156 2469 3209 in
2501 3153 2777 3223 ErltiOpia
2810 3153 3032 3222 reginae,
3052 3184 3067 3207 .
3095 3150 3293 3218 quibus
3340 3162 3438 3202 no-

166 3237 461 3279 nonoemo
482 3230 665 3286 Abdite
685 3231 753 3286 de
787 3234 842 3286 S.
863 3233 1116 3290 Ματτὴκο
1136 3238 1571 3297 lucobrationem
1598 3261 1750 3300 cras-

165 3313 423 3371 sioribus
462 3320 737 3375 erroribus
773 3322 1005 3378 Voluerit
1064 3341 1389 3398 expurgare,
1437 3341 1489 3386 et
1519 3333 1598 3389 sic
1618 3337 1750 3391 Acta

172 3402 355 3473 hujus
446 3412 672 3478 aposmli
765 3425 1037 3486 utcunque
1118 3422 1414 3489 probabilia
1502 3430 1748 3485 reddere.

161 3494 482 3569 Utrumque
516 3504 626 3558 ﬁeri
660 3508 835 3574 potuit
864 3550 879 3573 ,
915 3510 1006 3563 sed
1046 3516 1346 3570 secundum
1400 3520 1750 3577 verisimilius

157 3601 261 3646 est
293 3593 365 3647 ob
398 3596 572 3649 varias
617 3600 876 3654 rationes.
914 3600 1096 3656 Primo
1172 3620 1237 3659 ex
1304 3607 1548 3678 allegatis
1594 3610 1750 3667 Beda:

156 3685 361 3777 verbis
397 3687 679 3755 habemus,
732 3695 1097 3766 apocryphant
1148 3697 1291 3752 illant
1329 3700 1394 3756 de
1434 3707 1598 3773 gestis
1627 3722 1753 3777 apo-

154 3776 443 3831 Stolorum
499 3780 792 3840 Historiam
827 3799 976 3844 certo
1012 3791 1371 3861 antiquiorem
1404 3813 1524 3853 esse
1553 3776 1750 3860 smeblo

155 3886 299 3935 vm,
325 3888 446 3929 cum
485 3876 624 3931 Beda
654 3878 897 3934 nonterit
929 3884 1030 3936 sub
1068 3884 1284 3938 initium
1352 3888 1498 3943 illius
1567 3896 1747 3947 swculi

152 3976 231 4021 er
266 3965 413 4018 illam
452 3965 744 4023 Historiam
773 3972 988 4043 alleget,
1045 3990 1152 4029 non
1206 3988 1262 4032 ut
1350 3981 1616 4036 novellam
1658 3996 1751 4040 aut

151 4072 358 4126 nuper
388 4061 702 4127 conlictam,
757 4065 853 4118 sed
908 4074 961 4121 ut
1030 4069 1320 4123 multorum
1376 4072 1582 4139 judicio
1618 4094 1751 4148 apo-

149 4150 465 4222 crypltam.
505 4154 580 4209 Ex
625 4172 688 4209 eo
722 4159 948 4212 ulterius
1001 4161 1213 4229 colligo,
1265 4163 1376 4232 jam
1448 4171 1645 4223 sa'colo
1674 4189 1780 4239 vr,’

148 4260 286 4313 quo
358 4244 584 4301 ﬂorebat
658 4248 960 4306 Venantius
1033 4250 1402 4322 Fortunatus,
1483 4273 1753 4320 vetustam-

145 4339 352 4394 visain
390 4355 508 4393 esse
540 4341 682 4394 illam
720 4340 1037 4411 Historiam,
1073 4364 1194 4403 cum
1260 4354 1626 4410 verisimililer
1683 4374 1749 4414 ex

145 4431 259 4485 illa
298 4431 466 4494 dicat,
494 4448 693 4503 corpus
723 4434 780 4492 S.
840 4438 1070 4493 Matthxi
1129 4458 1250 4497 esse
1320 4446 1373 4498 iit
1442 4448 1747 4509 Naddaver.

1858 3265 1982 3303 men
2018 3258 2133 3301 erat
2166 3246 2433 3305 Candace.
2460 3245 2649 3299 saltem
2708 3245 2777 3297 ab
2836 3246 3075 3311 Angusto
3142 3254 3313 3306 usque
3365 3234 3434 3293 ad

1857 3343 2091 3399 Neronis
2115 3351 2389 3410 tempora;
2422 3354 2521 3394 nec
2550 3337 2695 3392 addit
2727 3337 2953 3398 Plinius,
2991 3334 3095 3388 alio
3128 3333 3289 3387 modo
3320 3332 3436 3385 suis

1860 3435 2197 3505 temporibus
2220 3432 2659 3487 administratum
2686 3430 2854 3485 fuisse
2874 3426 3165 3496 Ethiopia:
3184 3438 3435 3494 regnum.

1857 3527 2018 3597 Atqui
2056 3537 2279 3581 sanctus
2304 3523 2604 3588 Matthteus,
2638 3524 2681 3576 si
2736 3520 3052 3591 praedicavit
3097 3518 3151 3573 in
3215 3514 3435 3570 [Ethio-

1859 3618 1967 3687 pia,
2006 3632 2071 3669 eo
2101 3616 2476 3669 vcrisimiliter
2510 3613 2656 3666 venit
2696 3622 2820 3663 ante
2846 3611 3138 3679 imperium
3175 3605 3429 3671 Neronis,

1857 3720 1951 3764 aut
1990 3718 2139 3763 certe
2177 3707 2388 3761 Nerone
2421 3721 2529 3760 non
2585 3705 2677 3759 diu
2715 3705 3041 3771 imperante.
3082 3698 3276 3754 Omnia
3325 3697 3429 3767 igi-

1862 3814 1967 3864 tur,
2000 3818 2118 3871 qtue
2150 3801 2216 3856 de
2272 3808 2417 3854 statu
2472 3798 2623 3869 regni
2673 3796 2970 3865 Ethiopiaa
3031 3793 3324 3848 traduntur
3374 3790 3435 3843 in

1858 3897 2028 3957 Actis,
2075 3907 2299 3962 prorsus
2327 3892 2578 3946 videntur
2604 3889 2813 3951 lictitia,
2851 3902 2952 3941 uec
2986 3886 3151 3940 ullam
3214 3898 3433 3938 meren-

1860 3998 1946 4043 tur
1978 3988 2157 4041 Iidem.

1929 4081 1980 4135 8.
2002 4080 2120 4133 Non
2158 4080 2337 4133 minus
2368 4075 2551 4131 [latitia
2594 4074 2865 4135 videntur,
2893 4084 3011 4140 qum
3041 4070 3109 4125 de
3140 4081 3433 4138 progressu

1858 4176 1976 4230 fidei
2022 4175 2340 4228 Christianae
2370 4171 2424 4224 in
2459 4166 2735 4235 IEIhiopia
2788 4165 3008 4220 tradmtt
3037 4163 3187 4217 Acta.
3215 4158 3269 4214 Si
3309 4160 3437 4229 quis

1858 4270 2001 4326 enim
2033 4268 2181 4322 Actis
2214 4265 2437 4321 credere
2469 4261 2720 4327 voluerit,
2757 4258 3027 4315 convertit
3055 4256 3113 4311 S.
3145 4254 3433 4311 Matthteus

1860 4378 2040 4431 regem
2073 4360 2375 4431 Egypputn,
2430 4356 2669 4425 reginam
2735 4352 3098 4413 Eufenissam,
3131 4360 3435 4415 eorumque

1862 4455 2058 4517 ﬁlium,
2089 4468 2117 4506 a
2147 4460 2321 4505 morte
2392 4447 2545 4517 prius
2586 4445 2929 4508 suseitatum,
2986 4441 3080 4509 qui
3156 4436 3433 4493 Eui‘ranon

144 4522 354 4576 Tanta
382 4536 533 4580 certo
566 4543 674 4583 non
704 4540 788 4584 est
817 4541 1061 4588 vetustas
1106 4536 1309 4592 codicis
1372 4538 1638 4610 Vaticani,
1701 4547 1753 4601 ίιι
1782 4541 1834 4601 D
1864 4552 2110 4606 vocatur,
2156 4541 2424 4607 liliautque
2450 4536 2824 4606 Epltigeuiant,
2881 4531 3042 4585 modo
3096 4526 3430 4597 lpltigettiam

140 4630 284 4685 quo
322 4616 681 4673 tolerabiliora
725 4631 942 4678 exstant
987 4624 1043 4679 S.
1094 4625 1329 4682 Mattltzei
1399 4632 1551 4687 Acta.
1606 4637 1754 4702 Qua-

139 4720 407 4782 propter
436 4712 692 4767 videntur
738 4714 789 4770 itt
845 4717 935 4772 illo
970 4720 1155 4775 codice
1203 4724 1452 4780 nonnihil
1512 4742 1753 4786 correcta

142 4803 376 4865 fuisse,
411 4814 467 4859 et
503 4806 920 4864 absurdioribus
961 4813 1107 4867 vitiis
1147 4828 1465 4887 expurgatu,
1522 4836 1753 4889 praeser-

140 4896 267 4949 tim
321 4909 444 4947 cotn
480 4897 671 4971 reliqui
716 4902 916 4968 passim
973 4904 1189 4958 codices
1224 4910 1352 4962 Acta
1410 4913 1753 4980 contineant,

136 4982 361 5053 qualia
405 4990 699 5055 suntapud
732 4991 984 5057 Abdtam,
1010 5003 1065 5049 et
1099 4996 1333 5050 necdum
1380 5000 1546 5055 alium
1603 5004 1752 5059 vide-

135 5082 271 5134 rim
319 5080 585 5139 codicem,
628 5082 717 5149 qui
782 5087 1092 5141 consentiat
1156 5104 1277 5142 cum
1332 5090 1422 5145 illo
1470 5092 1751 5151 Vaticano.

137 5173 446 5229 Praeterea
472 5170 526 5226 in
562 5175 664 5229 hoc
718 5178 908 5242 codice
960 5182 1208 5248 ptwl'atio
1262 5185 1496 5253 vulgaris
1552 5189 1752 5245 omissa

132 5275 275 5327 est,
344 5272 399 5317 et
463 5268 758 5323 substituta
829 5271 953 5333 alia,
1007 5289 1123 5341 qtne
1181 5291 1304 5329 cum
1366 5278 1495 5345 ipsis
1551 5292 1754 5350 pugnat

134 5359 357 5413 Actis.
395 5356 526 5412 Nam
572 5363 880 5417 secundum
942 5367 1309 5435 prtel'atiottent
1350 5370 1409 5424 S.
1471 5372 1751 5429 Matthmus

135 5463 379 5522 passus
408 5461 487 5505 est
512 5452 563 5505 in
589 5451 842 5522 Perside;
875 5460 1174 5514 secundum
1197 5463 1349 5526 Acta,
1377 5463 1428 5515 itt
1448 5464 1750 5534 18thiopia.

135 5542 336 5599 Actis
380 5541 512 5606 ipsis
546 5554 793 5599 assutum
827 5550 1086 5605 estaliud
1120 5553 1447 5623 principium
1492 5557 1558 5610 de.
1614 5556 1752 5611 scri-

132 5652 262 5711 pto
318 5649 412 5703 per
438 5635 753 5694 Matthazunt
792 5640 1107 5713 Evangelio,
1178 5657 1230 5700 et
1300 5657 1417 5716 post
1487 5648 1617 5704 illttd
1668 5666 1749 5704 se-

132 5736 427 5800 quuntur
461 5726 595 5783 Acta
629 5734 896 5798 personati
931 5734 1137 5796 Αὺάῑίε.
1187 5737 1279 5792 sed
1346 5740 1592 5793 nonnihil
1658 5757 1750 5794 ex-

133 5831 431 5894 purgata.
487 5821 681 5892 itaque
734 5828 816 5879 vix
882 5826 1129 5882 dubitare
1194 5831 1391 5898 possim
1442 5831 1568 5901 quin
1630 5834 1742 5888 haec

1858 4636 2058 4707 passim
2092 4635 2312 4687 dictant.
2346 4631 2583 4686 Ecclesia
2611 4642 2826 4698 quoque
2854 4632 3166 4679 constructa
3208 4618 3431 4682 dicitur,

1858 4728 1910 4782 in
1947 4743 2051 4796 qua
2087 4724 2371 4778 Matth-eus
2400 4720 2599 4776 sederit
2669 4719 2829 4772 annis
2874 4717 2966 4771 Ξῖ.
3023 4716 3137 4769 Hoc
3185 4721 3433 4781 tempore

1858 4822 2057 4875 multas
2080 4816 2361 4871 fabricavit
2391 4814 2676 4875 ecclesias,
2716 4829 2733 4862 ι
2773 4804 3429 4874 constituitpresbyteros

1854 4923 1908 4968 et
1938 4915 2285 4975 diaconos,...
2317 4918 2371 4962 et
2428 4923 2526 4975 per
2557 4906 2805 4959 civitates
2829 4911 2882 4956 et
2908 4899 3127 4955 castella
3159 4898 3433 4951 ordinavit

1854 5009 2153 5075 episcopos.
2193 5020 2211 5050 ι
2260 5000 2526 5053 Praeterea
2576 5016 2592 5047 ι
2627 4997 2810 5049 omnia
2871 4996 3185 5053 simulacra,
3219 4989 3431 5044 omnia-

1854 5094 2175 5167 quetentpla
2212 5111 2232 5146 ι
2270 5100 2596 5147 asseruntur
2632 5107 2649 5138 ε
2689 5090 2986 5142 destructa.
3030 5102 3049 5136 ι
3104 5084 3237 5137 Filia
3284 5083 3427 5151 regis

1860 5208 1877 5241 α
1921 5186 2217 5257 Epltigeuia
2258 5202 2276 5236 ι
2318 5181 2683 5251 virginitatem
2730 5176 2996 5246 professa,
3066 5192 3086 5227 ι
3121 5183 3238 5229 erat
3288 5189 3425 5243 pra:—

1853 5281 2027 5351 posita
2064 5273 2588 5347 virginumantplius
2671 5287 2832 5342 quant
2875 5268 3255 5323 ducentarum.
3302 5266 3427 5320 Haec

1851 5373 2033 5427 omnia
2065 5370 2205 5423 facta
2259 5367 2541 5428 dicuntur,
2602 5367 2818 5418 vivente
2869 5377 2993 5432 rege
3046 5360 3289 5431 Egyppo.
3349 5358 3425 5410 Eo

1852 5463 2131 5523 defuncto,
2158 5458 2450 5528 occisoque
2482 5456 2541 5511 S.
2590 5456 2840 5510 Matth-.20
2899 5451 2969 5507 ob
3019 5460 3324 5506 recusatum
3354 5445 3423 5506 ab

1856 5553 2149 5625 Ephigcnia
2184 5550 2589 5606 matrimonium
2623 5565 2745 5603 cum
2787 5561 2931 5601 novo
2982 5558 3107 5615 rege
3167 5544 3422 5615 llyrtaco.

1855 5664 1941 5702 res
1998 5644 2432 5699 Christianorum
2471 5640 2684 5695 modico
2735 5650 2975 5709 tempore
3038 5634 3222 5691 minus
3267 5638 3425 5689 erant

1857 5752 2152 5811 prosperae.
2188 5740 2257 5793 At
2281 5751 2403 5792 cum
2436 5735 2659 5805 punitus
2703 5750 2731 5789 a
2766 5749 2824 5788 se
2853 5742 2996 5786 esset
3052 5728 3337 5800 Hyrtacus.
3369 5734 3425 5780 et

1854 5833 2069 5897 proprio
2106 5846 2160 5886 se
2204 5830 2377 5900 gladio
2408 5827 2725 5894 occidisset,
2762 5826 2928 5881 frater
2952 5820 3262 5893 Ephigeniae
3286 5815 3419 5872 dici-
