4156 6314
788 373 894 432 7-55

2010 365 2291 425 MENSIS
2327 361 2796 421 SEPTEMBER.

3934 368 4033 427 756

790 497 878 537 tur
911 499 1134 552 regnum
1163 485 1413 556 adeptus,
1447 489 1688 558 illudque
1732 486 1970 541 tenuisse
1999 485 2155 537 annis
2190 498 2347 537 sexa-
2380 481 2420 534 A
2453 494 2557 531 non
2594 480 2851 543 facerem,
2888 480 2929 533 si
2960 479 3073 535 haec
3099 482 3231 534 Acta
3281 481 3523 544 ederem,
3586 498 3650 536 ex
3708 481 4026 549 apographo

792 579 936 644 ginta
972 578 1167 632 tribus.
1198 598 1216 629 ι
1249 577 1452 634 Omnes
1474 592 1654 635 autem
1683 579 1978 649 provincia:
2030 576 2349 643 Ethiopum

789 666 1037 719 ecclesiis
1072 668 1287 735 repletae
1339 667 1635 723 Catholicis
1690 681 1861 735 usque
1921 664 1976 718 in
2027 662 2349 716 hodiernum

789 757 957 819 diem,
994 757 1403 825 inquitauctor,
1468 774 1567 827 per
1617 756 1969 826 Ephigeniam
2022 754 2351 807 benedicunt

790 849 981 915 Deum,
1036 861 1089 904 et
1122 851 1257 906 fiunt
1297 853 1562 907 mirabilia
1605 868 1794 923 magna
1850 852 1915 906 ad
1952 850 2350 906 confessionem

792 944 933 996 beati
953 946 1179 1012 apostoli
1214 944 1473 999 Matthaai.
1507 966 1524 996 ι
1568 946 1771 1015 Itaque,
1797 944 1839 997 si
1873 944 2021 999 Actis
2050 943 2348 1003 credimus,

791 1038 934 1088 circa
967 1038 1205 1091 medium
1227 1038 1407 1091 saeculi
1443 1054 1475 1091 ιι
1518 1040 1689 1107 magis
1718 1038 1999 1092 Catholica
2055 1036 2160 1089 fide
2194 1035 2353 1089 flore-

789 1129 882 1181 bat
913 1128 1157 1183 Ecclesia
1207 1130 1528 1200 AZthiopiae,
1585 1144 1747 1200 quam
1806 1130 1911 1183 ulla
1985 1125 2090 1182 alia
2142 1127 2195 1180 in
2239 1136 2352 1181 toto

789 1221 1015 1275 mundo.

859 1312 912 1366 9.
950 1314 1019 1365 At
1045 1330 1106 1368 ea
1134 1328 1357 1384 prorsus
1382 1314 1721 1369 incredibilia
1752 1321 1882 1367 sunt
1909 1328 1971 1367 cx
1997 1311 2212 1367 silentio
2237 1326 2352 1367 om-

791 1406 941 1459 nium
970 1408 1298 1475 scriptorum
1334 1409 1701 1477 antiquorum.
1728 1406 1860 1460 Cum
1886 1408 2027 1460 enim
2077 1406 2353 1475 Aithiopia

788 1494 1021 1567 Egypto
1057 1497 1130 1551 sit
1151 1499 1512 1561 contermina,
1538 1512 1648 1551 non
1678 1498 1984 1566 potuissent
2014 1499 2203 1551 Patres
2234 1497 2353 1551 alii-

789 1606 897 1658 que
926 1590 1220 1659 scriptores
1247 1590 1566 1654 Christiani,
1626 1593 1717 1661 qui
1774 1593 2046 1661 prioribus
2101 1590 2355 1645 Ecclesia:

789 1682 1002 1736 srecnlis
1051 1664 1353 1737 ﬂoruerunt
1411 1684 1460 1736 in
1515 1682 1769 1753 Egypto,
1821 1684 1876 1736 in
1954 1684 2259 1744 Palestina,
2300 1682 2351 1735 in

788 1775 992 1839 Africa,
1021 1785 1115 1829 aut
1147 1776 1308 1829 etiam
1337 1778 1389 1829 in
1428 1776 1724 1845 provinciis
1755 1776 1822 1831 ab
1876 1775 2149 1844 Aitliiopia
2187 1775 2355 1845 magis

792 1868 1032 1932 remotis,
1068 1867 1313 1937 ignorare
1346 1868 1641 1923 Ecclesiam
1693 1870 1844 1937 regni
1874 1867 2190 1937 amplissimi
2223 1867 2357 1920 adeo

791 1958 1097 2027 florentem,
1126 1971 1180 2015 et
1204 1962 1273 2015 de
1311 1976 1372 2015 ea
1398 1977 1624 2030 prorsus
1651 1971 1853 2016 tacere.
1895 1959 2098 2016 Deinde
2162 1975 2290 2013 vero
2315 1960 2357 2013 si

790 2048 1099 2103 Christiana
1159 2050 1292 2103 fides
1317 2059 1423 2103 tam
1447 2051 1586 2105 bene
1607 2051 1827 2104 fundata
1856 2050 2049 2103 fuisset
2075 2049 2127 2101 in
2148 2046 2361 2100 [Ethio—

799 2142 907 2209 pia,
934 2156 1039 2194 non
1070 2143 1335 2210 potuisset
1363 2142 1654 2205 climinari,
1693 2142 1803 2195 nisi
1839 2140 2176 2210 gravissimis
2237 2154 2360 2208 pcr-

792 2234 1170 2289 secutionibus
1198 2227 1258 2288 ef
1279 2234 1441 2305 longo
1486 2243 1749 2303 tempore.
1778 2231 1853 2286 De
1891 2232 1973 2285 his
2001 2240 2181 2285 autem
2238 2245 2363 2299 pcr—

792 2324 1164 2379 secutionibus
1199 2324 1387 2378 saltem
1430 2324 1754 2378 innotuisset
1786 2322 2003 2376 illorum
2057 2330 2360 2389 temporum

796 2416 1185 2482 scriptoribus,
1209 2416 1301 2483 qui
1339 2416 1403 2468 de
1437 2415 1541 2467 illis
1566 2430 1669 2467 non
1708 2414 2029 2473 tacuissent,
2069 2422 2231 2481 prout
2258 2426 2365 2465 non

792 2521 982 2560 omnes
1018 2517 1296 2560 tacuerunt
1332 2507 1400 2560 de
1434 2506 1903 2576 persccutionibus
1934 2504 2365 2558 Christianorum

795 2598 845 2650 in
868 2596 1107 2663 Perside,
1135 2598 1223 2655 ubi
1253 2600 1382 2653 fides
1405 2614 1678 2667 nunquam
1707 2599 1963 2653 tambene
1994 2600 2093 2650 luit
2112 2598 2365 2662 stabilita,

793 2706 952 2758 quam
979 2691 1268 2745 stabilitam
1299 2691 1464 2745 fuisse
1507 2692 1558 2743 in
1584 2688 1854 2759 {Ethiopia
1889 2702 2077 2743 auclor
2110 2692 2366 2743 Actorum

794 2784 1075 2838 confinxit.
1111 2780 1224 2837 Hoc
1253 2793 1432 2837 tamen
1473 2792 1845 2851 argumentum
1872 2783 2035 2835 nolim
2059 2782 2227 2836 lector
2255 2797 2371 2835 ver-

797 2884 876 2929 tat
937 2886 1125 2929 contra
1153 2874 1599 2943 praedicationem
1634 2873 1805 2941 ipsam
1856 2872 2024 2925 sancti
2060 2872 2292 2925 Mattlnei
2318 2873 2366 2924 in

794 2966 1097 3036 IEthiOpia,
1131 2969 1197 3022 de
1220 2982 1323 3036 qua
1358 2981 1457 3021 suo
1521 2966 1643 3020 loco
1704 2979 1901 3035 agam:
1977 2979 2166 3034 magna
2219 2964 2365 3017 enim

796 3059 1271 3128 estdiscrepantia
1306 3059 1450 3112 inter
1480 3058 1781 3127 simplicem
1837 3056 1960 3111 ﬁdei
2016 3057 2361 3125 praedicatio-

2452 580 2638 624 nustro
2671 570 3046 624 brevissimum
3092 572 3230 625 dabo
3261 574 3668 643 compendium,
3732 573 3881 643 quod
3926 572 4028 625 suf-

2456 660 2598 714 ficiet
2627 659 2692 714 ad
2728 659 2882 713 fidem
2907 660 2971 714 iis
2996 660 3407 716 detrahendam.

2526 772 2611 827 Η.
2645 773 3005 827 Constituitur
3027 784 3246 829 sanctus
3274 774 3561 829 Mattliaeus
3586 777 3742 845 quasi
3774 792 3841 829 ex
3863 777 4027 830 abru-

2455 874 2547 932 pto
2576 864 2723 917 solns
2753 864 2804 916 in
2837 874 3019 918 monte
3054 879 3237 927 orans,
3270 865 3565 934 vidensque
3628 881 3837 931 pueros
3894 869 4029 919 mul-

2457 962 2540 1006 tos
2572 969 2695 1006 cum
2736 954 2864 1007 Jesu
2899 955 3127 1023 parvulo
3153 955 3205 1008 in
3232 956 3479 1023 paradiso
3543 967 3856 1009 cantantes.
3915 956 4030 1010 Mox

2455 1045 2606 1098 adest
2634 1043 3013 1108 Jesusoranti,
3076 1052 3131 1097 et
3193 1045 3471 1111 apostolus
3558 1045 3746 1099 videns
3800 1061 4029 1111 puerum

2456 1138 2905 1207 pulcherrimum,
2949 1138 3172 1191 multum
3200 1136 3587 1190 sollicitudinis
3620 1138 3891 1202 insinuat,
3926 1153 4031 1205 quo

2455 1245 2580 1283 eum
2616 1230 2774 1283 modo
2811 1229 3023 1281 nutrire
3075 1227 3243 1297 possit
3298 1228 3350 1279 in
3422 1227 3542 1281 loco
3584 1226 3828 1290 deserto,
3888 1230 4033 1281 omni

2455 1320 2578 1373 cibo
2614 1330 2667 1372 et
2692 1316 2818 1386 potu
2855 1317 3163 1372 destitutus.
3184 1323 3251 1370 At
3285 1317 3444 1371 .lcsus
3468 1318 3705 1386 explicat
3728 1320 3855 1384 quis
3879 1324 4035 1375 sit.et

2459 1410 2804 1480 postmultos
2837 1424 3120 1463 sermones
3158 1408 3381 1461 minime
3438 1409 3797 1472 verisimiles,
3840 1410 4036 1476 quibus

2458 1500 2598 1553 inter
2619 1501 2723 1551 alia
2742 1498 2892 1564 dicit,
2922 1497 3189 1551 Herodem
3226 1496 3277 1548 iu
3313 1495 3531 1550 inferno
3571 1511 3691 1549 esse
3749 1496 3824 1549 ob
3860 1499 4036 1549 occisa

2458 1591 2708 1645 undecim
2743 1604 3037 1658 puerorum
3110 1586 3298 1649 millia,
3344 1587 3599 1640 Mattharo
3653 1588 3747 1643 dat
3802 1588 4032 1657 virgam,

2461 1698 2624 1752 quam
2675 1682 2830 1751 jubet
2854 1680 3099 1750 plantare
3125 1680 3276 1749 juxta
3332 1686 3543 1747 portant
3595 1680 3850 1733 ecclesia:
3917 1680 4037 1732 fnu-

2461 1775 2597 1828 data:
2623 1775 2689 1828 ab
2711 1775 2826 1842 ipso
2855 1781 2909 1826 et
2936 1771 3147 1825 Andrea
3178 1773 3421 1839 apostolo
3465 1772 3517 1823 in
3554 1771 3772 1824 civitate
3796 1772 4038 1827 Anthro-

2462 1866 3106 1937 pophagoruin.Virgam
3139 1864 3269 1918 dicit
3320 1876 3603 1917 evasuram
3656 1864 3713 1916 in
3757 1864 4037 1925 arborem,

2461 1959 2694 2029 indeque
2728 1958 2994 2012 oriturum
3024 1957 3254 2019 fontem,
3288 1954 3355 2008 de
3384 1970 3489 2023 quo
3510 1955 3589 2009 uti
3640 1964 3696 2009 et
3749 1954 3820 2008 dc
3851 1954 4041 2007 arbore

2463 2053 2834 2121 adjunguntur
2858 2048 3067 2102 fabella:
3107 2047 3391 2116 plurimre;
3419 2047 3798 2116 prmdicloque
3826 2051 4041 2100 demum

2467 2145 2725 2214 martyrio
2757 2142 2992 2195 Matthzei
3030 2158 3125 2210 per
3153 2140 3358 2208 ignem,
3396 2155 3532 2208 puer
3556 2140 3767 2193 subito
3804 2141 3876 2193 ad
3939 2156 4043 2194 co:-

2466 2238 2575 2289 lum
2608 2235 2917 2287 revertitur.
2946 2232 3231 2284 Matthazus
3259 2245 3386 2284 vero
3416 2235 3481 2283 ad
3533 2232 3725 2283 urbem
3759 2244 4042 2299 properat,

2465 2328 2680 2397 quando
2706 2333 3002 2379 occurrunt
3035 2322 3313 2376 Phulbana
3348 2322 3552 2392 regina,
3583 2319 3917 2377 Pliulbanus
3938 2325 4043 2390 ejus

2468 2420 2630 2481 filius,
2672 2428 2727 2470 et
2784 2417 2946 2486 hujus
3000 2430 3134 2469 uxor
3199 2415 3364 2478 Erba,
3434 2429 3624 2467 omnes
3661 2416 4044 2484 energumeni,

2469 2511 2797 2564 etMatthalo
2857 2510 3192 2572 minitantes,
3259 2524 3327 2561 ne
3391 2510 3661 2577 plantaret
3712 2512 3952 2579 virgam.
3985 2514 4045 2563 At

2470 2600 2555 2653 his
2622 2600 2849 2669 singulis
2921 2614 3113 2652 manus
3161 2599 3471 2667 imponens,
3526 2600 3687 2668 ejecit
3747 2600 4045 2661 dzeiuones.

2470 2702 2662 2746 ctmox
2690 2691 2912 2745 obvium
2961 2691 3151 2745 habuit
3198 2690 3478 2745 Platonem
3538 2691 3872 2761 episcopum
3935 2708 4046 2744 cum

2473 2792 2583 2836 toto
2614 2783 2780 2837 clero.
2815 2782 3154 2852 Congregato
3224 2782 3419 2835 deinde
3462 2784 3693 2850 populo,
3731 2797 4045 2846 sermonem

2473 2874 2729 2938 instituit,
2788 2883 2840 2927 et
2868 2874 3067 2943 virgam
3095 2873 3320 2941 plantat,
3362 2882 3439 2936 et.
3485 2872 3718 2940 jubeute
3774 2876 4046 2942 apostolo.

2471 2965 2623 3018 Plato
2672 2966 2916 3035 reginam
2956 2967 3183 3035 ejusque
3220 2965 3385 3018 lilium
3418 2974 3472 3018 et
3519 2981 3723 3019 nurum
3786 2967 4047 3034 baptizat.

2476 3060 2741 3114 Postridie
2782 3058 2928 3127 virga
2958 3058 3011 3111 in
3044 3058 3293 3111 arborem
3327 3066 3575 3111 creverat
3610 3068 3663 3110 et
3735 3057 3948 3111 fluvius
3995 3075 4050 3109 el

798 3166 920 3204 nem
954 3167 1075 3205 cum
1106 3150 1367 3203 nonnullo
1395 3151 1556 3202 etiam
1591 3148 1793 3210 fructu,
1844 3157 1899 3199 et
1951 3148 2362 3200 conversionem
2390 3160 2434 3222 ε
2469 3151 2665 3203 arbore
2737 3146 3139 3217 egrediebatur.
3206 3144 3446 3214 Populus
3512 3160 3642 3199 vero
3713 3149 4051 3203 mandurans

800 3245 967 3298 totius
996 3243 1172 3312 regni,
1201 3258 1322 3311 qua:
1351 3242 1415 3295 ad
1445 3242 1714 3308 integrum
1752 3240 1865 3293 fere
1919 3240 2176 3293 saeculum
2243 3238 2362 3291 sine

801 3335 1269 3402 pcrsecutionibus
1298 3334 1489 3387 fuisset
1524 3334 1837 3387 continuata
1877 3333 2177 3386 secundum
2205 3334 2359 3395 Acta,

797 3439 852 3480 et
883 3430 960 3482 sic
987 3428 1191 3496 optime
1223 3425 1451 3479 ﬁrmata.
1496 3425 1762 3479 Czeterum
1789 3426 1955 3477 multa
1983 3439 2200 3494 quoque
2253 3424 2360 3477 alia

798 3523 855 3574 in
888 3522 1036 3575 Actis
1056 3529 1186 3573 sunt
1232 3519 1627 3587 improbabilia,
1665 3534 1785 3585 quae
1830 3518 2066 3571 breviter
2116 3518 2168 3569 iu
2198 3519 2364 3571 aduo-

802 3613 930 3668 tatis
958 3612 1245 3681 assignabo
1272 3630 1285 3667 :
1317 3626 1440 3665 nam
1472 3613 1586 3665 haec
1622 3612 1780 3673 Acta,
1812 3612 2061 3679 quamvis
2119 3609 2360 3664 fabulosa
2442 3660 2447 3669 ,

800 3707 1109 3771 sint,edere
1138 3708 1325 3772 statui,
1381 3706 1505 3774 quia
1595 3704 1771 3758 Latini
1852 3704 2206 3768 recentiores,
2272 3703 2362 3771 qui

800 3810 969 3869 agunt
1002 3801 1069 3854 dc
1099 3809 1289 3853 sancto
1320 3798 1595 3861 Matthaeo,
1618 3797 1799 3850 omnia
1833 3796 1944 3850 fere
1979 3812 2075 3850 sua
2120 3813 2187 3850 ex
2261 3797 2365 3850 illis

802 3894 1128 3946 hauserunt.

874 3985 961 4042 10.
1003 3988 1136 4039 Acta
1169 3984 1357 4039 Graeca
1397 4023 1411 4047 ,
1439 4000 1501 4039 ex
1536 3984 1735 4053 quibus
1755 3984 2089 4038 recentiores
2144 3983 2362 4052 quidam

800 4080 871 4136 de
901 4089 1093 4135 sancto
1171 4078 1426 4131 Matthan
1488 4085 1734 4145 egerunt,
1792 4076 1951 4129 nobis
2010 4076 2254 4129 similiter
2301 4077 2364 4128 ad

803 4186 1027 4227 manum
1092 4179 1239 4234 sunt,
1281 4168 1552 4238 descripta
1601 4182 1668 4221 ex
1727 4167 1917 4220 codice
1970 4165 2230 4219 Vaticano
2264 4168 2368 4221 808

806 4268 949 4320 inter
967 4263 1205 4319 Graecos.
1234 4262 1382 4315 Nihil
1412 4262 1527 4315 haec
1559 4260 1762 4314 habent
1794 4272 2083 4313 commune
2130 4273 2250 4312 cum
2272 4258 2370 4311 La-

804 4357 937 4411 tinis
971 4353 1475 4424 modoimprobatis
1498 4368 1512 4415 ;
1537 4355 1630 4406 sed
1653 4352 1799 4405 hisce
1815 4353 1977 4405 etiam
2013 4351 2184 4421 magis
2242 4358 2369 4404 sunt

806 4449 1083 4513 informia,
1120 4448 1396 4516 magisque
1431 4445 1677 4509 ridicula,
1718 4459 1841 4499 cum
1874 4459 1983 4497 non
2032 4446 2132 4499 nisi
2170 4460 2370 4513 pauco-

808 4556 927 4594 rum
968 4540 1179 4594 dierum
1212 4549 1360 4608 gesta
1395 4538 1508 4591 fere
1532 4537 1870 4599 contineant,
1921 4544 1975 4588 et
2026 4536 2161 4588 nihil
2224 4538 2368 4591 refe-

808 4641 929 4686 rant
966 4640 1159 4701 pr:ctcr
1185 4630 1393 4699 aliquot
1421 4627 1559 4683 facta
1590 4637 1646 4682 et
1696 4626 1939 4696 prodigia
2003 4627 2162 4697 plane
2184 4617 2372 4681 incre-

804 4725 1014 4779 dibilia.
1048 4723 1249 4777 Ilorum
1286 4725 1543 4777 Actorum
1582 4722 1961 4791 compendium
1987 4722 2369 4790 datNicepho—

809 4835 902 4875 rus
940 4817 1216 4877 Callistus,
1244 4816 1337 4869 lib.
1406 4832 1440 4868 ιι
1511 4814 1788 4875 Historiae,
1857 4830 1976 4881 cap.
2019 4814 2107 4866 41.
2160 4814 2232 4867 De
2269 4815 2372 4868 hoc

809 4912 1131 4980 compendio
1158 4908 1418 4963 Baronins
1450 4908 1501 4961 in
1534 4908 1805 4961 adnotatis
1833 4908 1898 4960 ad
1934 4906 2369 4976 Martyrologium

807 5005 879 5059 ita
934 5002 1191 5071 loquitur.
1234 5020 1250 5051 ‹
1300 5000 1567 5053 Nonnulla
1603 5001 1668 5052 de
1716 4998 1963 5053 Mattlneo
1995 4998 2180 5053 scribit
2214 5000 2372 5054 Nice~

806 5096 1034 5165 phorus,
1067 5094 1158 5149 lib.
1200 5109 1256 5151 It,
1296 5106 1413 5160 cap.
1444 5092 1502 5143 4|
1540 5108 1551 5152 ;
1587 5092 1681 5143 sed
1733 5106 1852 5159 tlute
1900 5091 2106 5143 nullius
2149 5102 2371 5157 prorsus

809 5196 939 5242 sunt
970 5188 1278 5241 testimonio
1306 5185 1673 5253 comprobata.
1718 5202 1733 5231 ι
1795 5182 1881 5237 Vel
1916 5186 1993 5237 sie
2058 5195 2235 5238 tamen
2274 5181 2371 5237 Νι-

807 5282 1028 5350 cepliori
1062 5278 1440 5345 compendium
1465 5278 1611 5342 Artis
1646 5277 1777 5344 ipsis
1812 5276 1989 5328 minus
2037 5279 2225 5330 saltem
2286 5288 2369 5331 est

810 5374 1284 5436 ridiculum;cum
1342 5370 1515 5422 multa
1564 5369 1813 5423 omiserit
1884 5370 2135 5437 adjuncta
2204 5371 2371 5437 magis

813 5476 1000 5536 aperte
1029 5466 1285 5529 fabulosa,
1310 5475 1364 5517 et
1396 5462 1552 5515 initio
1581 5477 1747 5529 pauca
1803 5462 2122 5530 praemiserit
2153 5462 2218 5514 de
2243 5473 2369 5514 san—

811 5568 898 5617 cto
931 5559 1181 5613 Mattha‘o
1216 5557 1429 5611 aliunde
1455 5564 1601 5610 nota.
1640 5555 1919 5609 Exiisdem
1987 5555 2133 5607 Actis
2156 5564 2372 5607 contra-

813 5663 960 5707 ctum
989 5663 1066 5704 est
1099 5651 1355 5725 elogium,
1392 5649 1530 5717 quod
1554 5646 1816 5703 exhibent
1848 5646 2046 5700 Menam
2107 5646 2369 5716 impressa

807 5746 877 5802 Id
910 5761 994 5797 xvi
1034 5742 1353 5799 Novembris
1390 5758 1407 5805 ;
1435 5742 1527 5795 sed
1554 5753 1604 5795 et
1632 5741 1703 5795 ibi
1730 5740 1905 5807 aliqua
1944 5739 2097 5795 initio
2116 5742 2371 5795 dicuntur

813 5838 1022 5901 abaliis
1052 5838 1390 5897 documentis
1414 5844 1651 5903 accepta.
1710 5834 1843 5889 Cum
1907 5847 2082 5903 operte
2136 5838 2365 5905 pretium

2467 3232 2704 3292 fructum
2732 3236 2945 3290 arboris
2977 3233 3230 3304 cognovit
3261 3249 3320 3288 se
3372 3234 3576 3287 nudum
3646 3250 3800 3297 esse,
3860 3243 4051 3291 erube-

2465 3341 2789 3397 scentcsque
2822 3328 3018 3398 singuli
3052 3328 3273 3380 domum
3309 3341 3676 3380 curtirreruut
3735 3326 3806 3379 ad
3877 3341 4049 3383 vestes

2466 3421 2882 3486 comparandas.
2946 3418 3101 3470 Mitto
3162 3432 3333 3485 nugas
3384 3417 3613 3479 similes,
3676 3426 3741 3469 ut
3792 3419 3965 3475 citius
3997 3420 4050 3471 ad

2468 3512 2659 3566 fabula:
2695 3510 3079 3579 catastrOphen
3119 3508 3523 3579 perveniamus.

2540 3624 2624 3677 l2.
2660 3622 2972 3678 Phulbanus
3035 3638 3153 3686 rex,
3233 3621 3498 3677 excitatus
3550 3637 3578 3675 a
3626 3623 3917 3690 daemone,
3972 3628 4049 3681 diu

2469 3722 2665 3777 frustra
2704 3723 3020 3775 Matth-xum
3055 3719 3526 3787 comprehendere
3552 3731 3819 3781 conatur,
3869 3737 3935 3773 ac
3972 3722 4053 3772 de-

2469 3830 2637 3874 mum.
2684 3813 2773 3866 ubi
2804 3814 2981 3882 ipsum
3026 3810 3407 3872 advocaverat,
3438 3808 3687 3861 caecitate
3724 3812 4049 3877 percutitur.

2470 3907 2705 3961 San'atus
2728 3905 2794 3958 ab
2831 3903 3097 3973 apostolo,
3133 3901 3280 3955 hunc
3310 3901 3395 3955 vel
3463 3900 3543 3955 sic
3601 3902 4051 3969 comprehcndit.

2469 4013 2522 4055 et
2557 4000 2729 4069 longis
2784 3999 2953 4052 clavis
3010 4006 3166 4049 teme
3233 3994 3373 4062 affigi
3414 3994 3590 4062 jubet,
3655 3996 4053 4062 materiemque

2471 4091 2694 4144 multam
2725 4088 2879 4143 facile
2910 4081 3347 4141 combustibilem
3398 4084 3543 4137 circa
3601 4084 3788 4150 ipsum
3829 4100 4051 4154 congre-

2468 4181 2605 4251 gari,
2643 4190 2698 4234 et
2734 4178 2811 4232 sic
2843 4175 3113 4231 comburi.
3177 4175 3374 4230 Verum
3444 4174 3740 4229 combusta
3837 4178 4049 4243 quidem

2470 4272 2697 4325 materia
2726 4270 3149 4339 circumposita,
3182 4283 3296 4321 non
3332 4268 3460 4321 item
3522 4266 3685 4320 laesus
3743 4269 4047 4335 apostolus.

2469 4363 2642 4416 Jussit
2671 4362 2834 4431 igitur
2858 4377 2950 4415 rex
2985 4360 3271 4414 duodecim
3303 4360 3434 4413 deos
3448 4374 3646 4413 aureos
3686 4372 3747 4414 et
3765 4374 4051 4430 argenteos

2472 4458 2673 4511 circum
2701 4468 2885 4525 pyram
2920 4453 3070 4523 poni,
3114 4468 3184 4507 ne
3248 4451 3328 4506 vis
3354 4451 3582 4506 flammae
3640 4452 4048 4521 impediretur;

2478 4549 2701 4615 ipseque
2745 4547 2810 4601 ad
2827 4546 3002 4600 locum
3028 4546 3280 4601 accessit.
3307 4544 3375 4598 At
3404 4544 3493 4597 ubi
3523 4544 3753 4597 incensa
3784 4558 3877 4599 est
3908 4563 4048 4615 pyra,

2476 4655 2598 4693 mox
2641 4639 2781 4709 ignis
2812 4638 3035 4693 recessit
3072 4653 3102 4691 a
3153 4637 3428 4699 Matthteo,
3477 4637 3910 4706 combussitque
3941 4655 4049 4691 om-

2478 4747 2573 4786 nes
2598 4731 2728 4784 deos
2755 4745 2947 4783 aureos
2973 4740 3027 4783 et
3053 4741 3362 4798 argenteos,
3396 4728 3816 4796 fugientemque
3876 4746 4047 4803 regem

2476 4822 2742 4891 serpentis
2778 4820 2957 4888 specie
3015 4820 3317 4883 insecutus,
3348 4818 3669 4886 prohibebat
3704 4820 3776 4871 ab
3805 4820 4047 4889 ingrestu

2476 4914 2656 4982 palatii
2690 4910 2794 4975 sui,
2822 4912 2997 4966 donec
3057 4918 3425 4965 reverteretur
3474 4909 3542 4963 ad
3598 4906 3952 4971 Mattharum.
3993 4907 4049 4964 ab

2476 5018 2649 5073 eoque
2681 5002 3110 5057 misericordiam
3150 5010 3383 5069 peteret.
3430 4998 3593 5061 Tum,
3655 5012 3863 5054 orante
3931 5002 4050 5053 ﬂat-

2477 5102 2637 5165 thteo,
2664 5099 2851 5167 igneus
2877 5098 3039 5150 draco
3069 5095 3290 5147 evanuit
3320 5110 3333 5156 ;
3391 5093 3674 5162 apostolus
3710 5110 3848 5147 vero
3896 5109 4049 5149 orans

2476 5192 2720 5257 Spiritum
2759 5190 2867 5241 Deo
2893 5187 3129 5248 tradidit,
3154 5195 3207 5238 et
3229 5185 3447 5253 quidem
3480 5185 3568 5238 die
3608 5186 3669 5238 16
3699 5186 4046 5245 Novembr-is,

2474 5288 2517 5338 si
2560 5281 2845 5338 fabuiatori
2883 5279 3171 5333 credimus.
3201 5280 3268 5331 At
3330 5280 3564 5332 necdum
3617 5278 3938 5331 fabularum
3996 5282 4048 5329 ti-

2475 5379 2578 5430 nis.
2603 5376 2761 5429 Jobet
2790 5389 2881 5426 rex
2914 5372 3155 5425 defuncti
3183 5387 3402 5438 corpus,
3495 5384 3664 5422 aureo
3731 5370 4045 5438 impositum

2477 5471 2632 5530 lecw,
2661 5467 2725 5519 ad
2762 5465 3017 5535 palatium
3049 5479 3203 5516 suum
3233 5461 3457 5529 perferri
3489 5483 3501 5515 :
3532 5463 3737 5516 deinde
3776 5463 4043 5515 inclusum

2475 5578 2611 5614 arca:
2648 5559 2854 5617 ferrcre,
2886 5557 3104 5626 plumbo
3132 5555 3290 5608 etiam
3318 5566 3573 5623 gravatze,
3615 5556 3669 5607 in
3748 5572 3906 5609 mare.
3941 5572 4048 5624 pre—

2472 5653 2584 5722 jici,
2631 5661 2690 5704 ut
2756 5651 3025 5706 crederet.
3066 5647 3107 5701 si
3140 5661 3338 5713 corpus
3362 5663 3427 5700 ex
3465 5647 3602 5699 mari
3640 5646 3853 5699 rediret
3911 5652 4047 5697 inm-

2476 5746 2638 5799 lume.
2669 5742 2763 5798 llis
2818 5743 3066 5812 peractis,
3097 5750 3321 5808 apparet
3341 5749 3569 5794 sanctus
3617 5737 3917 5794 Mattharns
3944 5736 4045 5789 Pla-

2480 5835 2589 5894 toni
2615 5836 2890 5904 episcOpo,
2915 5840 3223 5898 monetque,
3265 5838 3319 5884 ut
3356 5828 3420 5883 ad
3458 5846 3613 5886 mare
3648 5829 3913 5901 procedat
3953 5830 4039 5878 nti
