4156 6314
207 371 295 433 757

1463 364 1638 431 VITA
1673 372 1735 432 S.
1776 370 2159 431 ΜΑΤΤΗΑΞΙ.

3315 366 3418 430 758

205 488 405 542 solemni
437 504 562 541 cum
594 489 743 543 clero
765 504 887 543 suo.
932 490 1069 543 Cum
1100 492 1172 543 ibi
1209 500 1414 553 essent,
1449 490 1593 543 circa
1628 505 1751 544 sex-
1780 490 1825 548 A
1855 499 1907 542 et
1940 489 1993 542 in
2029 489 2171 543 idem
2192 491 2409 555 recidit,
2435 491 2576 547 sicut
2604 500 2657 544 et
2683 490 2889 559 reliqua
2943 490 3153 551 omnia,
3208 489 3424 543 duobus

207 579 402 633 tatndiei
433 579 619 633 horam
648 579 793 635 videt
818 597 846 633 e
872 581 1169 653 longinquo
1196 583 1487 652 epiSCOpus
1503 592 1749 637 Sanctum

204 672 490 726 Matthazuin
528 674 671 728 inter
706 676 844 729 duos
863 677 1006 730 viros
1040 676 1413 730 ambulantem
1440 692 1536 740 per
1560 693 1707 730 mare
1736 694 1747 731 :

204 775 306 834 post
343 764 527 819 horam
561 767 709 821 videt
744 784 961 822 crucem
990 786 1020 823 e
1065 770 1200 823 mari
1273 783 1670 839 emergentem,
1698 778 1753 824 et

201 855 259 907 ad
292 854 437 907 finem
466 857 647 910 crucis
675 873 878 923 arcam,
912 860 962 914 in
997 877 1101 929 qua
1134 872 1253 916 erat
1306 863 1493 918 Sancti
1529 882 1749 935 corpus.

202 946 309 1001 Haec
335 960 511 1003 autem
554 966 772 1005 crucem
805 955 1135 1022 sequebatur
1170 973 1341 1026 usque
1386 961 1452 1013 ad
1528 970 1747 1016 terram.

266 1043 337 1095 l5.
378 1042 454 1096 Re
489 1044 787 1107 intellecta,
815 1051 1055 1104 accurrit
1091 1053 1347 1120 populus,
1382 1065 1435 1109 et
1464 1072 1555 1110 rex
1611 1058 1747 1123 ipsis.

200 1132 421 1201 deposita
452 1137 599 1189 omni
624 1137 1026 1203 incredulitate,
1049 1146 1282 1206 accedit,
1316 1158 1627 1214 prostratus
1656 1167 1749 1203 ve-

196 1227 323 1279 niam
356 1229 505 1295 petit,
546 1240 596 1282 et
627 1229 785 1285 fidem
834 1234 1199 1300 amplectitur.
1236 1237 1419 1302 Quare
1454 1241 1749 1298 honorifice

195 1317 252 1369 ad
279 1319 555 1372 ecclesiam
597 1331 842 1389 portatur
865 1341 1064 1393 corpus
1087 1331 1262 1383 sancti
1319 1331 1579 1389 Matthaei.
1652 1335 1746 1389 Ba-

192 1408 374 1475 ptizato
399 1411 509 1478 regi
543 1424 708 1466 noctu
783 1427 1005 1472 sanctus
1060 1418 1343 1477 blatthirus
1393 1429 1665 1495 apparuit,
1696 1439 1749 1487 ct

191 1501 485 1557 Manlianum
516 1506 695 1559 vocari
725 1506 908 1575 jussit,
953 1523 1007 1565 et
1041 1517 1415 1585 presbyterum
1452 1523 1745 1587 ordinavit,

191 1594 344 1646 lilium
377 1610 507 1648 vero
540 1597 657 1664 ejus
685 1601 1003 1666 diaconum,
1068 1608 1355 1677 utriusque
1400 1628 1597 1667 uxores
1634 1617 1747 1669 dia-

188 1685 434 1745 conissas,
461 1690 703 1743 omnium
741 1708 956 1762 quoque
981 1701 1204 1753 mutatis
1272 1703 1605 1760 nominibus.
1634 1707 1745 1763 Rex

1857 584 2098 651 exceptis
2138 583 2291 643 locis.
2334 583 2387 637 in
2412 584 2613 654 quibus
2669 584 2940 652 interpres
2972 583 3238 637 alteruter
3266 584 3423 637 aber-

1858 675 2012 738 ravit,
2047 684 2141 728 aut
2170 676 2414 732 codicem
2451 676 2639 731 habuit
2665 689 3010 745 corruptum,
3042 685 3100 728 ut
3142 674 3311 728 latins
3336 673 3424 728 di-

1857 782 1996 829 cam,
2033 767 2122 821 ubi
2160 778 2350 838 agetur
2379 768 2445 822 de
2502 769 2884 837 praedicatione
2938 767 3109 823 sancti
3158 766 3421 827 Mattlnei,

1855 861 2102 931 adquam
2144 863 2294 915 locus
2318 871 2552 931 uterque
2585 872 2814 932 spectat,
2864 871 2957 916 aut
2998 862 3052 914 in
3112 859 3419 915 Adnotatis.

1857 954 2002 1006 Dabo
2038 955 2151 1008 haec
2173 957 2326 1017 Acta,
2353 954 2569 1009 etiamsi
2596 971 2707 1009 non
2736 956 2841 1008 sint
2876 953 3220 1015 auctoritatis
3276 967 3424 1007 sum-

1857 1062 1972 1109 mae,
1995 1048 2118 1116 quia
2150 1063 2257 1101 non
2282 1049 2543 1102 habemus
2572 1048 2795 1102 meliora
2817 1048 2885 1102 de
2911 1058 3102 1102 sancto
3131 1045 3419 1108 Matthteo;

1854 1154 2157 1210 sequarque
2202 1141 2500 1194 editionem
2539 1140 2896 1205 Surii,altera
2959 1139 3281 1208 planiorem,
3305 1152 3424 1191 meo

1856 1234 2173 1301 lioremque,
2216 1243 2274 1287 ut
2302 1233 2573 1295 existimo,
2604 1233 2713 1287 imo
2756 1234 2823 1286 ab
2856 1233 2975 1301 ipso
3023 1232 3188 1285 etiam
3259 1229 3422 1299 Lipo-

1854 1340 2015 1377 tnano
2036 1326 2236 1389 datam,
2272 1336 2403 1379 tom.
2446 1324 2552 1387 VII,
2586 1324 2674 1378 uhi
2719 1324 2811 1378 fol.
2861 1323 2966 1379 256
3033 1321 3213 1386 docet,
3252 1321 3425 1373 inter~

1854 1421 2023 1489 pretis
2073 1436 2193 1475 esse
2226 1420 2426 1474 Sirleti.
2470 1419 2542 1472 Ex
2579 1421 2659 1473 his
2721 1428 2905 1473 autem
2989 1418 3137 1471 Actis
3184 1414 3425 1485 prudens

1856 1517 2023 1567 lector
2051 1515 2306 1584 colligere
2333 1516 2553 1583 poterit,
2588 1513 2993 1584 Metaphrasten
3028 1527 3136 1565 non
3183 1525 3304 1565 esse
3346 1509 3428 1563 fa-

1854 1610 2101 1663 bularum
2131 1608 2501 1672 inventorem,
2523 1619 2580 1663 ut
2611 1608 2928 1676 frequenter
2958 1616 3211 1661 asserunt
3249 1604 3423 1673 aliqui

1852 1701 2049 1763 critici,
2086 1700 2316 1754 tnaxime
2339 1699 2627 1755 Bailletus.
2666 1698 2721 1753 Si
2749 1699 2893 1753 enim
2916 1698 3117 1768 lingere
3143 1697 3424 1759 voluisset,

184 1776 339 1844 igitur
368 1792 562 1834 omnes
599 1782 651 1835 in
697 1801 861 1854 regno
893 1804 991 1841 suo
1016 1791 1181 1857 jussit
1220 1808 1343 1849 esse
1376 1796 1740 1864 Christianos,

184 1869 383 1893 ..κο-ιη-.-
422 1886 540 1893 μ-.-
588 1888 604 1893 -
652 1890 673 1893 ..
703 1878 775 1893 ,---
831 1888 839 1893 .
974 1890 983 1893 _
1499 1891 1506 1893 ξ

1854 1790 1904 1845 id
1934 1791 2113 1845 facere
2144 1789 2410 1859 potuisset
2443 1805 2551 1842 non
2594 1790 2776 1842 minus
2810 1788 2877 1841 de
2919 1797 3110 1842 sancto
3175 1785 3426 1839 Matthau

181 1869 385 1937 alioque
422 1886 545 1942 rege
582 1878 901 1940 Constituto,
938 1890 990 1933 et
1017 1893 1234 1938 mortuo
1269 1898 1390 1954 post
1443 1891 1737 1947 triennium

183 1960 413 2026 Platone,
443 1964 617 2017 factus
642 1977 724 2020 est
754 1970 1068 2039 episcopus,
1106 1976 1183 2028 uti
1221 1988 1273 2031 et
1301 1978 1442 2034 filius
1473 1982 1595 2049 ejus
1620 1996 1741 2053 post

179 2055 368 2121 ipsum.
398 2057 672 2114 Hactenus
703 2061 832 2116 Acta
866 2066 999 2120 satis
1039 2070 1382 2136 prolixa,sed
1419 2079 1588 2131 multo
1627 2095 1741 2132 ma—

176 2147 256 2214 gis
288 2150 549 2211 fabulosa,
582 2168 701 2219 qum
733 2156 1004 2222 patienter
1048 2162 1250 2233 perlegi
1313 2178 1366 2221 et
1397 2171 1451 2222 in
1485 2186 1743 2241 compen-

172 2240 318 2291 dium
352 2247 615 2306 contraxi,
656 2249 877 2304 omissis
916 2262 1096 2309 tamen
1133 2258 1441 2317 visionibus
1509 2274 1561 2318 et
1614 2240 1743 2322 aliis

173 2330 510 2425 mirabilibus
536 2350 643 2391 non
700 2343 909 2408 paucis,
955 2352 1011 2398 ut
1049 2349 1276 2416 quilibet
1329 2354 1511 2410 videre
1542 2361 1738 2425 possit,

169 2422 598 2518 tmlliusqnoque
636 2433 755 2487 lidci
791 2451 909 2490 esse
945 2441 1140 2494 tradita
1174 2447 1315 2512 apud
1346 2422 1738 2518 Nicephorum,

172 2516 228 2568 in
258 2516 493 2585 Menaeis,
528 2533 583 2577 et
620 2526 851 2583 fortasse
880 2532 1033 2586 alibi.
1062 2536 1268 2590 Civitas
1298 2516 1593 2609 .‘Ilyrmene,
1621 2562 1742 2613 qua:

167 2624 281 2662 uno
320 2624 522 2667 Iantnnt
565 2622 823 2674 Actorum
863 2623 981 2678 loco
1016 2630 1352 2698 nominatur,
1395 2651 1549 2705 teque
1605 2640 1743 2694 ficti-

169 2705 285 2803 tltia
321 2716 421 2769 est,
452 2711 843 2782 opinor,quam
875 2719 1079 2791 reliqua
1112 2729 1289 2781 omnia
1318 2748 1331 2794 ;
1368 2740 1420 2784 et
1446 2736 1594 2803 regio
1628 2735 1743 2792 An-

162 2792 686 2869 thropophagorum,
711 2811 922 2865 etiamsi
960 2830 1068 2870 non
1119 2792 1392 2875 defuerint
1427 2792 1738 2899 Anihropo-

161 2888 351 2959 phagi,
381 2894 495 2950 sive
542 2900 777 2955 humana
833 2920 1116 2965 vescentes
1167 2928 1349 2978 carne,
1391 2888 1740 2979 similiter-ab

161 2993 390 3037 auctore
429 2987 641 3084 videtur
695 2995 1123 3054 conficta.Plato
1148 3006 1469 3076 episcopus,
1510 3014 1741 3084 ejusque

157 3090 450 3128 successor
482 3077 819 3147 Phulbanus,
857 3098 909 3140 ct
947 3089 1110 3158 hujus
1162 3094 1305 3149 filius
1367 3115 1475 3153 non
1540 3077 1740 3163 “minus

1848 1895 1902 1939 et
1931 1885 2052 1938 aliis
2088 1884 2368 1952 apostolis,
2411 1883 2479 1938 de
2507 1897 2742 1952 quorum
2826 1881 2992 1951 gestis
3037 1896 3208 1949 pauca
3248 1879 3425 1932 solum

1844 1977 2306 2039 commemoravit,
2364 1976 2503 2044 quod
2587 1991 2693 2028 non
2757 1973 3025 2041 reperiret
3077 1973 3230 2040 plura
3281 1973 3426 2039 apud

1843 2070 2199 2138 antiquiores.
2264 2068 2379 2123 Non
2438 2068 2701 2124 conﬁnxit
2738 2068 2899 2138 igitur
2934 2065 3084 2120 Vitas
3152 2063 3428 2118 fabulosas

1846 2164 2263 2234 Mclaphrastes,
2341 2164 2432 2217 sed
2495 2162 2786 2217 nonnullas
2855 2160 3148 2231 adoptavit,
3208 2166 3263 2213 et
3327 2174 3425 2213 suo

1845 2257 1981 2325 stylo
2004 2257 2276 2323 exposuit.

1920 2347 2008 2402 15.
2048 2346 2362 2402 Orationem
2399 2346 2851 2401 encomiasticam
2908 2345 2979 2399 de
3048 2353 3240 2399 sancto
3285 2342 3425 2396 Mar.

1846 2441 1987 2495 thseo
2019 2441 2267 2511 apostolo
2332 2441 2667 2510 evangelista
2732 2441 2895 2493 etiam
2952 2438 3170 2507 scripsit
3212 2433 3432 2490 Nicetas

1847 2534 2161 2597 David,aut
2194 2535 2490 2604 Paphlago,
2531 2533 2623 2602 qui
2672 2534 2862 2586 eodem
2915 2531 3029 2586 fere
3097 2547 3220 2584 cum
3262 2530 3430 2585 Meta-

1843 2629 2064 2699 phraste
2108 2628 2243 2683 vixit
2283 2641 2545 2698 tempore,
2590 2628 2750 2698 paulo
2783 2638 2964 2681 tamen
3015 2627 3232 2684 videtur
3288 2627 3430 2680 anti-

1842 2723 2021 2792 quior.
2058 2722 2209 2776 Hanc
2240 2722 2443 2777 Nicetze
2479 2725 2785 2777 orationem
2823 2720 3287 2779 Graeco-Latinam
3312 2721 3434 2773 edi-

1845 2815 1926 2869 dit
1969 2814 2327 2869 Combelisins
2368 2816 2421 2867 in
2465 2814 2713 2867 Auctario
2763 2814 3083 2878 novissimo,
3128 2828 3250 2882 pag.
3301 2810 3424 2867 601.

1842 2905 1990 2959 Illam
2037 2906 2299 2959 recudere
2351 2919 2696 2975 nequaquam
2744 2904 2906 2965 libet,
2948 2904 3073 2973 quia
3124 2901 3258 2956 nihil
3311 2900 3428 2953 fere

1844 2998 2005 3052 habet
2034 2998 2101 3051 de
2126 2998 2289 3066 gestis
2321 2998 2493 3051 sancti
2526 2996 2761 3050 Mattliaei
2792 3007 2983 3065 praeter
3013 2995 3350 3049 vocationem
3376 3003 3430 3047 et

1844 3089 2198 3160 Evangelium
2245 3089 2536 3158 scriptum.
2571 3089 2644 3142 De
2690 3088 3073 3158 praedicatione
3111 3104 3236 3141 vero
3288 3102 3426 3157 pau-

157 3178 415 3230 personce
445 3168 702 3225 videntur
736 3182 1147 3236 commentitite.
1192 3185 1357 3242 Certe
1398 3191 1466 3245 de
1513 3194 1744 3253 Platone

157 3252 258 3282 :ltn
298 3254 510 3282 nl:.....|..
551 3263 625 3282 ,τι
656 3263 685 3282 ξι
721 3265 730 3275 -
889 3270 898 3279 .
1078 3273 1089 3282 .
1251 3277 1262 3282 -

1853 3184 1996 3238 ciora
2058 3183 2319 3245 narravit,
2375 3199 2535 3252 quam
2589 3182 3007 3253 Metaphrastes,
3062 3198 3183 3236 cum
3248 3186 3424 3236 tamen

155 3252 259 3306 iIIo
297 3254 513 3313 aliunde
551 3263 687 3317 nihil
718 3265 959 3334 invenio,
987 3273 1188 3328 nedum
1233 3277 1299 3331 de
1348 3279 1493 3345 aliis,
1536 3293 1594 3337 ut
1621 3252 1743 3340 om;

154 3346 300 3399 nino
340 3351 431 3403 tiat
463 3355 780 3422 verisimile,
816 3358 1095 3419 Platonem
1133 3383 1198 3422 ex
1225 3371 1307 3424 his
1347 3388 1566 3443 quoque
1593 3376 1745 3435 Actis

154 3442 459 3533 {neruorari
493 3443 543 3533 in
576 3446 755 3516 elogio
793 3450 852 3506 S.
889 3452 1150 3521 Matthaei,
1186 3462 1330 3529 quod
1360 3442 1637 3533 reperitur
1689 3469 1743 3523 in

153 3526 474 3593 Menologio
504 3531 796 3601 Basiliano,
819 3553 871 3593 et
897 3545 1047 3610 plura
1083 3548 1135 3601 in
1191 3526 1293 3602 isto
1326 3526 1501 3624 elogio
1551 3574 1615 3611 ex
1661 3561 1745 3614 his

150 3619 318 3672 Actis
348 3622 668 3697 deprompta
702 3647 843 3695 esse,
880 3634 1006 3691 licet
1037 3655 1145 3693 non
1170 3645 1353 3699 omnia
1417 3662 1742 3719 congruant.

234 3712 325 3766 H.
355 3716 470 3769 Alia
508 3734 722 3776 rursum
751 3728 924 3781 sancti
952 3728 1186 3787 Matthxi
1242 3737 1376 3791 Acta
1418 3712 1749 3811 conscripsit

148 3804 390 3861 Simeon
422 3810 834 3885 Metaphrastes,
872 3838 991 3891 qua:
1039 3824 1221 3882 Graeca
1259 3832 1324 3884 ad
1384 3849 1603 3889 manum
1636 3854 1745 3890 non

150 3898 367 3957 habeo.
406 3918 505 3954 nec
532 3907 663 3959 tanti
699 3911 946 3966 facienda
996 3929 1143 3983 sunt,
1181 3933 1234 3972 ut
1290 3926 1537 3978 studiose
1587 3929 1746 3980 modo

145 3996 461 4062 quaerenda
492 3998 799 4055 existimem
842 4021 855 4056 :
899 4022 1021 4059 nam
1058 4026 1115 4061 ea
1147 4010 1337 4067 Latine
1366 4016 1539 4070 edidit
1584 4018 1746 4091 Lipo-

146 4102 387 4147 manus.
425 4100 556 4146 toni.
600 4093 664 4157 V,
701 4096 796 4152 fol.
847 4101 943 4156 I37
972 4115 1024 4158 et
1053 4106 1170 4169 I38,
1204 4121 1255 4161 et
1287 4108 1478 4165 Surius
1511 4117 1577 4170 ad
1604 4114 1747 4169 hunc

144 4179 334 4234 diem.
376 4182 497 4238 Haec
519 4188 698 4241 minus
735 4191 983 4247 fabulosa
1008 4206 1159 4262 sunt,
1180 4203 1272 4252 sed
1310 4203 1492 4256 brevia
1521 4208 1748 4261 omnino

139 4269 457 4366 et‘jcjuna,
482 4285 539 4329 ut
564 4278 647 4329 vix
671 4281 968 4351 quidquam
991 4285 1226 4344 aﬂ‘erant
1252 4290 1319 4346 de
1341 4290 1567 4359 Sancto,
1603 4301 1747 4366 quod

136 4360 393 4418 aliunde
426 4382 532 4421 non
563 4372 632 4425 sit
661 4384 873 4428 notum.
912 4375 1089 4432 Pauca
1120 4390 1302 4435 autem
1360 4384 1470 4450 illa,
1509 4360 1634 4456 quae
1680 4392 1747 4443 de

135 4457 561 4522 pncdicatione
587 4460 774 4518 Sancti
803 4467 1085 4532 dicuntur,
1126 4488 1234 4525 non
1262 4487 1391 4529 sunt
1426 4478 1546 4534 ﬁdei
1585 4480 1746 4537 indu-

136 4551 352 4606 bitatae
391 4568 403 4616 ;
440 4551 533 4605 svd
568 4565 729 4610 tanta:
760 4559 935 4613 solum
970 4566 1336 4632 auctoritatis,
1371 4581 1575 4635 quanta
1608 4574 1747 4629 solet
1783 4597 1826 4652 ι)

130 4647 201 4698 in
235 4643 372 4698 aliis
394 4653 818 4705 esseauctoritas
844 4653 1246 4725 Metaphrastis.
1274 4660 1467 4717 Surius
1494 4668 1744 4721 eamdem

134 4735 343 4791 edidit
376 4739 765 4809 Metaphrastis
792 4747 1251 4817 lucubrationem,
1279 4755 1373 4809 sed
1422 4758 1527 4813 alio
1588 4760 1749 4815 modo

128 4830 364 4903 Latine
407 4836 692 4901 redditam,
732 4856 838 4909 quo
871 4841 1070 4897 factum
1100 4857 1204 4906 est.
1242 4857 1298 4901 ut
1346 4849 1614 4906 Baronius
1664 4854 1747 4907 di-

131 4939 364 4978 versas
391 4929 687 4983 crediderit
727 4934 1163 5003 lucubrationes,
1195 4958 1318 4995 cum
1363 4961 1470 4997 non
1532 4946 1603 4999 sit
1644 4949 1747 5003 nisi

127 5032 266 5072 una
313 5020 621 5090 eademque
644 5021 850 5090 Grai-ca,
902 5044 1063 5097 quam
1128 5032 1272 5087 inter
1323 5035 1472 5090 Vitas
1503 5054 1531 5091 a
1582 5038 1748 5094 Meta-

117 5107 398 5177 phraste
433 5113 666 5180 scriptas
704 5122 1031 5174 memoravit
1060 5123 1289 5179 Allalius
1320 5127 1387 5181 de
1426 5127 1746 5183 Sitneontun

116 5201 406 5266 scriptis,
446 5218 564 5274 pag.
602 5206 721 5273 £26,
766 5213 1003 5266 rccitans
1059 5215 1268 5270 initium
1314 5221 1751 5277 ActorutnGra:-

112 5309 383 5357 corum,
428 5297 527 5367 ἤδη
563 5300 662 5366 μὲν
692 5303 782 5354 τὶν
824 5309 973 5374 παρὰ
999 5309 1093 5361 τοῦ
1122 5312 1425 5377 πλάσαντος
1478 5317 1625 5385 ἡμᾶς
1662 5317 1749 5371 δο-

117 5387 356 5437 Οεῖσειν
388 5389 753 5456 φυλάττοντες
782 5397 1183 5470 ἐντο).ὴν,(]ιιοι1
1212 5404 1285 5458 ita
1317 5422 1638 5475 expressum
1667 5421 1751 5465 est

110 5480 304 5549 apud
344 5480 703 5550 Lipomanum
740 5505 754 5541 :
790 5508 806 5539 ι
832 5490 948 5546 Jam
1006 5496 1222 5563 quidem
1261 5502 1541 5569 nos,quod
1573 5504 1640 5558 ab
1660 5520 1748 5570 co,

105 5576 242 5646 qui
282 5589 397 5628 nos
434 5577 890 5645 ﬁnxemt,datum
921 5586 1466 5662 fueratprmceptutn,
1520 5612 1749 5650 servan-

114 5680 259 5723 tes.
314 5686 336 5718 ι
364 5672 521 5740 Apud
557 5672 772 5728 Suritun
811 5693 977 5734 vero:
1023 5700 1039 5730 ‹
1081 5679 1135 5734 Si
1208 5695 1536 5754 praeceptum
1597 5689 1747 5753 illud,

107 5764 308 5833 qtlud
343 5763 415 5817 ab
442 5780 529 5823 eo.
564 5768 652 5837 qui
689 5766 963 5835 formavit,
1024 5775 1329 5845 injunctum
1400 5779 1556 5839 nobis
1625 5783 1746 5843 fuit.

110 5872 393 5913 servare
427 5857 809 5923 voluissemus.
846 5863 1084 5937 Utraque
1141 5874 1406 5939 expositio
1461 5884 1583 5944 apta
1642 5888 1744 5943 est,

1859 3277 2032 3328 oratio
2080 3276 2249 3328 multo
2298 3276 2370 3329 sit
2419 3276 2680 3343 prolixior
2733 3276 2801 3329 ob
2852 3290 3014 3345 vagas
3067 3275 3427 3328 laudationes.

1854 3364 2089 3418 Aﬂeram
2144 3364 2327 3434 itaque
2370 3380 2436 3418 ex
2483 3379 2544 3418 ea
2591 3364 2641 3417 in
2692 3363 3119 3428 Commentario,
3166 3366 3428 3435 quidquid

1856 3452 1986 3511 utile
2039 3457 2310 3511 videbitur
2354 3457 2419 3511 ad
2467 3458 2803 3527 propositum
2842 3466 3113 3510 nostrum.
3154 3454 3430 3512 Laudatus

1854 3549 2082 3601 Allatius
2122 3566 2242 3618 pag.
2278 3549 2396 3613 l2-2,
2434 3550 2577 3603 inter
2616 3549 2766 3603 Vitas
2801 3548 3148 3611 Sanctorum,
3171 3564 3291 3619 quae
3318 3563 3426 3602 non

1855 3650 1983 3695 sunt
2024 3640 2423 3709 Metaphrastaa,
2462 3652 2733 3695 recenset.
2773 3644 2934 3695 «Acta
2982 3641 3153 3694 sancti
3196 3643 3431 3712 apostoli

1856 3744 1909 3788 et
1955 3735 2296 3804 evangelista:
2337 3732 2596 3796 Matthxi,
2646 3751 2878 3804 quorum
2926 3735 3031 3787 tale
3086 3732 3176 3787 dat
3228 3733 3430 3801 princi-

1858 3828 2004 3898 pium
2045 3846 2056 3882 :
2088 3829 2368 3891 Μοιτθαίος
2392 3829 2690 3891 ἀπόστολος
2713 3829 2805 3881 καὶ
2832 3821 3304 3897 εὐαγγελιστὴςῆν
3336 3825 3432 3894 μὲν

1856 3924 1918 3971 ἐκ
1962 3921 2169 3982 πόλεως
2231 3921 2611 3987 Ἰερουσαλήμ.
2657 3940 2674 3970 t
2734 3922 3017 3973 Matthteus
3056 3918 3339 3986 ap0$lolus
3378 3927 3436 3971 ct

1855 4011 2184 4081 evangelista
2252 4020 2369 4065 erat
2428 4027 2493 4064 ex
2556 4011 2773 4065 civitate
2844 4010 3357 4081 Hierosolymitana.
3409 4029 3426 4057 ι

1856 4106 2109 4161 Auctoris
2165 4114 2249 4158 est
2315 4105 2503 4175 ignoti.
2569 4113 2623 4157 et
2683 4104 3051 4159 verisitniliter
3113 4100 3433 4173 posterioris

1859 4196 2041 4250 Niccta
2102 4206 2153 4249 et
2202 4196 2587 4264 Metaphraste.
2642 4197 2825 4248 Prodit
2885 4198 2973 4248 ille
3026 4199 3131 4265 jam
3185 4196 3432 4263 allegatis

1858 4290 2058 4350 verbis,
2103 4304 2262 4357 quam
2316 4288 2471 4343 nihili
2526 4288 2596 4342 sit
2635 4287 2942 4351 faciendus,
2998 4288 3125 4343 dum
3159 4284 3430 4343 'sanctuut

1856 4380 2170 4435 Mattbaaum
2204 4381 2333 4437 facit
2375 4382 2943 4458 Hierosolymitanum,
2976 4396 3099 4436 curn
3137 4381 3223 4435 vix
3258 4381 3428 4436 ullum

1857 4473 1927 4528 sit
1955 4474 2201 4539 dubium,
2243 4475 2373 4543 quin
2407 4476 2476 4529 sit
2509 4474 2782 4534 Galilteus,
2811 4483 2869 4525 ut
2895 4488 2994 4526 suo
3025 4474 3146 4527 loco
3177 4471 3428 4545 dicetur;

1858 4574 1916 4618 ut
1986 4580 2131 4618 certe
2188 4566 2334 4618 nulla
2387 4566 2458 4620 sit
2505 4564 2641 4617 ratio
2694 4578 2811 4631 qua:
2862 4561 3192 4633 persuadere
3262 4565 3433 4631 possit

1856 4654 2402 4727 Hierosolymitanuin
2462 4654 2648 4710 fuisse.
2695 4654 2816 4710 Non
2873 4655 3047 4711 habeo
3088 4655 3157 4709 ad
3208 4670 3428 4708 manum

1854 4751 1970 4806 haec
2006 4754 2157 4817 Acta,
2205 4752 2443 4822 facitque
2491 4752 2779 4822 allegatum
2829 4734 3070 4815 initium,
3117 4758 3176 4802 ut
3208 4764 3272 4803 ea
3307 4757 3429 4803 stu-

1853 4844 2003 4898 diose
2024 4844 2315 4912 quaerenda
2350 4860 2459 4897 non
2494 4859 2768 4897 censeant.
2803 4840 3033 4897 Exstant
3065 4852 3117 4896 et
3147 4840 3329 4910 plures
3359 4841 3428 4895 de

1855 4949 2044 4993 sancto
2086 4938 2340 4993 Malthzco
2370 4953 2683 5003 sermones,
2720 4938 2813 4991 sed
2846 4938 2938 5008 qui
2980 4936 3045 4988 ad
3080 4944 3227 5005 gesta
3257 4935 3431 5003 ipsius

1854 5032 2215 5085 examinanda
2241 5043 2333 5085 aut
2360 5030 2664 5085 enarranda
2694 5028 2832 5083 nihil
2854 5027 3190 5084 conducunt.
3215 5027 3351 5080 Tres
3377 5028 3431 5081 id

1856 5139 2024 5191 genus
2059 5137 2340 5176 sermones
2381 5122 2545 5176 habet
2588 5122 2643 5176 S.
2680 5121 2873 5175 Petrus
2902 5118 3192 5175 Da‘miauus
3222 5114 3354 5174 tom.
3386 5120 3430 5175 ιι

1856 5212 2117 5283 Operum.

1928 5321 2011 5375 16.
2061 5320 2369 5391 Scriptores
2426 5323 2790 5392 posteriorum
2839 5323 3163 5377 saeculorum
3221 5322 3424 5387 Latini,

1854 5414 1945 5482 qui
1991 5425 2144 5485 gesta
2192 5413 2246 5467 S.
2288 5414 2525 5470 Matthaei
2572 5431 2832 5471 enarrare
2877 5418 3203 5478 voluerunt,
3243 5420 3427 5473 omnia

1857 5506 1970 5560 fere
2015 5503 2313 5561 hauserunt
2346 5524 2410 5562 ex
2452 5509 2601 5562 Actis
2642 5510 2815 5579 primo
2863 5510 2983 5564 loco
3013 5509 3265 5570 edendis,
3308 5525 3429 5580 qua:

1856 5612 2006 5657 certo
2052 5603 2271 5673 antiqua
2330 5606 2499 5675 magis
2543 5616 2689 5667 sunt,
2737 5620 2902 5674 quam
2954 5605 3275 5677 probabilia.
3334 5605 3425 5661 Illa

1860 5693 1969 5747 fere
2005 5693 2210 5764 integra
2256 5696 2346 5750 dat
2380 5695 2697 5752 Vincentius
2740 5696 3161 5763 Bellovacrnsis,
3208 5700 3258 5753 in
3294 5699 3424 5770 Spe-

1858 5788 1991 5851 culo,
2043 5787 2131 5843 lih.
2182 5804 2250 5850 Ix,
2306 5805 2423 5859 cap.
2460 5790 2524 5841 τά
2569 5800 2620 5839 et
2671 5802 2822 5860 seqq.
2862 5790 3096 5846 Iacobus
3135 5789 3429 5847 Jannensis

1857 5897 1974 5951 Cap.
2022 5879 2116 5936 135
2146 5899 2206 5935 ex
2245 5881 2428 5938 iisdem
2464 5882 2611 5939 Actis
2648 5886 2826 5939 omnia
2865 5885 3196 5956 deprompsit
3233 5896 3430 5957 praeter
