4156 6314
770 346 876 415 ’159

1991 352 2276 413 MENSIS
2319 355 2785 415 SEPTEMBER.

3912 346 4010 408 760

768 475 832 512 ea
864 474 983 526 quc
1014 459 1385 513 ratiocinando
1432 461 1495 513 de
1543 461 1835 515 virtutibus
1877 462 2061 515 Sancti
2101 461 2332 518 addidit.
2372 473 2408 522 Α
2439 478 2589 517 num.
2640 482 2657 513 ι
2707 461 2763 514 in
2801 463 3081 531 prolixiori
3131 462 3322 515 unicus
3372 460 3527 513 initio
3567 468 3648 513 est
3703 456 3905 513 titulus
3940 458 4006 508 ita

772 546 966 603 Eadem
1002 564 1215 603 rursum
1252 551 1380 605 Acta
1416 550 1528 606 fere
1569 552 1812 621 sequitur
1844 552 2031 609 Petrus
2073 553 2141 608 de
2174 555 2337 608 Nata-

770 640 928 703 libus,
959 641 1050 695 lib.
1088 656 1205 703 vut,
1250 657 1369 712 cap.
1415 643 1555 707 100;
1604 652 1713 697 tam
1758 660 1946 715 presse
1978 656 2157 700 tamen
2188 645 2337 702 Actis

770 748 877 786 non
934 732 1184 798 inhaeret,
1237 742 1297 788 ut
1346 736 1581 790 subinde
1623 752 1730 790 non
1783 737 1944 791 addat
1993 738 2195 807 aliquid
2243 748 2335 791 aut

769 835 943 878 mutet
991 826 1293 879 secundum
1327 842 1388 880 ea
1425 843 1545 896 quae
1579 829 1703 882 alibi
1736 829 1954 899 legerat.
1988 829 2253 883 Baronius
2281 830 2334 882 in

768 916 1054 971 Adnotatis
1098 918 1166 972 ad
1207 919 1639 990 Martyrologium
1682 922 1820 976 duos
1850 923 1931 975 sui
1982 921 2240 991 temporis
2268 921 2334 975 de

771 1006 829 1061 ὃ.
868 1009 1114 1063 Μαῑιὴεεο
1145 1012 1441 1081 scriptores
1476 1026 1725 1068 recenset
1756 1015 1843 1068 his
1869 1014 2048 1068 verbis
2082 1032 2094 1067 :
2132 1033 2150 1063 ε
2190 1013 2335 1067 Peri-

769 1102 928 1156 onius
962 1102 1065 1156 alia
1123 1119 1298 1171 nuper
1352 1105 1693 1173 conscripsit,
1757 1125 1776 1157 ι
1834 1108 1964 1160 Acta
2016 1106 2270 1159 videlicet
2316 1122 2329 1157 :

776 1213 795 1243 ι
832 1192 1135 1247 Novissime
1164 1210 1293 1249 vero
1327 1210 1390 1250 ex
1418 1197 1658 1264 antiquis
1689 1197 2078 1256 monumentis.
2122 1207 2175 1250 et
2204 1212 2332 1250 san-

768 1299 978 1339 ctorum
1015 1286 1231 1339 Patrum
1264 1288 1483 1356 scriptis
1512 1288 1725 1359 collegit
1764 1303 1876 1342 rev.
1922 1290 2174 1342 dominus
2197 1288 2331 1343 Mar-

768 1377 1150 1431 cusAntonius
1171 1377 1459 1442 Columna,
1482 1378 2333 1448 archiepiscopusSalernitanus,

767 1479 823 1522 et
878 1483 1009 1523 sane
1052 1470 1275 1538 quidem
1330 1471 1563 1526 erudite.
1615 1489 1633 1521 ι
1681 1470 1920 1540 Uterque
1969 1471 2101 1523 Acta
2158 1472 2332 1539 prima

769 1575 880 1628 pre
915 1559 1088 1613 oculis
1131 1560 1340 1623 habuit,
1386 1569 1441 1614 et
1474 1560 1591 1614 sine
1631 1561 1891 1629 scrupulo
1938 1570 2158 1614 secutus
2202 1571 2283 1613 est
2317 1577 2331 1613 :

768 1664 860 1707 aut
891 1652 1066 1721 potius
1092 1651 1207 1721 ipsa
1236 1652 1365 1706 Acta
1390 1653 1817 1721 pseudo-Abdita
1844 1652 1997 1705 dedit
2025 1651 2331 1715 Perionius,

767 1743 985 1798 omissis
1019 1744 1277 1797 duntaxat
1307 1744 1671 1813 paucissimis.
1713 1755 1765 1797 et
1796 1744 1992 1797 additis
2026 1743 2177 1795 initio
2206 1758 2338 1811 pau-

770 1837 868 1896 cis.
912 1845 1075 1905 prout
1115 1835 1249 1888 Acta
1299 1836 1351 1887 in
1398 1836 1587 1888 codice
1633 1835 1814 1904 aliquo
1857 1834 2039 1888 forsan
2084 1835 2333 1888 invenit:

769 1939 893 1979 nam
946 1940 1001 1981 et
1046 1931 1099 1979 in
1155 1926 1395 1981 editione
1454 1924 1699 1981 Historia:
1727 1928 2117 1995 apostolorum,
2167 1942 2329 1995 quam

769 2032 914 2071 anno
953 2017 1083 2072 1571
1134 2018 1284 2072 dedit
1322 2016 1567 2072 Joannes
1607 2016 1782 2073 Faber
1806 2060 1820 2082 ,
1856 2034 1964 2071 non
2000 2033 2166 2086 pauca
2210 2028 2336 2071 sunt

768 2110 993 2174 omissa,
1035 2125 1153 2177 qua:
1184 2111 1236 2161 in
1268 2096 1541 2177 plerisque
1585 2110 1867 2163 codicibus
1899 2111 2171 2177 leguntur.
2204 2108 2333 2162 Illu-

770 2200 1083 2254 strissimus
1116 2198 1380 2254 Columna
1417 2200 1653 2268 undique
1678 2215 1774 2253 sua
1810 2200 2022 2266 collegit
2059 2200 2179 2253 sine
2206 2197 2334 2253 crisi

768 2290 1088 2353 sulliciente,
1120 2293 1262 2361 quod
1290 2291 1434 2345 aetati
1468 2292 1637 2360 ipsius
1663 2291 1963 2345 condonari
2006 2300 2205 2360 potest.
2234 2288 2338 2343 Re-

769 2382 935 2450 liquis
989 2390 1169 2434 tamen
1225 2380 1374 2434 Actis
1438 2380 1739 2448 prtetulisse
1790 2381 2004 2433 videtur
2063 2380 2336 2448 personati

771 2472 956 2527 Abdita
998 2472 1312 2533 Historiam,
1356 2471 1439 2525 cui
1471 2472 1728 2525 nonnulla
1766 2487 1828 2524 ex
1864 2470 2245 2541 Metaphraste,
2285 2480 2337 2524 et

774 2565 925 2633 plura
964 2580 1027 2618 ex
1077 2565 1227 2621 Actis
1281 2563 1502 2628 Grzecis,
1550 2563 1663 2618 sive
1710 2579 1772 2618 ex
1814 2564 2135 2633 compendio
2178 2562 2337 2617 Nice-

772 2657 928 2726 phori
962 2656 1229 2725 adiunxit.
1256 2654 1474 2709 Meliora
1507 2666 1689 2708 tamen
1713 2656 1874 2707 etiam
1903 2656 2051 2709 dedit
2081 2672 2145 2709 ex
2171 2655 2337 2709 sacris

774 2749 995 2803 Litteris
1042 2759 1094 2803 et
1134 2746 1405 2803 Patribus.
1442 2746 1775 2801 Examiuabo
1809 2748 1971 2818 igitur
2012 2757 2066 2802 et
2109 2748 2338 2803 subinde

772 2840 1007 2893 laudabo
1059 2849 1266 2891 asserta
1317 2834 1616 2901 Columnae,
1650 2842 1724 2891 uti
1768 2848 1821 2892 et
1870 2838 2085 2896 Baronii
2138 2841 2189 2893 in
2232 2842 2339 2893 An-

774 2932 1007 2995 nalibus,
1032 2928 1362 2983 Tillemontii
1388 2928 1441 2982 in
1468 2932 1819 2983 Manantentis
1845 2930 2115 2994 Ecclesia,
2143 2940 2273 2984 tom.
2296 2931 2337 2998 l,

772 3027 1108 3094 aliorumque
1156 3023 1478 3089 recentium,
1534 3024 1625 3093 qui
1689 3023 2088 3078 accuratiorem
2147 3025 2332 3078 crisim

774 3118 1120 3187 profitentur.

848 3210 934 3264 l7.
977 3207 1252 3263 Laudatus
1274 3207 1537 3264 Columna
1563 3207 2009 3279 archiepiscopus
2027 3224 2134 3263 non
2162 3208 2333 3263 solum

774 3304 841 3356 de
888 3302 1052 3372 gestis
1095 3311 1149 3357 et
1194 3304 1453 3373 martyrio
1495 3304 1669 3356 sancti
1718 3300 1951 3358 Mattha‘i
1988 3304 2335 3357 Commenta-

780 3396 918 3446 riutn
971 3394 1161 3458 edidit,
1212 3394 1307 3449 sed
1346 3395 1517 3449 varias
1562 3410 1778 3463 quoque
1828 3396 2072 3462 corporis
2112 3396 2340 3447 transla-

777 3488 951 3539 tiones
1010 3501 1263 3541 sermone
1321 3488 1531 3555 [δι-υιίιο
1580 3485 1772 3554 magis,
1832 3500 1989 3553 quam
2048 3482 2335 3553 probabili,

773 3578 1069 3632 enarravit.
1109 3578 1252 3632 Vidit
1283 3579 1472 3646 procul
1507 3578 1674 3632 dubio
1714 3579 1980 3632 Baronius
2010 3592 2115 3631 non
2154 3580 2337 3631 colue-

778 3685 897 3724 rere
940 3670 1259 3723 relationem
1296 3667 1594 3735 Columna,
1633 3688 1755 3725 cum
1804 3671 1945 3724 illam
1982 3687 2086 3724 non
2123 3672 2346 3741 ignora-

777 3765 935 3825 verit,
973 3778 1075 3816 nec
1121 3770 1303 3816 tamen
1337 3763 1632 3830 quidquam
1680 3778 1745 3816 ex
1789 3778 1850 3817 ea
1887 3760 2186 3815 Annalibus
2227 3764 2341 3816 suis

779 3855 1111 3919 inseruerit;
1170 3856 1422 3923 quamvis
1477 3852 1544 3906 ad
1603 3869 1806 3907 annum
1873 3852 1979 3908 954
2037 3869 2099 3907 ex
2163 3854 2340 3909 Leone

777 3945 1037 4010 Ostiensi,
1071 3960 1123 4001 et
1156 3948 1220 4002 ad
1257 3964 1463 4001 annum
1499 3946 1634 4002 1080
1665 3964 1729 4001 ex
1768 3947 2011 4017 Gregorii
2063 3947 2216 4016 Papa:
2249 3946 2340 4001 \‘ll

781 4040 1016 4109 Epistola
1044 4040 1108 4091 de
1132 4041 1445 4093 inventione
1472 4049 1525 4092 et
1551 4040 1903 4094 translatione
1933 4041 2173 4107 corporis
2196 4048 2337 4109 agat.

780 4134 1120 4201 Quapropter
1167 4132 1247 4187 vel
1302 4132 1416 4187 solo
1470 4131 1684 4187 silentio
1729 4149 1830 4186 suo
1879 4132 2341 4187 eminentissimus

782 4224 1014 4292 scriptor
1070 4223 1398 4287 declaravit,
1454 4234 1703 4291 suspecta
1759 4225 1859 4277 sibi
1916 4224 2162 4276 falsitatis
2222 4238 2342 4276 esse

781 4317 1036 4384 adjuncta
1074 4314 1341 4378 locontm,
1387 4329 1737 4384 personarum
1770 4325 1823 4369 et
1871 4324 2197 4384 temporum,
2225 4330 2343 4384 qua:

786 4414 839 4464 in
878 4409 1112 4464 Histeria
1146 4409 1559 4467 translationum
1594 4408 1734 4476 apud
1771 4407 2088 4461 Colunmam
2131 4412 2338 4477 reperi-

2444 572 2739 625 expressus
2772 574 2785 608 :
2823 576 2839 607 ι
2877 554 3075 624 lucipit
3100 553 3379 607 translatio
3412 552 3470 605 Β.
3503 549 3743 605 Μειιιιεί
3778 548 4007 618 apostoll

2443 656 2497 701 et
2540 646 2905 717 evangelista.
2949 665 2967 697 ι
3011 646 3067 699 In
3102 655 3327 713 utroque
3363 644 3714 713 praemittitur
3747 644 4005 697 Actorum

2444 740 2824 809 compendium
2859 754 2922 793 ex
2962 738 3377 809 pseudo-Abdia:
3410 736 3643 789 Historia
3682 735 3753 789 ita
3792 736 4008 789 desum-

2445 843 2622 904 ptum,
2654 842 2710 885 ut
2748 834 3073 901 paucissima
3115 839 3317 896 tamen,
3357 844 3528 899 eaque
3561 828 3732 882 nihilo
3763 828 4003 892 meliora,

2442 922 2622 977 addita
2652 924 2758 975 sint
2787 933 2881 976 aut
2914 932 3134 978 mutata.

2515 1015 2600 1070 18.
2650 1013 2851 1068 Deinde
2876 1016 3118 1084 sequitur
3152 1012 3434 1069 translatio
3466 1022 3574 1066 tam
3614 1009 3851 1065 ridicule
3879 1024 4003 1063 con-

2444 1106 2563 1163 ficta
2601 1122 2664 1160 ex
2709 1106 2987 1174 A'Jthiopia
3032 1108 3083 1159 in
3125 1106 3479 1164 Britanniam,
3528 1113 3585 1155 ut
3628 1102 3714 1156 vel
3745 1118 3814 1155 ex
3860 1116 3920 1153 ea
3951 1101 4006 1153 li-

2442 1209 2623 1268 queat,
2656 1208 2928 1253 auctorem
2958 1198 3091 1253 crisi'
3113 1198 3365 1252 historica
3402 1210 3621 1264 prorsus
3649 1195 3823 1249 fuisse
3845 1194 4008 1246 desti-

2443 1299 2640 1345 tutum.
2674 1289 2830 1351 Nam,
2871 1299 2927 1343 ιιι
2973 1290 3073 1344 alia
3110 1289 3318 1343 mittam
3365 1288 3768 1355 improbabilia.
3803 1300 4004 1339 merca-

2442 1392 2588 1436 tores
2647 1381 2937 1437 Britannos
2996 1394 3189 1438 auctor
3245 1384 3489 1453 perducit
3539 1383 3592 1436 in
3648 1381 4004 1449 Althiopiam,

2442 1473 2737 1545 paucisque
2768 1475 2959 1529 diebus
2987 1475 3190 1529 reducit
3222 1476 3273 1527 in
3307 1474 3661 1527 Britanniam.
3692 1473 3848 1526 Inter
3876 1487 4003 1542 gen-

2441 1575 2528 1621 tes
2581 1581 2736 1628 vero,
2776 1580 2805 1619 a
2866 1567 3062 1635 quibus
3102 1575 3362 1619 vastatam
3422 1566 3565 1619 circa
3628 1564 3896 1618 saeculum
3958 1579 4004 1615 tv

2443 1657 2772 1728 Ethiopian)
2821 1658 2991 1729 lingit,
3045 1659 3292 1712 nominat
3342 1656 3639 1712 Sarmatas.
3699 1657 4007 1725 Utrumque

2444 1757 2595 1803 certo
2630 1762 2736 1804 tam
2788 1750 3141 1820 improbabile
3172 1748 3443 1805 videbitur
3479 1748 3743 1801 historico
3793 1748 4009 1802 cuilibet

2440 1843 2781 1911 geographia:
2824 1851 3097 1912 utcunque
3155 1842 3333 1911 perito
3360 1879 3374 1902 ,
3421 1848 3477 1893 ut
3516 1853 3741 1892 necesse
3795 1853 3905 1890 non
3943 1840 4008 1889 sit

2436 1938 2708 2005 exagitare
2735 1936 2838 1989 alia
2877 1938 2954 1989 rei
2992 1945 3224 2004 peractae
3255 1931 3510 2002 adjuncta
3553 1931 3716 2000 plane
3756 1930 4005 1989 ridicula,

2439 2026 2736 2095 praesertim
2769 2042 2892 2079 cum
2922 2036 3108 2080 auctor
3139 2036 3287 2080 certo
3314 2043 3420 2079 non
3447 2025 3641 2077 vixerit
3675 2032 3804 2075 ante
3837 2037 4005 2075 saecu-

2438 2121 2545 2173 lum
2573 2137 2625 2181 x,
2652 2134 2751 2173 nec
2776 2099 2914 2173 ullo's
2943 2120 3182 2173 nominet
3205 2127 3372 2172 testes
3396 2126 3665 2177 vetustos,
3686 2130 3752 2168 ex
3778 2129 4006 2181 quorum

2439 2211 2658 2280 scriptis
2707 2227 2802 2265 sua
2857 2211 3147 2265 hausisset.
3201 2208 3342 2276 Quin
3399 2210 3506 2262 imo
3552 2210 3666 2275 ipse
3720 2206 4004 2267 Paulinus,

2440 2305 2799 2374 Legionensis
2833 2314 2928 2359 aut
2967 2305 3263 2359 Leunensis
3312 2308 3362 2358 in
3406 2305 3685 2358 Britannia
3721 2305 4007 2357 Armorica

2440 2399 2749 2467 episcopus,
2787 2396 2872 2449 cui
2916 2396 3176 2465 scriptum
3219 2396 3349 2448 illud
3383 2397 3733 2450 attribuitur.
3778 2408 4008 2462 persona

2439 2490 2654 2543 videtur
2705 2488 2913 2552 ﬁctilia,
2953 2501 3075 2542 cum
3121 2486 3521 2542 Sammarthani
3557 2494 3689 2537 lotn.
3729 2485 3772 2536 ll
3824 2482 4010 2535 Gallic:

2440 2578 2775 2643 Christiania,
2808 2580 2895 2634 ubi
2939 2580 3069 2634 dant
3098 2578 3401 2646 catalogum
3439 2577 3829 2644 episcoporum
3870 2574 4003 2627 Leo-

2440 2674 2717 2731 nensiutn,
2752 2673 2957 2724 nullum
3001 2672 3141 2723 inter
3184 2671 3303 2722 illos
3357 2669 3657 2721 exhibeant
3697 2666 4008 2725 Paulinum.

2440 2780 2614 2831 neque
2663 2765 2810 2817 hunc
2858 2762 2981 2819 alibi
3032 2761 3328 2815 inveniam.
3376 2758 3745 2814 Chronotaxis
3789 2768 4015 2815 nonest

2443 2856 2654 2917 melior,
2694 2870 2854 2929 quam
2892 2854 3051 2908 crisis
3096 2853 3353 2907 historica
3390 2872 3401 2905 :
3445 2866 3567 2905 nam
3619 2860 3879 2903 mortuus
3916 2861 4017 2903 sta-

2442 2944 2611 2997 tuitur
2654 2947 2751 2997 sub
2798 2943 2982 3006 Galba,
3023 2945 3072 2998 id
3107 2955 3209 3007 est,
3237 2958 3380 2997 anno
3412 2958 3534 2996 tera:
3572 2940 3921 2997 Christianae
3954 2940 4017 2997 68

2442 3045 2533 3087 aut
2564 3034 2649 3089 69.
2684 3033 2819 3088 Tum
2851 3035 3047 3089 dicitur
3079 3034 3336 3089 trecentis
3366 3034 3527 3087 annis
3558 3042 3614 3087 et
3651 3033 3800 3085 ultra
3840 3034 4019 3101 religio

2280 3172 2287 3179 .
2366 3125 2745 3201 cChristiana
2804 3126 3051 3180 ﬂoruisse
3113 3126 3165 3178 in
3234 3122 3529 3191 )ElhiOpia.
3598 3124 3719 3177 Mox
3779 3125 4019 3192 sequitur

2446 3218 2593 3288 regni
2621 3221 2848 3271 vastatio
2879 3227 2934 3270 et
2966 3217 3264 3279 translatio,
3325 3224 3384 3268 ut
3443 3215 3555 3267 hac
3587 3213 3809 3282 figenda
3875 3220 4017 3265 esset

2445 3309 2640 3363 smculo
2681 3325 2729 3361 tv
2772 3319 3006 3361 exeunte
3052 3316 3145 3366 aut
3174 3304 3371 3358 szeculo
3416 3321 3467 3356 v.
3512 3304 3777 3354 Attamen
3830 3302 4020 3355 asserit

2445 3410 2653 3461 auctor,
2700 3412 2898 3467 corpus
2937 3398 2989 3448 in
3027 3396 3353 3448 Britanniam
3383 3395 3729 3447 Armoricam
3784 3395 4018 3456 venisse,

2446 3497 2572 3549 dum
2608 3492 2865 3564 regnabat
2915 3491 3113 3546 ibidem
3156 3488 3432 3551 Salomon,
3472 3488 3563 3555 qui
3609 3498 3738 3557 post
3785 3490 4017 3542 medium

2447 3587 2626 3642 saculi
2685 3603 2735 3640 ιχ
2789 3601 3014 3655 regnare
3067 3584 3231 3654 coepit
3290 3583 3589 3638 secundum
3636 3583 4018 3636 chronotuim

2444 3679 2720 3734 Lobineau
2783 3679 2836 3732 in
2890 3678 3123 3731 Historia
3174 3677 3460 3730 Armoricw
3520 3674 3586 3728 ad
3635 3690 3852 3727 annum
3901 3673 4019 3727 857.

2446 3772 2682 3825 Rursum
2736 3770 3088 3838 quadraginta
3134 3778 3189 3821 et
3232 3784 3422 3820 novem
3470 3783 3646 3821 annos
3699 3777 4020 3821 numerata

2447 3862 2690 3930 corporis
2730 3860 3085 3913 translatione
3123 3860 3172 3911 in
3209 3856 3563 3915 Britanniam,
3613 3859 3844 3925 quando
3874 3859 4021 3911 Salo-

2447 3973 2573 4012 mon
2609 3973 2699 4010 rex
2740 3970 2767 4009 a
2806 3960 2918 4008 suis
2952 3953 3049 4007 fuit
3079 3952 3313 4007 occisus.
3350 3949 3420 4003 At
3453 3949 3709 4001 laudatus
3747 3949 4021 4003 Lobineau

2446 4065 2553 4103 non
2596 4058 2735 4102 totos
2768 4046 2954 4116 viginti
2999 4061 3172 4098 annos
3206 4060 3371 4114 regno
3402 4041 3717 4096 Salomonis
3751 4043 4017 4095 attribuit.

2519 4137 2601 4189 l9.
2665 4134 2781 4188 Mox
2843 4134 3060 4201 ineptus
3118 4142 3546 4183 commentorum
3605 4132 4025 4184 consarcinator

2450 4226 2659 4278 inducit
2684 4225 2927 4278 Flavium
2960 4221 3324 4275 Romanorum
3362 4221 3672 4287 patricium,
3713 4222 4025 4277 Salomonis

2449 4316 2612 4371 Occisi
2649 4329 2916 4375 socerum,
2953 4313 3018 4367 de
3050 4314 3167 4381 eius
3191 4323 3362 4364 morte
3386 4310 3661 4365 scribente
3688 4312 3758 4363 ad
3790 4312 4028 4367 Valenti-

2448 4409 2666 4464 nianum
2690 4410 3099 4478 imperatorem;
3124 4402 3559 4460 Valentinianum
3590 4419 3724 4458 vero
3750 4406 4025 4473 ingentem

784 4513 971 4556 untur.
1009 4501 1193 4554 Habeo
1230 4501 1363 4555 Acta
1414 4515 1538 4561 ms.,
1584 4498 1809 4555 Salerno
1838 4501 1963 4553 olim
2010 4502 2075 4552 ad
2114 4502 2344 4568 majores
2379 4494 2419 4547 D
2450 4500 2502 4553 in
2537 4502 2681 4553 italia
2712 4501 2938 4554 classem
2971 4498 3251 4567 collegisse
3289 4497 3498 4552 θςερτὶῑ.
3526 4497 3685 4565 eique
3722 4499 4027 4551 exercitum

784 4601 1003 4645 nostros
1037 4590 1379 4649 transmissa,
1421 4606 1486 4644 ex
1529 4591 1730 4657 quibus
1775 4591 1930 4643 video
1970 4606 2063 4643 sua
2101 4592 2346 4649 hausisse

783 4683 1057 4740 laudatum
1093 4683 1330 4736 Marcum
1365 4682 1657 4735 Antonium
1683 4678 2000 4735 Columnam
2028 4682 2346 4739 Marsilium.

786 4770 990 4829 Vellem
1034 4788 1183 4839 sane,
1226 4783 1279 4828 ut
1313 4787 1374 4828 ea
1404 4776 1582 4845 potius
1628 4789 1817 4829 severa
1846 4775 1971 4828 crisi
2009 4774 2342 4843 castigasset,

787 4876 880 4920 aut
925 4866 1150 4920 omnino
1198 4867 1362 4920 etiam
1416 4866 1724 4932 abiecisset,
1775 4875 2025 4932 tanquam
2074 4865 2347 4934 improba-

790 4959 934 5016 hilia.
968 4958 1055 5021 At,
1091 4972 1211 5011 cum
1248 4956 1389 5011 istud
1425 4973 1531 5010 non
1562 4958 1769 5020 fecerit,
1801 4972 1899 5024 pro
1927 4955 2176 5010 instituto
2207 4956 2347 5024 Ope-

788 5051 864 5103 ris
894 5050 1064 5102 nostri
1106 5048 1156 5101 id
1195 5048 1324 5101 mihi
1367 5047 1674 5102 faciendum
1716 5049 1889 5101 video.
1934 5045 2218 5102 Geminum
2266 5057 2349 5101 est

789 5139 1072 5208 scriptum,
1098 5139 1324 5192 alterum
1353 5139 1521 5192 altero
1547 5137 1705 5207 paulo
1728 5137 2015 5206 prolixius;
2042 5136 2134 5190 sed
2162 5135 2348 5189 eadem

790 5232 841 5284 in
872 5240 1099 5298 utroque
1124 5229 1436 5283 referuntur
1460 5230 1620 5283 facta.
1650 5229 1801 5295 Quod
1834 5229 2048 5282 brevius
2076 5238 2176 5288 est,
2202 5225 2349 5279 hunc

792 5325 955 5377 habet
994 5325 1208 5378 titulum
1252 5342 1265 5379 :
1304 5342 1322 5375 r
1371 5324 1563 5377 Sermo
1606 5322 1927 5377 venerabilis
1966 5321 2194 5382 Paulini,
2244 5317 2347 5371 Le-

792 5417 1066 5487 gionensis
1098 5418 1387 5471 Britanniae
1423 5418 1572 5470 urbis
1604 5418 1864 5483 episcopi,
1896 5421 1963 5469 de
1997 5415 2350 5468 translatione

791 5510 961 5564 sancti
994 5508 1225 5563 Mattbaei
1257 5510 1479 5578 apostoli
1504 5510 1569 5563 ab
1596 5508 1870 5586 zEthiopia
1909 5509 1960 5560 in
1997 5507 2346 5571 Britanniam,

794 5601 1033 5671 itemque
1076 5603 1143 5654 de
1194 5599 1466 5654 Britannia
1516 5601 1567 5653 in
1616 5600 1842 5653 Italiam.
1889 5618 1905 5649 ι
1946 5599 2074 5652 Post
2112 5598 2347 5652 medium

794 5707 1009 5748 rursum
1053 5692 1140 5748 hic
1178 5693 1373 5763 legitur
1416 5694 1603 5746 titulus
1649 5707 1662 5744 :
1707 5692 1955 5746 Miracula
2004 5693 2173 5747 sancti
2220 5706 2351 5760 apo-

799 5781 916 5839 Stoli
964 5795 1015 5838 et
1065 5784 1401 5855 evangelista?
1444 5783 1675 5838 Matth-ast
1731 5799 1823 5851 per
1869 5783 2113 5840 eumdem
2172 5782 2349 5837 Pauli-

2448 4592 2796 4661 imposuisse,
2830 4601 2884 4643 et
2924 4592 2999 4643 sic
3044 4602 3380 4656 expugnasse
3428 4603 3654 4655 regnum
3706 4589 4023 4644 Britannix.

2448 4693 2501 4737 et
2538 4699 2596 4736 ea
2638 4682 2919 4736 occasione
2963 4696 3159 4749 corpus
3208 4678 3262 4733 in
3315 4678 3517 4732 Italiam
3557 4680 3915 4732 translatum.
3965 4682 4028 4732 At

2448 4791 2608 4844 quam
2658 4774 2741 4829 illa
2789 4776 2898 4827 sint
2945 4775 3146 4840 inepta,
3201 4788 3363 4827 nemo
3416 4788 3522 4825 non
3585 4771 3823 4828 videbit.
3872 4772 4027 4823 modo

2449 4864 2897 4925 consiileraverit,
2956 4864 3205 4916 ultimum
3260 4878 3325 4916 ex
3384 4862 3560 4915 tribus
3617 4862 4029 4916 Valentinianis

2450 4959 2570 5027 plus
2611 4972 2768 5024 quam
2829 4964 3061 5023 quatuor
3124 4955 3336 5008 steculis
3391 4966 3663 5006 mortuum
3726 4970 3855 5007 esse
3910 4967 4027 5007 ante

2451 5050 2790 5103 Salomonetn
2817 5047 3105 5101 Britannia:
3135 5062 3335 5115 regem.
3362 5045 3513 5099 Mitto
3543 5046 3806 5113 adjuncta
3849 5064 4026 5100 rerum

2453 5139 2682 5209 plurima
2723 5154 2872 5205 mque
2915 5139 3117 5207 inepta.
3162 5148 3216 5191 et
3253 5152 3416 5206 pergo
3447 5138 3513 5191 ad
3555 5138 3947 5192 inventionem
3981 5140 4027 5190 in

2454 5232 2728 5300 prolixiori
2764 5232 2935 5285 solum
2990 5233 3194 5298 scripto
3228 5232 3473 5282 relatam.
3510 5229 3725 5280 Dicitur
3770 5230 3862 5282 illa
3901 5247 4031 5283 rou-

2454 5324 2635 5393 tigisse
2662 5338 2804 5375 anno
2830 5322 2952 5384 ςγδι,
2983 5322 3197 5390 quando
3224 5320 3585 5389 principatum
3616 5317 4028 5373 Saleruitanum

2451 5417 2727 5471 obtinebat
2759 5416 3074 5483 Gisulphus.
3125 5416 3246 5469 Haec
3279 5414 3486 5481 epocha
3531 5430 3631 5467 suo
3672 5414 3797 5467 loco
3832 5416 4031 5469 contire

2452 5510 2644 5563 manda
2682 5510 2876 5563 veniet.
2912 5510 3131 5562 interim
3178 5522 3392 5569 moneo,
3440 5507 3610 5559 multa
3658 5523 3890 5561 rursum
3939 5511 4031 5561 im-

2452 5602 2750 5671 probabilia
2777 5612 2829 5655 et
2852 5602 3029 5668 inepta
3066 5598 3302 5652 historia:
3336 5598 3676 5652 inventionis
3712 5600 4025 5651 admisceri.

2453 5693 2559 5748 Has
2589 5694 2656 5747 ob
2681 5709 2872 5747 causas
2911 5702 3075 5746 totam
3114 5690 3259 5744 illam
3293 5689 3670 5743 translationis
3718 5691 4023 5745 hiStoriam.

2454 5792 2633 5853 utpote
2662 5786 2933 5838 sexcentis
2968 5780 3157 5835 fabulis
3186 5790 3274 5833 aut
3299 5779 3519 5848 ineptiis
3548 5779 3826 5840 itedatatn.
3868 5782 4021 5833 omit-
