4156 6314
231 364 330 432 ’161

1512 377 1680 441 VITA
1726 379 1788 440 S.
1831 379 2222 443 MATTH/El.

3370 377 3475 443 762

231 491 345 536 tere
396 481 577 535 statui.
622 479 758 536 Cum
801 488 982 537 tamen
1021 484 1321 552 posteriora
1368 485 1549 540 minus
1604 484 1796 539 saltem
1825 488 2069 553 Avenit,
2115 499 2170 545 et
2214 489 2483 545 habitavit
2532 489 2586 544 in
2639 490 3021 559 Capltarnaum
3071 487 3367 554 maritima,
3419 489 3474 544 in

232 574 426 627 vitiosa
465 584 783 643 appareant,
818 576 960 645 quod
993 577 1223 644 scriptor
1256 576 1406 631 hisce
1442 577 1799 647 propinquior

230 664 429 730 fuerit;
457 666 541 719 illa
564 667 792 723 subinde
831 669 1105 722 conferam
1135 683 1256 722 cum
1289 669 1407 723 aliis
1434 668 1796 735 documentis,

234 769 286 811 et
331 770 450 810 cum
501 758 688 812 relatis
720 759 788 811 ab
834 759 1202 814 illustrissitno
1243 760 1506 815 Columna
1544 762 1799 826 Marsilio,

235 859 296 902 ut
323 848 373 902 in
406 849 809 903 Commentario
840 852 1117 904 studiosus
1152 854 1322 906 lector
1348 856 1418 908 sit
1452 856 1797 918 inventurus,

233 938 495 1006 quidquid
542 939 820 992 tolerabile
862 940 913 991 in
948 940 1050 993 illis
1084 941 1299 1009 scriptis
1326 952 1565 1011 apparet.
1602 942 1798 1013 Ughel-

231 1027 339 1091 lus,
373 1038 500 1082 tom.
538 1028 627 1083 VII
665 1031 834 1081 Ita/ne
867 1047 1034 1083 sacrm
1066 1030 1116 1082 in
1164 1030 1585 1102 archiepiscopis
1623 1036 1803 1089 Saler-

233 1121 439 1175 uitanis
489 1122 652 1174 variis
704 1122 835 1174 locis
878 1122 944 1175 de
978 1123 1333 1176 translatione
1377 1134 1430 1178 et
1487 1126 1801 1181 inventione

232 1212 407 1265 sancti
450 1210 682 1265 Matthari
725 1215 854 1283 agit,
887 1222 942 1266 et
985 1212 1213 1266 multum
1259 1214 1439 1268 laudat
1470 1214 1798 1283 Opusculum

233 1302 474 1365 Marsilii,
506 1303 651 1371 quod
683 1318 746 1355 ex
785 1319 941 1364 tuas...
975 1304 1038 1357 de
1082 1304 1279 1371 quibus
1318 1305 1543 1375 agimus,
1577 1312 1802 1360 eont'tn-

233 1406 419 1448 natum
465 1404 566 1450 est.
623 1394 964 1462 Quapropter
1036 1396 1280 1450 studiose
1331 1414 1393 1450 ex
1444 1399 1801 1466 scriptoribus

232 1486 399 1540 medii
430 1485 529 1539 aevi
572 1486 778 1555 singula
808 1487 921 1540 suis
948 1486 1081 1541 locis
1114 1487 1421 1541 examinare
1459 1490 1796 1543 conabimur.

231 1599 257 1669 §
289 1599 351 1653 ll.
394 1599 451 1653 S.
493 1598 728 1653 Matt/tari
759 1602 961 1653 vocalia
991 1616 1054 1653 ea:
1086 1600 1370 1669 Evangelia
1404 1618 1517 1653 eum
1559 1601 1802 1655 observa-

308 1671 530 1722 tionibus
578 1669 799 1721 Patrum
844 1686 861 1724 :
904 1670 1104 1740 aliquot
1144 1673 1508 1725 controversia:
1558 1674 1623 1725 ad
1665 1671 1802 1725 Sun—

304 1750 449 1792 ctum
489 1750 800 1808 spectantes.

1909 580 2110 635 ﬁnibus
2154 580 2396 635 Zahulon
2441 592 2497 637 et
2530 580 2877 652 Nephthalim
2906 621 2922 644 ,
2989 592 3049 636 ut
3090 580 3477 649 adimpleretur

1905 672 2048 739 quod
2091 673 2295 727 dictum
2348 680 2433 727 est
2480 688 2577 743 per
2630 671 2820 727 Isaiam
2881 673 3207 742 prophetam
3252 688 3267 725 :
3308 670 3479 725 Terra

1908 762 2149 838 Zabnlon
2200 774 2255 819 et
2321 775 2463 819 terra
2526 762 2899 834 Nephthalim,
2948 765 3036 817 via
3096 763 3263 816 maris
3326 770 3475 815 tiaris

1905 854 2191 910 Jordanem
2222 900 2235 922 ,
2271 856 2487 911 Galilasa
2531 858 2792 928 gentium,
2842 856 3090 925 populus,
3118 853 3207 923 qui
3252 853 3476 906 sedebat

1909 952 1963 1001 in
2011 949 2272 1011 tenebris,
2324 950 2459 1002 vidit
2508 952 2680 1003 lucem
2735 962 3027 1015 ntagnam;
3068 957 3123 1000 et
3161 945 3477 1000 sedentibus

1908 1040 1959 1094 in
1994 1043 2213 1109 regione
2245 1042 2449 1096 umbrae
2482 1044 2673 1095 mortis
2711 1041 2799 1094 lux
2842 1051 2959 1097 orta
2993 1048 3078 1096 est
3105 1039 3205 1093 eis.
3254 1056 3273 1089 ι
3312 1036 3478 1090 Recte

1906 1131 2350 1202 Chrysostomus,
2399 1135 2548 1187 hom.
2580 1133 2669 1195 9.9,
2700 1142 2793 1209 aut
2833 1132 2903 1185 50
2936 1135 2987 1184 in
3029 1131 3372 1188 Mattha-um.
3411 1128 3479 1182 de

1907 1225 2087 1277 verbis
2127 1225 2371 1293 allegatis
2419 1224 2600 1279 dicit:
2645 1242 2662 1275 ι
2707 1222 2997 1277 Civitatem
3046 1238 3196 1276 suam
3242 1221 3327 1274 hic
3368 1218 3477 1273 Ca-

1908 1331 2166 1385 pernaum
2193 1316 2425 1383 appellat
2454 1334 2467 1370 :
2504 1330 2649 1378 natu,
2681 1330 2800 1383 quae
2830 1315 2948 1368 tulit
2974 1314 3149 1381 ipsum
3203 1311 3476 1366 Bethleem

1909 1407 2053 1467 fuit;
2098 1424 2219 1475 qua:
2259 1407 2531 1468 educavit,
2562 1406 2865 1468 Nazareth;
2911 1420 3031 1474 quae
3083 1405 3474 1458 inhabitantem

1909 1497 2116 1556 habuit.
2162 1498 2532 1571 Caper-nsum.
2566 1516 2586 1549 ι
2631 1497 2915 1552 Habitabat
2958 1497 3119 1567 igitur
3171 1492 3475 1561 Capharnai

1908 1585 2087 1646 Jesus,
2124 1587 2214 1640 ubi
2256 1588 2537 1641 Matthazus
2570 1589 2757 1657 procul
2793 1589 2959 1641 dubio
2997 1603 3124 1641 eum
3158 1585 3475 1654 frequenter

1910 1678 2142 1739 viderat,
2181 1681 2460 1747 multaque
2491 1680 2740 1735 audierat
2778 1678 3039 1735 miracula
3064 1718 3079 1737 ,
3122 1694 3242 1746 qua:
3277 1678 3473 1743 partim

1911 1769 2239 1841 Capharnai,
2271 1772 2465 1839 partim
2518 1772 2571 1825 in
2614 1772 2748 1825 locis
2784 1771 2976 1825 vicinis
3024 1779 3228 1838 patrata
3263 1766 3478 1822 fuerant

301 1854 575 1911 20.Pauca
594 1855 883 1910 admodum
899 1856 964 1910 de
980 1856 1803 1912 sanctoidattheoinnotuerunt
1838 1848 1879 1907 Β
1909 1883 1937 1917 a
1963 1863 2113 1927 Jcsu.
2146 1873 2438 1933 aulequam
2472 1864 2649 1932 ipsum
2681 1863 2927 1924 vocabat.
2962 1872 3019 1915 ιιι
3050 1876 3265 1915 rursum
3289 1860 3479 1913 obser.

233 1964 302 2003 es
334 1948 644 2019 Evangelia.
670 1949 721 2002 in
755 1966 861 2017 quo
883 1951 992 2003 sola
1025 1950 1209 2004 Sancti
1243 1952 1454 2004 vocatio
1476 1964 1596 2004 cum
1618 1962 1804 2005 secuto

232 2041 505 2097 convivio.
537 2052 589 2093 et
619 2041 815 2095 deinde
843 2041 1037 2096 electio
1065 2044 1135 2097 ad
1167 2044 1532 2113 apostolatum
1575 2058 1802 2096 enarra-

234 2142 344 2194 tur,
395 2133 634 2199 exceptis
691 2143 875 2186 tamen
921 2134 1216 2198 nonnullis,
1249 2149 1368 2202 qua:
1400 2135 1697 2204 generatim
1739 2134 1806 2186 de

235 2224 492 2277 omnibus
535 2226 795 2292 apostolis
843 2224 1173 2279 referuntur.
1214 2225 1500 2280 Matth-aus
1541 2224 1652 2290 ipse
1682 2238 1801 2291 cap.

236 2330 314 2379 ix,
351 2316 517 2374 relata
548 2316 849 2384 Capharnai
880 2318 1161 2371 sanatione
1192 2317 1485 2388 paralytici,
1519 2316 1550 2385 ᾗ
1582 2315 1612 2370 9
1649 2329 1807 2366 Voca-

236 2410 439 2462 tionem
484 2423 633 2459 suam
670 2418 852 2461 narrat
884 2409 965 2462 his
997 2409 1175 2462 verbis
1213 2427 1224 2460 :
1266 2427 1283 2458 ι
1309 2409 1375 2463 Et
1397 2424 1518 2462 cum
1552 2407 1807 2461 transiret

237 2500 366 2554 inde
410 2498 591 2563 Jesus,
645 2500 775 2553 vidit
826 2499 1099 2554 hominem
1146 2501 1425 2555 sedentem
1469 2501 1521 2552 in
1579 2499 1801 2565 telonio,

235 2592 542 2646 Maltlneum
601 2594 841 2656 nomine,
892 2602 944 2646 et
994 2594 1068 2645 ait
1119 2592 1188 2644 illi
1235 2610 1248 2644 :
1297 2594 1536 2659 Sequere
1583 2607 1668 2645 me
1707 2601 1804 2655 ;et

232 2700 465 2753 surgens
489 2693 709 2739 secutus
735 2692 975 2737 esteum.
1004 2702 1021 2735 ι
1051 2683 1263 2737 Marcus
1286 2700 1402 2754 cap.
1432 2699 1487 2747 ιι,
1521 2685 1549 2751 ᾗ
1586 2685 1645 2738 15
1665 2685 1803 2737 idem

232 2786 454 2833 enarrat
487 2777 589 2831 hoc
615 2776 775 2830 modo
808 2798 817 2830 :
856 2795 873 2827 ι
908 2776 967 2831 Ει
997 2792 1250 2847 egressus
1272 2786 1353 2833 est
1387 2794 1574 2832 rursus
1605 2775 1803 2845 (Iesus)

231 2870 301 2924 ad
340 2884 486 2921 mare
530 2886 542 2920 :
590 2868 881 2937 omnisque
938 2869 1092 2923 turba
1148 2870 1397 2924 veniebat
1446 2870 1511 2923 ad
1566 2885 1710 2932 eum,
1751 2878 1807 2922 et

230 2960 464 3013 docebat
500 2974 613 3012 eos.
653 2959 715 3013 lit
751 2976 873 3014 cum
911 2964 1234 3029 praeteriret,
1274 2962 1409 3016 vidit
1441 2960 1566 3014 Levi
1602 2960 1803 3030 Alphei

233 3052 515 3107 sedentem
544 3051 609 3104 ad
640 3052 922 3112 telonium,
956 3062 1011 3104 et
1049 3054 1123 3104 ait
1162 3052 1235 3103 illi
1277 3070 1289 3104 :
1328 3051 1565 3119 Sequere
1604 3067 1706 3103 tne.
1740 3048 1804 3102 Et

233 3160 465 3216 surgens
498 3154 719 3198 secutus
752 3153 833 3197 est
867 3159 1013 3197 eum.
1053 3161 1071 3193 ι
1116 3143 1356 3211 Uterque
1386 3142 1661 3212 subiungit
1692 3143 1802 3205 illa,
1835 3186 1875 3243 Γ

234 3257 359 3308 qua:
400 3238 535 3292 facta
575 3245 721 3299 sunt,
756 3237 971 3305 quando
1008 3237 1061 3288 in
1106 3234 1266 3288 domo
1322 3235 1558 3290 Mattluei
1591 3251 1807 3290 accum-
1836 3230 1875 3244 “’

239 3330 405 3383 bebat
430 3328 605 3381 Jesus.
651 3333 715 3381 At
748 3326 881 3381 satis
914 3328 1037 3386 erit,
1070 3326 1113 3379 si
1140 3324 1206 3379 de
1246 3324 1339 3379 illo
1370 3324 1618 3377 convivio
1645 3324 1808 3376 dede-

236 3423 413 3475 rimus
441 3425 601 3480 vcrba
645 3421 821 3481 Lucae,
856 3420 947 3487 qui
982 3435 1102 3487 cap.
1139 3435 1170 3472 v
1200 3434 1228 3472 a
1261 3419 1292 3486 ᾗ
1326 3417 1390 3469 27
1424 3418 1490 3471 de
1528 3416 1807 3470 vocatione

234 3524 291 3567 et
321 3523 506 3564 secuto
528 3511 775 3563 convivio
802 3511 875 3563 ita
902 3510 1141 3577 loquitur
1169 3526 1182 3562 :
1223 3528 1240 3559 ι
1280 3507 1343 3562 Et
1373 3518 1491 3577 post
1516 3507 1629 3561 lnec
1655 3508 1803 3571 exiit,

234 3615 293 3661 et
349 3603 480 3657 vidit
535 3602 873 3671 publicanum
936 3602 1155 3653 nomine
1202 3601 1349 3662 Levi,
1404 3600 1686 3653 sedentem
1740 3597 1806 3649 ad

238 3698 527 3757 telonium,
569 3705 623 3750 et
652 3694 726 3748 ait
756 3694 829 3746 illi
870 3711 883 3746 :
918 3691 1304 3763 Sequere_me.
1348 3691 1411 3745 Et
1455 3690 1659 3743 relictis
1691 3704 1807 3741 om-

234 3789 422 3848 nibus,
468 3800 695 3854 surgens
742 3795 962 3839 secutus
1005 3792 1089 3837 est
1143 3795 1289 3836 eum.
1345 3780 1407 3833 Et
1438 3782 1564 3835 fecit
1593 3782 1639 3834 ei
1673 3795 1806 3834 eon-

234 3881 444 3934 viviutn
487 3892 741 3947 magnum
786 3876 911 3930 Levi
946 3877 998 3930 in
1046 3876 1207 3928 domo
1241 3890 1359 3932 sua,
1395 3885 1447 3925 et
1486 3882 1603 3925 erat
1651 3872 1807 3923 turba

238 3972 409 4023 multa
439 3971 873 4036 publicanorum,
903 3977 957 4019 et
982 3967 1231 4028 aliorum,
1252 3964 1341 4028 qui
1374 3978 1495 4016 cum
1525 3963 1629 4016 illis
1652 3969 1809 4015 erant

233 4061 665 4117 discumbentes.
703 4058 767 4111 Et
802 4058 1212 4111 murmurabant
1239 4054 1494 4109 Pharisaei
1530 4065 1582 4108 et
1609 4054 1809 4109 Scriba:

235 4168 455 4213 corum,
490 4150 731 4206 dicentes
780 4152 846 4206 ad
896 4149 1190 4218 discipulos
1239 4148 1357 4215 ejus
1404 4165 1415 4199 :
1468 4147 1646 4210 Quare
1683 4160 1805 4199 cum

235 4244 547 4315 publicanis
587 4252 639 4295 et
674 4241 1050 4310 peccatoribus
1095 4238 1432 4291 manducatis
1466 4245 1520 4289 et
1570 4236 1803 4291 bibitis?

239 4337 309 4389 lit
336 4335 668 4400 reSpondens
691 4332 867 4393 Jesus,
895 4330 1029 4388 dixit
1058 4331 1122 4383 ad
1160 4330 1281 4383 illos
1313 4347 1326 4384 :
1358 4329 1471 4382 Non
1503 4337 1683 4396 egent,
1715 4329 1806 4396 qui

238 4428 361 4482 sani
403 4421 553 4485 sunt,
586 4426 818 4486 medico,
844 4424 937 4477 sed
975 4424 1063 4491 qui
1107 4425 1245 4476 male
1287 4422 1505 4475 habent.
1537 4421 1652 4477 Non
1688 4420 1806 4473 veni

1905 1967 1996 2010 vat
2042 1956 2484 2028 Chrysostomus,
2533 1956 2679 2010 hom.
2734 1956 2820 2020 '50,
2857 1965 2950 2009 aut
2995 1956 3084 2010 5i.
3113 1954 3259 2008 Data;
3290 1961 3474 2007 autem

1905 2049 2332 2103 observationes
2382 2050 2698 2116 sanatioque
2770 2048 3048 2117 paralytici
3133 2046 3291 2114 paulo
3353 2054 3479 2098 ante

1908 2144 2045 2196 facta
2083 2143 2398 2203 ostendunt,
2429 2157 2589 2210 quam
2631 2143 2814 2210 inepte
2854 2138 3098 2193 Julianus
3129 2147 3183 2191 et
3231 2134 3476 2204 Porphy-

1906 2233 2019 2286 rius
2077 2236 2420 2286 vocationem
2489 2229 2724 2284 Mattheei
2786 2228 3115 2283 Christianis
3173 2225 3478 2294 objecerint

1906 2334 2159 2393 tanquam
2194 2324 2587 2383 incredibilem,
2625 2332 2683 2378 ut
2725 2333 2869 2379 recte
2919 2322 3151 2376 advertit
3183 2319 3238 2375 S.
3281 2318 3473 2373 Hiero-

1908 2432 2100 2488 nymus
2133 2417 2183 2469 in
2215 2427 2378 2487 caput
2413 2431 2464 2470 nt
2500 2414 2759 2480 Matthaci,
2790 2414 2879 2469 ubi
2917 2413 3023 2469 illis
3055 2413 3213 2483 plura
3246 2427 3475 2484 respon-
3519 2414 3522 2417 ’

1907 2508 2018 2562 (let.

1976 2597 2065 2652 9.2.
2114 2597 2209 2650 Vel
2237 2597 2315 2651 sic
2348 2606 2527 2651 tamen
2567 2596 2701 2651 nihil
2738 2596 3133 2651 detrahendum
3162 2603 3245 2649 est
3288 2610 3476 2663 prom-

1907 2700 2008 2759 ptae
2029 2690 2350 2746 obedientiae
2377 2689 2632 2755 Mattlnei,
2657 2690 2723 2743 de
2750 2705 2853 2757 qua
2879 2689 3128 2745 laudatus
3147 2687 3477 2759 Chrysosto—

1909 2786 2123 2840 musita
2158 2786 2517 2840 ratiocinator
2560 2802 2573 2839 :
2609 2803 2627 2830 σ
2670 2784 2739 2840 Ut
2769 2785 3003 2839 didicisti
3036 2786 3280 2838 vocantis
3325 2792 3477 2854 pote-

1907 2890 2123 2942 statem,
2156 2878 2235 2932 sic
2278 2879 2428 2935 disce
2460 2880 2631 2932 vocati
2672 2879 3062 2933 obedientiam.
3110 2877 3293 2945 Neque
3333 2878 3475 2930 enim

1910 2971 2249 3040 repugnavit.
2292 2985 2470 3038 neque
2517 2970 2772 3023 dubitans
2802 2971 2938 3023 dixit
2977 2986 2989 3021 :
3022 2968 3159 3034 Quid
3212 2971 3311 3023 hoc
3351 2967 3480 3022 est?

1908 3061 2044 3116 Num
2079 3077 2162 3116 me
2190 3062 2465 3116 hominem
2510 3061 2818 3129 huiusmodi
2869 3062 3241 3116 fraudulenter
3278 3061 3479 3113 vocat?

1910 3156 2041 3209 Nam
2075 3166 2221 3209 certe
2252 3158 2628 3224 intempestiva
2675 3156 2865 3209 fuisset
2923 3156 3228 3223 huiusmodi
3295 3154 3476 3207 lunul-

1910 3248 2051 3301 litas.
2086 3247 2190 3301 Sed
2249 3247 2429 3301 statim
2461 3248 2701 3301 obedivit
2736 3265 2749 3303 :
2785 3262 2959 3314 neque
2994 3248 3146 3315 petiit
3176 3256 3233 3299 nt
3258 3246 3477 3301 domum

1908 3341 1985 3393 ire
2022 3340 2229 3401 Iice‘ret,
2266 3349 2461 3394 utrem
2489 3356 2610 3393 cum
2645 3341 2760 3393 suis
2797 3340 3251 3399 communicaret,
3284 3353 3478 3406 quem-

1908 3433 2196 3486 admodum
2242 3433 2405 3485 etiam
2484 3434 2775 3501 piscatores
2816 3434 3077 3487 iecerunt.
3113 3429 3183 3486 Ut
3215 3431 3359 3485 enim
3402 3428 3477 3482 illi

1909 3525 2066 3586 retia,
2096 3525 2422 3587 naviculam,
2455 3533 2507 3577 et
2541 3533 2768 3591 patrem,
2806 3524 2876 3576 ita
2912 3532 2967 3576 et
3014 3524 3098 3575 hic
3131 3520 3475 3576 telouiariam

1908 3631 2155 3668 mensam
2180 3624 2233 3667 et
2260 3615 2467 3669 iucrum
2499 3615 2737 3682 reliquit,
2762 3625 2819 3666 ut
2848 3623 3185 3682 sequeretur,
3210 3614 3273 3665 ad
3299 3615 3482 3663 omnia

1910 3712 2155 3770 paratum
2202 3702 2441 3754 animum
2479 3704 2746 3755 exhibens
2796 3718 2809 3754 :
2857 3714 2911 3755 et
2951 3716 2978 3753 a
3022 3703 3180 3755 rebus
3226 3701 3479 3755 omnibus

1909 3791 2260 3847 saecularibus
2291 3805 2348 3844 se
2382 3790 2562 3844 statim
2602 3790 2953 3852 abscindens,
2989 3804 3086 3857 per
3110 3788 3476 3841 obedientiam

1910 3885 2204 3951 perfectam
2247 3883 2659 3943 testiﬁcaliatur,
2696 3897 2855 3952 quam
2889 3879 3209 3949 tempestive
3252 3886 3479 3933 vocatus

1911 3972 2121 4026 fuisset.
2166 3992 2183 4023 ι
2226 3973 2281 4026 S.
2332 3972 2561 4026 Basilius
2617 3977 2668 4024 in
2715 3973 2932 4041 Regillis
2991 3972 3164 4024 fusius
3212 3972 3475 4029 tractatis.

1911 4065 2095 4119 interr.
2130 4067 2185 4123 8.
2213 4065 2384 4134 magis
2415 4066 2577 4118 etiam
2604 4074 2886 4134 exaggerat
2913 4072 3214 4132 promptam
3244 4076 3478 4131 sequen-

1912 4156 1978 4210 tis
2024 4157 2408 4213 obedientiam,
2458 4156 2528 4207 ita
2582 4155 2826 4209 scribens
2872 4170 2885 4206 :
2942 4173 2958 4202 ι
3001 4152 3284 4207 Mattheus
3324 4164 3472 4214 vero,

1909 4258 2030 4297 cum
2057 4244 2123 4296 ab
2157 4244 2272 4310 ipso
2310 4244 2508 4295 telooio
2532 4243 2786 4304 surrexit,
2823 4242 3221 4305 Dominumque
3250 4250 3473 4293 secutus

1910 4343 2013 4395 est,
2060 4334 2204 4393 (nos
2234 4332 2423 4387 docuit
2454 4334 2509 4401 ε)
2542 4333 2632 4401 qui
2667 4348 2773 4386 non
2821 4332 3002 4387 telonii
3045 4332 3218 4384 solum
3263 4331 3474 4383 emolu-

1911 4437 2088 4500 menta
2114 4428 2347 4494 reliquit,
2382 4428 2474 4480 sed
2506 4426 2744 4492 pericula
2774 4425 2934 4477 etiam
2962 4422 3319 4489 contempsit,
3355 4435 3476 4486 quas

233 4532 441 4570 vocare
481 4517 678 4582 jusluS.
736 4514 827 4566 Sed
879 4523 1191 4582 peccalOl'PS
1238 4513 1303 4565 ad
1351 4512 1743 4581 ρωοίιθηιὶδιιι.
1782 4530 1798 4561 ³
1839 4520 1881 4572 D
1912 4536 1938 4572 a
1973 4521 2378 4589 magistratibus
2419 4529 2530 4571 tum
2585 4518 2686 4571 sibi
2732 4530 2844 4569 tum
2892 4513 3312 4579 consanguineis
3359 4512 3474 4566 suis

236 4607 518 4662 Hactenus
548 4604 891 4676 evangelista:
933 4606 999 4658 de
1036 4603 1345 4657 vocatione.

312 4702 405 4756 ‘21.
460 4700 539 4755 Ad
596 4700 819 4764 allegata
880 4709 1057 4751 autem
1115 4698 1572 4766 evangelislarum
1642 4697 1805 4750 verba

235 4798 533 4849 observare
596 4804 907 4859 possumus,
961 4802 1208 4843 sanctum
1272 4789 1581 4843 Matthmum
1644 4789 1810 4843 fuisse

237 4897 496 4940 vocatum
556 4897 725 4953 prope
769 4882 1039 4935 civitatem
1092 4880 1471 4949 Caphnrnamn
1530 4881 1594 4934 ad
1661 4895 1809 4934 mare

235 4979 499 5038 Galilzna',
524 4976 637 5029 sive
666 4975 985 5031 ’l‘iberiadis.
1019 4973 1151 5027 alias
1188 4976 1359 5027 lacum
1388 4973 1718 5027 Genesareth
1755 4972 1806 5024 in

238 5070 541 5137 scripturis
590 5068 818 5129 dictum,
865 5068 950 5119 ubi
991 5078 1147 5120 erant
1199 5066 1452 5119 solvenda
1504 5065 1839 5133 vectigalia.“

236 5163 376 5220 Nam
420 5160 628 5215 Marcus
658 5161 800 5214 clare
830 5160 903 5212 ait
938 5161 965 5227 ᾗ
1010 5160 1045 5213 i.
1085 5158 1265 5212 Iesum
1314 5158 1522 5211 venisse
1564 5157 1807 5226 Caphar-

239 5267 444 5316 naum,
504 5252 685 5316 ibique
739 5266 957 5305 sanasst-
1002 5250 1372 5319 paralyticum,
1429 5259 1539 5303 tum
1595 5266 1806 5305 rursum

240 5346 417 5400 fuisse
458 5358 756 5411 egressum,
800 5352 852 5395 et
888 5341 1191 5394 Manlia:qu
1246 5341 1359 5394 sive
1397 5341 1521 5395 Levi
1566 5356 1805 5397 vocasse.

236 5437 533 5491 Matlhzeus
575 5448 702 5484 vero
747 5432 898 5492 dicit,
938 5430 1122 5485 Jesum
1162 5434 1375 5486 venisse
1416 5434 1466 5485 iu
1530 5433 1805 5487 civitatem

237 5542 422 5586 suam,
454 5524 543 5579 ubi
581 5523 835 5578 nimirum
884 5535 1011 5578 tunc
1044 5525 1341 5588 habitabat,
1387 5534 1445 5577 tit
1492 5525 1630 5578 idem
1672 5526 1805 5580 Mat-

242 5623 423 5674 thaeus
471 5633 592 5684 cap.
640 5617 770 5683 ita?
819 5616 882 5673 15
932 5625 1159 5670 testatur
1206 5616 1287 5669 his
1342 5618 1568 5671 verbis:
1616 5636 1632 5667 ι
1671 5618 1805 5672 Cum

241 5719 429 5765 autem
463 5706 702 5762 audisset
738 5706 915 5771 Jesus,
944 5708 1084 5777 quod
1113 5705 1349 5761 Joannes
1382 5708 1608 5762 traditus
1638 5718 1803 5773 esset,

242 5800 477 5856 secessit
506 5799 558 5853 in
590 5796 861 5853 Galilaeam
896 5815 908 5851 :
943 5810 995 5854 et
1030 5798 1215 5853 relicta
1256 5799 1476 5854 civitate
1514 5797 1803 5866 Nazareth,

1911 4613 2327 4682 impendebant.
2352 4610 2497 4680 quod
2530 4609 2870 4679 vectigalium
2904 4610 3143 4659 rationes
3169 4604 3474 4671 reliquisset

1910 4708 2155 4762 iniectas.
2191 4706 2459 4773 Autiquns
2504 4712 2805 4771 anonymus
2846 4700 2909 4750 ad
2945 4694 3277 4765 praesidium,
3312 4696 3472 4762 cuius

1912 4796 2147 4865 Epistula
2183 4794 2325 4846 inter
2370 4791 2545 4860 Opera
2589 4792 2645 4843 S.
2695 4790 3004 4860 Hieronymi
3039 4790 3295 4845 editiOnis
3329 4789 3470 4840 Mar-

1914 4889 2106 4943 tianete
2139 4887 2364 4939 habetur
2403 4893 2536 4937 tom.
2581 4882 2643 4945 γ,
2693 4884 2797 4936 col.
2842 4886 2962 4944 Hii,
3011 4884 3264 4937 observat
3308 4882 3472 4936 etiam

1912 4983 2038 5039 alia,
2066 4982 2133 5031 ita
2163 4978 2388 5045 loquens
2419 4994 2432 5029 :
2482 4994 2499 5026 ι
2539 4975 2820 5028 Matthzeus
2862 4974 3055 5028 sedens
3096 4976 3161 5024 ad
3198 4974 3471 5026 teloneum

1910 5072 2058 5123 audit
2094 5087 2106 5123 :
2136 5067 2376 5136 Sequere
2407 5081 2508 5119 me.
2545 5063 2814 5134 Numquid
2849 5065 2997 5133 prius
3028 5064 3310 5119 ratiocinia
3343 5079 3475 5131 sup-

1912 5159 2138 5230 putavit,
2187 5168 2241 5211 et
2294 5171 2544 5210 reversos
2604 5157 2825 5210 domum
2875 5171 3095 5209 suorum
3155 5170 3343 5223 passus
3388 5164 3473 5208 est

1911 5253 2193 5321 lacrymas,
2221 5249 2651 5318 praediorumque
2677 5247 2925 5307 auctione
2952 5250 3233 5304 sollicitus.
3268 5262 3471 5315 nequa-

1909 5358 2070 5413 quam
2110 5345 2283 5412 potuit
2323 5341 2532 5395 Domini
2576 5342 2725 5410 sequi
2773 5340 3013 5409 vestigia,
3052 5339 3155 5392 nisi
3188 5340 3371 5393 mundi
3409 5354 3468 5395 se

1913 5440 2060 5506 prius
2088 5451 2255 5489 onere
2288 5434 2582 5488 liberaret?
2627 5454 2645 5485 ι
2686 5434 2760 5486 Ita
2788 5434 3004 5500 quidem
3038 5448 3339 5502 anonymus
3378 5432 3467 5486 hic

1911 5546 2032 5583 cum
2085 5527 2139 5582 S.
2187 5527 2383 5579 Basilio
2415 5528 2625 5579 videtur
2672 5525 2969 5585 insinuare,
3024 5524 3264 5578 rationes
3302 5522 3469 5578 fuisse

1914 5622 2213 5677 reddendas
2249 5622 2438 5673 sancio
2470 5618 2721 5675 Mattlmo
2753 5617 2819 5670 de
2846 5627 3068 5685 accepta
3103 5631 3170 5667 ex
3198 5612 3471 5682 vectigali-

1910 5712 2013 5766 bus
2063 5712 2312 5780 pecunia,
2359 5724 2459 5763 nec
2510 5720 2687 5764 tamen
2741 5709 2809 5763 de
2859 5708 2927 5762 iis
2972 5703 3261 5760 reddendis
3299 5703 3470 5759 fuisse

1912 5804 2218 5861 sollicitum.
2277 5801 2469 5858 Verum
2520 5816 2580 5856 ea
2635 5801 2941 5856 observatio
2985 5813 3133 5867 :eque
3187 5796 3319 5850 mihi
3373 5795 3457 5850 in'
