4156 6314
767 357 871 420 763

2008 364 2288 425 MENSIS
2331 366 2618 427 SEPTEM
2634 368 2799 431 BER.

3919 373 4012 435 ῑει

768 483 918 525 certa
967 480 1022 525 et
1065 486 1254 540 parum
1315 476 1608 543 probabilis
1658 488 1900 546 apparet,
1952 494 2012 533 ac
2066 481 2189 533 aliis
2231 480 2342 548 jam
2376 487 2416 538 Α
2450 480 2633 534 telonii
2669 484 2857 537 usibus
2890 485 3155 544 serviebat
3186 487 3335 542 ?Sed
3370 487 3435 542 de
3476 499 3618 542 terra
3663 488 3937 545 sublatus.
3967 491 4013 539 in

769 565 886 617 visa
928 574 1032 627 est,
1073 564 1175 617 nisi
1222 583 1340 619 eam
1382 569 1559 621 solum
1595 570 1964 641 intelligamus
1989 572 2057 626 de
2091 586 2344 642 prompta

770 657 1048 711 voluntate
1074 660 1139 711 ad
1170 658 1475 713 faciendum
1502 662 1766 731 quidquid
1812 666 2030 733 juberet
2064 668 2343 733 Dominus,

771 765 896 801 eum
941 751 1075 803 satis
1114 751 1274 803 nosse
1312 764 1495 820 posset
1527 755 1660 807 nihil
1692 757 1815 810 mali
1861 758 2164 825 jussurum.
2192 759 2345 823 Quod

773 842 904 894 vero
949 852 1158 909 spectat
1200 845 1264 896 ad
1309 846 1550 899 rationes
1585 848 1743 903 officii
1786 851 2194 919 magistratibus
2225 854 2346 906 red-

771 931 998 993 dendas,
1045 934 1319 1001 conjicere
1374 952 1689 1002 possumus,
1744 952 1837 993 aut
1886 942 2183 1011 obligatum
2237 959 2346 997 non

774 1019 942 1075 fuisse
976 1021 1282 1076 Matthzeum
1321 1026 1385 1077 ad
1433 1041 1526 1080 eas
1575 1030 1897 1095 reddendas,
1936 1034 2075 1099 quod
2122 1032 2348 1087 fortasse

774 1121 927 1179 pater
966 1115 1136 1181 ipsius
1170 1116 1423 1183 Alph;eus
1467 1119 1628 1172 etiam
1680 1133 1789 1175 tum
1845 1126 2073 1190 viveret,
2121 1137 2236 1184 aut.
2293 1128 2338 1179 si

778 1201 1066 1259 Matthzeus
1128 1208 1352 1260 omnino
1415 1223 1577 1279 caput
1626 1212 1840 1268 familiae
1904 1233 2013 1269 sua:
2074 1228 2240 1280 esset,
2294 1231 2347 1273 et

774 1297 1126 1366 vectigalibus
1169 1300 1475 1364 praefectus,
1529 1305 1819 1357 Dominum
1868 1308 2044 1364 eidem
2079 1322 2200 1377 post
2233 1312 2348 1378 pri-

778 1401 921 1439 mam
968 1388 1339 1443 obedientiam
1394 1394 1707 1455 mandasse,
1751 1408 1808 1449 ut
1860 1400 1940 1452 vel
1978 1402 2211 1455 rationes
2241 1402 2347 1457 cito

775 1478 1051 1543 redderet,
1087 1482 1171 1535 vel
1207 1498 1324 1536 eam
1359 1498 1546 1539 curam
1585 1489 1736 1541 alteri
1771 1491 2145 1546 demandaret.
2185 1494 2346 1548 Certe

776 1570 1115 1637 convivium,
1167 1574 1311 1641 quod
1367 1575 1419 1627 in
1470 1576 1631 1632 domo
1666 1594 1760 1633 sua
1792 1581 2009 1636 Christo
2059 1586 2346 1653 multisque

774 1659 1082 1729 publicanis
1132 1665 1401 1719 exstruxit
1452 1667 1771 1735 Matthaeus,
1817 1673 2034 1727 abunde
2079 1675 2341 1741 insinuat,

775 1749 951 1816 ipsum
997 1748 1158 1804 facile
1194 1754 1247 1805 in
1293 1755 1427 1809 alios
1466 1761 1848 1815 transfundere
1897 1764 2157 1830 potuisse,
2192 1768 2348 1835 quid-

772 1839 901 1907 quid
939 1840 1287 1909 obligationis
1319 1861 1381 1897 ex
1415 1845 1593 1899 officio
1626 1861 1991 1907 contraxerat.

843 1929 935 1984 23.
983 1931 1154 1987 Porro
1197 1936 1400 1990 laudati
1439 1938 1857 2010 Chrysostomus
1891 1958 1943 1999 et
1987 1946 2346 2019 Hieronymus

773 2036 896 2095 cum
957 2023 1113 2078 laude
1174 2028 1463 2084 observant
1523 2034 1815 2087 candorem
1884 2050 1939 2091 ct
1986 2039 2343 2096 humilitatem

775 2113 834 2166 ὃ.
879 2112 1139 2181 Matthiei,
1174 2120 1316 2186 quod
1368 2123 1480 2189 ipse
1518 2125 1569 2175 in
1611 2124 1903 2196 Evangelio
1948 2131 2222 2198 professus
2249 2136 2340 2198 sit,

776 2200 1129 2269 publicanum
1178 2223 1237 2259 se
1293 2208 1498 2274 fuisse,
1554 2229 1789 2284 ususque
1851 2220 1916 2271 sit
1968 2225 2187 2276 nomine
2242 2240 2344 2279 suo

776 2292 948 2357 magis
993 2293 1227 2361 vulgato,
1272 2312 1397 2353 cum
1435 2301 1646 2357 Marcus
1694 2313 1747 2359 et
1787 2305 1960 2363 Lucas
1994 2310 2124 2366 Levi
2168 2314 2343 2382 ipsum

772 2383 1082 2449 nominent,
1135 2387 1265 2441 dum
1310 2392 1559 2448 seribuut
1602 2399 1987 2466 vocationem;
2034 2404 2343 2458 Mattlueum

775 2488 926 2538 vero,
954 2476 1078 2530 dum
1108 2481 1356 2535 eumdem
1402 2489 1664 2553 apostolis
1695 2502 2079 2548 annumeraut.
2111 2496 2164 2548 Si
2202 2498 2343 2553 idem

772 2565 993 2623 fecisset
1070 2571 1355 2630 Mattlncus
1406 2578 1540 2646 ipse,
1593 2592 1648 2635 et
1709 2584 1953 2640 similiter
2002 2588 2055 2641 in
2105 2593 2345 2662 catalogo

774 2661 1143 2726 apostolorum
1190 2667 1533 2733 publicanum
1565 2689 1624 2727 se
1652 2691 1759 2728 non
1787 2680 2139 2744 nominasset,
2165 2687 2344 2742 nullus

771 2748 971 2805 deinde
1001 2768 1066 2807 ex
1106 2756 1397 2827 Evangelia
1426 2765 1636 2818 nescire
1672 2769 1957 2835 potuisset,
1997 2775 2342 2841 publicanum

774 2840 941 2896 fuisse
978 2844 1313 2913 Mattineum,
1359 2862 1452 2907 aut
1499 2858 1746 2912 eumdem
1798 2877 1918 2915 cum
1956 2840 2106 2918 Levi.
2144 2870 2343 2922 Audia-

774 2944 893 2987 mus
917 2936 1073 2991 verba
1107 2944 1279 2996 sancti
1310 2942 1617 3017 Hieronymi
1652 2970 1661 3001 :
1699 2971 1715 3000 ι
1756 2952 1947 3007 Caeteri
1977 2961 2342 3028 evangelistae,

775 3024 973 3093 inquit,
1016 3042 1237 3097 pr0pter
1272 3038 1654 3091 verecundiam
1687 3050 1741 3092 et
1780 3041 2041 3098 honorem
2081 3024 2338 3117 M'atthmi,

770 3116 1065 3173 noluerunt
1122 3138 1246 3177 cum
1308 3127 1527 3182 nomine
1586 3132 1859 3199 appellare
1918 3138 2005 3190 vul

769 3206 1048 3275 dixerunt,
1105 3213 1273 3280 Levi;
1331 3218 1534 3287 duplici
1593 3224 1794 3293 quippe
1843 3206 2106 3282 vocabulo
2163 3231 2283 3285 fuit.
2320 3252 2337 3283 ι

770 3298 893 3366 Ipse
938 3313 1118 3357 autem
1156 3306 1441 3363 Matthaeus
1477 3315 1777 3367 secundum
1808 3316 1959 3384 illud,
1996 3321 2138 3388 quod
2173 3339 2200 3375 a
2242 3324 2341 3377 Sa-

772 3390 990 3446 lomone
1034 3396 1346 3465 praecipitur
1384 3415 1398 3452 :
1442 3419 1458 3451 ι
1494 3402 1653 3458 .lesus
1696 3422 1982 3465 accusator
2015 3423 2095 3468 est
2153 3420 2236 3469 sui
2287 3418 2341 3470 in

773 3483 1045 3552 principio
1085 3491 1375 3546 sermonis.
1418 3513 1436 3545 ι
1487 3496 1551 3549 Et
1600 3499 1652 3550 in
1707 3501 1816 3552 alio
1854 3504 1973 3554 loco
2024 3524 2035 3555 :
2088 3524 2105 3554 ι
2149 3504 2240 3559 Dic
2287 3519 2342 3560 tu

769 3588 992 3643 peccata
1028 3588 1136 3641 tua,
1176 3592 1233 3634 ut
1262 3584 1580 3647 justiliceris
1614 3604 1631 3654 ;
1672 3608 1689 3639 ι
1729 3590 2038 3647 Μίιιιιιᾱειιιη
2069 3612 2128 3650 se
2159 3605 2215 3651 et
2244 3615 2342 3667 pu-

769 3670 1043 3726 blicauuni
1076 3678 1342 3744 nominat,
1394 3691 1451 3735 ut
1477 3687 1727 3740 ostendat
1767 3689 2093 3758 legentibus,
2127 3696 2337 3751 nullum

767 3762 972 3821 debere
993 3768 1223 3824 salutem
1263 3775 1576 3841 desperare,
1614 3780 1656 3831 si
1690 3781 1753 3832 ad
1790 3783 2009 3835 meliora
2040 3801 2342 3841 conversus

768 3854 863 3919 sit,
890 3872 1013 3910 cum
1040 3861 1159 3928 ipse
1182 3863 1248 3914 de
1280 3866 1565 3932 publicano
1591 3869 1645 3922 iu
1693 3873 1997 3938 apostolum
2024 3876 2093 3927 sit
2118 3888 2341 3945 repente

772 3959 1035 4002 mutatus.
1070 3970 1089 4002 ›
1122 3951 1318 4008 Eadem
1348 3956 1461 4011 fere
1495 3959 1746 4015 observat
1771 3963 2213 4034 Chrysostomus,
2248 3971 2340 4039 qui

767 4038 1010 4109 adiungit
1040 4043 1201 4096 etiam
1228 4051 1511 4116 sequentia
1551 4070 1562 4102 :
1602 4071 1618 4102 ‹
1656 4055 1766 4107 Cor
1796 4074 1953 4122 porro
1983 4059 2137 4124 dixit,
2162 4038 2340 4128 ipsum

767 4132 979 4185 sedisse
1014 4135 1068 4186 in
1122 4137 1361 4191 telonio?
1393 4139 1645 4196 Vocautis
1681 4146 1783 4198 vim
1831 4150 2150 4217 ostendens,
2191 4156 2338 4221 quod

768 4235 894 4274 cum
927 4226 1167 4279 nondum
1200 4229 1517 4296 destitisset,
1555 4246 1611 4289 et
1651 4239 1898 4308 improbo
1937 4244 2139 4299 telouio
2167 4247 2340 4302 licere-

767 4324 867 4376 ret,
907 4331 971 4370 ex
1006 4321 1194 4374 mediis
1235 4323 1406 4390 ipsum
1438 4330 1591 4381 malis
1618 4336 1929 4388 extraxerit.
1959 4355 1975 4386 ι
2011 4337 2075 4391 Et
2109 4357 2231 4393 mox
2274 4343 2339 4397 de

764 4410 944 4465 ollicio
978 4415 1396 4482 publicanorum
1440 4421 1511 4475 ita
1558 4436 1794 4481 mentem
1839 4443 1990 4484 suam
2040 4433 2281 4490 declarat
2320 4456 2332 4491 :

773 4522 792 4555 ς
832 4502 956 4560 Ηεο
994 4517 1174 4560 autem
1214 4510 1461 4566 lucrandi
1498 4518 1634 4570 ratio
1662 4520 1996 4587 impudentia
2033 4528 2187 4593 plena
2217 4542 2335 4584 erat

766 4610 829 4648 ac
873 4599 1193 4665 petulantia,
1226 4615 1465 4670 quaestus
1499 4608 1714 4678 iniquus
1740 4628 1804 4666 ac
1830 4628 2131 4672 mercatura
2166 4622 2335 4677 illibe-

769 4688 915 4742 ralis.
959 4709 976 4741 ι
1025 4693 1162 4746 Hinc
1210 4694 1266 4747 S.
1307 4697 1621 4768 Gregorius,
1659 4704 1804 4759 hom.
1844 4708 1911 4760 24
1954 4710 2004 4763 in
2050 4711 2335 4783 Evangelia

766 4780 1024 4845 advertit,
1086 4784 1308 4840 Petrum
1377 4791 1594 4859 quidem
1652 4797 1939 4865 aliquando
2000 4780 2227 4860 rediisse
2267 4810 2333 4862 ad

766 4869 1148 4938 piscationem,
1198 4881 1291 4932 sed
1327 4882 1638 4939 Matthaaum
1680 4904 1954 4957 nunquam
1998 4898 2063 4949 ad
2096 4897 2330 4953 officium

766 4961 1033 5028 publicani
1086 4970 1330 5036 periculo
1351 4974 1614 5041 .plenum.
1666 4995 1685 5028 σ
1724 4980 1859 5044 Quia
1908 4984 2051 5038 aliud
2106 4999 2210 5052 est,
2252 4989 2336 5043 in-

764 5056 905 5119 quit,
932 5056 1135 5110 victum
1163 5076 1260 5128 per
1292 5064 1651 5130 piscationem
1682 5086 1942 5139 quaerere,
1980 5077 2121 5130 aliud
2154 5091 2332 5135 autem

764 5145 951 5200 telonii
986 5150 1152 5205 lucris
1190 5156 1449 5222 pecunias
1481 5174 1703 5229 augere.
1727 5163 1864 5218 Sunt
1893 5170 2037 5221 enim
2077 5173 2333 5242 pleraque

763 5243 1003 5309 negotia,
1051 5262 1172 5313 quae
1232 5253 1349 5305 sine
1404 5258 1640 5321 peccatis
1690 5260 1930 5315 exhiberi
1977 5276 2068 5318 aut
2109 5268 2189 5320 vix
2240 5281 2333 5325 ant

760 5335 1074 5391 nullatenus
1105 5354 1357 5407 possunt.
1400 5344 1532 5409 Quae
1564 5365 1692 5419 ergo
1722 5354 1785 5404 ad
1822 5370 2102 5423 peccatum
2146 5363 2327 5430 impli-

760 5436 909 5491 cant,
972 5430 1037 5483 ad
1097 5432 1209 5487 haec
1264 5452 1488 5492 necesse
1518 5452 1601 5496 est
1657 5452 1712 5495 ut
1754 5460 1869 5512 post
1917 5454 2326 5507 conversionem

760 5519 981 5575 animus
1004 5538 1111 5577 non
1138 5539 1404 5582 recurrat.
1439 5530 1713 5589 Laudatus
1739 5538 2048 5607 Gregorius,
2071 5545 2169 5595 lib.
2202 5563 2327 5601 xvui

762 5612 1047 5670 Moralium
1089 5618 1139 5671 iu
1176 5619 1278 5675 Job
1308 5638 1428 5692 cap.
1461 5625 1531 5680 27
1561 5627 1627 5681 de
1664 5645 1856 5700 magna
1889 5634 2056 5687 sancti
2097 5636 2330 5691 Matthzei

758 5711 1064 5765 mutatione
1117 5712 1187 5768 ita
1238 5715 1480 5786 loquitur
1534 5738 1545 5774 :
1605 5740 1621 5773 ί
1664 5724 1856 5777 Annon
1933 5727 2215 5785 Matthieus
2274 5732 2326 5785 in

756 5806 900 5853 terra
935 5802 1187 5861 iuventus
1216 5820 1313 5876 est,
1335 5812 1447 5881 qui,
1482 5816 1712 5872 terrenis
1742 5820 1971 5888 negotiis
2001 5820 2322 5891 implicatus,

2449 573 2823 628 fortitudinem
2852 576 2975 629 ferri
3003 579 3277 632 convaluit
3313 598 3324 632 :
3353 582 3508 647 cujus
3535 580 3794 633 videlicet
3819 579 4011 647 lingua,

2448 667 2596 733 quasi
2631 667 2945 721 acolissimo
2990 671 3187 739 gladio,
3229 673 3503 748 Evangelii
3552 672 4017 726 administratione

2450 757 2712 811 Dominus
2746 759 3038 813 infidelium
3087 763 3247 816 corda
3293 764 3603 816 transfixit:
3642 772 3696 816 et
3740 763 3834 831 qui
3877 764 4017 815 infir-

2451 866 2569 903 mus
2596 852 2742 917 prius
2769 852 3167 921 despectusque
3207 854 3383 908 fuerat
3416 872 3510 924 per
3536 857 3751 909 terrena
3789 856 4014 924 negotia,

2450 940 2605 992 fortis
2652 941 2996 1008 postmodum
3047 942 3223 999 factus
3260 954 3341 999 est
3386 945 3452 999 ad
3484 944 3726 999 coelestia
3764 945 4018 1013 przcdica-

2451 1042 2653 1085 menta.

2502 1142 2605 1203 'Q-l.
2656 1147 2807 1212 Quod
2860 1149 2928 1201 ab
2980 1148 3309 1219 Hieronymo
3357 1167 3520 1221 supra
3568 1152 3773 1206 dictum
3828 1165 3913 1207 est
3960 1156 4019 1209 de

2449 1240 2663 1308 gemino
2690 1241 2905 1292 nomine
2945 1242 3192 1308 apostoli,
3239 1242 3327 1309 qui
3383 1242 3678 1297 Mattheus
3726 1249 4020 1300 vocabatur

2450 1340 2503 1382 et
2559 1329 2706 1388 Levi,
2764 1341 2821 1382 ut
2858 1348 3050 1386 omnes
3116 1334 3312 1400 passim
3366 1334 3914 1399 animadverterunt,
3972 1347 4021 1389 et

2450 1422 2740 1489 Evangelia
2801 1422 3103 1478 clarissime
3158 1423 3453 1486 insinuant,
3508 1427 3728 1480 videtur
3795 1445 4021 1498 negasse

2448 1511 2727 1581 Origenes,
2771 1513 2862 1567 lib.
2896 1530 2909 1567 t
2954 1514 3149 1569 Contra
3187 1514 3429 1577 Cei'sum.
3466 1533 3618 1571 num.
3661 1519 3749 1583 (52,
3786 1521 3879 1573 ubi
3917 1523 4022 1576 ha‘c

2450 1603 2611 1656 habet
2646 1622 2659 1657 :
2702 1623 2719 1655 (
2753 1604 2831 1657 Sit
2854 1616 2907 1659 et
2931 1606 3057 1659 Levi
3087 1606 3428 1674 publicanus,
3465 1608 3553 1675 qui
3581 1608 3767 1664 Jesum
3802 1612 4021 1667 secutus

2450 1697 2541 1749 sit.
2584 1697 2652 1749 At
2700 1713 2805 1749 non
2848 1697 2949 1751 fuit
2984 1698 3071 1751 ille
3111 1714 3176 1752 ex
3232 1700 3600 1767 apostolorum
3635 1718 3888 1767 numero,
3922 1707 4022 1759 nisi

2379 1818 2421 1873 Β
2448 1789 2598 1852 juxta
2626 1788 2868 1855 quaedam
2906 1790 3177 1859 Evangelii
3214 1790 3512 1843 secundum
3551 1790 3801 1845 Marcum
3838 1810 4021 1847 exem-

2450 1879 2637 1947 plaria.
2682 1898 2700 1930 ι
2735 1878 3072 1934 Novissimus
3122 1882 3301 1937 editor
3344 1881 3580 1950 Operum
3617 1882 3896 1953 Origenis.
3929 1885 4024 1939 Ca-

2449 1973 2593 2025 rolus
2628 1972 2871 2035 Delarue,
2913 1981 3041 2027 tom.
3079 1974 3119 2034 l.
3154 1991 3273 2045 pag.
3311 1976 3413 2029 376
3455 1976 3507 2028 in
3561 1976 3855 2029 Adnotatis
3881 1979 4027 2033 addit

2448 2064 2601 2128 alios,
2652 2063 2723 2116 ita
2754 2064 2995 2119 scribens
3028 2083 3041 2120 :
3081 2084 3099 2116 ‹
3138 2064 3303 2119 Levin
3342 2082 3370 2119 a
3422 2065 3681 2120 Maltharo
3730 2068 4025 2139 distinguit

2447 2158 2607 2208 etiam
2674 2154 2971 2207 lleracleon
3036 2148 3326 2209 bear-Cliens
3393 2155 3818 2211 Valentinianus
3878 2162 4023 2228 apud

2446 2248 2779 2301 Clementem
2816 2248 3241 2300 Alexandrinum
3276 2265 3326 2302 Iv
3356 2248 3615 2302 Stromat.
3658 2267 3783 2319 pag.
3814 2251 3945 2314 502,
3975 2264 4028 2305 et

2448 2336 2591 2390 inter
2642 2339 2981 2390 recentiores
3040 2337 3193 2408 Ηυςο
3249 2337 3503 2403 Grotius,
3563 2357 3825 2412 magnum
3887 2346 4027 2413 apud

2448 2427 2791 2483 Calvinianos
2818 2429 3059 2497 aliosque
3085 2430 3446 2487 heterodoxos
3476 2449 3696 2487 nomen.
3734 2434 4031 2487 Przrmittit

2448 2520 2515 2575 de
2559 2519 2810 2590 Origene,
2854 2521 2995 2590 quod
3039 2539 3055 2572 ι
3112 2522 3234 2576 Levi
3286 2539 3408 2577 cum
3458 2524 3709 2577 Mattliaeo
3768 2527 4030 2576 eumdem

2448 2629 2670 2682 prorsus
2701 2615 2975 2668 hominem
3021 2630 3141 2668 esse
3188 2617 3438 2668 videatur
3480 2616 3683 2668 sentire
3732 2616 3785 2666 in
3830 2615 4031 2669 Praefa-

2449 2705 2597 2757 tione
2638 2705 3030 2771 explanationis
3083 2706 3137 2756 in
3198 2706 3492 2774 Epistulam
3548 2706 3615 2758 ad
3660 2706 3965 2760 Romanos.
4006 2726 4023 2758 ι

2447 2795 2623 2849 Verba
2666 2796 2778 2862 ipsa
2810 2795 3062 2865 Origenis
3106 2812 3169 2850 ex
3203 2798 3423 2865 antiqua
3461 2798 3705 2850 editione
3742 2802 3897 2867 (nam
3947 2808 4028 2854 to-

2448 2901 2593 2938 mum
2629 2884 2691 2939 IV
2724 2902 2875 2939 nova:
2912 2885 3139 2940 necdum
3172 2886 3454 2954 habemus)
3486 2888 3785 2956 subjungo.
3820 2888 4028 2944 Obser-

2449 2982 2536 3025 vat
2584 2970 2868 3041 Origenes,
2920 2973 3104 3027 multis
3136 2975 3242 3029 duo
3290 2985 3385 3029 aut
3440 2977 3538 3029 tria
3570 2978 3742 3030 fuisse
3779 2982 4024 3045 nomina,

2448 3065 2697 3135 interque
2757 3084 2851 3121 eos
2907 3071 3152 3122 nominat
3207 3070 3552 3132 Matthaeum,
3601 3072 3671 3124 ita
3717 3075 4028 3127 scribens:

2012 3148 2134 3207 3³ιο
2165 3178 2180 3204 ν
2240 3142 2335 3195 ειεά
2368 3153 2410 3209 C
2448 3175 2466 3205 ‹
2505 3153 2637 3208 Nam
2683 3168 2737 3210 et
2776 3157 3055 3211 Matthacus
3090 3159 3202 3227 ipse
3234 3160 3398 3214 refert
3453 3162 3517 3216 de
3567 3179 3648 3227 se,
3700 3165 3854 3232 quod
3906 3181 4024 3217 cum

2448 3250 2703 3304 transiret
2752 3248 2950 3313 Jesus,
3005 3252 3211 3305 invenit
3277 3255 3563 3323 quemdam
3617 3257 3907 3308 sedentem
3965 3260 4030 3311 ad

2448 3340 2727 3403 telonium,
2760 3343 2980 3395 nomine
3013 3342 3340 3396 Matth-muni.
3371 3344 3542 3396 Lucas
3574 3360 3705 3397 vero
3732 3346 3801 3396 de
3838 3348 4027 3401 eodem

2445 3431 2594 3491 dicit,
2651 3433 2777 3498 quia
2835 3448 2958 3484 cum
3014 3434 3269 3485 transiret
3316 3431 3493 3496 Jesus,
3548 3436 3850 3501 quemdam
3899 3441 4029 3493 vidit

2446 3522 2815 3589 publicanum,
2858 3522 3077 3576 nomine
3117 3522 3269 3583 Levi.
3306 3534 3360 3577 et
3400 3525 3555 3586 dixit.
3587 3526 3840 3595 Sequere
3876 3546 4023 3585 me...

2443 3612 2658 3667 Certum
2691 3625 2768 3669 est
2797 3627 2996 3681 autem,
3050 3615 3411 3686 evangelistas
3442 3633 3550 3671 non
3585 3635 3808 3674 errasse
3843 3623 3899 3674 in
3934 3639 4027 3677 no-

2444 3704 2682 3759 minibus
2724 3707 3132 3775 apostolorum;
3188 3710 3282 3763 sed
3334 3709 3457 3779 quia
3504 3710 3673 3778 moris
3717 3723 3847 3765 erat
3891 3714 4026 3769 binis

2447 3792 2527 3843 vel
2565 3793 2732 3845 ternis
2770 3795 3080 3848 nominibus
3112 3797 3187 3849 uti
3222 3797 3474 3851 Hebraeos
3498 3838 3511 3861 ,
3546 3801 3712 3853 unius
3748 3800 4026 3869 ejusdem-

2444 3898 2549 3951 que
2601 3884 2697 3937 viri
2747 3884 2958 3938 diversa
3012 3886 3209 3956 singuli
3268 3888 3548 3941 nominum
3608 3894 3888 3947 vooabula
3940 3914 4027 3966 po-

2444 3992 2622 4031 suere.
2667 3998 2684 4028 »
2716 3977 2814 4031 llic
2847 3993 2952 4032 non
2978 3981 3137 4033 modo
3172 3979 3481 4035 Mattbzeum
3518 3990 3567 4034 et
3599 3980 3736 4036 Levi
3772 3989 4025 4041 eumdem

2442 4068 2716 4122 declarant
2771 4069 3066 4138 Origenes;
3119 4074 3211 4127 sed
3257 4074 3418 4127 etiam
3465 4076 3716 4130 ostendit
3775 4080 4027 4134 eumdem

2444 4173 2585 4220 csse,
2636 4177 2757 4213 cum
2809 4162 3016 4228 Lucas,
3073 4165 3145 4216 uti
3188 4174 3241 4216 et
3281 4166 3527 4227 Marcus,
3574 4167 3723 4221 idem
3768 4171 3934 4237 plane
3971 4172 4029 4225 de

2446 4249 2574 4302 Levi
2607 4254 2923 4314 narraverit,
2952 4255 3096 4320 quod
3127 4254 3412 4306 Mattliaeus
3441 4255 3507 4307 de
3536 4271 3616 4309 se.
3647 4258 4027 4331 Quapropter.

2444 4341 2486 4396 si
2519 4339 2799 4412 Origenes,
2844 4356 3031 4397 contra
3076 4344 3293 4397 Celsum
3346 4344 3613 4407 scribens,
3659 4363 3863 4402 revera
3908 4354 4027 4406 Levi

2442 4432 2605 4489 alium
2660 4453 2686 4489 a
2737 4437 2985 4491 Matthan
3034 4436 3350 4501 crediderit,
3416 4447 3601 4505 postea
3659 4438 4027 4509 frequentiori

2443 4541 2538 4579 usu
2572 4542 2739 4579 sacrae
2781 4528 3073 4595 Scriptura:
3107 4544 3349 4582 errorem
3387 4530 3653 4585 correxit.
3689 4533 3763 4585 At
3800 4535 4029 4587 fortasse

2438 4617 2695 4685 Origenes
2742 4620 2964 4687 allegata
3010 4620 3172 4675 verba
3229 4623 3406 4675 solum
3459 4625 3689 4689 protulit
3726 4642 3798 4680 ex
3847 4638 4027 4681 mente

2436 4718 2530 4761 aut
2582 4710 2740 4763 dictis
2790 4712 2954 4773 Celsi,
2998 4725 3186 4767 contra
3236 4730 3396 4781 quem
3448 4715 3515 4767 de
3550 4730 3609 4767 re
3648 4719 3887 4771 omnino
3930 4722 4025 4773 alia

2437 4802 2759 4855 disserebat.
2807 4804 2960 4866 Quod
3002 4815 3209 4873 spectat
3259 4805 3320 4858 ad
3360 4805 3761 4861 Heracleonem
3796 4820 3854 4863 et
3891 4811 4024 4863 Gro-

2440 4893 2591 4950 rium.
2628 4893 2997 4962 relinquemus
3044 4895 3146 4949 illis
3177 4896 3495 4963 Opinionem
3530 4914 3687 4950 suam
3738 4898 4024 4968 improba-

2439 4983 2617 5047 bilem,
2676 5002 2703 5039 a
2759 4989 2920 5041 variis
2973 4990 3080 5058 jam
3136 4990 3450 5050 refutatum,
3504 5003 3556 5042 et
3604 5008 3911 5064 pergamus
3961 4997 4022 5048 ad

2438 5075 2594 5127 aliam
2633 5080 3061 5132 controversiam
3097 5082 3264 5150 magis
3297 5080 3635 5149 ambiguam.

2504 5182 2590 5235 95.
2633 5182 2981 5237 Rccentimes
3015 5184 3207 5249 Graeci,
3252 5186 3365 5239 sive
3404 5184 3500 5249 illi,
3544 5187 3633 5252 qui
3685 5189 3878 5241 medio
3911 5206 4022 5243 .evo

2435 5273 2755 5339 ﬂoruerunt,
2800 5278 2857 5327 S.
2904 5276 3213 5330 Mattbteum
3262 5279 3578 5332 existimant
3624 5278 3862 5333 fratrem
3903 5298 4021 5337 esse

2438 5366 2492 5417 S.
2528 5364 2711 5420 Jacobi
2748 5368 2948 5434 Alplirei
2984 5370 3235 5437 apostoli,
3268 5371 3479 5438 sibique
3514 5370 3769 5425 faventes
3805 5376 4014 5427 habent

2434 5458 2723 5509 nonnullos
2762 5474 2791 5509 c
2828 5459 3117 5522 l’atribus;
3160 5461 3253 5511 sed
3294 5460 3457 5527 aliqui
3505 5463 3777 5515 resistunt
3812 5466 4015 5517 eruditi

2436 5550 2714 5602 neoterici.
2749 5549 3124 5604 llenscbenius
3152 5561 3337 5605 noster
3361 5555 3426 5605 ail
3462 5555 3474 5606 Ι
3519 5553 3641 5606 Maii
3676 5558 4017 5609 examinant

2434 5642 2750 5695 sententiam
2799 5642 3103 5698 Graecorum
3154 5644 3207 5696 in
3262 5642 3316 5697 S.
3357 5645 3586 5709 Jacobo,
3639 5650 3756 5700 sive
3810 5662 3950 5702 tom.
3998 5648 4015 5699 ι

2435 5732 2577 5795 Maii,
2604 5748 2719 5804 pag.
2762 5734 2845 5797 19,
2880 5735 2965 5787 ubi
3000 5751 3094 5803 pro
3131 5736 3215 5787 illa
3252 5741 3525 5792 sententia
3557 5740 3739 5794 laudat
3773 5734 4013 5795 Menela-

2436 5824 2581 5894 gium
2632 5824 2977 5894 Basilianuin,
3028 5825 3384 5895 Synaxarium
3434 5834 3812 5899 pervetustum
3868 5831 4009 5887 Con-
