4156 6314
221 383 327 445 765

1504 393 1671 454 VITA
1716 393 1778 451 S.
1814 393 2198 456 MATTH/Ef.

3349 405 3453 471 766

221 506 758 573 stantinopolitanum
782 547 795 570 ,
864 507 1064 562 Menma
1126 509 1386 579 impressa
1469 521 1557 592 et!
1604 512 1782 566 varios
1810 510 1862 569 Α
1891 513 2222 579 tinguentem
2253 513 2396 567 inter
2426 524 2671 568 sanctum
2707 513 2897 570 Judam
2962 515 3291 572 Thaddtcum
3320 535 3454 589 apo-

222 596 440 649 codices
474 613 602 651 tnss.
636 596 964 660 Graecorum,
998 599 1238 655 Nicetam
1269 601 1520 654 Davidem
1554 603 1784 671 Paphla-

221 702 440 757 gonem,
504 689 684 741 smculi
739 705 787 743 ιχ
840 692 1179 758 scriptorem,
1225 692 1489 759 aliosque.
1537 693 1786 747 Ostendit

222 790 485 849 pr:eterea
530 780 974 852 Cbrysostomum
1008 794 1063 836 et
1105 784 1505 837 Theodoretnm
1540 786 1782 854 ejusdem

220 874 383 941 plane
423 874 591 927 videri
624 874 927 935 sententiae,
965 874 1090 941 quia
1129 877 1276 941 prior
1326 876 1465 928 inter
1511 877 1785 944 apostolos

221 975 475 1019 numerat
523 966 657 1019 duos
706 967 1019 1033 publicanos
1051 966 1355 1019 Matthzeum
1408 981 1461 1021 et
1503 967 1781 1032 Jacohum,

221 1074 347 1111 cum
382 1068 558 1111 tamen
616 1059 759 1111 nulla
794 1060 863 1113 sit
906 1061 1040 1112 ratio
1101 1076 1198 1114 cur
1240 1061 1482 1114 dicamus
1525 1061 1782 1114 Jacobum

218 1152 428 1219 Alpluei
492 1151 659 1207 fuisse
720 1150 1111 1221 publicanum,
1176 1152 1274 1205 nisi
1332 1152 1475 1221 quod
1541 1152 1786 1208 rideatur

220 1242 394 1297 fuisse
455 1244 620 1297 frater
666 1243 940 1305 Malthwi,
994 1244 1128 1295 alter
1175 1260 1302 1296 vero
1356 1251 1611 1311 utrosque
1655 1244 1785 1295 dicit

220 1335 639 1402 Capharnaitas,
692 1335 833 1399 quod
886 1334 1139 1386 similiter
1178 1334 1319 1386 nulla
1365 1335 1573 1388 ratione
1603 1335 1785 1388 dicere

225 1438 459 1496 peierat,
489 1428 590 1479 nisi
624 1427 943 1483 credidisset
969 1428 1187 1479 fratrem
1227 1426 1480 1490 Matthxi,
1510 1429 1597 1496 qui
1630 1428 1784 1480 habi-

224 1518 372 1570 tabat
408 1516 711 1579 Capharnai
748 1534 760 1568 :
803 1533 978 1584 neque
1024 1520 1165 1570 enim
1212 1520 1361 1571 ullibi
1401 1518 1453 1571 in
1491 1518 1785 1596 Scripturis

222 1610 445 1672 dicitur,
474 1610 561 1663 ubi
594 1622 753 1663 natus
786 1610 950 1664 fuerit
985 1610 1224 1666 Jacobus
1255 1613 1479 1682 Alphaei,
1512 1623 1604 1666 aut
1631 1615 1785 1679 quale

219 1702 458 1755 uﬂicium
517 1712 641 1757 ante
684 1706 1043 1771 apostolatum
1092 1706 1335 1773 gesserit.
1386 1705 1785 1773 Papebrochius

222 1804 433 1852 noster,
472 1804 603 1847 tom.
639 1792 701 1847 Vl
742 1794 860 1847 Maii
903 1795 954 1846 in
994 1796 1240 1862 Alpheae,
1295 1812 1456 1864 quem
1502 1797 1785 1864 utriusque

219 1894 431 1952 patrem
464 1886 669 1943 statuit.
704 1901 821 1952 pag.
852 1885 973 1941 354.
1009 1885 1251 1937 eamdem
1288 1887 1566 1953 amplexus
1594 1898 1675 1938 est
1733 1898 1787 1939 et

221 1977 567 2030 Confirtnavit
602 1980 947 2028 sententiam.
989 1974 1143 2030 Ratio
1173 1976 1482 2031 Gracoruni
1517 1977 1658 2029 haud
1687 1977 1786 2029 du-

222 2072 313 2124 bie
359 2080 458 2126 est.
488 2070 628 2137 quod
675 2068 912 2123 Jacobus
963 2086 1113 2138 teque
1156 2085 1217 2123 ac
1262 2069 1544 2123 Matthmus
1579 2080 1785 2138 patrem

222 2162 474 2214 habuerit
529 2161 827 2231 Alphaeum,
891 2176 990 2215 nec
1059 2163 1164 2215 ulla
1222 2161 1296 2215 sit
1355 2163 1493 2217 ratio
1547 2160 1787 2223 dicendi,

219 2252 387 2305 alium
440 2251 604 2307 fuisse
642 2254 918 2320 Alphmum
957 2265 1163 2322 patrem
1198 2254 1454 2320 Matlhmi,
1498 2256 1660 2307 alium
1693 2270 1789 2322 pa-

221 2355 363 2397 trem
413 2344 619 2399 Jacobi.
672 2346 1057 2398 Tillcmonlius
1112 2348 1162 2399 in
1226 2346 1475 2400 Matthseo
1524 2346 1788 2416 agnoscit,

217 2433 690 2504 Chrysostomum,
720 2435 1146 2496 Theodoretum,
1187 2438 1619 2506 recentioresque
1643 2437 1791 2491 Cra-

220 2544 322 2582 cos
392 2541 581 2579 omnes
633 2529 685 2579 in
749 2542 865 2579 eam
921 2528 1262 2594 consliirasse
1322 2531 1675 2590 sententiam,
1735 2539 1791 2582 ut

222 2617 327 2672 SS.
373 2618 680 2673 Matthmum
721 2630 774 2673 et
821 2618 1078 2673 Jacdbuin
1110 2620 1312 2681 Alphtei
1366 2621 1557 2673 fratres
1601 2620 1788 2672 crede-

224 2722 369 2773 rent,
397 2713 518 2780 quia
553 2713 712 2765 ambo
746 2713 999 2765 dicuntur
1028 2712 1228 2781 Alpb-«ei
1283 2712 1463 2780 utique
1490 2712 1600 2764 lilii.
1628 2713 1790 2765 Asse-

225 2804 299 2856 rit
328 2813 503 2857 tamen
538 2804 801 2857 Laconica
853 2805 1137 2866 brevitate,
1174 2806 1375 2857 nullam
1408 2822 1466 2857 ea
1502 2806 1551 2858 in
1589 2821 1644 2857 re
1673 2820 1791 2859 esse

224 2894 340 2946 veri
398 2894 657 2961 Speciem.
714 2894 1042 2947 Tillemonlii
1096 2894 1475 2948 Laconisnium
1517 2893 1794 2962 adoptavit

221 2986 501 3040 Caltnetns
556 2986 712 3038 initio
773 2987 1101 3052 prchationis
1152 3001 1265 3039 sua:
1325 2988 1376 3038 in
1441 2988 1790 3051 Matthwum,

224 3080 415 3133 eadem
450 3078 607 3145 plane
640 3077 847 3140 dicens,
883 3089 935 3129 et
966 3078 1143 3129 locum
1170 3075 1359 3146 Operis
1391 3080 1559 3130 nostri
1604 3080 1791 3133 vitiose

224 3171 560 3237 assignatum
595 3169 734 3236 apud
763 3168 1189 3234 Tillemontium,
1222 3172 1409 3223 eodem
1449 3172 1604 3237 plane
1632 3171 1790 3221 modo
1821 3198 1861 3252 ρ

224 3259 527 3328 assignans,
556 3268 613 3311 ut
638 3273 705 3309 ne
741 3259 930 3328 legisse
953 3260 1171 3327 quidem
1200 3259 1445 3312 videatur
1473 3270 1788 3328 argumenta

225 3348 553 3403 Henscbenii
585 3349 634 3400 in
665 3347 841 3416 Opere
880 3362 1086 3404 nostro.

296 3440 386 3493 26.
442 3441 495 3493 Si
558 3443 744 3495 eadem
798 3444 1065 3497 brevitate
1122 3442 1333 3508 dixero,
1384 3444 1620 3513 ineptam
1674 3459 1792 3499 esse

224 3536 385 3589 istam
418 3533 745 3589 Tillemontii
773 3536 978 3596 crisim,
1000 3552 1163 3603 quam
1195 3537 1469 3604 adoptavit
1498 3536 1790 3600 Calmetus,

225 3625 413 3678 nullus
442 3626 489 3679 id
518 3642 657 3693 aegre
683 3627 821 3678 ferre
851 3626 1069 3692 poterit,
1097 3625 1238 3691 quia,
1262 3625 1401 3675 sicut
1422 3624 1601 3690 opinio
1627 3624 1793 3691 majo-

227 3733 350 3770 rum
377 3726 685 3769 nostrorum
720 3713 829 3766 visa
849 3724 930 3767 est
953 3714 1052 3781 ipsi
1081 3729 1263 3766 carere
1284 3713 1394 3765 veri
1425 3713 1623 3779 specie.
1649 3713 1717 3765 ila
1741 3722 1794 3766 et

228 3810 365 3863 inihi
400 3818 667 3862 assertum
711 3807 852 3860 istud
887 3806 1032 3859 omni
1071 3806 1287 3859 videtur
1326 3806 1536 3858 ratione
1564 3805 1795 3858 destitu-

230 3914 367 3961 tum,
425 3901 655 3968 ideoque
698 3900 1121 3965 ineptissimum.
1174 3895 1344 3948 Nolim
1395 3907 1571 3949 tamen
1619 3897 1790 3949 solum

225 3996 432 4053 dicere,
471 4003 524 4045 et
554 3992 689 4043 nihil
735 3992 985 4058 probare.
1029 3990 1204 4054 Quare
1238 3989 1474 4042 rationes
1521 3989 1680 4040 latius
1717 3988 1793 4040 vi-

227 4085 438 4138 dendas
467 4083 598 4137 locis
626 4098 787 4151 supra
826 4081 985 4135 dictis
1017 4080 1254 4134 breviter
1283 4082 1516 4149 explico.
1546 4080 1795 4133 Admittit

227 4176 635 4239 Tillemontius,
696 4190 885 4229 saneto
932 4174 1179 4227 Manliano
1236 4189 1531 4242 cognomen
1586 4173 1791 4241 Alphtei

229 4280 351 4321 esse
384 4266 751 4320 verisimiliter
780 4280 806 4317 a
842 4275 1014 4331 patre.
1049 4262 1285 4316 Jacobns
1314 4274 1493 4317 autem
1518 4263 1571 4316 in
1614 4263 1792 4315 omni-

230 4362 337 4412 bus
371 4369 603 4426 quatuor
651 4357 1018 4424 apostolorum
1058 4356 1333 4425 catalogis,
1382 4356 1431 4409 id
1463 4365 1567 4421 est,
1600 4356 1788 4407 Matth.

231 4468 285 4511 ι,
315 4450 473 4502 Marc.
506 4465 584 4507 nt,
613 4449 742 4502 an.
777 4466 850 4511 v1,
884 4453 1069 4504 etAct.
1101 4461 1453 4504 tconstanter
1484 4450 1793 4501 nominatur

1884 605 2116 683 stolum,
2141 605 2409 660 etJudatn
2448 606 2667 660 fratrem
2694 604 2879 662 Jacobi
2921 609 3168 665 minoris.
3210 611 3263 665 Si
3301 628 3365 666 eo
3397 614 3450 667 in

1888 696 2003 749 loco
2050 697 2225 750 visum
2280 705 2363 751 est
2414 709 2792 767 argumentum
2845 699 3096 754 idoneum
3152 712 3207 756 et
3250 705 3449 757 summi

1888 788 2164 850 momenti,
2188 787 2281 841 ubi
2321 800 2499 840 tamen
2538 804 2642 841 non
2673 790 2901 853 valebat,
2940 789 3062 857 quia
3091 788 3453 843 adhibebatur

1890 881 1953 933 ad
2007 879 2222 932 fratrem
2271 880 2682 947 inquirendum,
2727 896 2835 934 non
2884 881 3113 935 debebat
3147 881 3233 934 hic
3281 881 3449 935 videri

1888 988 2079 1027 carens
2108 974 2287 1040 specie
2325 973 2460 1035 veri,
2504 988 2627 1026 cum
2678 974 2966 1027 adhibetur
3009 974 3072 1027 ad
3104 986 3449 1027 communem

1888 1065 2169 1133 utriusque
2208 1078 2414 1134 patrem
2452 1067 2883 1135 investigandum
2919 1084 2930 1121 :
2967 1078 3119 1135 pater
3148 1067 3289 1119 enim
3331 1067 3451 1120 iSIis

1888 1160 2262 1223 cognomentis
2300 1158 2349 1209 in
2384 1158 2619 1227 genitivo
2657 1159 2847 1226 positis
2879 1158 3355 1225 soletsignificari,
3394 1167 3454 1212 ut

1891 1248 2078 1301 Simon
2131 1246 2375 1312 Joannis,
2458 1250 2509 1303 id
2567 1259 2649 1302 est
2708 1249 2849 1304 filius
2910 1248 3165 1312 Joannis,
3218 1249 3453 1305 Jacobus

1888 1340 2154 1400 Zcbedtci,
2189 1340 2238 1392 id
2284 1351 2366 1395 est
2419 1342 2556 1394 filius
2600 1341 2864 1401 Zehedaei,
2937 1357 3047 1394 non
3097 1341 3305 1406 frater;
3361 1351 3454 1395 aut

1887 1439 2033 1482 certe
2076 1444 2182 1481 non
2227 1431 2482 1496 produxit
2522 1431 2897 1485 Tillemontius
2931 1430 3097 1483 ullum
3144 1428 3450 1496 exemplum

1888 1518 2071 1571 fratris
2103 1532 2198 1585 per
2236 1518 2339 1570 tale
2368 1533 2671 1587 cognomen
2712 1520 2950 1573 indicati.

1955 1609 2044 1662 27.
2088 1610 2273 1677 Itaque
2334 1608 2557 1663 minime
2589 1611 3044 1663 contemnendum
3087 1610 3256 1665 videri
3292 1610 3456 1663 debet

1891 1712 2317 1772 argumentum:
2371 1716 2471 1754 nec
2495 1701 2679 1763 credo,
2732 1701 2835 1754 tale
2876 1702 3050 1754 visum
3102 1718 3227 1755 esse
3290 1700 3454 1754 Tille-

1891 1798 2115 1850 montio.
2149 1799 2215 1849 At
2248 1796 2436 1849 habuit
2462 1795 2620 1847 aliam
2677 1795 2939 1847 rationem
2970 1792 3224 1862 negandi.
3260 1792 3454 1845 fratres

1894 1889 2058 1942 fuisse
2086 1889 2390 1941 Matthmum
2432 1898 2486 1941 et
2538 1887 2804 1945 Jacobum
2840 1886 3065 1954 Alplnei,
3115 1900 3362 1954 eamque,
3399 1896 3458 1938 ut

1890 1981 2160 2036 existimo.
2194 1980 2364 2031 noluit
2386 1981 2640 2031 indicare.
2669 1978 3036 2037 Sustinuerat,
3060 1987 3248 2030 contra
3271 1987 3456 2029 aucto-

1892 2072 2105 2125 ritatem
2140 2072 2522 2139 plerorumque
2548 2070 2788 2131 Patrum,
2824 2079 2877 2121 et
2908 2076 3095 2120 contra
3120 2068 3252 2121 satis
3284 2067 3450 2127 clara,

1893 2176 1951 2218 ut
1982 2165 2221 2229 videtur,
2266 2180 2435 2217 sacra:
2470 2164 2768 2231 Scriptura!
2820 2171 3161 2232 argumenta,
3193 2160 3454 2214 Jacobum

1890 2258 2094 2326 Alphtei
2131 2258 2381 2310 eumdem
2438 2271 2558 2308 esse
2608 2272 2727 2309 cum
2768 2254 2968 2308 Jacubo
3005 2254 3170 2307 fratre
3221 2252 3457 2306 Domini.

1892 2349 2069 2413 Quare
2098 2364 2217 2400 cum
2253 2356 2462 2399 certum
2496 2346 2586 2408 sit,
2614 2345 2923 2399 Matthaeum
2954 2360 3059 2397 non
3082 2360 3201 2397 esse
3235 2344 3456 2396 fratrem

1890 2438 2075 2492 Jacobi
2120 2437 2297 2490 fratris
2323 2436 2557 2497 Domini,
2587 2450 2694 2487 nou
2737 2443 2950 2503 poterat
2994 2434 3223 2502 amplius
3254 2433 3456 2496 dicere,

1893 2530 2113 2582 fratrem
2142 2542 2258 2580 esse
2307 2524 2485 2579 Jacobi
2522 2524 2760 2594 Alphtei;
2808 2525 3040 2593 ideoque
3081 2524 3267 2576 maluit
3298 2540 3461 2594 argu-

1893 2629 2076 2673 menta
2163 2618 2487 2670 Henschenii
2551 2617 2903 2685 contemptim
2972 2618 3244 2683 abjicere,
3299 2632 3458 2685 quant

1892 2709 2088 2764 difficili
2126 2722 2387 2776 I'CSpOllSO
2412 2708 2475 2759 iis
2510 2706 2843 2758 satisfacere.
2893 2704 3093 2758 Verum
3144 2708 3284 2759 illam
3315 2723 3463 2773 quic-

1897 2799 2129 2857 stionem
2170 2809 2280 2850 tum
2328 2797 2426 2850 hac
2481 2796 2547 2847 de
2588 2808 2772 2855 causa,
2805 2803 2915 2845 tum
2953 2794 3021 2846 ob
3055 2792 3111 2844 S.
3167 2793 3461 2860 Cleophant

1895 2909 2016 2947 cum
2051 2893 2238 2945 eadem
2272 2905 2603 2951 connexum,
2631 2887 2940 2943 ettaminavi
2979 2887 3035 2938 in
3069 2885 3462 2939 Dissertatione

1894 2987 2116 3054 pra'via,
2150 2985 2421 3051 credoque
2482 2999 2568 3034 me
2618 2982 2748 3034 satis
2783 2981 3082 3033 ostendisse
3135 2978 3462 3033 sententiam

1896 3076 2225 3132 Tilletnontii
2260 3089 2358 3126 nec
2381 3088 2503 3125 cum
2535 3073 2706 3123 sacris
2727 3071 2946 3123 Litteris
2982 3070 3256 3123 conciliari
3280 3084 3459 3136 posse,

1896 3180 1948 3224 et
1999 3169 2249 3221 Patribus
2281 3174 2431 3221 certo
2460 3163 2784 3218 contrariam
2816 3178 2955 3224 esse,
3018 3177 3087 3215 ne
3130 3161 3263 3214 nihil
3302 3155 3462 3230 plane

1898 3278 1960 3316 ex
1990 3263 2074 3314 illa
2121 3261 2308 3314 haberi
2342 3260 2511 3328 possit
2546 3269 2733 3311 contra
2774 3254 3187 3323 germanitarem
3225 3255 3462 3308 Mattha-i

1898 3364 1953 3405 et
2002 3351 2210 3405 Jacobi.
2243 3351 2439 3414 Quaero
2505 3350 2685 3415 itaque
2746 3349 3009 3401 rationem
3073 3350 3321 3401 idoneam
3368 3364 3464 3400 cur

1901 3446 2092 3499 fratres
2121 3460 2242 3497 esse
2269 3451 2542 3509 nequeant
2571 3440 2855 3493 Matth-mus
2886 3450 2939 3493 et
2967 3440 3201 3493 Jacobus
3227 3439 3456 3506 Alphaei,

1900 3546 1951 3591 et
2003 3535 2203 3587 nullam
2265 3536 2423 3601 plane
2478 3532 2714 3584 invenio.
2758 3532 2969 3585 Etenim
3023 3544 3146 3583 cum
3179 3528 3463 3585 Mattbaeul

1898 3624 2205 3677 convivium
2231 3622 2449 3676 Christo
2468 3622 2820 3684 exstruxerit,
2858 3622 2944 3675 cui
2977 3636 3098 3675 cum
3151 3622 3336 3674 multis
3361 3636 3464 3690 ρυ-

1902 3716 2127 3770 blicanls
2179 3716 2447 3769 interesse
2482 3715 2734 3783 dignatus
2770 3724 2852 3768 est
2885 3713 3181 3779 Dominus;
3224 3716 3355 3768 satis
3380 3722 3465 3768 cst

1903 3808 2216 3867 verisimile,
2258 3808 2519 3871 quosdam
2551 3821 2610 3857 ex
2643 3805 2885 3857 convivis
2933 3805 3098 3857 fuisse
3146 3819 3461 3868 Conversus,

1901 3905 1955 3948 et
1982 3898 2046 3948 ad
2082 3895 2285 3948 Christi
2335 3896 2715 3963 discipulatum
2767 3906 3087 3963 pertractus,
3128 3906 3183 3949 et
3219 3898 3465 3949 nomina.

1902 3986 1994 4040 tim
2042 3985 2299 4040 Jacobum
2344 3985 2549 4053 Alphmi
2595 4000 2654 4037 ea
2703 3987 2989 4037 occasione
3024 3996 3292 4039 secutum.
3325 3981 3466 4039 Mur-

1903 4079 2239 4132 tnurantibus
2289 4078 2356 4130 de
2411 4078 2500 4130 illo
2551 4075 2801 4129 convivio
2838 4074 3125 4129 Pharis-teis
3184 4080 3465 4145 respondit

1898 4170 2143 4222 Christus
2170 4184 2183 4220 :
2214 4186 2230 4218 t
2259 4166 2374 4219 Non
2395 4169 2517 4221 veni
2540 4183 2729 4221 vocare
2748 4170 2945 4235 justos,
2962 4168 3051 4221 sed
3080 4180 3411 4236 peccatores.
3438 4187 3457 4219 ο

1897 4261 2006 4316 Cur
2039 4262 2201 4330 igitur
2232 4260 2495 4329 suspicari
2536 4275 2643 4311 non
2678 4275 2995 4328 possumus,
3040 4262 3094 4312 in
3152 4262 3242 4314 illo
3273 4262 3463 4315 convi-

1900 4356 1987 4408 vio
2011 4365 2105 4407 aut
2130 4354 2272 4407 illius
2294 4353 2580 4407 occasione
2627 4362 2877 4404 vocatum
2922 4366 3042 4405 esse
3071 4350 3332 4405 Jacobum
3371 4353 3464 4405 Al-

1900 4448 2060 4516 phsei,
2093 4448 2181 4514 qni
2232 4446 2284 4497 in
2337 4444 2579 4514 catalogo
2628 4447 2997 4512 apostolorum
3036 4444 3223 4498 Matth.
3272 4462 3300 4498 ι
3350 4456 3462 4499 sta-

230 4540 465 4594 Jacobns
515 4539 744 4608 Alphzei,
803 4555 903 4593 nec
960 4555 1193 4606 unquam
1251 4540 1302 4591 in
1347 4538 1514 4591 sacris
1574 4536 1793 4591 Litteris
1827 4547 1873 4607 ι)
1902 4542 1994 4595 tim
2028 4550 2146 4607 post
2181 4538 2487 4591 Mattheum
2512 4538 2781 4604 sequitur,
2810 4538 3267 4605 quemadmodum
3296 4538 3461 4592 etiam

229 4632 341 4684 alio
385 4632 602 4686 nomine
650 4632 983 4698 designatur.
1031 4628 1201 4682 Velim
1265 4630 1427 4683 modo
1474 4629 1614 4683 scire
1656 4631 1797 4683 unde

230 4724 443 4791 Alphrci
480 4738 674 4774 nomen
702 4732 807 4772 tam
840 4728 1150 4773 constanter
1186 4720 1376 4773 habeat
1406 4719 1664 4782 Jacobns,
1692 4719 1797 4771 nisi

228 4830 258 4868 a
298 4824 468 4882 patre.
512 4812 671 4866 Certe
720 4811 864 4864 nulla
916 4811 1052 4865 ratio
1096 4811 1311 4866 dabitur
1358 4812 1547 4865 idonea
1597 4822 1795 4880 pra-ter

234 4905 397 4959 hanc.
430 4905 548 4958 Jam
589 4920 712 4957 vero
739 4905 982 4961 adverto.
1031 4903 1237 4971 Alphaai
1281 4920 1478 4957 nomen
1513 4904 1699 4958 nullibi
1741 4905 1794 4957 in

230 4996 405 5048 sacris
442 4994 659 5047 Litteris
694 4996 940 5063 reperiri,
980 4996 1078 5047 nisi
1119 4996 1207 5048 ubi
1242 4995 1416 5063 agitur
1451 4996 1515 5047 de
1547 4995 1797 5048 Matthteo

230 5096 329 5142 ant
366 5084 582 5146 Jacobo,
644 5096 700 5137 ut
742 5087 962 5139 minime
1017 5084 1197 5138 dicere
1248 5089 1540 5153 possimus,
1598 5102 1797 5139 nomen

232 5181 406 5235 fuisse
454 5177 636 5231 multis
670 5192 963 5231 commune
1011 5196 1022 5231 :
1072 5188 1125 5231 et
1170 5180 1268 5230 hac
1311 5181 1377 5231 dc
1423 5193 1585 5230 causa
1646 5189 1797 5233 tanto

230 5272 582 5329 uerisimilius
610 5282 709 5333 est,
736 5273 984 5323 eumdem
1016 5274 1179 5325 fuisse
1206 5272 1503 5340 Alpha-um,
1534 5274 1623 5340 qui
1652 5286 1800 5343 pater

227 5372 352 5418 erat
389 5362 618 5416 Μαιηττυί
647 5374 699 5415 et
724 5362 933 5423 Jacobi,
984 5374 1140 5431 prout
1176 5365 1345 5417 Cra'ci
1382 5381 1573 5417 omnes
1610 5366 1799 5419 existi-

230 5466 385 5511 mant
426 5470 541 5523 post
586 5456 1028 5522 Chrysostmnnm
1084 5468 1136 5509 et
1171 5457 1593 5511 'l'heodoretum.
1646 5457 1799 5510 Ratio

227 5551 323 5606 illa
366 5562 429 5598 ex
484 5550 765 5615 utriusque
819 5549 1137 5614 cognomine
1193 5549 1355 5616 petita
1408 5566 1515 5602 non
1570 5550 1800 5604 debebat

225 5653 383 5698 certe
424 5642 529 5691 tam
568 5640 853 5694 imbecillis
880 5639 1048 5696 videri
1081 5642 1443 5702 'l'illeinontio,
1491 5644 1579 5712 qui
1609 5644 1797 5695 eadem

228 5738 312 5789 uti
371 5732 533 5786 voluit
583 5744 708 5785 nota
752 5735 785 5786 9.
827 5735 877 5785 in
911 5743 1158 5786 sanctum
1217 5734 1409 5791 Judam
1450 5734 1660 5799 Jacobi,
1704 5747 1799 5790 aut

228 5829 589 5888 Tbaddaeum,
620 5824 708 5881 ubi
738 5826 949 5882 disserit
983 5836 1168 5881 contra
1188 5824 1650 5898 Chrysostomum,
1684 5829 1793 5883 dis-

1907 4636 1963 4687 fit
1992 4638 2108 4685 Act.
2141 4632 2204 4684 t?
2244 4632 2297 4683 In
2320 4631 2531 4684 duobus
2562 4629 2681 4680 aliis
2712 4629 2969 4697 catalogis
2999 4630 3237 4682 'l'homas
3272 4631 3339 4682 iis
3376 4631 3461 4683 in-

1901 4725 2201 4793 terponitur
2232 4724 2396 4776 solus.
2431 4722 2613 4788 Itaque
2642 4720 2841 4786 ubique
2878 4721 2929 4771 in
2958 4720 3217 4784 catalogis
3242 4733 3465 4791 aposto-

1900 4818 2070 4869 l0rum
2130 4813 2364 4868 Jacobus
2418 4810 2624 4879 Alphei
2670 4813 2914 4877 sequitur
2973 4828 3080 4864 non
3131 4812 3289 4880 longe
3345 4821 3465 4881 post

1904 4907 2236 4965 Malthzcum,
2295 4913 2355 4957 ut
2407 4902 2856 4956 verisiinillimum
2902 4901 2991 4955 fiat
3046 4900 3304 4954 Jacohuni
3357 4918 3464 4955 non

1901 5001 1989 5052 ditt
2019 5008 2142 5065 post
2170 4997 2475 5049 Matthaettm
2503 5009 2529 5045 a
2560 4992 2778 5046 Christo
2825 4995 2889 5045 ad
2923 4994 3259 5061 sequendum
3294 4994 3463 5048 fuisse

1902 5102 2172 5146 vocatum.

1972 5186 2062 5238 28.
2099 5186 2248 5237 Dicet
2284 5185 2512 5239 fortasse
2549 5202 2843 5250 nonnemo,
2884 5185 3188 5237 Mattha-um
3222 5192 3276 5235 et
3308 5179 3453 5234 Jaco-

1904 5278 2030 5331 bum
2070 5278 2277 5343 Alplttt'i
2316 5278 2508 5331 tiullibi
2575 5280 2626 5329 in
2694 5277 2983 5345 Evangelio
3023 5276 3213 5327 fratres
3260 5268 3463 5334 vocari,

1905 5378 2062 5437 prout
2095 5367 2288 5422 fratres
2334 5371 2561 5423 subinde
2593 5380 2852 5424 vocantur
2882 5371 3072 5421 Petrus
3107 5377 3160 5419 et
3198 5367 3463 5422 Andri-as,

1900 5461 2137 5515 Joannes
2171 5460 2499 5513 etJacobus.
2558 5460 2752 5513 Verum
2788 5460 2837 5512 id
2870 5458 3058 5526 nequit
3108 5456 3265 5523 objici
3295 5470 3323 5506 a
3358 5454 3466 5505 Til-

1902 5550 2157 5606 letnontio
2207 5561 2261 5604 et
2305 5552 2565 5610 (Ialmrlo,
2622 5566 2720 5604 nec
2783 5549 2852 5601 ab
2897 5550 3017 5600 ullis
3071 5546 3159 5613 qui
3201 5544 3460 5598 Jacobum

1902 5641 2109 5711 Alphtei
2170 5644 2359 5697 dicunt
2399 5642 2622 5695 fratrem
2686 5640 2835 5693 Judae
2883 5638 3160 5691 Thaddaei.
3198 5635 3253 5688 Si
3313 5634 3458 5688 enim

1901 5734 2145 5799 credant,
2176 5736 2272 5788 hos
2319 5734 2513 5786 fratres
2544 5748 2662 5786 esse
2703 5733 2965 5801 potuisse,
3008 5727 3219 5782 etiamsi
3265 5726 3317 5778 in
3366 5740 3456 5780 ca-

1901 5824 2088 5894 talogis
2137 5826 2502 5895 apostolorum
2563 5839 2837 5893 nunquam
2892 5823 3085 5877 fratres
3153 5826 3452 5875 vocentur;
