4156 6314
752 367 854 435 767

763 574 926 644 phazi.
961 572 1076 628 lmo
1108 590 1216 628 non
1254 575 1424 627 deerit
1476 571 1641 634 ratio,
1689 586 1792 638 qua
1825 570 2015 622 horum
2052 566 2327 635 germani-

762 673 926 717 tatem
984 664 1237 717 omittere
1295 662 1568 732 potuerint
1621 658 1986 726 evangelista.
2026 654 2156 708 Nam
2191 655 2325 709 Mat-

761 757 939 810 thzeus
979 770 1041 809 ex
1084 756 1305 824 proprio
1333 751 1623 821 Evangelia
1663 761 1826 804 nctus
1859 759 1994 812 erat,
2053 757 2111 801 ut
2149 746 2326 816 publi—

758 863 948 902 canus.
1018 846 1194 913 Quare
1266 848 1311 900 si
1371 846 1714 915 evangelista;
1782 842 2040 896 Jacobum
2116 837 2323 908 Alphai

756 938 1024 994 dixissent
1095 939 1332 993 Matthrei
1406 937 1650 999 fratrem,
1725 936 2098 990 insinuasscnt
2161 930 2325 984 simul

759 1031 1114 1098 publicanum
1175 1031 1367 1092 fuisse,
1422 1038 1514 1083 aut
1562 1040 1707 1083 certe
1750 1027 2017 1096 publicani
2081 1025 2326 1079 fratrem.

757 1122 940 1188 Atqui.
974 1123 1407 1176 utobservarunt
1428 1122 1849 1190 Chrysostomus
1869 1129 1918 1172 et
1946 1117 2324 1186 Hieronymus,

760 1211 971 1267 Marcus
1027 1223 1080 1267 et
1128 1211 1324 1273 Lucas.
1378 1213 1593 1280 quando
1635 1220 1858 1264 narrant
1908 1210 2135 1262 Matthaai
2165 1223 2326 1262 voca-

757 1309 984 1367 tionem.
1017 1307 1193 1371 ipsum
1224 1305 1348 1358 Levi
1375 1316 1591 1372 vocant,
1629 1320 1697 1358 ne
1730 1304 1988 1360 indicent.
2015 1300 2324 1355 Matthzeum

759 1396 928 1452 fuisse
991 1398 1363 1465 publicanum.
1450 1397 1557 1449 Cur
1625 1396 1787 1466 igitur
1858 1411 1964 1449 non
2035 1405 2329 1461 potuerunt

759 1506 951 1543 omnes
979 1491 1044 1542 de
1092 1492 1294 1542 honore
1320 1489 1487 1542 sancti
1511 1487 1695 1541 Jacobi
1731 1487 1935 1556 Alphtci
1980 1502 2132 1555 aeque
2160 1487 2326 1540 fuisse

759 1581 998 1639 solliciti.
1053 1583 1287 1648 ideoque
1331 1581 1488 1633 silere
1538 1580 1757 1633 fratrem
1800 1580 1967 1633 fuisse
2020 1577 2329 1640 publicani?

759 1668 1038 1725 Sententia
1067 1673 1230 1742 igitur
1272 1671 1672 1741 Chrysostomi,
1702 1669 2028 1723 Theodoreti
2068 1677 2121 1723 et
2159 1669 2324 1722 totius

755 1763 1070 1816 Graecorum
1123 1763 1398 1826 Ecclesize,
1472 1764 1603 1815 mihi
1676 1762 1965 1814 admodum
2018 1761 2327 1814 verisimilis

754 1864 982 1921 apparet
1024 1855 1415 1922 etprobabilis.
1450 1869 1570 1906 cum
1607 1854 1732 1918 quia
1772 1853 1944 1906 solido
2001 1853 2192 1905 nititur
2241 1867 2327 1904 ar-

754 1955 1014 2010 gumento
1045 1959 1108 1997 ex
1159 1944 1440 2009 utriusque
1491 1943 1721 2011 apostoli
1757 1944 2079 2011 cognomine
2112 1943 2320 2011 Alphaei

754 2033 1008 2094 deducto,
1047 2044 1159 2086 tum
1198 2034 1322 2103 quia
1368 2034 1542 2087 nullas
1575 2034 1776 2101 patitur
1805 2032 2166 2086 difﬁcultates.
2208 2034 2327 2085 Cal-

757 2133 934 2176 metus
967 2125 1185 2192 quidem
1230 2127 1281 2177 in
1322 2123 1656 2176 Dictlonario
1698 2120 1903 2175 Biblieo
1953 2123 2088 2175 duos
2142 2125 2327 2177 statuit

755 2213 1032 2283 Alpheus,
1068 2215 1295 2268 alterum
1346 2214 1513 2267 sancti
1555 2213 1788 2267 Matthaei
1819 2224 2048 2282 patrem,
2094 2215 2321 2266 altermu

756 2319 961 2374 patrem
1005 2305 1059 2360 S.
1093 2307 1275 2360 Jacobi
1311 2307 1539 2374 Alphaei,
1563 2321 1797 2374 eumque
1825 2307 1938 2359 vult
1968 2308 2073 2359 alio
2103 2308 2322 2360 nomine

754 2400 1047 2463 Cieopham
1085 2401 1309 2453 dictum.
1343 2400 1410 2453 At
1437 2399 1759 2466 respondeo,
1817 2401 2019 2451 nullam
2077 2413 2196 2450 esse
2228 2413 2313 2450 ne-

753 2491 1066 2543 cessitatem
1118 2489 1392 2542 statuendi
1424 2488 1562 2542 duos
1614 2489 1888 2556 Alphaeos,
1948 2497 2042 2542 aut
2085 2488 2322 2550 dicendi,

752 2580 1047 2648 Cleopham
1088 2579 1192 2633 alio
1223 2581 1444 2634 nomine
1481 2580 1762 2649 Alphicum
1797 2581 2024 2638 dictmn.
2064 2582 2163 2634 nisi
2193 2581 2320 2645 illis,

754 2671 1059 2738 quicontra
1102 2681 1322 2723 Sanctus
1375 2669 1563 2723 Patres
1613 2670 1874 2724 Jacobum
1936 2671 2141 2739 Alphio.
2197 2687 2319 2725 cum

753 2759 961 2815 Jacobo
1004 2761 1169 2816 fratre
1221 2761 1428 2814 Domini
1455 2762 1818 2828 confundunt,
1856 2763 2187 2832 minimeque
2214 2763 2315 2816 du-

756 2853 934 2906 bitare
976 2868 1080 2912 me.
1114 2855 1242 2920 quin
1276 2855 1458 2905 Statim
1513 2863 1892 2922 agnoscerent.
1925 2853 2119 2906 fratres
2154 2855 2322 2907 videri

759 2940 1070 2997 Mattheeum
1101 2956 1152 2998 et
1183 2944 1440 2998 Jacobum
1469 2945 1700 3016 Alphaai,
1753 2945 1858 2999 nisi
1901 2945 2046 3001 hunc
2099 2946 2319 3001 fratrem

754 3032 966 3086 Domini
1002 3049 1122 3088 esse
1162 3035 1382 3089 vellent.

1985 363 2268 426 ΜΕΝὸιὸ
2307 362 2774 423 SEPTEMBER.

759 482 1035 538 immerito
1063 484 1203 539 idem
1238 485 1510 553 negabunt
1541 483 1608 538 de
1637 481 1890 535 Matthaao
1917 488 1973 532 et
1999 477 2201 533 Jacobo
2236 475 2329 528 ΑΙ-
2359 479 2399 531 Δ
2433 475 2532 528 bus
2604 474 2992 542 apostolorum.

3902 360 3997 421 768

3081 470 3234 530 Varia
3312 481 3491 530 tamen
3548 473 3870 527 referuntur
3937 474 3996 525 de

2430 563 2690 632 aposwlis
2743 563 2998 616 omnibus
3023 565 3345 633 generatim,
3378 565 3632 616 videlicet
3655 561 3804 629 quod
3837 559 3995 612 Chri-

2428 666 2543 709 stus
2567 656 2712 722 ipsos
2740 655 3023 708 donaverit
3051 665 3315 722 potestate
3366 654 3676 723 expellendi
3714 653 3993 706 dazmones

2429 748 2778 813 iiitirmosque
2800 748 3050 811 sanandi,
3077 762 3137 799 ac
3171 748 3439 814 prmclaris
3466 749 3767 799 instruCIos
3823 745 3997 798 moni-

2433 839 2522 896 tis,
2551 839 2614 889 ad
2653 838 3054 906 prrcdicandum
3115 854 3210 905 per
3266 836 3505 890 Juda-am
3553 838 3812 897 miserit;
3858 837 3995 901 quod

2429 928 2484 981 in
2515 928 2699 980 ultima
2730 944 2882 981 coena
2922 944 3042 980 eum
3083 929 3299 982 Christo
3333 930 3554 989 fuerint,
3615 928 3995 993 exivcrintque

2430 1020 2494 1072 ad
2527 1021 2704 1072 villam
2737 1020 3109 1079 Gethsentani.
3161 1031 3215 1074 et
3254 1021 3468 1082 deinde,
3515 1035 3580 1071 eo
3630 1029 3814 1086 capto.
3853 1020 3996 1084 fuge-

2433 1113 2560 1173 rint,
2596 1113 2736 1180 quod
2785 1111 3061 1165 Christum
3109 1113 3278 1165 variis
3336 1113 3542 1164 vicibus
3585 1111 3825 1164 viderint
3878 1121 3996 1177 post

2429 1206 2912 1266 resurrectionem,
2939 1215 2991 1256 et
3018 1207 3236 1256 demum
3285 1205 3336 1256 in
3370 1205 3565 1258 cwlum
3596 1203 3992 1255 ascendentem

2430 1295 2838 1362 conspexeriut,
2869 1296 3010 1362 quod
3045 1295 3374 1348 unanimiter
3413 1297 3463 1347 iu
3507 1296 3755 1348 oratione
3808 1311 3992 1362 perse-

2428 1387 2881 1438 veraverintcum
2903 1387 3067 1438 Maria
3104 1385 3270 1439 Matre
3307 1385 3397 1438 Dei
3418 1396 3473 1438 et
3499 1387 3618 1437 aliis
3639 1387 3994 1452 quibusdam,

2430 1478 2518 1530 tibi
2573 1487 2626 1530 et
2668 1476 2896 1530 Mathias
2944 1476 3096 1529 Judaa
3154 1477 3503 1536 substitutus,
3570 1478 3745 1529 donec
3802 1477 3998 1528 ibidem

2429 1567 2686 1636 Spiritum
2719 1580 2963 1621 sanctum
2997 1568 3331 1634 acceperint.
3367 1567 3491 1620 Hmc
3556 1577 3710 1620 certo
3743 1568 3813 1619 de
3871 1582 3998 1633 apo-

2430 1659 2584 1712 stolis
2619 1659 2917 1724 generatim
2970 1667 3281 1720 narrantur,
3320 1665 3370 1707 ει
3406 1657 3471 1710 de
3503 1666 3695 1709 sancto
3750 1657 3997 1710 Mattlneo

2431 1766 2555 1803 vera
2588 1761 2732 1802 sunt.
2761 1750 2849 1802 Sic
2881 1750 3091 1804 videtur
3115 1752 3179 1802 de
3218 1749 3469 1802 omnibus
3516 1750 3777 1817 apostolis
3821 1751 3944 1803 Act.
3973 1765 3996 1798 ν

2431 1842 2659 1902 narrari.
2688 1841 2890 1894 carceri
2927 1841 3156 1894 infectos
3202 1840 3366 1894 fuisse
3399 1855 3427 1893 a
3469 1840 3720 1908 principe
3746 1842 4000 1894 sacerdo-

2433 1941 2565 1994 tum,
2593 1948 2688 2000 per
2718 1934 2966 2001 angelum
2997 1947 3123 1985 vero
3162 1932 3422 1994 eductos;
3469 1933 3781 1999 iterumque
3817 1942 4000 1999 captos

2429 2033 2481 2076 et
2517 2039 2707 2086 czesos,
2741 2035 2904 2091 atque
2951 2023 3022 2076 ita
3077 2023 3346 2076 dimissos.
3391 2022 3517 2076 Post
3550 2038 3667 2090 qua:
3721 2021 4001 2092 subiungi-

2431 2124 2538 2172 tur,
2567 2129 2616 2165 ν.
2648 2113 2704 2163 lii
2743 2127 2755 2161 :
2793 2109 2887 2164 «Et
2912 2111 2985 2163 illi
3019 2110 3234 2179 quidem
3268 2111 3540 2180 (apostoli)
3570 2112 3723 2163 ibant
3749 2114 3996 2174 gauden-

2433 2213 2510 2256 tes
2553 2219 2578 2256 a
2609 2212 2908 2271 conspectu
2933 2202 3168 2266 concilii,
3203 2203 3456 2270 quoniam
3483 2202 3630 2271 digni
3663 2203 3840 2255 habiti
3879 2212 4002 2256 sunt

2430 2308 2525 2359 pro
2562 2293 2782 2344 nomine
2817 2289 2944 2346 Jesu
2977 2292 3363 2346 contumeliam
3403 2294 3531 2361 pati.
3595 2289 3760 2344 Omni
3819 2305 3999 2346 autem

2429 2385 2515 2436 die
2539 2399 2645 2435 non
2682 2385 2970 2438 cessabant
3003 2385 3054 2436 in
3090 2385 3291 2452 templo
3319 2395 3371 2438 et
3408 2387 3552 2438 circa
3573 2386 3771 2440 domos
3802 2386 4001 2438 docen-

2431 2486 2510 2530 tes
2539 2485 2589 2528 et
2618 2477 3052 2546 evangelizantes
3079 2476 3355 2530 Christum
3395 2475 3602 2530 Jesum.
3637 2496 3654 2529 ι
3716 2478 3878 2531 Mitto
3904 2478 3996 2533 alia

2427 2585 2535 2624 non
2581 2584 2731 2637 aeque
2771 2579 2921 2622 certo
2949 2569 3016 2623 de
3055 2569 3312 2622 omnibus
3337 2569 3501 2622 dicta.

2426 2683 2450 2750 ᾗ
2495 2681 2582 2733 Ill.
2642 2681 2983 2750 Erangelium
3046 2682 3297 2760 scriptum
3345 2697 3362 2732 :
3395 2683 3693 2748 spectantia
3757 2681 3828 2736 ad
3877 2678 3999 2735 illud

2991 2758 3380 2803 exanimantur.

2496 2864 2583 2918 50.
2613 2863 2686 2918 De
2713 2863 3002 2936 Evangelio
3034 2881 3127 2933 per
3144 2876 3386 2919 sanctum
3415 2863 3731 2920 Matthceum
3759 2870 4000 2922 conscri-

2423 2967 2535 3026 pto,
2575 2957 2887 3025 priusquam
2919 2958 3101 3010 Judara
3137 2955 3439 3014 excederet.
3466 2957 3587 3011 aliis
3619 2972 3844 3026 quoque
3882 2974 3998 3027 gen-

2424 3051 2566 3103 tibus
2603 3051 3006 3118 prredicaturns,
3059 3048 3342 3112 Eusebius,
3397 3050 3490 3102 lib.
3533 3066 3616 3111 ιιι.
3659 3066 3788 3120 cap.
3819 3052 3891 3104 24
3934 3052 3998 3103 ita

823 3128 911 3179 9.9.
947 3130 1162 3180 Annum
1197 3139 1252 3181 et
1277 3144 1536 3189 mensem,
1577 3146 1685 3198 quo
1739 3132 1969 3200 contigit
2005 3135 2218 3189 vocatio
2257 3135 2314 3190 S.
2344 3155 2394 3214 ρ
2422 3137 2694 3204 loquitur:
2739 3156 2755 3189 ι
2802 3137 3082 3192 Mattltazus
3131 3153 3252 3190 cum
3291 3138 3525 3192 Hebraeis
3565 3142 3811 3208 primum
3848 3141 3995 3194 fidem

755 3217 1014 3280 Matthazi,
1047 3237 1152 3275 non
1209 3221 1444 3289 inquiro,
1503 3237 1567 3274 ne
1611 3236 1771 3291 cogar
1812 3224 2136 3292 quaestiones
2191 3227 2321 3282 alias

754 3319 1110 3378 pertractare.
1154 3311 1228 3365 De
1259 3312 1454 3368 ordine
1483 3313 1680 3375 solum,
1706 3329 1814 3381 quo
1860 3314 2001 3367 inter
2034 3317 2319 3372 duodecim

755 3415 979 3454 vocatus
1013 3410 1117 3464 est,
1142 3416 1311 3469 pauca
1345 3401 1702 3456 libctdicere.
1735 3402 1849 3456 Non
1887 3405 1991 3458 fuit
2029 3406 2170 3458 inter
2209 3409 2322 3476 pri-

757 3509 874 3548 mos
927 3504 1152 3547 vocatus
1195 3506 1416 3550 sanctus
1465 3497 1748 3549 Matthaeus
1780 3512 1790 3547 :
1825 3513 1948 3550 nam
2008 3510 2156 3552 certo
2186 3515 2324 3569 prie-

758 3594 1043 3639 cesserant
1100 3585 1367 3653 Andreas,
1439 3587 1649 3651 Petrus,
1727 3587 1988 3654 Jacobus,
2067 3590 2321 3658 Joannes,

760 3672 1042 3744 Philippus
1072 3687 1126 3730 et
1150 3677 1452 3731 Nathanael
1491 3679 1605 3732 sive
1638 3679 2088 3740 Bartholomazus,
2119 3684 2208 3750 qui
2267 3685 2322 3737 in

756 3767 1010 3820 omnibus
1048 3785 1262 3836 quoque
1290 3769 1657 3835 apostolorum
1686 3769 1943 3839 catalogis
1969 3785 2323 3827 numerantur

755 3868 885 3912 ante
921 3860 1256 3914 Matthaemn.
1290 3859 1360 3915 De
1387 3861 1591 3916 Thema
1651 3863 1882 3916 dubitari
1949 3875 2147 3932 potesr,
2207 3867 2326 3920 fue-

762 3950 904 4004 ritne
932 3962 1080 4016 ante,
1119 3968 1186 4005 an
1238 3963 1358 4020 post
1414 3954 1744 4017 Marthaeum,
1795 3957 2078 4025 discipulis
2128 3959 2324 4014 Christi

757 4055 1168 4097 annumeratus.
1215 4046 1497 4099 Matth-aus
1543 4048 1656 4113 ipse
1678 4048 1942 4099 Thomam
1974 4049 2075 4101 sibi
2111 4065 2323 4118 pr:cpo-

760 4135 861 4196 nit,
907 4145 956 4187 et
1001 4138 1118 4189 Act.
1175 4153 1210 4197 ι,
1257 4137 1492 4190 Thomas
1533 4153 1636 4191 non
1670 4139 1843 4192 solum
1908 4138 2178 4202 Matthaeo,
2231 4140 2325 4193 sed

757 4226 922 4280 etiam
949 4227 1337 4282 Barrbolomzeo
1363 4232 1715 4298 praaponitur.
1745 4232 1897 4300 Apud
1927 4233 2325 4287 Marcumvero

756 4326 809 4371 et
846 4315 1043 4371 Lucam
1078 4319 1129 4372 in
1160 4317 1460 4404 Evangeliis
1519 4320 1756 4375 Thomas
1806 4323 2110 4376 Mattlneum
2146 4332 2328 4394 sequi-

760 4419 865 4463 tur.
899 4409 1102 4477 ltaque,
1133 4427 1256 4464 cum
1288 4415 1498 4465 vocatio
1547 4413 1772 4467 Thomre
1827 4430 1936 4468 non
1969 4415 2038 4468 sit
2069 4421 2318 4485 exposita

760 4501 812 4553 in
853 4501 1182 4569 Evangeliis,
1217 4510 1271 4555 et
1311 4503 1470 4557 modo
1515 4518 1860 4572 praponatur
1904 4507 2064 4560 modo
2099 4517 2320 4575 postpo-
2357 4495 2396 4548 θ
2427 4524 2678 4562 sermone
2711 4507 2890 4561 divina
2931 4508 3256 4576 conscripsit
3281 4509 3496 4561 oracula

758 4601 920 4643 natur
965 4589 1236 4654 Mattiaco,
1293 4594 1450 4660 plane
1529 4595 1752 4648 dubium
1812 4607 1895 4649 est
1939 4607 1990 4650 et
2031 4598 2318 4664 incertum,

758 4693 880 4735 uter
912 4697 972 4735 ex
1007 4683 1110 4734 illis
1140 4693 1359 4737 vocatus
1390 4687 1458 4738 sit
1494 4687 1657 4754 prior.
1687 4687 1895 4757 Reliqui
1917 4705 2044 4747 vero
2066 4702 2318 4760 quatuor,

760 4774 1015 4826 nimirum
1043 4773 1276 4829 Jacobus
1297 4777 1738 4844 Alpltetei,Judas
1771 4783 2097 4846 'l'haddaeus,
2133 4785 2320 4839 Simon

756 4865 1119 4928 Chananeus.
1147 4879 1198 4921 et
1222 4867 1389 4926 Judas
1427 4870 1712 4926 lscariotes
1744 4874 2007 4942 proditor,
2043 4890 2163 4928 cum
2191 4892 2323 4928 con-

758 4964 965 5008 stanter
1017 4955 1072 5008 itt
1124 4961 1378 5013 oumibus
1425 4963 1681 5032 catalogis
1741 4977 1860 5032 post
1898 4965 2203 5019 Matthzeum
2241 4984 2322 5020 re-

759 5056 1111 5108 ccnseantur,
1163 5050 1324 5100 etiam
1379 5052 1745 5104 vvrisimiliter
1808 5065 1928 5120 post
1977 5055 2151 5123 ipsmn
2196 5067 2323 5110 sunt

761 5138 965 5198 vocati,
1019 5138 1089 5189 ita
1132 5149 1187 5192 ut
1240 5141 1525 5196 Mattha'us
1596 5145 1840 5197 videatur
1905 5150 2168 5215 septimus
2231 5157 2321 5201 aut

759 5242 986 5282 octavus
1024 5228 1191 5282 fuisse
1219 5233 1359 5286 inter
1409 5237 1693 5289 duodecim
1723 5241 2006 5306 apostolos
2048 5258 2060 5292 :
2097 5242 2148 5292 iu
2183 5240 2321 5293 duo-

765 5321 864 5372 bus
896 5323 1040 5374 enim
1062 5323 1325 5391 catalogis
1361 5328 1624 5393 septimus
1660 5332 1899 5397 ponitur,
1937 5333 1986 5383 in
2037 5333 2154 5383 aliis
2186 5336 2318 5386 duo-

762 5407 864 5463 bus
893 5420 1136 5465 Octavus.
1189 5413 1354 5466 Porro
1407 5417 1598 5470 electio
1637 5419 1918 5474 duodecim
1954 5424 2320 5488 apuswlorurn

764 5515 794 5552 ιι
831 5502 1001 5553 tribus
1031 5506 1378 5571 evangelislis
1415 5510 1650 5562 retcrtur
1680 5529 1784 5564 non
1817 5513 1907 5566 diu
1941 5524 2060 5582 post
2089 5516 2326 5568 vocatio-

765 5608 887 5644 nem
945 5594 1199 5660 Mattliaei,
1235 5602 1596 5663 pratermissa
1631 5608 1912 5659 vocatione
1943 5617 2173 5670 quatuor
2230 5624 2322 5676 po-

764 5687 1172 5749 steriorum,uti
1208 5700 1260 5742 et
1285 5688 1522 5746 Thomie.
1581 5693 1781 5748 Deinde
1826 5698 1961 5750 nihil
1999 5699 2322 5766 particulare

759 5779 831 5828 de
859 5775 916 5831 S.
958 5778 1210 5834 Matthiae
1250 5796 1499 5839 narratur
1534 5789 1584 5841 in
1624 5789 1928 5854 Evangeliis
1954 5803 2044 5848 aut
2078 5794 2126 5847 in
2172 5793 2322 5848 Acti-

2425 3230 2787 3298 przedicasset,
2819 3229 2941 3284 inde
2961 3231 3022 3284 ad
3044 3230 3174 3284 alias
3188 3244 3399 3300 quoque
3418 3239 3606 3300 gentes
3628 3231 3993 3300 profecturus.

2426 3320 2780 3391 Evangeliurn
2823 3336 2980 3373 suum
3024 3322 3197 3389 patrio
3231 3335 3479 3374 sermone
3499 3321 3889 3382 conscribens.
3925 3324 3992 3384 id.

2424 3412 2568 3478 quod
2611 3410 2916 3479 prmsentia:
2969 3426 3080 3464 sum
3124 3412 3300 3465 adhuc
3351 3426 3638 3480 superesse
3690 3413 3993 3475 videbatur,

2425 3502 2629 3570 scripto
2671 3502 2797 3561 illis,
2857 3516 2994 3569 quos
3038 3502 3401 3568 relinquebat,
3458 3500 3759 3569 supplevit.
3791 3522 3809 3554 ι
3869 3505 3994 3558 lnsi~

2425 3602 2557 3649 nuat
2590 3593 2836 3663 allegatis
2862 3593 3038 3646 verbis
3063 3591 3349 3653 Eusebius,
3377 3592 3686 3646 Matthteuin
3710 3597 3995 3664 scripsisse

2424 3702 2677 3741 sermone
2717 3686 3003 3747 Hebraico,
3038 3685 3212 3755 qualis
3257 3693 3382 3739 tunc
3413 3696 3534 3740 erat
3583 3687 3827 3741 usitatus
3859 3688 3992 3756 apud

2424 3781 2659 3838 Judacos.
2695 3796 2802 3832 non
2844 3780 3062 3846 quidem
3097 3794 3233 3845 puro
3271 3790 3322 3832 et
3375 3789 3610 3842 vetusto,
3649 3781 3747 3832 sed
3802 3781 3994 3833 nonni-

2427 3871 2501 3923 hil
2535 3881 2789 3939 corrupto
2824 3885 2886 3922 ex
2931 3869 3228 3923 Chaldaico
3281 3880 3334 3922 et
3375 3869 3619 3939 Syriaco,
3665 3880 3723 3922 ut
3751 3871 3844 3923 alii
3889 3873 3991 3938 jam

2424 3963 2807 4015 observarunt.
2845 3962 3028 4015 lnnuit
3066 3972 3347 4029 prieterca,
3390 3963 3620 4030 primum
3654 3966 3904 4016 omnium
3933 3978 3990 4014 ex

2426 4051 2770 4119 evangelistis
2797 4053 3078 4120 scripsisse
3129 4053 3438 4106 Malthaeum
3466 4070 3480 4116 ;
3507 4066 3630 4104 mox
3653 4053 3801 4104 enim
3829 4056 3990 4112 addit,

2428 4151 2615 4210 postea
2655 4143 2936 4211 scripsisse
2988 4143 3225 4196 Marcum
3273 4154 3326 4197 et
3375 4144 3596 4205 Lucam,
3660 4159 3725 4199 ac
3777 4145 3989 4200 demum

2424 4236 2708 4288 Joannem.
2751 4235 2954 4290 Deinde
3004 4252 3127 4305 cap.
3157 4236 3225 4290 58
3269 4236 3384 4289 haec
3419 4236 3612 4306 allegat
3649 4236 3859 4304 Papia).
3905 4239 3988 4304 qui

2426 4338 2547 4377 Cmn
2583 4325 2862 4392 discipulis
2903 4327 3264 4392 apostolorum
3301 4327 3506 4378 vixerat
3554 4328 3620 4379 de
3648 4341 3844 4381 sancro
3871 4329 3990 4380 Mat-

2426 4416 2567 4469 thmo
2599 4417 2759 4470 verba
2792 4431 2804 4468 :
2840 4433 2857 4465 ι
2894 4414 3174 4469 Mattharus
3197 4417 3440 4484 quidem,
3479 4416 3678 4484 inquit,
3721 4415 3988 4472 Hebranco

3541 4527 3552 4562 :
3596 4510 3988 4578 interpretatus

2423 4608 2712 4652 estautcm
2772 4599 3141 4667 unusquisque
3183 4599 3292 4656 illa.
3345 4607 3505 4666 prout
3565 4599 3764 4664 potuit.
3821 4598 3988 4652 Verba

2424 4691 2596 4744 sancti
2640 4691 2820 4743 Irenaai
2865 4691 3112 4744 laudatus
3140 4690 3426 4752 Eusebius,
3458 4690 3547 4742 lib.
3589 4706 3643 4751 v,
3684 4705 3810 4757 cap.
3838 4693 3870 4742 8
3929 4693 3990 4744 de

2424 4779 2675 4835 Matthceo
2723 4781 2942 4835 adducit
2994 4783 3098 4833 hoc
3147 4782 3308 4833 modo
3367 4796 3379 4830 :
3435 4779 3741 4836 Mattheus.
3801 4783 3987 4850 inquit,

2424 4874 2564 4940 apud
2601 4873 2853 4926 Hchrwos
2885 4873 3100 4942 propria
3144 4887 3331 4926 eorum
3383 4871 3562 4942 lingua
3615 4875 3988 4941 conscriptum

2428 4966 2772 5033 Evangelium
2815 4966 3002 5026 edidit.
3054 4965 3180 5016 dum
3231 4965 3424 5018 Petrus
3459 4981 3519 5016 ac
3565 4964 3771 5020 Paulus
3813 4966 3990 5020 Roma:

2423 5059 2698 5110 Christum
2753 5059 3138 5125 praedicarent.
3203 5067 3254 5108 et
3327 5056 3581 5109 Ecclesia:
3637 5057 3990 5111 fundanmita

2421 5149 2683 5216 jacerent.
2738 5165 2754 5197 ι
2799 5148 2925 5198 Data
2983 5149 3142 5198 verba
3195 5147 3446 5216 leguntur
3511 5151 3654 5215 apud
3708 5150 3988 5213 Irenaeum,

2428 5244 2516 5294 lib.
2545 5258 2595 5294 ιιι
2624 5241 2814 5294 Contra
2842 5228 3078 5294 liari'escs.
3101 5255 3218 5307 cap.
3256 5257 3291 5300 ι,
3322 5241 3409 5292 ubi
3443 5240 3692 5292 similiter
3725 5241 3987 5303 innuitur,

2427 5337 2656 5402 primum
2694 5333 2832 5384 inter
2865 5332 3228 5398 evangelistas
3262 5331 3430 5383 fuisse
3482 5331 3836 5394 Matthieum;
3873 5334 3990 5386 licet

2426 5431 2559 5481 alias
2605 5443 2710 5479 non
2746 5437 2965 5478 careant
3007 5429 3184 5494 aliqua
3240 5424 3554 5478 ditiicultate
3602 5442 3700 5491 pro
3751 5437 3990 5495 tempore

2429 5520 2701 5588 Evangelii
2755 5537 2782 5571 a
2823 5520 3076 5572 Mattinco
3101 5517 3318 5584 scripti.
3349 5530 3403 5569 ut
3428 5529 3615 5583 postea
3662 5519 3987 5570 videbimus.

2424 5612 2657 5664 Adducit
2692 5613 2975 5671 Eusebius,
3012 5611 3101 5662 lib.
3136 5625 3206 5669 γι,
3235 5625 3356 5677 cap.
3388 5610 3456 5660 225
3483 5609 3646 5662 etiam
3683 5613 3848 5662 verba
3873 5609 3990 5661 Ori-

2426 5705 2598 5772 genis,
2661 5705 2890 5757 dicentis
2933 5718 2996 5756 ex
3059 5703 3369 5762 traditione,
3423 5720 3440 5750 ι
3501 5703 3739 5771 primunt
3791 5703 3988 5755 scilicet

2428 5795 2772 5864 Evangelium
2810 5794 3062 5858 scriptum
3097 5809 3214 5845 esse
3267 5807 3294 5842 a
3344 5790 3685 5850 Mattha'o....
3735 5798 3825 5861 qui
3863 5793 3989 5846 illud
