4156 6314
220 369 327 431 769

1493 370 1665 428 Vl'l'A
1707 371 1763 432 S.
1813 370 2200 430 ΜΑΤῚἩΑΞΙ.

3362 368 3472 434 770

218 481 491 534 Hebraico
543 494 794 534 sermone
846 481 1214 549 conscriptum
1257 477 1458 533 ludatis
1522 480 1588 533 ad
1636 480 1797 533 ﬁdem
1832 489 1873 543 Α
1908 481 2111 537 fatetur
2139 497 2471 537 consensum
2492 481 2841 551 antiquorum
2873 480 2958 534 his
2986 479 3168 534 verbis
3197 495 3208 530 :
3243 498 3260 530 ι
3289 479 3475 549 Magna

220 572 501 626 conversis
529 573 843 641 publicavit.
895 591 915 624 ι

292 665 380 718 51.
427 665 485 717 S.
537 665 897 735 Hieronymus
933 666 984 719 in
1014 665 1267 732 Catalogo
1320 664 1648 733 scriptorum
1706 679 1797 719 ec-

222 758 655 811 clesiasticorum
693 759 758 812 de
790 770 980 813 sancto
1010 758 1261 812 Matthxo
1283 758 1353 810 ita
1375 760 1541 811 liabet
1568 775 1581 810 :
1612 777 1628 808 ι
1666 757 1794 810 Mat-

225 848 426 905 tliieus,
465 847 554 916 qui
581 857 631 901 et
666 847 814 909 Levi,
842 864 904 901 ex
940 849 1225 916 publicatio
1252 848 1550 915 apostolus,
1588 849 1794 917 primus

221 937 276 989 in
306 936 487 992 ludam
555 950 772 1009 propter
820 955 933 998 eos,
991 941 1083 1007 qui
1142 955 1206 992 ex
1254 939 1679 993 Circumcisioue
1722 939 1793 1007 (id

221 1041 330 1092 est,
376 1048 438 1085 ex
484 1032 706 1100 Iudaeis)
763 1032 1126 1089 crediderant.
1199 1032 1546 1098 Evangelium
1594 1028 1794 1084 Christi

223 1124 507 1177 Hebraicis
538 1126 734 1178 litteris
789 1124 1077 1192 verbisque
1132 1126 1455 1192 composuit.
1492 1123 1645 1187 Quod
1675 1125 1796 1191 quis

221 1226 406 1284 postea
436 1216 485 1267 in
528 1214 769 1269 Grmcum
835 1216 1187 1274 transtulerit.
1234 1229 1342 1268 non
1408 1214 1540 1267 satis
1587 1225 1793 1267 certam

220 1315 325 1358 est.
368 1308 531 1358 Porro
562 1307 734 1372 ipsum
789 1303 1108 1357 Hebraicuiii
1146 1305 1378 1357 habetur
1430 1321 1599 1374 usque
1633 1304 1795 1357 hodie

222 1392 278 1445 in
310 1394 628 1447 Caesariensi
664 1394 1008 1451 bibliotheca.
1032 1411 1191 1463 quam
1246 1394 1561 1462 Pamphilus
1594 1405 1796 1466 martyr

222 1484 631 1537 StudiosiSsime
679 1487 936 1539 coniecit.
996 1484 1124 1538 Mihi
1169 1501 1387 1555 quoque
1417 1501 1445 1539 a
1502 1485 1794 1549 Nazarmis,

220 1576 314 1644 qui
356 1576 407 1627 in
438 1574 622 1630 Beroea
662 1576 794 1629 urbe
828 1576 996 1645 Syria:
1053 1576 1154 1630 hoc
1220 1579 1494 1631 volumine
1547 1588 1794 1639 utuntur,

222 1668 570 1722 describenui
603 1668 830 1723 facultas
860 1672 978 1722 fuit.
1009 1670 1061 1721 lii
1097 1685 1204 1738 quo
1227 1670 1793 1736 animadvertendum,

222 1761 397 1828 quod,
434 1762 743 1828 ubicunque
773 1762 1128 1830 evangelista,
1175 1766 1288 1815 sive
1318 1778 1378 1813 ex
1413 1778 1640 1830 persona
1673 1779 1790 1826 sua,

1902 572 2247 641 antiquorum
2312 573 2553 626 omnium
2646 572 2977 639 conSpiratio
3038 579 3142 631 est,
3208 568 3477 625 Hebi'aico

1898 678 2155 718 sermone
2217 663 2570 733 Evangelium
2616 661 2849 719 Matthmi
2889 661 3057 715 luisse
3110 659 3408 727 vulgatum.
3453 677 3470 710 ι

1898 751 2032 807 Tum
2062 755 2245 807 subdit
2273 768 2285 810 :
2316 773 2334 805 ‹
2370 755 2499 819 Qua:
2521 756 2749 807 eruditis
2793 755 2929 806 bene
2966 751 3146 807 multis
3172 752 3474 804 etiamnum

1901 849 2148 901 arridens
2173 848 2419 909 traditio,
2449 863 2554 899 non
2599 847 2768 917 etquis
2804 862 2934 899 sane
2982 846 3206 902 auribus
3240 859 3269 896 a
3318 843 3472 896 nobis

1898 942 2137 995 auditur.
2181 958 2200 992 ι
2248 940 2471 994 Fatetur
2506 939 2667 1009 igitur
2706 936 3022 1006 Basnagius.
3057 951 3121 989 ne
3145 937 3315 1003 :r-quis
3351 936 3475 1003 qui-

1899 1036 2021 1087 dem
2068 1034 2288 1087 auribus
2319 1049 2346 1087 a
2386 1048 2446 1086 se
2471 1031 2669 1094 audiri,
2701 1031 2844 1099 quod
2874 1032 2969 1082 toti
2996 1028 3197 1097 placuit
3226 1026 3477 1095 antiqui-

1899 1124 2013 1177 tati.
2046 1125 2348 1177 Audiamus
2380 1142 2441 1176 ac
2471 1125 2537 1177 de
2574 1137 2629 1175 re
2653 1121 2920 1188 judicium
2962 1119 3190 1173 alterius
3256 1119 3478 1172 hetero-

1898 1216 2043 1273 doxi.
2081 1216 2330 1269 videlicet
2361 1215 2614 1271 Guilelmi
2644 1213 2788 1268 Cave
2826 1213 2878 1266 in
2915 1211 3152 1264 Historia
3187 1212 3475 1275 litteraria,

1900 1322 2024 1362 sam.
2056 1324 2095 1368 ι.
2126 1324 2244 1377 pag.
2272 1306 2323 1369 6,
2357 1308 2408 1360 in
2444 1307 2502 1361 S.
2529 1306 2781 1362 Matthico
2816 1321 2828 1356 :
2879 1322 2897 1354 ι
2948 1304 3007 1357 Et
3040 1303 3264 1370 quidem
3298 1303 3478 1356 Histo-

1899 1402 2033 1454 riam
2059 1416 2212 1454 suain
2240 1401 2613 1469 evangelicam
2643 1397 2910 1453 Hebraicc
2934 1397 3242 1465 scripsisse.
3272 1394 3474 1463 inquit.

1899 1492 2034 1546 niiro
2069 1505 2199 1545 sane
2233 1505 2505 1545 consensu
2542 1492 2759 1547 tradunt
2786 1498 3017 1551 veteres,
3046 1489 3182 1541 adeo
3218 1495 3275 1539 ut
3304 1490 3473 1541 totius

1899 1599 2038 1655 pene
2098 1583 2439 1652 antiquitatis
2490 1583 2808 1637 testimonio
2860 1580 3123 1649 refragari
3186 1579 3373 1633 hacin
3417 1595 3476 1633 ro

1898 1678 2051 1733 nefas
2088 1680 2177 1733 sit.
2217 1698 2234 1728 ι
2272 1682 2458 1749 Atego
2488 1691 2595 1730 non
2632 1677 2960 1744 expendani,
3014 1682 3231 1742 qiiantte
3283 1674 3356 1726 sit
3397 1682 3476 1726 te-

1901 1772 2168 1826 meritatis
2212 1787 2240 1825 a
2279 1780 2385 1824 tota
2453 1770 2777 1839 antiquitate
2836 1782 2989 1821 sacra
3036 1767 3311 1828 recedere,
3347 1779 3473 1818 cum

222 1854 340 1906 sive
379 1868 442 1905 ex
490 1868 716 1920 persona
759 1852 969 1904 Domitii
1022 1851 1341 1917 Salvatoris,
1392 1856 1586 1907 veteris
1649 1853 1794 1908 Scri-
1831 1843 1868 1897 Β
1902 1864 2145 1917 noveiim
2199 1865 2561 1919 heterodoxos
2617 1863 2668 1915 id
2715 1863 2892 1916 facere
2947 1860 3138 1915 solitos
3200 1860 3252 1912 in
3311 1859 3477 1913 rebus

222 1952 397 2011 ptui-az
439 1941 765 1995 testimoniis
820 1945 1084 2009 abutitur,
1114 1959 1221 1997 non
1264 1955 1524 2012 sequatur
1568 1942 1797 2012 Septua-

220 2037 368 2104 ginta
404 2038 780 2090 translatorum
806 2040 1196 2101 auctoritatem,
1251 2039 1344 2091 sed
1384 2039 1720 2091 Hebraicam.
1756 2037 1796 2089 E

220 2131 525 2199 quibusilla
545 2143 671 2182 sunt
699 2145 711 2182 :
735 2149 750 2178 ι
779 2129 853 2183 Ex
880 2130 1112 2203 A‘Zgypto
1133 2134 1317 2185 vocavi
1339 2131 1533 2185 Filium
1558 2146 1792 2187 meum.)

222 2222 292 2278 Et
329 2242 341 2276 :
372 2242 389 2274 ι
428 2224 695 2288 Quoniam
732 2222 1019 2281 Nazaraeus
1056 2228 1358 2281 vocabitur.
1403 2245 1420 2278 ι
1468 2227 1799 2298 Clirysosto-

223 2332 370 2379 mus,
407 2319 552 2369 hom.
583 2334 619 2377 i,
649 2318 701 2369 in
730 2317 1042 2371 Matthreum
1094 2321 1161 2373 de
1191 2322 1380 2373 iisdem
1420 2320 1530 2374 haec
1564 2321 1794 2375 scribit:

230 2428 248 2460 ‹
296 2408 555 2460 Narratur
620 2422 802 2477 porro,
846 2408 1184 2471 Matrliceum.
1256 2412 1650 2467 accedentibus
1709 2429 1799 2467 ro-

220 2501 589 2571 gantibusque
622 2498 956 2569 Judaeis,qui
989 2503 1355 2562 crediderant,
1388 2518 1448 2554 ea
1467 2517 1585 2570 qua:
1621 2503 1798 2556 verbis

222 2593 546 2660 protulerat,
583 2591 780 2645 litteris
812 2591 1085 2661 descripta
1138 2593 1327 2645 iisdem
1375 2592 1680 2660 reliquisse,
1743 2601 1796 2645 et

223 2683 493 2737 Hebraice
546 2683 904 2753 Evangeliuin
959 2686 1267 2753 scripsisse.
1320 2685 1489 2749 Idem,
1544 2688 1690 2739 hom.
1742 2684 1796 2748 4,

227 2775 490 2841 advertit,
534 2778 768 2845 primum
821 2793 883 2830 ex
938 2779 1287 2847 evangelistis
1339 2779 1625 2846 scripsisse
1662 2775 1798 2832 Mat-

226 2868 447 2922 thmum.
520 2866 752 2921 Sanctus
808 2870 1166 2938 Augustinus,
1210 2868 1362 2922 lib.i
1420 2869 1493 2920 De
1548 2885 1799 2921 consensu

220 2963 691 3033 evangelistarum,
722 2977 840 3030 cap.
866 2964 920 3023 ‘2,
954 2964 1167 3015 caeteris
1190 2962 1468 3015 consentit
1496 2962 1565 3015 de
1594 2963 1798 3031 scripto

222 3056 459 3122 primum
496 3067 525 3104 a
568 3052 820 3105 Matthaio
852 3052 1169 3123 Evangelio,
1201 3061 1254 3105 ct
1286 3060 1349 3105 de
1392 3069 1796 3119 sermone,quo

1902 1957 2073 2009 multo
2108 1956 2482 2025 gravioribus;
2520 1955 2613 2008 sed
2644 1953 2818 2009 solum
2854 1953 3197 2013 examinabo,
3228 1967 3296 2004 an
3329 1953 3477 2020 ejus-

1898 2047 2041 2099 modi
2076 2046 2190 2099 sint
2229 2047 2469 2100 rationes
2497 2042 2765 2114 Basnagii.
2802 2051 2859 2096 ut
2894 2055 3033 2100 nata:
3065 2044 3175 2096 sint
3230 2043 3476 2111 prudens

1900 2138 2151 2208 ingerere
2185 2138 2408 2192 dubium
2475 2138 2654 2192 :alios
2710 2152 2859 2199 vero,
2911 2136 3003 2205 qui
3042 2145 3167 2188 ante
3210 2145 3303 2187 aut
3353 2140 3477 2204 post

1903 2230 2226 2299 Basnagium
2271 2232 2431 2286 simili
2476 2233 2637 2285 modo
2700 2231 2983 2299 antiquam
3028 2238 3341 2285 sanctorum
3376 2226 3478 2280 Pa-

1902 2334 2043 2381 trum
2101 2324 2426 2377 sentcntiani
2484 2324 2813 2389 rejccerunt,
2874 2335 3099 2389 prorsus
3174 2319 3475 2386 relinquam

1902 2416 2182 2476 indictos.
2229 2429 2298 2467 ne
2360 2412 2658 2482 disputatio
2709 2412 2799 2464 ﬁat
2859 2410 3116 2480 prolixior
3194 2426 3353 2477 quam
3406 2414 3479 2463 sit

1900 2520 2156 2568 necesse,
2200 2514 2254 2559 et
2283 2509 2408 2573 quia
2465 2506 2705 2559 omnium
2757 2517 2923 2573 opera
2970 2503 3033 2557 ad
3093 2517 3312 2561 manum
3366 2517 3477 2558 non

1902 2595 2098 2648 habeo.

1971 2712 2059 2766 '53.
2092 2710 2290 2781 Accipe
2315 2709 2501 2780 igitur.
2554 2709 2746 2774 lector,
2784 2709 3124 2773 obiectiones
3165 2710 3410 2781 Basnagii
3457 2727 3473 2765 :

1904 2803 2065 2863 Fons.
2108 2806 2301 2875 inquit,
2345 2804 2654 2859 traditionis
2712 2803 2875 2873 hujus
2925 2803 3142 2873 Papias,
3192 2805 3477 2873 perlenuis

1904 2897 2102 2967 ingenii
2166 2898 2533 2965 ci'edulusque
2598 2896 2922 2964 scriptor....
2992 2895 3168 2949 Tenet
3214 2904 3268 2948 ct
3336 2898 3476 2952 fama

1901 2987 2221 3041 Pantenum
2266 2989 2318 3040 in
2349 2988 2498 3041 India
2534 2986 2886 3056 Evangeliuiii
2916 2987 3145 3041 Mattliari
3183 2987 3474 3056 reperisse,

1904 3082 2048 3151 quod
2083 3079 2515 3134 Bartholoiiizus
2549 3077 2830 3132 Hebraicis
2858 3077 3056 3131 litteris
3097 3078 3474 3145 conscriptum

221 3147 358 3199 illud
394 3145 741 3215 conscripsit,
785 3147 900 3200 ait:
933 3165 949 3198 ι
989 3145 1187 3200 Horum
1217 3163 1347 3200 sane
1386 3158 1621 3216 quatuor
1647 3152 1796 3202 soliis

1907 3145 2225 3241 reliquerat.
2260 3174 2405 3241 quod
2440 3170 2506 3225 ad
2572 3173 2825 3240 przeilicta
2861 3183 3030 3238 usque
3088 3178 3325 3236 tempora
3358 3185 3476 3221 ser-

222 3236 512 3291 Mattltwus
567 3237 791 3293 Hebraio
837 3242 1123 3308 scripsisse
1156 3237 1470 3308 perhibetur
1495 3242 1731 3307 eloquio.
1771 3259 1790 3290 ι

224 3325 405 3382 Missis
438 3331 578 3391 aliis,
609 3333 696 3401 qui
728 3331 868 3383 idem
901 3334 1169 3383 atlirmant
1213 3373 1224 3386 .
1257 3332 1428 3383 solum
1471 3334 1610 3385 addo
1642 3333 1798 3385 verba

225 3415 286 3469 S.
326 3415 613 3485 Epiphanii
666 3420 872 3471 HiL‘I'CS.
931 3419 1019 3483 5|,
1072 3436 1191 3488 cap.
1236 3421 1289 3483 5,
1352 3424 1422 3475 ita
1464 3423 1795 3477 scribentis:

230 3526 251 3560 ι
297 3509 577 3563 Matthaeus
609 3510 767 3581 igitur
804 3514 1006 3578 primus
1044 3508 1314 3584 Evangelii
1366 3516 1641 3569 scribendi
1667 3532 1796 3584 pro-

228 3600 467 3655 vinciam
520 3612 712 3655 nactus
774 3615 877 3665 est,
932 3613 990 3657 ιιι
1041 3607 1320 3669 diximus;
1366 3607 1526 3671 idque
1594 3608 1639 3657 ei
1678 3621 1799 3673 iure

224 3696 429 3749 merito
479 3697 727 3762 contigit.
766 3694 1067 3761 Oportebat
1095 3698 1261 3759 enim,
1305 3709 1427 3748 eum
1472 3700 1670 3767 ipsum,
1706 3697 1796 3766 qui

224 3788 295 3839 ad
328 3784 731 3838 conciliandam
770 3786 1010 3841 humano
1062 3801 1247 3856 generi
1298 3790 1526 3843 salutem
1567 3792 1800 3843 advene-

226 3886 336 3942 rat,
368 3878 569 3946 quique
599 3881 667 3931 ita
699 3880 951 3933 dixerat:
993 3899 1010 3930 ι
1059 3878 1176 3934 Non
1223 3888 1343 3935 veni
1387 3887 1795 3950 vocarejusuis,

223 3970 326 4022 sed
360 3978 674 4038 peccatores
701 3970 767 4021 ad
821 3972 1235 4037 puemtentiain:
1277 3991 1294 4022 i
1327 3973 1392 4024 ad
1444 3988 1661 4037 eorum,
1704 3974 1797 4041 qui

224 4062 483 4115 servandi
522 4070 681 4112 erant
715 4064 1046 4130 exemplum,
1113 4066 1160 4117 ei
1197 4064 1400 4117 homini
1458 4067 1797 4135 potissimum

223 4156 591 4225 praedicanda:
634 4156 828 4209 salutis
854 4172 1054 4211 munus
1087 4160 1391 4227 iniungere,
1422 4162 1513 4227 qui
1546 4158 1799 4212 abinnuo

224 4249 395 4302 tueris
420 4248 653 4321 peccatis
678 4259 994 4310 conversus,
1026 4264 1079 4304 et
1106 4267 1135 4303 a
1176 4253 1378 4304 telonio
1401 4256 1670 4305 suscitans
1684 4252 1807 4305 lue-

223 4349 339 4405 rat,
370 4354 431 4393 ac
454 4355 511 4393 se
542 4346 608 4392 ab
644 4344 792 4395 omni
825 4342 1033 4396 scelere
1063 4352 1116 4395 et
1169 4344 1432 4410 iniustitia
1485 4350 1799 4411 revocarat;

225 4441 292 4487 ut
326 4434 394 4486 ab
433 4432 546 4495 illo,
573 4444 774 4499 quanta
798 4436 897 4485 sibi
931 4445 1076 4488 esset
1101 4436 1337 4488 adventu
1374 4434 1573 4488 Christi
1609 4428 1801 4489 huma-

1903 3269 2080 3316 vatuni
2132 3278 2252 3317 esse
2300 3273 2654 3316 memoratur.
2701 3262 3003 3329 Pigmentis
3047 3259 3279 3313 Eusebio
3324 3259 3476 3313 inco-

1902 3354 2430 3428 gnitistraditionem
2469 3356 2622 3407 istam
2657 3354 2987 3424 Hieronymo
3015 3353 3212 3404 armari
3233 3353 3470 3421 placuit:

1904 3447 2212 3502 Pantaenus.
2248 3446 2445 3514 inquit,
2495 3444 2727 3498 Matthxi
2774 3441 3155 3512 Evangelium.
3190 3441 3475 3498 Hebraicis

1904 3542 2099 3592 litteris
2127 3538 2413 3606 scriptum,
2448 3545 2731 3590 revertens
2748 3535 3130 3588 Alexandriam
3169 3549 3352 3588 secum
3382 3549 3472 3588 reo

1904 3632 2043 3683 tulit.
2100 3628 2220 3682 Haec
2262 3629 2559 3697 Basnagius
2605 3643 2702 3696 pro
2751 3643 2848 3679 sua
2899 3628 2951 3679 in
3006 3637 3227 3681 sanctos
3287 3626 3481 3680 Patres

1906 3722 2230 3782 reverentia,
2296 3734 2365 3773 ne
2405 3720 2605 3782 dicam,
2638 3720 2799 3772 stulta
2837 3718 3191 3771 conﬁdentia.
3271 3720 3472 3774 Omnes

1903 3813 2088 3866 Patres
2121 3814 2173 3865 in
2217 3827 2460 3866 errorem
2494 3820 2852 3875 pertrectatos
2879 3827 2908 3863 a
2943 3807 3107 3879 Papia
3135 3810 3335 3873 innuit,
3366 3810 3465 3861 Pa-

1903 3906 2157 3981 piamque
2188 3905 2471 3973 pertenuis
2498 3904 2700 3971 ingenii
2737 3906 3059 3971 scriptorem
3106 3904 3255 3967 dicit,
3304 3915 3357 3955 ut
3385 3906 3467 3955 in-

1900 3998 2101 4060 sinuet,
2136 3997 2309 4065 ipsum
2338 4009 2553 4064 quoque
2576 3993 2733 4047 facile
2761 3994 2892 4046 eain
2925 4008 2980 4045 re
3004 4007 3186 4046 errare
3206 3992 3466 4061 potuisse.

1899 4088 1967 4139 At
2019 4088 2229 4155 Papias,
2270 4089 2358 4154 qui
2414 4101 2538 4138 cum
2580 4085 2857 4153 discipulis
2896 4085 3264 4151 apostolorum
3315 4086 3469 4149 vixit,

1900 4182 1967 4234 ab
1995 4182 2168 4252 iisque
2223 4187 2411 4247 petere
2476 4179 2683 4230 solebat
2721 4177 2849 4244 quid
2901 4180 3166 4238 Andreas,
3200 4175 3326 4242 quid
3367 4174 3471 4229 Pe.

1904 4286 2041 4335 tros,
2075 4274 2205 4344 quid
2246 4272 2554 4341 Philippus,
2586 4271 2717 4339 quid
2757 4266 3017 4331 Thomas,
3059 4269 3191 4339 quid
3213 4269 3468 4334 Jacobus,

1900 4366 2031 4436 quid
2061 4366 2325 4426 Joannes,
2364 4364 2493 4434 quid
2528 4361 2839 4427 Matthwus,
2879 4362 3006 4433 quid
3038 4362 3216 4417 caeteri
3258 4357 3467 4415 Domini

1902 4458 2157 4527 discipuli
2210 4459 2394 4511 dicere
2451 4457 2722 4518 solebant,
2767 4465 2825 4508 ut
2880 4456 2992 4523 ipse
3030 4455 3272 4521 loquitur
3324 4452 3468 4522 apud

227 4528 378 4581 nitas
409 4523 627 4588 collata,
654 4526 911 4579 mortales
953 4527 1301 4580 discerent...
1335 4525 1435 4581 Hic
1474 4529 1634 4598 igitur
1660 4528 1796 4582 Mat-
1831 4515 1874 4570 Ι)
1908 4515 2201 4605 Euseb-mm
2232 4549 2327 4603 ιη),
2363 4565 2441 4611 In,
2472 4563 2592 4618 cap.
2749 4515 2940 4600 εδιιείη
2966 4515 3472 4600 saris-habebat}..-

232 4622 415 4673 Iliacus
442 4615 705 4673 Hebraica
737 4619 918 4689 lingua
948 4620 1170 4691 scripsit
1192 4634 1254 4674 ac
1291 4621 1608 4690 praedicavit
1632 4622 1802 4677 Evan-

228 4711 462 4782 gelium,
506 4729 525 4763 ι
549 4720 655 4765 etc;

309 4801 397 4854 δί.
445 4801 517 4855 De
538 4806 741 4871 scripto
780 4817 876 4872 per
908 4799 1220 4857 Matthzum
1256 4802 1572 4872 Evangelio,
1604 4812 1657 4857 et
1679 4803 1801 4873 qui-

226 4896 357 4950 dem
415 4904 702 4962 antequam
745 4896 835 4948 alii
886 4899 1223 4964 evangelista)
1294 4899 1611 4962 scriberent,
1669 4916 1800 4952 con-

227 4996 523 5043 senserunt
550 4989 950 5056 posterioribus
981 4989 1175 5041 saltem
1222 4990 1440 5042 sarculis
1477 4994 1554 5042 ita
1587 5005 1800 5055 omnes,

234 5090 299 5133 ut
345 5094 570 5134 necesse
625 5094 733 5133 non
777 5085 847 5133 sit
890 5082 1041 5148 plura
1080 5085 1145 5135 de
1206 5083 1271 5135 iis
1316 5085 1516 5136 dicere.
1579 5081 1797 5140 Verum.

226 5187 654 5243 quantacunque
716 5178 872 5228 etiam
920 5177 990 5227 sit
1040 5179 1332 5229 auctoritas
1406 5188 1461 5229 et
1508 5175 1802 5245 antiquitas

227 5262 454 5317 Patrum
492 5263 971 5325 consentientium,
1017 5267 1278 5334 scriptum
1327 5266 1495 5320 fuisse
1547 5281 1801 5319 sermone

229 5356 532 5420 Hebraico,
598 5357 820 5409 luerunt
852 5358 1170 5410 heterodoxi
1210 5360 1479 5423 nonnulli,
1516 5360 1608 5427 qui
1655 5361 1799 5411 illam

224 5449 373 5503 adeo
414 5463 757 5502 communem
821 5449 1045 5503 Patrum
1102 5453 1429 5504 sententiain
1487 5465 1801 5521 oppugnare

228 5558 344 5599 non
382 5543 718 5606 dubitarunt,
780 5556 830 5594 et
870 5546 1181 5597 existimare
1231 5546 1557 5609 maluerunt,
1615 5544 1799 5600 Griece

224 5636 415 5710 potius
453 5636 717 5702 scriptum
748 5635 913 5689 fuisse
966 5638 1313 5707 Evangeliuin
1341 5657 1369 5693 a
1394 5640 1669 5693 Mattiaco.
1719 5642 1802 5693 ln-

222 5736 313 5786 ter
350 5733 446 5783 hos
493 5740 576 5780 est
616 5730 836 5784 Samuel
898 5731 1216 5803 Basiiagius,
1267 5734 1359 5804 qui
1397 5737 1447 5786 in
1505 5736 1798 5786 Annalibus

218 5823 835 5901 partire-ecclesias:icio
866 5828 928 5883 ad
952 5842 1149 5879 anitum
1190 5828 1396 5881 Domini
1420 5828 1487 5882 6t
1516 5870 1529 5896 ,
1557 5844 1703 5884 num.
1732 5831 1797 5884 15

1905 4641 2049 4712 genii
2092 4641 2156 4694 ad
2194 4640 2665 4709 interrogandum,
2696 4654 2806 4709 quo
2831 4652 3083 4692 sermone
3114 4636 3471 4707 Evaiigclium

1905 4749 2065 4789 suum
2110 4732 2424 4802 scripsisset
2452 4729 2758 4795 Matthaeus,
2803 4740 2858 4785 et
2890 4730 3024 4785 satis
3066 4732 3221 4785 bona:
3262 4730 3384 4784 ﬁdei
3418 4741 3474 4784 et

1901 4826 2176 4896 judiciiad
2214 4822 2345 4879 illud
2377 4824 2763 4888 enarrandum,
2810 4824 2952 4878 sicut
2989 4825 3059 4877 ab
3097 4824 3470 4892 apostolorum

1904 4918 2184 4987 discipulis
2227 4932 2333 4969 non
2370 4932 2513 4977 raro,
2541 4926 2596 4969 et
2648 4916 2877 4970 subinde
2898 4917 3061 4968 etiam
3102 4930 3225 4968 cuin
3254 4914 3469 4972 ﬁliabus

1903 5008 2141 5079 Philippi
2183 5018 2563 5074 conversatus,
2592 5022 2927 5076 cognoscere
2959 5017 3164 5076 posset,
3204 5022 3313 5076 quo
3349 5022 3467 5060 ser-

1904 5116 2066 5154 mone
2096 5102 2147 5152 in
2183 5098 2473 5157 scribendo
2509 5113 2639 5151 usus
2685 5098 2874 5153 luisset
2920 5098 2977 5163 S,
3028 5098 3334 5159 Mattheus,
3368 5100 3471 5151 Ho-

1902 5190 2159 5247 braicone
2217 5204 2282 5242 an
2334 5188 2540 5251 Graeco,
2583 5207 2689 5259 quo
2748 5189 2941 5259 Papias
2999 5189 3116 5259 ipse
3194 5192 3466 5256 utebatur,

1904 5285 2074 5337 multo
2124 5283 2387 5335 tenuioris
2433 5283 2622 5352 judicii
2699 5287 2900 5337 merito
2958 5283 3247 5341 videbitur,
3305 5300 3467 5353 quant

1904 5375 2107 5447 ingenii
2141 5374 2304 5429 fuerit
2336 5374 2544 5443 Papias.
2596 5374 2938 5446 Quapmpter
2962 5380 3258 5431 auctoritas
3288 5376 3466 5446 Papia:

1903 5484 2241 5536 nequaquam
2301 5470 2699 5522 eontemncnda
2751 5478 2831 5522 est
2906 5469 2959 5523 in
3017 5486 3074 5523 re
3145 5478 3251 5522 tam
3295 5469 3469 5524 laedis

1901 5564 2250 5633 c0gnitionis,
2291 5563 2386 5616 sed
2446 5564 2626 5633 potius
2696 5564 2911 5617 maximi
2965 5564 3209 5619 facienda
3246 5569 3317 5619 ob
3369 5567 3466 5621 viri

1902 5659 2306 5725 antiquitatem,
2364 5660 2663 5727 praiserrim
2727 5674 2846 5711 cuin
2898 5657 3073 5731 eidem
3109 5661 3286 5712 nullus
3340 5674 3472 5713 con-

1904 5748 2188 5800 tradixei-it
2233 5763 2243 5797 :
2281 5763 2457 5817 neque
2527 5751 2672 5801 enim
2746 5748 2975 5801 deerant
3016 5752 3104 5803 alii
3171 5752 3466 5818 scriptores

1904 5837 2286 5906 ecclesiastici,
2313 5841 2402 5908 qui
2442 5840 2815 5896 moti-adicere
2855 5853 3123 5909 poterant,
3176 5846 3219 5898 si
3271 5845 3465 5897 falsum
