4156 6314
756 346 855 411 ’ΠΙ

2001 348 2282 408 MENSIS
2319 351 2789 414 SEPTEMBER.

3924 370 4024 431 772

757 465 1005 521 dixisset.
1058 462 1153 518 Vel
1190 463 1270 518 sic
1328 472 1508 518 tamen
1554 461 1866 517 existimare
1903 478 2009 515 non
2046 463 2329 528 debemus,
2364 474 2402 528 Α
2437 476 2557 535 ptos
2592 468 2760 522 fuisse
2794 468 3003 533 Patres,
3039 472 3204 544 idque
3226 475 3293 530 ab
3324 477 3430 532 illis
3464 490 3750 549 sumptum
3789 496 3893 548 pro
3934 500 4023 536 au-

759 572 827 611 ex
863 558 977 610 solo
1016 555 1197 626 Papiae
1241 558 1557 611 testimonio
1623 554 1942 625 proﬂuxisse
1979 556 2164 609 omnia
2211 572 2333 624 qua:

756 647 821 701 de
858 646 1125 702 Hebrairo
1151 647 1388 701 Matthwi
1424 645 1714 717 Evangelia
1736 644 1923 699 Patres
1960 646 2329 711 tradiderunt,

757 749 818 793 ut
842 740 982 793 infra
1023 741 1333 794 ostendam.

830 832 920 886 54.
974 833 1042 885 At
1080 832 1232 901 prius
1287 830 1576 887 elucidabo
1622 843 2028 901 argumentum,
2071 831 2215 901 quod
2267 846 2331 885 ex

759 924 980 979 invento
1030 940 1129 992 per
1159 922 1474 978 Paula-num
1508 921 1802 994 Evangelio
1837 924 2082 977 habetur.
2126 923 2334 978 Floruit

758 1017 1052 1070 Pantwnus
1121 1014 1319 1082 insigni
1396 1016 1722 1069 eruditionis
1793 1014 1954 1075 fama,
2027 1025 2080 1067 et
2133 1015 2334 1068 scholae

757 1107 1137 1161 Alexandrinae
1184 1104 1399 1175 praefuit
1447 1108 1669 1160 ineunte
1718 1107 1916 1160 saeculo
1958 1122 2040 1162 Ill.
2075 1107 2232 1158 Hunc
2265 1108 2331 1160 ad

757 1202 920 1255 lndos
968 1201 1272 1269 profectum
1310 1201 1385 1253 ait
1448 1194 1743 1260 Eusebius,
1802 1200 1895 1254 lib.
1956 1215 2008 1257 ν.
2066 1214 2189 1268 cap.
2242 1198 2330 1264 10,

759 1290 942 1359 ibique
972 1290 1249 1343 invenisse
1282 1290 1536 1343 relictum
1570 1306 1597 1341 a
1652 1290 1710 1345 S.
1768 1291 2168 1346 Bartholomwo
2198 1308 2330 1361 apo-

760 1382 902 1435 stolo
939 1399 956 1432 t
1016 1379 1253 1435 Matthxi
1311 1380 1680 1451 Evarigelium,
1753 1381 2039 1437 Hebraicis
2088 1383 2332 1438 conscri-

756 1482 909 1541 ptum
966 1472 1185 1526 litteris.
1229 1492 1246 1524 ι
1286 1474 1352 1526 At
1391 1488 1498 1526 non
1563 1475 1731 1538 addit,
1780 1476 1923 1529 istud
1991 1478 2333 1531 a.redeunte

754 1564 1012 1617 Panta-no
1052 1563 1436 1618 Alexandriam
1472 1575 1768 1634 portatum,
1807 1569 1903 1620 sed
1933 1567 2108 1621 solum
2141 1569 2275 1622 dicit
2318 1584 2348 1621 :-

763 1673 782 1704 ›
820 1654 973 1720 Quod
1009 1656 1229 1724 quidem
1255 1656 1321 1709 ad
1356 1658 1610 1725 prsediua
1653 1672 1824 1728 usque
1872 1669 2111 1730 tempora
2148 1675 2335 1714 serva-

757 1758 869 1802 tum
896 1764 1017 1802 esse
1056 1759 1411 1813 memoratur,
1449 1769 1465 1800 »
1506 1752 1558 1804 id
1595 1761 1700 1811 est,
1736 1767 1909 1819 usque
1966 1754 2033 1809 ad
2082 1763 2328 1821 tempora

2438 558 2682 614 thentico
2722 561 2980 619 Matthrei.
3048 564 3214 621 Sexto
3270 570 3488 624 demum
3521 573 3599 626 ait
3634 574 3881 628 Matthaei
3928 592 4020 629 au-

2436 650 2758 717 tograplium
2796 653 3213 722 diligentissime
3266 657 3435 713 fuisse
3490 664 3923 718 custodiendum
3963 668 4023 720 ab

2435 740 2679 795 Ecclesia
2714 742 3226 816 Hierosolymitana,
3261 751 3304 804 si
3341 752 3391 804 in
3425 756 3654 822 gratiam
3702 756 4018 812 Judaeorum

2440 833 2710 889 Heliraice
2752 837 3065 907 scripsisset
3096 840 3382 896 Matthaeus
3409 862 3423 906 ;
3454 861 3563 898 non
3619 848 3794 902 fuisse
3841 862 4019 903 autem

2438 940 2847 993 conservatum,
2884 932 2988 985 nisi
3029 932 3380 1005 Evangelium
3416 938 3835 1000 Nazai-zeorum.
3890 943 4019 996 hoc-

2436 1035 2540 1089 que
2565 1023 2875 1091 suspicatur
2900 1025 3064 1079 fuisse
3101 1042 3209 1080 non
3239 1028 3339 1082 nisi
3387 1031 3668 1100 antiquam
3708 1034 4019 1088 versionem

2436 1126 2501 1165 ex
2525 1122 2675 1167 textu
2723 1114 2911 1169 Graeco
2949 1116 3184 1172 Mattlizei
3211 1120 3431 1174 factam.
3464 1122 3556 1176 Hae
3586 1136 3717 1177 sunt
3775 1130 4020 1182 rationes

2435 1216 2529 1258 aut
2564 1207 2981 1276 imaginationes
3006 1209 3275 1282 Basnagii,
3302 1215 3392 1283 qui
3441 1231 3550 1268 non
3582 1218 3807 1271 dubitat
3832 1218 4020 1274 Patres

2439 1295 2755 1366 frequenter
2786 1303 2993 1356 erroris
3029 1320 3282 1373 arguere,
3307 1318 3364 1360 ut
3403 1310 3633 1363 somniis
3673 1313 3794 1364 suis
3826 1314 4021 1378 proba-

2440 1389 2710 1444 bilitatem
2749 1393 2986 1463 aliquam
3021 1399 3295 1453 conciliet.
3358 1403 3543 1471 Itaque
3595 1404 3913 1468 videamus,
3956 1423 4017 1459 an

2440 1490 2649 1536 tantum
2712 1484 2877 1539 fuerit
2950 1488 3195 1560 Basnagii
3256 1508 3507 1560 acumen,
3580 1506 3636 1549 nt
3682 1500 3803 1567 ipse
3853 1499 4018 1552 multa

2436 1581 2749 1647 perspicere
2781 1582 3042 1650 potuerit,
3073 1600 3195 1653 qua
3225 1585 3555 1641 doctissimis
3592 1589 3873 1655 Patribus,
3906 1592 4019 1647 loco

2437 1680 2491 1723 et
2525 1681 2768 1740 tempore
2800 1673 2963 1727 rebus
2992 1676 3285 1746 disputatis
3317 1678 3475 1749 longe
3506 1683 4018 1751 pr0pinquiorihus,

2441 1762 2497 1816 in
2523 1772 2760 1817 mentem
2791 1778 2898 1817 non
2930 1779 3242 1835 venerunt;
3276 1781 3330 1823 et
3352 1772 3417 1824 ad
3463 1786 3793 1842 argumenta
3830 1776 4019 1845 ipsius,

3228 1825 3241 1835 .
3527 1825 3556 1842 υ
3606 1825 3613 1827 ς
3676 1825 3707 1828 η
3832 1825 4019 1845 τμη-.

753 1842 1018 1894 Pantmni.
1069 1840 1123 1893 ὃ.
1176 1841 1539 1910 Hieronymus
1583 1844 1633 1894 in
1674 1844 1932 1914 Catalogo
1973 1845 2332 1915 scriptorum,
2369 1825 2409 1877 Β
2441 1872 2562 1924 quin
2594 1857 2876 1911 brevitatis
2901 1875 3062 1914 causa
3107 1865 3421 1919 summatim
3469 1878 3680 1921 tantum
3733 1874 4021 1940 proposui,

758 1944 878 1998 cap.
924 1929 1013 1994 '56,
1061 1930 1371 2000 plusculum
1441 1932 1697 1998 asseruit,
1750 1935 1967 2001 quando
2011 1937 2231 2006 scripsit
2269 1938 2334 1991 de

754 2024 1019 2077 Parmeno
1049 2064 1064 2087 ,
1103 2041 1121 2073 ι
1158 2024 1312 2089 Quod
1362 2025 1647 2082 Hebraicis
1691 2030 1886 2083 litteris
1919 2032 2206 2099 scriptum,
2248 2049 2336 2085 re-

756 2124 975 2165 vertens
1022 2112 1432 2179 Alexandriam,
1470 2131 1655 2171 secum
1698 2118 1911 2171 detulit.
1964 2138 1983 2170 ι
2033 2118 2157 2174 Haec
2211 2120 2336 2177 Hie-

757 2207 967 2276 ronymi
1012 2206 1284 2275 pigmenta
1335 2208 1573 2263 Eusebio
1606 2210 1877 2281 incognita
1932 2222 2089 2266 vocat
2149 2215 2336 2269 mode-

753 2300 1028 2353 stissimus
1046 2300 1362 2370 Basnagius.
1389 2302 1459 2355 At
1485 2318 1584 2372 ego
1614 2319 1724 2357 non
1774 2306 1932 2359 video
1963 2321 2061 2360 cur
2093 2308 2335 2376 pluscula

752 2392 822 2446 de
863 2392 946 2447 bis
977 2407 1308 2463 cognoscere
1337 2408 1444 2448 non
1478 2398 1720 2463 potuerit
1761 2395 2145 2468 Hieronymus,
2168 2417 2331 2470 quam

752 2484 955 2553 scripta
984 2494 1141 2538 erant
1169 2485 1236 2538 ab
1277 2484 1535 2541 Eusebio.
1590 2487 1749 2541 Certe
1800 2490 2090 2545 admodum
2148 2493 2336 2545 verisi-

755 2577 883 2631 mile
920 2586 1025 2641 est,
1060 2586 1166 2632 nan
1203 2578 1457 2632 relictum
1490 2579 1543 2633 in
1578 2580 1727 2635 India
1780 2598 1807 2635 a
1850 2582 2106 2637 Paula-no
2158 2582 2335 2639 Evan-

753 2670 957 2740 gelium
1027 2669 1379 2737 Hebraicum,
1446 2674 1539 2726 sed
1597 2674 1985 2729 Alexandriam
2047 2677 2331 2740 delatum;

753 2754 920 2826 idque
974 2758 1055 2810 vel
1121 2774 1188 2812 ex
1238 2760 1668 2814 Commentariis
1716 2760 1959 2816 Pantami
2002 2764 2195 2833 ipsius,
2250 2770 2333 2821 vel

754 2849 973 2903 aliunde
1010 2851 1266 2905 didicisse
1302 2852 1713 2923 Hieronymum.
1756 2853 2127 2926 Undeeunque
2150 2867 2330 2913 autem

753 2940 806 2994 id
844 2951 1067 2996 sanctus
1123 2946 1316 2999 doctor
1345 2946 1699 3011 intellexerit,
1729 2957 1895 3003 tantm
1950 2948 2054 3004 fuit
2107 2951 2333 3022 integri-

755 3036 906 3097 tatis,
947 3045 1004 3087 ut
1068 3036 1269 3091 dicenti
1328 3038 1488 3091 (idem
1535 3039 1737 3092 habere
1798 3050 2065 3107 oporteat,
2130 3052 2331 3097 etnon

756 3126 859 3180 nisi
892 3143 985 3196 per
1006 3144 1274 3182 summam
1317 3129 1714 3199 impudentiam
1737 3129 1923 3186 dicere
1947 3133 2240 3203 possimus,
2263 3135 2331 3188 ab

757 3218 1088 3289 Hieronymo
1120 3220 1173 3274 id
1207 3220 1376 3276 fuisse
1417 3222 1735 3277 conﬁt-tuin.
1764 3222 1883 3279 Jam
1927 3241 2056 3280 vero
2120 3227 2162 3280 si
2196 3226 2335 3280 Pau-

758 3320 941 3365 tacnus
991 3314 1043 3366 in
1083 3312 1235 3368 India
1287 3315 1562 3369 invenerit
1601 3335 1619 3366 ‹
1660 3315 2014 3386 Evangelium
2073 3318 2332 3381 Mattliwi,

756 3403 1044 3459 Hebraicis
1066 3405 1265 3460 litteris
1288 3406 1609 3477 scriptum,»
1643 3409 1696 3460 in
1724 3409 1831 3462 hoc
1856 3405 2122 3462 Eusebius
2145 3411 2335 3464 Hiero-

755 3512 1060 3566 nymusque
1100 3498 1485 3563 consentiunt;
1544 3498 1724 3553 fuerat
1775 3498 1941 3569 igitur
1993 3499 2256 3556 Hebraice
2305 3517 2333 3554 a

758 3588 1016 3643 Mattlmao
1045 3589 1336 3660 scriptum,
1396 3600 1456 3645 ut
1500 3592 1780 3647 communi
1831 3608 2105 3649 consensu
2147 3594 2333 3648 Patres

759 3681 1050 3736 afﬁrmant.

829 3776 919 3827 35.
962 3796 979 3827 ι
1016 3774 1202 3829 Multis
1241 3790 1375 3831 vero
1407 3775 1473 3830 de
1522 3777 1724 3842 causis,
1763 3777 1978 3848 reponit
2012 3778 2332 3850 Basnagius,

757 3876 1006 3921 veterum
1042 3882 1105 3921 ea
1141 3867 1362 3922 traditio
1389 3866 1549 3923 fidem
1587 3886 1615 3924 a
1641 3870 1801 3925 nobis
1857 3887 1968 3926 non
1993 3872 2267 3942 impetrat.
2306 3891 2325 3923 ι

756 3956 963 4012 Causas
1023 3959 1188 4028 igitur
1243 3961 1641 4015 examinemus.
1681 3983 1697 4014 ι
1766 3964 2007 4018 Primum
2067 3968 2333 4029 omnium,

761 4051 962 4120 inquit,
996 4048 1220 4105 Patrum
1247 4052 1429 4107 nullus
1463 4063 1566 4119 est,
1592 4056 1686 4123 qui
1724 4065 1877 4110 certe
1933 4062 2193 4128 certoque
2254 4069 2334 4113 te-

761 4151 961 4207 stetur,
989 4157 1047 4196 se
1089 4144 1346 4198 manibus
1394 4148 1639 4201 oculisve
1692 4147 1906 4202 trivisse
1946 4148 2178 4204 Matthtei
2228 4150 2334 4205 He-

761 4234 1009 4289 braicum
1043 4235 1175 4289 illud
1204 4236 1584 4308 Evangelium,
1618 4241 1765 4309 quod
1801 4252 1980 4294 tamen
2013 4256 2041 4293 a
2068 4240 2337 4296 Christia-

763 4326 851 4378 nis
916 4325 1160 4381 l-lebra-is
1227 4329 1560 4399 descriptum
1609 4334 1675 4387 ad
1741 4332 2053 4402 legendum,
2135 4335 2337 4404 ubique

767 4418 1033 4479 locorum.
1068 4420 1164 4489 qui
1214 4420 1479 4476 Hebraice
1520 4425 1790 4488 sciebant,
1848 4426 2155 4496 dtSpel‘SUlll
2205 4429 2338 4480 fuis—
2374 4472 2394 4491 ,

2438 1950 2781 2003 discutienda
2820 1953 3219 2022 aggrediamur.

2510 2041 2598 2093 56.
2659 2040 2984 2112 Respondeo
3042 2045 3205 2114 igitur
3270 2048 3507 2116 primum
3560 2050 3815 2124 Basnagii
3869 2072 4024 2129 argu-

2441 2144 2685 2188 mentum
2713 2138 2959 2191 absolute
2982 2138 3349 2208 l'alsumesse;
3379 2159 3501 2196 nam
3532 2144 3588 2198 S.
3626 2146 4020 2220 Hieronymus,

2439 2244 2593 2283 num.
2647 2232 2710 2284 51
2769 2231 3045 2296 laudatus,
3127 2244 3180 2287 et
3231 2252 3352 2292 mox
3410 2238 3631 2293 uberius
3692 2238 4020 2307 laudandus,

2443 2332 2676 2377 testatur
2712 2324 3039 2379 Hebraicum
3078 2326 3135 2379 S.
3170 2327 3405 2386 Matthmi
3443 2332 3807 2403 Evangelium
3848 2352 3909 2391 se
3947 2344 4017 2391 vi-

2438 2416 2583 2470 disse
2619 2416 3041 2485 interpretatum
3098 2435 3241 2486 esse,
3284 2422 3537 2494 idemque
3583 2427 3843 2493 allirmat,
3903 2430 4021 2485 usui

2438 2508 2568 2562 illud
2623 2509 2793 2563 fuisse
2842 2507 3085 2580 Origeni,
3114 2522 3165 2565 et
3201 2513 3374 2570 visum
3421 2532 3447 2567 a
3478 2516 3760 2572 Pantaeno.
3796 2522 4020 2592 Accipe,

2437 2600 2685 2654 studiose
2760 2601 2952 2665 lector,
2991 2604 3159 2655 alium
3223 2620 3288 2660 ex
3334 2605 3391 2659 S.
3445 2606 3783 2678 Hieronymo
3844 2613 4018 2667 locum

2436 2707 2500 2747 ex
2542 2692 2782 2762 Epistula
2844 2694 2909 2747 ad
2962 2694 3249 2749 Damasum
3298 2698 3363 2751 (le
3414 2700 3627 2755 duobus
3690 2701 3823 2757 ﬁliis
3884 2708 4021 2774 (quae

2436 2784 2566 2837 olim
2610 2794 2725 2836 erat
2750 2784 2869 2851 HD,
2901 2786 2953 2839 in
2977 2787 3217 2841 editione
3246 2786 3543 2844 Veronensi
3582 2802 3666 2845 est
3690 2793 3783 2859 2|)
3816 2810 3834 2861 ;
3874 2813 3891 2846 ι
3927 2796 4020 2850 De-

2437 2875 2600 2944 nique
2629 2874 2940 2941 Matthaeus,
2994 2879 3190 2947 inquit,
3232 2881 3321 2948 qui
3374 2880 3731 2953 Evangelium
3793 2888 4018 2945 Hebraeo

2436 2982 2695 3021 sermone
2728 2970 3078 3039 conscripsit,
3108 2975 3178 3025 ita
3204 2974 3389 3041 posuit
3421 2992 3434 3027 ε
3479 2973 3738 3031 Hosanna
3772 2980 4017 3044 barama,

2439 3057 2490 3109 id
2527 3068 2631 3119 est,
2674 3058 2931 3111 Hosanna
2970 3061 3022 3114 in
3054 3063 3307 3117 excelsis.
3346 3083 3363 3115 ι
3391 3063 3679 3129 Quomodo
3711 3071 3881 3123 verba
3923 3072 4022 3126 He-

2437 3148 2619 3204 hraica
2650 3150 2883 3205 lllattliaei
2926 3153 3139 3215 recitat,
3187 3156 3230 3208 si
3280 3155 3635 3226 Evangelium
3702 3159 3884 3229 ipsius
3922 3165 4022 3218 He-

2439 3244 2682 3296 braicum
2733 3260 2842 3297 non
2891 3245 3141 3299 viderit?
3198 3247 3280 3299 Ad
3347 3248 3649 3303 secundum
3714 3256 4022 3322 respondeo

2438 3345 2687 3388 sanctum
2723 3336 3109 3407 Hieronymum
3146 3353 3254 3393 non
3305 3340 3617 3397 correxisse
3653 3353 3875 3399 textum
3920 3348 4019 3401 La-

2440 3430 2611 3478 tinum
2645 3439 2709 3478 ex
2742 3425 3031 3492 llebraico,
3070 3430 3165 3482 sed
3200 3445 3264 3483 ex
3293 3430 3507 3495 Graeco,
3536 3435 3663 3503 quia
3696 3436 3891 3491 minus
3909 3450 4020 3493 erat

2438 3526 2621 3570 certus
2662 3518 2730 3571 de
2779 3519 3095 3590 integritate
3156 3528 3208 3574 et
3244 3522 3482 3587 puritate
3517 3534 3700 3579 textus
3742 3527 4019 3589 Hebraiei.

2437 3625 2599 3678 quam
2652 3610 2848 3666 Graeci.
2921 3610 3001 3669 Ad
3049 3613 3269 3668 tertium
3323 3616 3447 3671 dico
3506 3616 3767 3673 usitatam
3836 3638 4019 3677 revera

2439 3703 2609 3770 magis
2644 3702 2812 3755 fuisse
2870 3702 3106 3757 Mattliaei
3157 3713 3406 3774 tempore
3465 3708 3713 3777 linguam
3751 3709 4017 3772 Graecam.

2439 3806 2603 3859 quam
2646 3790 2992 3855 Hebraicam,
3045 3792 3099 3845 in
3154 3795 3359 3850 mundo
3414 3813 3428 3849 :
3482 3798 3579 3852 sed
3616 3799 3868 3870 linguam
3927 3805 4022 3857 He-

2441 3884 2682 3939 braicam
2722 3881 3254 3940 iuisseJuda-orum.
3291 3886 3651 3961 Quapropter.
3691 3909 3828 3948 cum
3873 3896 4022 3949 Chri-

2438 3989 2557 4031 Stus
2582 3977 2848 4035 Dominus
2897 3981 3128 4035 voluerit
3182 3990 3238 4037 ut
3294 3984 3525 4051 apostoli
3573 3986 3821 4052 primum
3882 4005 4018 4058 pra:-

2439 4072 2683 4127 dicarent
2720 4074 2879 4128 fidem
2909 4074 3136 4139 Judaeis,
3176 4076 3374 4130 deinde
3408 4076 3688 4148 gentibus,
3722 4084 3801 4134 uti
3839 4098 4019 4137 revera

2439 4160 2691 4213 iecerunt
2720 4180 2732 4216 :
2758 4163 2835 4215 sic
2879 4173 2999 4217 erat
3026 4178 3328 4236 congruum
3380 4174 3441 4219 ut
3501 4167 3747 4235 primum
3779 4170 4021 4243 Evange'

2442 4249 2573 4302 lium
2602 4249 2656 4302 in
2699 4254 2926 4322 gratiam
2958 4253 3273 4309 Judaeorum
3313 4257 3676 4320 scriberetur,
3739 4270 3796 4312 et
3836 4276 4023 4317 conse-

2438 4348 2674 4411 quenter
2729 4359 2795 4397 eo
2841 4360 3093 4401 sermone
3138 4360 3299 4414 quem
3361 4363 3553 4402 omnes
3615 4350 4022 4424 intelligebant,

2440 4447 2589 4491 certe
2625 4437 2678 4491 in
2715 4435 2918 4492 Judaea.
2955 4439 3108 4508 Quod
3147 4451 3343 4509 quarto
3377 4442 3757 4499 irreverenter
3808 4451 3944 4503 dicit
3976 4452 4023 4503 in

766 4520 871 4565 set.
924 4530 941 4563 ι
981 4512 1096 4567 Hoc
1125 4514 1360 4583 primum
1391 4515 1640 4587 Basnagii
1693 4528 2101 4589 argumentum.
2141 4520 2336 4589 Objicit
2364 4542 2416 4601 D
2445 4527 2656 4593 Patres,
2712 4537 2860 4584 certo
2895 4530 3092 4585 falsum
3125 4545 3209 4586 est
3240 4534 3309 4587 de
3369 4533 3732 4605 Hieronymo,
3792 4540 4026 4611 Epipha-

768 4608 1033 4670 secunrlo,
1064 4617 1254 4661 sancto
1288 4607 1621 4677 Hieronymo
1690 4611 1745 4665 in
1785 4614 2131 4668 emendando
2159 4614 2339 4667 Evan-

767 4696 1033 4767 geliorum
1072 4709 1220 4753 textu
1246 4700 1443 4754 Latino
1474 4717 1583 4755 non
1637 4706 1950 4772 prmluxisse
2008 4707 2337 4760 Hebraicum

764 4788 1000 4845 Mattlimi
1029 4795 1326 4862 exemplar,
1350 4796 1443 4849 sed
1471 4794 1740 4851 Graecum.
1776 4796 1961 4852 Tertio
1985 4798 2089 4851 late
2145 4801 2337 4868 probat

765 4882 1003 4952 linguam
1028 4884 1270 4939 Grazcam
1300 4885 1470 4942 fuisse
1514 4890 1682 4959 magis
1720 4891 2001 4961 vulgarem
2061 4899 2118 4944 et
2177 4890 2340 4962 longe

769 4977 1022 5046 pluribus
1066 4980 1322 5047 gentibus
1352 4980 1628 5045 usilatam,
1665 4997 1826 5051 quam
1873 4982 2217 5046 Hebraica'm,
2253 4983 2340 5037 in-

766 5072 944 5138 deque
1010 5070 1219 5125 inierre
1274 5072 1467 5127 nititur
1508 5073 1822 5129 Matthmum
1871 5076 2123 5131 debuisse
2162 5076 2343 5147 potius

769 5163 962 5217 Graece
1011 5180 1175 5234 quam
1246 5164 1513 5221 Hebraice
1592 5168 1857 5232 seribere,
1917 5184 2041 5222 cum
2116 5169 2342 5239 apostoli

766 5264 955 5308 essent
979 5257 1116 5322 jussi
1144 5260 1343 5313 docere
1372 5275 1563 5314 omnes
1591 5270 1799 5329 gentes.
1828 5262 2033 5325 Quarto
2086 5265 2346 5316 observat

769 5367 927 5405 usum
969 5352 1135 5405 videri
1187 5352 1503 5410 Mattliazum
1535 5358 1713 5427 lingua
1743 5366 1869 5411 tunc
1896 5357 2100 5412 Judmls
2125 5356 2341 5419 usitata,

767 5458 881 5497 non
917 5445 1086 5499 veteri
1118 5460 1366 5515 puraque
1423 5449 1623 5520 lingua,
1668 5452 1709 5505 si
1778 5450 2040 5505 Hebraice
2104 5449 2343 5518 scripsit.

770 5536 1089 5605 SUSpicatiir
1123 5548 1304 5593 tamen
1340 5536 1526 5592 Patres
1554 5544 1825 5611 cogitasse
1860 5544 1927 5598 de
1986 5543 2168 5614 lingua
2207 5557 2339 5611 pura

770 5625 1031 5683 Hebraica
1069 5646 1080 5680 :
1122 5649 1137 5679 ί
1169 5631 1241 5684 Ex
1276 5646 1383 5700 quo
1413 5632 1751 5703 intelligitur,
1783 5636 1980 5705 inquit,
2013 5637 2066 5689 in
2098 5646 2341 5689 veterum

766 5734 833 5773 ea
863 5721 929 5773 de
956 5736 1011 5775 re
1044 5722 1353 5778 testimonio
1396 5742 1501 5780 non
1554 5728 1783 5781 multum
1827 5743 1948 5784 esse
2010 5728 2266 5799 praesidii.
2319 5747 2336 5780 ι

775 5811 978 5878 Quinto
1042 5817 1353 5883 Suspiratur
1417 5817 1706 5891 Evangelia
1749 5819 2127 5879 Nazareorum
2188 5821 2345 5877 dece-

2446 4621 2560 4683 nio,
2587 4620 2843 4687 Origene,
2886 4621 3168 4687 Pantzcno,
3204 4621 3392 4691 Papia,
3462 4622 3731 4689 Eusebio,
3791 4632 3890 4697 qui
3930 4641 4025 4683 non

2445 4714 2790 4781 ignorabant,
2823 4722 2915 4767 aut
2947 4716 3197 4784 ignorare
3234 4726 3509 4787 poterant,
3543 4734 3650 4788 qua
3694 4721 3895 4793 lingua
3918 4734 4025 4778 ute«

2444 4816 2636 4859 rentur
2668 4805 2867 4871 Δωριεῖ,
2904 4808 3122 4877 quando
3158 4809 3513 4882 Evangelium
3544 4816 4025 4883 scripsitsanctus

2444 4897 2754 4953 Mattliaeus.
2790 4899 2904 4955 lino
2960 4902 3168 4967 nullus,
3198 4904 3414 4971 Opinor,
3455 4902 3683 4959 Patrum
3747 4911 4027 4964 existima-

2444 4987 2544 5049 vit,
2593 4988 2698 5040 alia
2750 4989 2931 5058 lingua
2981 4990 3247 5047 Hebraica
3287 5008 3443 5048 usum
3506 5009 3632 5051 esse
3686 4996 4026 5067 Matthzeum,

2444 5092 2607 5143 quam
2670 5078 2869 5133 usitata
2934 5096 3034 5136 suo
3094 5094 3361 5153 tempore.
3411 5087 3565 5150 Quod
3630 5106 3773 5145 vero
3839 5096 4029 5149 deinde

2446 5166 2641 5234 quinto
2703 5178 2757 5222 et
2810 5181 2965 5228 sexto
3025 5175 3213 5246 objicit
3257 5176 3560 5250 Basnagius
3613 5179 3683 5235 de
3738 5182 4028 5259 EVangeléo

2448 5259 2856 5326 Nazareorum,
2923 5265 3089 5334 paulo
3138 5263 3406 5336 prolixius
3471 5269 3878 5340 explicandum
3932 5288 4027 5335 est.

2447 5353 2572 5419 quia
2629 5354 2693 5408 ad
2771 5360 3110 5426 propositum
3182 5372 3430 5415 nostrum
3505 5377 3774 5435 spectat.
3850 5382 3909 5426 et
3974 5386 4028 5424 ea

2448 5446 2789 5514 expositione
2821 5449 2886 5502 ad
2919 5451 3054 5505 alias
3097 5466 3314 5522 quoque
3372 5454 3762 5514 dubitationes
3801 5477 4029 5534 respon-

2446 5537 2605 5591 debo.

2519 5629 2606 5685 57,
2671 5631 2747 5687 De
2818 5632 3112 5705 Evangelio
3182 5636 3585 5705 Nazaraeorum,
3673 5645 3823 5714 quod
3903 5646 4030 5698 alia:

2447 5727 2779 5797 vocatjuxta
2822 5727 3095 5794 Hebrmos,
3150 5748 3256 5785 non
3328 5748 3453 5787 raro
3502 5736 3751 5808 loquitur
3805 5748 4029 5796 sanctus

2450 5819 2839 5891 Hieronymus,
2881 5831 2935 5878 et
2966 5825 3110 5878 varia
3144 5840 3205 5880 ex
3242 5823 3332 5881 illo
3384 5827 3615 5886 adducit
3658 5832 3798 5887 locis
3851 5836 4027 5896 variis.
