4156 6314
200 368 300 429 773

1455 360 1629 422 νιΤΑ
1674 362 1734 420 S.
1784 358 2169 421 MATTH/‘El.

3316 360 3426 423 ΤΗ,

203 490 318 543 quae
351 488 456 525 non
492 473 741 542 leguntur
802 470 855 523 in
904 468 1195 539 Evangelio
1236 468 1451 539 vulgato
1498 468 1762 522 Matthaei.
1798 471 1837 526 Α
1868 467 1946 521 Ad
1981 467 2095 520 haec
2130 464 2290 519 verba
2329 464 2643 530 notandum,
2673 465 2727 519 S.
2758 465 3114 537 Epiphaniam
3170 482 3278 521 non
3335 485 3423 522 γοα

201 565 451 618 Attamen
512 562 721 615 nullum
780 561 994 613 videtur
1042 574 1161 612 esse
1217 559 1464 622 dubium,
1525 560 1654 626 quin
1701 558 1758 610 S.

204 655 558 723 Hieronymus
591 651 1008 715 existimaverit,
1054 650 1432 704 Nazarrcorum
1486 651 1601 704 sive
1660 649 1762 704 He-

203 747 465 802 braeorum
531 747 878 816 Evangelium
939 762 968 799 a
1032 756 1223 799 saucto
1283 746 1532 799 Mattha'o
1594 744 1762 798 fuisse

204 839 487 908 scriptum,
545 839 638 891 sed
689 839 757 892 ab
814 838 921 890 illis
977 846 1250 904 utcunque
1306 845 1643 903 corruptum.
1703 835 1761 888 In

206 931 460 1001 Catalogo
523 931 871 998 scriptorum,
930 944 1050 996 cap.
1104 945 1164 992 ιι,
1217 928 1345 980 illud
1435 917 1615 980 laudat
1679 927 1762 979 his

200 1024 426 1078 verbis:
489 1041 506 1072 ι
562 1022 912 1091 Evangelium
968 1034 1206 1089 quoque,
1261 1019 1403 1089 quod
1461 1019 1763 1088 appellatur

198 1119 497 1172 secundum
530 1116 803 1178 Hebraeos,
867 1124 919 1168 et
955 1130 983 1167 a
1043 1129 1128 1167 me
1187 1129 1361 1181 nuper
1411 1113 1465 1165 in
1516 1112 1759 1165 Graecum

202 1206 561 1277 Latinumque
607 1220 913 1259 sermonem
981 1206 1309 1258 translatum
1380 1214 1486 1265 est,
1551 1219 1658 1271 quo
1708 1213 1763 1258 et

200 1315 337 1368 srepe
374 1300 563 1360 utitur,
596 1309 703 1351 etc.
748 1316 766 1347 ›
801 1297 916 1351 Νοιι
944 1306 1155 1366 poterat
1190 1313 1301 1350 non
1368 1298 1575 1365 optime
1627 1295 1759 1349 illud

204 1408 363 1452 nosse
429 1393 811 1462 Hieronymus,
882 1391 924 1444 si
993 1392 1042 1443 in
1096 1390 1344 1445 Grmcum
1403 1389 1762 1459 Latinumque

200 1498 526 1546 sermonem,
570 1491 626 1535 ut
664 1482 918 1544 aﬂirmat,
992 1481 1121 1534 illud
1176 1491 1539 1536 converterat.
1597 1482 1758 1549 Atqui

200 1588 321 1626 mox
355 1587 473 1641 cap.
503 1573 555 1634 5,
589 1574 642 1625 in
675 1573 923 1626 Matthan
961 1590 1066 1625 non
1099 1574 1338 1642 loquitur
1366 1573 1433 1626 de
1455 1573 1560 1629 alio
1586 1571 1761 1624 Evan-

202 1665 361 1731 gelio,
425 1666 637 1733 quando
688 1666 820 1719 dicit
868 1685 880 1721 :
924 1686 941 1716 ι
981 1666 1147 1719 Porro
1202 1667 1376 1733 ipsum
1438 1663 1756 1718 Hebraicum

200 1756 482 1828 (Matthxi)
518 1759 743 1812 habetur
779 1773 948 1827 usque
1010 1758 1169 1812 hodie
1226 1758 1279 1810 in
1327 1756 1645 1812 Caesariensi
1680 1757 1758 1811 bi-

204 1848 541 1902 bliotheca...
570 1847 694 1901 Mihi
730 1863 946 1917 quoque
972 1863 1000 1900 a
1053 1848 1345 1911 Nazarteis,
1377 1847 1466 1916 qui
1495 1848 1546 1898 iu
1573 1847 1757 1900 Beroea

201 1941 331 1994 urbe
364 1940 528 2009 Syriae
558 1941 657 1993 hoc
691 1940 967 1993 volumine
992 1949 1238 2000 utuntur,
1286 1940 1628 1993 describendi
1681 1938 1761 1991 la-

199 2031 369 2084 cultas
402 2032 521 2083 fuit.
574 2050 590 2081 ι
623 2031 721 2085 Hic
765 2042 940 2096 vocat,
983 2030 1297 2083 Ilebraicuut
1327 2029 1587 2092 Matt/uri,
1613 2032 1758 2098 quod

203 2134 364 2188 supra
410 2123 690 2174 secundum
756 2119 1020 2184 Hebra'os,
1071 2136 1285 2188 quoque
1351 2121 1426 2173 uti
1480 2120 1757 2176 Nazamos

201 2208 447 2263 aliirmat.
488 2213 680 2278 Liquet
712 2212 814 2265 hoc
844 2227 910 2264 ex
948 2212 1033 2273 iis,
1100 2227 1219 2279 quae
1267 2213 1428 2267 habet
1457 2214 1575 2266 aliis
1605 2214 1756 2269 locis.

203 2296 359 2356 Nam.
385 2300 476 2352 lib.
509 2316 565 2357 ut
594 2300 850 2353 Adversus
888 2301 1224 2371 Pelagianos,
1256 2302 1399 2358 circa
1432 2304 1644 2357 initium
1685 2305 1760 2358 sic

203 2391 437 2459 loquitur
485 2409 498 2445 :
552 2412 567 2443 ι
607 2392 663 2445 1η
729 2394 1018 2463 Evangelio
1079 2396 1231 2462 juxta
1291 2393 1565 2456 Hebraeos,
1618 2394 1759 2461 quod

200 2478 488 2536 Chaldaico
514 2482 733 2549 quidem
764 2482 1006 2549 Syroque
1047 2497 1321 2541 sermone,
1359 2484 1451 2536 sed
1490 2483 1760 2537 Hebraicis

203 2572 401 2625 litteris
432 2576 692 2642 scriptum
714 2583 815 2638 est,
878 2590 985 2642 quo
1013 2586 1236 2627 utuntur
1268 2589 1437 2643 usque
1466 2576 1623 2629 hodie
1649 2576 1759 2628 Na-

205 2662 422 2725 zaraeui,
453 2666 748 2717 secundum
781 2667 1071 2732 apostolos,
1113 2667 1245 2730 sive,
1306 2679 1363 2720 ut
1395 2669 1633 2736 plerique
1666 2685 1761 2723 au-

205 2762 435 2818 tomant,
482 2756 633 2822 juxta
674 2756 1018 2822 Matth-acum;
1074 2760 1215 2825 quod
1263 2767 1311 2811 et
1356 2760 1406 2812 in
1445 2760 1760 2815 Caesariensi

206 2828 432 2895 habetur
463 2846 809 2909 bibliotheca,
851 2866 868 2896 ι
905 2857 1011 2900 etc.
1044 2852 1322 2901 Assertuui
1357 2850 1422 2903 de
1439 2851 1760 2905 Caesariensi

202 2935 527 2989 bibliotheca
562 2938 705 2991 clare
738 2938 995 3001 insinuat,
1037 2940 1162 2993 illud
1218 2942 1391 3011 ipsum
1428 2959 1568 3011 esse,
1618 2945 1762 3014 quod

202 3040 368 3094 Supra
406 3037 564 3081 vocat
597 3029 916 3081 Hebraicunt
957 3034 1211 3086 Matt/uri.

275 3118 360 3169 38.
403 3116 638 3171 Rursum
664 3120 715 3170 iu
746 3117 978 3173 Matthaei
1028 3138 1149 3189 cap.
1198 3139 1295 3186 xit,
1344 3126 1482 3179 idem
1524 3127 1763 3194 Evange—
1792 3159 1837 3219 Ο

206 3210 336 3263 lium
371 3211 448 3264 sic
475 3211 658 3265 laudat
689 3229 699 3263 :
736 3232 753 3261 ι
789 3212 846 3265 ln
904 3214 1211 3286 Evangelio,
1245 3231 1352 3283 quo
1406 3227 1631 3269 utuntur
1659 3217 1761 3269 Na.

204 3306 400 3357 larmni
430 3314 484 3357 et
542 3303 807 3359 Ebionitae
862 3306 1023 3375 (quod
1069 3323 1241 3376 nuper
1291 3311 1345 3361 in
1394 3308 1640 3363 Graecum
1698 3310 1765 3363 de

205 3392 433 3449 Hebraeo
466 3411 721 3451 set-moue
756 3399 1151 3461 transtulimus,
1188 3411 1243 3454 et
1296 3402 1439 3469 quod
1487 3412 1708 3456 vocatur
1736 3419 1766 3457 a

205 3484 482 3553 plerisque
519 3485 751 3540 Mattlnei
809 3489 1206 3552 authenticum,
1259 3510 1277 3543 ι
1316 3494 1444 3561 etc).
1505 3494 1637 3547 Cum
1680 3494 1768 3548 hic

208 3576 278 3625 de
322 3576 673 3628 translatione
738 3593 835 3629 sua
892 3588 1139 3641 tCStetur,
1186 3582 1393 3634 clarum
1442 3592 1543 3645 est,
1591 3586 1764 3651 ipsum

207 3664 406 3717 iterum
463 3667 529 3718 de
580 3667 769 3720 eodem
826 3668 971 3737 loqui
1033 3668 1347 3741 Evangetio,
1400 3673 1527 3727 illud
1592 3677 1764 3746 ipsum

206 3768 270 3808 se
316 3756 655 3811 transtulisse
682 3758 814 3811 dicit
844 3760 898 3813 in
943 3777 1059 3830 cap.
1100 3779 1171 3816 vn
1211 3764 1469 3830 Michtear,
1499 3768 1586 3820 ubi
1614 3778 1768 3822 vocat

208 3846 561 3918 Evangelium
597 3851 878 3903 secundum
916 3853 1163 3906 Hebraeos
1199 3856 1412 3906 editum.
1455 3857 1675 3909 Domum
1711 3860 1762 3910 in

213 3959 337 4011 cap.
369 3960 441 3997 vit
471 3946 621 3997 Isaiae
640 3947 826 3999 eodem
849 3946 966 3999 loco
989 3947 1132 4000 clare
1160 3948 1396 4001 insinuat
1416 3949 1769 4019 Hieronymus

208 4044 450 4087 mentem
484 4051 658 4100 suam,
696 4037 821 4090 dum
860 4037 932 4091 ita
985 4038 1172 4093 scribit
1203 4055 1217 4091 :
1271 4057 1289 4089 ί
1341 4038 1497 4094 Juxta
1528 4042 1771 4108 Evange-

206 4124 368 4187 lium,
400 4129 541 4195 quod
588 4128 818 4183 Hebraeo
872 4138 1112 4183 sermoni
1165 4133 1528 4197 conscriptum
1588 4133 1771 4197 legunt

204 4217 445 4272 Nazartci
477 4236 489 4270 :
528 4239 545 4271 ι
593 4221 853 4273 Descende
900 4237 1055 4288 super
1099 4238 1216 4273 eunt
1253 4220 1569 4291 (Christum)
1604 4225 1770 4276 omnis

206 4311 329 4381 fons
358 4312 585 4378 Spiritus
618 4314 804 4365 sancti.
844 4313 907 4364 Et
942 4327 1103 4366 mox:
1148 4331 1166 4363 ‹
1209 4314 1265 4365 ln
1299 4314 1490 4366 eodem
1530 4312 1767 4368 Matthxi

208 4404 488 4456 volumine
538 4404 765 4471 legimus
801 4404 951 4465 illud,
1007 4406 1149 4468 quod
1213 4406 1769 4474 in'consequentibus

205 4494 513 4549 scribitur:
563 4494 693 4547 Ecce
729 4493 866 4548 Puer
914 4510 1075 4559 meus,
1127 4512 1278 4564 quem
1326 4496 1475 4564 elegi.
1513 4508 1615 4555 etc.
1673 4497 1773 4552 Hic
1804 4485 1849 4540 υ

209 4588 359 4642 idem
409 4588 779 4659 Evangeiium.
816 4592 957 4659 quod
1019 4591 1201 4659 legunt
1247 4588 1501 4653 Nazarati,
1544 4591 1773 4659 apertis-

208 4682 354 4734 sime
415 4692 573 4735 vocat
602 4683 835 4735 Matthxi
895 4685 1168 4738 volumen.
1214 4684 1398 4751 Itaque
1455 4694 1668 4738 constat
1709 4686 1775 4738 de

206 4781 400 4828 mente
434 4774 491 4827 S.
522 4773 862 4845 Hieronymi,
897 4776 988 4843 qui
1021 4771 1388 4843 Evangelium,
1419 4792 1526 4845 quo
1547 4772 1776 4829 uteban-

206 4882 307 4923 tur
368 4866 627 4932 Nazaraai,
696 4877 751 4923 et
822 4868 962 4937 quod
1028 4867 1161 4921 alias
1248 4877 1399 4922 vocat
1477 4869 1773 4921 secundum

206 4961 494 5023 Hebraeos,
565 4975 663 5027 pro
726 4960 844 5028 ipso
905 4958 960 5010 S.
1020 4958 1254 5012 Matthmi
1313 4958 1575 5011 Hebraico
1600 4959 1773 5012 Evan-

204 5052 361 5123 gelio
407 5050 613 5116 habuit,
646 5065 755 5104 non
794 5058 974 5105 autem
1006 5066 1105 5119 pro
1144 5066 1299 5119 puro,
1353 5062 1411 5104 ut
1446 5066 1569 5104 mox
1623 5052 1774 5107 vide-

209 5151 426 5203 bimus.

283 5240 377 5295 39.
407 5239 688 5293 Sententia
726 5237 783 5293 S.
826 5236 1113 5307 Epiphanii
1162 5252 1267 5293 non
1303 5238 1409 5292 alia
1460 5248 1565 5301 est,
1610 5255 1773 5309 quam

198 5334 554 5406 Hieronymi.
607 5331 740 5385 Nam
808 5332 1001 5386 haeresi
1067 5333 1158 5398 29,
1198 5348 1319 5401 quze
1371 5344 1452 5386 est
1490 5332 1773 5389 Nazareo-

200 5442 360 5492 rum,
386 5442 504 5496 cap.
553 5426 587 5481 9
617 5425 688 5479 ita
720 5425 879 5479 habet
914 5441 926 5479 :
973 5443 991 5476 ι
1028 5425 1125 5480 Est
1146 5441 1272 5480 vero
1302 5442 1466 5497 penes
1496 5428 1620 5482 itlos
1647 5428 1774 5497 (Na-

193 5523 437 5588 zarazos)
466 5517 811 5588 Evangelium
839 5517 1137 5572 secundum
1175 5516 1479 5571 Matthteum
1515 5519 1774 5573 Hebraice

192 5615 498 5681 scriptum,
556 5620 612 5664 et
655 5610 867 5679 quidem
921 5608 1403 5665 absolutissimum.
1468 5610 1578 5665 Hoc
1629 5614 1772 5665 enim

186 5704 537 5767 certissime,
579 5712 739 5772 prout
774 5699 1050 5755 Hebraicis
1085 5700 1277 5754 litteris
1322 5699 1477 5755 initio
1512 5703 1771 5772 scriptum

186 5808 319 5865 eet,
378 5796 430 5849 iu
470 5794 793 5851 hodiernum
846 5808 1015 5861 usque
1078 5802 1289 5862 tempus
1340 5805 1685 5851 conservant.
1749 5815 1765 5847 ι

1856 1386 2147 1449 Nazaraos
2218 1400 2434 1455 quoque
2505 1397 2785 1456 suspectos

1864 574 1987 614 care
2021 558 2367 627 Evangelium
2425 558 2565 612 istud
2620 558 3099 624 absolutissimum,
3163 561 3276 614 sive
3314 561 3427 630 ple-

1862 649 2152 702 nissimum
2204 651 2287 718 (ut
2334 659 2533 703 sonant
2586 651 2746 703 verba
2807 650 2979 718 ipsius
3033 651 3237 720 Graeca)
3300 654 3423 719 quia

1861 738 2231 801 existimabat,
2300 740 2439 793 nihil
2502 740 2661 809 plane
2744 743 3110 810 corruptionis
3181 744 3230 796 iu
3292 744 3424 798 illud

1862 835 2167 905 irrepsisse,
2209 839 2302 889 sed
2361 836 2484 903 quia
2548 838 2823 903 credebat,
2875 840 3200 902 exemplaria
3252 838 3419 893 Naza‘

1860 942 2092 981 raeorum
2140 927 2320 981 minus
2350 942 2468 981 esse
2498 938 2777 997 corrupta,
2840 944 3001 997 quam
3050 930 3274 983 aliorum
3310 933 3425 985 hae-

1862 1020 2177 1076 reticorum.
2220 1018 2336 1072 Mox
2361 1020 2504 1072 enim
2546 1021 2824 1088 subjungit
2874 1025 2987 1074 hace
3024 1022 3181 1076 verba
3221 1040 3234 1075 :
3276 1041 3293 1072 ι
3323 1023 3425 1076 Ve-

1863 1126 1981 1164 rum
2015 1108 2146 1164 illud
2179 1111 2386 1174 nescio,
2418 1125 2547 1163 num
2603 1112 2944 1180 genealogias
3001 1112 3118 1166 illas
3172 1122 3419 1183 amputa-

1864 1202 1993 1265 rint,
2019 1218 2137 1269 quze
2172 1202 2239 1254 ab
2278 1202 2587 1255 Abrahamo
2604 1204 2668 1256 ad
2698 1202 2972 1258 Christum
3024 1220 3193 1274 usque
3224 1208 3426 1275 perdu-

1862 1304 1960 1347 cta:
1995 1302 2140 1346 sunt.
2180 1311 2198 1343 ›
2239 1290 2384 1345 Talis
2420 1303 2599 1346 autem
2634 1294 2898 1348 dubitatio
2953 1297 3095 1350 clare
3158 1299 3424 1363 insinuat,

2883 1388 3184 1457 Epiphanio
3260 1389 3428 1448 fuisse

1862 1480 2230 1546 corruptionis
2295 1481 2348 1531 in
2411 1478 2753 1549 Evangelium
2836 1478 3067 1535 Matthtei
3145 1482 3425 1546 inductae;

1862 1574 2043 1627 minus
2071 1576 2273 1633 tamen,
2313 1586 2474 1639 quam
2529 1572 2826 1636 Ebiouitas,
2856 1573 3062 1627 aliosve
3111 1575 3423 1638 haereticos,

1862 1666 1951 1733 qui
1981 1665 2122 1718 idem
2156 1664 2326 1733 magis
2383 1674 2759 1732 corruperant.
2792 1665 3062 1719 Laudatus
3091 1665 3427 1734 Epiphanius

1865 1770 1987 1823 cap.
2022 1755 2049 1807 7
2080 1754 2308 1817 dixerat,
2365 1751 2740 1808 Nazaraeorum
2808 1766 3009 1808 sectam
3052 1758 3104 1808 in
3156 1754 3427 1813 Berceensi

1868 1847 2084 1901 civitate
2158 1846 2501 1914 potissimum
2553 1845 2753 1914 vigere.
2817 1846 2971 1903 Unde
3025 1844 3237 1916 colligo,
3300 1848 3428 1902 illud

1870 1938 2043 2004 ipsum
2097 1934 2370 2001 exemplar
2412 1934 2758 1997 Hebraicum,
2809 1937 2874 1988 de
2909 1953 3017 2005 quo
3050 1938 3308 2006 loquitur,
3359 1940 3429 1993 ab

1866 2030 2193 2098 Hieronymo
2219 2028 2750 2094 fuisseexscriptum,
2799 2029 3095 2099 Graecoque
3153 2040 3205 2087 et
3243 2031 3430 2086 Latino

1867 2133 2115 2172 sermone
2147 2121 2403 2171 dormtum
2452 2135 2643 2171 :suum
2675 2121 2818 2173 enim
2858 2121 3060 2174 Hermae
3104 2138 3132 2175 a
3161 2121 3431 2179 Nazarteis

1866 2217 2148 2275 acceperat
2163 2207 2537 2277 Hieronymus.
2557 2207 2787 2262 Rursum
2807 2208 3164 2278 Epiphanius,
3188 2212 3317 2265 hatr.
3335 2210 3427 2271 30.

1867 2315 1986 2368 quae
2007 2299 2503 2358 estEbionitarum,
2537 2315 2657 2368 cap.
2699 2300 2732 2352 ‘5
2793 2300 3041 2363 afﬁrmat,
3086 2302 3248 2356 hosce
3292 2317 3432 2371 quo-

1868 2377 1973 2460 que
1993 2392 2262 2446 Hebraico
2293 2390 2526 2444 Matthaai
2551 2390 2842 2460 Evangelio
2866 2408 2992 2445 usos
3022 2407 3163 2453 esse,
3207 2402 3261 2446 et
3312 2392 3432 2461 qui-

1868 2480 1991 2533 dem
2065 2480 2180 2535 solo
2253 2479 2727 2533 Ccrintliianoruui
2791 2481 2875 2533 vel
2946 2481 3430 2537 Merinthianorum

1869 2571 2062 2635 instar,
2112 2580 2274 2639 atque
2324 2572 2453 2624 illud
2524 2586 2747 2625 vocasse
2824 2574 3109 2626 secundant
3161 2576 3431 2635 Hebraeos.

1871 2661 2075 2716 Deinde
2109 2677 2227 2730 cap.
2262 2663 2328 2715 15
2349 2661 2416 2715 de
2452 2661 2656 2730 majOre
2712 2663 2852 2730 apud
2908 2664 3053 2730 ipsos
3086 2668 3434 2734 corruptione

1869 2753 2013 2807 illius
2051 2753 2324 2821 Evangelii
2361 2752 2440 2806 sic
2467 2752 2750 2820 loquitur:
2791 2772 2808 2803 ι
2848 2753 3015 2822 Igitur
3067 2754 3119 2807 iu
3164 2770 3250 2817 eo,
3285 2757 3428 2825 quod

1870 2861 2033 2915 penes
2074 2846 2189 2899 illos
2239 2854 2339 2901 est.
2372 2844 2603 2897 Mattbaei
2663 2844 2972 2913 Evangelio,
3020 2863 3326 2917 quanquam
3361 2866 3430 2903 ne

1869 2938 2136 3006 integrum
2167 2936 2381 3004 quidem
2416 2937 2543 2989 illud
2565 2934 2784 3001 habent,
2837 2941 2929 2990 sed
2981 2934 3340 2994 adulteratum
3380 2951 3437 2995 et

1870 3028 2137 3092 mutilum,
2165 3028 2324 3096 idque
2352 3027 2524 3096 ipsum
2579 3027 2898 3081 Hebraicum
2933 3040 3145 3093 vocant,
3191 3032 3259 3084 ita
3305 3030 3439 3085 scri-

1873 3132 2023 3189 ptum
2054 3129 2137 3175 est
2173 3138 2190 3169 ›
2229 3131 2333 3172 etc.
2363 3119 2637 3173 Hactenus
2666 3120 3018 3188 Epiphanius,
3062 3138 3091 3175 e
3123 3122 3282 3190 cujus
3315 3137 3436 3177 ver-

1868 3212 1949 3264 bis
1978 3212 2325 3263 manifcstum
2360 3220 2462 3272 est,
2524 3227 2634 3264 non
2687 3213 2984 3273 dubitasse,
3027 3214 3155 3281 quin
3196 3215 3440 3284 Evange-

1866 3302 1998 3354 lium
2032 3301 2349 3354 Hebraicum
2386 3300 2619 3354 Matthzei
2659 3314 2806 3357 esset
2840 3317 3221 3358 conservatum
3289 3306 3432 3374 apud

1868 3393 2171 3458 Nazaratos,
2219 3394 2309 3448 sed
2371 3406 2679 3463 suSpecIum
2744 3395 2998 3450 habuisse
3050 3397 3118 3451 de
3178 3399 3437 3454 nonnulla

1869 3488 2239 3556 corruptione,
2304 3498 2462 3556 prout
2522 3484 2899 3541 Ebionitarum
2960 3488 3432 3557 corruptissimum

1870 3593 1990 3631 εδεο
2030 3589 2177 3631 CCI‘IO
2207 3592 2239 3628 n
2251 3586 2457 3631 overat.

1940 3695 2031 3750 40.
2057 3695 2316 3750 Similiter
2339 3706 2561 3749 sanctus
2588 3695 2970 3767 Hieronymus,
3010 3699 3108 3751 etsi
3149 3698 3433 3754 Nazartco‘

1874 3806 1989 3843 rum
2033 3789 2510 3858 Evaugeliumuon
2544 3804 2667 3843 raro
2691 3790 2905 3857 alleget,
2943 3805 3216 3859 nunquam
3254 3801 3433 3845 tamen

1872 3888 2072 3930 tantam
2133 3878 2232 3945 ipsi
2283 3879 2657 3931 auctoritatem
2702 3880 2908 3941 tribuit,
2955 3891 3211 3948 quantam
3264 3881 3433 3935 textui

1870 3971 2055 4026 Grieco
2079 3971 2158 4023 vel
2190 3970 2377 4022 Latino
2408 3969 2473 4023 ab
2513 3970 2744 4024 Ecclesia
2784 3981 3018 4040 recepto.
3077 3974 3131 4026 Id
3181 3975 3297 4040 ipse
3351 3979 3437 4027 in-

1872 4065 2074 4128 sinuat,
2108 4062 2202 4117 lib.
2234 4080 2312 4128 ιιι,
2350 4062 2544 4117 Contra
2576 4062 2909 4133 Pelagianos,
2942 4065 3029 4119 ubi
3082 4065 3341 4121 nonnulla
3367 4083 3433 4125 ex

1873 4156 1964 4208 illo
1999 4157 2308 4224 Evangelio,
2369 4166 2424 4208 et
2457 4156 2633 4208 locum
2675 4158 2908 4223 aliquem
2953 4158 3009 4209 S.
3056 4159 3242 4227 lguatii
3285 4175 3431 4214 mar-

1876 4249 2004 4319 tyris
2045 4248 2258 4320 allegat,
2293 4256 2348 4303 et
2379 4250 2501 4303 nios
2551 4236 2771 4320 subiicit
2815 4270 2826 4304 :
2877 4268 2894 4300 ι
2952 4252 3158 4317 Quibus
3192 4254 3441 4308 testimo-

1871 4342 1978 4396 niis
2014 4341 2055 4395 si
2098 4357 2203 4394 non
2244 4341 2410 4395 uteris
2460 4340 2524 4394 ad
2585 4344 2975 4406 auctoritatem,
3032 4347 3186 4398 utere
3242 4346 3434 4399 saltem

1875 4429 1940 4480 ad
1996 4428 2396 4492 antiquitatem,
2479 4429 2608 4493 quid
2673 4444 2864 4481 omnes
2921 4430 3276 4484 ecclesiastici
3334 4430 3437 4486 viri

1877 4519 2171 4572 senserint.
2232 4536 2248 4567 ι
2289 4515 2404 4571 Hac
2457 4517 2525 4571 de
2578 4533 2742 4572 causa
2785 4529 3007 4575 sanctus
3055 4520 3437 4594 Hieronymus,

1875 4608 2094 4677 quando
2118 4607 2345 4675 jubente
2376 4616 2563 4662 sancto
2589 4608 2813 4663 Damaso
2836 4609 3001 4679 Papa,
3042 4622 3245 4667 textum
3294 4613 3391 4667 Lat
3413 4642 3440 4657 -

1875 4716 2002 4754 num
2038 4710 2270 4767 quatuor
2301 4699 2715 4768 Evangeliorum
2747 4703 3133 4771 corrigendum
3167 4707 3432 4775 Suscepit,

1877 4806 1983 4845 non
2009 4800 2092 4845 est
2110 4805 2239 4845 usus
2266 4790 2556 4860 exemplari
2592 4790 2859 4846 Hebraico
2894 4794 3023 4859 ullo,
3054 4796 3197 4863 quod
3223 4797 3431 4850 nullum

1878 4884 2040 4936 sciret
2082 4883 2214 4937 satis
2262 4883 2672 4952 incorruptum;
2734 4885 2826 4941 sed
2888 4888 3109 4942 vetustis
3161 4888 3441 4943 codicibus

1875 4973 2099 5035 Grzccis.
2130 4984 2188 5028 ut
2220 4975 2335 5043 ipse
2368 4975 2554 5028 scribit
2583 4977 2649 5029 ad
2681 4959 2987 5034 Damasum.
3022 4978 3080 5031 In
3112 4979 3301 5032 eadem
3359 4986 3440 5033 ta-

1877 5082 2000 5121 men
2034 5066 2099 5119 ad
2132 5066 2417 5121 Damasum
2447 5064 2762 5136 prastatione
2804 5068 2980 5129 docet,
3029 5067 3309 5123 Hebraicis
3343 5070 3442 5125 litr

1880 5160 2009 5214 teris
2036 5175 2191 5214 usum
2228 5172 2348 5215 esse
2391 5157 2725 5222 Mattheum,
2762 5161 2830 5213 ita
2856 5161 3142 5217 scribens:
3176 5160 3249 5216 De
3288 5161 3439 5216 Novo

1876 5267 2022 5306 nunc
2059 5252 2249 5319 loquor
2284 5250 2630 5305 Testamento
2667 5266 2681 5302 :
2716 5252 2855 5320 quod
2884 5251 3127 5307 Grecam
3154 5268 3276 5308 esse
3326 5269 3437 5308 non

1878 5342 2098 5396 dubium
2127 5350 2230 5401 est.
2267 5350 2495 5409 excepto
2519 5343 2765 5411 apostolo
2816 5342 3091 5409 Matthaeo,
3116 5344 3207 5413 qui
3230 5344 3438 5413 primus

1881 5435 1932 5487 in
1987 5433 2170 5488 Judma
2234 5433 2582 5503 Evangelium
2656 5433 2855 5489 Christi
2922 5434 3195 5489 Hebraicis
3244 5435 3441 5492 litteris

1880 5526 2068 5580 edidit.
2109 5544 2125 5574 ι
2156 5525 2310 5579 Nunc
2339 5525 2505 5581 lector
2560 5526 2838 5581 studiosus
2865 5524 3067 5595 iudicet
3111 5526 3177 5581 de
3218 5527 3438 5580 ratioci-

1876 5618 1985 5672 niis
2029 5617 2294 5686 Basuagii,
2369 5618 2594 5686 ejusque
2651 5617 2704 5670 in
2769 5617 3143 5672 ratiocinando
3191 5618 3438 5674 assertis.

1879 5707 2020 5762 Vidit
2052 5719 2270 5763 sanctus
2306 5707 2663 5779 Hieronymus
2714 5708 3039 5764 Hebraicum
3064 5706 3435 5779 Evangelium,

1880 5816 1986 5868 quo
2016 5801 2306 5853 utebantur
2332 5800 2592 5859 Nazarzei.
2623 5801 2974 5871 Graecumque
3039 5798 3173 5855 illud
3216 5810 3268 5856 et
3297 5798 3442 5853 Lati-
