4156 6314
753 345 851 407 779

1965 337 2248 398 MENSIS
2289 335 2579 397 SEPTEM
2592 335 2762 396 BER.

3895 325 3999 389 780

753 464 920 525 tiam;
953 473 1072 527 qua:
1105 456 1337 512 inveniri
1374 455 1620 523 deberct,
1649 456 1693 509 si
1729 455 1960 525 quisque
1984 469 2086 507 suo
2139 465 2314 507 marte
2347 456 2389 511 Λ
2419 452 2517 516 dit,
2562 469 2752 522 parum
2791 458 2884 504 aut
2947 447 3082 504 nihil
3142 448 3210 502 de
3287 446 3684 517 praedicatione
3760 442 4002 498 Matthxi

748 549 1022 623 propriam
1057 529 1160 605 sibi
1192 548 1506 604 versionem
1539 546 1779 610 fecisset,
1809 545 1965 614 cujus
1993 544 2317 598 diflerentiuc

749 639 952 693 nullum
977 637 1187 707 uspiam
1210 645 1386 690 exstat
1421 635 1707 689 indicium.
1742 637 1918 704 Atque
1950 634 2077 688 hinc
2111 634 2316 687 factum

749 731 833 796 sit,
866 738 925 784 ut
947 731 1033 786 alii
1065 729 1354 794 Jacobum,
1383 727 1469 782 alii
1493 727 1782 790 Joannem,
1805 728 1893 781 alii
1920 729 2082 781 etiam
2112 728 2315 782 Lucam

753 824 832 878 vel
884 822 1112 876 Paulum
1177 823 1536 891 interpretem
1597 823 1849 887 fecerint,
1901 832 2063 891 prout
2112 820 2319 875 scilicet

750 927 972 982 quaeque
1005 912 1249 966 Ecclesia
1285 911 1636 982 Evangelium
1665 912 1877 981 legebat
1923 926 1988 963 ex
2039 911 2200 978 hujus
2231 912 2316 965 vel

749 1005 891 1058 illius
945 1005 1174 1072 apostoli
1240 1005 1598 1074 autographo.
1657 1023 1674 1054 ›
1734 1002 2053 1056 Verisimilis
2098 1003 2315 1071 quidem

751 1107 971 1166 apparet
1011 1098 1124 1151 lucc
1152 1099 1500 1165 conjectura;
1553 1097 1856 1155 praesertim
1915 1110 2036 1149 cum
2087 1095 2316 1164 apostoli

750 1207 856 1243 non
888 1190 1169 1244 videantur
1225 1191 1450 1259 profecti
1496 1190 1559 1242 ad
1625 1189 1949 1259 longinquas
2011 1186 2318 1257 provincias

750 1291 875 1336 ante
926 1285 1187 1352 scripturn
1235 1283 1471 1337 lllatthaei
1523 1283 1903 1352 Evangelium,
1970 1290 2029 1335 ut
2079 1279 2316 1334 dubitari

750 1377 836 1431 vix
884 1377 1076 1447 possit,
1147 1377 1277 1445 quin
1312 1376 1507 1446 singuli
1561 1375 1838 1444 exemplar
1893 1373 2109 1443 aliquod
2173 1372 2318 1426 illius

751 1469 1021 1538 Evangelii
1074 1483 1260 1522 secum
1301 1467 1548 1520 tulerint.
1582 1466 1718 1522 Cum
1768 1475 1948 1520 autem
2003 1481 2111 1518 non
2159 1463 2316 1533 pauci

751 1578 814 1616 ex
847 1562 950 1615 illis
992 1560 1467 1630 proficiscerentur
1523 1559 1586 1613 ad
1641 1558 1967 1628 provincias,
2021 1557 2072 1610 in
2122 1557 2316 1625 quibus

750 1656 860 1710 fere
884 1656 994 1708 sola
1029 1655 1228 1708 usitata
1259 1663 1376 1708 erat
1416 1653 1593 1723 lingua
1627 1651 1832 1716 Grarca,
1870 1651 2314 1704 verisimillimum

749 1758 852 1810 est,
887 1750 1005 1802 illos
1027 1746 1276 1801 Grazcum
1309 1747 1488 1815 potius
1520 1747 1819 1814 exemplar,
1873 1754 1932 1797 ut
1984 1753 2194 1796 constat
2253 1744 2318 1796 de

2420 554 2758 613 compertum
2800 542 2903 597 sibi
2968 542 3160 595 fuisse.
3222 539 3436 593 Etenim
3493 537 3703 591 nullam
3757 536 4004 589 nominat

2420 636 2757 705 provinciam
2787 642 2883 688 aut
2911 634 3126 694 urbem,
3160 632 3214 685 in
3251 647 3355 700 qua
3391 630 3552 683 ﬁdem
3611 628 4001 698 pradicaverit

2419 727 2728 790 Mattbams,
2761 736 2954 796 praeter
3003 725 3336 794 llierapolim
3393 722 3584 795 Syriae,
3615 723 3668 776 in
3699 739 3812 792 qua
3847 739 4002 776 mar-

2421 819 2557 889 tyrio
2593 828 2911 873 coronatum
2969 818 3218 873 credidit.
3262 815 3374 871 l’lac
3426 816 3492 870 de
3538 829 3731 878 causa,
3789 817 4000 882 Opinor,

2417 927 2541 982 pag.
2579 910 2685 964 404
2739 925 2804 963 ex
2871 910 2986 963 sola
3047 909 3422 964 verisimiliter
3475 908 3800 976 conjectura
3860 905 4001 968 dicit,

2420 1006 2598 1074 ipsum
2637 1019 2866 1074 corpore
2898 1004 3064 1058 fuisse
3097 1003 3474 1069 imbecilliore,
3526 1000 4001 1070 Evangelinmque

2418 1099 2725 1167 scripsisse,
2755 1098 2882 1152 dum
2906 1097 2993 1151 alii
3019 1097 3159 1166 apud
3187 1098 3363 1150 varias
3387 1104 3575 1168 gentes
3603 1092 4002 1165 praedicabant.

2419 1191 2672 1246 Pluribus
2698 1206 2830 1245 sane
2873 1190 3054 1244 verbis
3099 1191 3149 1244 id
3208 1190 3403 1244 Orator
3461 1189 3844 1258 prosequitur,
3917 1185 4003 1238 scd

2420 1300 2587 1354 pauca
2611 1283 2899 1346 sufﬁcient,
2931 1298 3058 1336 cum
3096 1292 3309 1337 constet
3341 1283 3406 1336 de
3427 1283 3631 1351 scripto
3666 1283 4001 1354 Evangelio:

2426 1394 2444 1426 ι
2478 1372 2718 1443 Quaeque
2747 1375 2883 1428 adeo
2921 1374 3112 1443 reliqui
3163 1373 3436 1442 (apostoli)
3492 1374 3754 1443 gentibus
3805 1375 4006 1443 lingua

2422 1481 2650 1522 munere
2685 1481 2791 1519 non
2824 1465 3028 1533 scripta
3063 1466 3421 1528 tradiderant,
3451 1466 3566 1520 haec
3601 1483 3844 1536 magnus
3881 1467 4009 1520 Blat-

2423 1564 2594 1614 thmus
2652 1558 2856 1626 scripta
2929 1557 3388 1610 commentatione
3471 1571 3682 1611 summa
3745 1560 4009 1627 colligens

2423 1661 2592 1706 totum
2653 1649 2812 1702 Verbi
2876 1646 3196 1718 mysterium
3267 1645 3438 1700 sacris
3515 1649 4006 1714 praedicationibus

2424 1744 2676 1798 intexuit.
2717 1761 2736 1794 ι
2781 1742 2854 1794 lta
2909 1741 3048 1810 ipse,
3104 1739 3403 1808 interprete
3458 1737 3817 1800 Comhefisio,
3873 1739 4007 1792 Mat-

750 1839 1017 1902 Barnaba,
1044 1814 1363 1907 sumpsisse,
1395 1852 1554 1904 quam
1618 1835 1964 1898 Hebraicum,
2004 1844 2059 1888 ut
2094 1835 2218 1886 illud
2265 1835 2316 1886 in
2348 1814 2394 1872 Β
2428 1837 2629 1888 thaaum
2691 1833 2897 1887 inducit
2931 1833 3285 1895 scribentem,
3341 1831 3466 1884 dum
3502 1830 3589 1883 alii
3638 1832 3881 1900 apostoli
3921 1849 4011 1900 per

749 1931 992 1986 ecclesiis
1008 1929 1276 1998 erigendis
1307 1927 1587 1998 legendum
1620 1925 1750 1980 dare
1787 1938 2010 1994 possent
2036 1934 2088 1978 et
2118 1924 2319 1978 exscri-

752 2022 1008 2077 bendum.
1037 2021 1422 2075 Verumtamen
1456 2020 1781 2089 conjecturae
1806 2028 2013 2072 tantuut
2045 2028 2172 2072 sunt
2203 2017 2316 2082 lue;

751 2126 931 2180 neque
970 2110 1103 2164 certi
1138 2109 1342 2179 aliquid
1387 2107 1617 2178 proferri
1677 2116 1854 2178 potest
1901 2108 1969 2162 de
2015 2107 2179 2161 rebus
2234 2107 2320 2160 in-

752 2205 937 2259 certis.

823 2297 910 2350 47.
943 2294 1084 2360 Quin
1115 2303 1170 2348 et
1195 2295 1355 2348 verba
1391 2292 1733 2362 Papiae,data
1759 2308 1909 2345 num.
1940 2292 2321 2355 50,contraria

752 2384 1007 2440 videntur
1042 2384 1199 2438 dictis
1229 2382 1577 2454 conjecturis,
1614 2381 1657 2434 si
1710 2381 2054 2450 intelligenda
2105 2381 2215 2434 sint
2259 2396 2322 2434 eo

755 2492 941 2540 sensu,
971 2491 1078 2543 quo
1099 2475 1301 2545 passim
1328 2481 1695 2544 exponuntur.
1733 2490 1749 2523 ι
1779 2472 2062 2527 Matthzeus
2079 2473 2320 2545 quidem,

757 2567 952 2636 inquit,
981 2566 1246 2621 llehraico
1279 2581 1530 2620 sermone
1561 2567 1738 2620 divina
1803 2567 2021 2636 scripsit
2054 2567 2272 2621 oracula
2307 2584 2319 2620 :

757 2660 1148 2728 interpretatus
1179 2667 1262 2713 est
1319 2671 1502 2714 autent
1545 2658 1920 2728 unusquisque
1978 2659 2090 2722 illa,
2163 2670 2323 2728 prout

758 2752 952 2820 potuit.
986 2770 1004 2802 ›
1044 2751 1167 2805 llaec
1199 2749 1362 2805 verba
1387 2768 1416 2804 a
1443 2751 1604 2804 variis
1632 2750 1703 2803 ita
1735 2750 1975 2820 exposita
2009 2752 2191 2816 video,
2214 2751 2321 2805 acsi

755 2846 949 2915 Papias
1008 2846 1252 2910 dixisset,
1306 2859 1746 2912 unumquemque
1797 2859 1894 2912 pro
1949 2859 2047 2898 suo
2106 2843 2324 2915 ingenio

754 2951 1066 3008 aggressum
1102 2951 1220 2990 esse
1261 2935 1761 3005 interpretationem
1820 2935 2084 2990 Grzecam.
2151 2938 2219 2990 At
2260 2953 2323 2992 ea

756 3031 934 3099 Papia:
965 3030 1250 3084 verborum
1277 3030 1546 3099 expositio
1576 3045 1922 3100 nequaquam
1956 3031 2090 3084 mihi
2125 3046 2322 3084 ncces-

2429 1928 2692 1982 mundum
2727 1925 3130 1989 discurrebant,
3159 1936 3213 1977 et
3246 1925 3485 1993 undique
3513 1939 3664 1978 sacra
3719 1922 4007 1994 Evangelii

2425 2022 2633 2075 semina
2662 2019 2959 2088 jaciebant.
2997 2018 3194 2072 Verum
3228 2033 3329 2072 nec
3395 2017 3833 2070 imbecillitatem
3891 2032 4010 2070 cor-

2425 2118 2594 2186 poris,
2630 2115 2697 2170 de
2726 2130 2829 2184 qua
2865 2113 3000 2166 nihil
3029 2112 3172 2182 apud
3196 2109 3822 2172 vetrrstiorethtthmo
3840 2109 4011 2165 fuisse

2427 2206 2824 2276 impedimento
2852 2204 3070 2273 Opinor,
3103 2217 3211 2270 quo
3245 2201 3424 2255 minus
3467 2200 3830 2271 Evangelium
3865 2218 4012 2270 pra:-

2427 2298 2681 2358 dicaret;
2747 2309 2850 2348 nec
2895 2295 3171 2347 assentior
3205 2291 3428 2355 Nicetaz,
3479 2301 3606 2345 tunc
3665 2307 3694 2345 a
3755 2292 4013 2346 Matthiae

2427 2387 2694 2457 scriptum
2752 2384 2924 2439 fuisse
2963 2383 3338 2455 Evangelium,
3387 2384 3603 2453 quando
3637 2385 3725 2437 alii
3774 2385 4012 2454 apostoli

2426 2483 2490 2534 ad
2520 2482 2841 2552 longinquas
2875 2479 3106 2550 profecti
3141 2488 3297 2532 erant
3326 2477 3669 2548 provincias;
3721 2479 3844 2539 sed,
3881 2493 4004 2530 cum

2428 2574 2540 2644 ipse
2569 2573 2788 2628 Nicetas
2823 2588 2943 2642 pag.
2989 2571 3094 2625 406
3139 2571 3306 2635 dicat,
3342 2569 3593 2624 omittere
3633 2584 3690 2622 se
3742 2571 4013 2636 praeclara

2428 2676 2601 2735 gesta,
2669 2664 3074 2733 prredicationis
3139 2663 3394 2716 nimirum
3474 2669 3528 2713 et
3593 2660 4013 2725 miraculorum,

2427 2758 2611 2813 malim
2640 2757 2888 2820 credere,
2921 2765 3193 2808 oratorem
3246 2753 3387 2807 nihil
3418 2754 3554 2807 certi
3599 2752 3667 2806 de
3700 2753 3812 2806 illis
3865 2753 4017 2807 inve-

2429 2853 2594 2914 nisse,
2654 2863 2815 2920 quam
2860 2847 3170 2902 Matthzeum
3243 2862 3350 2901 non
3405 2846 3732 2915 pradicasse
3786 2859 4019 2915 :neque

2428 2944 2574 2998 enim
2670 2943 2891 3013 scriptio
2967 2941 3237 3013 Evangelii
3322 2951 3474 2996 tanto
3569 2952 3823 3010 tempore
3897 2955 4015 2994 san-

2429 3049 2578 3093 ctum
2630 3037 2881 3092 detinere
2919 3035 3129 3102 debuit,
3155 3045 3210 3088 ut
3263 3049 3369 3087 non
3396 3034 3637 3102 potuerit
3661 3033 3861 3086 eodem
3894 3047 4014 3085 cum

761 3124 904 3174 saria
953 3120 1186 3183 ﬁdeli".
1235 3120 1344 3174 ίηιο
1379 3136 1446 3173 ηε
1495 3121 1626 3173 salis
1676 3121 1892 3189 quidem
1954 3122 2249 3190 Pr0b3bll'5
2308 3139 2393 3214 τε
2431 3131 2548 3185 aliis
2589 3140 2834 3199 tempore
2889 3127 3164 3198 proficisci
3223 3126 3288 3180 ad
3346 3125 3688 3196 provinciam
3730 3124 3837 3178 sibi
3879 3124 4016 3178 assi—

761 3228 884 3267 nam
917 3227 1019 3268 vox
1074 3211 1429 3282 unusquisque
1492 3220 1702 3266 tantum
1745 3214 1984 3268 insinuat
2034 3230 2322 3270 numerum

758 3306 1136 3371 interpretum,
1172 3314 1229 3357 ut
1261 3317 1369 3356 non
1425 3302 1517 3357 fiat
1555 3304 1868 3370 verisimile,
1908 3304 2130 3375 Papiam
2171 3307 2324 3360 locu-

757 3403 873 3446 tum
905 3406 1026 3446 esse
1075 3391 1140 3446 de
1169 3392 1622 3462 interpretatione
1677 3395 1845 3448 totius
1897 3396 2172 3462 Evangelii
2211 3398 2327 3448 sive

758 3483 1110 3540 translatione
1163 3486 1217 3539 in
1275 3487 1512 3556 linguam
1593 3487 1856 3539 Graecam.
1918 3485 2096 3551 Quare
2154 3487 2326 3541 solum

757 3577 913 3639 dicit,
951 3576 1136 3630 divina
1182 3575 1409 3631 Oracula
1467 3593 1495 3630 a
1554 3576 1807 3632 hlatthmu
1843 3580 2042 3647 scripto
2092 3579 2326 3643 tradita;

757 3667 826 3721 ab
848 3667 968 3722 aliis
992 3683 1119 3722 vero
1147 3683 1244 3737 pro
1269 3669 1694 3739 uniuscujusque
1724 3671 2027 3738 capacitate
2054 3672 2219 3726 verbo
2237 3683 2329 3726 aut

759 3761 963 3829 scripto
990 3762 1255 3829 exposita.
1308 3759 1492 3826 Itaque
1519 3761 1670 3813 nullo
1724 3762 1884 3814 modo
1922 3762 2131 3814 videtur
2178 3764 2327 3831 loqui

763 3854 829 3906 de
854 3853 1210 3905 translatione
1245 3851 1520 3921 Evangelii
1564 3850 1612 3903 in
1661 3851 1898 3923 linguam
1938 3851 2200 3917 Greciam,
2234 3857 2328 3910 sed

761 3945 842 3998 vel
875 3943 1048 3998 solum
1075 3941 1140 3997 de
1176 3943 1565 4014 praedicatione
1600 3943 1900 4014 Evangelii,
1945 3947 2027 4000 vel
2051 3949 2116 4000 de
2147 3964 2324 4018 expu-

762 4037 960 4092 sitione
996 4053 1210 4102 eorum,
1234 4051 1355 4104 quae
1391 4036 1445 4088 in
1474 4037 1767 4106 Evangelio
1805 4036 2042 4090 Mattha-i
2072 4054 2330 4093 occurre-

765 4130 897 4184 bant
925 4129 1256 4183 difficiliora.
1298 4127 1412 4183 lloc
1457 4127 1651 4182 fecisse
1681 4145 2126 4201 unumquemque
2151 4135 2331 4188 docto.

766 4239 886 4277 rum
939 4222 1095 4277 facile
1128 4221 1447 4276 credimus:
1486 4231 1542 4275 at
1590 4237 2034 4291 unumquemque
2084 4239 2180 4293 pro
2232 4240 2332 4279 suo

761 4316 980 4387 ingenio
1021 4313 1372 4384 Evangelium
1433 4311 1670 4366 Matthazi
1710 4311 1958 4366 Gracum
1993 4314 2175 4368 facere
2238 4331 2324 4370 vo-

762 4409 950 4472 luisse,
991 4421 1091 4461 nec
1122 4403 1414 4460 verisimile
1463 4412 1571 4471 est,
1613 4419 1715 4459 nec
1753 4404 1885 4460 dicit
1938 4404 2149 4475 Papias.
2205 4407 2329 4464 Sola

2428 3230 2664 3292 gnatam.

2499 3312 2584 3365 49.
2624 3312 2908 3367 Ρνονὶηςὶο
2941 3322 3144 3374 autem,
3183 3324 3303 3377 qua:
3336 3309 3388 3360 in
3448 3307 3602 3360 Actis
3655 3307 3896 3361 edendis
3965 3318 4017 3361 et

2429 3404 2658 3457 aliorum
2697 3402 3012 3456 testimonio
3043 3401 3318 3471 assignata
3371 3399 3472 3453 fuit
3517 3408 3711 3452 sancto
3737 3398 4017 3462 Matthxi),

2430 3510 2512 3553 est
2563 3495 2832 3565 EthiOpia
2857 3537 2873 3564 ,
2903 3495 3225 3550 latissimum
3288 3492 3486 3548 Africae
3523 3509 3782 3564 regnum.
3839 3496 3884 3546 si
3923 3508 4018 3545 vox

2434 3589 2714 3661 Aithiopia
2748 3588 2819 3644 sit
2850 3586 3203 3658 intelligenda
3223 3600 3387 3641 sensu
3421 3587 3661 3640 maxime
3692 3585 3885 3640 obvio.
3917 3584 4019 3637 ltu-

2431 3685 2595 3750 finus,
2631 3686 2724 3740 lib.
2759 3701 2814 3750 χ,
2839 3699 2963 3753 cap.
2998 3684 3052 3749 9,
3091 3682 3207 3736 hate
3239 3681 3471 3737 scribit:
3522 3682 3613 3735 «ιιι
3650 3697 3717 3736 ea
3742 3680 4016 3734 divisione

2431 3777 2582 3831 orbis
2639 3785 2819 3838 terrae,
2865 3788 2986 3842 quae
3041 3773 3109 3826 ad
3169 3773 3579 3842 praedicandum
3639 3775 3881 3828 verbum
3931 3773 4017 3826 Dei

2433 3877 2580 3925 sorte
2606 3883 2705 3938 per
2734 3866 3012 3938 apostolos
3043 3864 3321 3920 celebrata
3361 3872 3482 3928 est;
3536 3878 3662 3917 cum
3720 3861 3848 3916 aliae
3906 3865 4018 3918 aliis

2434 3963 2730 4033 provinciae
2755 3963 3133 4025 obvenissent,
3166 3957 3390 4013 Thema:
3411 3957 3652 4022 Parthia,
3680 3966 3739 4010 et
3763 3956 4016 4011 Martha-0

2435 4052 2739 4120 Aithiopia,
2779 4052 2939 4118 eique
2967 4051 3254 4103 adhaerens
3285 4051 3509 4104 citerior
3534 4049 3692 4103 India
3728 4048 4019 4103 Bartholo-

2436 4153 2572 4194 mare
2602 4138 2803 4193 dicitur
2839 4146 2988 4191 sorte
3014 4136 3256 4190 decreta.
3286 4156 3304 4188 ›
3340 4137 3539 4192 Eodem
3575 4140 3695 4194 fere
3738 4143 3913 4197 modo
3938 4139 4022 4194 So-

2435 4242 2637 4294 crates,
2675 4230 2769 4283 lih.
2794 4243 2832 4292 t,
2866 4242 2987 4298 cap.
3039 4227 3104 4282 i9
3139 4243 3152 4281 :
3197 4246 3211 4277 ι
3242 4225 3377 4281 Cum
3409 4231 3639 4298 apostoli
3670 4233 4022 4297 praedicatio-

2436 4323 2522 4374 nis
2541 4337 2708 4374 causa
2735 4319 2801 4374 ad
2844 4329 3035 4392 gentes
3067 4316 3386 4388 profecturi,
3437 4334 3529 4370 eas
3557 4318 3709 4372 inter
3735 4335 3798 4374 se
3827 4327 4020 4376 sortito

2436 4411 2756 4475 dividerint,
2802 4410 3041 4464 Thomas
3114 4411 3334 4480 quidem
3401 4410 3659 4475 Parthia),
3726 4412 4020 4470 Mattlncus

762 4499 1169 4554 neotericomm
1243 4497 1510 4564 expositio
1571 4496 1901 4550 sententiam
1953 4497 2097 4551 illam
2154 4497 2329 4569 Papia:
2357 4512 2408 4571 ι)
2440 4519 2569 4558 vero
2595 4501 2889 4573 zEthiopia:
2913 4503 3280 4571 apostolatum
3311 4502 3542 4557 sortitus
3567 4517 3674 4557 est.
3725 4505 4021 4562 Bartholo-

764 4592 1033 4656 attribuit,
1069 4588 1196 4643 licet
1223 4603 1325 4644 vox
1355 4586 1539 4642 Graeca
1586 4589 1922 4658 ἡρμήνευσε,
1954 4591 2328 4659 interpretatus

766 4697 869 4752 est,
910 4686 1056 4740 illam
1081 4681 1481 4752 expositionem
1508 4682 1738 4736 minime
1784 4683 2049 4752 requirat,
2081 4684 2173 4738 sed
2201 4701 2330 4755 pro-

767 4786 888 4847 pter
949 4775 1200 4843 adjuncta
1252 4773 1433 4844 potius
1480 4784 1696 4828 renuat.
1724 4775 1946 4829 Certum
1997 4776 2162 4845 igitur
2212 4793 2331 4833 esse

767 4870 948 4932 debet,
994 4868 1366 4938 apostolorum
1402 4879 1647 4938 tempore
1686 4871 1881 4924 factam
1949 4886 2071 4924 esse
2129 4875 2334 4927 versio-

768 4975 890 5014 nem
916 4959 1188 5025 Graecam,
1222 4960 1548 5030 unicamque
1576 4959 1743 5015 fuisse
1797 4963 2177 5031 approbatam,
2206 4979 2330 5018 cum

771 5052 835 5109 de
859 5053 1107 5120 pluribus
1136 5053 1320 5105 nullus
1338 5052 1670 5105 meminerit.
1707 5053 1934 5121 Reliqua
1966 5055 2031 5107 ad
2087 5053 2334 5124 Evange-

769 5139 900 5192 limn
937 5139 1172 5193 Matthaei
1208 5140 1512 5209 spectantia
1560 5139 1949 5209 interpretibus
1991 5157 2158 5197 sacra:
2188 5145 2336 5197 Scri-

772 5243 940 5299 ptura:
971 5234 1327 5287 examinanda
1358 5233 1632 5303 relinquo.

769 5369 795 5439 ᾗ
849 5367 938 5422 ιν.
981 5368 1292 5421 I’ra'dicatio
1339 5368 1512 5420 sancti
1569 5367 1809 5423 Matt/uni
1869 5380 1916 5423 et
1990 5369 2331 5438 Martyrium.

841 5507 931 5559 48.
950 5506 1022 5559 De
1045 5505 1428 5574 prmdicatiune
1452 5507 1720 5575 Evangelii
1744 5507 1797 5558 in
1818 5506 2022 5568 Juda’a,
2044 5515 2333 5574 antequam

770 5597 1001 5664 apostoli
1043 5597 1096 5650 in
1123 5597 1433 5665 designatas
1461 5597 1565 5649 sibi
1605 5598 1913 5666 provincias
1941 5599 2333 5664 discesserunt,

772 5689 980 5742 nullum
1010 5698 1091 5742 est
1121 5689 1369 5742 dubium.
1427 5689 1642 5743 Nicetas
1673 5691 1945 5759 Paphlago
1985 5694 2035 5742 in
2078 5691 2335 5746 Oratione

771 5783 1178 5847 encomiastica,
1208 5784 1346 5851 apud
1377 5781 1793 5846 Comhelisium,
1835 5801 1953 5853 pag.
1979 5785 2102 5850 404,
2138 5799 2334 5840 osten-

2441 4613 2574 4651 maeo
2609 4598 2779 4658 India,
2818 4610 2937 4664 quae
2965 4593 3259 4662 Ethiopian
3295 4598 3526 4648 continis
3588 4604 3700 4662 cst,
3742 4599 3964 4670 obtigit.
4005 4620 4020 4651 ›

2439 4689 2668 4743 Accedit
2690 4686 3028 4740 Fortunatus
3050 4685 3192 4739 infra
3217 4685 3529 4741 laudandus
3559 4702 3688 4742 cum
3745 4690 3882 4746 aliis
3914 4696 4026 4761 plu-

2439 4782 2615 4844 ribus,
2651 4780 2794 4832 inter
2824 4791 2964 4848 quos
3020 4776 3147 4831 Milo
3198 4779 3499 4833 monachus
3537 4778 3591 4832 in
3641 4780 3768 4834 Vita
3796 4783 4026 4835 metrica

2441 4877 2498 4928 ὃ.
2531 4871 2787 4937 Amandi,
2819 4881 2948 4925 tum.
2996 4870 3013 4923 l
3063 4869 3352 4925 Februarii
3415 4872 3562 4937 data,
3618 4888 3746 4942 pag.
3797 4872 3912 4930 87$
3961 4876 4026 4928 ita

2442 4969 2590 5022 canit
2615 4983 2627 5016 :

2443 5075 2725 5131 Matthwus
2759 5071 3037 5141 ﬁthiopas
3071 5082 3295 5126 torrente
3320 5075 3507 5128 ardore
3541 5089 3808 5132 crematos

2447 5147 2506 5200 Ut
2542 5144 2682 5199 Geou
2713 5145 2936 5196 eximius
2964 5159 3172 5196 sacrato
3203 5147 3360 5197 diluit
3395 5159 3573 5209 amne,

2445 5216 2518 5270 Et
2547 5218 2674 5285 facit
2713 5217 2766 5266 in
2801 5215 3020 5280 speciem
3049 5214 3180 5266 toto;
3217 5217 3441 5268 candere
3478 5218 3734 5272 nivalem.

2516 5329 2604 5383 50.
2641 5326 3013 5381 Florentinius
3053 5327 3108 5380 in
3142 5325 3294 5381 Notis
3328 5329 3394 5382 ad
3442 5327 3754 5385 lndiculum
3800 5344 4023 5401 aposto-

2443 5422 2621 5474 lorum
2678 5419 2731 5472 in
2785 5417 3040 5471 Matthteo
3069 5434 3189 5488 pag.
3258 5419 3360 5474 158
3427 5422 3555 5474 ait:
3602 5441 3620 5473 ι
3661 5421 4024 5479 Communior

2444 5520 2628 5564 autem
2653 5512 2874 5563 videtur
2903 5511 3198 5574 sententia,
3235 5510 3552 5567 Matthzeum
3604 5518 3944 5584 praedicasse
3975 5524 4021 5571 in

2444 5604 2683 5656 citeriori
2710 5600 3008 5671 .Ethiopia,
3040 5618 3159 5670 qua:
3186 5605 3418 5658 vicinior
3448 5616 3534 5660 est
3563 5605 3802 5678 ASgypto
3834 5623 4026 5679 etqua:

2448 5691 2662 5743 Sonnar
2732 5692 2892 5745 hodie
2944 5693 3163 5754 dicitur,
3228 5709 3292 5748 ac
3361 5706 3644 5752 mortuum
3693 5702 3750 5752 in
3807 5705 4025 5755 civitate

2449 5784 2597 5836 Luch
2636 5785 2796 5853 {apud
2827 5801 2856 5836 a
2899 5784 3096 5855 Lapide
3131 5785 3336 5858 Luach)
3370 5788 3460 5843 ubi
3494 5791 3799 5847 etiamnum
3830 5795 4023 5862 templa
