  <div class='ocr_page' id='page_1' title='image "/cluster/home/n/w/nwhite01/storage/ocr_20150623/115/pst.000005714285/480.png"; bbox 0 0 4156 6314; ppageno 0'>
   <div class='ocr_carea' id='block_1_1' title="bbox 162 427 254 490">
    <p class='ocr_par' dir='ltr' id='par_1_1' title="bbox 162 427 254 490">
     <span class='ocr_line' id='line_1_1' title="bbox 162 427 254 490; baseline 0.011 -2"><span class='ocrx_word' id='word_1_1' title='bbox 162 427 254 490; x_wconf 81' lang='grc'><strong>781</strong></span> 
     </span>
    </p>
   </div>
   <div class='ocr_carea' id='block_1_2' title="bbox 1410 420 2117 482">
    <p class='ocr_par' dir='ltr' id='par_1_2' title="bbox 1410 420 2117 482">
     <span class='ocr_line' id='line_1_2' title="bbox 1410 420 2117 482; baseline 0 0"><span class='ocrx_word' id='word_1_2' title='bbox 1410 423 1585 482; x_wconf 75' lang='grc' dir='ltr'><strong>νιτΑ</strong></span> <span class='ocrx_word' id='word_1_3' title='bbox 1629 422 1687 481; x_wconf 90' lang='lat' dir='ltr'><strong>S.</strong></span> <span class='ocrx_word' id='word_1_4' title='bbox 1731 420 2117 482; x_wconf 76' lang='lat' dir='ltr'><strong>MATTII.E[.</strong></span> 
     </span>
    </p>
   </div>
   <div class='ocr_carea' id='block_1_3' title="bbox 3277 431 3382 490">
    <p class='ocr_par' dir='ltr' id='par_1_3' title="bbox 3277 431 3382 490">
     <span class='ocr_line' id='line_1_3' title="bbox 3277 431 3382 490; baseline 0.038 -3"><span class='ocrx_word' id='word_1_5' title='bbox 3277 431 3382 490; x_wconf 67' lang='grc'><strong>782</strong></span> 
     </span>
    </p>
   </div>
   <div class='ocr_carea' id='block_1_4' title="bbox 165 536 3388 614">
    <p class='ocr_par' dir='ltr' id='par_1_4' title="bbox 165 536 3388 614">
     <span class='ocr_line' id='line_1_4' title="bbox 165 536 3388 614; baseline 0 -14"><span class='ocrx_word' id='word_1_6' title='bbox 165 549 216 600; x_wconf 92' lang='lat' dir='ltr'><strong>in</strong></span> <span class='ocrx_word' id='word_1_7' title='bbox 244 548 502 600; x_wconf 93' lang='lat' dir='ltr'><strong>honorem</strong></span> <span class='ocrx_word' id='word_1_8' title='bbox 531 544 706 599; x_wconf 89' lang='lat' dir='ltr'><strong>sancti</strong></span> <span class='ocrx_word' id='word_1_9' title='bbox 734 540 970 597; x_wconf 70' lang='lat' dir='ltr'><strong>Matthaei</strong></span> <span class='ocrx_word' id='word_1_10' title='bbox 1003 552 1216 596; x_wconf 80' lang='lat' dir='ltr'><strong>exstare</strong></span> <span class='ocrx_word' id='word_1_11' title='bbox 1250 538 1415 593; x_wconf 86' lang='lat' dir='ltr'><strong>habet</strong></span> <span class='ocrx_word' id='word_1_12' title='bbox 1448 554 1512 593; x_wconf 79' lang='lat' dir='ltr'><strong>ex</strong></span> <span class='ocrx_word' id='word_1_13' title='bbox 1545 538 1716 592; x_wconf 85' lang='lat' dir='ltr'><strong>tradi-</strong></span> <span class='ocrx_word' id='word_1_14' title='bbox 1751 543 1798 599; x_wconf 75' lang='grc' dir='ltr'><strong>Α</strong></span> <span class='ocrx_word' id='word_1_15' title='bbox 1824 536 2106 593; x_wconf 85' lang='lat' dir='ltr'><strong>Candaccs</strong></span> <span class='ocrx_word' id='word_1_16' title='bbox 2136 540 2331 609; x_wconf 80' lang='lat' dir='ltr'><strong>regina:</strong></span> <span class='ocrx_word' id='word_1_17' title='bbox 2363 541 2526 596; x_wconf 78' lang='lat' dir='ltr'><strong>fuisse</strong></span> <span class='ocrx_word' id='word_1_18' title='bbox 2562 542 2795 613; x_wconf 63' lang='lat' dir='ltr'><strong>Egypto</strong></span> <span class='ocrx_word' id='word_1_19' title='bbox 2828 545 3130 614; x_wconf 78' lang='lat' dir='ltr'><strong>proximum</strong></span> <span class='ocrx_word' id='word_1_20' title='bbox 3170 556 3222 600; x_wconf 94' lang='lat' dir='ltr'><strong>ct</strong></span> <span class='ocrx_word' id='word_1_21' title='bbox 3257 562 3388 601; x_wconf 87' lang='lat' dir='ltr'><strong>eon-</strong></span> 
     </span>
    </p>
   </div>
   <div class='ocr_carea' id='block_1_5' title="bbox 169 632 1720 705">
    <p class='ocr_par' dir='ltr' id='par_1_5' title="bbox 169 632 1720 705">
     <span class='ocr_line' id='line_1_5' title="bbox 169 632 1720 705; baseline -0.005 -14"><span class='ocrx_word' id='word_1_22' title='bbox 169 637 406 692; x_wconf 77' lang='lat' dir='ltr'><strong>tionibus</strong></span> <span class='ocrx_word' id='word_1_23' title='bbox 472 635 795 705; x_wconf 62' lang='lat' dir='ltr'><strong>A‘Ithiopum</strong></span> <span class='ocrx_word' id='word_1_24' title='bbox 866 637 943 703; x_wconf 84' lang='lat' dir='ltr'><strong>(et</strong></span> <span class='ocrx_word' id='word_1_25' title='bbox 995 635 1190 687; x_wconf 91' lang='lat' dir='ltr'><strong>litteris</strong></span> <span class='ocrx_word' id='word_1_26' title='bbox 1251 632 1720 688; x_wconf 89' lang='lat' dir='ltr'><strong>missionariorum</strong></span> 
     </span>
    </p>
   </div>
   <div class='ocr_carea' id='block_1_6' title="bbox 165 724 1722 799">
    <p class='ocr_par' dir='ltr' id='par_1_6' title="bbox 165 724 1722 799">
     <span class='ocr_line' id='line_1_6' title="bbox 165 724 1722 799; baseline -0.003 -18"><span class='ocrx_word' id='word_1_27' title='bbox 165 729 408 799; x_wconf 78' lang='lat' dir='ltr'><strong>quamvis</strong></span> <span class='ocrx_word' id='word_1_28' title='bbox 436 743 530 782; x_wconf 89' lang='lat' dir='ltr'><strong>eas</strong></span> <span class='ocrx_word' id='word_1_29' title='bbox 553 743 662 780; x_wconf 91' lang='lat' dir='ltr'><strong>non</strong></span> <span class='ocrx_word' id='word_1_30' title='bbox 697 727 898 781; x_wconf 84' lang='lat' dir='ltr'><strong>laudctl</strong></span> <span class='ocrx_word' id='word_1_31' title='bbox 935 726 1221 780; x_wconf 84' lang='lat' dir='ltr'><strong>Cornelius</strong></span> <span class='ocrx_word' id='word_1_32' title='bbox 1248 740 1276 777; x_wconf 87' lang='lat' dir='ltr'><strong>a</strong></span> <span class='ocrx_word' id='word_1_33' title='bbox 1307 724 1514 792; x_wconf 85' lang='lat' dir='ltr'><strong>Lapide</strong></span> <span class='ocrx_word' id='word_1_34' title='bbox 1541 737 1663 792; x_wconf 90' lang='lat' dir='ltr'><strong>cap.</strong></span> <span class='ocrx_word' id='word_1_35' title='bbox 1688 724 1722 777; x_wconf 77' lang='grc'><strong>5</strong></span> 
     </span>
    </p>
   </div>
   <div class='ocr_carea' id='block_1_7' title="bbox 164 818 1721 888">
    <p class='ocr_par' dir='ltr' id='par_1_7' title="bbox 164 818 1721 888">
     <span class='ocr_line' id='line_1_7' title="bbox 164 818 1721 888; baseline -0.001 -16"><span class='ocrx_word' id='word_1_36' title='bbox 164 819 421 874; x_wconf 78' lang='lat' dir='ltr'><strong>Proceniii</strong></span> <span class='ocrx_word' id='word_1_37' title='bbox 460 820 511 872; x_wconf 93' lang='lat' dir='ltr'><strong>in</strong></span> <span class='ocrx_word' id='word_1_38' title='bbox 550 819 883 874; x_wconf 76' lang='lat' dir='ltr'><strong>Matthzcum.</strong></span> <span class='ocrx_word' id='word_1_39' title='bbox 936 819 1180 888; x_wconf 76' lang='lat' dir='ltr'><strong>Regnum</strong></span> <span class='ocrx_word' id='word_1_40' title='bbox 1218 819 1349 872; x_wconf 91' lang='lat' dir='ltr'><strong>illud</strong></span> <span class='ocrx_word' id='word_1_41' title='bbox 1408 818 1721 887; x_wconf 69' lang='lat' dir='ltr'><strong>AithiOpiae,</strong></span> 
     </span>
    </p>
   </div>
   <div class='ocr_carea' id='block_1_8' title="bbox 163 910 1718 979">
    <p class='ocr_par' dir='ltr' id='par_1_8' title="bbox 163 910 1718 979">
     <span class='ocr_line' id='line_1_8' title="bbox 163 910 1718 979; baseline 0 -15"><span class='ocrx_word' id='word_1_42' title='bbox 163 911 302 979; x_wconf 92' lang='lat' dir='ltr'><strong>quod</strong></span> <span class='ocrx_word' id='word_1_43' title='bbox 336 912 406 964; x_wconf 88' lang='lat' dir='ltr'><strong>illi</strong></span> <span class='ocrx_word' id='word_1_44' title='bbox 445 910 679 972; x_wconf 88' lang='lat' dir='ltr'><strong>Sonnar,</strong></span> <span class='ocrx_word' id='word_1_45' title='bbox 725 911 812 963; x_wconf 86' lang='lat' dir='ltr'><strong>alii</strong></span> <span class='ocrx_word' id='word_1_46' title='bbox 854 910 1063 963; x_wconf 88' lang='lat' dir='ltr'><strong>Sennar</strong></span> <span class='ocrx_word' id='word_1_47' title='bbox 1102 912 1407 973; x_wconf 90' lang='lat' dir='ltr'><strong>nominant,</strong></span> <span class='ocrx_word' id='word_1_48' title='bbox 1438 912 1600 966; x_wconf 89' lang='lat' dir='ltr'><strong>situm</strong></span> <span class='ocrx_word' id='word_1_49' title='bbox 1633 918 1718 964; x_wconf 88' lang='lat' dir='ltr'><strong>est</strong></span> 
     </span>
    </p>
   </div>
   <div class='ocr_carea' id='block_1_9' title="bbox 163 1001 1719 1072">
    <p class='ocr_par' dir='ltr' id='par_1_9' title="bbox 163 1001 1719 1072">
     <span class='ocr_line' id='line_1_9' title="bbox 163 1001 1719 1072; baseline 0.001 -16"><span class='ocrx_word' id='word_1_50' title='bbox 163 1004 302 1056; x_wconf 90' lang='lat' dir='ltr'><strong>inter</strong></span> <span class='ocrx_word' id='word_1_51' title='bbox 341 1001 629 1072; x_wconf 60' lang='lat' dir='ltr'><strong>I‘Egyptum</strong></span> <span class='ocrx_word' id='word_1_52' title='bbox 655 1013 710 1056; x_wconf 90' lang='lat' dir='ltr'><strong>et</strong></span> <span class='ocrx_word' id='word_1_53' title='bbox 751 1017 973 1070; x_wconf 81' lang='lat' dir='ltr'><strong>regnum</strong></span> <span class='ocrx_word' id='word_1_54' title='bbox 1002 1003 1325 1057; x_wconf 88' lang='lat' dir='ltr'><strong>hodiernum</strong></span> <span class='ocrx_word' id='word_1_55' title='bbox 1362 1003 1719 1057; x_wconf 68' lang='lat' dir='ltr'><strong>Habessinize.</strong></span> 
     </span>
    </p>
   </div>
   <div class='ocr_carea' id='block_1_10' title="bbox 160 1094 1722 1163">
    <p class='ocr_par' dir='ltr' id='par_1_10' title="bbox 160 1094 1722 1163">
     <span class='ocr_line' id='line_1_10' title="bbox 160 1094 1722 1163; baseline 0.001 -13"><span class='ocrx_word' id='word_1_56' title='bbox 160 1096 328 1150; x_wconf 76' lang='lat' dir='ltr'><strong>Jobus</strong></span> <span class='ocrx_word' id='word_1_57' title='bbox 393 1094 673 1160; x_wconf 78' lang='lat' dir='ltr'><strong>Ludolius,</strong></span> <span class='ocrx_word' id='word_1_58' title='bbox 739 1096 792 1147; x_wconf 90' lang='lat' dir='ltr'><strong>in</strong></span> <span class='ocrx_word' id='word_1_59' title='bbox 851 1094 1090 1148; x_wconf 73' lang='lat' dir='ltr'><strong>Historia</strong></span> <span class='ocrx_word' id='word_1_60' title='bbox 1158 1095 1479 1163; x_wconf 65' lang='grc' dir='ltr'><strong>ίΕιΙιξορὶεα,</strong></span> <span class='ocrx_word' id='word_1_61' title='bbox 1541 1096 1634 1151; x_wconf 85' lang='lat' dir='ltr'><strong>lib.</strong></span> <span class='ocrx_word' id='word_1_62' title='bbox 1685 1113 1722 1158; x_wconf 86' lang='lat' dir='ltr'><strong>t,</strong></span> 
     </span>
    </p>
   </div>
   <div class='ocr_carea' id='block_1_11' title="bbox 163 1186 1723 1258">
    <p class='ocr_par' dir='ltr' id='par_1_11' title="bbox 163 1186 1723 1258">
     <span class='ocr_line' id='line_1_11' title="bbox 163 1186 1723 1258; baseline 0 -16"><span class='ocrx_word' id='word_1_63' title='bbox 163 1204 283 1258; x_wconf 89' lang='lat' dir='ltr'><strong>cap.</strong></span> <span class='ocrx_word' id='word_1_64' title='bbox 314 1188 371 1252; x_wconf 78' lang='lat'><strong>2,</strong></span> <span class='ocrx_word' id='word_1_65' title='bbox 420 1189 494 1241; x_wconf 88' lang='lat' dir='ltr'><strong>ait</strong></span> <span class='ocrx_word' id='word_1_66' title='bbox 546 1203 769 1258; x_wconf 82' lang='lat' dir='ltr'><strong>regnum</strong></span> <span class='ocrx_word' id='word_1_67' title='bbox 821 1186 1033 1240; x_wconf 87' lang='lat' dir='ltr'><strong>Sennar</strong></span> <span class='ocrx_word' id='word_1_68' title='bbox 1079 1204 1199 1243; x_wconf 86' lang='lat' dir='ltr'><strong>esse</strong></span> <span class='ocrx_word' id='word_1_69' title='bbox 1249 1196 1455 1258; x_wconf 88' lang='lat' dir='ltr'><strong>partem</strong></span> <span class='ocrx_word' id='word_1_70' title='bbox 1524 1189 1723 1242; x_wconf 82' lang='lat' dir='ltr'><strong>veteris</strong></span> 
     </span>
    </p>
   </div>
   <div class='ocr_carea' id='block_1_12' title="bbox 163 1278 1725 1349">
    <p class='ocr_par' dir='ltr' id='par_1_12' title="bbox 163 1278 1725 1349">
     <span class='ocr_line' id='line_1_12' title="bbox 163 1278 1725 1349; baseline 0 -16"><span class='ocrx_word' id='word_1_71' title='bbox 163 1279 371 1334; x_wconf 69' lang='lat' dir='ltr'><strong>Nubiae.</strong></span> <span class='ocrx_word' id='word_1_72' title='bbox 410 1279 719 1333; x_wconf 86' lang='lat' dir='ltr'><strong>Martiniere</strong></span> <span class='ocrx_word' id='word_1_73' title='bbox 759 1278 810 1332; x_wconf 94' lang='lat' dir='ltr'><strong>in</strong></span> <span class='ocrx_word' id='word_1_74' title='bbox 840 1278 1172 1334; x_wconf 86' lang='lat' dir='ltr'><strong>Dictionario</strong></span> <span class='ocrx_word' id='word_1_75' title='bbox 1201 1279 1561 1349; x_wconf 70' lang='lat' dir='ltr'><strong>geographico</strong></span> <span class='ocrx_word' id='word_1_76' title='bbox 1589 1281 1725 1333; x_wconf 88' lang='lat' dir='ltr'><strong>Sen-</strong></span> 
     </span>
    </p>
   </div>
   <div class='ocr_carea' id='block_1_13' title="bbox 165 1370 1722 1442">
    <p class='ocr_par' dir='ltr' id='par_1_13' title="bbox 165 1370 1722 1442">
     <span class='ocr_line' id='line_1_13' title="bbox 165 1370 1722 1442; baseline -0.001 -17"><span class='ocrx_word' id='word_1_77' title='bbox 165 1388 266 1426; x_wconf 88' lang='lat' dir='ltr'><strong>nar</strong></span> <span class='ocrx_word' id='word_1_78' title='bbox 289 1387 509 1442; x_wconf 80' lang='lat' dir='ltr'>regnum</span> <span class='ocrx_word' id='word_1_79' title='bbox 550 1386 671 1425; x_wconf 91' lang='lat' dir='ltr'><strong>cum</strong></span> <span class='ocrx_word' id='word_1_80' title='bbox 715 1386 882 1441; x_wconf 90' lang='lat' dir='ltr'><strong>regno</strong></span> <span class='ocrx_word' id='word_1_81' title='bbox 917 1370 1104 1426; x_wconf 73' lang='lat' dir='ltr'><strong>Nubize</strong></span> <span class='ocrx_word' id='word_1_82' title='bbox 1149 1372 1288 1426; x_wconf 90' lang='lat' dir='ltr'><strong>idem</strong></span> <span class='ocrx_word' id='word_1_83' title='bbox 1324 1371 1469 1425; x_wconf 80' lang='lat' dir='ltr'><strong>facit.</strong></span> <span class='ocrx_word' id='word_1_84' title='bbox 1523 1370 1722 1425; x_wconf 80' lang='lat' dir='ltr'><strong>Verum</strong></span> 
     </span>
    </p>
   </div>
   <div class='ocr_carea' id='block_1_14' title="bbox 169 1459 1725 1529">
    <p class='ocr_par' dir='ltr' id='par_1_14' title="bbox 169 1459 1725 1529">
     <span class='ocr_line' id='line_1_14' title="bbox 169 1459 1725 1529; baseline -0.001 -15"><span class='ocrx_word' id='word_1_85' title='bbox 169 1476 387 1515; x_wconf 85' lang='lat' dir='ltr'><strong>necesse</strong></span> <span class='ocrx_word' id='word_1_86' title='bbox 421 1475 527 1513; x_wconf 91' lang='lat' dir='ltr'><strong>non</strong></span> <span class='ocrx_word' id='word_1_87' title='bbox 578 1467 660 1513; x_wconf 88' lang='lat' dir='ltr'><strong>est</strong></span> <span class='ocrx_word' id='word_1_88' title='bbox 693 1460 758 1512; x_wconf 89' lang='lat' dir='ltr'><strong>ad</strong></span> <span class='ocrx_word' id='word_1_89' title='bbox 811 1461 1150 1529; x_wconf 78' lang='lat' dir='ltr'><strong>propositum</strong></span> <span class='ocrx_word' id='word_1_90' title='bbox 1189 1470 1435 1513; x_wconf 90' lang='lat' dir='ltr'><strong>nostrum</strong></span> <span class='ocrx_word' id='word_1_91' title='bbox 1486 1459 1646 1513; x_wconf 85' lang='lat' dir='ltr'><strong>latius</strong></span> <span class='ocrx_word' id='word_1_92' title='bbox 1676 1459 1725 1512; x_wconf 87' lang='lat' dir='ltr'><strong>id</strong></span> 
     </span>
    </p>
   </div>
   <div class='ocr_carea' id='block_1_15' title="bbox 171 1548 1731 1620">
    <p class='ocr_par' dir='ltr' id='par_1_15' title="bbox 171 1548 1731 1620">
     <span class='ocr_line' id='line_1_15' title="bbox 171 1548 1731 1620; baseline -0.003 -14"><span class='ocrx_word' id='word_1_93' title='bbox 171 1555 445 1619; x_wconf 81' lang='lat' dir='ltr'><strong>indagare.</strong></span> <span class='ocrx_word' id='word_1_94' title='bbox 490 1548 633 1604; x_wconf 82' lang='lat' dir='ltr'><strong>Satis</strong></span> <span class='ocrx_word' id='word_1_95' title='bbox 686 1561 772 1604; x_wconf 89' lang='lat' dir='ltr'><strong>est</strong></span> <span class='ocrx_word' id='word_1_96' title='bbox 813 1551 1078 1604; x_wconf 84' lang='lat' dir='ltr'><strong>indicasse</strong></span> <span class='ocrx_word' id='word_1_97' title='bbox 1107 1566 1328 1620; x_wconf 79' lang='lat' dir='ltr'><strong>regnum</strong></span> <span class='ocrx_word' id='word_1_98' title='bbox 1364 1551 1573 1604; x_wconf 87' lang='lat' dir='ltr'><strong>Sennar</strong></span> <span class='ocrx_word' id='word_1_99' title='bbox 1610 1564 1731 1604; x_wconf 80' lang='lat' dir='ltr'><strong>esse</strong></span> 
     </span>
    </p>
   </div>
   <div class='ocr_carea' id='block_1_16' title="bbox 168 1641 1729 1711">
    <p class='ocr_par' dir='ltr' id='par_1_16' title="bbox 168 1641 1729 1711">
     <span class='ocr_line' id='line_1_16' title="bbox 168 1641 1729 1711; baseline -0.001 -16"><span class='ocrx_word' id='word_1_100' title='bbox 168 1644 221 1696; x_wconf 92' lang='lat' dir='ltr'><strong>in</strong></span> <span class='ocrx_word' id='word_1_101' title='bbox 288 1651 438 1710; x_wconf 87' lang='lat' dir='ltr'><strong>parte</strong></span> <span class='ocrx_word' id='word_1_102' title='bbox 513 1643 924 1711; x_wconf 88' lang='lat' dir='ltr'><strong>septentrionali</strong></span> <span class='ocrx_word' id='word_1_103' title='bbox 1001 1641 1290 1710; x_wconf 64' lang='lat' dir='ltr'><strong>EthiOpite</strong></span> <span class='ocrx_word' id='word_1_104' title='bbox 1357 1653 1411 1696; x_wconf 90' lang='lat' dir='ltr'><strong>et</strong></span> <span class='ocrx_word' id='word_1_105' title='bbox 1489 1645 1729 1711; x_wconf 76' lang='lat' dir='ltr'><strong>proxima</strong></span> 
     </span>
    </p>
   </div>
   <div class='ocr_carea' id='block_1_17' title="bbox 170 1731 1731 1802">
    <p class='ocr_par' dir='ltr' id='par_1_17' title="bbox 170 1731 1731 1802">
     <span class='ocr_line' id='line_1_17' title="bbox 170 1731 1731 1802; baseline -0.001 -17"><span class='ocrx_word' id='word_1_106' title='bbox 170 1731 419 1801; x_wconf 71' lang='lat' dir='ltr'><strong>A&#39;Igvpto.</strong></span> <span class='ocrx_word' id='word_1_107' title='bbox 461 1732 516 1785; x_wconf 90' lang='lat' dir='ltr'><strong>In</strong></span> <span class='ocrx_word' id='word_1_108' title='bbox 557 1733 744 1786; x_wconf 87' lang='lat' dir='ltr'><strong>eadem</strong></span> <span class='ocrx_word' id='word_1_109' title='bbox 767 1747 983 1801; x_wconf 90' lang='lat' dir='ltr'><strong>quoque</strong></span> <span class='ocrx_word' id='word_1_110' title='bbox 1009 1731 1304 1801; x_wconf 67' lang='lat' dir='ltr'><strong>AithiOpia:</strong></span> <span class='ocrx_word' id='word_1_111' title='bbox 1337 1745 1487 1802; x_wconf 86' lang='lat' dir='ltr'><strong>parte</strong></span> <span class='ocrx_word' id='word_1_112' title='bbox 1516 1743 1731 1802; x_wconf 85' lang='lat' dir='ltr'><strong>aposto-</strong></span> 
     </span>
    </p>
   </div>
   <div class='ocr_carea' id='block_1_18' title="bbox 169 1822 1728 1893">
    <p class='ocr_par' dir='ltr' id='par_1_18' title="bbox 169 1822 1728 1893">
     <span class='ocr_line' id='line_1_18' title="bbox 169 1822 1728 1893; baseline 0.001 -20"><span class='ocrx_word' id='word_1_113' title='bbox 169 1824 341 1874; x_wconf 91' lang='lat' dir='ltr'><strong>lorum</strong></span> <span class='ocrx_word' id='word_1_114' title='bbox 373 1824 708 1892; x_wconf 87' lang='lat' dir='ltr'><strong>temporibus</strong></span> <span class='ocrx_word' id='word_1_115' title='bbox 737 1839 995 1893; x_wconf 88' lang='lat' dir='ltr'><strong>regnassc</strong></span> <span class='ocrx_word' id='word_1_116' title='bbox 1024 1822 1312 1877; x_wconf 79' lang='lat' dir='ltr'><strong>Candacen</strong></span> <span class='ocrx_word' id='word_1_117' title='bbox 1341 1825 1601 1893; x_wconf 77' lang='lat' dir='ltr'><strong>reginam,</strong></span> <span class='ocrx_word' id='word_1_118' title='bbox 1635 1838 1728 1875; x_wconf 91' lang='lat' dir='ltr'><strong>cu-</strong></span> 
     </span>
    </p>
   </div>
   <div class='ocr_carea' id='block_1_19' title="bbox 165 1897 1804 1982">
    <p class='ocr_par' dir='ltr' id='par_1_19' title="bbox 165 1897 1804 1982">
     <span class='ocr_line' id='line_1_19' title="bbox 165 1897 1804 1982; baseline -0.001 -15"><span class='ocrx_word' id='word_1_119' title='bbox 165 1915 256 1982; x_wconf 85' lang='lat' dir='ltr'><strong>jus</strong></span> <span class='ocrx_word' id='word_1_120' title='bbox 280 1914 564 1968; x_wconf 89' lang='lat' dir='ltr'><strong>eunuchus</strong></span> <span class='ocrx_word' id='word_1_121' title='bbox 595 1930 623 1967; x_wconf 88' lang='lat' dir='ltr'><strong>a</strong></span> <span class='ocrx_word' id='word_1_122' title='bbox 649 1925 838 1968; x_wconf 90' lang='lat' dir='ltr'><strong>sancto</strong></span> <span class='ocrx_word' id='word_1_123' title='bbox 867 1913 1120 1982; x_wconf 88' lang='lat' dir='ltr'><strong>Philippo</strong></span> <span class='ocrx_word' id='word_1_124' title='bbox 1156 1915 1386 1967; x_wconf 79' lang='lat' dir='ltr'><strong>diacono</strong></span> <span class='ocrx_word' id='word_1_125' title='bbox 1425 1917 1728 1982; x_wconf 77' lang='lat' dir='ltr'><strong>baptizatus</strong></span> <span class='ocrx_word' id='word_1_126' title='bbox 1768 1897 1804 1947; x_wconf 60' lang='grc'>⁸</span> 
     </span>
    </p>
   </div>
   <div class='ocr_carea' id='block_1_20' title="bbox 167 2004 1729 2074">
    <p class='ocr_par' dir='ltr' id='par_1_20' title="bbox 167 2004 1729 2074">
     <span class='ocr_line' id='line_1_20' title="bbox 167 2004 1729 2074; baseline -0.002 -15"><span class='ocrx_word' id='word_1_127' title='bbox 167 2015 273 2067; x_wconf 87' lang='lat' dir='ltr'><strong>est.</strong></span> <span class='ocrx_word' id='word_1_128' title='bbox 301 2007 514 2058; x_wconf 88' lang='lat' dir='ltr'><strong>abunde</strong></span> <span class='ocrx_word' id='word_1_129' title='bbox 538 2005 806 2073; x_wconf 82' lang='lat' dir='ltr'><strong>colligitur</strong></span> <span class='ocrx_word' id='word_1_130' title='bbox 844 2021 906 2057; x_wconf 79' lang='lat' dir='ltr'><strong>ex</strong></span> <span class='ocrx_word' id='word_1_131' title='bbox 941 2006 1099 2058; x_wconf 84' lang='lat' dir='ltr'><strong>dictis</strong></span> <span class='ocrx_word' id='word_1_132' title='bbox 1125 2004 1150 2074; x_wconf 83' lang='lat'><strong>§</strong></span> <span class='ocrx_word' id='word_1_133' title='bbox 1181 2008 1229 2069; x_wconf 85' lang='lat' dir='ltr'><strong>t;</strong></span> <span class='ocrx_word' id='word_1_134' title='bbox 1275 2016 1329 2057; x_wconf 92' lang='lat' dir='ltr'><strong>at</strong></span> <span class='ocrx_word' id='word_1_135' title='bbox 1368 2020 1580 2057; x_wconf 84' lang='lat' dir='ltr'><strong>rursum</strong></span> <span class='ocrx_word' id='word_1_136' title='bbox 1624 2022 1729 2058; x_wconf 88' lang='lat' dir='ltr'><strong>non</strong></span> 
     </span>
    </p>
   </div>
   <div class='ocr_carea' id='block_1_21' title="bbox 171 2096 1731 2166">
    <p class='ocr_par' dir='ltr' id='par_1_21' title="bbox 171 2096 1731 2166">
     <span class='ocr_line' id='line_1_21' title="bbox 171 2096 1731 2166; baseline -0.001 -17"><span class='ocrx_word' id='word_1_137' title='bbox 171 2097 387 2164; x_wconf 88' lang='lat' dir='ltr'><strong>inquiro</strong></span> <span class='ocrx_word' id='word_1_138' title='bbox 429 2111 495 2149; x_wconf 91' lang='lat' dir='ltr'><strong>an</strong></span> <span class='ocrx_word' id='word_1_139' title='bbox 551 2096 638 2149; x_wconf 89' lang='lat' dir='ltr'><strong>illa</strong></span> <span class='ocrx_word' id='word_1_140' title='bbox 688 2096 850 2150; x_wconf 89' lang='lat' dir='ltr'><strong>latius</strong></span> <span class='ocrx_word' id='word_1_141' title='bbox 901 2105 993 2149; x_wconf 67' lang='lat' dir='ltr'><strong>aut</strong></span> <span class='ocrx_word' id='word_1_142' title='bbox 1063 2100 1242 2150; x_wconf 85' lang='lat' dir='ltr'><strong>minus</strong></span> <span class='ocrx_word' id='word_1_143' title='bbox 1295 2099 1398 2150; x_wconf 88' lang='lat' dir='ltr'><strong>late</strong></span> <span class='ocrx_word' id='word_1_144' title='bbox 1463 2107 1731 2166; x_wconf 83' lang='lat' dir='ltr'><strong>regnaret.</strong></span> 
     </span>
    </p>
   </div>
   <div class='ocr_carea' id='block_1_22' title="bbox 170 2187 1734 2258">
    <p class='ocr_par' dir='ltr' id='par_1_22' title="bbox 170 2187 1734 2258">
     <span class='ocr_line' id='line_1_22' title="bbox 170 2187 1734 2258; baseline 0 -17"><span class='ocrx_word' id='word_1_145' title='bbox 170 2187 452 2241; x_wconf 89' lang='lat' dir='ltr'><strong>Sententia</strong></span> <span class='ocrx_word' id='word_1_146' title='bbox 504 2200 686 2242; x_wconf 89' lang='lat' dir='ltr'><strong>autem</strong></span> <span class='ocrx_word' id='word_1_147' title='bbox 738 2188 974 2251; x_wconf 87' lang='lat' dir='ltr'><strong>illorum,</strong></span> <span class='ocrx_word' id='word_1_148' title='bbox 1027 2190 1117 2258; x_wconf 88' lang='lat' dir='ltr'><strong>qui</strong></span> <span class='ocrx_word' id='word_1_149' title='bbox 1167 2189 1484 2243; x_wconf 76' lang='lat' dir='ltr'><strong>existimant</strong></span> <span class='ocrx_word' id='word_1_150' title='bbox 1532 2191 1583 2242; x_wconf 90' lang='lat' dir='ltr'><strong>in</strong></span> <span class='ocrx_word' id='word_1_151' title='bbox 1650 2188 1734 2241; x_wconf 91' lang='lat' dir='ltr'><strong>illa</strong></span> 
     </span>
    </p>
   </div>
   <div class='ocr_carea' id='block_1_23' title="bbox 172 2278 1737 2348">
    <p class='ocr_par' dir='ltr' id='par_1_23' title="bbox 172 2278 1737 2348">
     <span class='ocr_line' id='line_1_23' title="bbox 172 2278 1737 2348; baseline 0.001 -16"><span class='ocrx_word' id='word_1_152' title='bbox 172 2288 329 2348; x_wconf 88' lang='lat' dir='ltr'><strong>parte</strong></span> <span class='ocrx_word' id='word_1_153' title='bbox 376 2278 669 2348; x_wconf 60' lang='lat' dir='ltr'><strong>A‘Jthiopite</strong></span> <span class='ocrx_word' id='word_1_154' title='bbox 720 2278 1045 2348; x_wconf 68' lang='lat' dir='ltr'><strong>praedicasse</strong></span> <span class='ocrx_word' id='word_1_155' title='bbox 1105 2293 1350 2334; x_wconf 85' lang='lat' dir='ltr'><strong>sanctum</strong></span> <span class='ocrx_word' id='word_1_156' title='bbox 1404 2280 1737 2345; x_wconf 72' lang='lat' dir='ltr'><strong>Matthaaum,</strong></span> 
     </span>
    </p>
   </div>
   <div class='ocr_carea' id='block_1_24' title="bbox 175 2371 1735 2441">
    <p class='ocr_par' dir='ltr' id='par_1_24' title="bbox 175 2371 1735 2441">
     <span class='ocr_line' id='line_1_24' title="bbox 175 2371 1735 2441; baseline -0.003 -13"><span class='ocrx_word' id='word_1_157' title='bbox 175 2371 308 2428; x_wconf 89' lang='lat' dir='ltr'><strong>mihi</strong></span> <span class='ocrx_word' id='word_1_158' title='bbox 356 2373 646 2425; x_wconf 86' lang='lat' dir='ltr'><strong>admodum</strong></span> <span class='ocrx_word' id='word_1_159' title='bbox 699 2372 991 2439; x_wconf 80' lang='lat' dir='ltr'><strong>probabilis</strong></span> <span class='ocrx_word' id='word_1_160' title='bbox 1024 2382 1246 2441; x_wconf 80' lang='lat' dir='ltr'><strong>apparet</strong></span> <span class='ocrx_word' id='word_1_161' title='bbox 1291 2383 1347 2427; x_wconf 86' lang='lat' dir='ltr'><strong>et</strong></span> <span class='ocrx_word' id='word_1_162' title='bbox 1380 2373 1735 2427; x_wconf 84' lang='lat' dir='ltr'><strong>verisimilis:</strong></span> 
     </span>
    </p>
   </div>
   <div class='ocr_carea' id='block_1_25' title="bbox 172 2464 1732 2536">
    <p class='ocr_par' dir='ltr' id='par_1_25' title="bbox 172 2464 1732 2536">
     <span class='ocr_line' id='line_1_25' title="bbox 172 2464 1732 2536; baseline 0.001 -17"><span class='ocrx_word' id='word_1_163' title='bbox 172 2480 297 2520; x_wconf 90' lang='lat' dir='ltr'><strong>cum</strong></span> <span class='ocrx_word' id='word_1_164' title='bbox 331 2464 454 2531; x_wconf 88' lang='lat' dir='ltr'><strong>quia</strong></span> <span class='ocrx_word' id='word_1_165' title='bbox 487 2464 729 2532; x_wconf 80' lang='lat' dir='ltr'><strong>proxima</strong></span> <span class='ocrx_word' id='word_1_166' title='bbox 779 2472 903 2516; x_wconf 89' lang='lat' dir='ltr'><strong>erat</strong></span> <span class='ocrx_word' id='word_1_167' title='bbox 931 2464 1172 2517; x_wconf 75' lang='lat' dir='ltr'><strong>Romano</strong></span> <span class='ocrx_word' id='word_1_168' title='bbox 1208 2466 1434 2534; x_wconf 87' lang='lat' dir='ltr'><strong>imperio</strong></span> <span class='ocrx_word' id='word_1_169' title='bbox 1463 2482 1526 2520; x_wconf 81' lang='lat' dir='ltr'><strong>ex</strong></span> <span class='ocrx_word' id='word_1_170' title='bbox 1578 2476 1732 2536; x_wconf 88' lang='lat' dir='ltr'><strong>parte</strong></span> 
     </span>
    </p>
   </div>
   <div class='ocr_carea' id='block_1_26' title="bbox 171 2552 1742 2623">
    <p class='ocr_par' dir='ltr' id='par_1_26' title="bbox 171 2552 1742 2623">
     <span class='ocr_line' id='line_1_26' title="bbox 171 2552 1742 2623; baseline -0.002 -14"><span class='ocrx_word' id='word_1_171' title='bbox 171 2552 414 2623; x_wconf 63' lang='lat' dir='ltr'><strong>Aigypti,</strong></span> <span class='ocrx_word' id='word_1_172' title='bbox 449 2561 557 2605; x_wconf 91' lang='lat' dir='ltr'><strong>tum</strong></span> <span class='ocrx_word' id='word_1_173' title='bbox 590 2553 716 2619; x_wconf 87' lang='lat' dir='ltr'><strong>quia</strong></span> <span class='ocrx_word' id='word_1_174' title='bbox 750 2553 1041 2606; x_wconf 83' lang='lat' dir='ltr'><strong>eunuchus</strong></span> <span class='ocrx_word' id='word_1_175' title='bbox 1095 2554 1292 2621; x_wconf 79' lang='lat' dir='ltr'><strong>regina:</strong></span> <span class='ocrx_word' id='word_1_176' title='bbox 1323 2552 1601 2607; x_wconf 87' lang='lat' dir='ltr'><strong>Candaces</strong></span> <span class='ocrx_word' id='word_1_177' title='bbox 1627 2564 1742 2607; x_wconf 87' lang='lat' dir='ltr'><strong>erat</strong></span> 
     </span>
    </p>
   </div>
   <div class='ocr_carea' id='block_1_27' title="bbox 174 2642 1742 2712">
    <p class='ocr_par' dir='ltr' id='par_1_27' title="bbox 174 2642 1742 2712">
     <span class='ocr_line' id='line_1_27' title="bbox 174 2642 1742 2712; baseline -0.004 -8"><span class='ocrx_word' id='word_1_178' title='bbox 174 2662 500 2712; x_wconf 86' lang='lat' dir='ltr'><strong>conversus,</strong></span> <span class='ocrx_word' id='word_1_179' title='bbox 531 2655 586 2701; x_wconf 90' lang='lat' dir='ltr'><strong>et</strong></span> <span class='ocrx_word' id='word_1_180' title='bbox 617 2647 685 2701; x_wconf 91' lang='lat' dir='ltr'><strong>de</strong></span> <span class='ocrx_word' id='word_1_181' title='bbox 713 2646 860 2700; x_wconf 85' lang='lat' dir='ltr'><strong>illius</strong></span> <span class='ocrx_word' id='word_1_182' title='bbox 899 2646 1258 2700; x_wconf 75' lang='lat' dir='ltr'><strong>conversione</strong></span> <span class='ocrx_word' id='word_1_183' title='bbox 1289 2655 1437 2699; x_wconf 89' lang='lat' dir='ltr'><strong>certo</strong></span> <span class='ocrx_word' id='word_1_184' title='bbox 1461 2642 1742 2699; x_wconf 87' lang='lat' dir='ltr'><strong>constabat</strong></span> 
     </span>
    </p>
   </div>
   <div class='ocr_carea' id='block_1_28' title="bbox 173 2736 1741 2810">
    <p class='ocr_par' dir='ltr' id='par_1_28' title="bbox 173 2736 1741 2810">
     <span class='ocr_line' id='line_1_28' title="bbox 173 2736 1741 2810; baseline -0.005 -16"><span class='ocrx_word' id='word_1_185' title='bbox 173 2738 459 2810; x_wconf 85' lang='lat' dir='ltr'><strong>apostolis,</strong></span> <span class='ocrx_word' id='word_1_186' title='bbox 491 2747 601 2791; x_wconf 91' lang='lat' dir='ltr'><strong>tum</strong></span> <span class='ocrx_word' id='word_1_187' title='bbox 637 2737 761 2806; x_wconf 85' lang='lat' dir='ltr'><strong>quia</strong></span> <span class='ocrx_word' id='word_1_188' title='bbox 792 2737 1034 2791; x_wconf 69' lang='lat' dir='ltr'><strong>ecclesiae</strong></span> <span class='ocrx_word' id='word_1_189' title='bbox 1067 2738 1235 2791; x_wconf 85' lang='lat' dir='ltr'><strong>sancti</strong></span> <span class='ocrx_word' id='word_1_190' title='bbox 1267 2736 1521 2800; x_wconf 67' lang='lat' dir='ltr'><strong>hlattlitei,</strong></span> <span class='ocrx_word' id='word_1_191' title='bbox 1545 2736 1741 2790; x_wconf 80' lang='lat' dir='ltr'><strong>ibidem</strong></span> 
     </span>
    </p>
   </div>
   <div class='ocr_carea' id='block_1_29' title="bbox 176 2827 1746 2896">
    <p class='ocr_par' dir='ltr' id='par_1_29' title="bbox 176 2827 1746 2896">
     <span class='ocr_line' id='line_1_29' title="bbox 176 2827 1746 2896; baseline -0.001 -12"><span class='ocrx_word' id='word_1_192' title='bbox 176 2831 433 2890; x_wconf 67' lang='lat' dir='ltr'><strong>inventae,</strong></span> <span class='ocrx_word' id='word_1_193' title='bbox 469 2828 746 2880; x_wconf 91' lang='lat' dir='ltr'><strong>insinuant</strong></span> <span class='ocrx_word' id='word_1_194' title='bbox 779 2827 964 2896; x_wconf 92' lang='lat' dir='ltr'><strong>populi</strong></span> <span class='ocrx_word' id='word_1_195' title='bbox 987 2828 1262 2895; x_wconf 84' lang='lat' dir='ltr'><strong>antiquam</strong></span> <span class='ocrx_word' id='word_1_196' title='bbox 1294 2828 1660 2888; x_wconf 84' lang='lat' dir='ltr'><strong>traditionem.</strong></span> <span class='ocrx_word' id='word_1_197' title='bbox 1686 2845 1746 2883; x_wconf 92' lang='lat' dir='ltr'><strong>ac</strong></span> 
     </span>
    </p>
   </div>
   <div class='ocr_carea' id='block_1_30' title="bbox 173 2918 1748 2990">
    <p class='ocr_par' dir='ltr' id='par_1_30' title="bbox 173 2918 1748 2990">
     <span class='ocr_line' id='line_1_30' title="bbox 173 2918 1748 2990; baseline 0.001 -15"><span class='ocrx_word' id='word_1_198' title='bbox 173 2923 396 2975; x_wconf 88' lang='lat' dir='ltr'><strong>demum</strong></span> <span class='ocrx_word' id='word_1_199' title='bbox 427 2921 550 2988; x_wconf 85' lang='lat' dir='ltr'><strong>quia</strong></span> <span class='ocrx_word' id='word_1_200' title='bbox 579 2918 876 2988; x_wconf 89' lang='lat' dir='ltr'><strong>scriptorcs</strong></span> <span class='ocrx_word' id='word_1_201' title='bbox 930 2929 1201 2973; x_wconf 88' lang='lat' dir='ltr'><strong>testantur</strong></span> <span class='ocrx_word' id='word_1_202' title='bbox 1225 2919 1552 2990; x_wconf 59' lang='lat' dir='ltr'><strong>{Ethiopiam</strong></span> <span class='ocrx_word' id='word_1_203' title='bbox 1584 2922 1748 2976; x_wconf 85' lang='lat' dir='ltr'><strong>fuisse</strong></span> 
     </span>
    </p>
   </div>
   <div class='ocr_carea' id='block_1_31' title="bbox 181 3011 1748 3083">
    <p class='ocr_par' dir='ltr' id='par_1_31' title="bbox 181 3011 1748 3083">
     <span class='ocr_line' id='line_1_31' title="bbox 181 3011 1748 3083; baseline 0.001 -16"><span class='ocrx_word' id='word_1_204' title='bbox 181 3013 436 3067; x_wconf 76' lang='lat' dir='ltr'><strong>Mattlneo</strong></span> <span class='ocrx_word' id='word_1_205' title='bbox 460 3011 792 3080; x_wconf 75' lang='lat' dir='ltr'><strong>assignatam</strong></span> <span class='ocrx_word' id='word_1_206' title='bbox 820 3029 835 3076; x_wconf 89' lang='lat'><strong>;</strong></span> <span class='ocrx_word' id='word_1_207' title='bbox 873 3027 974 3065; x_wconf 90' lang='lat' dir='ltr'><strong>nec</strong></span> <span class='ocrx_word' id='word_1_208' title='bbox 1010 3012 1112 3064; x_wconf 88' lang='lat' dir='ltr'><strong>ulla</strong></span> <span class='ocrx_word' id='word_1_209' title='bbox 1146 3015 1292 3081; x_wconf 88' lang='lat' dir='ltr'><strong>regio</strong></span> <span class='ocrx_word' id='word_1_210' title='bbox 1337 3015 1506 3083; x_wconf 78' lang='lat' dir='ltr'><strong>magis</strong></span> <span class='ocrx_word' id='word_1_211' title='bbox 1535 3015 1748 3083; x_wconf 86' lang='lat' dir='ltr'><strong>proprie</strong></span> 
     </span>
    </p>
   </div>
   <div class='ocr_carea' id='block_1_32' title="bbox 178 3101 1753 3172">
    <p class='ocr_par' dir='ltr' id='par_1_32' title="bbox 178 3101 1753 3172">
     <span class='ocr_line' id='line_1_32' title="bbox 178 3101 1753 3172; baseline 0.001 -13"><span class='ocrx_word' id='word_1_212' title='bbox 178 3102 459 3172; x_wconf 60' lang='lat' dir='ltr'><strong>Ethiopia</strong></span> <span class='ocrx_word' id='word_1_213' title='bbox 492 3101 591 3155; x_wconf 80' lang='lat' dir='ltr'><strong>fuit</strong></span> <span class='ocrx_word' id='word_1_214' title='bbox 623 3113 832 3167; x_wconf 86' lang='lat' dir='ltr'><strong>vocata,</strong></span> <span class='ocrx_word' id='word_1_215' title='bbox 865 3117 1025 3170; x_wconf 86' lang='lat' dir='ltr'><strong>quam</strong></span> <span class='ocrx_word' id='word_1_216' title='bbox 1060 3103 1172 3162; x_wconf 89' lang='lat' dir='ltr'><strong>illa.</strong></span> <span class='ocrx_word' id='word_1_217' title='bbox 1197 3104 1283 3158; x_wconf 91' lang='lat' dir='ltr'><strong>cui</strong></span> <span class='ocrx_word' id='word_1_218' title='bbox 1316 3120 1512 3160; x_wconf 84' lang='lat' dir='ltr'><strong>nomen</strong></span> <span class='ocrx_word' id='word_1_219' title='bbox 1539 3105 1753 3161; x_wconf 60' lang='lat' dir='ltr'><strong>.‘Ethio-</strong></span> 
     </span>
    </p>
   </div>
   <div class='ocr_carea' id='block_1_33' title="bbox 181 3193 1397 3268">
    <p class='ocr_par' dir='ltr' id='par_1_33' title="bbox 181 3193 1397 3268">
     <span class='ocr_line' id='line_1_33' title="bbox 181 3193 1397 3268; baseline -0.002 -17"><span class='ocrx_word' id='word_1_220' title='bbox 181 3197 290 3268; x_wconf 78' lang='lat' dir='ltr'><strong>piae</strong></span> <span class='ocrx_word' id='word_1_221' title='bbox 321 3195 587 3250; x_wconf 84' lang='lat' dir='ltr'><strong>dederunt</strong></span> <span class='ocrx_word' id='word_1_222' title='bbox 618 3209 808 3249; x_wconf 92' lang='lat' dir='ltr'><strong>omnes</strong></span> <span class='ocrx_word' id='word_1_223' title='bbox 839 3193 1129 3265; x_wconf 85' lang='lat' dir='ltr'><strong>geographi</strong></span> <span class='ocrx_word' id='word_1_224' title='bbox 1167 3194 1397 3263; x_wconf 78' lang='lat' dir='ltr'><strong>antiqui.</strong></span> 
     </span>
    </p>
   </div>
   <div class='ocr_carea' id='block_1_34' title="bbox 1825 630 3386 704">
    <p class='ocr_par' dir='ltr' id='par_1_34' title="bbox 1825 630 3386 704">
     <span class='ocr_line' id='line_1_34' title="bbox 1825 630 3386 704; baseline 0.006 -22"><span class='ocrx_word' id='word_1_225' title='bbox 1825 630 2139 692; x_wconf 86' lang='lat' dir='ltr'><strong>terminum,</strong></span> <span class='ocrx_word' id='word_1_226' title='bbox 2192 647 2315 685; x_wconf 92' lang='lat' dir='ltr'><strong>cum</strong></span> <span class='ocrx_word' id='word_1_227' title='bbox 2364 633 2614 689; x_wconf 83' lang='lat' dir='ltr'><strong>Candace</strong></span> <span class='ocrx_word' id='word_1_228' title='bbox 2660 635 2948 704; x_wconf 88' lang='lat' dir='ltr'><strong>aliquando</strong></span> <span class='ocrx_word' id='word_1_229' title='bbox 2992 639 3109 692; x_wconf 85' lang='lat' dir='ltr'><strong>sine</strong></span> <span class='ocrx_word' id='word_1_230' title='bbox 3158 639 3386 692; x_wconf 83' lang='lat' dir='ltr'><strong>transitu</strong></span> 
     </span>
    </p>
   </div>
   <div class='ocr_carea' id='block_1_35' title="bbox 1825 721 3390 797">
    <p class='ocr_par' dir='ltr' id='par_1_35' title="bbox 1825 721 3390 797">
     <span class='ocr_line' id='line_1_35' title="bbox 1825 721 3390 797; baseline 0.005 -23"><span class='ocrx_word' id='word_1_231' title='bbox 1825 721 2049 775; x_wconf 88' lang='lat' dir='ltr'><strong>alterius</strong></span> <span class='ocrx_word' id='word_1_232' title='bbox 2086 721 2314 777; x_wconf 87' lang='lat' dir='ltr'><strong>ditionis</strong></span> <span class='ocrx_word' id='word_1_233' title='bbox 2342 725 2392 776; x_wconf 92' lang='lat' dir='ltr'><strong>in</strong></span> <span class='ocrx_word' id='word_1_234' title='bbox 2419 723 2716 796; x_wconf 73' lang='lat' dir='ltr'><strong>AZgyptum</strong></span> <span class='ocrx_word' id='word_1_235' title='bbox 2749 744 2812 781; x_wconf 83' lang='lat' dir='ltr'><strong>ex</strong></span> <span class='ocrx_word' id='word_1_236' title='bbox 2851 743 3016 797; x_wconf 85' lang='lat' dir='ltr'><strong>regno</strong></span> <span class='ocrx_word' id='word_1_237' title='bbox 3052 743 3148 782; x_wconf 91' lang='lat' dir='ltr'><strong>suo</strong></span> <span class='ocrx_word' id='word_1_238' title='bbox 3177 730 3390 783; x_wconf 81' lang='lat' dir='ltr'><strong>exerci-</strong></span> 
     </span>
    </p>
   </div>
   <div class='ocr_carea' id='block_1_36' title="bbox 1828 811 3389 876">
    <p class='ocr_par' dir='ltr' id='par_1_36' title="bbox 1828 811 3389 876">
     <span class='ocr_line' id='line_1_36' title="bbox 1828 811 3389 876; baseline 0.007 -11"><span class='ocrx_word' id='word_1_239' title='bbox 1828 821 1937 865; x_wconf 91' lang='lat' dir='ltr'><strong>tum</strong></span> <span class='ocrx_word' id='word_1_240' title='bbox 1966 811 2207 876; x_wconf 85' lang='lat' dir='ltr'><strong>duxerit,</strong></span> <span class='ocrx_word' id='word_1_241' title='bbox 2241 822 2296 867; x_wconf 89' lang='lat' dir='ltr'><strong>et</strong></span> <span class='ocrx_word' id='word_1_242' title='bbox 2325 830 2536 868; x_wconf 92' lang='lat' dir='ltr'><strong>rursum</strong></span> <span class='ocrx_word' id='word_1_243' title='bbox 2585 816 2808 870; x_wconf 78' lang='lat' dir='ltr'><strong>Romani</strong></span> <span class='ocrx_word' id='word_1_244' title='bbox 2846 821 3098 874; x_wconf 88' lang='lat' dir='ltr'><strong>similiter</strong></span> <span class='ocrx_word' id='word_1_245' title='bbox 3128 821 3389 876; x_wconf 89' lang='lat' dir='ltr'><strong>ditionem</strong></span> 
     </span>
    </p>
   </div>
   <div class='ocr_carea' id='block_1_37' title="bbox 1827 904 3386 981">
    <p class='ocr_par' dir='ltr' id='par_1_37' title="bbox 1827 904 3386 981">
     <span class='ocr_line' id='line_1_37' title="bbox 1827 904 3386 981; baseline 0.007 -25"><span class='ocrx_word' id='word_1_246' title='bbox 1827 904 1998 964; x_wconf 81' lang='lat' dir='ltr'><strong>ipsius</strong></span> <span class='ocrx_word' id='word_1_247' title='bbox 2050 905 2350 960; x_wconf 82' lang='lat' dir='ltr'><strong>invaserint</strong></span> <span class='ocrx_word' id='word_1_248' title='bbox 2397 922 2464 961; x_wconf 77' lang='lat' dir='ltr'><strong>ex</strong></span> <span class='ocrx_word' id='word_1_249' title='bbox 2512 907 2759 978; x_wconf 62' lang='lat' dir='ltr'><strong>Egypto.</strong></span> <span class='ocrx_word' id='word_1_250' title='bbox 2799 910 2912 975; x_wconf 84' lang='lat' dir='ltr'><strong>Qua</strong></span> <span class='ocrx_word' id='word_1_251' title='bbox 2961 913 3127 981; x_wconf 83' lang='lat' dir='ltr'><strong>igitur</strong></span> <span class='ocrx_word' id='word_1_252' title='bbox 3175 927 3386 967; x_wconf 87' lang='lat' dir='ltr'><strong>ratione</strong></span> 
     </span>
    </p>
   </div>
   <div class='ocr_carea' id='block_1_38' title="bbox 1828 997 3390 1073">
    <p class='ocr_par' dir='ltr' id='par_1_38' title="bbox 1828 997 3390 1073">
     <span class='ocr_line' id='line_1_38' title="bbox 1828 997 3390 1073; baseline 0.007 -27"><span class='ocrx_word' id='word_1_253' title='bbox 1828 1010 2023 1064; x_wconf 84' lang='lat' dir='ltr'><strong>negare</strong></span> <span class='ocrx_word' id='word_1_254' title='bbox 2083 998 2259 1064; x_wconf 89' lang='lat' dir='ltr'><strong>potuit</strong></span> <span class='ocrx_word' id='word_1_255' title='bbox 2326 997 2482 1052; x_wconf 88' lang='lat' dir='ltr'><strong>ﬁdem</strong></span> <span class='ocrx_word' id='word_1_256' title='bbox 2536 1001 2587 1052; x_wconf 94' lang='lat' dir='ltr'><strong>in</strong></span> <span class='ocrx_word' id='word_1_257' title='bbox 2639 1001 2910 1070; x_wconf 69' lang='lat' dir='ltr'><strong>Aithiopia</strong></span> <span class='ocrx_word' id='word_1_258' title='bbox 2965 1006 3390 1073; x_wconf 86' lang='lat' dir='ltr'><strong>septemtrionali</strong></span> 
     </span>
    </p>
   </div>
   <div class='ocr_carea' id='block_1_39' title="bbox 1828 1082 2926 1150">
    <p class='ocr_par' dir='ltr' id='par_1_39' title="bbox 1828 1082 2926 1150">
     <span class='ocr_line' id='line_1_39' title="bbox 1828 1082 2926 1150; baseline 0.01 -16"><span class='ocrx_word' id='word_1_259' title='bbox 1828 1082 2171 1150; x_wconf 64' lang='lat' dir='ltr'><strong>praedicatam</strong></span> <span class='ocrx_word' id='word_1_260' title='bbox 2209 1085 2374 1140; x_wconf 80' lang='lat' dir='ltr'><strong>fuisse</strong></span> <span class='ocrx_word' id='word_1_261' title='bbox 2405 1097 2528 1140; x_wconf 85' lang='lat' dir='ltr'><strong>ante</strong></span> <span class='ocrx_word' id='word_1_262' title='bbox 2555 1091 2807 1143; x_wconf 72' lang='lat' dir='ltr'><strong>saeculum</strong></span> <span class='ocrx_word' id='word_1_263' title='bbox 2837 1093 2926 1145; x_wconf 84' lang='lat' dir='ltr'><strong>iv?</strong></span> 
     </span>
    </p>
   </div>
   <div class='ocr_carea' id='block_1_40' title="bbox 1901 1173 3392 1249">
    <p class='ocr_par' dir='ltr' id='par_1_40' title="bbox 1901 1173 3392 1249">
     <span class='ocr_line' id='line_1_40' title="bbox 1901 1173 3392 1249; baseline 0.008 -21"><span class='ocrx_word' id='word_1_264' title='bbox 1901 1173 1989 1228; x_wconf 77' lang='lat'><strong>52.</strong></span> <span class='ocrx_word' id='word_1_265' title='bbox 2048 1176 2346 1231; x_wconf 86' lang='lat' dir='ltr'><strong>Audiamus</strong></span> <span class='ocrx_word' id='word_1_266' title='bbox 2391 1180 2569 1243; x_wconf 87' lang='lat' dir='ltr'><strong>modo,</strong></span> <span class='ocrx_word' id='word_1_267' title='bbox 2621 1196 2723 1249; x_wconf 84' lang='lat' dir='ltr'><strong>qua</strong></span> <span class='ocrx_word' id='word_1_268' title='bbox 2775 1183 2980 1237; x_wconf 89' lang='lat' dir='ltr'><strong>ratione</strong></span> <span class='ocrx_word' id='word_1_269' title='bbox 3021 1184 3392 1241; x_wconf 84' lang='lat' dir='ltr'><strong>Tillemontius</strong></span> 
     </span>
    </p>
   </div>
   <div class='ocr_carea' id='block_1_41' title="bbox 1832 1266 3390 1342">
    <p class='ocr_par' dir='ltr' id='par_1_41' title="bbox 1832 1266 3390 1342">
     <span class='ocr_line' id='line_1_41' title="bbox 1832 1266 3390 1342; baseline 0.008 -24"><span class='ocrx_word' id='word_1_270' title='bbox 1832 1266 2023 1334; x_wconf 81' lang='lat' dir='ltr'><strong>probet</strong></span> <span class='ocrx_word' id='word_1_271' title='bbox 2063 1267 2114 1320; x_wconf 92' lang='lat' dir='ltr'><strong>in</strong></span> <span class='ocrx_word' id='word_1_272' title='bbox 2160 1268 2495 1333; x_wconf 87' lang='lat' dir='ltr'><strong>Frumentio.</strong></span> <span class='ocrx_word' id='word_1_273' title='bbox 2548 1280 2681 1326; x_wconf 91' lang='lat' dir='ltr'><strong>tom.</strong></span> <span class='ocrx_word' id='word_1_274' title='bbox 2716 1273 2824 1339; x_wconf 76' lang='grc' dir='ltr'><strong>νυ,</strong></span> <span class='ocrx_word' id='word_1_275' title='bbox 2855 1287 2980 1328; x_wconf 91' lang='lat' dir='ltr'><strong>nota</strong></span> <span class='ocrx_word' id='word_1_276' title='bbox 3011 1277 3247 1342; x_wconf 72' lang='lat' dir='ltr'><strong>2,ﬁdem</strong></span> <span class='ocrx_word' id='word_1_277' title='bbox 3280 1294 3390 1333; x_wconf 90' lang='lat' dir='ltr'><strong>non</strong></span> 
     </span>
    </p>
   </div>
   <div class='ocr_carea' id='block_1_42' title="bbox 1830 1356 3394 1434">
    <p class='ocr_par' dir='ltr' id='par_1_42' title="bbox 1830 1356 3394 1434">
     <span class='ocr_line' id='line_1_42' title="bbox 1830 1356 3394 1434; baseline 0.01 -26"><span class='ocrx_word' id='word_1_278' title='bbox 1830 1356 1999 1410; x_wconf 82' lang='lat' dir='ltr'><strong>fuisse</strong></span> <span class='ocrx_word' id='word_1_279' title='bbox 2034 1358 2376 1424; x_wconf 62' lang='lat' dir='ltr'><strong>praedicatam</strong></span> <span class='ocrx_word' id='word_1_280' title='bbox 2405 1362 2458 1414; x_wconf 88' lang='lat' dir='ltr'><strong>in</strong></span> <span class='ocrx_word' id='word_1_281' title='bbox 2496 1359 2774 1432; x_wconf 63' lang='lat' dir='ltr'><strong>ZEthiopia</strong></span> <span class='ocrx_word' id='word_1_282' title='bbox 2813 1367 3239 1434; x_wconf 85' lang='lat' dir='ltr'><strong>septemtrionali</strong></span> <span class='ocrx_word' id='word_1_283' title='bbox 3267 1378 3394 1423; x_wconf 83' lang='lat' dir='ltr'><strong>ante</strong></span> 
     </span>
    </p>
   </div>
   <div class='ocr_carea' id='block_1_43' title="bbox 1830 1448 3396 1520">
    <p class='ocr_par' dir='ltr' id='par_1_43' title="bbox 1830 1448 3396 1520">
     <span class='ocr_line' id='line_1_43' title="bbox 1830 1448 3396 1520; baseline 0.006 -19"><span class='ocrx_word' id='word_1_284' title='bbox 1830 1449 2087 1502; x_wconf 64' lang='lat' dir='ltr'><strong>sceculum</strong></span> <span class='ocrx_word' id='word_1_285' title='bbox 2113 1466 2186 1503; x_wconf 85' lang='lat' dir='ltr'><strong>iv.</strong></span> <span class='ocrx_word' id='word_1_286' title='bbox 2225 1448 2457 1507; x_wconf 85' lang='lat' dir='ltr'><strong>Sanctus</strong></span> <span class='ocrx_word' id='word_1_287' title='bbox 2477 1454 2824 1510; x_wconf 83' lang='lat' dir='ltr'><strong>Frumentius</strong></span> <span class='ocrx_word' id='word_1_288' title='bbox 2847 1459 3041 1511; x_wconf 73' lang='lat' dir='ltr'><strong>sreculo</strong></span> <span class='ocrx_word' id='word_1_289' title='bbox 3070 1475 3138 1520; x_wconf 86' lang='lat' dir='ltr'><strong>Iv.</strong></span> <span class='ocrx_word' id='word_1_290' title='bbox 3167 1460 3396 1513; x_wconf 83' lang='lat' dir='ltr'><strong>testibus</strong></span> 
     </span>
    </p>
   </div>
   <div class='ocr_carea' id='block_1_44' title="bbox 1835 1540 3397 1618">
    <p class='ocr_par' dir='ltr' id='par_1_44' title="bbox 1835 1540 3397 1618">
     <span class='ocr_line' id='line_1_44' title="bbox 1835 1540 3397 1618; baseline 0.007 -24"><span class='ocrx_word' id='word_1_291' title='bbox 1835 1540 2030 1594; x_wconf 79' lang='lat' dir='ltr'><strong>Ruﬁno</strong></span> <span class='ocrx_word' id='word_1_292' title='bbox 2053 1542 2144 1596; x_wconf 90' lang='lat' dir='ltr'><strong>lib.</strong></span> <span class='ocrx_word' id='word_1_293' title='bbox 2170 1558 2223 1605; x_wconf 71' lang='grc' dir='ltr'>κ,</span> <span class='ocrx_word' id='word_1_294' title='bbox 2248 1559 2363 1612; x_wconf 71' lang='lat' dir='ltr'><strong>cap.</strong></span> <span class='ocrx_word' id='word_1_295' title='bbox 2387 1545 2441 1611; x_wconf 88' lang='lat'><strong>9,</strong></span> <span class='ocrx_word' id='word_1_296' title='bbox 2476 1546 2698 1602; x_wconf 90' lang='lat' dir='ltr'><strong>Socrate</strong></span> <span class='ocrx_word' id='word_1_297' title='bbox 2722 1549 2969 1618; x_wconf 88' lang='lat' dir='ltr'><strong>aliisque,</strong></span> <span class='ocrx_word' id='word_1_298' title='bbox 3003 1551 3161 1604; x_wconf 87' lang='lat' dir='ltr'><strong>ﬁdem</strong></span> <span class='ocrx_word' id='word_1_299' title='bbox 3185 1566 3397 1604; x_wconf 86' lang='lat' dir='ltr'><strong>annun-</strong></span> 
     </span>
    </p>
   </div>
   <div class='ocr_carea' id='block_1_45' title="bbox 1836 1633 3398 1708">
    <p class='ocr_par' dir='ltr' id='par_1_45' title="bbox 1836 1633 3398 1708">
     <span class='ocr_line' id='line_1_45' title="bbox 1836 1633 3398 1708; baseline 0.008 -24"><span class='ocrx_word' id='word_1_300' title='bbox 1836 1633 1986 1687; x_wconf 82' lang='lat' dir='ltr'><strong>tiavit</strong></span> <span class='ocrx_word' id='word_1_301' title='bbox 2021 1634 2288 1708; x_wconf 62' lang='lat' dir='ltr'><strong>gentibus,</strong></span> <span class='ocrx_word' id='word_1_302' title='bbox 2312 1650 2448 1704; x_wconf 91' lang='lat' dir='ltr'><strong>quos</strong></span> <span class='ocrx_word' id='word_1_303' title='bbox 2487 1637 2559 1689; x_wconf 89' lang='lat' dir='ltr'><strong>illi</strong></span> <span class='ocrx_word' id='word_1_304' title='bbox 2598 1649 2789 1693; x_wconf 88' lang='lat' dir='ltr'><strong>vocant</strong></span> <span class='ocrx_word' id='word_1_305' title='bbox 2819 1640 2977 1694; x_wconf 90' lang='lat' dir='ltr'><strong>Indos</strong></span> <span class='ocrx_word' id='word_1_306' title='bbox 3009 1642 3316 1706; x_wconf 82' lang='lat' dir='ltr'><strong>ulteriores,</strong></span> <span class='ocrx_word' id='word_1_307' title='bbox 3342 1652 3398 1697; x_wconf 82' lang='lat' dir='ltr'><strong>et</strong></span> 
     </span>
    </p>
   </div>
   <div class='ocr_carea' id='block_1_46' title="bbox 1837 1726 3398 1802">
    <p class='ocr_par' dir='ltr' id='par_1_46' title="bbox 1837 1726 3398 1802">
     <span class='ocr_line' id='line_1_46' title="bbox 1837 1726 3398 1802; baseline 0.008 -27"><span class='ocrx_word' id='word_1_308' title='bbox 1837 1726 2034 1792; x_wconf 87' lang='lat' dir='ltr'><strong>quibus</strong></span> <span class='ocrx_word' id='word_1_309' title='bbox 2101 1727 2255 1780; x_wconf 82' lang='lat' dir='ltr'><strong>ﬁdem</strong></span> <span class='ocrx_word' id='word_1_310' title='bbox 2322 1739 2446 1781; x_wconf 83' lang='lat' dir='ltr'><strong>ante</strong></span> <span class='ocrx_word' id='word_1_311' title='bbox 2503 1746 2776 1799; x_wconf 88' lang='lat' dir='ltr'><strong>nunquam</strong></span> <span class='ocrx_word' id='word_1_312' title='bbox 2831 1734 3174 1802; x_wconf 66' lang='lat' dir='ltr'><strong>prmdicatam</strong></span> <span class='ocrx_word' id='word_1_313' title='bbox 3228 1735 3398 1788; x_wconf 69' lang='lat' dir='ltr'><strong>fuisse</strong></span> 
     </span>
    </p>
   </div>
   <div class='ocr_carea' id='block_1_47' title="bbox 1843 1821 3399 1896">
    <p class='ocr_par' dir='ltr' id='par_1_47' title="bbox 1843 1821 3399 1896">
     <span class='ocr_line' id='line_1_47' title="bbox 1843 1821 3399 1896; baseline 0.008 -27"><span class='ocrx_word' id='word_1_314' title='bbox 1843 1827 2134 1872; x_wconf 85' lang='lat' dir='ltr'><strong>testantur.</strong></span> <span class='ocrx_word' id='word_1_315' title='bbox 2182 1821 2254 1872; x_wconf 77' lang='lat' dir='ltr'><strong>Ex</strong></span> <span class='ocrx_word' id='word_1_316' title='bbox 2311 1822 2503 1875; x_wconf 90' lang='lat' dir='ltr'><strong>litteris</strong></span> <span class='ocrx_word' id='word_1_317' title='bbox 2540 1838 2667 1876; x_wconf 85' lang='lat' dir='ltr'><strong>vero</strong></span> <span class='ocrx_word' id='word_1_318' title='bbox 2716 1823 3018 1879; x_wconf 87' lang='lat' dir='ltr'><strong>Constantii</strong></span> <span class='ocrx_word' id='word_1_319' title='bbox 3056 1827 3399 1896; x_wconf 78' lang='lat' dir='ltr'><strong>imperatoris</strong></span> 
     </span>
    </p>
   </div>
   <div class='ocr_carea' id='block_1_48' title="bbox 1836 1912 3394 1987">
    <p class='ocr_par' dir='ltr' id='par_1_48' title="bbox 1836 1912 3394 1987">
     <span class='ocr_line' id='line_1_48' title="bbox 1836 1912 3394 1987; baseline 0.009 -28"><span class='ocrx_word' id='word_1_320' title='bbox 1836 1912 1975 1978; x_wconf 88' lang='lat' dir='ltr'><strong>apud</strong></span> <span class='ocrx_word' id='word_1_321' title='bbox 2006 1921 2252 1964; x_wconf 82' lang='lat' dir='ltr'><strong>sanctum</strong></span> <span class='ocrx_word' id='word_1_322' title='bbox 2285 1913 2640 1968; x_wconf 83' lang='lat' dir='ltr'><strong>Athanasium</strong></span> <span class='ocrx_word' id='word_1_323' title='bbox 2673 1917 2725 1969; x_wconf 91' lang='lat' dir='ltr'><strong>in</strong></span> <span class='ocrx_word' id='word_1_324' title='bbox 2760 1920 3014 1987; x_wconf 78' lang='lat' dir='ltr'><strong>Apologia</strong></span> <span class='ocrx_word' id='word_1_325' title='bbox 3038 1921 3103 1973; x_wconf 88' lang='lat' dir='ltr'><strong>ad</strong></span> <span class='ocrx_word' id='word_1_326' title='bbox 3131 1921 3394 1975; x_wconf 82' lang='lat' dir='ltr'><strong>Constan-</strong></span> 
     </span>
    </p>
   </div>
   <div class='ocr_carea' id='block_1_49' title="bbox 1839 2004 3384 2075">
    <p class='ocr_par' dir='ltr' id='par_1_49' title="bbox 1839 2004 3384 2075">
     <span class='ocr_line' id='line_1_49' title="bbox 1839 2004 3384 2075; baseline 0.006 -21"><span class='ocrx_word' id='word_1_327' title='bbox 1839 2004 1992 2067; x_wconf 90' lang='lat' dir='ltr'><strong>tium,</strong></span> <span class='ocrx_word' id='word_1_328' title='bbox 2044 2015 2174 2056; x_wconf 89' lang='lat' dir='ltr'><strong>tom.</strong></span> <span class='ocrx_word' id='word_1_329' title='bbox 2227 2005 2266 2066; x_wconf 84' lang='grc' dir='ltr'>Ι,</span> <span class='ocrx_word' id='word_1_330' title='bbox 2319 2022 2436 2075; x_wconf 88' lang='lat' dir='ltr'><strong>pag.</strong></span> <span class='ocrx_word' id='word_1_331' title='bbox 2496 2008 2620 2071; x_wconf 78' lang='grc'>515,</span> <span class='ocrx_word' id='word_1_332' title='bbox 2677 2010 2977 2064; x_wconf 89' lang='lat' dir='ltr'><strong>ostenditur</strong></span> <span class='ocrx_word' id='word_1_333' title='bbox 3027 2010 3384 2065; x_wconf 80' lang='lat' dir='ltr'><strong>Frumentiun</strong></span> 
     </span>
    </p>
   </div>
   <div class='ocr_carea' id='block_1_50' title="bbox 1839 2093 3398 2164">
    <p class='ocr_par' dir='ltr' id='par_1_50' title="bbox 1839 2093 3398 2164">
     <span class='ocr_line' id='line_1_50' title="bbox 1839 2093 3398 2164; baseline 0.008 -19"><span class='ocrx_word' id='word_1_334' title='bbox 1839 2093 2004 2146; x_wconf 76' lang='lat' dir='ltr'><strong>fuisse</strong></span> <span class='ocrx_word' id='word_1_335' title='bbox 2033 2096 2343 2164; x_wconf 72' lang='lat' dir='ltr'><strong>episcolium</strong></span> <span class='ocrx_word' id='word_1_336' title='bbox 2387 2099 2810 2152; x_wconf 76' lang='lat' dir='ltr'><strong>Auxumitanum</strong></span> <span class='ocrx_word' id='word_1_337' title='bbox 2862 2101 2974 2152; x_wconf 79' lang='lat' dir='ltr'><strong>sive</strong></span> <span class='ocrx_word' id='word_1_338' title='bbox 3012 2102 3398 2157; x_wconf 75' lang='lat' dir='ltr'><strong>Axumitanum</strong></span> 
     </span>
    </p>
   </div>
   <div class='ocr_carea' id='block_1_51' title="bbox 1840 2185 3404 2265">
    <p class='ocr_par' dir='ltr' id='par_1_51' title="bbox 1840 2185 3404 2265">
     <span class='ocr_line' id='line_1_51' title="bbox 1840 2185 3404 2265; baseline 0.006 -27"><span class='ocrx_word' id='word_1_339' title='bbox 1840 2185 1892 2238; x_wconf 92' lang='lat' dir='ltr'><strong>in</strong></span> <span class='ocrx_word' id='word_1_340' title='bbox 1949 2185 2244 2256; x_wconf 63' lang='lat' dir='ltr'><strong>fElthpla.</strong></span> <span class='ocrx_word' id='word_1_341' title='bbox 2296 2190 2400 2242; x_wconf 80' lang='lat' dir='ltr'><strong>Per</strong></span> <span class='ocrx_word' id='word_1_342' title='bbox 2459 2191 2619 2245; x_wconf 83' lang='lat' dir='ltr'><strong>Indos</strong></span> <span class='ocrx_word' id='word_1_343' title='bbox 2672 2193 2834 2263; x_wconf 83' lang='lat' dir='ltr'><strong>igitur</strong></span> <span class='ocrx_word' id='word_1_344' title='bbox 2884 2193 3212 2265; x_wconf 78' lang='lat' dir='ltr'><strong>intelligendi</strong></span> <span class='ocrx_word' id='word_1_345' title='bbox 3276 2208 3404 2252; x_wconf 87' lang='lat' dir='ltr'><strong>sunt</strong></span> 
     </span>
    </p>
   </div>
   <div class='ocr_carea' id='block_1_52' title="bbox 1841 2274 3400 2355">
    <p class='ocr_par' dir='ltr' id='par_1_52' title="bbox 1841 2274 3400 2355">
     <span class='ocr_line' id='line_1_52' title="bbox 1841 2274 3400 2355; baseline 0.008 -26"><span class='ocrx_word' id='word_1_346' title='bbox 1841 2274 2146 2344; x_wconf 61' lang='lat' dir='ltr'><strong>Etliiopes,</strong></span> <span class='ocrx_word' id='word_1_347' title='bbox 2185 2288 2240 2331; x_wconf 87' lang='lat' dir='ltr'><strong>et</strong></span> <span class='ocrx_word' id='word_1_348' title='bbox 2269 2284 2642 2349; x_wconf 82' lang='lat' dir='ltr'><strong>consequitur,</strong></span> <span class='ocrx_word' id='word_1_349' title='bbox 2691 2294 2747 2336; x_wconf 87' lang='lat' dir='ltr'><strong>ut</strong></span> <span class='ocrx_word' id='word_1_350' title='bbox 2779 2284 2864 2338; x_wconf 89' lang='lat' dir='ltr'><strong>his</strong></span> <span class='ocrx_word' id='word_1_351' title='bbox 2919 2288 3076 2339; x_wconf 86' lang='lat' dir='ltr'><strong>ﬁdem</strong></span> <span class='ocrx_word' id='word_1_352' title='bbox 3125 2305 3400 2355; x_wconf 75' lang='lat' dir='ltr'><strong>nunquam</strong></span> 
     </span>
    </p>
   </div>
   <div class='ocr_carea' id='block_1_53' title="bbox 1843 2373 3413 2441">
    <p class='ocr_par' dir='ltr' id='par_1_53' title="bbox 1843 2373 3413 2441">
     <span class='ocr_line' id='line_1_53' title="bbox 1843 2373 3413 2441; baseline 0.007 -19"><span class='ocrx_word' id='word_1_353' title='bbox 1843 2380 1969 2424; x_wconf 87' lang='lat' dir='ltr'><strong>ante</strong></span> <span class='ocrx_word' id='word_1_354' title='bbox 2019 2373 2274 2425; x_wconf 69' lang='lat' dir='ltr'><strong>saeculum</strong></span> <span class='ocrx_word' id='word_1_355' title='bbox 2305 2389 2354 2424; x_wconf 84' lang='lat' dir='ltr'><strong>iv</strong></span> <span class='ocrx_word' id='word_1_356' title='bbox 2408 2374 2752 2441; x_wconf 72' lang='lat' dir='ltr'><strong>przedicatam</strong></span> <span class='ocrx_word' id='word_1_357' title='bbox 2800 2376 2967 2431; x_wconf 81' lang='lat' dir='ltr'><strong>fuisse</strong></span> <span class='ocrx_word' id='word_1_358' title='bbox 2997 2377 3263 2432; x_wconf 78' lang='lat' dir='ltr'><strong>dicamus.</strong></span> <span class='ocrx_word' id='word_1_359' title='bbox 3297 2379 3413 2433; x_wconf 56' lang='lat' dir='ltr'><strong>Rev</strong></span> 
     </span>
    </p>
   </div>
   <div class='ocr_carea' id='block_1_54' title="bbox 1845 2463 3404 2533">
    <p class='ocr_par' dir='ltr' id='par_1_54' title="bbox 1845 2463 3404 2533">
     <span class='ocr_line' id='line_1_54' title="bbox 1845 2463 3404 2533; baseline 0.008 -21"><span class='ocrx_word' id='word_1_360' title='bbox 1845 2463 2090 2533; x_wconf 82' lang='lat' dir='ltr'><strong>spondeo</strong></span> <span class='ocrx_word' id='word_1_361' title='bbox 2146 2472 2314 2517; x_wconf 90' lang='lat' dir='ltr'><strong>totum</strong></span> <span class='ocrx_word' id='word_1_362' title='bbox 2341 2465 2439 2519; x_wconf 91' lang='lat' dir='ltr'><strong>hoc</strong></span> <span class='ocrx_word' id='word_1_363' title='bbox 2465 2466 2808 2519; x_wconf 83' lang='lat' dir='ltr'><strong>ratiocinium</strong></span> <span class='ocrx_word' id='word_1_364' title='bbox 2836 2467 3112 2522; x_wconf 69' lang='lat' dir='ltr'><strong>tolerabile</strong></span> <span class='ocrx_word' id='word_1_365' title='bbox 3140 2470 3404 2530; x_wconf 76' lang='lat' dir='ltr'><strong>futurum.</strong></span> 
     </span>
    </p>
   </div>
   <div class='ocr_carea' id='block_1_55' title="bbox 1846 2557 3403 2629">
    <p class='ocr_par' dir='ltr' id='par_1_55' title="bbox 1846 2557 3403 2629">
     <span class='ocr_line' id='line_1_55' title="bbox 1846 2557 3403 2629; baseline 0.004 -20"><span class='ocrx_word' id='word_1_366' title='bbox 1846 2557 1887 2609; x_wconf 86' lang='lat' dir='ltr'><strong>si</strong></span> <span class='ocrx_word' id='word_1_367' title='bbox 1915 2558 2118 2609; x_wconf 77' lang='lat' dir='ltr'><strong>Axmna</strong></span> <span class='ocrx_word' id='word_1_368' title='bbox 2170 2567 2311 2610; x_wconf 87' lang='lat' dir='ltr'><strong>esset</strong></span> <span class='ocrx_word' id='word_1_369' title='bbox 2348 2558 2397 2609; x_wconf 93' lang='lat' dir='ltr'><strong>in</strong></span> <span class='ocrx_word' id='word_1_370' title='bbox 2425 2557 2702 2628; x_wconf 60' lang='lat' dir='ltr'><strong>Ethiopia</strong></span> <span class='ocrx_word' id='word_1_371' title='bbox 2729 2563 3178 2629; x_wconf 82' lang='lat' dir='ltr'><strong>septemtrionali.</strong></span> <span class='ocrx_word' id='word_1_372' title='bbox 3208 2563 3403 2615; x_wconf 87' lang='lat' dir='ltr'><strong>\‘erum</strong></span> 
     </span>
    </p>
   </div>
   <div class='ocr_carea' id='block_1_56' title="bbox 1846 2649 3406 2721">
    <p class='ocr_par' dir='ltr' id='par_1_56' title="bbox 1846 2649 3406 2721">
     <span class='ocr_line' id='line_1_56' title="bbox 1846 2649 3406 2721; baseline 0.002 -19"><span class='ocrx_word' id='word_1_373' title='bbox 1846 2652 2048 2702; x_wconf 61' lang='lat' dir='ltr'><strong>Atuma</strong></span> <span class='ocrx_word' id='word_1_374' title='bbox 2109 2660 2188 2703; x_wconf 86' lang='lat' dir='ltr'><strong>est</strong></span> <span class='ocrx_word' id='word_1_375' title='bbox 2245 2651 2296 2702; x_wconf 91' lang='lat' dir='ltr'><strong>in</strong></span> <span class='ocrx_word' id='word_1_376' title='bbox 2335 2649 2677 2716; x_wconf 83' lang='lat' dir='ltr'><strong>Habessinia,</strong></span> <span class='ocrx_word' id='word_1_377' title='bbox 2715 2656 2871 2721; x_wconf 79' lang='lat' dir='ltr'><strong>cujus</strong></span> <span class='ocrx_word' id='word_1_378' title='bbox 2914 2656 3040 2707; x_wconf 89' lang='lat' dir='ltr'><strong>olim</strong></span> <span class='ocrx_word' id='word_1_379' title='bbox 3080 2656 3180 2710; x_wconf 77' lang='lat' dir='ltr'><strong>fuit</strong></span> <span class='ocrx_word' id='word_1_380' title='bbox 3207 2665 3406 2707; x_wconf 69' lang='lat' dir='ltr'><strong>metro-</strong></span> 
     </span>
    </p>
   </div>
   <div class='ocr_carea' id='block_1_57' title="bbox 1845 2740 3411 2815">
    <p class='ocr_par' dir='ltr' id='par_1_57' title="bbox 1845 2740 3411 2815">
     <span class='ocr_line' id='line_1_57' title="bbox 1845 2740 3411 2815; baseline 0.007 -23"><span class='ocrx_word' id='word_1_381' title='bbox 1845 2740 2006 2808; x_wconf 87' lang='lat' dir='ltr'><strong>polis,</strong></span> <span class='ocrx_word' id='word_1_382' title='bbox 2035 2754 2134 2794; x_wconf 88' lang='lat' dir='ltr'><strong>nec</strong></span> <span class='ocrx_word' id='word_1_383' title='bbox 2165 2748 2249 2794; x_wconf 91' lang='lat' dir='ltr'><strong>est</strong></span> <span class='ocrx_word' id='word_1_384' title='bbox 2279 2740 2329 2792; x_wconf 93' lang='lat' dir='ltr'><strong>in</strong></span> <span class='ocrx_word' id='word_1_385' title='bbox 2365 2750 2516 2808; x_wconf 84' lang='lat' dir='ltr'><strong>parte</strong></span> <span class='ocrx_word' id='word_1_386' title='bbox 2548 2745 2974 2808; x_wconf 84' lang='lat' dir='ltr'><strong>septemtrionali</strong></span> <span class='ocrx_word' id='word_1_387' title='bbox 3007 2744 3318 2815; x_wconf 42' lang='lat' dir='ltr'><strong>Ethiopian</strong></span> <span class='ocrx_word' id='word_1_388' title='bbox 3344 2747 3411 2803; x_wconf 81' lang='lat' dir='ltr'><strong>do</strong></span> 
     </span>
    </p>
   </div>
   <div class='ocr_carea' id='block_1_58' title="bbox 1848 2831 3413 2902">
    <p class='ocr_par' dir='ltr' id='par_1_58' title="bbox 1848 2831 3413 2902">
     <span class='ocr_line' id='line_1_58' title="bbox 1848 2831 3413 2902; baseline 0.005 -17"><span class='ocrx_word' id='word_1_389' title='bbox 1848 2847 1951 2901; x_wconf 89' lang='lat' dir='ltr'><strong>qua</strong></span> <span class='ocrx_word' id='word_1_390' title='bbox 1980 2831 2338 2901; x_wconf 87' lang='lat' dir='ltr'><strong>disputamus.</strong></span> <span class='ocrx_word' id='word_1_391' title='bbox 2392 2831 2584 2886; x_wconf 83' lang='lat' dir='ltr'><strong>Totum</strong></span> <span class='ocrx_word' id='word_1_392' title='bbox 2625 2849 2844 2902; x_wconf 85' lang='lat' dir='ltr'><strong>regnum</strong></span> <span class='ocrx_word' id='word_1_393' title='bbox 2882 2836 3111 2898; x_wconf 77' lang='lat' dir='ltr'><strong>Sennar,</strong></span> <span class='ocrx_word' id='word_1_394' title='bbox 3154 2847 3212 2892; x_wconf 94' lang='lat' dir='ltr'><strong>ut</strong></span> <span class='ocrx_word' id='word_1_395' title='bbox 3253 2839 3413 2893; x_wconf 86' lang='lat' dir='ltr'><strong>hodie</strong></span> 
     </span>
    </p>
   </div>
   <div class='ocr_carea' id='block_1_59' title="bbox 1854 2921 3412 2994">
    <p class='ocr_par' dir='ltr' id='par_1_59' title="bbox 1854 2921 3412 2994">
     <span class='ocr_line' id='line_1_59' title="bbox 1854 2921 3412 2994; baseline 0.005 -20"><span class='ocrx_word' id='word_1_396' title='bbox 1854 2931 2100 2985; x_wconf 86' lang='lat' dir='ltr'><strong>vocatur,</strong></span> <span class='ocrx_word' id='word_1_397' title='bbox 2152 2924 2268 2981; x_wconf 88' lang='lat' dir='ltr'><strong>sive</strong></span> <span class='ocrx_word' id='word_1_398' title='bbox 2316 2921 2590 2977; x_wconf 80' lang='lat' dir='ltr'><strong>Nubiense</strong></span> <span class='ocrx_word' id='word_1_399' title='bbox 2625 2940 2870 2994; x_wconf 76' lang='lat' dir='ltr'><strong>regnum,</strong></span> <span class='ocrx_word' id='word_1_400' title='bbox 2904 2936 2995 2983; x_wconf 87' lang='lat' dir='ltr'><strong>aut</strong></span> <span class='ocrx_word' id='word_1_401' title='bbox 3047 2942 3266 2994; x_wconf 77' lang='lat' dir='ltr'><strong>regnum</strong></span> <span class='ocrx_word' id='word_1_402' title='bbox 3299 2928 3412 2982; x_wconf 81' lang='lat' dir='ltr'><strong>Me—</strong></span> 
     </span>
    </p>
   </div>
   <div class='ocr_carea' id='block_1_60' title="bbox 1852 3015 3416 3085">
    <p class='ocr_par' dir='ltr' id='par_1_60' title="bbox 1852 3015 3416 3085">
     <span class='ocr_line' id='line_1_60' title="bbox 1852 3015 3416 3085; baseline 0.001 -17"><span class='ocrx_word' id='word_1_403' title='bbox 1852 3031 1996 3078; x_wconf 84' lang='lat' dir='ltr'><strong>roes,</strong></span> <span class='ocrx_word' id='word_1_404' title='bbox 2029 3015 2118 3069; x_wconf 85' lang='lat' dir='ltr'><strong>ubi</strong></span> <span class='ocrx_word' id='word_1_405' title='bbox 2154 3015 2281 3068; x_wconf 90' lang='lat' dir='ltr'><strong>olim</strong></span> <span class='ocrx_word' id='word_1_406' title='bbox 2314 3016 2492 3085; x_wconf 79' lang='lat' dir='ltr'><strong>regina</strong></span> <span class='ocrx_word' id='word_1_407' title='bbox 2515 3016 2764 3070; x_wconf 82' lang='lat' dir='ltr'><strong>Candace</strong></span> <span class='ocrx_word' id='word_1_408' title='bbox 2789 3016 2894 3069; x_wconf 86' lang='lat' dir='ltr'><strong>late</strong></span> <span class='ocrx_word' id='word_1_409' title='bbox 2923 3016 3238 3084; x_wconf 86' lang='lat' dir='ltr'><strong>imperabat,</strong></span> <span class='ocrx_word' id='word_1_410' title='bbox 3275 3020 3416 3072; x_wconf 91' lang='lat' dir='ltr'><strong>inter</strong></span> 
     </span>
    </p>
   </div>
   <div class='ocr_carea' id='block_1_61' title="bbox 1855 3106 3412 3177">
    <p class='ocr_par' dir='ltr' id='par_1_61' title="bbox 1855 3106 3412 3177">
     <span class='ocr_line' id='line_1_61' title="bbox 1855 3106 3412 3177; baseline -0.001 -16"><span class='ocrx_word' id='word_1_411' title='bbox 1855 3107 2142 3177; x_wconf 59' lang='lat' dir='ltr'><strong>Algyptnm</strong></span> <span class='ocrx_word' id='word_1_412' title='bbox 2199 3113 2255 3160; x_wconf 81' lang='lat' dir='ltr'><strong>et</strong></span> <span class='ocrx_word' id='word_1_413' title='bbox 2300 3109 2641 3159; x_wconf 78' lang='lat' dir='ltr'><strong>Auxumense</strong></span> <span class='ocrx_word' id='word_1_414' title='bbox 2687 3106 2766 3158; x_wconf 86' lang='lat' dir='ltr'><strong>vel</strong></span> <span class='ocrx_word' id='word_1_415' title='bbox 2824 3106 3132 3160; x_wconf 78' lang='lat' dir='ltr'><strong>Axumcnse</strong></span> <span class='ocrx_word' id='word_1_416' title='bbox 3189 3123 3412 3176; x_wconf 83' lang='lat' dir='ltr'><strong>regnum</strong></span> 
     </span>
    </p>
   </div>
   <div class='ocr_carea' id='block_1_62' title="bbox 1777 3196 3419 3291">
    <p class='ocr_par' dir='ltr' id='par_1_62' title="bbox 1777 3196 3419 3291">
     <span class='ocr_line' id='line_1_62' title="bbox 1777 3196 3419 3291; baseline 0.002 -41"><span class='ocrx_word' id='word_1_417' title='bbox 1777 3233 1822 3291; x_wconf 64' lang='grc' dir='ltr'>Ο</span> <span class='ocrx_word' id='word_1_418' title='bbox 1855 3206 1937 3250; x_wconf 90' lang='lat' dir='ltr'><strong>est</strong></span> <span class='ocrx_word' id='word_1_419' title='bbox 1976 3197 2380 3260; x_wconf 81' lang='lat' dir='ltr'><strong>intermedium,</strong></span> <span class='ocrx_word' id='word_1_420' title='bbox 2419 3198 2556 3250; x_wconf 89' lang='lat' dir='ltr'><strong>sicut</strong></span> <span class='ocrx_word' id='word_1_421' title='bbox 2598 3196 2758 3253; x_wconf 76' lang='lat' dir='ltr'><strong>modo</strong></span> <span class='ocrx_word' id='word_1_422' title='bbox 2806 3213 3026 3266; x_wconf 87' lang='lat' dir='ltr'><strong>regnum</strong></span> <span class='ocrx_word' id='word_1_423' title='bbox 3059 3199 3267 3252; x_wconf 78' lang='lat' dir='ltr'><strong>Sennar</strong></span> <span class='ocrx_word' id='word_1_424' title='bbox 3315 3200 3419 3253; x_wconf 81' lang='lat' dir='ltr'><strong>Ha-</strong></span> 
     </span>
    </p>
   </div>
   <div class='ocr_carea' id='block_1_63' title="bbox 259 3271 3417 3360">
    <p class='ocr_par' dir='ltr' id='par_1_63' title="bbox 259 3271 3417 3360">
     <span class='ocr_line' id='line_1_63' title="bbox 259 3271 3417 3360; baseline 0 -18"><span class='ocrx_word' id='word_1_425' title='bbox 259 3289 350 3342; x_wconf 78' lang='grc'><strong>51.</strong></span> <span class='ocrx_word' id='word_1_426' title='bbox 390 3287 775 3342; x_wconf 80' lang='lat' dir='ltr'><strong>Verumtamen</strong></span> <span class='ocrx_word' id='word_1_427' title='bbox 819 3303 880 3342; x_wconf 89' lang='lat' dir='ltr'><strong>ea</strong></span> <span class='ocrx_word' id='word_1_428' title='bbox 923 3287 1105 3356; x_wconf 90' lang='lat' dir='ltr'><strong>opinio</strong></span> <span class='ocrx_word' id='word_1_429' title='bbox 1147 3287 1423 3356; x_wconf 88' lang='lat' dir='ltr'><strong>displicuit</strong></span> <span class='ocrx_word' id='word_1_430' title='bbox 1453 3287 1748 3342; x_wconf 86' lang='lat' dir='ltr'><strong>Tillemon-</strong></span> <span class='ocrx_word' id='word_1_431' title='bbox 1779 3271 1822 3292; x_wconf 58' lang='grc' dir='ltr'>υ</span> <span class='ocrx_word' id='word_1_432' title='bbox 1856 3288 2149 3343; x_wconf 86' lang='lat' dir='ltr'><strong>hessiniam</strong></span> <span class='ocrx_word' id='word_1_433' title='bbox 2183 3292 2327 3341; x_wconf 92' lang='lat' dir='ltr'><strong>inter</strong></span> <span class='ocrx_word' id='word_1_434' title='bbox 2356 3301 2410 3341; x_wconf 86' lang='lat' dir='ltr'><strong>et</strong></span> <span class='ocrx_word' id='word_1_435' title='bbox 2444 3288 2731 3356; x_wconf 63' lang='lat' dir='ltr'><strong>.Egyptuni</strong></span> <span class='ocrx_word' id='word_1_436' title='bbox 2757 3290 2920 3355; x_wconf 86' lang='lat' dir='ltr'><strong>jacet.</strong></span> <span class='ocrx_word' id='word_1_437' title='bbox 2946 3288 3285 3360; x_wconf 84' lang='lat' dir='ltr'><strong>Quapropter</strong></span> <span class='ocrx_word' id='word_1_438' title='bbox 3315 3295 3417 3343; x_wconf 72' lang='lat' dir='ltr'><strong>tale</strong></span> 
     </span>
    </p>
   </div>
   <div class='ocr_carea' id='block_1_64' title="bbox 184 3378 1755 3450">
    <p class='ocr_par' dir='ltr' id='par_1_64' title="bbox 184 3378 1755 3450">
     <span class='ocr_line' id='line_1_64' title="bbox 184 3378 1755 3450; baseline 0 -16"><span class='ocrx_word' id='word_1_439' title='bbox 184 3382 266 3434; x_wconf 89' lang='lat' dir='ltr'><strong>tio</strong></span> <span class='ocrx_word' id='word_1_440' title='bbox 293 3400 302 3432; x_wconf 92' lang='lat'>:</span> <span class='ocrx_word' id='word_1_441' title='bbox 331 3396 452 3434; x_wconf 90' lang='lat' dir='ltr'><strong>nam</strong></span> <span class='ocrx_word' id='word_1_442' title='bbox 476 3380 584 3442; x_wconf 84' lang='lat' dir='ltr'><strong>hic,</strong></span> <span class='ocrx_word' id='word_1_443' title='bbox 613 3391 739 3434; x_wconf 88' lang='lat' dir='ltr'><strong>nota</strong></span> <span class='ocrx_word' id='word_1_444' title='bbox 765 3378 798 3433; x_wconf 75' lang='grc'><strong>2</strong></span> <span class='ocrx_word' id='word_1_445' title='bbox 824 3382 874 3432; x_wconf 92' lang='lat' dir='ltr'><strong>in</strong></span> <span class='ocrx_word' id='word_1_446' title='bbox 898 3380 1226 3445; x_wconf 66' lang='lat' dir='ltr'><strong>Mattbmum,</strong></span> <span class='ocrx_word' id='word_1_447' title='bbox 1255 3379 1477 3450; x_wconf 80' lang='lat' dir='ltr'><strong>allegata</strong></span> <span class='ocrx_word' id='word_1_448' title='bbox 1500 3380 1755 3449; x_wconf 86' lang='lat' dir='ltr'><strong>Opinione</strong></span> 
     </span>
    </p>
   </div>
   <div class='ocr_carea' id='block_1_65' title="bbox 183 3471 1754 3543">
    <p class='ocr_par' dir='ltr' id='par_1_65' title="bbox 183 3471 1754 3543">
     <span class='ocr_line' id='line_1_65' title="bbox 183 3471 1754 3543; baseline 0.001 -16"><span class='ocrx_word' id='word_1_449' title='bbox 183 3473 426 3527; x_wconf 78' lang='lat' dir='ltr'><strong>Cornelii</strong></span> <span class='ocrx_word' id='word_1_450' title='bbox 461 3488 488 3524; x_wconf 88' lang='lat' dir='ltr'><strong>a</strong></span> <span class='ocrx_word' id='word_1_451' title='bbox 527 3473 744 3540; x_wconf 84' lang='lat' dir='ltr'><strong>Lapide.</strong></span> <span class='ocrx_word' id='word_1_452' title='bbox 771 3489 933 3542; x_wconf 91' lang='lat' dir='ltr'><strong>quam</strong></span> <span class='ocrx_word' id='word_1_453' title='bbox 964 3471 1326 3527; x_wconf 86' lang='lat' dir='ltr'><strong>Florentinins</strong></span> <span class='ocrx_word' id='word_1_454' title='bbox 1349 3473 1532 3527; x_wconf 81' lang='lat' dir='ltr'><strong>retulit</strong></span> <span class='ocrx_word' id='word_1_455' title='bbox 1556 3475 1754 3543; x_wconf 83' lang='lat' dir='ltr'><strong>potius.</strong></span> 
     </span>
    </p>
   </div>
   <div class='ocr_carea' id='block_1_66' title="bbox 181 3565 1758 3634">
    <p class='ocr_par' dir='ltr' id='par_1_66' title="bbox 181 3565 1758 3634">
     <span class='ocr_line' id='line_1_66' title="bbox 181 3565 1758 3634; baseline 0.001 -17"><span class='ocrx_word' id='word_1_456' title='bbox 181 3580 354 3634; x_wconf 79' lang='lat' dir='ltr'><strong>quam</strong></span> <span class='ocrx_word' id='word_1_457' title='bbox 389 3573 609 3617; x_wconf 88' lang='lat' dir='ltr'><strong>secutus</strong></span> <span class='ocrx_word' id='word_1_458' title='bbox 639 3574 744 3622; x_wconf 88' lang='lat' dir='ltr'><strong>est.</strong></span> <span class='ocrx_word' id='word_1_459' title='bbox 788 3565 1019 3618; x_wconf 84' lang='lat' dir='ltr'><strong>rotunde</strong></span> <span class='ocrx_word' id='word_1_460' title='bbox 1064 3565 1228 3617; x_wconf 87' lang='lat' dir='ltr'><strong>edicit</strong></span> <span class='ocrx_word' id='word_1_461' title='bbox 1281 3579 1383 3618; x_wconf 91' lang='lat' dir='ltr'><strong>non</strong></span> <span class='ocrx_word' id='word_1_462' title='bbox 1439 3568 1758 3633; x_wconf 68' lang='lat' dir='ltr'><strong>praedicasse</strong></span> 
     </span>
    </p>
   </div>
   <div class='ocr_carea' id='block_1_67' title="bbox 185 3653 1756 3725">
    <p class='ocr_par' dir='ltr' id='par_1_67' title="bbox 185 3653 1756 3725">
     <span class='ocr_line' id='line_1_67' title="bbox 185 3653 1756 3725; baseline -0.001 -17"><span class='ocrx_word' id='word_1_463' title='bbox 185 3665 439 3708; x_wconf 81' lang='lat' dir='ltr'><strong>sanctum</strong></span> <span class='ocrx_word' id='word_1_464' title='bbox 491 3653 795 3708; x_wconf 72' lang='lat' dir='ltr'><strong>Matthazum</strong></span> <span class='ocrx_word' id='word_1_465' title='bbox 867 3656 919 3709; x_wconf 91' lang='lat' dir='ltr'><strong>in</strong></span> <span class='ocrx_word' id='word_1_466' title='bbox 975 3654 1252 3725; x_wconf 64' lang='lat' dir='ltr'><strong>Ethiopia</strong></span> <span class='ocrx_word' id='word_1_467' title='bbox 1305 3655 1756 3725; x_wconf 86' lang='lat' dir='ltr'><strong>septemtrionali.</strong></span> 
     </span>
    </p>
   </div>
   <div class='ocr_carea' id='block_1_68' title="bbox 186 3747 1760 3805">
    <p class='ocr_par' dir='ltr' id='par_1_68' title="bbox 186 3747 1760 3805">
     <span class='ocr_line' id='line_1_68' title="bbox 186 3747 1760 3805; baseline -0.001 -2"><span class='ocrx_word' id='word_1_468' title='bbox 186 3747 452 3803; x_wconf 83' lang='lat' dir='ltr'><strong>Baillctus</strong></span> <span class='ocrx_word' id='word_1_469' title='bbox 481 3749 711 3803; x_wconf 87' lang='lat' dir='ltr'><strong>ﬁdeliter</strong></span> <span class='ocrx_word' id='word_1_470' title='bbox 745 3759 966 3805; x_wconf 89' lang='lat' dir='ltr'><strong>secutus</strong></span> <span class='ocrx_word' id='word_1_471' title='bbox 999 3760 1082 3805; x_wconf 89' lang='lat' dir='ltr'><strong>est</strong></span> <span class='ocrx_word' id='word_1_472' title='bbox 1131 3748 1558 3803; x_wconf 86' lang='lat' dir='ltr'><strong>Tillemontium.</strong></span> <span class='ocrx_word' id='word_1_473' title='bbox 1595 3749 1760 3804; x_wconf 86' lang='lat' dir='ltr'><strong>Unica</strong></span> 
     </span>
    </p>
   </div>
   <div class='ocr_carea' id='block_1_69' title="bbox 189 3842 1760 3911">
    <p class='ocr_par' dir='ltr' id='par_1_69' title="bbox 189 3842 1760 3911">
     <span class='ocr_line' id='line_1_69' title="bbox 189 3842 1760 3911; baseline -0.004 -13"><span class='ocrx_word' id='word_1_474' title='bbox 189 3842 483 3911; x_wconf 89' lang='lat' dir='ltr'><strong>utriusque</strong></span> <span class='ocrx_word' id='word_1_475' title='bbox 537 3842 695 3908; x_wconf 84' lang='lat' dir='ltr'><strong>ratio,</strong></span> <span class='ocrx_word' id='word_1_476' title='bbox 753 3858 922 3910; x_wconf 87' lang='lat' dir='ltr'><strong>caque</strong></span> <span class='ocrx_word' id='word_1_477' title='bbox 972 3858 1035 3897; x_wconf 77' lang='lat' dir='ltr'><strong>ex</strong></span> <span class='ocrx_word' id='word_1_478' title='bbox 1093 3857 1276 3897; x_wconf 89' lang='lat' dir='ltr'><strong>errore</strong></span> <span class='ocrx_word' id='word_1_479' title='bbox 1319 3851 1466 3906; x_wconf 90' lang='lat' dir='ltr'><strong>nata,</strong></span> <span class='ocrx_word' id='word_1_480' title='bbox 1516 3843 1628 3896; x_wconf 71' lang='lat' dir='ltr'><strong>haec</strong></span> <span class='ocrx_word' id='word_1_481' title='bbox 1660 3852 1760 3903; x_wconf 87' lang='lat' dir='ltr'><strong>est,</strong></span> 
     </span>
    </p>
   </div>
   <div class='ocr_carea' id='block_1_70' title="bbox 186 3933 1761 4012">
    <p class='ocr_par' dir='ltr' id='par_1_70' title="bbox 186 3933 1761 4012">
     <span class='ocr_line' id='line_1_70' title="bbox 186 3933 1761 4012; baseline -0.004 -21"><span class='ocrx_word' id='word_1_482' title='bbox 186 3935 342 4012; x_wconf 80' lang='lat' dir='ltr'><strong>quod</strong></span> <span class='ocrx_word' id='word_1_483' title='bbox 366 3934 641 4003; x_wconf 77' lang='lat' dir='ltr'><strong>ASthiOpia</strong></span> <span class='ocrx_word' id='word_1_484' title='bbox 667 3933 1142 4002; x_wconf 86' lang='lat' dir='ltr'><strong>septemtrionalis,</strong></span> <span class='ocrx_word' id='word_1_485' title='bbox 1171 3942 1222 3988; x_wconf 88' lang='lat' dir='ltr'><strong>et</strong></span> <span class='ocrx_word' id='word_1_486' title='bbox 1247 3933 1474 4002; x_wconf 60' lang='lat' dir='ltr'><strong>Egypto</strong></span> <span class='ocrx_word' id='word_1_487' title='bbox 1501 3933 1761 3998; x_wconf 65' lang='lat' dir='ltr'><strong>proxima,</strong></span> 
     </span>
    </p>
   </div>
   <div class='ocr_carea' id='block_1_71' title="bbox 188 4023 1766 4095">
    <p class='ocr_par' dir='ltr' id='par_1_71' title="bbox 188 4023 1766 4095">
     <span class='ocr_line' id='line_1_71' title="bbox 188 4023 1766 4095; baseline -0.002 -14"><span class='ocrx_word' id='word_1_488' title='bbox 188 4041 309 4082; x_wconf 86' lang='lat' dir='ltr'><strong>non</strong></span> <span class='ocrx_word' id='word_1_489' title='bbox 342 4025 615 4095; x_wconf 80' lang='lat' dir='ltr'><strong>exceperit</strong></span> <span class='ocrx_word' id='word_1_490' title='bbox 651 4024 807 4078; x_wconf 83' lang='lat' dir='ltr'><strong>ﬁdem</strong></span> <span class='ocrx_word' id='word_1_491' title='bbox 832 4025 1220 4086; x_wconf 85' lang='lat' dir='ltr'><strong>Christianam,</strong></span> <span class='ocrx_word' id='word_1_492' title='bbox 1247 4025 1346 4077; x_wconf 87' lang='lat' dir='ltr'><strong>nisi</strong></span> <span class='ocrx_word' id='word_1_493' title='bbox 1381 4023 1645 4078; x_wconf 69' lang='lat' dir='ltr'><strong>smeulorv</strong></span> <span class='ocrx_word' id='word_1_494' title='bbox 1672 4041 1766 4093; x_wconf 82' lang='lat' dir='ltr'><strong>per</strong></span> 
     </span>
    </p>
   </div>
   <div class='ocr_carea' id='block_1_72' title="bbox 191 4117 1766 4188">
    <p class='ocr_par' dir='ltr' id='par_1_72' title="bbox 191 4117 1766 4188">
     <span class='ocr_line' id='line_1_72' title="bbox 191 4117 1766 4188; baseline 0.001 -18"><span class='ocrx_word' id='word_1_495' title='bbox 191 4119 262 4172; x_wconf 69' lang='lat' dir='ltr'><strong>b‘.</strong></span> <span class='ocrx_word' id='word_1_496' title='bbox 321 4117 714 4173; x_wconf 86' lang='lat' dir='ltr'><strong>Frumentium.</strong></span> <span class='ocrx_word' id='word_1_497' title='bbox 766 4118 1037 4172; x_wconf 83' lang='lat' dir='ltr'><strong>Proniittit</strong></span> <span class='ocrx_word' id='word_1_498' title='bbox 1091 4127 1268 4171; x_wconf 84' lang='lat' dir='ltr'><strong>autem</strong></span> <span class='ocrx_word' id='word_1_499' title='bbox 1328 4128 1550 4188; x_wconf 86' lang='lat' dir='ltr'><strong>uterque</strong></span> <span class='ocrx_word' id='word_1_500' title='bbox 1602 4119 1654 4172; x_wconf 90' lang='lat' dir='ltr'><strong>id</strong></span> <span class='ocrx_word' id='word_1_501' title='bbox 1710 4135 1766 4172; x_wconf 84' lang='lat' dir='ltr'><strong>se</strong></span> 
     </span>
    </p>
   </div>
   <div class='ocr_carea' id='block_1_73' title="bbox 190 4209 1764 4266">
    <p class='ocr_par' dir='ltr' id='par_1_73' title="bbox 190 4209 1764 4266">
     <span class='ocr_line' id='line_1_73' title="bbox 190 4209 1764 4266; baseline -0.004 0"><span class='ocrx_word' id='word_1_502' title='bbox 190 4221 549 4266; x_wconf 87' lang='lat' dir='ltr'><strong>ostensurum</strong></span> <span class='ocrx_word' id='word_1_503' title='bbox 599 4213 651 4265; x_wconf 92' lang='lat' dir='ltr'><strong>in</strong></span> <span class='ocrx_word' id='word_1_504' title='bbox 703 4211 824 4266; x_wconf 69' lang='lat' dir='ltr'><strong>Vita</strong></span> <span class='ocrx_word' id='word_1_505' title='bbox 873 4210 1045 4265; x_wconf 87' lang='lat' dir='ltr'><strong>sancti</strong></span> <span class='ocrx_word' id='word_1_506' title='bbox 1080 4209 1381 4265; x_wconf 84' lang='lat' dir='ltr'><strong>Frumenti.</strong></span> <span class='ocrx_word' id='word_1_507' title='bbox 1429 4210 1624 4264; x_wconf 73' lang='lat' dir='ltr'><strong>Verum</strong></span> <span class='ocrx_word' id='word_1_508' title='bbox 1659 4225 1764 4264; x_wconf 91' lang='lat' dir='ltr'><strong>non</strong></span> 
     </span>
    </p>
   </div>
   <div class='ocr_carea' id='block_1_74' title="bbox 188 4303 1766 4372">
    <p class='ocr_par' dir='ltr' id='par_1_74' title="bbox 188 4303 1766 4372">
     <span class='ocr_line' id='line_1_74' title="bbox 188 4303 1766 4372; baseline -0.004 -11"><span class='ocrx_word' id='word_1_509' title='bbox 188 4303 393 4361; x_wconf 90' lang='lat' dir='ltr'><strong>dubito</strong></span> <span class='ocrx_word' id='word_1_510' title='bbox 447 4304 632 4358; x_wconf 86' lang='lat' dir='ltr'><strong>eadem</strong></span> <span class='ocrx_word' id='word_1_511' title='bbox 673 4303 933 4358; x_wconf 86' lang='lat' dir='ltr'><strong>brevitate</strong></span> <span class='ocrx_word' id='word_1_512' title='bbox 977 4307 1328 4370; x_wconf 83' lang='lat' dir='ltr'><strong>respondere,</strong></span> <span class='ocrx_word' id='word_1_513' title='bbox 1368 4318 1432 4357; x_wconf 80' lang='lat' dir='ltr'><strong>ex</strong></span> <span class='ocrx_word' id='word_1_514' title='bbox 1470 4306 1582 4358; x_wconf 89' lang='lat' dir='ltr'><strong>sola</strong></span> <span class='ocrx_word' id='word_1_515' title='bbox 1617 4304 1766 4372; x_wconf 84' lang='lat' dir='ltr'><strong>igno-</strong></span> 
     </span>
    </p>
   </div>
   <div class='ocr_carea' id='block_1_75' title="bbox 194 4393 1767 4468">
    <p class='ocr_par' dir='ltr' id='par_1_75' title="bbox 194 4393 1767 4468">
     <span class='ocr_line' id='line_1_75' title="bbox 194 4393 1767 4468; baseline -0.009 -12"><span class='ocrx_word' id='word_1_516' title='bbox 194 4402 380 4457; x_wconf 84' lang='lat' dir='ltr'><strong>rantia</strong></span> <span class='ocrx_word' id='word_1_517' title='bbox 416 4409 469 4455; x_wconf 90' lang='lat' dir='ltr'><strong>et</strong></span> <span class='ocrx_word' id='word_1_518' title='bbox 494 4412 677 4455; x_wconf 88' lang='lat' dir='ltr'><strong>errore</strong></span> <span class='ocrx_word' id='word_1_519' title='bbox 710 4397 1007 4468; x_wconf 81' lang='lat' dir='ltr'><strong>profectam</strong></span> <span class='ocrx_word' id='word_1_520' title='bbox 1042 4409 1162 4450; x_wconf 88' lang='lat' dir='ltr'><strong>esse</strong></span> <span class='ocrx_word' id='word_1_521' title='bbox 1197 4395 1479 4466; x_wconf 90' lang='lat' dir='ltr'><strong>utriusque</strong></span> <span class='ocrx_word' id='word_1_522' title='bbox 1509 4393 1767 4462; x_wconf 79' lang='lat' dir='ltr'><strong>objectio-</strong></span> 
     </span>
    </p>
   </div>
   <div class='ocr_carea' id='block_1_76' title="bbox 193 4487 1768 4563">
    <p class='ocr_par' dir='ltr' id='par_1_76' title="bbox 193 4487 1768 4563">
     <span class='ocr_line' id='line_1_76' title="bbox 193 4487 1768 4563; baseline -0.006 -13"><span class='ocrx_word' id='word_1_523' title='bbox 193 4509 358 4557; x_wconf 83' lang='lat' dir='ltr'><strong>nem,</strong></span> <span class='ocrx_word' id='word_1_524' title='bbox 405 4493 548 4563; x_wconf 91' lang='lat' dir='ltr'><strong>quod</strong></span> <span class='ocrx_word' id='word_1_525' title='bbox 604 4506 828 4563; x_wconf 85' lang='lat' dir='ltr'><strong>regnum</strong></span> <span class='ocrx_word' id='word_1_526' title='bbox 886 4489 1218 4545; x_wconf 72' lang='lat' dir='ltr'><strong>Habessiniae</strong></span> <span class='ocrx_word' id='word_1_527' title='bbox 1268 4487 1609 4543; x_wconf 83' lang='lat' dir='ltr'><strong>conluderint</strong></span> <span class='ocrx_word' id='word_1_528' title='bbox 1645 4502 1768 4541; x_wconf 88' lang='lat' dir='ltr'><strong>cum</strong></span> 
     </span>
    </p>
   </div>
   <div class='ocr_carea' id='block_1_77' title="bbox 1856 3377 3418 3450">
    <p class='ocr_par' dir='ltr' id='par_1_77' title="bbox 1856 3377 3418 3450">
     <span class='ocr_line' id='line_1_77' title="bbox 1856 3377 3418 3450; baseline 0.001 -18"><span class='ocrx_word' id='word_1_529' title='bbox 1856 3387 1940 3432; x_wconf 88' lang='lat' dir='ltr'><strong>cst</strong></span> <span class='ocrx_word' id='word_1_530' title='bbox 1966 3379 2184 3430; x_wconf 88' lang='lat' dir='ltr'><strong>omnino</strong></span> <span class='ocrx_word' id='word_1_531' title='bbox 2209 3389 2582 3447; x_wconf 85' lang='lat' dir='ltr'><strong>argumentum</strong></span> <span class='ocrx_word' id='word_1_532' title='bbox 2609 3377 2959 3441; x_wconf 86' lang='lat' dir='ltr'><strong>Tillemuntii,</strong></span> <span class='ocrx_word' id='word_1_533' title='bbox 2988 3397 3047 3434; x_wconf 89' lang='lat' dir='ltr'><strong>ac</strong></span> <span class='ocrx_word' id='word_1_534' title='bbox 3082 3384 3122 3434; x_wconf 79' lang='lat' dir='ltr'><strong>si</strong></span> <span class='ocrx_word' id='word_1_535' title='bbox 3150 3383 3267 3450; x_wconf 83' lang='lat' dir='ltr'><strong>quis</strong></span> <span class='ocrx_word' id='word_1_536' title='bbox 3297 3398 3418 3449; x_wconf 87' lang='lat' dir='ltr'><strong>pro-</strong></span> 
     </span>
    </p>
   </div>
   <div class='ocr_carea' id='block_1_78' title="bbox 1857 3469 3417 3539">
    <p class='ocr_par' dir='ltr' id='par_1_78' title="bbox 1857 3469 3417 3539">
     <span class='ocr_line' id='line_1_78' title="bbox 1857 3469 3417 3539; baseline 0.001 -13"><span class='ocrx_word' id='word_1_537' title='bbox 1857 3472 2038 3526; x_wconf 85' lang='lat' dir='ltr'><strong>basset</strong></span> <span class='ocrx_word' id='word_1_538' title='bbox 2077 3471 2233 3524; x_wconf 87' lang='lat' dir='ltr'><strong>ﬁdem</strong></span> <span class='ocrx_word' id='word_1_539' title='bbox 2272 3487 2377 3523; x_wconf 86' lang='lat' dir='ltr'><strong>non</strong></span> <span class='ocrx_word' id='word_1_540' title='bbox 2412 3469 2577 3524; x_wconf 78' lang='lat' dir='ltr'><strong>fuisse</strong></span> <span class='ocrx_word' id='word_1_541' title='bbox 2611 3471 2952 3539; x_wconf 67' lang='lat' dir='ltr'><strong>praedicatum</strong></span> <span class='ocrx_word' id='word_1_542' title='bbox 3007 3473 3057 3524; x_wconf 91' lang='lat' dir='ltr'><strong>in</strong></span> <span class='ocrx_word' id='word_1_543' title='bbox 3092 3473 3259 3525; x_wconf 85' lang='lat' dir='ltr'><strong>Frisia</strong></span> <span class='ocrx_word' id='word_1_544' title='bbox 3294 3479 3417 3528; x_wconf 75' lang='lat' dir='ltr'><strong>ante</strong></span> 
     </span>
    </p>
   </div>
   <div class='ocr_carea' id='block_1_79' title="bbox 1862 3562 3417 3632">
    <p class='ocr_par' dir='ltr' id='par_1_79' title="bbox 1862 3562 3417 3632">
     <span class='ocr_line' id='line_1_79' title="bbox 1862 3562 3417 3632; baseline 0.002 -17"><span class='ocrx_word' id='word_1_545' title='bbox 1862 3563 2114 3617; x_wconf 67' lang='lat' dir='ltr'><strong>sarculum</strong></span> <span class='ocrx_word' id='word_1_546' title='bbox 2142 3580 2251 3625; x_wconf 84' lang='lat' dir='ltr'><strong>vit,</strong></span> <span class='ocrx_word' id='word_1_547' title='bbox 2300 3563 2528 3632; x_wconf 87' lang='lat' dir='ltr'><strong>indeque</strong></span> <span class='ocrx_word' id='word_1_548' title='bbox 2585 3562 2786 3617; x_wconf 79' lang='lat' dir='ltr'><strong>inferre</strong></span> <span class='ocrx_word' id='word_1_549' title='bbox 2837 3564 2995 3620; x_wconf 78' lang='lat' dir='ltr'><strong>vellet</strong></span> <span class='ocrx_word' id='word_1_550' title='bbox 3039 3565 3278 3619; x_wconf 79' lang='lat' dir='ltr'><strong>eamdem</strong></span> <span class='ocrx_word' id='word_1_551' title='bbox 3312 3582 3417 3618; x_wconf 88' lang='lat' dir='ltr'><strong>non</strong></span> 
     </span>
    </p>
   </div>
   <div class='ocr_carea' id='block_1_80' title="bbox 1864 3651 3415 3723">
    <p class='ocr_par' dir='ltr' id='par_1_80' title="bbox 1864 3651 3415 3723">
     <span class='ocr_line' id='line_1_80' title="bbox 1864 3651 3415 3723; baseline 0.005 -21"><span class='ocrx_word' id='word_1_552' title='bbox 1864 3651 2030 3704; x_wconf 76' lang='lat' dir='ltr'><strong>fuisse</strong></span> <span class='ocrx_word' id='word_1_553' title='bbox 2066 3661 2191 3704; x_wconf 89' lang='lat' dir='ltr'><strong>ante</strong></span> <span class='ocrx_word' id='word_1_554' title='bbox 2224 3652 2426 3705; x_wconf 82' lang='lat' dir='ltr'><strong>dictum</strong></span> <span class='ocrx_word' id='word_1_555' title='bbox 2476 3653 2734 3706; x_wconf 60' lang='lat' dir='ltr'><strong>saeculum</strong></span> <span class='ocrx_word' id='word_1_556' title='bbox 2764 3653 2814 3705; x_wconf 92' lang='lat' dir='ltr'><strong>in</strong></span> <span class='ocrx_word' id='word_1_557' title='bbox 2853 3652 3017 3706; x_wconf 85' lang='lat' dir='ltr'><strong>Gallia</strong></span> <span class='ocrx_word' id='word_1_558' title='bbox 3052 3654 3415 3723; x_wconf 70' lang='lat' dir='ltr'><strong>praedicatam.</strong></span> 
     </span>
    </p>
   </div>
   <div class='ocr_carea' id='block_1_81' title="bbox 1862 3740 3421 3812">
    <p class='ocr_par' dir='ltr' id='par_1_81' title="bbox 1862 3740 3421 3812">
     <span class='ocr_line' id='line_1_81' title="bbox 1862 3740 3421 3812; baseline 0.003 -15"><span class='ocrx_word' id='word_1_559' title='bbox 1862 3743 2125 3812; x_wconf 85' lang='lat' dir='ltr'><strong>Princeps</strong></span> <span class='ocrx_word' id='word_1_560' title='bbox 2155 3743 2436 3808; x_wconf 70' lang='lat' dir='ltr'><strong>Auxumae,</strong></span> <span class='ocrx_word' id='word_1_561' title='bbox 2473 3740 2612 3812; x_wconf 89' lang='lat' dir='ltr'><strong>apud</strong></span> <span class='ocrx_word' id='word_1_562' title='bbox 2659 3758 2818 3809; x_wconf 89' lang='lat' dir='ltr'><strong>quem</strong></span> <span class='ocrx_word' id='word_1_563' title='bbox 2852 3753 3090 3812; x_wconf 83' lang='lat' dir='ltr'><strong>tempore</strong></span> <span class='ocrx_word' id='word_1_564' title='bbox 3120 3746 3421 3802; x_wconf 89' lang='lat' dir='ltr'><strong>Constantii</strong></span> 
     </span>
    </p>
   </div>
   <div class='ocr_carea' id='block_1_82' title="bbox 1865 3835 3421 3907">
    <p class='ocr_par' dir='ltr' id='par_1_82' title="bbox 1865 3835 3421 3907">
     <span class='ocr_line' id='line_1_82' title="bbox 1865 3835 3421 3907; baseline 0.002 -16"><span class='ocrx_word' id='word_1_565' title='bbox 1865 3847 1919 3891; x_wconf 83' lang='lat' dir='ltr'><strong>ct</strong></span> <span class='ocrx_word' id='word_1_566' title='bbox 1959 3837 2239 3891; x_wconf 74' lang='lat' dir='ltr'><strong>Athanasii</strong></span> <span class='ocrx_word' id='word_1_567' title='bbox 2274 3835 2430 3888; x_wconf 78' lang='lat' dir='ltr'><strong>[idem</strong></span> <span class='ocrx_word' id='word_1_568' title='bbox 2465 3835 2776 3903; x_wconf 67' lang='lat' dir='ltr'><strong>prazdicavit</strong></span> <span class='ocrx_word' id='word_1_569' title='bbox 2802 3847 3020 3892; x_wconf 75' lang='lat' dir='ltr'><strong>sanctus</strong></span> <span class='ocrx_word' id='word_1_570' title='bbox 3051 3837 3421 3907; x_wconf 81' lang='lat' dir='ltr'><strong>Frumentius,</strong></span> 
     </span>
    </p>
   </div>
   <div class='ocr_carea' id='block_1_83' title="bbox 1867 3928 3425 3996">
    <p class='ocr_par' dir='ltr' id='par_1_83' title="bbox 1867 3928 3425 3996">
     <span class='ocr_line' id='line_1_83' title="bbox 1867 3928 3425 3996; baseline 0.002 -11"><span class='ocrx_word' id='word_1_571' title='bbox 1867 3937 2078 3996; x_wconf 83' lang='lat' dir='ltr'><strong>paterat</strong></span> <span class='ocrx_word' id='word_1_572' title='bbox 2103 3928 2318 3996; x_wconf 85' lang='lat' dir='ltr'><strong>quidem</strong></span> <span class='ocrx_word' id='word_1_573' title='bbox 2348 3943 2531 3996; x_wconf 87' lang='lat' dir='ltr'><strong>paceni</strong></span> <span class='ocrx_word' id='word_1_574' title='bbox 2555 3945 2676 3983; x_wconf 90' lang='lat' dir='ltr'><strong>cum</strong></span> <span class='ocrx_word' id='word_1_575' title='bbox 2715 3930 2968 3984; x_wconf 83' lang='lat' dir='ltr'><strong>Romanis</strong></span> <span class='ocrx_word' id='word_1_576' title='bbox 2995 3943 3086 3984; x_wconf 89' lang='lat' dir='ltr'><strong>aut</strong></span> <span class='ocrx_word' id='word_1_577' title='bbox 3115 3933 3425 3988; x_wconf 78' lang='lat' dir='ltr'><strong>inimicitias</strong></span> 
     </span>
    </p>
   </div>
   <div class='ocr_carea' id='block_1_84' title="bbox 1868 4020 3424 4092">
    <p class='ocr_par' dir='ltr' id='par_1_84' title="bbox 1868 4020 3424 4092">
     <span class='ocr_line' id='line_1_84' title="bbox 1868 4020 3424 4092; baseline 0.003 -17"><span class='ocrx_word' id='word_1_578' title='bbox 1868 4034 2143 4082; x_wconf 73' lang='lat' dir='ltr'><strong>exercere,</strong></span> <span class='ocrx_word' id='word_1_579' title='bbox 2191 4020 2314 4090; x_wconf 89' lang='lat' dir='ltr'><strong>quia</strong></span> <span class='ocrx_word' id='word_1_580' title='bbox 2351 4021 2730 4076; x_wconf 85' lang='lat' dir='ltr'><strong>dominabatur</strong></span> <span class='ocrx_word' id='word_1_581' title='bbox 2778 4023 2842 4076; x_wconf 92' lang='lat' dir='ltr'><strong>ad</strong></span> <span class='ocrx_word' id='word_1_582' title='bbox 2883 4023 3060 4076; x_wconf 90' lang='lat' dir='ltr'><strong>sinum</strong></span> <span class='ocrx_word' id='word_1_583' title='bbox 3097 4026 3424 4092; x_wconf 77' lang='lat' dir='ltr'><strong>Arabicum;</strong></span> 
     </span>
    </p>
   </div>
   <div class='ocr_carea' id='block_1_85' title="bbox 1869 4112 3424 4184">
    <p class='ocr_par' dir='ltr' id='par_1_85' title="bbox 1869 4112 3424 4184">
     <span class='ocr_line' id='line_1_85' title="bbox 1869 4112 3424 4184; baseline 0.003 -18"><span class='ocrx_word' id='word_1_584' title='bbox 1869 4115 1961 4167; x_wconf 86' lang='lat' dir='ltr'><strong>sed</strong></span> <span class='ocrx_word' id='word_1_585' title='bbox 2014 4112 2144 4166; x_wconf 88' lang='lat' dir='ltr'><strong>alias</strong></span> <span class='ocrx_word' id='word_1_586' title='bbox 2188 4112 2343 4183; x_wconf 85' lang='lat' dir='ltr'><strong>longe</strong></span> <span class='ocrx_word' id='word_1_587' title='bbox 2375 4113 2562 4167; x_wconf 87' lang='lat' dir='ltr'><strong>aberat</strong></span> <span class='ocrx_word' id='word_1_588' title='bbox 2593 4130 2618 4166; x_wconf 88' lang='lat' dir='ltr'><strong>a</strong></span> <span class='ocrx_word' id='word_1_589' title='bbox 2667 4115 2860 4168; x_wconf 81' lang='lat' dir='ltr'><strong>ﬁnibus</strong></span> <span class='ocrx_word' id='word_1_590' title='bbox 2907 4115 3118 4184; x_wconf 86' lang='lat' dir='ltr'><strong>imperii</strong></span> <span class='ocrx_word' id='word_1_591' title='bbox 3164 4116 3424 4178; x_wconf 77' lang='lat' dir='ltr'><strong>Romani;</strong></span> 
     </span>
    </p>
   </div>
   <div class='ocr_carea' id='block_1_86' title="bbox 1871 4204 3430 4264">
    <p class='ocr_par' dir='ltr' id='par_1_86' title="bbox 1871 4204 3430 4264">
     <span class='ocr_line' id='line_1_86' title="bbox 1871 4204 3430 4264; baseline 0.004 -6"><span class='ocrx_word' id='word_1_592' title='bbox 1871 4205 1962 4258; x_wconf 79' lang='lat' dir='ltr'><strong>sed</strong></span> <span class='ocrx_word' id='word_1_593' title='bbox 1999 4204 2116 4258; x_wconf 66' lang='lat' dir='ltr'><strong>hmo</strong></span> <span class='ocrx_word' id='word_1_594' title='bbox 2163 4205 2325 4259; x_wconf 84' lang='lat' dir='ltr'><strong>latius</strong></span> <span class='ocrx_word' id='word_1_595' title='bbox 2355 4205 2714 4260; x_wconf 78' lang='lat' dir='ltr'><strong>examinanda</strong></span> <span class='ocrx_word' id='word_1_596' title='bbox 2745 4207 2962 4260; x_wconf 89' lang='lat' dir='ltr'><strong>venient</strong></span> <span class='ocrx_word' id='word_1_597' title='bbox 2989 4207 3041 4260; x_wconf 89' lang='lat' dir='ltr'><strong>in</strong></span> <span class='ocrx_word' id='word_1_598' title='bbox 3081 4219 3267 4262; x_wconf 87' lang='lat' dir='ltr'><strong>sancto</strong></span> <span class='ocrx_word' id='word_1_599' title='bbox 3297 4209 3430 4264; x_wconf 82' lang='lat' dir='ltr'><strong>Fru-</strong></span> 
     </span>
    </p>
   </div>
   <div class='ocr_carea' id='block_1_87' title="bbox 1872 4295 3428 4369">
    <p class='ocr_par' dir='ltr' id='par_1_87' title="bbox 1872 4295 3428 4369">
     <span class='ocr_line' id='line_1_87' title="bbox 1872 4295 3428 4369; baseline 0.006 -22"><span class='ocrx_word' id='word_1_600' title='bbox 1872 4295 2074 4350; x_wconf 86' lang='lat' dir='ltr'><strong>mentio</strong></span> <span class='ocrx_word' id='word_1_601' title='bbox 2123 4297 2191 4350; x_wconf 91' lang='lat' dir='ltr'><strong>ad</strong></span> <span class='ocrx_word' id='word_1_602' title='bbox 2235 4296 2303 4349; x_wconf 78' lang='lat'><strong>27</strong></span> <span class='ocrx_word' id='word_1_603' title='bbox 2336 4296 2602 4362; x_wconf 90' lang='lat' dir='ltr'><strong>Octobris,</strong></span> <span class='ocrx_word' id='word_1_604' title='bbox 2651 4297 2742 4350; x_wconf 91' lang='lat' dir='ltr'><strong>ubi</strong></span> <span class='ocrx_word' id='word_1_605' title='bbox 2782 4296 2945 4351; x_wconf 90' lang='lat' dir='ltr'><strong>simul</strong></span> <span class='ocrx_word' id='word_1_606' title='bbox 2989 4300 3310 4369; x_wconf 86' lang='lat' dir='ltr'><strong>inquiretur.</strong></span> <span class='ocrx_word' id='word_1_607' title='bbox 3359 4319 3428 4358; x_wconf 87' lang='lat' dir='ltr'><strong>an</strong></span> 
     </span>
    </p>
   </div>
   <div class='ocr_carea' id='block_1_88' title="bbox 1875 4385 3428 4459">
    <p class='ocr_par' dir='ltr' id='par_1_88' title="bbox 1875 4385 3428 4459">
     <span class='ocr_line' id='line_1_88' title="bbox 1875 4385 3428 4459; baseline 0.003 -18"><span class='ocrx_word' id='word_1_608' title='bbox 1875 4397 2020 4441; x_wconf 85' lang='lat' dir='ltr'><strong>recte</strong></span> <span class='ocrx_word' id='word_1_609' title='bbox 2077 4385 2226 4442; x_wconf 85' lang='lat' dir='ltr'><strong>India</strong></span> <span class='ocrx_word' id='word_1_610' title='bbox 2272 4397 2462 4443; x_wconf 88' lang='lat' dir='ltr'><strong>vocata</strong></span> <span class='ocrx_word' id='word_1_611' title='bbox 2500 4387 2665 4443; x_wconf 81' lang='lat' dir='ltr'><strong>fuerit</strong></span> <span class='ocrx_word' id='word_1_612' title='bbox 2699 4388 2846 4458; x_wconf 88' lang='lat' dir='ltr'><strong>regio</strong></span> <span class='ocrx_word' id='word_1_613' title='bbox 2887 4403 2982 4459; x_wconf 88' lang='lat' dir='ltr'><strong>per</strong></span> <span class='ocrx_word' id='word_1_614' title='bbox 3018 4403 3262 4446; x_wconf 82' lang='lat' dir='ltr'><strong>sanctum</strong></span> <span class='ocrx_word' id='word_1_615' title='bbox 3292 4392 3428 4447; x_wconf 78' lang='lat' dir='ltr'><strong>Fru—</strong></span> 
     </span>
    </p>
   </div>
   <div class='ocr_carea' id='block_1_89' title="bbox 1875 4482 2446 4536">
    <p class='ocr_par' dir='ltr' id='par_1_89' title="bbox 1875 4482 2446 4536">
     <span class='ocr_line' id='line_1_89' title="bbox 1875 4482 2446 4536; baseline 0.007 -4"><span class='ocrx_word' id='word_1_616' title='bbox 1875 4482 2133 4534; x_wconf 85' lang='lat' dir='ltr'><strong>mentium</strong></span> <span class='ocrx_word' id='word_1_617' title='bbox 2170 4497 2446 4536; x_wconf 86' lang='lat' dir='ltr'><strong>conversa.</strong></span> 
     </span>
    </p>
   </div>
   <div class='ocr_carea' id='block_1_90' title="bbox 193 4572 3434 4654">
    <p class='ocr_par' dir='ltr' id='par_1_90' title="bbox 193 4572 3434 4654">
     <span class='ocr_line' id='line_1_90' title="bbox 193 4572 3434 4654; baseline -0.003 -14"><span class='ocrx_word' id='word_1_618' title='bbox 193 4585 480 4654; x_wconf 62' lang='lat' dir='ltr'><strong>Ethiopia</strong></span> <span class='ocrx_word' id='word_1_619' title='bbox 555 4585 1018 4654; x_wconf 85' lang='lat' dir='ltr'><strong>septemtrionali;</strong></span> <span class='ocrx_word' id='word_1_620' title='bbox 1087 4583 1369 4638; x_wconf 81' lang='lat' dir='ltr'><strong>historiam</strong></span> <span class='ocrx_word' id='word_1_621' title='bbox 1426 4596 1553 4636; x_wconf 85' lang='lat' dir='ltr'><strong>vero</strong></span> <span class='ocrx_word' id='word_1_622' title='bbox 1598 4582 1850 4640; x_wconf 69' lang='lat' dir='ltr'><strong>sancti!)</strong></span> <span class='ocrx_word' id='word_1_623' title='bbox 1949 4572 2034 4625; x_wconf 78' lang='lat'><strong>53.</strong></span> <span class='ocrx_word' id='word_1_624' title='bbox 2078 4573 2231 4638; x_wconf 81' lang='lat' dir='ltr'><strong>Quod</strong></span> <span class='ocrx_word' id='word_1_625' title='bbox 2298 4584 2672 4641; x_wconf 84' lang='lat' dir='ltr'><strong>argumentum</strong></span> <span class='ocrx_word' id='word_1_626' title='bbox 2738 4573 3063 4630; x_wconf 87' lang='lat' dir='ltr'><strong>Tillemontii</strong></span> <span class='ocrx_word' id='word_1_627' title='bbox 3144 4589 3434 4646; x_wconf 78' lang='lat' dir='ltr'><strong>utcumque</strong></span> 
     </span>
    </p>
   </div>
   <div class='ocr_carea' id='block_1_91' title="bbox 198 4671 1770 4742">
    <p class='ocr_par' dir='ltr' id='par_1_91' title="bbox 198 4671 1770 4742">
     <span class='ocr_line' id='line_1_91' title="bbox 198 4671 1770 4742; baseline -0.004 -12"><span class='ocrx_word' id='word_1_628' title='bbox 198 4673 511 4730; x_wconf 86' lang='lat' dir='ltr'><strong>Frumentii</strong></span> <span class='ocrx_word' id='word_1_629' title='bbox 541 4675 674 4728; x_wconf 87' lang='lat' dir='ltr'><strong>adeo</strong></span> <span class='ocrx_word' id='word_1_630' title='bbox 706 4688 812 4727; x_wconf 91' lang='lat' dir='ltr'><strong>non</strong></span> <span class='ocrx_word' id='word_1_631' title='bbox 845 4675 1061 4728; x_wconf 86' lang='lat' dir='ltr'><strong>obstare</strong></span> <span class='ocrx_word' id='word_1_632' title='bbox 1091 4673 1264 4726; x_wconf 88' lang='lat' dir='ltr'><strong>sancti</strong></span> <span class='ocrx_word' id='word_1_633' title='bbox 1300 4671 1530 4726; x_wconf 72' lang='lat' dir='ltr'><strong>Matthzei</strong></span> <span class='ocrx_word' id='word_1_634' title='bbox 1576 4672 1770 4742; x_wconf 64' lang='lat' dir='ltr'><strong>praedi-</strong></span> 
     </span>
    </p>
   </div>
   <div class='ocr_carea' id='block_1_92' title="bbox 197 4763 1774 4836">
    <p class='ocr_par' dir='ltr' id='par_1_92' title="bbox 197 4763 1774 4836">
     <span class='ocr_line' id='line_1_92' title="bbox 197 4763 1774 4836; baseline -0.004 -12"><span class='ocrx_word' id='word_1_635' title='bbox 197 4767 414 4824; x_wconf 87' lang='lat' dir='ltr'><strong>cationi</strong></span> <span class='ocrx_word' id='word_1_636' title='bbox 446 4767 497 4821; x_wconf 91' lang='lat' dir='ltr'><strong>in</strong></span> <span class='ocrx_word' id='word_1_637' title='bbox 531 4765 813 4836; x_wconf 68' lang='lat' dir='ltr'><strong>Aithiopia</strong></span> <span class='ocrx_word' id='word_1_638' title='bbox 861 4763 1314 4836; x_wconf 86' lang='lat' dir='ltr'><strong>septemtrionali,</strong></span> <span class='ocrx_word' id='word_1_639' title='bbox 1359 4773 1417 4820; x_wconf 95' lang='lat' dir='ltr'><strong>ut</strong></span> <span class='ocrx_word' id='word_1_640' title='bbox 1449 4765 1628 4834; x_wconf 90' lang='lat' dir='ltr'><strong>potius</strong></span> <span class='ocrx_word' id='word_1_641' title='bbox 1663 4764 1774 4817; x_wconf 67' lang='lat' dir='ltr'><strong>haec</strong></span> 
     </span>
    </p>
   </div>
   <div class='ocr_carea' id='block_1_93' title="bbox 198 4855 1774 4933">
    <p class='ocr_par' dir='ltr' id='par_1_93' title="bbox 198 4855 1774 4933">
     <span class='ocr_line' id='line_1_93' title="bbox 198 4855 1774 4933; baseline -0.006 -19"><span class='ocrx_word' id='word_1_642' title='bbox 198 4858 528 4933; x_wconf 71' lang='lat' dir='ltr'><strong>przedicatio</strong></span> <span class='ocrx_word' id='word_1_643' title='bbox 576 4858 923 4913; x_wconf 83' lang='lat' dir='ltr'><strong>verisintilior</strong></span> <span class='ocrx_word' id='word_1_644' title='bbox 955 4860 1048 4911; x_wconf 85' lang='lat' dir='ltr'><strong>ﬁat</strong></span> <span class='ocrx_word' id='word_1_645' title='bbox 1077 4872 1141 4913; x_wconf 84' lang='lat' dir='ltr'><strong>ex</strong></span> <span class='ocrx_word' id='word_1_646' title='bbox 1175 4856 1260 4912; x_wconf 81' lang='lat' dir='ltr'><strong>il&#39;la</strong></span> <span class='ocrx_word' id='word_1_647' title='bbox 1308 4855 1554 4911; x_wconf 87' lang='lat' dir='ltr'><strong>historia.</strong></span> <span class='ocrx_word' id='word_1_648' title='bbox 1590 4855 1774 4909; x_wconf 81' lang='lat' dir='ltr'><strong>Prius-</strong></span> 
     </span>
    </p>
   </div>
   <div class='ocr_carea' id='block_1_94' title="bbox 197 4948 1778 5022">
    <p class='ocr_par' dir='ltr' id='par_1_94' title="bbox 197 4948 1778 5022">
     <span class='ocr_line' id='line_1_94' title="bbox 197 4948 1778 5022; baseline -0.004 -17"><span class='ocrx_word' id='word_1_649' title='bbox 197 4967 377 5022; x_wconf 77' lang='lat' dir='ltr'><strong>quam</strong></span> <span class='ocrx_word' id='word_1_650' title='bbox 417 4961 592 5006; x_wconf 85' lang='lat' dir='ltr'><strong>tamen</strong></span> <span class='ocrx_word' id='word_1_651' title='bbox 643 4960 1020 5022; x_wconf 86' lang='lat' dir='ltr'><strong>argumentum</strong></span> <span class='ocrx_word' id='word_1_652' title='bbox 1056 4951 1225 5019; x_wconf 81' lang='lat' dir='ltr'><strong>ipsius</strong></span> <span class='ocrx_word' id='word_1_653' title='bbox 1264 4949 1576 5010; x_wconf 88' lang='lat' dir='ltr'><strong>discutiam,</strong></span> <span class='ocrx_word' id='word_1_654' title='bbox 1626 4948 1778 5001; x_wconf 85' lang='lat' dir='ltr'><strong>lubet</strong></span> 
     </span>
    </p>
   </div>
   <div class='ocr_carea' id='block_1_95' title="bbox 202 5040 1774 5113">
    <p class='ocr_par' dir='ltr' id='par_1_95' title="bbox 202 5040 1774 5113">
     <span class='ocr_line' id='line_1_95' title="bbox 202 5040 1774 5113; baseline -0.002 -19"><span class='ocrx_word' id='word_1_655' title='bbox 202 5042 405 5113; x_wconf 79' lang='lat' dir='ltr'><strong>paucis</strong></span> <span class='ocrx_word' id='word_1_656' title='bbox 433 5043 719 5098; x_wconf 86' lang='lat' dir='ltr'><strong>ostendere</strong></span> <span class='ocrx_word' id='word_1_657' title='bbox 767 5057 925 5113; x_wconf 88' lang='lat' dir='ltr'><strong>quam</strong></span> <span class='ocrx_word' id='word_1_658' title='bbox 959 5041 1095 5096; x_wconf 90' lang='lat' dir='ltr'><strong>belle</strong></span> <span class='ocrx_word' id='word_1_659' title='bbox 1121 5054 1303 5097; x_wconf 87' lang='lat' dir='ltr'><strong>secum</strong></span> <span class='ocrx_word' id='word_1_660' title='bbox 1336 5042 1450 5111; x_wconf 86' lang='lat' dir='ltr'><strong>ipse</strong></span> <span class='ocrx_word' id='word_1_661' title='bbox 1485 5040 1774 5094; x_wconf 72' lang='lat' dir='ltr'><strong>cohaereat.</strong></span> 
     </span>
    </p>
   </div>
   <div class='ocr_carea' id='block_1_96' title="bbox 203 5131 1780 5203">
    <p class='ocr_par' dir='ltr' id='par_1_96' title="bbox 203 5131 1780 5203">
     <span class='ocr_line' id='line_1_96' title="bbox 203 5131 1780 5203; baseline -0.003 -16"><span class='ocrx_word' id='word_1_662' title='bbox 203 5131 616 5197; x_wconf 80' lang='lat' dir='ltr'><strong>&#39;l&#39;illemontius,</strong></span> <span class='ocrx_word' id='word_1_663' title='bbox 649 5143 775 5189; x_wconf 92' lang='lat' dir='ltr'><strong>tom.</strong></span> <span class='ocrx_word' id='word_1_664' title='bbox 804 5133 848 5188; x_wconf 91' lang='lat' dir='ltr'><strong>ll</strong></span> <span class='ocrx_word' id='word_1_665' title='bbox 875 5133 929 5187; x_wconf 91' lang='lat' dir='ltr'><strong>in</strong></span> <span class='ocrx_word' id='word_1_666' title='bbox 963 5133 1019 5189; x_wconf 89' lang='lat' dir='ltr'><strong>S.</strong></span> <span class='ocrx_word' id='word_1_667' title='bbox 1056 5131 1304 5203; x_wconf 84' lang='lat' dir='ltr'><strong>Philippo</strong></span> <span class='ocrx_word' id='word_1_668' title='bbox 1332 5133 1582 5194; x_wconf 86' lang='lat' dir='ltr'><strong>diacono,</strong></span> <span class='ocrx_word' id='word_1_669' title='bbox 1613 5145 1780 5200; x_wconf 72' lang='lat' dir='ltr'><strong>expo-</strong></span> 
     </span>
    </p>
   </div>
   <div class='ocr_carea' id='block_1_97' title="bbox 205 5222 1782 5293">
    <p class='ocr_par' dir='ltr' id='par_1_97' title="bbox 205 5222 1782 5293">
     <span class='ocr_line' id='line_1_97' title="bbox 205 5222 1782 5293; baseline -0.004 -15"><span class='ocrx_word' id='word_1_670' title='bbox 205 5223 301 5278; x_wconf 86' lang='lat' dir='ltr'><strong>nit</strong></span> <span class='ocrx_word' id='word_1_671' title='bbox 330 5233 477 5292; x_wconf 86' lang='lat' dir='ltr'><strong>gesta</strong></span> <span class='ocrx_word' id='word_1_672' title='bbox 500 5222 736 5276; x_wconf 91' lang='lat' dir='ltr'><strong>eunuchi</strong></span> <span class='ocrx_word' id='word_1_673' title='bbox 774 5226 972 5292; x_wconf 74' lang='lat' dir='ltr'><strong>regina:</strong></span> <span class='ocrx_word' id='word_1_674' title='bbox 992 5224 1286 5289; x_wconf 85' lang='lat' dir='ltr'><strong>Candaces,</strong></span> <span class='ocrx_word' id='word_1_675' title='bbox 1317 5237 1477 5293; x_wconf 88' lang='lat' dir='ltr'><strong>quem</strong></span> <span class='ocrx_word' id='word_1_676' title='bbox 1501 5222 1782 5290; x_wconf 83' lang='lat' dir='ltr'><strong>Philippus</strong></span> 
     </span>
    </p>
   </div>
   <div class='ocr_carea' id='block_1_98' title="bbox 1875 4663 3431 4732">
    <p class='ocr_par' dir='ltr' id='par_1_98' title="bbox 1875 4663 3431 4732">
     <span class='ocr_line' id='line_1_98' title="bbox 1875 4663 3431 4732; baseline 0.004 -16"><span class='ocrx_word' id='word_1_677' title='bbox 1875 4663 2098 4726; x_wconf 89' lang='lat' dir='ltr'><strong>evincit,</strong></span> <span class='ocrx_word' id='word_1_678' title='bbox 2131 4674 2184 4717; x_wconf 88' lang='lat' dir='ltr'><strong>et</strong></span> <span class='ocrx_word' id='word_1_679' title='bbox 2215 4663 2372 4717; x_wconf 88' lang='lat' dir='ltr'><strong>latius</strong></span> <span class='ocrx_word' id='word_1_680' title='bbox 2403 4664 2594 4732; x_wconf 88' lang='lat' dir='ltr'><strong>prohat</strong></span> <span class='ocrx_word' id='word_1_681' title='bbox 2619 4665 2784 4718; x_wconf 83' lang='lat' dir='ltr'><strong>Jobus</strong></span> <span class='ocrx_word' id='word_1_682' title='bbox 2813 4664 3074 4720; x_wconf 84' lang='lat' dir='ltr'><strong>Ludolfus</strong></span> <span class='ocrx_word' id='word_1_683' title='bbox 3107 4667 3157 4720; x_wconf 93' lang='lat' dir='ltr'><strong>in</strong></span> <span class='ocrx_word' id='word_1_684' title='bbox 3198 4667 3431 4722; x_wconf 86' lang='lat' dir='ltr'><strong>Historia</strong></span> 
     </span>
    </p>
   </div>
   <div class='ocr_carea' id='block_1_99' title="bbox 1876 4755 3433 4832">
    <p class='ocr_par' dir='ltr' id='par_1_99' title="bbox 1876 4755 3433 4832">
     <span class='ocr_line' id='line_1_99' title="bbox 1876 4755 3433 4832; baseline 0.003 -22"><span class='ocrx_word' id='word_1_685' title='bbox 1876 4755 2181 4825; x_wconf 63' lang='lat' dir='ltr'><strong>Ethmpiea</strong></span> <span class='ocrx_word' id='word_1_686' title='bbox 2207 4756 2319 4813; x_wconf 83' lang='lat' dir='ltr'><strong>sive</strong></span> <span class='ocrx_word' id='word_1_687' title='bbox 2353 4757 2501 4829; x_wconf 86' lang='lat' dir='ltr'><strong>regni</strong></span> <span class='ocrx_word' id='word_1_688' title='bbox 2527 4758 2963 4825; x_wconf 85' lang='lat' dir='ltr'><strong>Habessinorum,</strong></span> <span class='ocrx_word' id='word_1_689' title='bbox 2995 4759 3089 4814; x_wconf 91' lang='lat' dir='ltr'><strong>lib.</strong></span> <span class='ocrx_word' id='word_1_690' title='bbox 3119 4775 3197 4825; x_wconf 89' lang='lat' dir='ltr'><strong>in,</strong></span> <span class='ocrx_word' id='word_1_691' title='bbox 3230 4777 3346 4832; x_wconf 89' lang='lat' dir='ltr'><strong>cap.</strong></span> <span class='ocrx_word' id='word_1_692' title='bbox 3378 4762 3433 4827; x_wconf 70' lang='lat'><strong>2,</strong></span> 
     </span>
    </p>
   </div>
   <div class='ocr_carea' id='block_1_100' title="bbox 1879 4845 3435 4918">
    <p class='ocr_par' dir='ltr' id='par_1_100' title="bbox 1879 4845 3435 4918">
     <span class='ocr_line' id='line_1_100' title="bbox 1879 4845 3435 4918; baseline 0.006 -20"><span class='ocrx_word' id='word_1_693' title='bbox 1879 4845 2034 4900; x_wconf 87' lang='lat' dir='ltr'><strong>ﬁdem</strong></span> <span class='ocrx_word' id='word_1_694' title='bbox 2067 4847 2448 4917; x_wconf 82' lang='lat' dir='ltr'><strong>Apostolorum</strong></span> <span class='ocrx_word' id='word_1_695' title='bbox 2481 4857 2722 4916; x_wconf 88' lang='lat' dir='ltr'><strong>tempore</strong></span> <span class='ocrx_word' id='word_1_696' title='bbox 2752 4850 3098 4918; x_wconf 63' lang='lat' dir='ltr'><strong>praedicatam</strong></span> <span class='ocrx_word' id='word_1_697' title='bbox 3129 4866 3236 4904; x_wconf 88' lang='lat' dir='ltr'><strong>non</strong></span> <span class='ocrx_word' id='word_1_698' title='bbox 3268 4852 3435 4908; x_wconf 80' lang='lat' dir='ltr'><strong>fuisse</strong></span> 
     </span>
    </p>
   </div>
   <div class='ocr_carea' id='block_1_101' title="bbox 1880 4939 3438 5014">
    <p class='ocr_par' dir='ltr' id='par_1_101' title="bbox 1880 4939 3438 5014">
     <span class='ocr_line' id='line_1_101' title="bbox 1880 4939 3438 5014; baseline 0.004 -22"><span class='ocrx_word' id='word_1_699' title='bbox 1880 4939 1932 4993; x_wconf 92' lang='lat' dir='ltr'><strong>in</strong></span> <span class='ocrx_word' id='word_1_700' title='bbox 1964 4955 2127 5008; x_wconf 79' lang='lat' dir='ltr'><strong>regno</strong></span> <span class='ocrx_word' id='word_1_701' title='bbox 2172 4940 2584 4994; x_wconf 77' lang='lat' dir='ltr'><strong>Auxumitarum</strong></span> <span class='ocrx_word' id='word_1_702' title='bbox 2619 4941 2734 4997; x_wconf 84' lang='lat' dir='ltr'><strong>sive</strong></span> <span class='ocrx_word' id='word_1_703' title='bbox 2774 4941 3220 5005; x_wconf 81' lang='lat' dir='ltr'><strong>Hahcssinorum,</strong></span> <span class='ocrx_word' id='word_1_704' title='bbox 3267 4945 3438 5014; x_wconf 82' lang='lat' dir='ltr'><strong>magis</strong></span> 
     </span>
    </p>
   </div>
   <div class='ocr_carea' id='block_1_102' title="bbox 1881 5033 3442 5105">
    <p class='ocr_par' dir='ltr' id='par_1_102' title="bbox 1881 5033 3442 5105">
     <span class='ocr_line' id='line_1_102' title="bbox 1881 5033 3442 5105; baseline 0.004 -19"><span class='ocrx_word' id='word_1_705' title='bbox 1881 5034 2226 5089; x_wconf 88' lang='lat' dir='ltr'><strong>verisimilem</strong></span> <span class='ocrx_word' id='word_1_706' title='bbox 2243 5033 2374 5089; x_wconf 82' lang='lat' dir='ltr'><strong>facit</strong></span> <span class='ocrx_word' id='word_1_707' title='bbox 2389 5035 2825 5105; x_wconf 68' lang='lat' dir='ltr'><strong>praedicationem</strong></span> <span class='ocrx_word' id='word_1_708' title='bbox 2844 5035 2900 5091; x_wconf 89' lang='lat' dir='ltr'><strong>S.</strong></span> <span class='ocrx_word' id='word_1_709' title='bbox 2918 5036 3150 5092; x_wconf 78' lang='lat' dir='ltr'><strong>Matthzei</strong></span> <span class='ocrx_word' id='word_1_710' title='bbox 3165 5039 3215 5092; x_wconf 90' lang='lat' dir='ltr'><strong>in</strong></span> <span class='ocrx_word' id='word_1_711' title='bbox 3231 5038 3442 5093; x_wconf 63' lang='lat' dir='ltr'><strong>Ethio—</strong></span> 
     </span>
    </p>
   </div>
   <div class='ocr_carea' id='block_1_103' title="bbox 1883 5126 3440 5197">
    <p class='ocr_par' dir='ltr' id='par_1_103' title="bbox 1883 5126 3440 5197">
     <span class='ocr_line' id='line_1_103' title="bbox 1883 5126 3440 5197; baseline 0.003 -17"><span class='ocrx_word' id='word_1_712' title='bbox 1883 5129 1968 5195; x_wconf 88' lang='lat' dir='ltr'><strong>pia</strong></span> <span class='ocrx_word' id='word_1_713' title='bbox 1993 5126 2224 5197; x_wconf 60' lang='lat' dir='ltr'><strong>IEgypto</strong></span> <span class='ocrx_word' id='word_1_714' title='bbox 2269 5129 2629 5184; x_wconf 80' lang='lat' dir='ltr'><strong>contermina.</strong></span> <span class='ocrx_word' id='word_1_715' title='bbox 2661 5128 2798 5184; x_wconf 91' lang='lat' dir='ltr'><strong>llinc</strong></span> <span class='ocrx_word' id='word_1_716' title='bbox 2827 5129 3075 5185; x_wconf 90' lang='lat' dir='ltr'><strong>laudatus</strong></span> <span class='ocrx_word' id='word_1_717' title='bbox 3101 5127 3358 5184; x_wconf 83' lang='lat' dir='ltr'><strong>Ludolfus</strong></span> <span class='ocrx_word' id='word_1_718' title='bbox 3386 5133 3440 5184; x_wconf 90' lang='lat' dir='ltr'><strong>in</strong></span> 
     </span>
    </p>
   </div>
   <div class='ocr_carea' id='block_1_104' title="bbox 1885 5217 3440 5289">
    <p class='ocr_par' dir='ltr' id='par_1_104' title="bbox 1885 5217 3440 5289">
     <span class='ocr_line' id='line_1_104' title="bbox 1885 5217 3440 5289; baseline 0.002 -18"><span class='ocrx_word' id='word_1_719' title='bbox 1885 5217 2170 5272; x_wconf 83' lang='lat' dir='ltr'><strong>Annotatis</strong></span> <span class='ocrx_word' id='word_1_720' title='bbox 2201 5219 2265 5273; x_wconf 87' lang='lat' dir='ltr'><strong>ad</strong></span> <span class='ocrx_word' id='word_1_721' title='bbox 2321 5219 2413 5274; x_wconf 90' lang='lat' dir='ltr'><strong>lib.</strong></span> <span class='ocrx_word' id='word_1_722' title='bbox 2449 5236 2532 5282; x_wconf 89' lang='grc' dir='ltr'>ιιι,</span> <span class='ocrx_word' id='word_1_723' title='bbox 2565 5235 2686 5289; x_wconf 89' lang='lat' dir='ltr'><strong>cap.</strong></span> <span class='ocrx_word' id='word_1_724' title='bbox 2717 5222 2770 5273; x_wconf 74' lang='lat'><strong>2.</strong></span> <span class='ocrx_word' id='word_1_725' title='bbox 2809 5235 2929 5289; x_wconf 83' lang='lat' dir='ltr'><strong>pag.</strong></span> <span class='ocrx_word' id='word_1_726' title='bbox 2965 5220 3072 5275; x_wconf 70' lang='lat'><strong>280</strong></span> <span class='ocrx_word' id='word_1_727' title='bbox 3104 5235 3168 5274; x_wconf 76' lang='lat' dir='ltr'><strong>ex</strong></span> <span class='ocrx_word' id='word_1_728' title='bbox 3211 5220 3440 5276; x_wconf 83' lang='lat' dir='ltr'><strong>Historia</strong></span> 
     </span>
    </p>
   </div>
   <div class='ocr_carea' id='block_1_105' title="bbox 205 5311 1780 5381">
    <p class='ocr_par' dir='ltr' id='par_1_105' title="bbox 205 5311 1780 5381">
     <span class='ocr_line' id='line_1_105' title="bbox 205 5311 1780 5381; baseline -0.004 -13"><span class='ocrx_word' id='word_1_729' title='bbox 205 5314 485 5368; x_wconf 87' lang='lat' dir='ltr'><strong>diaconus</strong></span> <span class='ocrx_word' id='word_1_730' title='bbox 519 5314 674 5368; x_wconf 88' lang='lat' dir='ltr'><strong>ﬁdem</strong></span> <span class='ocrx_word' id='word_1_731' title='bbox 721 5311 1083 5369; x_wconf 85' lang='lat' dir='ltr'><strong>Christianam</strong></span> <span class='ocrx_word' id='word_1_732' title='bbox 1132 5315 1314 5368; x_wconf 86' lang='lat' dir='ltr'><strong>docuit</strong></span> <span class='ocrx_word' id='word_1_733' title='bbox 1369 5323 1423 5368; x_wconf 84' lang='lat' dir='ltr'><strong>et</strong></span> <span class='ocrx_word' id='word_1_734' title='bbox 1470 5312 1780 5381; x_wconf 79' lang='lat' dir='ltr'><strong>baptizavit.</strong></span> 
     </span>
    </p>
   </div>
   <div class='ocr_carea' id='block_1_106' title="bbox 206 5403 1785 5473">
    <p class='ocr_par' dir='ltr' id='par_1_106' title="bbox 206 5403 1785 5473">
     <span class='ocr_line' id='line_1_106' title="bbox 206 5403 1785 5473; baseline -0.002 -16"><span class='ocrx_word' id='word_1_735' title='bbox 206 5406 348 5458; x_wconf 78' lang='lat' dir='ltr'><strong>Act.</strong></span> <span class='ocrx_word' id='word_1_736' title='bbox 375 5405 425 5458; x_wconf 86' lang='lat'><strong>8.</strong></span> <span class='ocrx_word' id='word_1_737' title='bbox 451 5403 656 5459; x_wconf 83' lang='lat' dir='ltr'><strong>Laudat</strong></span> <span class='ocrx_word' id='word_1_738' title='bbox 677 5405 748 5459; x_wconf 89' lang='lat' dir='ltr'><strong>ibi</strong></span> <span class='ocrx_word' id='word_1_739' title='bbox 773 5415 1020 5460; x_wconf 86' lang='lat' dir='ltr'><strong>sanctum</strong></span> <span class='ocrx_word' id='word_1_740' title='bbox 1056 5405 1436 5470; x_wconf 54' lang='lat' dir='ltr'><strong>Irena‘um,lib.</strong></span> <span class='ocrx_word' id='word_1_741' title='bbox 1469 5420 1673 5473; x_wconf 61' lang='lat' dir='ltr'><strong>uncap.</strong></span> <span class='ocrx_word' id='word_1_742' title='bbox 1703 5403 1785 5466; x_wconf 71' lang='lat'><strong>1:2,</strong></span> 
     </span>
    </p>
   </div>
   <div class='ocr_carea' id='block_1_107' title="bbox 209 5495 1786 5567">
    <p class='ocr_par' dir='ltr' id='par_1_107' title="bbox 209 5495 1786 5567">
     <span class='ocr_line' id='line_1_107' title="bbox 209 5495 1786 5567; baseline 0.001 -18"><span class='ocrx_word' id='word_1_743' title='bbox 209 5503 477 5550; x_wconf 78' lang='lat' dir='ltr'><strong>sanctum</strong></span> <span class='ocrx_word' id='word_1_744' title='bbox 512 5495 768 5567; x_wconf 84' lang='lat' dir='ltr'><strong>Cyrillum</strong></span> <span class='ocrx_word' id='word_1_745' title='bbox 805 5498 1353 5566; x_wconf 77' lang='lat' dir='ltr'><strong>Hierosolymitanum</strong></span> <span class='ocrx_word' id='word_1_746' title='bbox 1390 5497 1508 5552; x_wconf 84' lang='lat' dir='ltr'><strong>Cat.</strong></span> <span class='ocrx_word' id='word_1_747' title='bbox 1544 5497 1630 5561; x_wconf 77' lang='grc' dir='ltr'>Π,</span> <span class='ocrx_word' id='word_1_748' title='bbox 1661 5496 1786 5550; x_wconf 87' lang='lat' dir='ltr'><strong>Hie—</strong></span> 
     </span>
    </p>
   </div>
   <div class='ocr_carea' id='block_1_108' title="bbox 213 5587 1790 5658">
    <p class='ocr_par' dir='ltr' id='par_1_108' title="bbox 213 5587 1790 5658">
     <span class='ocr_line' id='line_1_108' title="bbox 213 5587 1790 5658; baseline -0.003 -14"><span class='ocrx_word' id='word_1_749' title='bbox 213 5600 538 5654; x_wconf 80' lang='lat' dir='ltr'><strong>rmtymum,</strong></span> <span class='ocrx_word' id='word_1_750' title='bbox 563 5588 853 5643; x_wconf 81' lang='lat' dir='ltr'><strong>Eusebium</strong></span> <span class='ocrx_word' id='word_1_751' title='bbox 876 5590 1139 5658; x_wconf 87' lang='lat' dir='ltr'><strong>aliosque,</strong></span> <span class='ocrx_word' id='word_1_752' title='bbox 1171 5590 1446 5652; x_wconf 88' lang='lat' dir='ltr'><strong>docentes,</strong></span> <span class='ocrx_word' id='word_1_753' title='bbox 1477 5587 1790 5644; x_wconf 87' lang='lat' dir='ltr'><strong>eunuchum</strong></span> 
     </span>
    </p>
   </div>
   <div class='ocr_carea' id='block_1_109' title="bbox 215 5677 1791 5751">
    <p class='ocr_par' dir='ltr' id='par_1_109' title="bbox 215 5677 1791 5751">
     <span class='ocr_line' id='line_1_109' title="bbox 215 5677 1791 5751; baseline 0.001 -18"><span class='ocrx_word' id='word_1_754' title='bbox 215 5678 383 5733; x_wconf 84' lang='lat' dir='ltr'><strong>illum</strong></span> <span class='ocrx_word' id='word_1_755' title='bbox 424 5677 475 5730; x_wconf 91' lang='lat' dir='ltr'><strong>in</strong></span> <span class='ocrx_word' id='word_1_756' title='bbox 497 5679 828 5749; x_wconf 64' lang='lat' dir='ltr'><strong>Ethiopian:</strong></span> <span class='ocrx_word' id='word_1_757' title='bbox 856 5681 1023 5736; x_wconf 78' lang='lat' dir='ltr'><strong>fuisse</strong></span> <span class='ocrx_word' id='word_1_758' title='bbox 1047 5683 1270 5737; x_wconf 86' lang='lat' dir='ltr'><strong>missum</strong></span> <span class='ocrx_word' id='word_1_759' title='bbox 1294 5683 1358 5736; x_wconf 89' lang='lat' dir='ltr'><strong>ad</strong></span> <span class='ocrx_word' id='word_1_760' title='bbox 1390 5681 1791 5751; x_wconf 76' lang='lat' dir='ltr'><strong>praedicandum</strong></span> 
     </span>
    </p>
   </div>
   <div class='ocr_carea' id='block_1_110' title="bbox 217 5769 1797 5842">
    <p class='ocr_par' dir='ltr' id='par_1_110' title="bbox 217 5769 1797 5842">
     <span class='ocr_line' id='line_1_110' title="bbox 217 5769 1797 5842; baseline -0.001 -14"><span class='ocrx_word' id='word_1_761' title='bbox 217 5769 620 5841; x_wconf 79' lang='lat' dir='ltr'><strong>Evangelium;</strong></span> <span class='ocrx_word' id='word_1_762' title='bbox 657 5773 831 5842; x_wconf 87' lang='lat' dir='ltr'><strong>iisque</strong></span> <span class='ocrx_word' id='word_1_763' title='bbox 865 5774 1183 5838; x_wconf 78' lang='lat' dir='ltr'><strong>asscntitur,</strong></span> <span class='ocrx_word' id='word_1_764' title='bbox 1225 5783 1317 5831; x_wconf 84' lang='lat' dir='ltr'><strong>aut</strong></span> <span class='ocrx_word' id='word_1_765' title='bbox 1343 5783 1492 5829; x_wconf 87' lang='lat' dir='ltr'><strong>certe</strong></span> <span class='ocrx_word' id='word_1_766' title='bbox 1521 5789 1628 5828; x_wconf 88' lang='lat' dir='ltr'><strong>non</strong></span> <span class='ocrx_word' id='word_1_767' title='bbox 1662 5789 1797 5827; x_wconf 87' lang='lat' dir='ltr'><strong>con-</strong></span> 
     </span>
    </p>
   </div>
   <div class='ocr_carea' id='block_1_111' title="bbox 221 5859 1794 5934">
    <p class='ocr_par' dir='ltr' id='par_1_111' title="bbox 221 5859 1794 5934">
     <span class='ocr_line' id='line_1_111' title="bbox 221 5859 1794 5934; baseline 0 -17"><span class='ocrx_word' id='word_1_768' title='bbox 221 5861 450 5918; x_wconf 86' lang='lat' dir='ltr'><strong>tradicit</strong></span> <span class='ocrx_word' id='word_1_769' title='bbox 499 5859 899 5918; x_wconf 86' lang='lat' dir='ltr'><strong>Tillemontius.</strong></span> <span class='ocrx_word' id='word_1_770' title='bbox 945 5864 1104 5934; x_wconf 85' lang='lat' dir='ltr'><strong>Atqui</strong></span> <span class='ocrx_word' id='word_1_771' title='bbox 1163 5874 1368 5919; x_wconf 89' lang='lat' dir='ltr'><strong>certum</strong></span> <span class='ocrx_word' id='word_1_772' title='bbox 1422 5873 1524 5931; x_wconf 79' lang='lat' dir='ltr'><strong>est,</strong></span> <span class='ocrx_word' id='word_1_773' title='bbox 1571 5878 1794 5932; x_wconf 82' lang='lat' dir='ltr'><strong>regnum</strong></span> 
     </span>
    </p>
   </div>
   <div class='ocr_carea' id='block_1_112' title="bbox 1887 5309 3442 5380">
    <p class='ocr_par' dir='ltr' id='par_1_112' title="bbox 1887 5309 3442 5380">
     <span class='ocr_line' id='line_1_112' title="bbox 1887 5309 3442 5380; baseline 0.001 -16"><span class='ocrx_word' id='word_1_774' title='bbox 1887 5309 2192 5380; x_wconf 69' lang='lat' dir='ltr'><strong>Aithiopica</strong></span> <span class='ocrx_word' id='word_1_775' title='bbox 2243 5310 2572 5365; x_wconf 86' lang='lat' dir='ltr'><strong>Balthasaris</strong></span> <span class='ocrx_word' id='word_1_776' title='bbox 2624 5309 2866 5375; x_wconf 82' lang='lat' dir='ltr'><strong>Teilezii,</strong></span> <span class='ocrx_word' id='word_1_777' title='bbox 2915 5327 3072 5380; x_wconf 83' lang='lat' dir='ltr'><strong>quam</strong></span> <span class='ocrx_word' id='word_1_778' title='bbox 3115 5311 3442 5380; x_wconf 80' lang='lat' dir='ltr'><strong>frequentis-</strong></span> 
     </span>
    </p>
   </div>
   <div class='ocr_carea' id='block_1_113' title="bbox 1889 5398 3446 5473">
    <p class='ocr_par' dir='ltr' id='par_1_113' title="bbox 1889 5398 3446 5473">
     <span class='ocr_line' id='line_1_113' title="bbox 1889 5398 3446 5473; baseline -0.003 -14"><span class='ocrx_word' id='word_1_779' title='bbox 1889 5405 2023 5459; x_wconf 88' lang='lat' dir='ltr'><strong>sime</strong></span> <span class='ocrx_word' id='word_1_780' title='bbox 2056 5405 2260 5467; x_wconf 88' lang='lat' dir='ltr'><strong>laudat,</strong></span> <span class='ocrx_word' id='word_1_781' title='bbox 2292 5405 2407 5460; x_wconf 64' lang='lat' dir='ltr'><strong>haec</strong></span> <span class='ocrx_word' id='word_1_782' title='bbox 2431 5403 2644 5458; x_wconf 90' lang='lat' dir='ltr'><strong>adducit</strong></span> <span class='ocrx_word' id='word_1_783' title='bbox 2676 5415 2729 5458; x_wconf 86' lang='lat' dir='ltr'><strong>et</strong></span> <span class='ocrx_word' id='word_1_784' title='bbox 2758 5405 3000 5473; x_wconf 86' lang='lat' dir='ltr'><strong>sequitur</strong></span> <span class='ocrx_word' id='word_1_785' title='bbox 3022 5403 3180 5458; x_wconf 83' lang='lat' dir='ltr'><strong>verba</strong></span> <span class='ocrx_word' id='word_1_786' title='bbox 3211 5422 3224 5457; x_wconf 86' lang='lat'><strong>:</strong></span> <span class='ocrx_word' id='word_1_787' title='bbox 3266 5398 3446 5467; x_wconf 71' lang='lat' dir='ltr'><strong>«Quod</strong></span> 
     </span>
    </p>
   </div>
   <div class='ocr_carea' id='block_1_114' title="bbox 1893 5495 3448 5566">
    <p class='ocr_par' dir='ltr' id='par_1_114' title="bbox 1893 5495 3448 5566">
     <span class='ocr_line' id='line_1_114' title="bbox 1893 5495 3448 5566; baseline -0.003 -15"><span class='ocrx_word' id='word_1_788' title='bbox 1893 5498 2136 5552; x_wconf 89' lang='lat' dir='ltr'><strong>nonnulli</strong></span> <span class='ocrx_word' id='word_1_789' title='bbox 2197 5497 2385 5552; x_wconf 89' lang='lat' dir='ltr'><strong>dicunt</strong></span> <span class='ocrx_word' id='word_1_790' title='bbox 2434 5508 2675 5551; x_wconf 86' lang='lat' dir='ltr'><strong>sanctum</strong></span> <span class='ocrx_word' id='word_1_791' title='bbox 2741 5497 3047 5550; x_wconf 74' lang='lat' dir='ltr'><strong>Matthzeum</strong></span> <span class='ocrx_word' id='word_1_792' title='bbox 3098 5495 3448 5566; x_wconf 82' lang='lat' dir='ltr'><strong>Evangelium</strong></span> 
     </span>
    </p>
   </div>
   <div class='ocr_carea' id='block_1_115' title="bbox 1893 5587 3451 5658">
    <p class='ocr_par' dir='ltr' id='par_1_115' title="bbox 1893 5587 3451 5658">
     <span class='ocr_line' id='line_1_115' title="bbox 1893 5587 3451 5658; baseline -0.001 -18"><span class='ocrx_word' id='word_1_793' title='bbox 1893 5589 2213 5657; x_wconf 65' lang='lat' dir='ltr'><strong>praedicasse</strong></span> <span class='ocrx_word' id='word_1_794' title='bbox 2239 5588 2290 5642; x_wconf 90' lang='lat' dir='ltr'><strong>in</strong></span> <span class='ocrx_word' id='word_1_795' title='bbox 2320 5587 2617 5658; x_wconf 66' lang='lat' dir='ltr'><strong>Ethiopia,</strong></span> <span class='ocrx_word' id='word_1_796' title='bbox 2654 5604 2740 5643; x_wconf 90' lang='lat' dir='ltr'><strong>res</strong></span> <span class='ocrx_word' id='word_1_797' title='bbox 2769 5589 2908 5642; x_wconf 88' lang='lat' dir='ltr'><strong>inter</strong></span> <span class='ocrx_word' id='word_1_798' title='bbox 2953 5587 3283 5642; x_wconf 82' lang='lat' dir='ltr'><strong>Habessinos</strong></span> <span class='ocrx_word' id='word_1_799' title='bbox 3312 5599 3451 5639; x_wconf 90' lang='lat' dir='ltr'><strong>nova</strong></span> 
     </span>
    </p>
   </div>
   <div class='ocr_carea' id='block_1_116' title="bbox 1894 5675 3452 5749">
    <p class='ocr_par' dir='ltr' id='par_1_116' title="bbox 1894 5675 3452 5749">
     <span class='ocr_line' id='line_1_116' title="bbox 1894 5675 3452 5749; baseline 0 -18"><span class='ocrx_word' id='word_1_800' title='bbox 1894 5687 1998 5745; x_wconf 88' lang='lat' dir='ltr'><strong>est,</strong></span> <span class='ocrx_word' id='word_1_801' title='bbox 2035 5690 2087 5735; x_wconf 90' lang='lat' dir='ltr'><strong>et</strong></span> <span class='ocrx_word' id='word_1_802' title='bbox 2118 5679 2470 5736; x_wconf 78' lang='lat' dir='ltr'><strong>fundamento</strong></span> <span class='ocrx_word' id='word_1_803' title='bbox 2498 5691 2665 5736; x_wconf 89' lang='lat' dir='ltr'><strong>caret.</strong></span> <span class='ocrx_word' id='word_1_804' title='bbox 2697 5679 2832 5734; x_wconf 85' lang='lat' dir='ltr'><strong>Cum</strong></span> <span class='ocrx_word' id='word_1_805' title='bbox 2868 5678 3097 5749; x_wconf 82' lang='lat' dir='ltr'><strong>religiosi</strong></span> <span class='ocrx_word' id='word_1_806' title='bbox 3136 5677 3302 5731; x_wconf 88' lang='lat' dir='ltr'><strong>nostri</strong></span> <span class='ocrx_word' id='word_1_807' title='bbox 3346 5675 3452 5731; x_wconf 87' lang='lat' dir='ltr'><strong>illis</strong></span> 
     </span>
    </p>
   </div>
   <div class='ocr_carea' id='block_1_117' title="bbox 1896 5768 3457 5840">
    <p class='ocr_par' dir='ltr' id='par_1_117' title="bbox 1896 5768 3457 5840">
     <span class='ocr_line' id='line_1_117' title="bbox 1896 5768 3457 5840; baseline -0.003 -16"><span class='ocrx_word' id='word_1_808' title='bbox 1896 5785 1962 5824; x_wconf 76' lang='lat' dir='ltr'><strong>ex</strong></span> <span class='ocrx_word' id='word_1_809' title='bbox 2008 5772 2245 5827; x_wconf 90' lang='lat' dir='ltr'><strong>historiis</strong></span> <span class='ocrx_word' id='word_1_810' title='bbox 2280 5774 2482 5827; x_wconf 89' lang='lat' dir='ltr'><strong>nostris</strong></span> <span class='ocrx_word' id='word_1_811' title='bbox 2515 5774 2565 5828; x_wconf 88' lang='lat' dir='ltr'><strong>id</strong></span> <span class='ocrx_word' id='word_1_812' title='bbox 2596 5780 2902 5835; x_wconf 84' lang='lat' dir='ltr'><strong>narrarent,</strong></span> <span class='ocrx_word' id='word_1_813' title='bbox 2947 5768 3344 5840; x_wconf 86' lang='lat' dir='ltr'><strong>responderunt</strong></span> <span class='ocrx_word' id='word_1_814' title='bbox 3378 5771 3457 5833; x_wconf 80' lang='lat' dir='ltr'><strong>(et</strong></span> 
     </span>
    </p>
   </div>
   <div class='ocr_carea' id='block_1_118' title="bbox 1899 5859 3454 5937">
    <p class='ocr_par' dir='ltr' id='par_1_118' title="bbox 1899 5859 3454 5937">
     <span class='ocr_line' id='line_1_118' title="bbox 1899 5859 3454 5937; baseline -0.005 -17"><span class='ocrx_word' id='word_1_815' title='bbox 1899 5867 2114 5936; x_wconf 89' lang='lat' dir='ltr'><strong>quidem</strong></span> <span class='ocrx_word' id='word_1_816' title='bbox 2158 5875 2323 5933; x_wconf 84' lang='lat' dir='ltr'><strong>recte,</strong></span> <span class='ocrx_word' id='word_1_817' title='bbox 2359 5867 2433 5922; x_wconf 81' lang='lat' dir='ltr'><strong>ait</strong></span> <span class='ocrx_word' id='word_1_818' title='bbox 2461 5865 2738 5937; x_wconf 82' lang='lat' dir='ltr'><strong>Ludolfus)</strong></span> <span class='ocrx_word' id='word_1_819' title='bbox 2771 5866 2872 5919; x_wconf 93' lang='lat' dir='ltr'><strong>hoc</strong></span> <span class='ocrx_word' id='word_1_820' title='bbox 2903 5859 3309 5931; x_wconf 82' lang='lat' dir='ltr'><strong>intelligendum</strong></span> <span class='ocrx_word' id='word_1_821' title='bbox 3335 5872 3454 5914; x_wconf 88' lang='lat' dir='ltr'><strong>esse</strong></span> 
     </span>
    </p>
   </div>
  </div>
