4156 6314
683 373 793 436 ’183

693 485 762 536 de
807 474 1086 545 EthiOpia
1121 467 1365 525 infcriori
1403 457 1881 546 (scilicet’propric
1915 455 2082 514 dicta.
2118 450 2269 504 addit
2299 451 2345 510 Α

697 541 1150 639 ιιιίιοιΐιιεγῳιω
1193 558 1502 616 extenditur
1555 570 1584 607 a
1638 543 1924 618 Suaquena
1983 559 2155 614 usque
2216 541 2273 591 in

695 669 1007 738 IEgyptum.
1034 632 1482 724 Quandoquidem
1508 645 1710 700 nullam
1739 653 1975 708 unquam
2021 632 2273 689 notitiam

698 726 926 820 habent,
953 752 1099 824 quod
1129 756 1350 804 sanctus
1381 741 1671 796 Matthatus
1704 743 1800 789 aut
1831 729 2107 801 apostolus
2138 726 2276 780 alius

702 848 1074 907 Habessiniam
1102 838 1388 896 intraverit
1430 843 1576 901 (ante
1595 835 1845 883 sanetum
1877 817 2275 877 Frumentiuin,

702 960 762 1002 ut
795 957 1008 998 rursum
1064 934 1218 990 addit
1265 924 1549 995 Ludolius)
1585 922 1658 974 uti
1712 925 1861 972 certo
1906 914 2106 969 docent
2153 908 2276 962 libri

714 1038 929 1093 illorum
964 1040 1126 1098 atque
1157 1023 1254 1077 v‘iri
1298 1021 1511 1074 illorum
1541 1010 1709 1075 docti,
1741 1008 1834 1078 qui
1866 1004 2101 1059 maxime
2127 997 2280 1069 gnari

706 1128 806 1185 sibi
845 1092 1097 1180 videntur
1129 1131 1252 1170 esse
1281 1107 1643 1178 antiquitatis.
1678 1122 1696 1154 ›
1745 1098 1940 1160 Subdit
1972 1092 2232 1149 Lndolfus
2267 1107 2281 1142 :

717 1224 738 1264 ο
770 1219 1025 1290 Proxime
1071 1210 1234 1282 igitur
1280 1205 1349 1258 ad
1388 1201 1677 1256 veritatem
1715 1193 1976 1249 accedere
2029 1186 2285 1240 videntur

707 1315 768 1377 ii,
807 1311 899 1382 qui
922 1305 1109 1362 Nubiaa
1130 1297 1547 1358 conversionem
1583 1290 1845 1345 Matthaao
1877 1281 2122 1354 apostolo
2148 1278 2287 1332 assi-

710 1377 1035 1476 gnaverunt,
1064 1409 1183 1466 quae
1209 1389 1434 1446 indubie
1468 1381 1764 1451 Aithiopiae
1791 1377 2028 1445 antiqua:
2061 1381 2119 1426 et
2154 1384 2282 1440 pro—

714 1463 829 1569 prie
852 1494 1012 1548 dictae
1037 1463 1158 1558 pars
1180 1495 1284 1541 est.
1315 1503 1332 1534 ι
1370 1482 1448 1536 Ex
1477 1480 1626 1533 hisce
1662 1474 1824 1544 igitur
1853 1470 2041 1538 liquet,
2074 1463 2291 1518 Ethio-

715 1589 860 1660 piam
915 1582 1150 1652 Egypto
1212 1572 1537 1646 proximam,
1597 1582 1716 1637 quae
1775 1560 1999 1616 nomine
2057 1561 2291 1610 maxime

718 1645 941 1750 proprio
974 1645 1253 1740 [Et—hiOpia
1303 1664 1408 1718 fuit
1442 1662 1584 1716 dicta
1641 1668 1884 1725 tempore
1939 1648 2116 1706 sancti
2159 1645 2292 1698 Mat-

722 1770 871 1831 thaai,
897 1776 951 1822 et
980 1764 1070 1818 ubi
1111 1759 1305 1815 incola:
1337 1757 1490 1824 nigro
1535 1758 1666 1805 sunt
1709 1747 1893 1801 colore
1927 1740 2099 1809 magis
2130 1752 2289 1806 quam

721 1864 777 1915 in
817 1855 1163 1915 Ilabcssinia,
1198 1848 1349 1903 nullo
1396 1848 1719 1916 argumento
1755 1834 2032 1890 exclusam
2066 1829 2231 1883 fuisse
2264 1843 2293 1881 a

727 1950 1113 2026 praedicatione
1160 1942 1330 1998 sancti
1367 1933 1627 1993 Matthxi.

798 2047 886 2101 54.
930 2043 1099 2097 Porro
1136 2034 1472 2102 Ethiopian]
1505 2027 1675 2082 fuisse
1716 2035 2037 2080 conversam
2059 2017 2150 2074 diu
2176 2023 2301 2070 ante

727 2138 1023 2195 concilium
1056 2133 1364 2188 Nicmnnm,
1399 2123 1615 2179 videtur
1645 2116 1866 2191 probari
1907 2130 1968 2168 ex
2004 2109 2304 2166 canonihus

735 2229 981 2288 Arabicis
1016 2222 1236 2280 concilii
1263 2215 1494 2280 Nicaani,
1528 2226 1668 2284 quos
1703 2209 1973 2264 habemus
2004 2202 2148 2273 apud
2172 2200 2310 2255 Lab-

735 2326 898 2381 beum
955 2328 1089 2372 tom.
1127 2313 1168 2368 II
1201 2307 1607 2370 Conciliorum;
1651 2314 1777 2355 nam
1835 2297 1889 2351 in
1937 2297 2020 2351 his
2056 2309 2176 2362 cap.
2219 2290 2307 2354 56,

738 2414 843 2469 col.
892 2409 1020 2471 502,
1058 2407 1131 2458 ita
1172 2401 1411 2472 legitur;
1455 2414 1474 2446 ι
1505 2394 1577 2448 Ut
1605 2405 1716 2444 non
1764 2387 1978 2457 possint
2024 2383 2314 2450 Aithiopes

735 2519 923 2562 creare
955 2514 1056 2554 nec
1089 2495 1291 2565 eligere
1317 2485 1683 2560 patriarcham
1707 2500 1720 2546 ;
1748 2480 1879 2550 quin
1913 2476 2092 2548 potius
2123 2484 2312 2528 eorum

739 2596 997 2669 praelatus
1048 2563 1471 2655 sub'potestate
1515 2577 1636 2645 ejus
1671 2572 1764 2635 sit,
1806 2569 1895 2640 qui
1933 2574 2081 2622 tenet
2128 2563 2314 2620 sedem

737 2656 1106 2748 Alexandriae.
1150 2679 1232 2733 Sit
1284 2685 1463 2730 tamen
1501 2669 1642 2738 apud
1679 2681 1773 2720 eos
1821 2665 1941 2718 loco
1968 2656 2316 2732 patriarchae,

742 2796 798 2841 et
841 2779 1146 2854 appelletur
1196 2766 1519 2825 catholicus.
1577 2761 1696 2813 1Non
1758 2769 1937 2813 tamen
1981 2753 2072 2821 jus
2125 2748 2322 2803 habeat

745 2837 1122 2936 constituendi
1154 2861 1618 2932 archiepiscopos,
1660 2861 1714 2905 ut
1749 2848 1918 2901 habet
1957 2837 2270 2914 patriarcha
2306 2853 2318 2888 :

744 2970 1014 3044 siquidem
1050 2977 1158 3018 non
1198 2956 1362 3013 habet
1409 2944 1734 3023 patriarcha:
1774 2941 2040 2994 honorem
2090 2944 2193 2985 nec
2225 2942 2322 2999 po-

748 3023 1023 3124 testatem.
1065 3055 1220 3123 Quod
1252 3051 1297 3106 si
1357 3043 1619 3100 acciderit
1662 3045 1720 3088 ut
1760 3028 2050 3085 concilium
2089 3025 2142 3076 in
2172 3023 2325 3075 Grae-

750 3164 833 3219 cia
897 3117 1185 3212 habeatur,
1256 3144 1528 3206 fueritque
1595 3141 1834 3202 praesens
1907 3122 1998 3177 hic
2071 3117 2393 3200 prazlatusc

753 3252 1097 3321 Ethiopian).
1124 3211 1322 3297 habeat
1355 3230 1646 3302 septimum
1679 3224 1857 3278 locum
1887 3223 2012 3289 post
2045 3211 2327 3284 prazlatnm

756 3311 1048 3405 Seleucia.
1086 3337 1150 3391 Et
1190 3328 1415 3404 quando
1447 3324 1585 3378 facta
1616 3315 1778 3374 fuerit
1817 3311 1867 3367 ei
1917 3313 2159 3379 potestas
2195 3316 2328 3357 con-

759 3437 1023 3501 stituendi
1054 3426 1494 3499 archiepiscopos
1528 3418 1583 3472 in
1610 3410 1893 3484 provincia
1925 3418 2045 3465 sua,
2069 3414 2178 3453 non
2210 3398 2335 3449 lice-

759 3538 841 3594 bit
871 3532 946 3587 illi
989 3492 1330 3581 constituere
1360 3492 1599 3579 aliquem
1642 3519 1709 3558 ex
1737 3499 1843 3553 illis
1870 3515 1885 3551 :
1922 3505 1976 3550 et
2004 3492 2335 3565 quicumque

762 3643 874 3685 non
923 3616 1186 3690 paruerit,
1225 3605 1462 3680 synodus
1493 3612 1616 3655 eum
1666 3587 2123 3650 excommunicat.
2167 3603 2183 3635 ι
2225 3581 2336 3635 Νο-

761 3721 856 3776 lim
889 3726 1069 3772 tamen
1100 3701 1455 3763 contendere,
1482 3694 1630 3749 hunc
1648 3701 1915 3744 canonem
1943 3681 2112 3735 fuisse
2137 3677 2338 3729 factum

767 3829 797 3868 a
827 3805 1062 3867 concilio
1082 3799 1337 3860 Niceno;
1365 3804 1488 3844 cum
1515 3799 1627 3838 non
1657 3782 1922 3850 ignorem,
1947 3785 2186 3827 canones
2207 3767 2342 3822 Ara-

770 3906 924 3963 bicos
956 3899 1023 3954 ab
1067 3887 1300 3950 eruditis
1329 3880 1530 3956 passim
1575 3873 1750 3945 rejici.
1789 3869 1842 3924 Id
1877 3881 2044 3922 unum
2086 3865 2340 3924 observo,

773 4005 1062 4054 canonem,
1100 3985 1143 4039 si
1195 3976 1326 4050 quid
1362 3974 1529 4035 valet,
1571 3966 1734 4023 unice
1780 3960 1961 4016 valere
2006 3969 2104 4027 pro
2148 3950 2344 4011 Nubia,

776 4092 890 4147 sive
923 4097 1023 4156 pro
1049 4043 1336 4140 'Aithiopia
1382 4067 1527 4119 inter
1558 4051 1937 4113 Habcssiniam
1971 4057 2025 4100 et
2053 4043 2344 4113 Algyptum

775 4135 977 4240 media.
1008 4135 1278 4228 Attulerat
1307 4156 1560 4215 eumdem
1589 4143 1857 4205 Ludolius
1895 4141 1952 4195 in
1982 4135 2217 4192 Historia
2249 4148 2347 4189 sua

776 4276 845 4330 ad
880 4260 1294 4326 conversionem
1327 4242 1668 4306 Habessiniz
1714 4235 2094 4309 probandam;
2127 4227 2223 4283 sed
2251 4241 2350 4296 po-

782 4380 898 4424 stea
933 4365 990 4417 in
1037 4347 1323 4412 Adnotatis
1365 4357 1487 4415 pag.
1518 4337 1626 4392 282
1657 4331 1794 4388 vidit
1825 4337 1884 4381 et
1922 4321 2182 4378 indicavit
2222 4335 2352 4371 ana-

783 4453 1185 4514 chronismum,
1211 4453 1334 4496 cum
1366 4427 1684 4486 Habessinia
1731 4418 1896 4476 fuerit
1939 4426 2205 4470 conversa
2235 4417 2355 4479 post

785 4482 1185 4514 cunnum-rum,
1212 4482 1334 4496 νυ.--
1367 4482 1474 4486 ---η
1494 4482 1507 4484 _

785 4544 1081 4609 concilium
1122 4537 1422 4593 Nicmnum,
1460 4531 1519 4579 ut
1560 4521 1676 4590 ipse
1720 4511 1987 4585 agnoscit.
2021 4505 2354 4574 Lequienns,
2393 4482 2432 4536 υ

789 4599 994 4702 ἶςξιᾎί-ιι
1025 4628 1264 4690 Orientis
1299 4615 1618 4681 Christiani,
1654 4626 1780 4682 pag.
1815 4605 1913 4660 6M
1947 4599 2200 4656 eumdem
2233 4611 2357 4664 pro-

790 4739 941 4796 ducit
987 4738 1254 4788 canonem
1299 4733 1397 4789 pro
1433 4708 1795 4768 conversione
1830 4696 2275 4754 Habessinorum.
2309 4699 2363 4743 et

791 4829 877 4883 vel
928 4825 1008 4880 sic
1042 4828 1235 4875 eorum
1273 4803 1689 4864 conversionem
1745 4789 1997 4848 attribuit
2044 4781 2365 4838 Fruinentio

793 4926 917 4992 post
946 4909 1236 4969 concilium
1287 4901 1566 4956 Nicanore
1601 4887 1871 4945 ordinato.
1929 4878 2125 4932 Verum
2177 4871 2369 4940 nequit

1574 4982 1635 4992 "
1792 4989 1875 4992 πμ
1937 4971 2018 4992 2n-
2070 4965 2259 4992 -.I.a-...:
2322 4962 2364 4992 οι

798 4962 894 5085 ἔτι)
926 5010 1156 5064 aliorum
1205 4993 1524 5059 EthiOpum
1569 4982 1672 5037 (ide
1706 4989 1884 5032 canon
1937 4971 2026 5024 ille
2069 4965 2285 5026 adduci,
2322 4962 2367 5016 si

1761 5064 2087 5085 ηλιλεΑ-ἒι--η
2152 5056 2367 5085 Enn...“

795 5056 1051 5162 I‘Iicmnus
1101 5056 1570 5150 crcdaturdquam
1601 5086 1696 5145 pro
1740 5064 2091 5133 Ethiopibus
2137 5056 2370 5139 IEgypio

804 5193 1084 5271 proximis,
1119 5195 1172 5240 et
1202 5195 1269 5238 eo
1297 5193 1520 5231 nomine
1565 5193 1802 5248 ritas-uie

802 5250 963 5362 quos.
992 5250 1100 5337 llos
1132 5285 1316 5331 autem
1364 5268 1494 5322 olim
1543 5262 1710 5315 fuisse
1751 5250 2094 5310 Christ'anos
2134 5250 2368 5307 constat,

1630 5352 1648 5362 ⁸
1750 5350 1760 5359 '
1812 5356 1822 5362 ι
1890 5338 2122 5362 κ-ᾼ---.ηε
2183 5337 2340 5362 1.·......

805 5337 907 5438 :iec
937 5376 1066 5433 satis
1097 5366 1359 5427 innotuit,
1396 5375 1426 5414 a
1472 5370 1582 5426 quo
1628 5350 1831 5405 fuerint
1878 5338 2147 5397 conversi.
2183 5337 2373 5390 Eunu-

1926 317 2209 405 MENSlS
2247 328 2694 396 SEPTEMBER

2377 443 2726 500 Fortunatus,
2756 430 3081 488 Eucherius,
3118 426 3252 484 Ado,
3285 419 3564 476 Usuardus
3589 426 3644 470 et
3677 411 3970 468 Rabanus.

1202 5195 1269 5238 eo
1297 5174 1520 5231 nomine
1565 5164 1800 5221 maxime
1847 5159 1990 5211 notis
2043 5151 2182 5222 apud
2232 5147 2373 5201 anti-

3856 301 3968 364 781

2381 532 2693 590 Matthaeum
2738 529 2789 579 in
2826 519 3100 589 AithiOpia
3142 514 3465 587 praedicasse
3511 507 3758 567 tradunt,
3804 503 3972 569 idque

2384 617 2881 693 probabilissimum
2919 622 3070 683 puto,
3104 609 3146 662 si
3190 619 3299 658 non
3335 601 3495 655 etiam
3539 595 3810 651 historice
3850 607 3973 648 eer-

2382 721 2498 768 tum
2530 713 2710 766 dicere
2742 714 3008 776 oporteat.

2457 806 2547 861 55.
2588 804 2978 858 Verumtamen
3015 795 3364 854 nominantur
3411 798 3466 843 et
3494 787 3612 845 aliae
3647 781 3970 853 provincia,

2386 906 2440 954 in
2467 897 2665 967 quibus
2706 891 3100 963 prwdicaverit,
3125 897 3218 942 aut
3250 877 3716 940 mortcm'obierit
3739 880 3974 928 sanctus

2386 991 2694 1045 LIatthmus.
2713 962 2786 1039 7S.
2816 982 3140 1037 Ambrosius
3170 979 3224 1032 in
3250 975 3522 1032 Psalmum
3550 985 3676 1028 ην.
3700 981 3861 1020 num.
3885 962 3968 1020 ‘20t

2386 1086 2481 1144 ait,
2524 1079 2779 1134 Marthmo
2810 1075 3049 1130 Persiam
3091 1070 3350 1141 patuisse,
3389 1074 3443 1120 et
3471 1063 3701 1118 Thomas
3736 1054 3971 1115 Indiam,

2387 1175 2672 1230 insinuans
2728 1169 2888 1224 (idem
2921 1184 2948 1220 a
2978 1175 3167 1220 sancto
3192 1162 3446 1216 Matthaeo
3476 1159 3530 1211 in
3565 1152 3799 1210 Perside
3838 1165 3973 1218 pne-

2389 1268 2641 1322 dicatam.
2674 1262 2909 1316 Sanetus
2941 1258 3198 1312 Paulinus
3237 1255 3477 1308 Nolanus
3525 1251 3580 1304 in
3614 1247 3879 1304 Poemate
3919 1242 3977 1296 ιθ

2389 1360 2500 1414 ait:
2552 1375 2569 1408 ι
2607 1353 2828 1412 Parthia
2864 1352 3177 1405 Mattlneum
3214 1344 3620 1415 complectitur.
3661 1358 3679 1390 ι
3721 1338 3982 1391 Conson-

2392 1452 2537 1506 tiunt
2565 1445 2940 1518 Martyrologia
2969 1439 3393 1509 Hieronymiana
3427 1433 3657 1489 inferius
3678 1426 3983 1489 laudanda,

2393 1543 2449 1596 in
2481 1539 2680 1610 quibus
2706 1517 2864 1590 mors
2895 1532 3067 1588 sancti
3104 1531 3156 1583 in
3183 1526 3405 1583 Perside
3440 1522 3634 1596 ligitur.
3662 1518 3771 1573 Alii
3798 1517 3986 1569 viden-

2394 1644 2482 1689 tur
2520 1633 2702 1686 dicere
2742 1630 2794 1682 in
2837 1626 3056 1682 Parthia
3092 1630 3340 1677 sanctum
3387 1631 3511 1670 esse
3539 1621 3859 1670 mortuum;
3893 1605 3986 1659 sed

2395 1724 2655 1781 censendi
2687 1729 2814 1776 sunt
2845 1717 3120 1771 Parthiam
3154 1727 3261 1767 non
3290 1705 3603 1764 distinxisse
3628 1717 3658 1755 a
3688 1701 3986 1753 Persarum

2331 1805 2370 1857 Β
2408 1816 2659 1886 imperio,
2710 1811 2857 1881 quod
2910 1805 3098 1863 Partiri
3160 1813 3403 1870 tempore
3447 1792 3686 1848 Matthazi
3736 1788 3991 1843 domina-

2405 1922 2611 1968 rentur.
2644 1906 2922 1963 lndiculus
2949 1899 3222 1971 Ilippolyti
3259 1893 3400 1965 apud
3431 1886 3825 1946 Combel‘isium
3860 1891 3990 1934 tom.

2406 2005 2600 2064 Ill.col.
2633 2001 2846 2062 83l,ita
2869 1996 3030 2050 habet
3060 2012 3071 2047 :
3107 2011 3123 2043 ‹
3155 1989 3460 2048 lllatthaaus,
3481 1997 3603 2036 cum
3632 1974 3994 2045 Evangelium

2410 2093 2672 2150 Hebraice
2707 2087 3035 2156 scripsisset,
3069 2077 3462 2149 Hierosolymis
3493 2072 3686 2135 edidit,
3722 2063 4002 2122 obdormi-

2409 2189 2594 2256 vitque
2623 2182 2829 2235 Hierea:
2869 2178 3190 2232 Parthorum
3221 2173 3463 2226 civitate.
3500 2185 3520 2218 ι
3555 2166 3766 2220 Verum
3802 2159 3999 2227 exigua

2413 2285 2590 2348 potcSt
2620 2285 2740 2325 esse
2773 2267 3071 2324 auctoritas
3099 2263 3242 2315 illius
3273 2255 3524 2315 Indiculi.
3557 2251 3769 2320 apertis
3796 2249 4004 2316 aliquot

2414 2365 2700 2422 erroribus
2743 2357 2949 2423 lmdati,
2997 2355 3152 2424 cujus
3183 2358 3370 2405 auctor
3403 2356 3487 2402 est
3519 2346 3789 2399 incertus.
3839 2340 4007 2395 Addit

2415 2453 2773 2514 Combclisius
2804 2451 2859 2505 in
2886 2445 3177 2502 Annotatis
3212 2461 3223 2496 :
3267 2460 3284 2492 ι
3320 2440 3497 2495 Etiam
3528 2435 3853 2490 Dorotheus
3882 2429 4009 2484 Ilie-

2418 2551 2590 2623 r0poli
2616 2546 2850 2602 Parthia:
2867 2541 3068 2598 obiisse
3101 2537 3283 2592 tradit.
3311 2553 3328 2584 ι
3365 2533 3428 2586 At
3458 2524 4008 2597 pseudo-Dorotheus

2417 2611 2594 2700 nihilo
2622 2638 2814 2692 melior
2845 2644 2929 2688 est
2975 2628 3288 2699 Hippolyto.
3338 2618 3701 2686 Freculphus.
3735 2615 3792 2667 in
3835 2611 4011 2667 Chro-

2422 2733 2569 2791 nico,
2597 2726 2692 2782 lib.
2728 2740 2790 2791 ll,
2811 2737 2932 2791 cap.
2959 2719 3010 2792 ι,
3040 2722 3161 2786 post
3188 2710 3420 2781 elogium
3453 2705 3692 2761 Matthaei
3724 2719 3792 2757 cx
3822 2711 4011 2757 sancto

2423 2825 2756 2892 Hieronymo
2785 2816 2969 2870 datum
3007 2809 3128 2862 hac
3160 2804 3312 2860 addit
3343 2820 3355 2855 :
3411 2819 3429 2853 ε
3463 2799 3514 2854 Is
3555 2797 3800 2869 primum
3841 2797 3896 2849 in
3924 2795 4011 2848 Ju-

2425 2919 2540 2973 (ιω
2572 2905 2987 2982 evangelizavit,
3030 2898 3376 2973 postmodum
3415 2896 3468 2948 in
3501 2892 3838 2948 Macedonia
3875 2904 4012 2959 prae-

2428 3007 2662 3071 dicavit;
2701 2998 2993 3074 requiescit
3028 2997 3079 3050 ir.
3106 2992 3386 3049 montibus
3420 2988 3778 3042 Parthorum.
3811 3003 3830 3036 ι
3866 2983 4014 3049 Quod

2431 3103 2496 3158 de
2520 3096 2836 3154 Macedonia
2865 3091 3086 3153 dicitur,
3117 3086 3253 3141 mihi
3287 3099 3396 3138 non
3429 3079 3563 3135 satis
3601 3077 3661 3130 lit
3695 3075 4015 3134 verisimile,

2430 3196 2561 3266 quia
2596 3192 2781 3248 notius
2810 3188 2864 3244 id
2898 3185 3089 3240 fuisset
3119 3177 3345 3240 Grzecis,
3387 3174 3429 3229 si
3463 3173 3668 3226 factum
3697 3178 3878 3223 esset.
3923 3169 4016 3221 Ea-

2432 3259 2556 3343 dem
2595 3284 2663 3339 de
2693 3295 2855 3337 causa
2896 3276 3104 3336 dubito,
3138 3285 3205 3322 an
3255 3267 3385 3321 satis
3433 3261 3737 3334 probabilis
3789 3261 3865 3314 sit
3893 3259 4020 3311 Mat-

2436 3377 2561 3432 thari
2599 3370 2911 3444 praedicatio
2940 3359 3214 3444 Ilierapoli
3249 3357 3303 3411 in
3353 3357 3530 3427 Syria,
3568 3369 3737 3424 quam
3790 3351 4022 3406 adstruit

2437 3468 2654 3523 Nicetas
2693 3459 2985 3531 Paphlago,
3021 3429 3082 3508 in
3108 3429 3304 3508 eadem
3338 3449 3499 3503 etiam
3535 3447 3672 3500 urbe
3699 3446 4021 3500 defunctum

2438 3561 2700 3617 scribens.

2514 3675 2600 3732 56.
2648 3671 3042 3742 Metaphrastes
3100 3663 3332 3719 Parthos
3399 3654 3781 3730 prrcdicationi
3867 3653 4025 3724 ipsius

2442 3766 2715 3828 attribuit,
2769 3763 2864 3817 sed
2911 3757 3242 3826 Ethiopiam
3295 3752 3537 3806 ultimam
3586 3748 3718 3804 facit
3768 3748 4026 3817 praedica-

2446 3859 2614 3914 tionis
2644 3851 2880 3909 Matthaei
2920 3858 2977 3904 et
3029 3842 3270 3916 martyrii
3307 3841 3635 3912 palaestram.
3669 3837 3837 3905 Apud
3872 3838 4027 3890 Asse-

2450 3964 2670 4006 manum
2723 3947 2782 4000 in
2832 3939 3157 3998 Bibliotheca
3190 3930 3468 3994 Orientali,
3502 3937 3633 3983 tom.
3665 3927 3764 3992 ιιι,
3795 3938 3938 3994 part.
3978 3945 4025 3988 ιι,

2453 4059 2572 4113 pag.
2599 4041 2650 4102 5,
2676 4038 2895 4096 Amrus.
2915 4035 3150 4100 scriptor
3173 4026 3352 4083 saeculi
3376 4041 3486 4089 xiv,
3510 4023 3575 4077 de
3598 4020 3864 4076 Matthan
3883 4022 3984 4073 ait:
4011 4037 4024 4068 ι

2462 4156 2478 4188 ι
2511 4133 2718 4190 Ferunt
2750 4127 3060 4183 hlatthaeum
3094 4119 3481 4189 evangelistam
3529 4113 3741 4166 Indiam
3787 4113 4025 4180 petiisse,

2456 4232 2640 4299 ibique
2675 4221 3021 4296 praedicasse.
3065 4234 3082 4267 ι
3120 4211 3322 4267 Verum
3353 4224 3455 4263 nec
3483 4204 3632 4260 Aniri
3663 4203 3816 4258 illius
3841 4215 4024 4256 aucto-

2461 4297 2593 4375 ritas
2625 4326 2770 4374 tanta
2801 4322 2906 4376 est,
2937 4320 2995 4366 ut
3023 4307 3350 4381 persuadere
3379 4301 3539 4358 nobis
3571 4299 3752 4370 possit
3786 4310 3960 4366 usque
3986 4297 4030 4346 in

2463 4413 2667 4466 Indiam
2685 4408 2898 4461 venisse
2918 4411 3164 4456 sanctum
3191 4395 3521 4449 Matthaeum.
3541 4393 3882 4444 Assemanus
3907 4393 4032 4456 ipse,

2467 4522 2587 4577 pag.
2625 4505 2679 4567 '5,
2712 4499 2966 4555 observat
3000 4510 3028 4547 a
3060 4491 3209 4562 Syris
3243 4497 3297 4542 et
3338 4484 3603 4541 Chaldaeis
3634 4481 3804 4536 etiam
3847 4495 4031 4534 nume—

2467 4572 2572 4654 rari
2600 4594 2911 4649 Matthazum
2954 4588 3098 4640 inter
3150 4579 3428 4653 apostolos
3475 4576 3564 4646 qui
3594 4574 3965 4644 praedicarunt
3991 4572 4034 4623 in

2468 4690 2617 4761 Syria
2642 4696 2694 4742 et
2722 4681 3006 4746 Chaldaea;
3035 4692 3144 4732 non
3169 4683 3348 4728 tamen
3377 4667 3728 4725 annumerari
3757 4668 4036 4736 praecipurs

2469 4759 2682 4838 illarum
2740 4774 3144 4846 provinciarum
3177 4763 3456 4836 apostolis.
3503 4759 3661 4827 Quod
3696 4759 4038 4828 Nicephorus

2471 4887 2595 4929 cum
2627 4867 2846 4924 Menaeis
2889 4860 3199 4915 Matthxeum
3232 4853 3503 4907 Mirinena:
3537 4849 3682 4917 apud
3729 4848 4038 4916 Anti-trepo-

2474 4969 2678 5038 phagos
2699 4962 2773 5014 ait
2800 4955 3121 5028 praedicasse
3144 4956 3199 5003 et
3225 4945 3572 5006 occubuisse,
3599 4941 3689 4994 vix
3711 4940 3914 4994 referri
3943 4957 4040 4992 inc.

2475 5067 2645 5118 retur,
2688 5065 2812 5107 cum
2843 5048 3050 5101 oriatur
3071 5057 3138 5097 cx
3165 5039 3392 5094 historia
3427 5033 3675 5088 fabulosa
3707 5040 3769 5085 et
3798 5031 3960 5100 plane
3987 5031 4021 5081 ri

2474 5147 2672 5204 dicula.
2715 5142 2874 5196 Videt
2915 5136 3194 5194 studiosus
3242 5133 3436 5193 lector,
3469 5132 3739 5196 quantum
3779 5125 4036 5180 existimo.

2476 5240 2658 5297 omnia
2689 5238 2778 5292 illa
2810 5234 2877 5288 de
2913 5229 3146 5283 Matthci
3194 5222 3581 5294 praedicatione
3615 5217 3794 5286 magis
3853 5217 4042 5271 incerti

2477 5348 2618 5395 esse,
2658 5341 2819 5398 quam
2856 5333 2912 5379 ut
2943 5321 3146 5391 aliquid
3179 5327 3296 5372 tuto
3332 5311 3586 5369 alIirmari
3625 5311 3846 5379 possit;
3887 5310 4044 5377 plures

2481 5439 2661 5482 tamen
2708 5419 3019 5475 consentire
3059 5414 3113 5469 in
3162 5409 3443 5465 Persidem
3481 5412 3577 5458 aut
3605 5402 3920 5466 Parthiam,
3947 5414 4044 5469 qua

2481 5513 2794 5587 provinciae,
2836 5504 2962 5562 licet
2993 5506 3263 5559 distincta:
3307 5500 3439 5559 sint,
3473 5491 3629 5549 facile
3658 5492 3933 5548 confundi
3970 5505 4044 5559 po-

2484 5616 2726 5667 tuerunt,
2759 5617 2882 5657 cum
2908 5597 3050 5669 quod
3101 5593 3330 5647 invicem
3367 5587 3558 5641 vicina:
3603 5585 3741 5645 sint.
3778 5593 3896 5638 tum
3927 5581 4044 5650 quod

2490 5711 2734 5768 tempore
2766 5690 2942 5748 sancti
2987 5683 3222 5741 Matthtei
3257 5678 3547 5749 imperium
3584 5682 3734 5731 esset
3769 5679 3913 5746 apud
3946 5673 4044 5727 Pni-

2487 5798 2627 5854 thos,
2661 5786 2800 5856 quod
2837 5791 3019 5854 postea
3051 5779 3224 5832 Persa:
3249 5777 3598 5839 receperunt.

805 5478 973 5531 chum
1013 5467 1214 5536 reginas
1251 5455 1552 5514 Candaccs,
1607 5459 1729 5514 quae
1783 5447 1933 5494 certo
1991 5436 2046 5487 in
2102 5432 2186 5484 illa
2227 5436 2376 5496 parte

811 5522 1106 5630 miluom;
1139 5549 1407 5624 regnavit,
1467 5544 1657 5597 Patres
1705 5532 1858 5588 multi
1915 5524 2113 5582 ibidem
2171 5522 2379 5578 faciunt

809 5612 1114 5729 apostqum
1147 5665 1162 5700 :
1199 5612 1255 5698 at
1304 5646 1455 5695 certo
1481 5628 1768 5687 eunuchus
1804 5623 1893 5676 ille
1925 5619 2094 5681 solus,
2129 5630 2250 5669 cum
2283 5612 2380 5666 lai-

1421 5727 1449 5729 ’·
1479 5725 1488 5729 ’
1521 5723 1529 5729 ·
1637 5723 1643 5729 ·
1869 5727 1955 5729 γ-γς
1993 5706 2164 5729 --.μμ
2231 5701 2346 5729 D..i:

811 5701 909 5805 εἷλε
937 5750 1102 5805 esset,
1130 5732 1392 5792 ecclesias
1420 5725 1493 5780 ibi
1521 5723 1812 5776 instituere
1853 5727 1960 5765 non
1992 5706 2189 5777 potuit.
2230 5701 2381 5754 Ruti-

820 5851 926 5903 [λεδ
959 5801 1015 5892 et
1065 5795 1340 5889 socrates,
1365 5819 1561 5891 quibus
1606 5805 1954 5868 consentiunt
1996 5801 2050 5856 S.
2083 5795 2373 5866 Gregorius
