4156 6314
194 376 300 438 785

1468 383 1512 440 V
1525 381 1641 439 lTA
1682 379 1742 439 S.
1787 375 2174 435 ΜΑΤΤΗᾸΞΙ..

3330 363 3435 426 786

267 492 353 544 57.
399 491 472 545 De
504 492 623 546 loco
651 493 841 547 mortis
870 500 961 545 aut
989 492 1230 561 martyrii
1264 508 1371 546 non
1408 494 1588 547 minus
1618 493 1764 546 varia
1793 491 1843 550 Α
1870 485 2098 558 Regum,
2132 488 2224 540 lib.
2249 503 2320 547 tv,
2349 484 2716 553 cap.»5,nunt.
2740 482 2824 545 l5,
2853 485 3096 533 sanclunt
3124 474 3433 529 Mallhteum

204 590 255 634 et
291 579 523 634 invicem
560 580 833 634 contraria
864 579 1234 647 reperiuntur.
1278 579 1337 633 ln
1374 578 1766 650 Martyrologiis

200 668 626 740 Hieronymianis
655 681 883 740 quatuor
911 672 1114 726 diebus
1148 673 1410 726 memoria
1443 670 1500 726 S.
1526 669 1764 726 Matth-sai

198 761 584 828 annuntiatur;
615 762 708 817 sed
742 763 954 817 duobus
981 764 1133 818 locus
1163 758 1455 827 omittitur,
1489 764 1608 817 aliis
1637 778 1766 817 vero

194 854 411 911 duobus
431 856 764 925 adjungitur.
792 855 873 911 Ad
900 861 1043 913 hunc
1066 859 1208 913 diem
1244 866 1421 914 textus
1447 858 1765 913 Florentinii

195 949 279 1004 sic
327 950 534 1005 habet:
580 971 597 1001 ε
640 951 699 1005 in
744 950 967 1007 Persida
1006 953 1230 1008 civitate
1261 953 1520 1008 Tarsettm
1570 954 1766 1007 natalis

197 1039 373 1093 sancti
419 1039 656 1095 Matthaei
709 1042 938 1110 apostoli
991 1052 1044 1098 et
1074 1044 1433 1113 evangelista.
1473 1063 1492 1094 ι
1543 1044 1600 1098 lu
1636 1043 1768 1098 Cor-

199 1129 444 1184 beiettsi:
483 1149 502 1181 ‹
537 1131 593 1185 ltt
629 1129 848 1186 Persida
876 1132 1095 1188 civitate
1125 1133 1395 1188 Tarrium.
1428 1153 1447 1186 ι
1484 1136 1542 1188 lo
1579 1134 1770 1202 Epter—

200 1220 426 1275 nacensi
481 1220 601 1277 aliis
654 1221 962 1290 antiquiore
1009 1223 1180 1277 solum
1220 1223 1437 1293 legitur,
1491 1243 1508 1273 ι
1549 1222 1604 1277 lu
1640 1224 1767 1278 Per-

199 1310 341 1377 sida,
383 1331 399 1364 ι
438 1312 635 1366 omissa
666 1312 921 1380 civitate;
955 1314 1029 1369 uti
1051 1316 1212 1369 etiam
1245 1315 1301 1369 tit
1328 1315 1379 1369 itt
1412 1315 1769 1370 Rhiuoviensi

201 1404 345 1473 apud
375 1418 494 1458 nos.
519 1400 948 1461 Richenoviense
975 1420 1104 1460 vero
1130 1417 1396 1461 consonat
1425 1406 1766 1473 Corbeiensi,

206 1494 481 1563 habetque
511 1495 731 1550 civitate
768 1494 1036 1560 Tarrium,
1070 1498 1523 1567 quemadmodum
1556 1510 1610 1553 et
1636 1498 1771 1553 Cor-

204 1579 430 1636 beiense
469 1580 732 1639 brevius.-
761 1585 984 1655 Reliqua
1016 1586 1433 1660 Hieronymiana
1482 1600 1575 1644 aut
1602 1589 1769 1644 solam

206 1666 480 1724 Persidem
512 1670 772 1739 iudicant,
803 1685 897 1728 aut
936 1675 1112 1731 locum
1138 1692 1360 1744 prorsus
1384 1680 1659 1734 omittunt.
1685 1678 1774 1735 Sic

206 1762 276 1817 ad
313 1778 358 1816 rt
391 1762 536 1828 Maii,
590 1763 658 1817 In
698 1764 916 1821 Persida
966 1770 1324 1823 annuntiatnr
1366 1781 1590 1828 sanctus
1640 1774 1774 1828 Mat-

1871 590 2027 635 vocat
2054 577 2344 646 JEtltiopite
2378 574 2814 645 praedicatorem.
2878 570 2933 625 S.
2979 566 3274 622 Venantius
3302 565 3435 621 For—

1871 681 2091 725 tunatus
2113 670 2371 742 Gregorio
2404 677 2915 736 contemporaneus,
2940 663 3032 717 lib.
3062 678 3114 723 v,
3136 657 3327 729 cap.2,
3364 658 3437 713 ita

1871 765 2018 819 canit
2058 782 2069 817 :

1872 855 2157 909 Matthwus
2196 854 2462 921 Ethiopes
2495 861 2811 919 attemperat
2849 862 2937 903 ore
2968 862 3201 913 vapores,

1953 926 2179 991 Vivaque
2206 927 2258 979 itt
2286 934 2462 977 exusto
2483 925 2707 993 flumina
2741 921 2872 989 fudit
2905 936 3052 988 agro.

1942 1041 2089 1097 Idem
2131 1055 2370 1105 rursum,
2398 1037 2492 1093 lib.
2529 1039 2563 1091 8
2602 1053 2772 1091 carm.
2794 1036 2827 1089 4
2861 1053 2875 1090 :

1874 1131 2008 1186 Inde
2043 1131 2448 1198 triumphantem
2482 1127 2762 1198 fert-:Ittdt'a
2799 1126 3264 1198 But'tltolotttwutn,

1944 1196 2251 1255 Matthwttnt
2282 1200 2531 1253 eximium
2558 1197 2844 1251 Nuddaver
2872 1196 2984 1249 ulta
3016 1197 3203 1249 cirum.

1874 1314 1933 1365 ιιι
1970 1310 2221 1382 sequenti
2254 1308 2498 1364 carmine
2532 1306 2600 1361 de
2633 1305 2914 1361 Naddavcr
2944 1320 3161 1358 rursum
3195 1302 3442 1357 meminit

1874 1403 2232 1463 Fortunatus,
2271 1400 2556 1455 insinuans
2601 1398 2912 1451 Matthaum
2957 1395 3027 1450 ibi
3065 1404 3340 1449 mortuum
3389 1402 3444 1447 et

1876 1494 2177 1563 sepultum,
2206 1484 2667 1562 quemadmodum
2696 1489 2943 1542 Andreas
2970 1487 3164 1548 Patris.
3203 1487 3443 1541 Joannes

1874 1585 2075 1655 Ephesi
2147 1584 2364 1639 fuerunt
2420 1581 2661 1638 defuncti
2721 1589 2775 1635 et
2833 1580 3049 1650 sepulti.
3114 1577 3428 1633 Versiculos

1878 1676 1967 1731 hic
2001 1686 2081 1730 est
2115 1694 2130 1729 :

1950 1767 2090 1832 Quos
2124 1767 2313 1829 Putra,
2347 1783 2473 1837 quas
2517 1767 2769 1837 Ephesus,
2808 1765 3092 1820 Naddaver
3111 1780 3229 1815 orre
3283 1770 3444 1816 tenet.

207 1853 408 1928 tbreus,
444 1867 551 1907 non
591 1853 874 1925 designato
929 1858 1148 1925 propius
1198 1861 1442 1932 martyrii
1474 1862 1612 1917 loco.
1650 1864 1772 1919 Flo-
1808 1827 1848 1879 Β
1878 1858 2002 1915 Haec
2028 1827 2376 1917 Fortunatus:
2410 1859 2503 1928 qui
2540 1857 2726 1925 procul
2759 1857 2921 1910 dubio
2954 1855 3185 1910 credidit
3228 1853 3448 1907 Nadda-

205 1944 479 2000 rentinius
506 1945 561 2001 in
594 1946 882 2003 Annotatis
911 1948 976 2003 ad
1015 1949 1161 2006 hunc
1196 1952 1338 2005 diem
1375 1953 1467 2007 dat
1489 1955 1773 2024 conjectu-

210 2053 327 2090 ram
380 2047 696 2106 sequentem
731 2056 745 2094 :
788 2059 806 2092 ι
838 2038 1095 2098 Tarsiana
1154 2043 1292 2099 urbs
1330 2043 1632 2101 Carmaniae
1680 2062 1773 2102 seu

209 2128 410 2187 Persia:
457 2128 749 2186 Ptolemaeo
799 2141 899 2199 est,
957 2142 1023 2188 et.
1055 2132 1303 2191 Tarsiutn
1347 2137 1649 2192 Carmaniae
1682 2155 1775 2194 seu

211 2222 412 2277 Persim
430 2225 881 2293 promontorium,
903 2226 969 2284 de
991 2242 1098 2296 quo
1129 2229 1392 2283 Arrianus
1423 2230 1479 2284 in
1505 2230 1722 2286 Indicis.
1755 2251 1770 2283 ι

210 2314 309 2366 list
335 2311 615 2366 Carmania
648 2312 854 2368 Persidi
904 2317 1121 2384 proprie
1156 2317 1315 2373 dictae
1350 2322 1685 2375 contermina
1713 2324 1778 2379 ad

208 2402 386 2454 sinum
422 2400 697 2458 Persicum
733 2420 923 2461 versus
966 2407 1195 2485 Indiam,
1241 2400 1465 2481 eratque
1501 2414 1781 2482 provincia

209 2492 423 2561 imperii
459 2492 686 2564 Persici,
713 2497 918 2553 habens
942 2500 1007 2554 ad
1031 2500 1170 2555 latus
1191 2503 1629 2571 septemtrionale
1656 2504 1784 2560 Par—

210 2582 408 2649 thiam,
444 2584 513 2638 ita
568 2595 627 2640 ut
656 2587 814 2642 facile
863 2589 942 2643 sic
980 2590 1236 2660 explicari
1272 2605 1490 2662 possent
1522 2595 1782 2669 Μαξίμο-

207 2675 377 2747 logia,
408 2692 529 2746 qua
563 2689 788 2735 mortem
819 2679 1001 2736 Sancti
1034 2694 1242 2752 ponunt
1269 2684 1578 2741 in‘Perside
1606 2700 1699 2746 aut
1731 2690 1783 2744 in

207 2769 493 2824 montibus
520 2770 869 2837 Parthorum,
920 2790 1151 2842 quorum
1201 2785 1328 2832 tunc
1358 2791 1473 2836 erat
1502 2779 1781 2837 Persicum

210 2857 523 2924 impertttm;
557 2861 746 2916 Posset
769 2863 965 2919 similis
990 2866 1105 2919 ﬁeri
1128 2868 1441 2937 conjectura
1465 2872 1529 2926 de
1555 2870 1782 2926 Tariaua

211 2956 313 3001 aut
339 2945 595 3003 Tarsiana
625 2952 870 3018 civitate,
903 2970 1062 3023 quam
1093 2960 1146 3010 in
1179 2957 1430 3026 Susiana,
1460 2963 1626 3017 altera
1660 2965 1782 3019 Per-

210 3039 312 3093 sici
338 3038 546 3111 imperii
573 3042 869 3112 provincia,
903 3058 1145 3104 recenset
1166 3046 1429 3108 Cellarius
1461 3053 1514 3108 in
1545 3052 1784 3125 Geogra-

1877 1967 1973 2007 ver
1999 1952 2345 2007 esseurbetu
2398 1939 2711 2017 Ethiopian,
2753 1963 2873 2002 cum
2907 1947 3022 1999 loco
3054 1946 3285 2015 primum
3318 1943 3447 1997 alle-

1877 2052 2002 2113 gato
2040 2058 2145 2097 non
2175 2043 2333 2107 alios,
2367 2040 2832 2112 quamAZthiopcs
2885 2038 3169 2093 docentem
3229 2034 3455 2089 inducat

1884 2135 2223 2190 Matth-«eum.

1951 2221 2037 2280 59.
2070 2226 2322 2280 Attamen
2351 2224 2635 2280 contrariae
2684 2221 2958 2293 opinionis
2985 2229 3067 2275 est
3117 2218 3446 2277 Muratorius

1882 2323 1933 2376 in
1961 2323 2037 2374 An
2053 2322 2253 2374 notatis
2282 2321 2346 2374 ad
2377 2319 2434 2374 S.
2469 2318 2750 2373 Paulinum
2784 2314 2892 2371 col.
2958 2314 3084 2377 451,
3125 2314 3213 2367 ubi
3261 2312 3443 2367 dieit.:

1888 2431 1905 2462 ι
1946 2412 2142 2467 Urbem
2174 2410 2549 2465 Naddaverem
2597 2411 2650 2462 in
2684 2407 2899 2462 Parthia
2941 2406 3173 2476 positam
3218 2404 3442 2460 arbitra.-

1886 2520 1993 2567 rcr,
2026 2518 2132 2572 quo
2180 2503 2354 2557 sancti
2392 2496 2628 2555 Mattltaei
2657 2512 2778 2555 ossa
2836 2507 2959 2568 post
2983 2503 3212 2551 mortem
3247 2494 3449 2549 iuerint

1886 2595 2166 2649 translata.
2208 2612 2226 2645 ι
2274 2592 2384 2648 Hoc
2420 2592 2534 2659 ille,
2563 2602 2621 2645 ut
2656 2601 2905 2645 sanctum
2939 2589 3226 2643 Paulinum
3269 2585 3453 2640 conci—

1886 2686 1981 2741 liet
2019 2702 2141 2741 cum
2199 2694 2387 2744 sancto
2422 2684 2689 2741 Venantio
2742 2682 3061 2746 Fortunato,
3116 2678 3347 2734 credens
3399 2676 3452 2729 in

1890 2788 2121 2849 utroque
2153 2794 2318 2849 regno
2351 2776 2670 2848 prtedicasse
2690 2774 3022 2839 Mattheum,
3051 2770 3145 2827 sed
3169 2771 3220 2824 in
3245 2767 3455 2823 {Ethio-

1887 2869 1972 2940 pia
2009 2869 2346 2933 defunctum,
2378 2881 2684 2936 corpusque
2711 2880 2777 2919 ex
2798 2862 3077 2931 Ethiopia
3101 2861 3152 2914 in
3176 2859 3452 2914 Parthiam

1888 2969 1982 3015 aut
2015 2960 2291 3016 Persidem
2330 2976 2357 3015 a
2395 2959 2681 3029 discipulis
2714 2957 3055 3011 translatum.
3094 2954 3291 3009 Verum
3330 2966 3454 3004 cum

1887 3052 2047 3107 venia
2079 3053 2176 3107 viri
2209 3050 2593 3113 eruditissimi,
2651 3065 2680 3105 a
2719 3049 2909 3121 paucis
2964 3046 3123 3102 annis
3188 3043 3454 3104 defuncti.

213 3132 345 3200 pltia
368 3132 589 3204 antiqua
620 3149 721 3206 pag
766 3135 898 3190 488;
919 3136 1105 3193 Neutri
1132 3142 1465 3211 conjectum
1492 3147 1786 3203 obstabunt
1816 3156 1856 3220 ε
1889 3147 2212 3216 coniectura
2247 3147 2338 3199 illa
2381 3144 2514 3199 mihi
2546 3144 2693 3198 omni
2734 3139 3227 3198 verisimilitudiois
3275 3138 3457 3208 specie

215 3223 319 3288 illi,
350 3224 443 3294 qui
478 3226 735 3282 dixerunt
777 3227 1086 3284 Matthaenm
1133 3232 1457 3289 occubuisse
1491 3235 1543 3288 in
1580 3238 1779 3291 monii-

216 3320 323 3371 hus
351 3316 694 3375 Parthorum.
731 3328 789 3374 ut
820 3320 1161 3395 Freculphus
1191 3325 1466 3395 superius,
1505 3338 1559 3383 ct
1591 3328 1784 3386 Petrus

216 3411 290 3464 de
339 3409 618 3466 Natalibus
668 3414 763 3468 lib.
792 3430 910 3480 vnt,
947 3432 1070 3486 cap.
1116 3417 1232 3474 lOO.
1284 3419 1600 3492 Anonymus
1640 3426 1781 3495 apud

216 3500 645 3564 (Ecumenium,
704 3507 794 3572 qui
856 3505 1167 3563 Matthzeum
1224 3510 1414 3564 scribit
1474 3513 1674 3572 ohiisse
1731 3516 1782 3569 in

218 3588 386 3641 Hiera
410 3589 627 3645 civitate
658 3591 914 3654 Parthize,
947 3602 1083 3650 teste
1116 3595 1475 3662 Florentinio,
1504 3618 1622 3674 pag.
1663 3606 1781 3667 l59,

219 3680 304 3736 uti
353 3689 406 3735 et
444 3696 607 3752 supra
666 3683 1005 3757 Hippolytus,
1046 3697 1099 3741 et
1158 3687 1459 3747 Dorotlteus
1510 3694 1782 3767 Ilieropoli

221 3773 477 3840 Parthiae,
511 3782 797 3833 nominant
841 3780 1020 3835 lozttm
1076 3781 1234 3852 plane
1286 3783 1527 3854 ignotum
1568 3790 1620 3841 in
1657 3789 1779 3842 Par-

224 3866 444 3916 thorum
504 3868 749 3935 imperio.
806 3869 917 3925 Nec
950 3888 1275 3943 magnopere
1318 3878 1615 3931 audiendos
1655 3890 1785 3948 puto

222 3954 367 4019 illos,
432 3956 521 4025 qui
574 3956 844 4027 Hierapoli
897 3960 951 4014 in
1013 3962 1163 4033 Syria
1231 3980 1398 4034 prope
1455 3966 1784 4035 Euphratem

221 4045 428 4102 abiisse
477 4049 728 4106 scribunt
761 4050 1092 4118 Matthaamu,
1143 4066 1201 4109 ut
1246 4054 1459 4112 Nicctas
1499 4060 1785 4135 Paphlago,

219 4148 281 4192 et
310 4149 497 4194 auctor
527 4141 808 4214 Meuologii
836 4143 1114 4200 Basiliani.
1146 4148 1357 4203 Etenim
1400 4166 1507 4205 non
1537 4154 1787 4210 videntur

221 4228 513 4296 Eusebius,
565 4233 943 4303 Hieronymus,
991 4223 1427 4306 Chrysostomns,
1474 4239 1787 4298 Theodore-

223 4330 339 4385 tus,
368 4324 567 4394 aliique
608 4322 813 4391 Patres,
864 4328 953 4396 qui
984 4327 1035 4381 in
1065 4328 1216 4401 Syria
1249 4340 1342 4384 aut
1370 4332 1653 4389 Palaestina
1685 4336 1786 4393 llo-

220 4422 475 4480 tuet'uttt,
511 4432 701 4472 omnes
736 4419 1028 4489 ignoraturi
1058 4430 1153 4475 aut
1174 4422 1385 4477 taeituri
1413 4424 1581 4478 fuisse
1607 4427 1784 4481 locum

222 4506 553 4565 mortualem
612 4510 781 4563 sancti
824 4510 1079 4577 Mattltmi,
1136 4515 1180 4567 si
1229 4513 1495 4586 Hierapoli
1538 4518 1589 4571 in
1643 4517 1794 4591 Syria
1831 4513 1873 4567 Ι)

222 4598 479 4658 obiisset.

301 4690 390 4746 58.
453 4694 586 4748 Acta
634 4694 844 4750 edenda
913 4695 1109 4751 habent
1188 4709 1431 4753 sanctum
1485 4701 1793 4760 lllatthzettm

224 4786 495 4856 martyrio
523 4800 845 4842 coronatum
878 4803 1000 4845 esse
1066 4790 1119 4844 itt
1155 4789 1454 4863 Etltiopia,
1494 4793 1550 4848 in
1576 4798 1796 4852 civitate

208 4879 399 4947 regia,
431 4895 551 4948 quae
578 4880 776 4936 ibidem
824 4879 1117 4947 Naldaber,
1150 4885 1282 4937 alias
1335 4885 1617 4941 Naddaber
1657 4889 1793 4943 serio

223 4970 400 5025 bitur.
455 4969 738 5035 Sententia
790 4983 972 5027 autem
1013 4975 1128 5029 iure
1186 4976 1255 5029 de
1308 4977 1691 5046 praedicatione
1745 4991 1798 5035 et

224 5067 415 5115 Inorte
447 5061 623 5115 sancti
659 5061 894 5118 Matthxi
936 5066 990 5120 iu
1034 5066 1308 5138 Ethiopia
1356 5069 1536 5139 plures
1587 5070 1798 5126 videtur

226 5151 438 5208 habere
469 5162 725 5222 patronos
759 5167 814 5209 et
842 5158 1115 5220 meliores,
1158 5176 1322 5228 quant
1362 5163 1463 5215 nlla
1511 5163 1635 5216 alia.
1663 5163 1795 5217 Nam

227 5252 434 5314 preter
471 5244 728 5301 Ruﬁnum
796 5258 854 5302 et
910 5248 1210 5313 Socratem,
1244 5263 1466 5308 sanctus
1498 5255 1799 5312 Eucherius

227 5336 644 5405 Lugdunensis,
679 5341 916 5410 scriptor
949 5341 1128 5396 surculi
1175 5361 1223 5405 ι’.
1258 5344 1310 5397 ίιι
1352 5360 1519 5413 opere
1553 5347 1625 5400 De
1652 5364 1797 5418 quar-

226 5428 487 5483 ιιιοιὶῡιω
510 5432 622 5484 ιιουί
661 5436 977 5489 Τρδιιιηιειιιί
1001 5475 1015 5498 ,
1046 5443 1177 5489 tom.
1225 5437 1284 5491 Vl
1319 5437 1646 5493 Bibliotheca:
1692 5440 1799 5494 Ρα-

228 5531 378 5575 (rum
414 5521 547 5577 edit.
583 5522 825 5594 Lugdun.
864 5540 985 5596 pag.
1014 5529 1141 5594 852,
1178 5530 1247 5583 ita
1288 5531 1568 5599 loquitur:
1605 5552 1622 5584 ι
1672 5533 1796 5586 Bar-

228 5612 575 5671 tholomtens-
597 5615 648 5669 itt
678 5616 860 5682 ludos,
890 5617 1130 5673 Thomas
1183 5623 1412 5689 tetendit
1449 5622 1502 5676 in
1538 5625 1795 5678 Parthos:

228 5701 525 5761 Mattheus
546 5705 852 5776 Etltiopcs,
882 5710 1125 5764 Andreas
1147 5710 1381 5782 Scythas
1414 5715 1800 5782 prtedicatiouc

228 5794 495 5860 mollivit,
533 5816 552 5847 ›
595 5808 697 5856 etc.
735 5797 792 5854 S.
850 5798 1148 5872 Gregorius
1188 5804 1241 5857 in
1304 5805 1503 5859 librum
1565 5806 1797 5876 primum

1890 3239 2150 3292 destituta
2182 3238 2415 3303 videtur,
2457 3237 2717 3306 omnique
2749 3249 2941 3289 carere
2989 3232 3365 3287 fundamento.
3399 3230 3458 3285 Si

1894 3331 2231 3386 Fortunatus
2253 3331 2446 3387 urbem
2504 3328 2790 3385 Naddaver
2844 3328 2899 3381 in
2950 3325 3167 3381 Parthia
3224 3324 3456 3393 positam

1893 3422 2235 3486 credidisset,
2282 3432 2565 3492 postquam
2625 3419 2920 3476 docentem
2967 3415 3257 3488 xEthiopes
3305 3415 3458 3468 exiti-

1894 3516 2087 3570 buerat
2112 3514 2447 3579 ilatthzeum,
2482 3514 2725 3570 translati
2760 3510 3011 3581 corporis
3045 3510 3206 3564 etiam
3273 3508 3462 3562 memi-

1895 3607 2086 3671 nisset,
2120 3621 2187 3659 ne
2218 3605 2450 3660 lectores
2485 3619 2614 3660 suos
2651 3605 2702 3657 in
2732 3616 2977 3657 errorem
3016 3601 3321 3656 induceret.
3360 3598 3459 3652 Fa—

1895 3697 2052 3752 cilius
2084 3699 2268 3767 itaque
2304 3709 2358 3753 et
2415 3697 2766 3752 verisimilius
2813 3697 2916 3751 dici
2955 3706 3155 3765 potest,
3209 3704 3456 3749 sanetum

1896 3793 2181 3848 Paulinum
2214 3802 2307 3846 aut
2348 3792 2521 3846 solum
2559 3790 2700 3859 loqui
2730 3790 2795 3844 de
2826 3787 3205 3858 prtedicatione
3227 3785 3458 3840 Matthaci

1896 3889 2036 3953 apud
2067 3884 2318 3947 Parthos,
2374 3882 2462 3935 ubi
2505 3881 2749 3949 ejusdem
2791 3879 2931 3947 apud
2968 3878 3161 3931 Persas
3200 3878 3459 3943 praedica-

1896 3977 2096 4030 tionem
2129 3971 2466 4029 solummodo
2492 3970 2722 4026 atlirtnat
2741 3978 2962 4023 sanctus
2994 3967 3310 4022 Ambrosius
3333 3976 3459 4030 ;aut

1898 4069 2113 4139 utrique
2162 4069 2340 4121 minus
2396 4074 2701 4135 perspectas
2769 4062 2935 4117 fuisse
2983 4061 3232 4136 regiones
3304 4070 3461 4115 extra

1898 4160 2202 4215 Romanum
2254 4158 2540 4227 imperium
2593 4155 2824 4224 positas,
2866 4153 3101 4222 ideoque
3164 4161 3463 4220 utrumque

1896 4251 2131 4307 credere
2173 4248 2433 4320 potuisse,
2484 4245 2791 4300 hlatthteum
2841 4244 2895 4297 itt
2949 4243 3229 4313 provincia
3285 4242 3463 4311 aliqua

1898 4341 2253 4401 famosissimi
2318 4338 2531 4407 imperii
2605 4336 2806 4392 Persici
2849 4345 2941 4389 aut
2999 4333 3235 4389 Parthici
3298 4347 3463 4387 occu-

1898 4436 2099 4490 buisse.
2133 4433 2244 4488 Hoc
2273 4438 2477 4486 certum
2520 4440 2623 4493 est,
2687 4437 2945 4482 neutrum
2989 4427 3226 4491 edicere,
3269 4425 3321 4478 in
3356 4440 3464 4494 qua

1899 4536 2054 4598 parte
2093 4524 2346 4581 latissimi
2412 4521 2558 4578 illius
2602 4520 2817 4590 imperii
2866 4518 3026 4573 fuerit
3050 4527 3271 4572 sanctus
3333 4517 3466 4579 llat-

1900 4620 2072 4675 thatus
2103 4636 2117 4672 :
2149 4618 2379 4687 ideoque
2413 4615 2624 4669 illorum
2648 4609 3029 4665 auctoritatem
3073 4623 3180 4663 non
3220 4623 3342 4663 esse
3376 4607 3463 4663 hic

1900 4711 2031 4765 tanti
2060 4708 2391 4773 faciendam,
2413 4705 2604 4777 quanti
2631 4705 2792 4769 foret,
2824 4704 2866 4757 si
2904 4704 3086 4757 minus
3110 4717 3243 4774 vage
3271 4702 3461 4772 loque-

1900 4808 2111 4851 I'Cllllll‘.

1964 4893 2041 4947 .60
2083 4890 2198 4944 Ado
2234 4890 2287 4944 in
2330 4888 2515 4943 libello
2550 4887 2621 4940 De
2669 4888 3051 4959 festivitatibus.
3084 4885 3463 4955 apostolorum.

1902 4996 2021 5051 pag.
2052 4978 2121 5033 δι
2149 4976 2465 5047 martyrium
2494 4978 2666 5032 sancti
2691 4976 2923 5031 Matth-ari
2962 4976 3213 5031 similiter
3238 4974 3465 5029 collocat

1900 5071 1955 5124 in
1985 5068 2287 5139 Ethiopia,
2318 5069 2506 5125 dicens
2538 5088 2551 5123 :
2588 5087 2606 5120 ι
2638 5067 2739 5133 Qui
2776 5068 2982 5137 primus
3010 5068 3063 5120 iu
3088 5066 3267 5120 Iudaea
3288 5065 3466 5119 Evan-

1900 5158 2102 5234 gelium
2138 5162 2340 5232 Christi
2370 5162 2599 5217 Hebrteo
2627 5174 2881 5215 sermone
2946 5157 3295 5228 conscripsit.
3339 5156 3467 5211 Ρυει

1901 5270 2028 5309 vero
2062 5254 2202 5325 apud
2228 5254 2561 5325 [Ethiopiam
2588 5253 2907 5324 prtedicans.
2935 5246 3251 5321 martyrium
3274 5253 3465 5318 passus

1902 5357 2001 5402 est.
2034 5366 2051 5399 ι
2095 5346 2461 5403 Consentiunt
2488 5348 2745 5402 llabanus
2773 5356 2827 5401 et
2858 5343 3139 5399 Usuardus
3165 5342 3231 5396 de
3264 5340 3464 5410 pradi-

1903 5440 2119 5494 catione
2147 5500 2151 5504 ,
2182 5450 2235 5494 et
2276 5440 2533 5510 martyrio
2576 5440 2628 5492 itt
2677 5437 2978 5506 EthiOpia,
3025 5437 3479 5501 recentioresquo.

1904 5531 2142 5601 plurimi.
2173 5531 2436 5587 Omnibus
2463 5541 2642 5586 autern
2671 5529 3031 5585 consideratis
3088 5535 3143 5583 et
3185 5524 3458 5594 expensis.

1904 5622 2015 5677 haec
2040 5624 2171 5677 mihi
2197 5611 2464 5678 sententia
2512 5618 2841 5693 probabilior
2868 5621 3097 5681 videtur.
3134 5622 3293 5686 quam
3330 5630 3470 5684 qua-

1906 5716 1958 5768 in
2011 5716 2231 5771 Perside
2276 5726 2367 5771 aut
2419 5716 2634 5776 Parthia
2691 5715 3003 5772 defunctum
3078 5708 3257 5763 tradit.
3306 5706 3463 5763 [latio

1905 5810 2075 5882 prima
2130 5818 2231 5870 est.
2280 5808 2736 5880 qttod.i£thiopia
2778 5818 2913 5863 esset
2967 5799 3197 5875 ZEgyp'tu
3254 5808 3473 5856 conter-
