4156 6314
768 378 867 440 78Ἱ

1995 364 2276 428 MENSIS
2313 359 2605 419 SEPTEM
2617 360 2784 420 BER.

3922 356 4018 421 788

765 490 931 552 mina,
969 485 1200 554 ideoque
1231 500 1340 539 non
1375 483 1625 539 videatur
1665 478 2128 553 praetermittenda
2165 475 2335 529 fuisse
2367 473 2412 526 Α
2448 487 2466 521 ι
2499 472 2668 535 Quem
2693 468 3016 540 (Christum)
3042 469 3314 523 imitantes
3347 466 3598 537 apostoli,
3637 464 3815 534 utqui
3837 479 4017 518 revera

766 581 832 633 ab
854 579 1135 648 apostolis,
1164 577 1463 646 praesertim
1499 591 1624 630 cum
1661 573 1895 628 eunuchi
1939 573 2136 642 regina:
2189 569 2332 625 Can-

766 675 931 728 daces
987 671 1277 727 conversio
1327 685 1477 740 spem
1543 683 1791 739 magnam
1843 664 2085 736 praebere
2148 672 2333 733 posset

769 766 1066 836 r‘EthiOpiae
1098 763 1502 819 convertendae.
1534 761 1744 832 Itaque.
1795 775 1917 815 cum
1960 773 2072 813 non
2121 768 2336 812 constet

767 861 836 915 de
865 860 1254 929 prtedicatione
1287 858 1451 911 ullius
1477 855 1702 910 alterius
1737 870 1798 908 ex
1828 851 2111 922 discipulis
2129 849 2330 906 Christi

765 955 821 1008 in
845 953 1147 1024 Ethiopia,
1165 953 1352 1008 Patres
1373 967 1498 1006 vero
1516 952 1696 1021 plures
1732 951 2043 1004 eunuchum
2066 948 2243 1016 ipsum
2263 945 2334 998 ibi

767 1047 887 1100 ﬁdei
931 1061 1238 1116 praeconem
1305 1044 1525 1108 faciant,
1579 1042 1798 1096 videtur
1853 1041 2081 1095 omnino
2144 1053 2335 1092 assen-

768 1140 1012 1193 tiendum
1049 1139 1174 1203 illis,
1219 1138 1311 1208 qui
1344 1139 1659 1192 Matthaaum
1684 1152 1751 1191 eo
1787 1134 2012 1189 missum
2044 1140 2332 1187 asserunt:

769 1229 940 1284 solius
963 1229 1110 1283 enim
1142 1229 1404 1294 eunuchi,
1462 1236 1654 1300 utpote
1693 1226 1841 1290 laici,
1872 1225 2000 1280 dum
2035 1240 2100 1280 eo
2151 1239 2336 1279 rever—

771 1335 866 1373 sus
905 1328 1256 1383 est,conatus
1285 1337 1391 1376 neu
1424 1329 1636 1389 poterat
1668 1318 1917 1373 sullicere
1959 1315 2024 1370 ad
2077 1316 2338 1372 ecclesias

766 1412 1073 1482 erigendas,
1135 1413 1240 1469 nisi
1292 1415 1580 1469 accederet
1631 1415 1946 1484 apostolus,
1999 1420 2095 1466 aut
2148 1411 2335 1466 saltem

767 1505 1024 1559 sacerdos
1054 1505 1271 1575 aliquis.
1322 1505 1478 1561 Hune
1511 1521 1637 1561 vero
1667 1506 1836 1561 fuisse
1881 1505 2196 1560 Matthaeum
2230 1511 2338 1554 tra-

767 1593 907 1648 dunt
956 1595 1254 1664 scriptores
1292 1597 1424 1653 satis
1476 1597 1682 1668 antiqui
1726 1608 1779 1652 et
1816 1611 2010 1668 graves
2063 1596 2127 1649 ad
2180 1593 2336 1647 [idem

770 1684 870 1736 hac
900 1683 956 1736 in
980 1699 1037 1738 re
1059 1685 1436 1740 obtinendam.
1453 1687 1632 1741 Altera
1659 1690 1798 1741 ratio
1821 1697 1924 1749 est,
1947 1686 2088 1755 quod
2125 1685 2337 1740 Persica

2436 566 2620 612 essent
2643 558 2952 628 cognitione
2980 556 3190 627 praediti
3220 566 3274 611 et
3309 557 3560 624 perfecti,
3595 572 3704 625 pro
3742 555 4018 616 ecclesiis,

2437 635 2572 721 quas
2615 653 2936 716 fundarunt,
2999 651 3141 721 passi
3192 660 3338 705 sunt.
3395 669 3413 703 ›
3482 650 3849 719 Quapropter
3897 649 4019 700 mihi

2438 748 2592 818 longe
2625 746 2959 815 probabilior
2988 753 3212 813 apparet
3245 748 3517 798 sententia
3549 742 4016 808 cmumunis.qua

2440 847 2639 908 martyr
2689 836 2930 891 creditur
2980 836 3307 890 Mattheus:
3356 850 3478 887 nam
3513 850 3614 888 nec
3651 832 4021 900 Meuologium

2437 930 2768 984 Basilianum
2806 928 2950 982 clare
2984 929 3320 982 contrarium
3374 926 3559 989 habet,
3588 940 3692 978 nec
3717 923 4022 977 Heracleou

2438 1023 2577 1092 apud
2609 1020 2951 1078 Clementem
2987 1037 2999 1073 :
3046 1033 3148 1072 nec
3179 1019 3373 1072 horum
3411 1015 3717 1070 auctoritas
3749 1029 3855 1082 par
3883 1024 4025 1066 esset

2441 1115 2664 1183 reliquis
2690 1113 2969 1176 omnibus,
2999 1112 3042 1165 si
3076 1110 3305 1165 omnino
3333 1110 3674 1164 contrarium
3724 1107 4021 1160 haberent.

2440 1211 2514 1264 De
2547 1220 2792 1279 tempore
2842 1206 3086 1277 martyrii
3127 1221 3237 1259 non
3296 1212 3530 1258 constat.
3590 1202 4025 1270 Chrysostomus

2441 1314 2621 1358 tamen
2701 1303 2847 1357 hom.
2926 1298 2992 1353 76
3057 1297 3148 1368 (al.
3233 1296 3325 1366 77)
3392 1297 3449 1348 in
3511 1295 3836 1348 Martiarum
3894 1290 4022 1344 insi-

2442 1407 2598 1459 nuat,
2651 1395 2929 1449 Sanetum-
2968 1392 3142 1446 fuisse
3192 1389 3509 1443 defunctum
3568 1395 3699 1441 ante
3747 1385 4023 1439 excidium

2441 1491 3017 1566 Hierosolymitanum,
3051 1484 3195 1556 quod
3221 1484 3401 1555 [igitur
3427 1497 3570 1538 anno
3595 1479 3668 1534 70
3697 1494 3832 1534 atra
3865 1475 4022 1531 Chri-

2441 1585 2653 1640 stianre.

2513 1680 2600 1734 62.
2645 1677 2912 1732 Caeterum
2980 1675 3046 1729 de
3118 1672 3283 1728 modo
3337 1668 3555 1726 vivendi
3614 1675 3675 1721 et
3720 1664 4027 1718 virtutibus

769 1788 864 1831 aut
899 1775 1155 1831 Parthica
1186 1779 1362 1834 sancti
1411 1780 1723 1849 praedicatio
1780 1779 1954 1834 solum
2001 1778 2240 1834 breviter
2287 1788 2339 1831 et
2370 1812 2414 1870 Β
2445 1773 2502 1827 S.
2533 1769 2771 1826 Millllliﬁi
2821 1783 2990 1839 pauca
3035 1765 3388 1836 reperiuntur
3437 1762 3578 1834 apud
3618 1770 3868 1814 veteres.
3906 1756 4028 1808 Cle-

769 1885 903 1939 vage
940 1869 1012 1923 sit
1037 1883 1246 1926 asserta
1273 1874 1340 1928 ab
1359 1873 1650 1928 Ambrosio
1685 1884 1738 1928 et
1762 1873 2007 1940 Paulino,
2043 1890 2106 1928 ex
2139 1874 2338 1943 quibus

772 1962 826 2015 in
869 1959 1061 2018 Fastos
1121 1965 1575 2036 llieronymianos
1627 1966 1860 2022 transire
1923 1968 2121 2036 putuit.
2158 1966 2340 2019 Potuit

774 2065 955 2110 tamen
996 2057 1063 2112 ibi
1097 2075 1314 2128 quoque
1338 2061 1654 2127 praedicare,
1694 2071 1748 2113 et
1787 2070 1975 2130 postea
2011 2060 2062 2112 in
2122 2058 2340 2112 Althio-

713 2203 715 2205 ,
772 2147 916 2215 piam
946 2149 1223 2217 proficisci
1258 2168 1269 2203 :
1305 2167 1431 2204 nam
1470 2152 1537 2206 de
1570 2160 1746 2206 morte
1795 2162 1888 2206 aut
1919 2153 2174 2222 martyrio
2221 2155 2338 2206 lau-

772 2239 883 2293 dati
916 2239 1102 2297 Patres
1132 2243 1267 2298 nihil
1320 2245 1610 2299 allirmant.
1645 2244 1799 2310 Quod
1837 2262 1964 2299 vero
2015 2255 2226 2316 Spectat
2275 2246 2339 2299 ad

771 2333 1075 2402 civitatem,
1109 2352 1229 2406 qua:
1258 2336 1543 2392 Naddavcr
1573 2338 1628 2390 in
1684 2339 1831 2391 Actis
1875 2347 1927 2390 et
1976 2338 2117 2406 apud
2152 2337 2344 2392 Fortu-

773 2436 963 2481 natum
990 2439 1237 2493 vocatur,
1277 2430 1423 2483 nulla
1460 2431 1606 2484 illius
1645 2431 2075 2501 plane-nominis
2103 2441 2228 2488 nota
2262 2441 2344 2487 est

771 2513 829 2568 in
860 2515 1160 2586 Ethiopia.
1219 2519 1350 2573 Erat
1396 2529 1575 2574 tamen
1645 2521 1871 2592 Augusti
1920 2531 2159 2592 tempore
2215 2523 2342 2576 urbs

769 2606 976 2676 Napata
1045 2609 1186 2675 apud
1247 2608 1569 2665 Strabonem
1637 2630 1758 2684 pag.
1812 2613 1914 2666 8‘20
1960 2615 2122 2676 dicta,
2182 2631 2339 2683 quam

772 2699 1061 2755 Petronius
1122 2701 1368 2758 Romano
1420 2703 1685 2759 exercitui
1742 2707 2030 2774 praefectus
2079 2708 2227 2775 cepit
2281 2723 2344 2760 ac

771 2792 939 2847 diruit
969 2795 1023 2847 in
1061 2795 1201 2849 bello
1230 2806 1419 2850 contra
1470 2800 1709 2868 reginam
1745 2801 2060 2854 Candacen.
2097 2799 2342 2870 Napatis,

773 2894 914 2940 teste
956 2886 1246 2952 Strabone,
1277 2887 1560 2944 Candaees
1592 2891 1737 2961 regia
1769 2901 1908 2947 erat.
1932 2892 2050 2947 Jam
2083 2909 2213 2948 vero
2254 2895 2341 2948 alii

774 2978 1149 3044 considerent,
1183 2995 1248 3032 an
1278 2981 1408 3035 urbs
1435 2981 1774 3052 Ethiopica,
1808 3000 1966 3053 quam
2015 2983 2217 3054 Napata
2246 3001 2344 3039 vo-

774 3078 972 3123 carunt
1007 3070 1203 3137 Graeci,
1254 3086 1365 3124 non
1401 3076 1641 3141 potuerit
1689 3075 1791 3127 alia
1824 3076 2166 3143 expositione
2198 3077 2343 3130 vocis

2446 1881 2598 1919 mens
2631 1862 3054 1926 Alexandrinus,
3085 1861 3181 1915 lib.
3211 1875 3246 1913 tt
3275 1856 3579 1926 Pwdagogi,
3605 1870 3731 1923 cap.
3765 1855 3818 1913 1,
3853 1851 4026 1902 victus

2441 1959 2790 2013 sobrietatem
2818 1955 3021 2017 laudat,
3064 1952 3134 2006 ita
3187 1950 3435 2005 scribens
3474 1963 3491 2004 :
3531 1966 3549 1999 ι
3591 1946 3893 1999 Matth-acus
3926 1944 4026 1995 ita-

2441 2068 2545 2122 que
2576 2048 2852 2120 apostolus
2887 2046 3209 2104 seminibus.
3241 2043 3426 2097 baccis
3449 2052 3504 2096 et
3533 2040 3784 2096 oleribus
3820 2039 4027 2104 absque

2443 2145 2714 2200 carnibus.
2745 2142 3018 2195 utebatur.
3060 2159 3078 2190 ι
3137 2137 3581 2206 Chrysostomus,
3639 2135 3795 2185 hom.
3831 2131 3902 2182 Π
3935 2131 4025 2196 (al.

2443 2238 2530 2307 48)
2567 2241 2616 2288 in
2659 2234 2851 2287 Matth.
2887 2248 2950 2285 ex
2995 2231 3163 2285 sacris
3194 2229 3413 2282 Litteris
3443 2226 3680 2295 elogium
3730 2223 4030 2278 collectum

2446 2333 2517 2385 ita
2564 2328 2879 2384 contexuit:
2921 2347 2938 2378 ς
2971 2325 3156 2396 Cogita
3193 2322 3326 2377 mihi
3379 2320 3598 2392 (inquit)
3641 2319 3796 2372 hunc
3853 2319 4030 2386 ipsum

2445 2422 2857 2491 evangelistam,
2913 2417 3122 2472 etiamsi
3173 2430 3282 2468 non
3339 2423 3502 2467 totum
3553 2413 3671 2481 ejus
3722 2411 3897 2464 vitam
3936 2411 4029 2461 de-

2445 2516 2701 2584 scriptam
2740 2511 3082 2565 habeamus:
3119 2516 3358 2560 attamen
3402 2518 3465 2558 ex
3505 2502 3720 2572 paucis.
3772 2516 3901 2568 qua:
3949 2515 4030 2551 re-

2444 2617 2610 2669 stant,
2637 2607 2762 2660 licet
2783 2605 3071 2672 imaginem
3092 2603 3209 2670 ejus
3230 2599 3606 2667 splendentem
3633 2597 3845 2648 videre.
3877 2593 4027 2658 Quod

2449 2699 2667 2752 humilis
2716 2706 2772 2749 et
2802 2695 3069 2749 contritus
3119 2700 3286 2755 esset,
3319 2689 3442 2743 audi
3477 2687 3653 2756 ipsum
3687 2686 3744 2738 in
3779 2685 4030 2747 Evange-

2448 2793 2518 2845 lio
2547 2807 2664 2845 sese
2689 2788 3036 2860 publicanum
3063 2795 3385 2848 vocantem;
3423 2780 3568 2852 quod
3593 2792 3784 2833 autem
3821 2778 4030 2831 miseri-

2445 2901 2568 2940 cors
2609 2892 2775 2946 esset,
2811 2882 2931 2935 vide
2971 2879 3121 2934 illum
3152 2877 3408 2932 omnibus
3434 2884 3663 2929 exutum
3695 2858 3894 2925 .lesum
3949 2886 4031 2923 se-

2447 2987 2727 3049 quentem.
2779 2973 2932 3039 Quod
2969 2973 3090 3042 pius
3121 2979 3287 3034 esset,
3326 2970 3501 3037 palam
3527 2974 3614 3019 est
3640 2980 3710 3018 ex
3753 2963 4028 3034 dogmati—

2450 3071 2569 3123 bus.
2606 3065 3019 3138 lntelligentiam
3055 3075 3108 3116 et
3141 3059 3464 3117 charitatem
3511 3057 3632 3126 ejus
3657 3071 3730 3109 ex
3763 3070 3859 3117 eo,
3893 3055 4029 3125 quod

775 3159 1126 3232 Ethiopian,
1161 3172 1251 3217 aut
1300 3163 1490 3218 saltem
1521 3166 1875 3236 corruptione
1927 3166 2210 3222 Naddaver
2254 3185 2344 3222 ex-
2375 3170 2414 3226 Β
2449 3161 2797 3232 conscripsit,
2851 3158 3144 3228 Evangelio
3198 3155 3381 3209 videre
3411 3155 3538 3206 est:
3591 3150 3848 3204 universi
3888 3150 4028 3202 enim

774 3253 962 3323 primi.
996 3253 1254 3308 Eamdem
1291 3254 1482 3308 urbem
1512 3255 1645 3309 alibi
1685 3255 1918 3328 Naggata
1963 3259 2125 3313 scribi
2159 3259 2346 3314 obser-

773 3354 868 3403 vat
898 3345 1186 3412 Cellarius,
1222 3346 1273 3400 in
1306 3346 1901 3421 Geograpliiaantiqua,
1938 3350 2031 3404 lib.
2054 3366 2126 3416 tv,
2147 3367 2266 3422 cap.
2291 3353 2344 3417 8,

776 3452 901 3510 pag.
938 3439 1038 3491 156

850 3531 940 3588 6|.
975 3530 1130 3598 Quod
1169 3543 1379 3604 spectat
1413 3534 1479 3589 ad
1513 3537 1830 3608 martyrium
1873 3538 2045 3592 sancti
2083 3539 2346 3607 Mattha-i,

776 3627 884 3681 hoc
914 3627 1092 3696 ipsum
1126 3627 1340 3682 videtur
1377 3629 1623 3683 dubium.
1657 3630 2031 3702 Martyrologia
2081 3632 2346 3703 Hierony-

780 3718 962 3772 miana
993 3729 1047 3773 et
1115 3723 1246 3772 Acta
1277 3719 1469 3773 Latina
1521 3734 1642 3772 cum
1694 3723 2068 3791 martyrologis
2095 3724 2349 3779 omnibus

779 3809 942 3863 medii
980 3809 1082 3863 :evi
1119 3809 1416 3876 insinuant,
1452 3810 1760 3868 Matthzeum
1781 3815 1985 3870 ohiisse
2024 3829 2346 3889 martyrem.

778 3902 849 3956 At
890 3902 1250 3974 menologium
1271 3903 1602 3959 Basilianum
1621 3907 1686 3960 ad
1708 3907 1772 3961 16
1795 3905 2113 3964 Novembris
2128 3911 2193 3966 de
2210 3927 2350 3966 mar-

781 3996 920 4066 tyrio
941 3997 1090 4051 elare
1121 3999 1310 4052 saltem
1347 4015 1454 4054 non
1485 4001 1748 4069 loquitur,
1781 4003 1874 4056 sed
1912 4007 2081 4058 utitur
2102 4022 2234 4060 voce
2252 4025 2345 4059 τε-

775 4087 1042 4155 λειοῦται,
1064 4101 1610 4164 consummatur,quo
1630 4103 1809 4149 tamen
1839 4097 2006 4151 verbo
2031 4100 2347 4171 martyrium

780 4185 933 4235 ἰηιιυί
997 4192 1200 4251 potest.
1254 4185 1490 4238 maxime
1544 4201 1667 4240 cum
1735 4190 1897 4257 paulo
1963 4200 2088 4245 ante
2136 4193 2351 4248 dicatur

782 4274 948 4328 multa
995 4284 1262 4330 tormenta
1322 4290 1611 4345 perpessus
1673 4277 1817 4346 apud
1874 4281 2346 4352 Antropophagos.

775 4366 839 4420 1n
873 4364 1064 4420 eodem
1088 4365 1391 4437 Menologio
1421 4369 1490 4422 ad
1516 4369 1584 4423 '50
1630 4367 1781 4424 Junii
1840 4371 2040 4427 dicitur
2080 4371 2350 4442 lapidibus

781 4459 1034 4516 obrutus.
1065 4460 1470 4533 Metaphrastcs
1528 4472 1583 4515 et
1631 4463 1846 4518 Nieetas
1895 4466 2167 4536 Paphlago
2207 4484 2350 4520 mar-

783 4554 976 4624 tyrium
1014 4557 1311 4624 generatim
1362 4565 1633 4610 asserunt.
1684 4555 1737 4608 In
1772 4559 1994 4612 Menaeis
2045 4563 2110 4614 ad
2149 4561 2210 4614 16
2240 4563 2351 4615 Νο-

782 4647 1017 4702 vembris
1035 4650 1268 4716 primum
1302 4649 1565 4702 asseritur
1588 4666 1681 4719 per
1711 4653 1886 4721 ignem
1921 4664 2350 4719 consummatus,

783 4740 979 4793 deinde
1011 4740 1171 4794 datur
1197 4741 1431 4811 elogium
1496 4741 1830 4805 fabulosum,
1891 4744 1943 4796 in
1984 4761 2091 4813 quo
2155 4745 2355 4799 illaesus

785 4834 851 4886 ab
883 4832 1006 4902 igne
1039 4849 1159 4887 mox
1204 4833 1258 4887 in
1315 4836 1560 4890 oratione
1589 4835 1792 4891 obiisse
1843 4838 2062 4904 dicitur,
2102 4847 2159 4892 ut
2192 4839 2353 4892 etiam

785 4927 948 4982 habet
979 4925 1348 4998 Nicephorus.
1406 4928 1728 4995 Heracleon,
1774 4933 2064 4987 haereticus
2116 4932 2356 4987 Valenti-

783 5021 1016 5085 nianus,
1067 5022 1207 5093 apud
1243 5021 1582 5078 Clementem
1627 5025 2096 5091 Alexandrinum,
2160 5026 2251 5080 lib.
2305 5040 2355 5078 tv

784 5113 1139 5176 Stromatum,
1166 5115 1379 5169 videtur
1408 5131 1603 5186 negare
1647 5117 1963 5185 martyrium
2014 5133 2121 5172 non
2178 5119 2351 5173 solum

784 5205 1045 5271 Matthati,
1070 5205 1164 5260 sed
1199 5207 1361 5258 etiam
1399 5207 1901 5278 Philippi,Thom:e
1918 5219 1972 5264 et
2001 5209 2352 5279 Levis,quem

788 5313 1072 5368 perperam
1104 5313 1129 5351 a
1153 5298 1407 5351 Matthzeo
1428 5299 1729 5370 distinguit,
1756 5302 1860 5356 nisi
1892 5302 2030 5356 forte
2065 5303 2350 5360 Lebbaeom

786 5391 903 5443 sive
921 5386 1254 5443 Thaddmum
1284 5405 1352 5445 eo
1391 5389 1610 5445 nomine
1637 5391 1922 5463 designare
1965 5394 2150 5448 voluit.
2201 5394 2348 5448 Atta.

789 5494 910 5534 men
943 5478 1154 5550 phrasis
1180 5489 1263 5533 est
1285 5481 1585 5545 obscurior,
1628 5480 1873 5551 mihique
1924 5483 2238 5554 ambiguum
2274 5492 2356 5538 est

789 5587 858 5626 an
913 5588 1101 5627 revera
1168 5573 1459 5628 Ileracleon
1527 5589 1726 5644 negare
1790 5573 2039 5634 voluerit,
2093 5586 2354 5647 martyres

789 5665 961 5720 fuisse
994 5665 1238 5719 laudatos
1277 5667 1573 5736 apostolos.
1609 5667 1761 5732 Quod
1798 5666 1840 5719 si
1872 5681 2056 5719 revera
2087 5668 2137 5720 id
2168 5671 2353 5724 volue-

790 5756 883 5817 rit,
940 5757 1144 5820 exiguae
1196 5757 1336 5825 apud
1383 5770 1575 5810 omnes
1627 5759 1785 5811 debet
1832 5771 1951 5811 esse
2011 5760 2349 5815 auctoritatis

790 5847 991 5902 dietqu
1030 5846 1322 5914 illud,cum
1361 5847 1612 5904 Clemens
1645 5849 1756 5919 ipse
1799 5851 1956 5920 paulo
1989 5862 2107 5920 post
2135 5851 2271 5908 dicat
2320 5872 2331 5908 :

2449 3261 2595 3316 orbis
2627 3272 2809 3314 curam
2847 3254 3029 3326 gessit.
3067 3251 3339 3305 Bonorum
3368 3261 3598 3317 operum
3633 3254 4030 3314 argumentum

2451 3353 2616 3407 habes
2651 3365 2716 3403 ex
2750 3348 2968 3408 throno,
3007 3345 3060 3397 in
3107 3357 3214 3411 quo
3259 3354 3514 3394 sessurus
3567 3346 3652 3389 est
3685 3352 3699 3387 :
3755 3334 4032 3389 fortitudi-

2451 3459 2596 3506 nem,
2629 3440 2770 3513 quod
2800 3437 3043 3511 gaudens
3085 3449 3336 3489 reversus
3366 3432 3434 3485 sit
3466 3446 3495 3484 a
3538 3429 3678 3483 facie
3727 3429 3974 3481 concilii.
4009 3448 4025 3476 ι

2450 3537 2719 3590 Hactenus
2745 3533 3183 3602 Chrysostomus.
3211 3523 3690 3582 Eminentissimus
3720 3521 3875 3575 Bona
3900 3520 3987 3574 lib.
4015 3536 4026 3571 ι

2450 3631 2649 3684 Rerum
2678 3626 3069 3696 liturgicarum,
3097 3637 3216 3690 cap.
3252 3621 3303 3682 8,
3344 3634 3494 3671 ntnu.
3526 3616 3580 3680 ἓ,
3617 3615 3790 3668 refert
3816 3626 4027 3668 exstare

2451 3724 2612 3778 etiam
2655 3720 2876 3773 nomine
2927 3715 3102 3768 sancti
3143 3710 3380 3765 Matthzei
3416 3708 3719 3774 Liturgiam
3770 3708 4030 3773 aliquam,

2449 3832 2568 3885 qua:
2593 3813 2910 3881 .{ltliiopum
2936 3822 3057 3862 esse
3091 3805 3307 3861 dicitur.
3335 3800 3632 3874 Liturgiam
3651 3798 3983 3868 Aithiopuui
4006 3818 4029 3847 a

2451 3911 2614 3965 variis
2659 3907 2856 3961 editam
2910 3902 3166 3962 invenio;
3204 3899 3298 3953 sed
3341 3911 3450 3950 non
3497 3895 3654 3950 video
3709 3895 4030 3947 attributam

2452 4011 2639 4057 sancto
2664 4000 2936 4053 hlatthteo.
2967 3995 3125 4050 Certe
3152 3990 3518 4063 Raynodotius
3549 3989 3602 4042 in
3626 3986 3816 4056 Opere
3852 3987 3923 4042 de
3955 3985 4031 4038 Li-

2453 4094 2642 4164 tttrgiis
2685 4090 3054 4147 Orientalibus
3107 4087 3269 4139 etiam
3315 4079 3659 4148 Ethiopicas
3714 4079 3940 4134 edidit:
3987 4088 4031 4130 at

2452 4186 2655 4241 nullam
2688 4184 2757 4238 ibi
2794 4181 3014 4234 nomine
3050 4175 3286 4233 Matthzi
3319 4173 3633 4244 insignitam
3672 4172 3813 4223 vidi.
3857 4169 4029 4236 Quare

2451 4280 2703 4338 existimo
2759 4277 2902 4331 illam
2961 4289 3065 4329 non
3118 4271 3208 4326 diu
3281 4267 3338 4324 S.
3390 4265 3648 4320 Matthch
3708 4265 4028 4319 attributam

2452 4377 2638 4431 fuisse.

2455 4491 2481 4562 ᾗ
2522 4491 2584 4544 V.
2637 4484 3164 4562 Detranslationibtis
3200 4477 3431 4562 caluaria
3463 4473 3625 4543 quod,
3662 4473 3946 4562 intentum
3982 4474 4030 4520 ia

2530 4561 2786 4614 Lucania.
2859 4556 3175 4622 transfertur
3244 4544 3542 4605 sulernum,
3616 4559 3679 4595 ac
3761 4544 4031 4596 brachium

2525 4630 2709 4684 deinde
2743 4629 3110 4682 Beneventum.

2527 4746 2620 4801 65.
2639 4739 3085 4810 Quandoquidem
3103 4752 3208 4791 non
3222 4735 3486 4790 habemus
3499 4734 3630 4785 Acta
3650 4729 4030 4784 translationis

2457 4838 2629 4896 sancti
2664 4833 2926 4900 Matthaei,
2968 4845 3087 4901 quae
3123 4829 3279 4884 Iidem
3327 4835 3606 4881 merentur
3642 4824 3750 4877 viri
3796 4824 4022 4878 eruditi.

2456 4941 2549 4986 aut
2579 4946 2699 4985 eam
2741 4929 2986 4982 obtinere
3021 4921 3374 4994 possunthoc
3403 4930 3670 4988 tempore,
3705 4926 3766 4972 et
3795 4921 4030 4984 scripto~

2457 5039 2542 5078 res
2575 5019 2908 5089 antiquiores
2938 5031 3045 5069 non
3077 5013 3181 5067 nisi
3205 5026 3392 5082 vagam
3424 5007 3660 5079 aliquam
3686 5017 3746 5061 et
3767 5009 4030 5061 incertam

2457 5118 2723 5172 dederunt
2771 5109 3016 5165 notitiam
3068 5107 3135 5162 de
3173 5106 3314 5170 loco,
3368 5104 3420 5157 in
3463 5118 3571 5172 quo
3599 5115 3810 5168 corpus
3851 5115 4027 5153 sueru-

2458 5210 2615 5264 batur
2660 5215 2785 5259 ante
2830 5203 3232 5258 translationem
3280 5199 3332 5250 in
3387 5194 3692 5262 Europam,
3742 5189 4028 5246 dimeulter

2458 5301 2658 5369 aliquid
2705 5295 2840 5352 certi
2884 5294 3185 5362 reperietur
3226 5289 3295 5343 de
3336 5284 3626 5340 occasione
3665 5291 3723 5335 et
3759 5294 4027 5351 tempore.

2459 5408 2566 5461 quo
2601 5390 2834 5461 primum
2889 5386 2940 5439 in
2986 5384 3194 5439 Italiam
3233 5380 3334 5433 fuit
3364 5378 3733 5448 deportatum.
3772 5375 4026 5429 Illustris-

2459 5486 2630 5539 simus
2669 5482 2932 5538 Columna
2966 5479 3076 5548 jam
3108 5473 3378 5535 laudatus,
3420 5473 3512 5541 qui
3561 5470 3832 5536 majorem
3871 5468 4023 5523 ﬁdem

2459 5593 2618 5649 quam
2647 5576 2827 5630 crisim
2858 5569 3103 5626 adhibuit
3137 5567 3190 5620 in
3231 5565 3507 5636 sequendo
3533 5560 3855 5616 Retationes
3881 5561 4022 5621 Mss,

2461 5664 2998 5740 quasimprobabilcs
3019 5675 3136 5715 esse
3153 5656 3408 5727 ostendi§
3443 5658 3489 5720 Ι,
3523 5654 3821 5708 Historiam
3853 5665 4023 5707 trans-

2466 5761 2685 5818 lationis
2720 5759 2867 5815 dedit
2907 5754 3129 5810 minime
3176 5750 3544 5808 verisimilem.
3583 5747 3804 5803 Etenim
3848 5764 3968 5813 cap.
3999 5748 4026 5798 5

2456 5863 2639 5912 narrat
2675 5851 2844 5907 sancti
2888 5865 3086 5919 corpus
3140 5860 3202 5901 es
3252 5843 3525 5913 Ethiopia
3569 5843 3818 5897 delatum
3851 5839 3907 5895 in
3938 5839 4027 5894 Bri-
