4156 6314
185 379 294 443 789

1469 385 1643 445 νιΤΑ
1687 385 1749 443 S.
1793 383 2176 452 MATTH£L

3319 388 3425 450 790

189 497 437 548 tanniam
475 498 808 549 Armoricam
839 512 930 565 per
963 506 1289 552 mercatores
1315 495 1603 548 Britannos
1632 504 1756 546 tem-
1787 495 1833 551 Α
1864 495 2079 563 bentur,
2123 502 2252 553 tom.
2299 503 2335 555 V
2365 503 2687 573 Scriptorum
2727 504 2924 568 Italire,
2957 519 3075 573 pag.
3111 502 3200 562 δᾶ.
3235 502 3423 555 eadem

189 601 319 654 pore
371 585 510 654 regis
558 584 883 650 Salomonis,
933 589 1022 655 qui
1073 589 1319 657 regnavit
1360 596 1482 652 post
1513 586 1751 638 medium

189 675 373 728 saaculi
404 691 484 741 ix;
518 675 661 744 (nam
697 693 791 745 pro
823 677 1008 731 lictitio
1044 693 1189 730 ntnic
1223 678 1455 731 habetur
1482 677 1621 730 alius
1655 675 1754 728 Sa-

191 766 397 828 lomon,
436 785 594 837 quem
650 769 854 839 aliquot
901 770 1112 823 saeculis
1164 771 1327 824 citius
1381 772 1436 824 in
1477 770 1755 822 Armorica

191 872 447 927 regnasse
486 860 650 928 aliqui
689 861 818 915 olim
850 861 1220 930 crediderunt)
1254 861 1670 931 depositumque
1703 860 1754 911 in

191 949 413 1002 civitate
447 950 791 1021 Legionensi.
823 952 890 1004 At
921 967 1026 1004 non
1060 952 1400 1021 ignorassent
1424 952 1546 1013 hoc,
1583 967 1755 1019 neque

192 1042 492 1095 tacuissent
513 1058 700 1096 omnes
721 1044 1010 1111 scriptores
1031 1043 1168 1098 Galli
1197 1045 1405 1097 illorum
1433 1053 1753 1112 temporum,

188 1143 285 1185 aut
341 1133 502 1200 paulo
551 1133 934 1202 posteriorum,
994 1137 1034 1188 si
1084 1136 1282 1189 factum
1342 1145 1503 1190 esset.
1557 1135 1755 1190 Deinde

189 1239 317 1293 cap.
349 1225 380 1278 6
417 1225 578 1280 refert
634 1225 980 1280 Salomonem
1011 1243 1191 1297 regem
1231 1243 1374 1281 anno
1417 1229 1754 1297 quinquage-

189 1314 333 1368 simo
365 1331 394 1368 a
426 1315 776 1369 translatione
812 1317 1058 1385 corporis
1090 1333 1118 1370 a
1165 1317 1437 1371 Britannis
1469 1318 1580 1371 suis
1611 1318 1753 1371 occi~

189 1419 352 1468 sum;
393 1419 563 1472 eaque
593 1405 660 1459 dc
687 1421 848 1460 causa
881 1403 1318 1460 Valentinianum
1350 1408 1752 1477 imperatorem.

189 1493 284 1561 qui
317 1492 520 1561 aliquot
563 1494 773 1550 satculis
825 1505 951 1550 ante
985 1495 1324 1551 Salomonem
1358 1497 1456 1551 fuit
1490 1508 1754 1562 mortuus,

191 1602 259 1639 ex
294 1584 439 1640 Italia
467 1588 742 1657 ingentem
766 1589 977 1644 misisse
1001 1590 1227 1645 classem
1253 1591 1318 1644 ad
1344 1591 1756 1662 expugnandam

191 1680 554 1744 Britanniam,
581 1690 633 1734 ct
677 1681 774 1746 sic,
806 1691 961 1748 capta
1001 1681 1217 1734 civitate
1252 1680 1598 1750 Legionensi,
1631 1700 1754 1737 cor—

192 1787 298 1840 pus
334 1771 505 1824 sancti
536 1770 767 1823 Matthxi
806 1771 858 1822 in
907 1769 1196 1824 Lucaniam
1237 1773 1576 1827 translatum.
1633 1774 1756 1828 Haec

1858 588 2055 642 clarius
2085 602 2138 645 et
2173 595 2366 648 melius
2403 596 2679 664 leguntur.
2717 596 2885 650 Verba
2924 598 3150 665 accipe;
3189 614 3205 645 ‹
3247 595 3300 646 In
3348 596 3427 663 ip-

1858 681 1973 734 sius
2022 684 2281 750 principis
2329 687 2576 757 Gisulphi
2626 689 2960 758 temporibus
3013 689 3294 741 inventum
3344 695 3425 740 est

1860 773 2286 827 sacratissimum
2327 791 2526 844 corpus
2559 776 2619 830 Β.
2658 777 2883 831 Matthxi
2918 778 2969 829 in
3011 775 3262 830 Lucaniae
3299 775 3422 828 fini-

1858 861 1980 922 hus,
2017 872 2178 932 atque
2227 879 2349 918 cum
2381 867 2564 920 debito
2603 869 2809 921 honore
2852 882 2945 934 per
2974 867 3270 935 jnssionem
3312 865 3421 931 jam

1859 952 1948 1007 fati
2000 954 2251 1025 Gisulphi
2300 958 2562 1027 principis
2617 960 2900 1013 Salernum
2961 959 3263 1013 deducitur.
3318 955 3421 1008 Sed

1858 1062 1990 1116 quot
2023 1052 2304 1106 evenerint
2332 1054 2481 1122 signa
2506 1065 2556 1108 et
2596 1055 2851 1108 miracula
2881 1065 2936 1108 et
2961 1053 3231 1122 quomodo
3258 1050 3424 1104 fuerit

1859 1151 2176 1211 repertum,
2232 1146 2548 1200 omnimodo
2591 1162 2733 1201 nunc
2782 1147 3021 1215 pandere
3073 1145 3370 1198 omittimus
3406 1160 3420 1194 :

1858 1237 2224 1303 postmodum,
2289 1239 2395 1291 Deo
2449 1247 2743 1301 annuente,
2807 1237 3213 1289 innotescemns
3262 1242 3422 1300 atque

1861 1320 1987 1374 huic
2059 1322 2308 1378 Historiae
2389 1323 2679 1378 adnectere
2738 1325 3014 1379 faciemus.
3065 1341 3084 1373 ι
3152 1321 3441 1375 ιΙθοῑεηυς

1858 1421 2068 1473 auctor,
2097 1414 2424 1483 quicumque
2457 1414 2545 1475 sit,
2579 1413 2721 1482 quod
2763 1428 2868 1465 non
2904 1410 3138 1479 inquiro.

1934 1506 2022 1560 66.
2064 1507 2139 1560 De
2204 1523 2350 1561 anno
2390 1509 2744 1570 inventionis,
2777 1522 2937 1577 quem
2992 1505 3096 1559 95‘
3139 1502 3274 1558 dixit
3315 1501 3424 1555 Leo

1859 1597 2146 1663 Ostiensis,
2179 1600 2388 1654 etiamsi
2414 1599 2550 1655 forte
2575 1615 2682 1655 non
2706 1610 2933 1653 omnino
2954 1598 3023 1653 sit
3048 1605 3251 1660 certus,
3275 1594 3422 1648 litem

1861 1690 2186 1744 movendam
2215 1706 2325 1744 non
2365 1705 2595 1757 censeo;
2622 1706 2744 1744 cum
2785 1698 2932 1743 certe
2970 1689 3060 1741 illo
3100 1703 3246 1741 anno
3272 1685 3424 1755 prin-

1864 1782 2103 1851 ciparum
2147 1783 2550 1837 Salernitauum
2588 1784 2862 1836 obtineret
2907 1780 3206 1850 Gisnlphus
3263 1777 3428 1834 Gnai-

193 1862 465 1922 retulisse,
493 1862 707 1915 omissis
739 1862 899 1915 etiam
931 1862 1760 1942 improbabilibustranslationis
1797 1845 1834 1898 B
1868 1873 2019 1925 marii
2074 1873 2238 1936 filius,
2303 1875 2404 1928 sub
2449 1890 2555 1943 quo
2606 1873 2973 1927 inventionem
3015 1870 3305 1940 contigisse
3354 1867 3428 1920 ait

189 1952 485 2021 adjunctis,
527 1952 789 2007 refutasse
818 1964 920 2008 est.

268 2047 355 2100 64.
399 2046 535 2112 Mox,
572 2063 691 2115 cap.
729 2048 776 2109 7,
810 2048 1014 2103 fatetur
1059 2060 1266 2114 auctor,
1302 2066 1518 2105 omnem
1554 2067 1759 2105 memo-

199 2135 336 2188 riam
388 2136 454 2191 de
491 2150 705 2190 servato
761 2138 810 2190 in
871 2140 1015 2192 Italia
1052 2155 1279 2208 corpore
1315 2143 1486 2195 sancti
1527 2141 1760 2196 Matthxi

189 2227 450 2296 paulatim
495 2227 884 2293 intercedisse;
924 2231 1406 2300 inventionemque
1460 2234 1534 2286 ait
1583 2235 1761 2288 conti-

189 2319 338 2387 gisse
369 2318 509 2370 circa
538 2320 882 2373 millesimum
919 2331 974 2374 et
1019 2324 1527 2393 quinquagesimum
1560 2339 1760 2377 annum

187 2422 220 2459 a
256 2405 474 2460 Christo
510 2419 658 2464 nato.
691 2409 847 2464 Hisce
880 2411 945 2464 de
978 2427 1210 2480 corpore
1240 2414 1332 2466 diu
1365 2414 1679 2468 abscondito
1711 2427 1764 2469 et

189 2498 411 2553 demum
458 2500 681 2556 invento
735 2504 1086 2558 consentiunt
1131 2505 1427 2574 scriptores
1461 2505 1564 2560 ﬁde
1596 2508 1760 2576 digni,

187 2591 290 2646 sed
327 2590 526 2648 factum
567 2595 704 2649 illud
741 2596 910 2666 figunt
958 2607 1070 2651 toto
1106 2597 1219 2652 fere
1251 2599 1446 2653 saeculo
1480 2599 1662 2662 citius,
1706 2609 1762 2654 ut

187 2700 317 2736 mox
338 2686 642 2740 ostendam.
673 2686 884 2741 Interea
915 2689 1167 2753 observo,
1202 2691 1382 2758 priora
1411 2691 1613 2756 omnia,
1645 2708 1762 2758 qua:

185 2774 503 2829 referuntur
555 2778 621 2832 de
685 2781 895 2848 gemina
953 2782 1326 2844 translatione,
1386 2783 1641 2836 nimirum
1696 2801 1761 2837 ex

185 2863 465 2933 Ethiopia
499 2867 550 2919 in
581 2867 937 2935 Britanniam,
990 2881 1043 2924 et
1073 2886 1136 2924 ex
1192 2870 1465 2924 Britannia
1503 2873 1554 2925 in
1588 2872 1760 2926 Luca-

187 2957 360 3021 niam,
389 2975 451 3012 ex
478 2959 812 3027 conjecturis
845 2963 1066 3017 incertis
1095 2965 1338 3033 potuisse
1367 2965 1636 3036 confingi;
1668 2968 1760 3019 sed

186 3055 301 3100 tam
335 3048 762 3116 improbabiliter
790 3051 958 3106 fuisse
991 3056 1260 3121 exposita,
1301 3065 1360 3109 ut
1392 3056 1573 3110 malim
1608 3057 1760 3127 igno-

188 3154 316 3193 rare
362 3155 473 3208 quo
521 3142 684 3196 modo
709 3153 763 3198 et
803 3159 909 3212 quo
944 3153 1184 3213 tempore
1215 3161 1424 3200 sacrum
1459 3148 1587 3201 illud
1633 3150 1759 3203 cor-

185 3245 296 3299 pus
329 3229 382 3283 in
430 3230 724 3288 Lucaniam
777 3235 1104 3305 pervenerit,
1155 3252 1316 3303 quam
1351 3239 1435 3290 vel
1469 3238 1750 3291 minimum

184 3336 258 3376 ex
300 3322 560 3377 relatione
602 3325 686 3378 illa
731 3326 1011 3394 adoptare.
1043 3324 1116 3378 De
1146 3328 1321 3395 capite
1355 3327 1555 3391 sancti,
1611 3329 1754 3396 quod

189 3413 298 3468 sibi
352 3415 658 3470 attribuunt
701 3417 989 3482 Armorici,
1026 3428 1210 3485 postea
1256 3428 1445 3486 agetur
1484 3434 1583 3473 suo
1617 3419 1754 3474 loco.

189 3507 302 3560 Leo
323 3506 588 3560 Ostiensis
621 3509 672 3560 in
711 3509 961 3562 Chronico
995 3507 1292 3571 Casinensi,
1331 3510 1421 3563 lib.
1465 3527 1526 3574 tt,
1558 3527 1675 3580 cap.
1703 3515 1756 3578 5,

189 3598 259 3650 ad
297 3599 626 3666 propositmn
670 3609 914 3654 nostrmn
947 3600 1058 3654 lirec
1090 3601 1311 3656 scribit:
1355 3601 1554 3668 Quinto
1594 3604 1755 3673 hujus

189 3688 402 3744 abbatis
431 3690 712 3761 (Aligerni)
739 3706 902 3753 anno,
931 3693 1023 3765 qui
1058 3703 1139 3747 est
1168 3709 1196 3745 a
1232 3692 1519 3748 Nativitatc
1548 3694 1756 3748 Domini

190 3784 640 3853 nongentesimus
668 3784 1150 3853 quinquagesimus
1181 3795 1427 3855 quartus,
1457 3787 1756 3847 beatissimi

186 3874 422 3940 apostoli
447 3883 496 3925 et
528 3867 870 3943 evangelista.-
893 3875 1124 3928 Matthxi
1164 3893 1380 3945 corpus,
1418 3881 1558 3947 quod
1583 3881 1758 3949 primo

189 3964 336 4032 apud
369 3962 723 4032 Ethiopian),
757 3965 846 4018 ubi
879 3975 933 4018 et
966 3981 1157 4035 passus
1181 3967 1380 4030 fuerat,
1415 3972 1756 4040 postmodum

186 4068 374 4112 autem
407 4057 548 4127 apud
579 4055 914 4112 Britanniam
950 4075 1045 4128 per
1079 4069 1325 4131 tempora
1363 4063 1577 4118 diversa
1605 4067 1759 4133 quie-

192 4160 371 4215 verat,
411 4151 628 4206 tandem
676 4153 922 4222 ejusdem
958 4155 1125 4209 sancti
1156 4157 1501 4226 evangelista:
1547 4160 1760 4212 revela-

188 4247 343 4299 tione
371 4255 665 4313 repertum,
705 4255 866 4315 atque
900 4246 952 4297 in
984 4245 1266 4300 Salernum
1304 4249 1623 4303 translatum
1652 4262 1753 4306 est.

187 4339 482 4404 Baronius,
531 4338 623 4407 qui
676 4338 798 4392 data
832 4336 1030 4393 Leonis
1063 4340 1224 4394 verba
1277 4340 1527 4411 allegavit
1562 4343 1626 4397 ad
1661 4361 1759 4398 an-

185 4445 322 4484 num
353 4430 476 4492 954,
499 4444 650 4482 num.
682 4431 735 4490 2,
761 4430 812 4482 in
839 4433 1076 4500 margine
1113 4434 1339 4495 notavit,
1376 4450 1473 4502 pro
1508 4437 1755 4503 vocibus,

187 4522 335 4592 apud
366 4520 722 4581 Britanniam,
756 4521 889 4572 alias
915 4519 1040 4588 legi,
1074 4523 1214 4588 apud
1250 4521 1575 4592 Bithyniam.

264 4613 352 4666 65.
388 4614 705 4680 Anonymus
731 4609 1099 4666 Salernitanus
1119 4611 1172 4664 in
1194 4611 1463 4669 Chronico
1487 4629 1606 4683 cap.
1632 4614 1752 4678 143.

187 4705 309 4761 sive
343 4713 470 4756 tom.
504 4699 545 4756 ll
599 4700 928 4768 Scriptorum
969 4699 1162 4766 ltriliw,
1212 4713 1351 4771 part.
1388 4721 1447 4766 tt,
1481 4706 1583 4758 col.
1628 4707 1752 4771 280,

185 4801 261 4854 de
296 4799 606 4850 inventione
636 4795 704 4847 ita
752 4793 1026 4862 loquitur:
1067 4811 1083 4845 ι
1128 4793 1184 4845 In
1219 4793 1387 4862 ipsius
1417 4797 1755 4864 temporibus

189 4892 474 4944 inventum
505 4899 586 4941 est
617 4886 1044 4940 sacratissimum
1093 4902 1292 4953 corpus
1328 4886 1384 4938 Β.
1423 4886 1658 4941 lllattlnei
1701 4889 1753 4942 in

187 4981 447 5036 Lucania:
477 4978 695 5040 finibus,
725 4985 886 5045 atque
908 4992 1030 5030 cum
1062 4978 1244 5031 debito
1274 4979 1480 5033 honore
1513 4997 1609 5049 per
1639 4982 1754 5052 jus-

189 5073 407 5130 sionem
443 5071 549 5140 iam
574 5070 668 5125 fati
706 5068 968 5139 principis
999 5067 1283 5124 Salernum
1312 5072 1620 5127 deducitur.
1648 5073 1752 5127 Sed

185 5175 330 5237 quot
358 5165 509 5234 signa
559 5174 614 5217 et
647 5163 922 5227 miracula,
963 5170 1016 5214 et
1061 5165 1332 5232 quomodo
1376 5162 1539 5218 fuerit
1571 5181 1756 5234 reper-

189 5271 333 5321 tum,
360 5257 669 5311 omnimodo
693 5272 838 5310 nunc
887 5256 1121 5326 pandere
1151 5257 1469 5311 omittimus.
1505 5256 1752 5313 Postmo-

192 5353 354 5415 duin,
391 5349 499 5401 Deo
535 5358 832 5410 annuente,
875 5348 1103 5403 fideliter
1138 5349 1565 5412 innotescamus,
1595 5361 1753 5420 atque

187 5442 326 5495 huic
352 5439 597 5494 Historiae
628 5451 918 5495 annectere
955 5440 1213 5495 faciamus
1241 5460 1252 5493 :
1285 5441 1408 5496 llaec
1432 5458 1758 5513 anonymus,

188 5533 299 5588 sub
329 5531 591 5602 Gisulpho
642 5533 888 5600 principe
935 5531 1283 5586 Salernitano
1321 5548 1630 5587 memorans
1668 5534 1752 5588 in-

189 5621 525 5683 ventionem,
560 5621 684 5674 licet
715 5621 763 5674 id
799 5637 904 5674 non
929 5632 1185 5690 appareat
1209 5622 1326 5675 loco
1350 5623 1601 5692 allegato,
1629 5627 1753 5692 quia

191 5723 371 5771 totum
403 5723 583 5782 caput,
610 5714 660 5765 in
695 5727 800 5779 quo
832 5713 898 5768 de
921 5713 1186 5783 Gisulpho
1211 5715 1409 5785 agitur,
1437 5726 1519 5767 est
1549 5731 1611 5769 eo
1636 5716 1751 5770 loco

186 5804 481 5862 omissum.
515 5804 572 5859 In
602 5805 884 5875 Excerptis
911 5820 1027 5876 qua:
1055 5805 1390 5876 Heremperti
1417 5805 1636 5862 nomine
1662 5807 1752 5862 ha-

1861 1976 2164 2031 anonymus
2211 1962 2605 2015 Salernitanus.
2641 1957 3287 2030 Ughellus,tom.X,col.
3331 1956 3423 2010 157
3489 1967 3492 1970 ‘

1864 2054 1914 2106 in
1939 2055 2209 2123 episcopis
2242 2054 2524 2116 Paestanis,
2567 2061 2622 2106 et
2643 2053 2916 2106 Antonius
2947 2049 3123 2104 lllazza
3147 2049 3214 2102 in
3250 2047 3431 2102 Histo-

1865 2146 1942 2197 ria
1987 2147 2134 2198 urbis
2179 2146 2557 2204 Salernitanr,
2596 2160 2712 2211 cap.
2753 2144 2807 2204 5,
2847 2158 3000 2195 num.
3054 2143 3139 2204 15,
3168 2141 3236 2196 de
3285 2155 3426 2195 anno

1863 2237 2026 2288 etiam
2074 2236 2449 2291 consentiunt.
2499 2235 2570 2290 De
2623 2236 2741 2288 loco
2778 2235 2854 2288 ait
2899 2233 3175 2304 Ughellus,
3229 2248 3428 2301 corpus

1863 2323 2142 2377 inventum
2168 2339 2286 2378 esse
2309 2324 2360 2376 in
2385 2339 2583 2378 eversae
2613 2323 2762 2378 urbis
2790 2321 3088 2392 (Prestana)
3116 2321 3425 2375 ruderibus.

1863 2414 2039 2469 Mazza
2074 2415 2248 2468 solum
2304 2415 2458 2479 dicit,
2490 2416 2542 2468 in
2597 2414 2849 2469 Lucaniae
2879 2415 3076 2468 finibus
3123 2415 3425 2466 inventum.

1864 2504 2303 2558 Translationem
2329 2521 2457 2560 vero
2487 2504 2998 2559 enarrathisverbis
3032 2520 3044 2555 :
3080 2522 3096 2554 ε
3132 2501 3426 2571 Gisulphus

1862 2592 2162 2648 Guaimarii
2223 2595 2363 2648 filius
2389 2596 2552 2648 etiam
2607 2595 2866 2664 parvulus
2900 2594 3036 2664 patri
3086 2593 3427 2648 succedendo

1863 2684 2128 2752 regnavit.
2197 2683 2345 2738 Beati
2371 2683 2624 2753 apostoli,
2656 2683 3004 2753 evangelista:
3056 2697 3119 2736 ac
3171 2683 3425 2752 martyris

1865 2775 2101 2831 llattlnei
2144 2792 2361 2845 corpus,
2412 2776 2662 2830 Lucaniae
2707 2775 2905 2828 finibus
2969 2774 3346 2835 inventum,...
3394 2785 3427 2826 e

1861 2868 2104 2921 Paestana
2152 2869 2372 2921 civitate
2429 2882 2571 2920 anno
2603 2865 2705 2920 955
2735 2905 2749 2930 ,
2804 2875 3045 2934 tempore
3107 2863 3426 2934 praesulatus

1860 2960 2120 3014 Bernardi
2182 2962 2245 3022 ll,
2303 2975 2509 3015 summa
2549 2975 2672 3013 cum
2733 2958 3080 3012 veneratione
3129 2957 3184 3010 in
3236 2957 3424 3010 urbem

1863 3053 2266 3106 Salernitanam
2313 3051 2613 3115 transtulit,
2656 3052 2813 3121 cujus
2866 3051 3163 3104 adventum
3207 3057 3430 3103 sanctus

1789 3180 1828 3233 ε
1864 3143 2232 3197 Grammatins
2295 3143 2336 3195 ll
2394 3143 2768 3195 Salernitanus
2850 3141 3160 3210 episcopus,
3222 3141 3430 3194 ultimis

1863 3235 1980 3300 ejus
2012 3236 2133 3287 vita:
2171 3235 2320 3288 horis
2363 3234 2447 3289 his
2494 3233 2742 3302 praedixit
2777 3233 2960 3288 verbis
3014 3251 3029 3289 :
3097 3251 3115 3284 ς
3155 3235 3273 3287 Non
3306 3242 3426 3301 post

1860 3323 2028 3375 multa
2065 3333 2305 3391 tempora
2354 3325 2580 3376 ecclesia
2639 3323 2978 3377 Salernitana
3044 3324 3252 3378 t-(elesti
3310 3323 3430 3377 the-

1859 3432 2019 3470 sauro
2093 3415 2459 3480 decorabitur,
2524 3425 2685 3485 atque
2745 3418 2811 3470 ad
2883 3432 3154 3470 summum
3210 3418 3428 3470 honoris

1859 3509 2071 3577 apicem
2106 3510 2358 3564 ducetur.
2413 3509 2632 3564 Festum
2693 3526 2822 3564 vero
2861 3509 3016 3564 dicta:
3059 3511 3429 3565 translationis

1859 3599 2083 3668 singulis
2114 3601 2419 3669 quibusque
2462 3602 2624 3655 annis
2646 3603 2824 3670 pridie
2856 3600 3038 3655 Nonas
3069 3603 3190 3656 Maii
3225 3603 3423 3658 solem-

1860 3694 2001 3746 niter
2037 3707 2131 3762 per
2151 3700 2274 3746 octo
2292 3693 2407 3747 dies
2435 3691 2678 3764 hymnis,
2741 3693 2879 3747 rosis
2921 3703 2976 3747 et
3009 3692 3257 3759 floribus,
3313 3707 3427 3747 ma-

1861 3787 2005 3837 ximo
2043 3784 2226 3854 populi
2278 3800 2546 3839 concursu
2601 3785 2910 3839 celebratur
2964 3802 2979 3840 :
3030 3786 3427 3854 universusque

1861 3876 2061 3941 clerus,
2100 3877 2341 3940 ahbates,
2365 3893 2428 3931 ac
2458 3879 2950 3945 comprovinciales
2981 3877 3160 3932 cuncti
3181 3878 3423 3947 episcopi
3460 3861 3465 3865 ’

1861 3967 2050 4034 primis
2081 3969 2343 4035 vesperis,
2371 3983 2474 4021 nec
2511 3982 2620 4020 non
2667 3968 2841 4021 missae
2878 3968 3110 4022 solemni
3158 3969 3426 4026 interesse

1863 4059 2286 4127 compelluntur.
2321 4078 2337 4110 ι
2377 4059 2503 4115 llaec
2551 4059 2752 4113 Mazza.
2805 4059 2958 4125 Quod
2987 4071 3168 4116 autem
3219 4072 3428 4132 spectat

1864 4155 1928 4210 ad
1987 4154 2394 4226 przedictionem
2448 4153 2621 4206 sancti
2690 4155 3032 4216 Grammatii,
3099 4169 3215 4208 eam
3263 4155 3425 4208 etiam

1864 4248 2025 4302 refert
2070 4245 2346 4316 Ughellus,
2393 4247 2446 4298 in
2470 4245 2874 4313 Archiepiscopis
2911 4243 3286 4309 Salernitanis,
3311 4248 3426 4301 sive

1866 4350 1994 4394 tom.
2022 4338 2127 4401 VII,
2156 4337 2259 4392 col.
2291 4335 2396 4390 5ὕὲ
2419 4336 2471 4390 in
2505 4347 2692 4390 sancto
2727 4336 3077 4397 Grammatio,
3113 4337 3203 4405 qui
3226 4336 3424 4390 ibidem

1864 4431 2062 4485 dicitur
2087 4430 2296 4484 colidie
2326 4429 2378 4480 ll
2417 4427 2706 4490 Octobris;
2743 4428 2806 4478 ad
2877 4443 3036 4495 quem
3073 4426 3216 4479 diem
3267 4429 3424 4482 latins

1789 4531 1831 4586 ι)
1861 4522 2002 4591 apud
2047 4536 2150 4574 nos
2180 4519 2479 4573 exaniinari
2512 4517 2734 4585 poterit.
2791 4516 2864 4570 De
2915 4517 3136 4586 reliquis
3175 4518 3425 4573 similiter

1867 4613 2058 4667 Manae
2083 4612 2379 4665 assentitur
2412 4607 2676 4676 Ughellus
2703 4607 2757 4661 in
2785 4608 3063 4663 Bernarth
3098 4607 3161 4673 ll,
3187 4611 3419 4669 col.362,

1864 4705 2118 4770 additque
2149 4716 2348 4769 corpus
2391 4701 2629 4754 delatum
2663 4715 2782 4754 esse
2818 4701 2870 4752 in
2901 4699 3191 4753 ecclesiam
3251 4702 3424 4769 majo-

1863 4810 1975 4847 rem
2018 4804 2219 4849 sanctae
2247 4793 2446 4846 Mariae.
2506 4791 2711 4860 Gaspar
2757 4790 2934 4843 Musca
2977 4789 3032 4842 in
3082 4789 3422 4859 Compendio

1865 4889 1998 4943 Vita:
2029 4889 2198 4944 sancti
2244 4886 2481 4941 Matthxi
2514 4886 2578 4938 de
2622 4885 2706 4938 his
2738 4883 2812 4936 ait
2854 4901 2867 4937 :
2902 4902 2920 4935 ι
2967 4884 3126 4938 Anno
3165 4900 3288 4938 vero
3319 4885 3416 4939 95³

1865 4981 1966 5034 sub
2000 4980 2222 5050 Agapito
2258 4978 2494 5032 secundo
2523 4980 2728 5044 ipapa),
2787 4974 3098 5029 Bernardus
3150 4979 3425 5030 secundus

1867 5073 2028 5142 hujus
2060 5071 2295 5125 nominis
2326 5069 2632 5138 episcopus,
2682 5083 2742 5121 ac
2805 5067 3100 5136 Cisulphus
3168 5067 3424 5136 princeps

1865 5163 2329 5218 Salernitanorum
2364 5161 2449 5214 die
2479 5169 2629 5213 sexta
2656 5157 2802 5222 Maii,
2833 5173 3037 5227 corpus
3093 5159 3326 5226 apostoli
3355 5175 3419 5213 ex

1866 5259 2109 5310 Paestana
2149 5251 2371 5306 civitate
2417 5247 2726 5311 Salernum,
2761 5248 2812 5300 in
2842 5245 3208 5300 cathedralem
3248 5248 3420 5303 eccle-

1866 5349 2000 5403 siam
2050 5344 2151 5398 sub
2213 5341 2473 5397 vocabulo
2556 5340 2768 5393 Sancta:
2836 5336 3012 5391 Maria:
3091 5339 3419 5406 Angelorum

1869 5436 2150 5494 transferri
2182 5443 2464 5498 curarunt,
2493 5431 2546 5484 in
2579 5448 2683 5500 qua
2715 5429 2983 5496 requievit
3036 5445 3208 5483 annos
3234 5428 3357 5481 lil.
3399 5449 3414 5469 ι

1863 5533 1941 5586 De
1985 5532 2082 5585 hac
2133 5526 2485 5580 translatione
2521 5526 2703 5593 itaque
2760 5538 2868 5578 non
2919 5521 3132 5577 videtur
3165 5520 3418 5574 dubitan-

1864 5626 2010 5680 dntn.

1935 5716 2024 5766 67.
2061 5714 2308 5766 Attamen
2357 5711 2459 5763 alia
2506 5707 2764 5761 nonnulla
2790 5707 3014 5760 veniunt
3040 5703 3420 5768 examinanda,

1867 5823 1982 5876 quae
2023 5808 2074 5860 in
2116 5804 2360 5875 corporis
2425 5799 2746 5857 inventione
2777 5809 2837 5855 er
2863 5807 2985 5852 ante
3010 5795 3420 5850 translationem
