4156 6314
796 340 898 405 775

2008 343 2291 403 MENSIS
2334 342 2620 403 SEPTEM
2634 343 2805 405 BER.
2838 360 2841 363 ‘

3938 336 4035 399 776

794 471 928 510 num
986 456 1241 521 reddidit,
1274 468 1325 516 et
1364 467 1479 528 post
1516 474 1746 513 examen
1783 468 1888 514 tam
1924 471 2195 519 exactum.
2222 459 2367 527 judi-
2391 469 2437 523 Α
2471 472 2577 513 tum
2601 469 2704 523 est,
2740 462 2973 528 primum
2999 474 3059 512 ex
3085 457 3337 511 omnibus
3361 455 3711 525 evangelistis
3730 453 4035 524 scripsisse,

790 549 929 601 cavit
989 564 1111 604 cum
1175 548 1233 604 S.
1298 550 1620 620 Epiphanio.
1696 552 1872 621 ipsum
1952 568 2072 607 esse
2124 552 2357 607 Matthxi

789 638 1141 702 Hebraicum,
1172 642 1265 695 sed
1299 643 1504 711 aliquot
1560 642 1693 697 locis
1732 653 2069 712 corruptum,
2128 644 2359 711 ideoque

786 731 964 783 debita
1021 731 1344 785 auctoritate
1405 747 1646 795 carens;
1710 732 2007 802 Basnagius
2057 748 2205 794 vero,
2266 733 2355 798 qui

788 837 1064 893 nunquam
1113 823 1239 877 illud
1270 823 1421 885 vidit,
1481 825 1761 877 contendit
1818 824 2167 893 Evangeliuin
2226 823 2357 877 illud

787 928 990 965 meram
1033 913 1199 968 fuisse
1242 916 1548 968 versionem
1582 931 1645 968 ex
1683 914 1872 970 Gra'co
1902 916 2137 969 Matthaei
2166 925 2312 969 textu
2340 932 2355 977 ;

788 996 864 1067 id,
931 1008 1172 1071 inquam,
1230 1008 1509 1059 contendit
1564 1016 1751 1059 contra
1827 1020 2070 1060 omnium
2138 1005 2355 1059 Patrum

786 1098 1186 1161 auctoritatem,
1224 1107 1278 1150 ct
1311 1099 1430 1150 sine
1456 1098 1563 1151 ullo
1617 1098 1815 1152 vetusti
1868 1097 2152 1167 scriptoris
2207 1098 2356 1149 testi-

784 1189 987 1240 monio.
1024 1189 1138 1256 E30
1172 1204 1301 1241 sane
1336 1205 1446 1242 non
1498 1191 1651 1257 capio
1680 1206 1786 1259 quo
1833 1190 1962 1243 illud
2013 1190 2222 1259 judicio
2261 1204 2355 1242 co-

785 1275 955 1344 gitare
998 1280 1255 1344 potuerit,
1286 1293 1391 1346 qua
1440 1280 1616 1331 fronte
1650 1293 1817 1332 ausus
1874 1278 2038 1332 fuerit
2092 1280 2351 1343 edicere;

783 1367 1222 1435 quandoquidem
1305 1376 1516 1421 tantum
1588 1382 1697 1421 non
1770 1376 1959 1434 aperte
2018 1366 2351 1434 pronuntiat,

783 1460 1249 1527 rectiusjudicare
1273 1474 1331 1513 se
1363 1460 1601 1527 potuisse
1637 1458 1703 1512 de
1752 1457 2044 1526 Evangelio
2077 1472 2351 1526 nunquam

782 1549 935 1612 viso;
963 1566 1122 1615 quam
1152 1551 1527 1606 doctissumum
1570 1548 1957 1619 Hieronymum
2029 1549 2097 1603 de
2160 1551 2349 1603 eodem

784 1642 1352 1714 frequenterperleeto
1371 1646 1679 1716 collatoque
1708 1662 1829 1700 cum
1848 1643 2049 1701 Graacis
2079 1655 2131 1698 et
2147 1644 2351 1699 Latinis

781 1737 1207 1804 exemplaribus.

2461 562 2514 604 et
2561 549 3334 619 Evangeliumcomposuisse,
3382 549 3698 615 priusquam
3749 563 3815 600 ex
3851 547 4033 600 Judza

2460 640 2763 694 disccdrrct
2794 640 2856 693 ad
2889 639 3291 707 pra-dicandum
3324 638 3444 690 aliis
3480 638 3763 707 gentibus.
3832 636 3892 690 S.
3928 638 4035 689 lreo

2460 748 2610 785 urens
2690 731 2780 786 lib.
2849 747 2902 783 ιιι
2956 730 3151 785 Cantra
3227 729 3483 789 Ilwreses,
3532 744 3656 795 cap.
3717 730 3768 791 l,
3822 729 4033 781 videtur

2459 821 2812 889 scriptionem
2879 820 3292 890 Evangeliorum
3369 821 3543 876 serius
3623 820 3814 889 ﬁgere.
3873 836 4029 887 quam

2459 914 2652 981 reliqui
2694 916 2903 973 Patres,
2954 916 3058 969 nisi
3086 916 3246 967 verba
3300 914 3473 982 ipsius
3505 914 3611 967 alio
3652 929 3822 966 sensu
3854 914 4027 965 forsan

2458 1007 2659 1076 exponi
2713 1007 2947 1060 valeant.
2994 1006 3179 1059 Latina
3247 1006 3621 1071 interpretatio
3679 1007 3731 1057 in
3792 1006 4029 1059 editione

2456 1099 2745 1151 novissima
2776 1100 2852 1151 sic
2893 1099 3056 1151 habet
3094 1114 3107 1149 :
3153 1116 3169 1147 ι
3213 1098 3290 1151 Ita
3326 1098 3613 1150 Matthzcns
3680 1100 3733 1149 in
3782 1098 4028 1149 Hebrmis

2457 1189 2901 1259 ipsorttnilingua
2957 1192 3281 1255 scripturam
3334 1190 3501 1241 edidit
3541 1189 3845 1258 Evangelii.
3905 1206 4023 1247 cum

2454 1282 2645 1335 Petrus
2680 1291 2732 1335 et
2780 1281 2977 1335 Paulus
3024 1281 3207 1334 Roma:
3244 1281 3706 1349 evangelizarcnt,
3745 1292 3799 1332 et
3835 1280 4029 1333 funda-

2455 1385 2577 1426 rent
2612 1372 2928 1427 Ecclesiam.
2975 1392 2993 1422 ι
3046 1372 3309 1426 Omnibus
3341 1380 3486 1425 certe.
3522 1371 3777 1425 Patribus
3803 1384 4026 1426 contra-

2456 1467 2572 1518 rius
2601 1466 2703 1518 erit
2730 1464 2984 1527 lremcus,
3015 1465 3055 1516 si
3113 1465 3181 1517 ita
3216 1466 3282 1516 sit
3326 1464 3702 1531 explicandus,
3748 1474 3805 1517 ut
3838 1467 4025 1518 eodem

2454 1569 2695 1626 tempore
2721 1558 3001 1631 scripserit
3056 1557 3356 1613 Matthaeus.
3394 1572 3501 1623 quo
3546 1556 3732 1610 Romae
3776 1558 4023 1627 lix-ange-

2450 1650 2578 1702 lium
2618 1651 2987 1718 praedicabant
3048 1649 3241 1702 Petrus
3279 1663 3330 1701 et
3376 1648 3592 1701 I‘aulus.
3647 1651 3716 1703 At
3775 1654 4022 1718 suspicor

2450 1742 2971 1795 noluisselrenreum
3008 1741 3053 1794 id
3090 1742 3461 1802 indicarc,svd
3493 1742 3669 1793 solum
3717 1743 4027 1796 insinuasse

846 1825 934 1879 41.
973 1827 1050 1880 Ne
1086 1836 1265 1881 tamen
1317 1829 1451 1882 nihil
1491 1829 1769 1883 videretur
1818 1844 1882 1883 ex
1934 1828 2175 1897 antiquis
2218 1829 2345 1882 alle-
2386 1830 2423 1882 Β
2453 1837 2675 1899 quinam
2748 1843 2933 1885 essent
2990 1845 3239 1885 auctores
3308 1830 3757 1900 Evangeliorum,
3808 1850 4024 1901 quinam

778 1930 937 1984 gasse
1008 1916 1327 1988 Basnagius,
1404 1920 1580 1974 locum
1649 1920 1865 1975 adducit
1919 1938 1981 1974 ex
2047 1920 2348 1989 Epiphanio

779 2006 980 2061 Ha'res.
1008 2010 1095 2066 50.
1130 2027 1249 2079 cap.
1285 2012 1339 2073 5,
1371 2022 1427 2065 ιιι
1457 2013 1647 2081 probet
1691 2012 1899 2067 Novum
1933 2012 2342 2066 Testamentum

777 2116 842 2154 ex
875 2103 1062 2158 Graeco
1096 2104 1264 2158 fuisse
1298 2105 1561 2160 Hebraice
1612 2108 1907 2160 redditum.
1968 2107 2206 2159 Aﬂ'eram
2242 2121 2343 2176 ego

776 2193 956 2249 locum
1014 2202 1307 2268 integrum,
1340 2214 1499 2268 quem
1550 2200 1637 2254 ille
1687 2203 1923 2253 medium
1974 2201 2241 2255 recitavit.
2290 2206 2347 2252 υι

775 2288 957 2340 videat
1003 2289 1172 2342 lector
1206 2291 1352 2343 hunc
1401 2292 1579 2358 ipsum
1615 2306 1735 2344 esse
1786 2290 2050 2359 Basnagio
2114 2293 2345 2344 maxime

774 2384 1139 2435 contrarium.
1208 2399 1227 2433 ι
1291 2382 1524 2443 Etenim,
1593 2383 1766 2451 inquit
1819 2382 2175 2452 Epiphanius,
2220 2398 2344 2437 vere

773 2469 905 2523 illud
934 2471 1202 2526 allii-mare
1250 2489 1563 2541 possumus,
1605 2491 1769 2528 unum
1804 2490 1868 2528 ex
1914 2475 2173 2528 omnibus
2208 2475 2340 2528 Novi

773 2563 1107 2617 Testamenti
1172 2567 1531 2633 scriptoribus
1600 2565 1908 2619 Matthaeum
1961 2566 2224 2620 Hebraice
2280 2582 2342 2621 ac

773 2655 971 2711 litteris
1027 2657 1308 2713 Hebraicis
1344 2660 1710 2730 evangelicam
1748 2660 2030 2714 historiam
2078 2661 2337 2714 texuisse.

773 2745 883 2802 Nec
918 2750 1142 2803 defuere
1184 2751 1275 2818 qui
1342 2750 1409 2805 de
1451 2749 1676 2805 Joannis
1724 2750 2015 2821 Evangelio
2053 2751 2342 2805 conﬁrma—

774 2848 917 2899 rent,
983 2842 1114 2894 illud
1184 2841 1443 2895 Hebraice
1534 2844 1855 2898 translatum
1932 2842 2217 2895 Tiberiade
2289 2844 2340 2894 in

767 2928 1081 2983 Judacorum
1114 2932 1514 3002 gazopliylaciis
1547 2933 1831 2993 asservari,
1872 2940 1928 2985 et
1987 2934 2038 2984 in
2089 2932 2343 2987 secretio-

771 3024 926 3077 ribus
980 3024 1305 3091 quibusdam
1359 3026 1731 3094 penetralibus
1776 3023 1995 3078 recondi
2057 3025 2157 3077 :id
2199 3026 2339 3093 quod

770 3116 1019 3169 nonnulli
1053 3118 1210 3177 mihi,
1244 3120 1333 3184 qui
1361 3132 1417 3169 se
1439 3119 1503 3169 ad
1539 3115 1745 3169 Christi
1787 3115 1943 3170 [idem
1988 3131 2017 3171 e
2059 3117 2341 3172 Judaismo

2454 1938 2582 1975 vero
2620 1923 2929 1975 traditionis
2968 1922 3224 1975 Romana:
3259 1925 3533 1987 Ecclesiae,
3578 1926 3845 1993 eaquede
3870 1942 4025 1980 causa

2451 2013 2528 2066 sit:
2563 2013 2802 2066 locutum
2832 2028 2977 2067 esse.
3009 2013 3169 2067 Certe
3221 2014 3508 2068 haereticos
3538 2018 3587 2067 in
3630 2017 3729 2070 illo
3782 2019 3925 2070 libro
3953 2035 4028 2071 re-

2452 2102 2593 2156 futat
2661 2119 2726 2157 ex
2785 2105 3082 2157 traditione
3147 2106 3380 2172 primum
3438 2102 3696 2160 llomaiue
3755 2108 4026 2168 Ecclesia.

2449 2197 2604 2263 Cujus
2661 2204 2911 2248 auctores
2942 2196 3162 2248 Petrum
3215 2196 3404 2248 statuit
3437 2205 3491 2249 et
3550 2197 3827 2263 Paulum;
3888 2214 3940 2255 et
3971 2219 4026 2258 cx

2448 2286 2745 2354 Scripturis
2800 2285 2931 2339 Novi
2980 2286 3334 2348 Testamenti,
3393 2304 3455 2341 ex
3508 2289 3711 2356 quibus
3796 2295 4025 2361 primum

2449 2379 2579 2432 dicit
2604 2378 2952 2449 Evangelmm
2980 2379 3236 2435 Matthxi.
3274 2381 3340 2435 Et
3371 2397 3501 2436 sane
3566 2393 3752 2438 textus
3810 2385 4026 2440 Graecus

2447 2486 2552 2525 non
2585 2482 2666 2525 est
2692 2474 2999 2527 necessario
3037 2476 3393 2543 exponendas
3421 2490 3486 2528 eo
3520 2491 3709 2537 sensu,
3757 2489 3817 2531 ut
3852 2481 4020 2532 Evan-

2446 2565 2643 2630 gelium
2668 2565 2859 2617 eodem
2896 2565 3054 2633 plane
3094 2577 3336 2634 tempore
3359 2568 3623 2630 scriptum
3655 2568 3904 2629 dicatur,
3928 2585 4025 2635 quo

2447 2654 2640 2707 Pet'rus
2666 2665 2719 2706 et
2768 2655 2967 2708 Paulus
3001 2656 3181 2707 Ilonne
3241 2657 3625 2722 pt‘ﬁediiarunt.
3691 2652 3876 2708 Verba
3911 2676 4021 2711 cum

2445 2741 2666 2797 litterali
2692 2746 3055 2811 explicatione
3074 2746 3344 2814 subjungo
3373 2764 3386 2798 :
3426 2747 3485 2797 Ὀ
3516 2746 3616 2812 μὲν
3653 2746 3715 2817 ἰὴ
3748 2749 4021 2807 Μετῡαῖςς

2444 2834 2499 2886 ὲν
2538 2837 2650 2897 τοῖς
2700 2834 2973 2903 Ἑϐραίοις
3008 2838 3071 2904 τῇ
3106 2835 3212 2903 ἰδίᾳ
3244 2836 3508 2905 διαλέκτῳ
3542 2839 3719 2889 αὐτῶν
3748 2843 3851 2891 καὶ
3888 2859 4019 2909 γρᾶο

2445 2929 2550 2997 φὴν
2609 2930 2901 2999 ἐξήνεγκεν
2949 2929 3301 2996 licinium),
3360 2930 3452 2981 τοῦ
3515 2932 3725 2999 Πέτρου
3794 2938 3889 2985 καὶ
3935 2934 4019 2985 τεῦ

2445 3021 2654 3073 Πώλου
2679 3024 2734 3073 i‘v
2766 3020 2950 3091 Ῥώμῃ
2974 3022 3474 3089 εὐαγγελιζομένων
3505 3024 3599 3073 καὶ
3620 3022 4019 3089 Οεμεὶινιὺντιυν

2441 3111 2538 3180 τὴν
2593 3113 2938 3181 Ἐκκλησίαν.
2990 3131 3008 3163 ι
3042 3114 3323 3167 Μυιιιιωιιε
3367 3114 3587 3181 quidem
3658 3115 3711 3167 in
3784 3115 4022 3168 Hebraeis

772 3209 1187 3268 transtulerant,
1233 3210 1645 3261 accuratissime
1698 3208 2069 3261 declararunt.
2124 3209 2237 3264 lmo
2288 3189 2411 3260 etC
2448 3208 2663 3273 propria
2725 3205 2965 3273 ipsorum
3037 3204 3215 3274 lingua
3275 3216 3327 3257 et
3408 3206 3737 3273 scripturam
3803 3209 4023 3270 protulit

767 3301 1141 3369 apostolorum
1183 3303 1352 3355 Actus
1384 3303 1438 3353 in
1484 3302 1813 3356 Hebraicum
1850 3318 2159 3357 sermonem
2212 3318 2337 3371 per-

769 3392 895 3446 inde
926 3404 1221 3448 conversos
1257 3408 1287 3447 e
1316 3393 1503 3448 Graeco
1541 3395 1733 3448 iisdem
1763 3396 1816 3447 in
1845 3399 2115 3448 thesauris
2154 3396 2338 3447 haberi

770 3485 1066 3539 multorum
1112 3502 1363 3541 sermone
1401 3488 1741 3556 percrebruit
1783 3503 1795 3535 :
1833 3497 1887 3539 et
1916 3488 2005 3553 qui
2060 3486 2215 3539 nobis
2243 3487 2339 3539 ista

767 3578 1083 3635 narrabant.
1124 3578 1363 3631 indidem
1400 3579 1728 3634 Christiana:
1773 3577 2168 3645 amplectenda:
2218 3577 2339 3631 ﬁdei

767 3670 1115 3721 occasionem
1174 3679 1529 3737 acceperunt.
1577 3688 1597 3723 ι
1663 3669 1787 3724 Hace
1842 3669 2199 3739 Epiphanius.
2266 3672 2340 3723 Ex

766 3771 833 3807 eo
858 3767 1036 3810 autem
1077 3759 1195 3812 loco
1238 3760 1449 3811 discere
1479 3762 1710 3813 debebat
1758 3760 2083 3826 Basnagius,
2152 3760 2343 3811 Patres

767 3850 1077 3903 distinxisse
1113 3851 1255 3904 inter
1284 3852 1447 3903 libros
1478 3850 1710 3918 primum
1765 3848 2029 3902 Hebraice
2080 3850 2340 3917 scriptos,

768 3952 820 3996 et
864 3944 1002 4004 illos,
1036 3944 1125 4009 qui
1174 3958 1236 3995 ex
1283 3942 1484 3996 Gitccis
1536 3944 1729 3996 redditi
1776 3954 1900 3995 sunt
1956 3941 2245 4005 Hebraici;
2288 3949 2342 3994 et

769 4032 930 4103 longe
978 4036 1349 4086 accuratiores
1386 4046 1505 4087 esse
1544 4035 1595 4085 in
1630 4036 1784 4087 factis
1817 4034 2340 4099 enarrandis.quam

769 4136 829 4179 ut
871 4127 1114 4195 ipsorum
1144 4126 1525 4179 auctoritatem
1567 4136 1768 4180 temere
1805 4127 2042 4193 abjicere
2070 4133 2339 4193 oper-teat.

770 4216 904 4271 Nam
940 4232 1004 4271 ex
1037 4217 1264 4287 allegare
1295 4217 1414 4274 loco
1457 4218 1681 4282 inferre,
1723 4224 1886 4271 etiam
1910 4217 2141 4270 Matthxi
2166 4218 2342 4270 Evan-

770 4299 968 4381 gelium
1024 4324 1086 4361 ex
1148 4310 1337 4362 Graeco
1401 4310 1723 4363 Hebraicum
1780 4326 1899 4363 esse
1957 4311 2246 4373 redditum,
2291 4311 2340 4362 id

768 4400 1005 4453 amentis
1038 4398 1219 4467 potius
1247 4409 1350 4458 est.
1373 4416 1533 4470 quam
1570 4400 1963 4455 ratiocinantis.
1996 4398 2164 4465 Quale
2180 4403 2340 4454 etiam

770 4498 877 4552 est,
912 4490 1055 4559 quod
1088 4490 1258 4550 addit.
1300 4507 1361 4545 ex
1387 4492 1767 4561 antiquissima
1804 4493 2054 4546 versione
2081 4493 2338 4547 Hebraica

771 4592 950 4638 ortam
996 4597 1117 4637 esse
1144 4583 1490 4636 traditionem
1526 4583 1595 4637 de
1642 4588 1844 4652 scripto
1874 4583 2133 4638 Hebraice
2164 4586 2339 4638 Evan-

770 4676 935 4745 gelio.
976 4673 1088 4729 Nisi
1125 4677 1269 4730 enim
1326 4674 1515 4730 Patres
1571 4690 1761 4730 omnes
1808 4676 2135 4731 intolerabili
2198 4677 2338 4731 fastu

771 4768 1003 4822 velimus
1025 4778 1396 4832 contemnere,
1435 4786 1501 4823 ne
1534 4770 1800 4839 suspicari
1860 4772 2077 4841 quidem
2134 4772 2339 4841 poterl-

772 4871 917 4919 mus,
955 4858 1094 4911 adeo
1131 4873 1324 4912 omnes
1359 4858 1531 4914 fuisse
1565 4861 1844 4928 deceptos,
1885 4869 1942 4912 ut
1998 4875 2172 4928 neque
2203 4862 2341 4913 anti—

770 4950 1016 5019 quissimi
1042 4960 1097 5006 et
1129 4952 1504 5023 apostolorum
1563 4954 1904 5024 temporibus
1932 4956 2163 5027 proximi
2198 4956 2339 5009 scire

777 5044 1180 5114 potuerintqua
1225 5046 1405 5114 lingua
1437 5046 1487 5099 in
1524 5048 1813 5101 scribendo
1848 5063 1978 5103 usus
2014 5048 2175 5101 fuerit
2202 5048 2341 5100 Mat.

776 5135 971 5199 thzeus,
1003 5150 1102 5189 nec
1132 5138 1433 5191 doctissimi
1476 5138 1712 5200 illorum.
1742 5138 2043 5209 linguaeque
2062 5140 2339 5196 Hebraica

774 5224 1109 5293 peritissimi,
1142 5226 1354 5297 (quales
1395 5228 1620 5285 luerunt
1669 5239 1819 5285 certo
1880 5232 2236 5302 Hieronymus
2286 5241 2339 5285 et

773 5315 1058 5385 Origenes,
1102 5319 1209 5373 imo
1239 5329 1294 5372 et
1323 5321 1679 5391 Epiphanius)
1716 5322 2128 5392 deprehendere
2150 5322 2338 5378 volue-

774 5408 909 5470 rint,
958 5424 1018 5462 cx
1077 5408 1265 5466 Greco
1312 5411 1547 5466 Μαιωτιιί
1608 5429 1798 5468 cusum
1851 5426 1937 5468 est
1990 5415 2335 5487 Evangelium

777 5498 1131 5566 chraieum,
1162 5504 1303 5570 quod
1347 5504 1617 5557 habebant
1675 5506 1930 5559 Nazarrei.
1971 5503 2167 5560 Verum
2216 5508 2336 5577 plus

774 5608 937 5662 quam
975 5595 1103 5645 satis
1132 5596 1197 5647 de
1233 5594 1453 5665 ineptiis
1492 5595 1760 5666 Basnagii.

847 5683 934 5735 Η.
980 5684 1051 5739 De
1091 5702 1256 5749 anno,
1286 5705 1391 5756 quo
1425 5701 1645 5743 sanctus
1680 5690 1963 5746 Matthmus
1990 5691 2334 5761 Evangelium

782 5779 1126 5845 Conseri-psit,
1178 5782 1309 5833 nihil
1349 5785 1483 5835 certi
1519 5783 1760 5836 alicrtur.
1792 5781 1923 5835 Illud
1988 5794 2161 5837 tamen
2223 5801 2340 5838 ρετ-

2448 3296 2752 3364 Evangelii,
2790 3296 2948 3349 Petro
2980 3308 3035 3349 et
3067 3296 3231 3349 Paulo
3288 3295 3469 3347 Romae
3512 3298 4020 3363 evangelizanttbus

2444 3397 2498 3439 et
2522 3387 2816 3441 Ecclesiam
2871 3386 3242 3439 lundantibus.
3282 3403 3300 3435 ι
3356 3386 3482 3439 llaac
3520 3388 3684 3438 verba
3719 3387 3883 3441 lacile
3942 3392 4019 3439 sic

2446 3489 2674 3543 possunt
2702 3476 2951 3545 intelligi,
2971 3487 3028 3528 ιιι
3058 3476 3531 3529 sanctuslrenreus
3564 3478 3806 3529 noluerit
3841 3482 4019 3532 dicere

2447 3581 2737 3636 Utrumque
2764 3571 2954 3624 eodem
2994 3579 3239 3638 tempore
3275 3569 3497 3623 fartum.
3521 3572 3589 3623 At
3633 3561 3818 3624 libens
3854 3570 4021 3624 lateor

2449 3662 2616 3731 magis
2649 3662 2938 3718 diﬂicultcr
3001 3664 3195 3735 exponi
3232 3678 3389 3734 posse
3441 3667 3603 3716 verba
3649 3664 3838 3718 lrctiaet
3902 3682 4019 3719 mox

2444 3756 2720 3818 sequentia
2740 3755 2805 3805 de
2828 3754 3047 3821 reliquis
3066 3756 3430 3822 evangelistis,
3451 3771 3574 3807 nam
3598 3757 3815 3809 videtur
3836 3761 4016 3813 dicere

2448 3842 2569 3896 illos
2610 3858 2801 3897 omnes
2854 3844 3139 3913 scripsisse
3188 3852 3308 3913 post
3346 3856 3575 3897 mortem
3611 3846 3711 3898 SS.
3756 3846 3905 3901 Petri
3970 3862 4019 3904 et

2443 3935 2617 3999 Pauli,
2655 3939 2756 3991 nisi
2792 3949 2971 3991 textus
3000 3941 3067 3992 sit
3094 3948 3404 4007 Corruptus,
3445 3946 3503 3990 ut
3536 3944 3853 4007 suspicatur
3913 3941 4017 3999 Til-

2443 4029 2755 4089 lemontius,
2796 4040 2927 4083 tom.
2987 4028 3052 4089 ll,
3099 4040 3220 4083 nota
3275 4032 3307 4083 5
3360 4048 3410 4084 ιιι
3463 4046 3711 4084 salicum
3752 4031 4013 4087 Marcum.

2443 4122 2715 4191 Quidquid
2774 4121 2864 4185 sit,
2913 4123 2956 4174 si
3012 4136 3076 4173 ea
3130 4123 3199 4173 sit
3257 4124 3427 4175 sancti
3485 4124 3673 4177 lrenai
3717 4129 4013 4183 sententia.

2442 4215 2620 4281 qualis
2644 4224 2891 4283 apparet,
2930 4212 3111 4266 malim
3151 4212 3397 4278 credere,
3428 4213 3604 4281 ipsum
3633 4220 3820 4269 minus
3844 4228 4017 4270 atteu-

2443 4305 2588 4355 disse
2644 4306 2709 4356 ad
2761 4311 3004 4357 exactam
3053 4305 3264 4359 illorum
3326 4306 3571 4359 omnium
3608 4307 4012 4369 cbronotaxun,

2445 4394 2588 4463 quod
2618 4394 2707 4447 illa
2739 4398 2803 4446 ad
2832 4396 3168 4465 propositum
3209 4396 3378 4465 ipsius
3418 4413 3607 4465 parum
3657 4402 4013 4462 conduceret,

2371 4522 2419 4581 Β
2446 4502 2605 4554 quam
2626 4487 2691 4539 ad
2721 4502 2807 4538 res
2830 4487 2975 4554 ipsas
2998 4500 3133 4555 quas
3189 4488 3291 4539 sibi
3332 4488 3561 4541 habebat
3584 4494 3933 4559 propositas;
3966 4501 4016 4544 et

2449 4579 2527 4632 sic
2556 4585 2872 4631 reverenter
2928 4577 2996 4630 ab
3032 4577 3151 4646 ipso
3186 4578 3463 4641 recedere,
3524 4594 3688 4640 quam
3725 4596 3754 4633 a
3794 4586 4014 4653 reliquis

2441 4669 2716 4723 erunibus.

2512 4763 2599 4815 ιδ.
2660 4760 2926 4818 Baronius
2974 4761 3028 4816 in
3085 4762 3388 4819 Annalibus
3453 4763 3719 4835 scripturn
3776 4765 4011 4821 Matthxi

2443 4860 2796 4929 Evangelium
2830 4858 2995 4914 refert
3024 4857 3089 4912 ad
3128 4874 3331 4913 annum
3368 4861 3569 4913 Christi
3596 4861 3657 4915 ιι
3690 4878 3707 4927 ;
3747 4863 3869 4928 sed,
3895 4879 4011 4919 cum

2443 4955 2594 5011 illum
2631 4962 2881 5007 numeret
2944 4951 3059 5007 Caii
3107 4950 3454 5019 imperatoris
3491 4954 3738 5019 tertium,
3774 4956 4012 5026 designa-

2443 5057 2530 5100 tur
2579 5062 2646 5100 εχ
2680 5044 3003 5099 chronotaxi
3067 5042 3210 5113 Pagii
3264 5052 3319 5096 et
3375 5042 3606 5096 aliorum
3660 5060 3849 5101 annus
3902 5061 4013 5102 et:

2441 5138 2768 5192 Christiana:
2804 5137 3111 5191 tricesimus
3154 5151 3349 5189 nonus.
3392 5133 3900 5192 LaudatBaronius
3923 5153 4013 5209 pro

2441 5229 2724 5299 designato
2748 5241 2892 5283 anno
2917 5226 3031 5281 Caii
3082 5224 3243 5280 tertio
3278 5222 3597 5279 Chtonicon
3650 5225 3901 5294 Eusebii,
3964 5230 4010 5281 in

2443 5337 2552 5388 quo
2606 5320 2735 5375 illud
2773 5320 2991 5390 legitur,
3032 5328 3193 5389 prout
3238 5318 3445 5375 editum
3484 5317 3678 5374 Latine
3738 5332 4011 5375 eratante

2444 5411 2757 5465 Batonium.
2828 5413 2916 5473 At,
2959 5409 3415 5479 quemadmodum
3477 5411 3801 5466 observavit
3850 5411 4009 5468 Tille-

2443 5502 2702 5565 montius,
2751 5518 2857 5557 non
2883 5503 3135 5571 leguntur
3176 5500 3321 5554 eain
3356 5499 3599 5556 editione
3649 5503 3869 5563 Grreca.
3920 5518 4011 5561 nec

2444 5596 2497 5648 in
2541 5596 2725 5649 Latina
2757 5594 3037 5661 Scaligeri,
3097 5606 3273 5661 neque
3300 5594 3463 5647 etiam
3499 5596 3551 5648 in
3583 5597 3874 5651 ChrOnico
3920 5598 4008 5651 La-

2446 5698 2557 5741 tino
2589 5705 2689 5742 tns.
2719 5688 2957 5748 Eusebii,
2998 5689 3139 5754 quod
3168 5696 3411 5739 servatur
3466 5689 3519 5740 in
3573 5689 3758 5742 Μυωο
3807 5704 4008 5743 nostra.

2445 5786 2619 5848 Quart-
2646 5784 2834 5835 saltent
2870 5782 3101 5833 dubitari
3154 5791 3330 5846 potest
3395 5797 3463 5834 an
3524 5784 3574 5835 id
3634 5799 3917 5850 nunquam
3956 5788 4008 5835 de
