4156 6314
173 342 270 406 777

1455 334 1627 395 VITA
1668 332 1729 401 δ.
1777 330 2160 392 ΜΑΤΤΗΕῙ.

3324 324 3431 391 ’Πὸ

168 460 407 519 Matthxi
460 456 750 530 Evangelio
783 456 1067 525 scripserit
1101 451 1386 511 Eusebius,
1445 456 1528 504 vet
1570 450 1733 504 etiam
1773 457 1809 510 Α
1846 449 2100 518 rum,qui
2143 457 2236 501 aut
2297 455 2487 503 sancto
2522 445 2719 501 Joanni
2771 444 3042 516 apostolo,
3103 452 3198 499 aut
3244 454 3437 500 sancto

168 555 445 622 interpres
462 551 856 621 Hieronymus;
887 558 940 602 et
972 554 1378 614 consequenter
1404 542 1753 598 multoetiam

170 645 440 698 incertius
489 652 591 705 est,
651 658 720 695 an
774 641 867 695 illo
927 654 1073 693 anno
1144 637 1311 693 fuerit
1359 636 1754 701 conscriptum.

172 736 583 797 Tillemontius,
630 733 818 789 tom.l
875 732 926 786 in
979 730 1161 784 Indice
1220 728 1608 799 chronologico
1649 738 1756 781 tam

172 828 584 895 dispersionem
619 826 991 896 apostolorum
1018 839 1177 892 quam
1229 814 1583 892 Evangelium
1622 818 1758 874 Mat-

177 921 308 973 tlia-i
370 918 480 989 figit
536 919 679 972 circa
752 934 955 972 annum
1022 916 1111 969 ⁸56.
1165 914 1266 966 Alii
1328 914 1540 967 malunt
1579 913 1758 980 fateri,

176 1026 387 1065 annum
459 1026 585 1064 esse
645 1011 938 1071 incertum,
1015 1015 1178 1076 prout
1245 1020 1425 1059 atinus
1472 994 1760 1059 divisionis

177 1106 556 1172 apostolorum
610 1102 799 1172 nequit
854 1102 1019 1154 certis
1083 1098 1344 1169 assignari
1398 1098 1756 1168 argumentis.

177 1198 338 1267 Apud
382 1212 480 1251 nos
508 1197 573 1251 ad
626 1196 690 1249 15
749 1194 875 1247 Julii
941 1193 1008 1247 de
1055 1192 1321 1246 divisione
1385 1190 1757 1261 apostolorum

178 1298 367 1341 actum
396 1298 502 1350 cst,
543 1286 725 1354 ibique
754 1301 814 1338 ea
858 1284 962 1338 ﬁxa
1009 1299 1155 1338 anno
1191 1298 1314 1338 tera:
1347 1282 1591 1351 vulgaris
1623 1298 1758 1351 qua-

178 1381 495 1450 dragesimo
578 1377 878 1432 secundum
968 1377 1349 1431 clironotaxim
1431 1374 1760 1430 llcnsclicnii

178 1471 378 1532 nostri,
416 1486 519 1538 qua
556 1469 758 1525 Christi
792 1468 1005 1522 Domini
1036 1467 1220 1523 obitus
1257 1468 1440 1538 ﬁgitur
1480 1472 1582 1522 sub
1624 1482 1762 1520 con-

176 1564 363 1614 sulatu
410 1561 641 1614 duorum
700 1559 1081 1622 Geminorum,
1154 1559 1269 1614 sive
1321 1575 1465 1615 anno
1515 1558 1585 1613 9.9
1642 1573 1763 1613 terre

176 1652 440 1723 vulgaris,
461 1653 533 1706 ita
561 1663 617 1706 ut
644 1654 1109 1723 duodecimopost
1126 1651 1226 1707 Cln
1244 1652 1331 1705 isti
1355 1653 1756 1713 Ascensionem

182 1759 330 1799 anno
369 1752 601 1813 ponatur
625 1746 995 1813 apostolorum
1034 1743 1256 1797 divisio.
1294 1740 1474 1797 Videri
1504 1752 1763 1811 poterunt

186 1836 333 1890 dicta
375 1836 442 1891 de
482 1837 751 1891 divisione
783 1836 1183 1906 apostolorum,
1237 1843 1293 1888 et
1328 1833 1565 1888 Diatriba
1624 1833 1766 1888 llen-

184 1927 396 1981 schenii
431 1937 557 1982 ante
589 1927 837 1982 tomum!
872 1926 1102 1997 Aprilis;
1137 1941 1314 1995 neque
1338 1926 1483 1979 enim
1509 1925 1595 1977 hic
1615 1926 1767 1978 locus

179 2020 373 2087 exigit,
414 2030 473 2075 ut
498 2030 741 2091 repetam
769 2020 895 2073 alibi
927 2020 1221 2087 disputata.
1252 2017 1462 2070 Dixisse
1505 2015 1765 2079 sulliciat,

181 2114 333 2166 circa
404 2114 547 2168 idem
610 2123 825 2180 tempus
877 2127 906 2164 a
957 2110 1209 2164 Matthceo
1268 2109 1533 2178 scriptum
1598 2106 1769 2161 fuisse

189 2203 570 2273 Evangelium,
621 2210 718 2254 aut
772 2202 933 2272 paulo
962 2212 1109 2266 ante,
1160 2200 1480 2271 priusquam
1536 2196 1768 2267 separati

181 2307 346 2351 erant
384 2296 636 2365 apostoli.

258 2389 348 2442 44.
388 2389 558 2443 Porro
590 2388 854 2442 incertum
884 2402 1035 2456 teque
1066 2394 1170 2447 est,
1216 2385 1338 2454 quis
1370 2384 1578 2453 primus
1609 2382 1773 2436 fuerit

187 2482 464 2552 interpres
496 2482 715 2537 Griecus
757 2482 1034 2550 Evangelii
1070 2479 1377 2532 secundum
1426 2475 1767 2530 blatthzeum.

190 2575 249 2629 In
277 2576 505 2645 Synopsi
542 2572 1214 2643 sanctoAthanasiovulgo
1246 2570 1532 2635 attributa,
1570 2579 1702 2625 tom.
1727 2568 1772 2623 ll

191 2665 432 2736 Operam
493 2666 667 2719 sancti
723 2664 1006 2722 Athanasii
1072 2664 1329 2721 editionis
1378 2661 1774 2725 Montfauconi,

194 2774 320 2828 pag.
380 2756 486 2811 202
512 2757 629 2812 haec
686 2757 939 2825 leguntur
972 2774 984 2809 :
1025 2776 1041 2806 ι
1085 2754 1440 2825 Evangelium
1476 2756 1774 2811 secundum

192 2849 507 2904 Maltlneum
535 2851 601 2905 ab
634 2851 750 2920 ipso
788 2849 1040 2904 Matthzeo
1070 2847 1342 2902 Hebraico
1380 2847 1613 2901 dialecto
1644 2862 1770 2901 con-

192 2944 579 3011 scriptumest,
617 2952 671 2995 et
712 2943 915 2995 editum
980 2939 1396 3012 Hierosolymis,
1453 2939 1777 3009 interpreta-

195 3047 423 3105 tumque
495 3046 579 3089 est
638 3050 685 3090 a.
727 3034 933 3089 Jacobo
988 3035 1155 3089 fratre
1209 3033 1421 3088 Domini
1476 3035 1773 3087 secundum

1863 541 2050 605 Paulo,
2093 548 2187 594 aut
2213 548 2406 595 sancto
2440 539 2722 603 Barnabar,
2764 547 2859 592 aut
2909 546 3098 593 sancto
3128 537 3313 603 Luem,
3346 544 3440 591 aut

1862 632 1963 708 ipsi
1994 631 2247 687 Mattha’o
2268 634 2580 687 versionem
2611 630 2856 686 Gracam
2882 630 3277 693 attribuerunt,
3301 638 3440 684 teste

1862 724 2106 778 Calmeto
2157 723 2210 777 in
2282 722 2601 792 praefatione
2650 722 2715 776 ad
2775 721 3111 787 Matlhaaum,
3175 737 3295 792 pag.
3347 722 3439 775 26.

1864 817 1995 871 Nam
2040 826 2233 871 auctor
2266 814 2558 887 Synopsis,
2610 815 2713 870 etsi
2761 815 2899 869 forte
2930 831 3039 869 non
3105 817 3177 870 sit
3208 815 3447 869 Athana-

1865 906 2001 969 sius,
2042 907 2232 960 saltem
2298 906 2545 961 eruditus
2603 906 2897 960 admodum
2934 904 3054 969 fuit,
3080 917 3134 961 et
3167 905 3447 975 antiquior

1866 996 2085 1051 videtur
2142 996 2369 1050 aliarum
2427 996 2825 1051 sententiarum
2898 996 3169 1065 patronis.
3212 995 3446 1059 Verum,

1863 1088 2113 1157 quisquis
2146 1086 2312 1141 fuerit
2361 1087 2650 1155 interpres.
2699 1096 2909 1139 certum
2977 1087 3217 1151 videtur,
3273 1087 3448 1141 inter-

1865 1180 2230 1249 pretationem
2276 1178 2519 1235 Gra-cam
2578 1181 2950 1249 apostolorum
3016 1189 3264 1251 tempore
3326 1196 3449 1236 esse

1865 1272 2083 1328 factam.

1935 1362 2023 1421 4'5.
2060 1365 2387 1421 Theodorus
2426 1367 2621 1437 lector,
2646 1370 2744 1425 lib.
2784 1386 2843 1436 η,
2890 1385 3009 1441 pag.
3054 1368 3157 1424 557
3190 1367 3448 1425 editionis

1869 1457 2067 1513 Valesii
2104 1461 2153 1514 in
2184 1460 2405 1515 Zenone
2435 1462 2547 1517 haec
2594 1464 2784 1518 scribit
2813 1481 2826 1518 :
2852 1483 2868 1516 ι
2905 1463 3167 1519 Barnaba:
3210 1461 3443 1534 apostoli

1867 1553 2112 1623 reliquite
2141 1554 2193 1607 in
2220 1553 2397 1626 Cypro
2425 1558 2527 1609 sub
2549 1557 2745 1611 arbore
2778 1558 2974 1626 siliqua
3038 1567 3268 1626 reperta
3294 1564 3445 1610 sunt.

1872 1645 2050 1715 Super
2117 1646 2277 1716 cujus
2336 1656 2558 1718 pectore
2606 1657 2724 1703 erat
2782 1647 3135 1719 Evangelium
3188 1648 3447 1714 Matthxi,

1871 1739 2042 1809 ipsius
2071 1738 2331 1795 Barnabas
2350 1757 2512 1795 manu
2542 1740 2947 1813 descriptum...
2983 1739 3041 1797 ld
3098 1741 3448 1814 Evangelium

1875 1831 2025 1887 Zeno
2056 1832 2313 1902 deposuit
2352 1834 2405 1886 in
2442 1832 2665 1904 palatio,
2727 1835 2781 1888 in
2832 1837 2948 1891 ade
2986 1833 3044 1890 S.
3090 1834 3376 1905 Stephani.
3425 1852 3445 1885 ι

1873 1921 2033 1974 Plura
2066 1920 2133 1974 de
2182 1921 2267 1974 his
2293 1921 2485 1975 scribit
2530 1922 2842 1978 Alexander
2879 1923 3183 1976 monachus
3223 1922 3453 1992 Cyprius

1872 2014 1926 2068 in
1961 2013 2116 2069 Actis
2150 2016 2324 2069 sancti
2382 2014 2664 2079 Barnabte,
2715 2015 2858 2087 apud
2897 2030 3000 2072 nos
3047 2016 3211 2071 editis
3261 2015 3328 2071 ad
3387 2013 3447 2068 Η

1874 2104 2047 2163 Junii.
2099 2106 2234 2162 Nam
2290 2123 2414 2180 pag.
2481 2109 2604 2172 ιευ.
2647 2119 2869 2165 sanctus
2922 2109 3203 2165 Barnabas
3255 2109 3460 2166 dicitur

1877 2202 2200 2272 apparuisse
2251 2203 2548 2257 Anthemio
2611 2203 2899 2258 Salamina:
2950 2203 3229 2275 episcopo,
3299 2203 3459 2272 eique

1880 2295 2154 2349 indicasse
2194 2294 2286 2350 ubi
2338 2294 2644 2365 depositum
2680 2304 2827 2350 esset
2868 2310 3067 2366 corpus
3127 2308 3287 2350 suum
3333 2309 3458 2351 cum

1877 2385 2171 2455 Evangelio
2230 2384 2405 2441 saneti
2451 2384 2713 2441 Mattliazi.
2777 2386 2957 2441 Verba
3007 2385 3289 2454 nonnulla,
3336 2400 3464 2457 quin

1876 2487 2107 2532 sanctus
2134 2477 2413 2533 Barnabas
2446 2478 2743 2533 Anthemio
2767 2479 2973 2534 dixisse
3017 2478 3299 2546 scribitur,
3357 2480 3467 2533 huc

1879 2566 2150 2624 transfero
2184 2583 2197 2618 ε
2225 2585 2245 2618 ι
2288 2568 2401 2622 Sub
2430 2568 2625 2623 arbore
2643 2568 2838 2639 siliqua
2858 2567 3085 2624 etl'odias
3110 2570 3460 2639 :speluncam

1878 2661 2023 2717 enim
2070 2671 2233 2731 atque
2269 2674 2454 2715 arcam
2483 2660 2757 2724 invenies,
2804 2660 3060 2731 quoniam
3110 2660 3223 2716 illic
3289 2671 3462 2717 totum

1880 2766 2079 2824 corpus
2108 2769 2293 2809 meum
2325 2753 2607 2811 conditum
2639 2763 2743 2821 est,
2791 2762 2847 2809 et
2902 2754 3257 2827 Evangelium
3298 2772 3463 2811 manu

1882 2848 2101 2917 propria
2144 2847 2435 2916 scriptum,
2470 2847 2613 2915 quod
2658 2863 2688 2900 a
2725 2857 2915 2903 sancto
2937 2849 3189 2919 apostolo
3216 2857 3273 2905 et
3295 2866 3464 2905 evan-

1881 2939 2069 3005 gelista
2094 2937 2349 2993 Matthmo
2386 2937 2596 3008 excepi.
2639 2957 2655 2988 ι
2686 2937 2750 2992 Ει
2783 2954 2909 2993 mox
2950 2942 3461 3011 corporisinventio

1884 3030 2143 3094 refertur,
2200 3041 2256 3087 et
2303 3031 2372 3088 de
2407 3031 2705 3103 Evangelia
2747 3032 3016 3089 additur:
3072 3052 3091 3086 r
3131 3033 3464 3091 Invenerunt

189 3142 438 3189 caruerit,
481 3129 574 3196 qui
606 3136 661 3181 et
696 3128 901 3195 primus
949 3124 1452 3195 Hierosolymorum
1484 3124 1773 3193 episcopus
1806 3138 1845 3192 ε
1880 3125 2042 3178 etiam
2092 3125 2449 3195 Evangelium
2486 3141 2653 3196 supra
2711 3125 2977 3183 Barnabas
3035 3141 3228 3200 pectus
3289 3131 3467 3202 impo-

188 3221 527 3274 constitutus
556 3229 639 3275 est
675 3239 701 3273 a
727 3220 930 3275 sanctis
959 3218 1244 3289 apostolis.
1283 3216 1399 3275 Non
1452 3216 1629 3286 placet
1658 3216 1773 3269 haec

190 3313 468 3367 sententia
502 3311 851 3367 Ttllemontio
873 3320 999 3367 nota
1038 3311 1074 3363 2
1107 3310 1166 3365 in
1209 3308 1553 3363 Matthaeum.
1589 3305 1775 3362 Primo

188 3406 290 3470 ait,
315 3406 429 3460 haec
459 3406 633 3459 solum
653 3405 753 3475 legi
789 3405 840 3458 in
864 3404 1146 3458 additione
1179 3401 1412 3474 Syqusi
1440 3403 1674 3474 adjecta.
1707 3404 1776 3458 At

192 3502 404 3556 nullam
424 3498 619 3568 allegat
646 3499 937 3557 rationem,
960 3512 1059 3551 cur
1074 3495 1369 3557 existimet,
1392 3494 1478 3548 illa
1513 3510 1623 3548 non
1656 3510 1776 3549 esse

190 3587 769 3657 ejusdcmSynopseos
787 3594 1032 3658 partem:
1076 3599 1180 3639 nec
1216 3598 1317 3657 ego
1350 3584 1513 3640 ullam
1555 3583 1777 3639 invenio

192 3680 343 3743 apud
377 3678 847 3736 Montfauconum.
872 3678 1122 3745 Secundo
1166 3676 1261 3744 ait,
1313 3692 1499 3733 vocem
1532 3676 1775 3733 Graecam

193 3774 525 3846 ἡρμηνεύθη
584 3789 745 3845 posse
779 3773 982 3845 exponi
1036 3787 1190 3844 a-que
1248 3771 1319 3826 de
1352 3774 1498 3826 nuda
1544 3772 1778 3840 explica-

193 3868 371 3926 tione,
404 3883 565 3935 quam
601 3867 669 3920 de
691 3867 1051 3919 translatione
1071 3867 1122 3918 in
1160 3866 1323 3919 aliam
1353 3864 1616 3934 linguam.
1642 3860 1780 3919 Vere

194 3958 307 4013 hoc
332 3958 440 4011 dici
468 3958 535 4012 de
575 3972 705 4013 voce
733 3955 922 4012 Graeca
977 3957 1156 4014 libens
1200 3971 1473 4029 agnoseo;
1530 3958 1625 4013 sed
1655 3972 1779 4012 cum

190 4052 456 4119 adjuncta
492 4051 676 4105 (ironia
723 4061 779 4107 et
805 4054 967 4122 paulo
1002 4062 1125 4123 post
1155 4052 1438 4124 sequentia
1465 4051 1777 4111 ostendant,

191 4146 280 4217 agi
308 4148 373 4200 de
425 4148 780 4202 translatione
849 4147 901 4200 in
960 4147 1200 4216 linguam
1244 4146 1512 4209 Griecam,
1551 4160 1659 4198 non
1702 4152 1781 4196 est

193 4239 336 4295 satis
360 4238 583 4292 fundata
609 4238 696 4290 illa
720 4236 978 4307 obiectio,
1008 4245 1103 4290 aut
1128 4238 1274 4306 justa
1305 4226 1779 4308 suspicio,vocém

198 4333 293 4387 hic
337 4333 409 4384 ita
445 4329 893 4401 intelligendam:
928 4346 1049 4384 nam
1076 4331 1268 4386 eadem
1315 4347 1421 4386 vox
1467 4331 1783 4399 frequenter

194 4424 432 4478 recurrit
457 4423 524 4477 de
548 4424 904 4479 translatione
930 4426 980 4479 in
1020 4425 1180 4478 aliam
1216 4424 1570 4495 linguam,de
1609 4440 1784 4494 eaque

213 4516 287 4567 ibi
321 4514 482 4568 unice
508 4516 706 4585 agitur.
749 4514 938 4570 Tertio
985 4517 1064 4569 ait
1105 4516 1492 4571 Tillemomius
1527 4536 1541 4571 :
1584 4535 1601 4568 ε
1645 4518 1785 4571 San-

197 4615 326 4661 ctus
353 4602 616 4670 Jacohus,
650 4606 736 4660 cui
772 4622 902 4661 cura
941 4608 1009 4661 de
1036 4606 1239 4661 Judteis
1271 4607 1785 4677 Hicrosolymitanis

194 4709 323 4753 erat
369 4700 682 4764 commissa,
719 4700 766 4754 is
796 4708 916 4754 erat
952 4700 1099 4754 inter
1130 4714 1323 4753 omnes
1364 4701 1662 4769 apostolos,
1696 4699 1782 4753 cui

197 4790 385 4846 minor
422 4801 541 4845 erat
575 4792 963 4863 opportunitas
987 4803 1041 4846 et
1070 4792 1372 4846 necessitas
1414 4789 1782 4845 transferendi

192 4883 554 4953 Evangelium
607 4884 783 4937 sancti
835 4883 1071 4938 Matthxi
1117 4885 1173 4937 in
1224 4884 1387 4937 aliam
1448 4884 1710 4952 linguam.
1762 4902 1780 4933 ι

190 4976 269 5031 At
303 4990 404 5046 ego
458 4991 567 5031 non
613 4977 791 5043 video,
851 4978 976 5046 quis
1025 4978 1397 5046 apostolorum
1452 4976 1503 5030 id
1549 4976 1785 5033 ofﬁcium

195 5070 375 5140 magis
399 5078 709 5140 opportune
736 5080 801 5123 et
830 5070 1117 5125 commode
1152 5070 1307 5125 obire
1352 5069 1610 5139 potuerit.
1652 5068 1784 5123 Nam

191 5162 441 5218 Jacobus
502 5162 759 5217 manebat
823 5161 1264 5234 Hierosolymis;
1313 5162 1545 5232 apostoli
1595 5176 1788 5215 omnes

193 5255 267 5309 ad
298 5257 433 5311 alias
460 5255 953 5325 proficiscebantur
983 5257 1317 5326 provincias,
1356 5269 1460 5311 nec
1513 5257 1657 5320 scire
1685 5271 1786 5325 po-

198 5358 409 5415 terant,
440 5349 681 5419 quandiu
722 5352 775 5402 in
814 5350 1045 5422 singulis
1095 5352 1415 5405 civitatibus
1474 5360 1569 5405 aut
1621 5353 1785 5405 etiam

194 5441 504 5510 provinciis
525 5450 835 5494 manerent.
885 5442 1161 5497 Habitanti
1195 5451 1377 5496 autem
1408 5442 1460 5495 in
1494 5454 1599 5496 una
1650 5457 1787 5497 con-

194 5539 411 5588 stanter
439 5534 662 5586 civitate
685 5537 1028 5590 commodius
1054 5547 1137 5589 est
1187 5536 1387 5589 librum
1421 5536 1663 5591 scribere
1694 5545 1788 5589 aut

196 5625 577 5690 interpretari,
612 5641 777 5696 quam
802 5628 870 5679 de
903 5628 1124 5682 civitate
1166 5630 1219 5681 in
1268 5628 1547 5685 civitatem
1603 5639 1789 5683 trans-

196 5718 357 5776 eunti
392 5725 447 5771 et
483 5731 752 5787 perpetuo
802 5724 1203 5791 peregrinanti.
1232 5722 1415 5793 Itaque
1443 5724 1532 5777 illa
1560 5733 1787 5779 senten-

198 5813 275 5868 tia
306 5812 498 5868 saltem
530 5825 641 5865 non
679 5814 862 5869 minus
918 5815 1231 5870 verisimilis
1297 5828 1403 5883 est,
1441 5832 1601 5885 quam
1652 5817 1786 5870 alio-

530 5905 798 5967 PnnoL.
856 5910 976 5970 Gn.
1012 5910 1189 5971 CXV.

1883 3219 2069 3273 situm.
2112 3239 2130 3271 ι
2174 3220 2381 3276 Deinde
2414 3236 2563 3287 vero,
2591 3236 2714 3276 cum
2746 3221 3079 3279 Anthemius
3118 3240 3231 3279 rem
3254 3236 3464 3297 gestam

1883 3313 2230 3381 exposuisset
2260 3312 2469 3369 Zenoni
2513 3314 2852 3384 imperatori,
2914 3324 2970 3372 et
3020 3317 3370 3383 obtinuisset,
3408 3329 3469 3374 ut.

1885 3405 2097 3477 Cyprus
2129 3422 2239 3461 non
2270 3408 2521 3463 subesset
2553 3407 2881 3478 patriarchae
2928 3409 3273 3466 Antiochcno
3296 3452 3311 3475 ,
3370 3428 3471 3482 pe-

1887 3498 1973 3549 tiit
2008 3498 2246 3551 vicissim
2292 3498 2459 3562 Zeno,
2498 3509 2556 3551 ut
2592 3500 2661 3553 ad
2713 3513 2775 3554 se
2817 3500 3134 3558 mitteretur
3183 3503 3469 3560 inventum

1888 3589 2124 3645 Matthxi
2155 3590 2525 3661 Evangelium.
2568 3611 2585 3642 ί
2619 3593 2894 3648 Asscnstts
2928 3604 3012 3650 est
3064 3598 3190 3666 ejus
3217 3600 3471 3668 petitioni

1888 3685 2202 3755 episcopus,
2254 3686 2331 3741 ait
2375 3687 2706 3751 AleXander,
2762 3701 2913 3743 num.
2959 3687 3050 3751 Η.
3092 3698 3147 3746 et
3179 3692 3470 3763 quemdam

1888 3790 1951 3829 ex
1984 3775 2071 3839 iis,
2105 3790 2243 3842 quos
2288 3791 2475 3829 secum
2509 3775 2743 3830 habebat
2774 3776 3318 3852 (Constantinopoli),
3341 3794 3473 3842 ‘una

1889 3881 2011 3920 cum
2057 3864 2377 3919 fidelissimo
2432 3865 2783 3934 imperatoris
2839 3869 3090 3924 ministro
3151 3871 3471 3943 episcopum

1893 3957 2064 4021 misit,
2105 3959 2198 4028 qui
2230 3957 2586 4031 Evangelium
2647 3959 2781 4016 illud
2818 3961 2870 4015 in
2916 3962 3109 4018 urbem
3158 3962 3476 4021 Constanti-

1891 4050 2140 4122 nopolim
2207 4052 2535 4108 attulerunt.
2608 4050 2779 4107 Erant
2845 4065 3030 4113 autem
3090 4058 3210 4113 lihri
3268 4060 3476 4115 tabella:

1895 4144 2100 4214 thyinis
2130 4145 2288 4216 lignis
2328 4147 2667 4217 compositio.
2713 4149 3070 4221 Evangelium
3121 4154 3255 4208 illud
3303 4156 3475 4227 impe-

1895 4247 2042 4294 rator
2077 4239 2131 4293 in
2154 4251 2375 4295 manum
2403 4240 2658 4311 sumpsit,
2687 4252 2742 4296 et
2776 4242 3125 4299 deosculatus
3170 4254 3277 4310 est,
3311 4261 3478 4303 auro-

1897 4347 2003 4403 que
2026 4333 2200 4388 multo
2234 4344 2563 4390 exornatum
2593 4336 2648 4390 in
2693 4336 2898 4408 palatio
2948 4353 3047 4393 suo
3083 4339 3350 4410 reposuit,
3385 4341 3476 4397 ubi

1896 4425 1964 4479 ad
1999 4424 2325 4479 hodiernum
2372 4442 2545 4494 usque
2568 4427 2711 4480 diem
2771 4414 3041 4491 Qrvatur,
3090 4438 3143 4482 et
3191 4428 3245 4482 in
3282 4445 3478 4501 magna

1826 4510 1865 4562 υ
1898 4516 2085 4585 quinta
2121 4517 2342 4572 l‘aschie
2375 4518 2508 4574 feria
2550 4521 2845 4590 quotannis
2889 4522 2944 4573 in
3003 4520 3189 4590 palatii
3234 4524 3478 4580 oratorio

1896 4608 2247 4681 Evangeliom
2297 4628 2360 4666 ex
2403 4627 2469 4667 eo
2538 4614 2675 4666 libro
2733 4613 3017 4669 recitatur.
3063 4632 3081 4666 ι
3139 4614 3265 4672 Haec
3317 4616 3479 4673 lectio

1891 4702 2255 4766 demonstrat.
2287 4703 2474 4764 Cra-ee
2494 4706 2759 4776 scriptum
2786 4707 2955 4764 fuisse
2991 4709 3135 4764 istud
3174 4712 3478 4781 exetnplar,

1891 4812 2015 4849 cum
2067 4795 2387 4869 solalingua
2416 4798 2602 4855 Grmca
2646 4799 3120 4871 Constantinopoli
3175 4815 3319 4858 esset
3362 4806 3476 4857 vul-

1892 4889 2075 4959 garis;
2134 4892 2369 4959 indeque
2434 4893 2815 4955 conﬁrmatur,
2877 4896 3185 4951 versionem
3233 4896 3474 4953 (intrant

1890 4982 2267 5052 apostolorum
2304 4992 2549 5054 tempore
2582 4986 2779 5041 factam
2801 5000 2947 5042 esse.

1964 5074 2056 5131 ιϐ.
2091 5075 2499 5147 Papebrochius
2528 5088 2717 5135 noster
2780 5080 2832 5134 in
2871 5080 3162 5137 Adnotatis
3191 5082 3258 5138 ad
3311 5083 3475 5138 verba

1887 5166 1999 5235 jam
2049 5169 2173 5223 data
2209 5170 2524 5240 apparentis
2564 5170 2823 5227 Barnabte
2854 5173 3110 5229 observat
3138 5178 3422 5244 sequentia
3459 5193 3472 5229 :

1900 5281 1915 5310 ι
1949 5260 2173 5317 Nativus
2196 5263 2488 5337 verborum
2524 5278 2722 5319 sensus
2762 5264 2978 5319 videtur
3015 5268 3324 5335 esse,quod
3347 5266 3476 5321 Bar-

1894 5355 2062 5408 nabas
2115 5354 2498 5425 Evangelium,
2571 5356 2827 5427 primitus
2883 5355 3150 5412 Hebraice
3235 5359 3473 5423 editum,

1896 5446 2111 5515 propria
2152 5464 2317 5501 manu
2352 5451 2636 5518 exceperit
2696 5465 2767 5505 ex
2814 5454 2909 5505 ore
2964 5449 3254 5520 ipsiusmet
3300 5454 3474 5507 sancti

1892 5539 2154 5605 Matt-hei,
2194 5541 2324 5594 illud
2375 5539 2561 5595 Graece
2612 5542 2894 5605 dictantis,
2928 5552 2985 5596 et
3023 5558 3208 5609 secum
3264 5545 3472 5609 tulerit,

1890 5632 2039 5685 sicut
2064 5636 2227 5686 etiam
2267 5630 2467 5689 fecisse
2496 5633 2701 5689 dicitur
2746 5645 2972 5690 sanctus
3040 5636 3475 5693 Barlholomaeus

1893 5721 1981 5792 (de
2014 5722 2282 5780 Hebraico
2314 5727 2628 5792 nimirum),
2669 5728 2854 5798 plures
2904 5729 3132 5785 forsnan
3185 5732 3299 5797 alii,
3364 5746 3473 5785 uno

1892 5820 2192 5889 eodemque
2229 5831 2420 5878 tenore
2449 5834 2504 5879 ct
2530 5834 2797 5896 tempore,
2831 5826 2967 5881 citra
3018 5828 3177 5884 ullam
3210 5827 3476 5882 differen-

3078 5918 3152 5979 εδ
