4156 6314
751 340 849 402 779

1963 333 2246 394 MENSIS
2287 331 2576 394 SEPTEM
2589 331 2760 393 BER.

3891 323 3998 386 780

751 459 917 520 tiam;
951 469 1070 523 qua:
1103 453 1334 508 inveniri
1371 451 1617 518 deberet,
1646 452 1690 506 si
1726 450 1958 521 quisque
1981 465 2083 503 suo
2137 460 2311 503 marte
2344 453 2386 507 Λ
2417 448 2514 512 dit,
2560 465 2749 518 parum
2789 454 2881 501 aut
2945 444 3080 500 nihil
3140 445 3208 498 de
3285 443 3678 513 praedicatione
3753 439 3999 495 Matthxi

745 545 1020 619 propriam
1055 525 1157 600 sibi
1189 544 1504 600 versionem
1537 542 1777 606 fecisset,
1806 541 1962 610 cujus
1990 540 2314 594 dinei-entia:

746 635 948 689 nullum
975 633 1184 702 uspiam
1207 642 1383 686 exstat
1419 631 1704 685 indicium.
1739 633 1915 699 Atque
1946 630 2074 684 hinc
2109 630 2313 684 factum

748 727 831 791 sit,
863 734 922 779 ut
945 726 1030 782 alii
1063 725 1352 790 Jacobum,
1380 724 1466 778 alii
1491 723 1780 786 Joannem,
1802 724 1890 778 alii
1917 725 2079 777 etiam
2109 724 2312 778 Lucam

751 820 829 874 vel
882 818 1110 872 Paulum
1175 819 1533 887 interpretem
1595 819 1846 883 fecerint,
1898 828 2061 887 prout
2109 816 2316 871 scilicet

748 923 970 978 quaeque
1003 908 1246 962 Ecclesia
1283 907 1633 978 Evangelium
1663 908 1874 977 legebat
1920 922 1985 960 ex
2035 907 2197 974 hujus
2229 909 2314 962 vel

747 1001 889 1054 illius
943 1001 1172 1068 apostoli
1237 1001 1596 1070 autographa.
1654 1019 1671 1051 ›
1731 999 2050 1052 Verisimilis
2095 999 2312 1067 quidem

748 1104 968 1162 apparet
1007 1094 1121 1147 haec
1149 1094 1497 1161 conjectura;
1551 1093 1853 1151 praesertim
1911 1106 2033 1145 cum
2084 1091 2312 1160 apostoli

748 1203 853 1238 non
885 1186 1166 1240 videantur
1222 1187 1447 1254 profecti
1493 1187 1556 1238 ad
1622 1185 1946 1254 longinquas
2008 1183 2316 1253 provincias

748 1287 873 1332 ante
923 1281 1184 1348 scripturn
1231 1280 1469 1334 illatthzei
1522 1279 1900 1348 Evangelium,
1967 1286 2026 1331 ut
2077 1275 2313 1331 dubitari

747 1373 833 1427 vix
881 1373 1073 1443 possit,
1145 1372 1274 1441 quin
1309 1372 1504 1442 singuli
1558 1371 1835 1440 exemplar
1890 1369 2106 1439 aliquod
2170 1369 2314 1422 illius

748 1465 1018 1534 Evangelii
1071 1479 1257 1518 secum
1298 1464 1545 1517 tulerint.
1580 1463 1716 1518 Cum
1765 1472 1946 1517 autem
2000 1477 2108 1515 non
2155 1460 2312 1529 pauci

747 1574 811 1612 ex
844 1557 947 1611 illis
989 1556 1464 1627 proficiscerentur
1520 1555 1584 1609 ad
1638 1554 1964 1625 provincias,
2018 1553 2068 1606 in
2119 1553 2314 1621 quibus

747 1652 857 1706 fere
881 1651 992 1704 sola
1027 1651 1225 1704 usitata
1256 1660 1372 1704 erat
1413 1650 1591 1720 lingua
1624 1647 1830 1712 Graeca,
1867 1647 2312 1700 verisimillimnm

747 1755 850 1807 est,
884 1746 1003 1798 illos
1025 1743 1273 1797 Grzecum
1307 1743 1485 1812 potius
1517 1743 1816 1811 exemplar,
1870 1751 1929 1793 ut
1981 1749 2191 1792 constat
2250 1740 2316 1792 de

2417 550 2755 609 compertum
2797 539 2900 593 sibi
2965 538 3157 592 fuisse.
3219 536 3434 590 Etenim
3489 534 3696 588 nullam
3751 534 4002 586 nominat

2417 632 2754 701 provinciam
2785 639 2880 684 aut
2908 630 3123 691 urbem,
3158 629 3212 682 in
3248 644 3353 697 qua
3388 626 3548 680 fidem
3606 625 4000 695 pradicaverit

2416 724 2725 787 Matthaeus,
2758 732 2951 792 praeter
3000 721 3334 791 iiierapolim
3390 719 3579 791 Syriar,
3611 719 3663 772 in
3693 735 3806 789 qua
3841 736 3998 773 mar-

2418 815 2554 885 tyrio
2591 824 2909 868 coronatum
2966 815 3215 869 credidit.
3259 812 3371 867 Hac
3423 813 3489 866 de
3534 825 3725 875 causa,
3782 814 3998 879 opinor,

2415 924 2539 978 pag.
2576 906 2682 961 404
2737 921 2801 959 ex
2869 905 2983 960 sola
3045 905 3419 960 verisimiliter
3471 905 3794 972 conjectura
3855 901 3997 964 dicit,

2417 1003 2595 1071 ipsum
2634 1016 2864 1070 corpore
2895 1001 3062 1055 fuisse
3095 1000 3471 1066 imbecilliore,
3523 997 3997 1067 Evangeliumque

2415 1095 2722 1164 scripsisse,
2751 1094 2880 1149 dum
2904 1094 2990 1147 alii
3016 1093 3156 1162 apud
3185 1094 3360 1146 varias
3384 1101 3572 1164 gentes
3599 1090 3999 1161 praedicabant.

2416 1187 2669 1242 Pluribus
2695 1203 2828 1242 sane
2870 1187 3051 1240 verbis
3097 1187 3146 1240 id
3205 1186 3400 1240 Orator
3457 1186 3839 1255 prosequitur,
3911 1183 4001 1234 scd

2417 1297 2584 1351 pauca
2607 1279 2896 1342 sufﬁcient,
2928 1295 3055 1333 cum
3093 1287 3306 1333 constet
3338 1279 3403 1332 de
3423 1279 3628 1348 scripto
3662 1279 4000 1350 Evangelia:

2423 1390 2441 1422 ι
2475 1368 2714 1440 Quaeque
2745 1371 2881 1424 adeo
2918 1370 3110 1439 reliqui
3160 1370 3434 1439 (apostoli)
3489 1371 3750 1440 gentibus
3801 1372 4004 1440 lingua:

2419 1478 2647 1518 munere
2681 1477 2788 1515 non
2821 1461 3025 1529 scripta
3060 1462 3418 1525 tradiderant,
3448 1462 3562 1517 haec
3596 1479 3840 1533 magnus
3878 1464 4010 1518 Mat-

2420 1560 2591 1610 thaaus
2649 1555 2852 1623 scripta
2925 1554 3386 1608 commentatione
3468 1568 3679 1608 summa
3741 1557 4009 1624 colligens

2420 1658 2589 1702 totum
2650 1646 2809 1699 Verbi
2873 1643 3192 1714 mysterium
3264 1642 3434 1696 sacris
3511 1646 4006 1710 praadieatiouibus

2421 1740 2733 1794 intexuit.»
2778 1739 2851 1791 ita
2906 1737 3044 1806 ipse,
3101 1736 3400 1806 interprete
3454 1734 3814 1798 Combefisio,
3869 1736 4008 1788 Mat-

748 1835 1014 1899 Barnaba,
1041 1810 1361 1904 sumpsisse,
1393 1849 1551 1901 quam
1615 1810 1961 1894 Hebraicum,
2001 1841 2056 1884 ut
2091 1831 2216 1883 illud
2261 1831 2312 1882 in
2345 1810 2390 1869 Β
2425 1834 2626 1885 threum
2689 1830 2894 1884 inducit
2927 1829 3282 1892 scribentem,
3337 1828 3463 1881 dum
3499 1827 3585 1880 alii
3633 1830 3879 1897 apostoli
3919 1845 4011 1897 per

746 1927 990 1982 ccclesiis
1005 1926 1273 1994 erigendis
1303 1924 1584 1994 legendum
1616 1922 1747 1976 dare
1785 1935 2006 1991 possent
2033 1931 2085 1974 et
2115 1921 2316 1975 exscri-

749 2018 1005 2073 bendum.
1034 2017 1419 2071 Verumtamen
1453 2017 1778 2085 conjectura:
1803 2025 2010 2068 tantum
2042 2025 2169 2068 sunt
2201 2014 2312 2078 hae;

749 2122 928 2175 neque
967 2106 1100 2161 certi
1135 2105 1338 2175 aliquid
1384 2103 1614 2174 proferri
1675 2113 1851 2174 potest
1898 2104 1966 2158 de
2012 2104 2176 2157 rebus
2231 2103 2317 2157 in-

749 2201 934 2255 certis.

820 2293 908 2346 47.
940 2290 1081 2356 Quin
1113 2299 1167 2345 et
1191 2291 1352 2345 verba
1388 2289 1730 2358 Papize,data
1756 2305 1906 2341 num.
1937 2289 2318 2352 50,coutraria

749 2380 1004 2436 videntur
1039 2379 1196 2434 dictis
1226 2378 1573 2450 conjecturis,
1611 2377 1654 2430 si
1707 2377 2050 2446 intelligenda
2101 2378 2212 2431 sint
2256 2393 2319 2431 eo

753 2488 938 2536 sensu,
968 2486 1074 2538 quo
1096 2471 1298 2541 passim
1325 2477 1692 2541 exponuntur.
1730 2487 1746 2520 α
1776 2469 2058 2524 Matthaaus
2075 2470 2317 2542 quidem,

755 2563 950 2632 inquit,
977 2562 1243 2617 liebraico
1276 2577 1526 2617 sermone
1558 2563 1735 2616 divina
1799 2563 2018 2632 scripsit
2051 2564 2269 2617 oracula
2304 2581 2315 2616 :

754 2656 1146 2724 interpretatus
1175 2664 1259 2709 est
1316 2668 1499 2710 autem
1541 2654 1916 2725 unusquisque
1975 2655 2086 2719 illa,
2160 2667 2320 2724 prout

755 2748 949 2816 potuit.
983 2766 1001 2798 ι
1041 2747 1164 2801 llaec
1195 2746 1359 2801 verba
1384 2764 1413 2801 a
1439 2747 1601 2800 variis
1629 2747 1700 2800 ita
1732 2746 1972 2816 exposita
2005 2748 2187 2812 video,
2211 2748 2318 2801 acsi

753 2842 947 2911 Papias
1005 2842 1248 2906 dixisset,
1302 2855 1742 2908 unumquemque
1793 2855 1890 2908 pro
1946 2855 2044 2894 suo
2102 2839 2321 2911 ingenio

751 2948 1064 3004 aggressum
1099 2947 1216 2987 esse
1258 2931 1758 3001 interpretationem
1816 2931 2080 2987 Grrecam.
2148 2934 2216 2987 At
2257 2949 2320 2988 ea

754 3028 930 3095 Papiae
963 3026 1247 3079 verborum
1275 3026 1543 3095 expositio
1573 3042 1919 3096 nequaquam
1953 3027 2086 3080 mihi
2121 3043 2319 3081 neces-

2426 1924 2689 1979 mundum
2724 1922 3126 1986 discurrebant,
3156 1933 3210 1974 et
3241 1922 3481 1990 undique
3509 1937 3661 1974 sacra
3716 1919 4008 1991 Evangelii

2421 2018 2630 2072 semina
2660 2016 2956 2085 jaciehant.
2993 2015 3190 2068 Verum
3225 2030 3326 2068 nec
3392 2014 3830 2068 imbecillitatem
3888 2030 4010 2067 cor-

2422 2115 2591 2183 poris,
2627 2113 2694 2167 de
2723 2127 2827 2181 qua
2861 2110 2997 2163 nihil
3026 2109 3168 2179 apud
3193 2106 3818 2168 vetustiorethtthmo
3837 2107 4010 2162 fuisse

2424 2203 2820 2273 impedimento
2849 2201 3066 2270 opinor,
3099 2214 3208 2267 quo
3241 2198 3420 2252 minus
3463 2197 3826 2268 Evangelium
3863 2215 4010 2268 prae-

2424 2294 2678 2355 dicaret;
2744 2307 2847 2345 nec
2892 2292 3168 2344 assentior
3201 2287 3424 2352 Nicetze,
3475 2297 3602 2342 tunc
3661 2304 3690 2342 a
3751 2289 4013 2343 Matthaco

2424 2384 2690 2454 scriptum
2749 2381 2921 2436 fuisse
2960 2380 3335 2452 Evangelium,
3383 2381 3600 2450 quando
3632 2382 3721 2434 alii
3769 2383 4011 2451 apostoli

2423 2480 2487 2531 ad
2517 2478 2838 2548 longinquas
2871 2475 3102 2547 profecti
3138 2485 3294 2529 erant
3323 2475 3664 2545 provincias;
3717 2475 3840 2536 sed,
3878 2489 4003 2527 cum

2425 2571 2537 2640 ipse
2566 2569 2784 2624 Nicctas
2819 2585 2940 2639 pag.
2987 2568 3090 2622 406
3137 2568 3302 2632 dicat,
3338 2566 3588 2620 omittere
3629 2581 3686 2618 se
3738 2567 4011 2634 praeclara

2425 2672 2598 2732 gesta,
2665 2660 3071 2729 praedicationis
3136 2659 3391 2712 nimirum
3469 2665 3524 2710 et
3588 2657 4010 2721 miraculorum,

2424 2755 2608 2809 malim
2637 2754 2884 2817 credere,
2917 2761 3190 2805 oratorem
3243 2750 3383 2804 nihil
3414 2750 3550 2804 certi
3594 2749 3662 2804 de
3696 2750 3808 2802 illis
3860 2750 4014 2803 inv:-

2426 2849 2591 2910 nisse,
2651 2860 2812 2916 quam
2856 2844 3167 2899 Matthaeum
3240 2859 3347 2898 non
3402 2843 3727 2912 praedicasse
3781 2857 4015 2912 :neque

2424 2941 2571 2995 enim
2667 2941 2888 3009 scriptio
2963 2938 3234 3010 Evangelii
3318 2948 3469 2992 tanto
3565 2949 3818 3006 tempore
3891 2952 4012 2991 sano

2425 3045 2575 3090 ctum
2627 3033 2879 3088 detinuere
2915 3032 3126 3099 debuit,
3152 3041 3207 3085 ut
3259 3045 3366 3084 non
3392 3031 3632 3099 potuerit
3656 3029 3855 3083 eodem
3889 3044 4013 3082 curn

759 3120 901 3171 saria
951 3115 1183 3178 \‘idelur.
1232 3116 1341 3169 ἱηιο
1375 3133 1442 3170 ηε
1491 3117 1623 3169 satis
1673 3118 1889 3186 quidem
1950 3118 2245 3186 Probabilis
2304 3136 2390 3210 τε
2427 3128 2545 3181 aliis
2586 3136 2831 3196 tempore
2886 3123 3161 3194 proficisci
3219 3123 3285 3177 ad
3343 3122 3682 3193 provinciam
3724 3121 3832 3176 sibi
3873 3121 4014 3174 assi-

759 3224 881 3263 nam
914 3223 1016 3264 vox
1070 3207 1426 3278 unusquisque
1489 3215 1698 3262 tantum
1741 3210 1980 3264 insinuat
2030 3227 2318 3266 numerum

755 3301 1132 3367 interpretum,
1169 3309 1226 3353 ut
1258 3313 1366 3352 non
1422 3297 1514 3353 fiat
1551 3300 1864 3366 verisimile,
1905 3300 2126 3371 Papiam
2167 3304 2320 3357 locu-

754 3399 870 3443 tum
902 3402 1023 3442 esse
1072 3387 1137 3442 de
1166 3388 1619 3457 interpretatione
1673 3391 1842 3444 totius
1894 3392 2168 3459 Evangelii
2208 3394 2323 3445 sive

755 3479 1106 3536 translatione
1159 3482 1214 3536 in
1273 3483 1509 3551 linguam
1590 3483 1853 3536 Grtecam.
1914 3481 2093 3547 Quare
2150 3484 2322 3537 solum

753 3572 909 3635 dicit,
947 3573 1132 3626 divina
1179 3571 1406 3626 Oracula
1463 3589 1492 3627 a
1550 3572 1804 3628 Matth-aco
1839 3576 2039 3643 scripto
2088 3576 2322 3640 tradita;

754 3663 823 3717 ab
845 3663 965 3718 aliis
989 3679 1116 3718 vero
1144 3679 1241 3734 pro
1265 3665 1691 3736 uniuscujusque
1721 3668 2024 3735 capacitate
2051 3670 2215 3722 verbo
2233 3680 2324 3722 aut

755 3757 960 3825 scripto
987 3758 1251 3826 exposita.
1305 3756 1489 3822 Itaque
1516 3758 1666 3809 nullo
1721 3759 1880 3810 modo
1918 3758 2128 3810 videtur
2175 3760 2324 3827 inqui

759 3850 825 3902 de
851 3849 1207 3902 translatione
1243 3847 1516 3917 Evangelii
1561 3847 1609 3900 in
1659 3847 1894 3919 linguam
1934 3847 2196 3914 Graecam,
2231 3853 2324 3907 scd

757 3941 838 3994 vel
871 3939 1044 3994 solum
1072 3937 1137 3994 de
1173 3939 1561 4010 praedicatione
1597 3939 1897 4011 Evangelii,
1941 3943 2023 3998 vel
2048 3944 2113 3996 de
2143 3960 2319 4014 expo-

758 4033 957 4088 sitione
993 4049 1207 4098 eorum,
1231 4047 1351 4100 qua:
1387 4033 1442 4084 in
1470 4033 1763 4102 Evangelio
1801 4032 2037 4087 Mattha-i
2068 4050 2326 4089 occurre-

761 4126 894 4179 bant
922 4125 1253 4179 difiiciliora.
1295 4123 1409 4179 Hoc
1453 4123 1648 4179 fecisse
1678 4141 2123 4198 unumquemque
2147 4131 2327 4184 docto-

763 4235 883 4273 rum
936 4218 1092 4274 facile
1125 4217 1443 4272 credimus:
1483 4227 1538 4271 at
1587 4232 2030 4288 unumquemque
2080 4236 2177 4290 pro
2228 4237 2328 4276 suo

757 4312 976 4383 ingenio
1018 4309 1368 4380 Evangelium
1429 4307 1666 4362 Matthxi
1707 4307 1954 4362 Grecum
1989 4311 2171 4364 facere
2234 4328 2321 4366 vo-

758 4405 946 4468 luisse,
987 4417 1088 4457 nec
1119 4399 1411 4456 verisimile
1459 4409 1568 4467 est,
1609 4415 1712 4455 nec
1750 4400 1882 4456 dicit
1935 4401 2145 4471 Papias.
2201 4403 2325 4460 Sola

2424 3226 2661 3289 gnatam.

2496 3308 2581 3362 ιθ.
2620 3309 2904 3363 Provincia
2938 3319 3141 3370 autem,
3180 3321 3299 3374 qua:
3332 3305 3385 3356 in
3444 3304 3596 3356 Actis
3649 3304 3891 3358 edendis
3961 3314 4014 3358 et

2425 3401 2654 3453 aliorum
2694 3399 3009 3452 testimonio
3039 3397 3314 3467 assignata
3367 3395 3468 3449 fuit
3513 3405 3705 3448 sancto
3731 3394 4014 3458 Mattbazu,

2427 3506 2508 3551 est
2559 3492 2828 3562 EthiOpia
2853 3534 2870 3560 ,
2900 3491 3221 3546 latissimum
3284 3488 3482 3544 Africa:
3519 3504 3776 3559 regnum,
3834 3491 3880 3542 si
3920 3505 4016 3541 vox

2430 3586 2710 3657 AZthiopia
2744 3585 2815 3640 sit
2846 3583 3199 3654 intelligenda
3219 3597 3383 3638 sensu
3418 3582 3654 3636 maxime
3686 3582 3880 3636 obvio.
3914 3580 4017 3634 itu-

2427 3681 2591 3746 finus,
2627 3683 2720 3737 lib.
2755 3698 2810 3747 x,
2835 3695 2959 3750 cap.
2995 3680 3048 3746 9,
3088 3679 3203 3733 haec
3235 3678 3467 3734 scribit:
3518 3679 3608 3731 «in
3644 3692 3712 3732 ea
3737 3676 4014 3731 divisione

2428 3774 2578 3827 orbis
2636 3782 2815 3835 terra,
2861 3785 2983 3838 quae
3037 3770 3106 3822 ad
3166 3770 3573 3839 praedicandum
3633 3772 3878 3824 verbum
3928 3770 4015 3823 Dei

2429 3873 2576 3922 sorte
2602 3879 2701 3935 per
2730 3863 3008 3934 apostolos
3040 3860 3317 3916 celebrata
3358 3869 3477 3925 est;
3532 3874 3656 3914 cum
3714 3857 3844 3913 alia:
3901 3861 4015 3913 aliis

2430 3959 2726 4030 provincia:
2751 3960 3130 4022 obvenissent,
3163 3954 3386 4010 Thema:
3408 3954 3647 4018 Parthia,
3674 3963 3733 4007 et
3758 3952 4012 4008 Marthae

2431 4049 2735 4116 ASthiopia,
2775 4048 2935 4116 eique
2963 4047 3250 4100 adhaerens
3281 4047 3505 4101 citerior
3530 4045 3687 4099 india
3723 4044 4014 4100 Bartholo-

2432 4149 2568 4190 maco
2599 4135 2799 4189 dicitur
2835 4143 2984 4187 sorte
3011 4133 3252 4187 decreta.
3282 4152 3300 4184 ›
3336 4134 3534 4189 Eodem
3571 4137 3690 4190 fere
3733 4140 3907 4193 modo
3933 4136 4015 4191 So-

2431 4239 2634 4292 crates,
2671 4227 2766 4280 lib.
2789 4240 2828 4289 ι,
2862 4239 2984 4294 cap.
3036 4223 3101 4279 l9
3135 4239 3149 4277 :
3193 4242 3208 4273 ε
3238 4221 3373 4278 Cum
3405 4227 3634 4296 apostoli
3666 4231 4017 4293 praedicatio-

2432 4319 2518 4370 nis
2538 4334 2704 4370 causa
2731 4316 2797 4370 ad
2840 4326 3031 4388 gentes
3063 4312 3381 4385 profecturi,
3433 4330 3525 4367 cas
3553 4314 3704 4369 inter
3729 4332 3794 4370 se
3823 4330 4014 4372 sortito

2432 4408 2752 4472 dividerint,
2798 4407 3037 4461 Thomas
3111 4408 3330 4476 quidem
3397 4406 3655 4473 Parthia},
3722 4409 4015 4466 Matth-eus

759 4495 1165 4549 neotericorum
1240 4493 1506 4560 expositio
1568 4493 1897 4547 sententiam
1949 4493 2093 4547 illam
2149 4494 2325 4565 Papiae
2353 4508 2404 4568 ι)
2436 4516 2566 4554 vero
2591 4498 2885 4569 iﬁlliiopia:
2909 4499 3276 4569 apostolatqu
3307 4499 3538 4554 sartitus
3563 4514 3670 4554 est.
3721 4501 4015 4559 Bartholu—

760 4588 1029 4652 attribuit,
1066 4584 1192 4639 licet
1219 4600 1322 4640 vox
1352 4582 1535 4639 Grieca
1582 4585 1918 4654 ἡρμήνιυσε,
1949 4587 2324 4656 interpretatus

762 4693 866 4747 est,
907 4681 1052 4736 illam
1078 4677 1477 4748 expositionem
1505 4678 1734 4732 minime
1780 4680 2044 4748 requirat,
2076 4681 2169 4735 scd
2197 4697 2326 4751 pro-

764 4782 884 4843 pter
945 4771 1197 4839 adjuncta
1248 4769 1429 4840 potius
1476 4779 1693 4824 renuat.
1720 4770 1942 4825 Certum
1994 4773 2157 4842 igitur
2208 4790 2327 4829 esse

763 4865 944 4928 debet,
991 4864 1362 4934 apostolorum
1398 4875 1643 4934 tempore
1682 4866 1878 4919 factam
1945 4882 2067 4921 esse
2125 4871 2330 4924 versio-

764 4971 886 5011 nem
912 4955 1184 5022 Grecam,
1218 4956 1544 5026 unicamque
1573 4955 1739 5011 fuisse
1793 4959 2173 5027 approbatam,
2202 4975 2326 5014 cum

767 5048 831 5104 de
855 5049 1103 5116 pluribus
1133 5049 1316 5102 nullus
1334 5048 1667 5102 meminerit.
1704 5048 1930 5117 Reliqua
1962 5051 2027 5103 ad
2083 5050 2330 5120 Evange-

765 5135 896 5188 lium
933 5135 1168 5190 Matthazi
1204 5136 1508 5206 spectantia
1557 5136 1945 5205 interpretibus
1988 5153 2154 5193 sacra:
2185 5141 2332 5193 Scri-

768 5239 936 5295 ptura:
967 5230 1323 5284 examinanda
1354 5229 1628 5299 relinquo.

765 5365 792 5434 ᾗ
845 5363 934 5418 ιν.
977 5363 1289 5417 Praedicatio
1335 5365 1508 5417 sancti
1566 5364 1804 5420 Mattlrari
1864 5377 1911 5419 et
1986 5365 2328 5436 Martyrium.

836 5502 928 5555 48.
946 5501 1018 5554 De
1041 5501 1423 5570 prmdicatione
1447 5503 1717 5571 Evangelii
1739 5503 1792 5554 in
1813 5502 2018 5565 Judara,
2041 5511 2329 5570 antequam

766 5593 997 5660 apostoli
1039 5593 1092 5646 in
1120 5593 1429 5661 designatas
1456 5593 1560 5645 sibi
1601 5594 1909 5662 provincias
1937 5596 2330 5660 discesserunt,

767 5685 977 5738 nullum
1006 5695 1087 5738 est
1117 5685 1365 5738 dubium.
1423 5685 1638 5740 Nicetas
1669 5687 1941 5755 Paphlago
1981 5690 2032 5738 in
2074 5687 2332 5742 Oratione

767 5779 1175 5843 encomiastica,
1203 5781 1342 5848 apud
1373 5778 1789 5845 Cumbcfisinm,
1831 5798 1948 5850 pag.
1975 5782 2097 5847 lOi,
2134 5795 2331 5836 osten-

2437 4610 2570 4648 maeo
2605 4594 2775 4655 India,
2815 4607 2933 4660 qua:
2961 4590 3254 4658 Ethiopian
3290 4595 3521 4645 confinis
3584 4601 3697 4658 est,
3737 4596 3958 4668 obtigit.
3999 4617 4013 4647 ›

2435 4685 2664 4740 Accedit
2687 4682 3024 4737 Fortunatus
3047 4681 3189 4736 infra
3213 4682 3524 4738 laudandus
3555 4699 3684 4738 cum
3740 4687 3878 4742 aliis
3909 4693 4018 4757 plu-

2436 4778 2612 4841 ribus,
2647 4776 2790 4828 inter
2819 4788 2960 4844 quos
3016 4772 3144 4828 Milo
3195 4775 3495 4829 monachus
3533 4775 3586 4829 in
3637 4776 3763 4831 \‘ita
3793 4779 4020 4832 metrica

2438 4872 2494 4925 ὃ.
2528 4867 2783 4932 Amandi,
2815 4877 2944 4921 tom.
2992 4867 3009 4920 ι
3059 4866 3348 4922 Februarii
3411 4868 3557 4934 data,
3614 4884 3744 4940 pag.
3793 4869 3908 4926 876
3957 4873 4020 4925 ita

2438 4965 2586 5018 canit
2611 4979 2624 5013 :

2439 5071 2721 5127 Matt/tarus
2755 5069 3032 5138 [Ithiopaa
3067 5079 3292 5123 torrente
3316 5071 3503 5124 ardore
3537 5085 3804 5128 crematos

2444 5143 2502 5197 Ut
2538 5140 2678 5196 Geon
2709 5141 2932 5192 eximius
2960 5155 3168 5192 sacrato
3199 5144 3356 5194 diluit
3391 5155 3568 5204 autne,

2442 5212 2514 5266 Et
2543 5215 2670 5281 facit
2709 5214 2762 5262 in
2797 5212 3016 5277 speciem
3045 5212 3176 5262 lotos
3213 5214 3436 5265 crmdere
3474 5215 3730 5268 niualem.

2512 5326 2600 5379 50.
2637 5322 3009 5377 Florentinius
3049 5323 3104 5377 in
3139 5321 3290 5377 Notis
3324 5325 3390 5378 ad
3438 5324 3751 5382 indiculum
3797 5342 4017 5398 aposto-

2440 5418 2617 5470 lorum
2674 5415 2727 5468 in
2782 5413 3036 5468 Matthan
3065 5430 3185 5485 pag.
3254 5416 3356 5470 158
3423 5419 3550 5472 ait:
3598 5438 3617 5470 ι
3656 5417 4017 5477 Communior

2441 5517 2624 5560 autem
2649 5508 2870 5559 videtur
2899 5507 3194 5570 sententia,
3232 5507 3549 5563 Matthzeum
3600 5514 3940 5580 praedicasse
3971 5536 4014 5567 Ill

2440 5599 2679 5652 citcriori
2706 5597 3004 5668 .Ethiopia,
3036 5615 3155 5667 qua:
3183 5601 3415 5655 vicinior
3444 5613 3531 5657 est
3561 5602 3799 5674 Aigypto
3832 5621 4018 5675 etquae

2444 5687 2658 5740 Sonnar
2728 5688 2889 5741 hodie
2939 5690 3159 5750 dicitur,
3224 5706 3289 5744 ac
3357 5703 3642 5748 mortuum
3689 5698 3746 5749 in
3803 5702 4018 5752 civitala

2445 5780 2593 5832 Luch
2632 5781 2792 5849 (apud
2823 5797 2852 5832 a
2895 5781 3092 5851 Lapide
3127 5781 3333 5854 Luach)
3367 5784 3457 5840 ubi
3491 5788 3796 5844 etiamnum
3827 5791 4014 5859 templa
