4156 6314
163 422 252 485 781

1400 418 1574 478 VITA
1618 417 1676 476 S.
1720 415 2106 476 MATTHJZI.

3266 425 3371 484 782

165 544 216 596 in
243 543 492 594 honorem
521 539 695 594 sancti
723 535 960 592 Matthaei
992 547 1207 591 exstare
1239 533 1404 588 habet
1438 548 1501 588 ex
1534 533 1704 587 tradi-
1740 538 1787 594 Α
1813 531 2095 587 Candaccs
2124 535 2319 604 regina:
2352 535 2515 590 fuisse
2551 537 2784 608 Aigypto
2816 539 3119 608 proximum
3158 551 3211 594 et
3245 557 3376 596 con-

169 631 396 687 tionibus
461 629 785 700 Aitliiopum
855 631 932 698 (et
983 630 1180 682 litteris
1239 627 1709 682 missionariorum

164 724 397 794 quamvis
425 738 520 777 eas
542 738 650 776 non
687 723 887 776 Iaudctl
924 721 1210 775 Cornelius
1237 735 1265 772 ιι
1297 719 1503 786 Lapide
1529 733 1652 787 cap.
1677 719 1712 772 5

164 815 411 869 Promttiii
449 816 500 867 in
539 815 872 869 Matthoeum.
924 814 1169 884 lteguum
1207 813 1338 867 illud
1396 813 1710 881 Etliiopiat,

162 907 297 973 quod
327 906 396 958 illi
435 905 668 968 Sonnar,
714 906 802 958 alii
843 906 1052 958 Senuar
1091 906 1396 968 nominant,
1427 907 1589 960 situm
1622 913 1708 959 est

163 999 297 1052 inter
331 996 618 1068 [Egyptum
644 1007 698 1051 et
741 1012 962 1065 regnum
991 997 1313 1052 hodiernum
1351 998 1709 1052 Habessinias.

159 1091 320 1145 Jobus
382 1089 662 1154 Ludoll‘us,
729 1090 781 1142 in
840 1089 1079 1143 Historia
1147 1090 1468 1158 Ethiopica,
1530 1091 1623 1146 lib.
1673 1108 1712 1154 ι,

162 1199 278 1253 cap.
308 1183 360 1246 Ω,
409 1184 484 1236 ait
535 1198 758 1253 regnum
810 1181 1022 1236 Sennar
1068 1199 1188 1238 esse
1237 1191 1444 1252 partem
1513 1184 1712 1237 veteris

162 1274 360 1328 Nubize.
400 1274 708 1328 Martiniere
747 1273 799 1327 in
829 1273 1161 1329 Dietiouario
1190 1274 1550 1344 geoaraphico
1579 1275 1714 1328 Sen-

163 1383 262 1420 nar
283 1381 499 1437 regnum
539 1381 660 1420 cum
703 1380 871 1435 regno
905 1364 1092 1420 Nubiaa
1137 1367 1277 1420 idem
1313 1366 1457 1420 facit.
1512 1365 1712 1420 Verum

164 1471 378 1509 necesse
411 1470 516 1508 non
567 1462 650 1507 est
682 1454 747 1507 ad
800 1455 1140 1524 propositum
1178 1465 1425 1508 nostrum
1475 1454 1636 1507 latius
1665 1454 1714 1506 id

165 1549 434 1613 indagare.
479 1543 622 1599 Satis
675 1555 762 1598 est
801 1545 1067 1599 indicasse
1097 1560 1318 1614 regnum
1353 1545 1562 1598 Sennar
1599 1559 1720 1598 esse

162 1638 218 1691 iu
281 1645 427 1705 parte
503 1637 914 1706 septentrionali
990 1635 1279 1705 Ethiopian
1347 1647 1400 1690 ct
1479 1638 1718 1705 proxima

163 1725 409 1795 Egypto.
451 1726 506 1779 ln
546 1727 734 1780 eadem
757 1741 971 1795 quoque
998 1725 1292 1795 (EthiOpiaa
1325 1739 1476 1796 parte
1504 1738 1721 1796 aposto-

163 1818 333 1869 lorum
362 1819 696 1886 temporibus
726 1833 984 1887 regnasse
1013 1817 1302 1871 Candacen
1330 1820 1590 1888 reginam,
1624 1833 1718 1870 cu-

1815 624 2128 687 terminum,
2181 641 2304 680 cum
2353 628 2604 684 Caudace
2649 630 2937 699 aliquando
2980 633 3098 686 sine
3147 633 3375 686 transitu

1814 716 2038 769 alterius
2076 716 2302 772 ditioois
2331 719 2382 771 in
2409 717 2705 790 Aigyptum
2738 739 2802 776 ex
2841 738 3005 792 regno
3041 739 3137 776 suo
3166 724 3378 777 exerci-

1817 816 1927 859 tum
1956 806 2196 872 duxerit,
2229 818 2285 862 et
2314 825 2525 863 rursum
2574 811 2797 865 Romani
2835 815 3087 868 similiter
3117 816 3379 871 ditionem

1816 897 1987 959 ipsius
2039 899 2339 955 invaserint
2385 917 2453 955 ex
2501 902 2748 972 IEgypto.
2788 905 2902 970 Qua
2951 907 3116 975 igitur
3165 921 3376 962 ratione

1816 1005 2012 1059 negare
2073 993 2248 1059 potuit
2315 992 2471 1046 ﬁdem
2525 996 2576 1048 in
2628 996 2899 1065 Aithiopia
2954 1000 3379 1067 septemtrionali

1817 1077 2160 1145 praedicatam
2198 1079 2362 1134 fuisse
2393 1093 2518 1135 ante
2545 1086 2796 1138 saeculum
2826 1087 2916 1140 tv?

1891 1168 1978 1223 52.
2037 1171 2335 1225 Audiamus
2379 1175 2558 1237 modo,
2609 1191 2712 1244 qua
2763 1177 2968 1231 ratione
3010 1178 3381 1235 Tillemontius

1821 1261 2011 1329 probet
2051 1261 2103 1314 in
2149 1263 2484 1328 Frumentio,
2537 1275 2669 1320 tom.
2704 1266 2812 1334 Vll,
2845 1281 2969 1322 nota
3000 1271 3236 1336 2,ﬁdem
3269 1289 3379 1327 non

1819 1351 1988 1405 fuisse
2023 1353 2365 1418 praedicatum
2394 1357 2448 1408 in
2485 1354 2762 1426 AZthiopia
2801 1362 3228 1428 septemtrionali
3256 1372 3383 1416 ante

1819 1444 2076 1496 saeculum
2102 1461 2175 1498 tv.
2214 1443 2446 1501 Sanctus
2467 1449 2812 1504 Frumentius
2835 1453 3030 1506 smculo
3058 1469 3128 1515 ιν,
3156 1455 3385 1508 testibus

1824 1535 2020 1588 Ruﬁno
2042 1537 2133 1590 lib.
2159 1553 2212 1600 ι,
2237 1553 2352 1606 cap.
2377 1540 2430 1605 9,
2465 1540 2687 1596 Socrate
2711 1544 2957 1612 aliisque,
2991 1545 3150 1599 ﬁdem
3174 1560 3386 1600 annun-

1825 1627 1975 1681 tiavit
2011 1629 2278 1703 gentibus,
2301 1644 2436 1698 quos
2477 1631 2548 1684 illi
2587 1644 2777 1687 vocant
2808 1634 2966 1689 Indos
2998 1636 3304 1701 ulteriores,
3331 1646 3387 1691 et

1825 1721 2023 1786 quibus
2090 1722 2244 1775 ﬁdem
2311 1733 2435 1776 ante
2493 1740 2765 1794 nunquam
2821 1728 3163 1796 pra-dicatam
3217 1729 3386 1783 fuisse

1832 1821 2123 1866 testantur.
2172 1816 2243 1867 Ex
2300 1817 2492 1870 litteris
2529 1832 2656 1870 vero
2705 1818 3007 1873 Constantii
3045 1822 3388 1890 imperatoris

159 1910 251 1976 jus
274 1909 553 1962 eunuchus
585 1924 612 1961 a
639 1919 827 1962 sancto
856 1908 1109 1976 Philippo
1145 1909 1376 1962 diacono
1415 1911 1718 1976 baptizatus
1757 1891 1793 1942 Β
1825 1906 1964 1972 apud
1995 1916 2241 1959 sanctum
2274 1908 2628 1963 Athanasium
2661 1911 2713 1963 in
2749 1915 3003 1982 Apologia
3027 1915 3092 1968 ad
3120 1915 3382 1969 Constan-

161 2010 267 2061 est,
293 2001 503 2052 abunde
527 1999 795 2068 colligitur
833 2015 894 2051 ex
931 2000 1089 2053 dictis
1115 1999 1139 2069 §
1170 2002 1218 2063 vl;
1265 2009 1318 2052 at
1357 2015 1569 2052 rursum
1613 2017 1718 2052 non

163 2091 376 2159 inquiro
418 2105 484 2143 an
539 2091 627 2143 illa
676 2090 839 2145 latius
890 2101 982 2144 aut
1051 2094 1230 2144 minus
1283 2093 1388 2145 late
1452 2102 1720 2161 regnaret.

164 2181 442 2236 Sententia
494 2194 676 2236 autem
727 2182 963 2247 illorum,
1016 2183 1106 2253 qui
1156 2183 1473 2237 existimant
1521 2185 1572 2236 in
1640 2183 1723 2235 illa

167 2283 318 2342 parte
366 2273 659 2342 Ethiopite
709 2274 1034 2343 praedicasse
1094 2288 1340 2328 sanctum
1393 2275 1726 2339 Manlianum,

170 2365 299 2422 mihi
346 2367 636 2419 admodum
689 2367 980 2434 probabilis
1013 2377 1236 2436 apparet
1280 2377 1335 2422 ct
1369 2367 1724 2421 verisimilis:

167 2475 288 2514 cum
321 2458 444 2525 quia
477 2458 718 2527 proxima
769 2467 893 2510 erat
920 2459 1160 2512 llomano
1197 2460 1423 2529 imperio
1452 2476 1515 2514 ex
1567 2470 1721 2530 parte

167 2547 403 2618 Aigypti,
438 2555 546 2599 tum
580 2548 706 2613 quia
740 2547 1030 2600 eunuchus
1085 2547 1282 2616 regina:
1313 2547 1590 2602 Candaces
1617 2559 1732 2602 erat

168 2656 489 2707 conversus,
521 2650 576 2696 et
607 2640 674 2695 de
702 2640 849 2694 illius
888 2640 1247 2694 conversione
1278 2649 1426 2693 certo
1449 2637 1731 2693 constabat

168 2733 448 2804 apostolis,
481 2741 590 2784 tum
627 2731 750 2800 quia
781 2730 1023 2785 ecclesiae
1056 2732 1224 2786 sancti
1255 2730 1510 2794 Blatthzei,
1534 2730 1730 2784 ibidem

171 2826 422 2885 inventae,
457 2822 736 2874 insinuant
769 2820 954 2890 pepuli
977 2821 1251 2889 antiquam
1284 2822 1650 2883 traditionem.
1675 2839 1736 2878 ac

167 2917 385 2970 demum
416 2915 539 2982 quia
569 2913 865 2983 scriptores
919 2923 1190 2967 testantur
1214 2914 1542 2984 [Ethiopiam
1573 2916 1738 2972 fuisse

174 3008 425 3061 Matthazo
449 3006 825 3074 assignatam;
863 3019 964 3060 nec
1000 3007 1102 3059 ulla
1135 3009 1281 3075 regio
1326 3009 1495 3078 magis
1525 3009 1738 3079 proprie

173 3097 448 3166 Aithiopia
481 3095 581 3150 fuit
613 3108 822 3162 vocata,
855 3111 1014 3164 quam
1049 3097 1162 3156 illa.
1187 3099 1272 3152 cui
1305 3114 1501 3154 nomen
1528 3100 1742 3156 Αῐιιιὶο-

175 3191 281 3262 piae
312 3190 577 3244 dederunt
608 3203 798 3243 omnes
829 3188 1119 3259 geographi
1156 3188 1386 3258 antiqui.

249 3283 339 3337 5t.
379 3282 765 3337 Verumtamen
808 3297 870 3336 ca
912 3281 1095 3350 opinio
1137 3281 1412 3350 displicuit
1443 3281 1737 3336 Tillemon-

177 3377 257 3429 tio
282 3395 291 3427 :
320 3391 441 3429 nam
465 3375 573 3437 hic,
602 3385 729 3428 nota
755 3373 788 3427 2
813 3377 864 3427 in
888 3374 1216 3439 Matthzeum,
1245 3373 1467 3444 allegata
1489 3374 1745 3443 Opinione

175 3468 416 3522 Cornelii
450 3483 478 3518 a
516 3467 733 3534 Lapidc.
761 3483 922 3536 quam
953 3465 1316 3521 Florentinius
1338 3468 1522 3522 retulit
1546 3469 1744 3537 potius,

173 3575 345 3628 quam
379 3567 599 3612 secutus
627 3568 733 3616 est.
777 3559 1008 3612 rotunde
1053 3559 1218 3612 edicit
1270 3574 1373 3612 non
1429 3562 1749 3627 prredicasse

177 3659 429 3702 sanctum
479 3647 784 3703 Matthmuut
857 3650 908 3703 in
964 3648 1241 3720 Etltiopia
1295 3649 1746 3719 septemtrionali.

178 3742 441 3798 Bailletus
470 3743 700 3798 ﬁdeliter
735 3753 955 3799 secutus
989 3755 1072 3799 est
1121 3743 1548 3798 Tillemoutium.
1585 3743 1750 3798 Unica

180 3836 472 3905 utriusque
526 3837 685 3902 ratio,
743 3853 912 3904 caque
961 3853 1024 3891 ex
1083 3851 1266 3891 errore
1309 3845 1456 3901 nata,
1506 3838 1617 3890 haec
1649 3847 1750 3898 est,

177 3930 331 4006 quod
355 3928 630 3997 AithiOpia
657 3928 1132 3996 septemtrionalis,
1161 3936 1211 3982 et
1236 3928 1463 3998 Egypto
1491 3927 1751 3993 proxima,

179 4035 297 4076 non
331 4020 604 4089 exceperit
641 4018 796 4073 tidem
822 4019 1210 4081 Christianam,
1237 4020 1337 4072 nisi
1371 4019 1569 4073 saeculo
1587 4036 1636 4072 tv
1662 4035 1756 4089 per

182 4114 250 4167 δ.
309 4111 703 4168 Frumentium.
755 4113 1026 4167 Promittit
1081 4122 1258 4166 autem
1318 4123 1540 4182 uterque
1592 4114 1644 4166 id
1699 4129 1756 4167 se

180 4217 539 4260 ostensurum
588 4207 641 4259 in
693 4205 813 4261 Vita
863 4205 1034 4260 sancti
1069 4203 1370 4260 Frumenti.
1419 4205 1614 4259 Verum
1649 4221 1754 4258 non

177 4299 383 4355 dubito
436 4299 621 4353 eadem
663 4297 922 4352 brevitate
966 4302 1317 4365 respondere,
1357 4313 1423 4351 ex
1460 4301 1572 4352 sola
1607 4298 1756 4367 igno-

182 4397 370 4452 rantia
405 4404 459 4450 et
483 4407 667 4449 errore
699 4392 996 4463 profectam
1032 4405 1151 4445 esse
1186 4390 1469 4460 utriusque
1499 4388 1757 4457 objectio-

182 4505 345 4552 nem,
393 4488 537 4558 quod
593 4501 818 4558 regnum
875 4484 1208 4540 Habessinia:
1257 4481 1599 4537 confuderiut
1636 4497 1758 4536 cum

1828 1999 1981 2061 tium,
2033 2010 2163 2051 tom.
2217 1999 2255 2061 Ι,
2308 2017 2426 2070 pag.
2485 2003 2609 2067 515,
2666 2004 2965 2058 ostenditur
3015 2005 3373 2060 Frumentiuu

1828 2087 1994 2140 fuisse
2022 2091 2332 2158 episcOpum
2377 2093 2799 2147 Auxumitanum
2851 2096 2962 2147 sive
3001 2098 3387 2151 Axumitanum

1830 2180 1882 2232 in
1937 2179 2234 2250 λΕιῂιορὶτι.
2286 2184 2390 2236 Per
2449 2185 2608 2240 ludos
2662 2187 2824 2258 igitur
2873 2188 3200 2260 intelligendi
3265 2203 3393 2247 sunt

1830 2269 2136 2339 AZtltiopCS,
2175 2282 2230 2325 et
2259 2279 2631 2344 consequitur,
2680 2288 2736 2331 ut
2768 2280 2853 2333 his
2908 2283 3065 2335 tidem
3113 2299 3389 2350 nunquam

1831 2374 1958 2418 ante
2007 2367 2264 2420 saeculum
2294 2383 2344 2419 tv
2397 2369 2741 2435 prtedicatam
2789 2370 2956 2426 fuisse
2986 2372 3252 2427 dicamus.
3286 2373 3402 2428 Rev

1834 2458 2079 2527 spondeo
2136 2467 2303 2512 totum
2330 2459 2429 2513 hoc
2454 2460 2798 2514 ratiocinium
2826 2462 3101 2517 tolerabile
3128 2465 3393 2525 futurum,

1835 2551 1876 2603 si
1904 2552 2107 2603 Asuma
2160 2561 2301 2604 esset
2337 2553 2387 2603 in
2415 2551 2692 2622 Ethiopia
2719 2559 3166 2623 septemtrionali.
3197 2558 3392 2610 \‘crum

1835 2647 2038 2696 Axuma
2099 2655 2179 2697 est
2235 2646 2285 2696 in
2324 2643 2666 2710 Habessinia,
2705 2651 2860 2715 cujus
2903 2651 3028 2701 olim
3069 2650 3168 2704 fuit
3195 2660 3394 2702 metro—

1835 2735 1996 2803 polis,
2025 2749 2124 2789 nec
2154 2742 2239 2788 est
2269 2735 2319 2786 in
2354 2745 2505 2802 parte
2538 2739 2963 2803 septemtrionali
2996 2739 3307 2810 .-’F.thi0pi:e,
3333 2741 3400 2797 de

1837 2842 1940 2896 qua
1969 2825 2327 2896 disputamus.
2381 2826 2574 2881 Totum
2614 2844 2833 2897 regnum
2871 2830 3100 2892 Senuar,
3143 2842 3201 2886 ut
3241 2833 3402 2888 hodie

1843 2927 2089 2980 vocatur,
2142 2919 2256 2976 sive
2305 2917 2579 2972 Nubiense
2614 2934 2860 2988 regnum,
2893 2931 2984 2977 aut
3035 2937 3255 2989 regnum
3288 2923 3401 2977 Me—

1842 3026 1986 3074 rocs,
2019 3011 2108 3064 ubi
2144 3010 2271 3063 olim
2303 3011 2482 3080 regina
2505 3011 2752 3064 Candace
2779 3010 2883 3064 late
2912 3011 3227 3078 imperabat.
3265 3015 3405 3067 inter

1844 3101 2132 3171 Ᾱίᾳδίιιιιιιι
2189 3109 2244 3155 et
2289 3103 2630 3154 Auxumense
2676 3100 2756 3153 vel
2813 3100 3120 3154 Axuntcnse
3179 3117 3402 3172 regnum

1767 3228 1812 3286 C
1845 3201 1927 3245 est
1966 3192 2370 3257 intermedium,
2409 3193 2546 3244 sicut
2588 3191 2746 3248 modo
2795 3207 3016 3261 regnum
3049 3195 3257 3246 Scnnar
3303 3194 3408 3248 lia-

1846 3283 2139 3337 bessiniam
2174 3287 2317 3336 inter
2345 3296 2398 3336 et
2434 3283 2721 3351 .Egyptum
2746 3285 2910 3350 jacet.
2935 3283 3274 3354 Quapropter
3304 3289 3407 3338 tale

1846 3382 1930 3427 est
1956 3374 2174 3425 omnino
2198 3383 2572 3442 argumentum
2598 3371 2949 3436 Tiliemuntii,
2977 3392 3036 3429 ac
3070 3378 3111 3428 si
3139 3377 3257 3444 quis
3287 3393 3407 3444 pro-

1847 3466 2028 3520 basset
2067 3465 2223 3519 tidem
2261 3482 2366 3518 non
2402 3464 2566 3519 fuisse
2601 3466 2941 3534 praedicatum
2997 3468 3046 3518 iu
3081 3468 3248 3520 Frisia
3283 3473 3407 3523 ante

1852 3558 2104 3611 smculum
2132 3575 2201 3610 vtt
2227 3596 2241 3619 ,
2289 3558 2518 3627 indeque
2575 3557 2776 3612 inferre
2826 3559 2985 3615 vellet
3028 3560 3267 3614 eamdem
3301 3577 3406 3612 non

1854 3647 2019 3699 l'uiSsc
2057 3655 2180 3698 ante
2215 3647 2416 3699 dictum
2466 3647 2723 3701 saeculum
2753 3647 2804 3700 in
2842 3647 3006 3701 Gallia
3041 3650 3404 3717 prtedicatam.

1853 3737 2115 3806 Princeps
2145 3737 2426 3803 Auxuma,
2461 3735 2602 3806 apud
2649 3752 2808 3804 quem
2841 3747 3080 3806 tempore
3110 3742 3410 3797 Constantii

1856 3842 1910 3886 et
1950 3831 2228 3886 Athanasii
2264 3830 2419 3883 ﬁdem
2454 3830 2765 3897 prmdicavit
2791 3842 3009 3886 sanctus
3041 3832 3411 3902 Frumcutius,

1857 3931 2068 3991 paterat
2093 3923 2309 3991 quidem
2338 3938 2521 3992 pacem
2544 3939 2666 3978 Cum
2704 3925 2958 3980 Romanis
2985 3937 3076 3979 aut
3105 3927 3414 3983 inimicitias

1857 4029 2133 4078 exercere,
2181 4015 2305 4085 quia
2341 4016 2720 4071 dominabatur
2767 4017 2832 4070 ad
2873 4018 3050 4070 sinum
3087 4020 3413 4086 Arahicum;

1859 4109 1950 4162 sed
2004 4107 2135 4161 alias
2179 4108 2334 4178 longe
2365 4109 2552 4162 aberat
2582 4125 2608 4161 a
2656 4110 2849 4162 ﬁnibus
2897 4110 3108 4179 imperii
3153 4111 3413 4172 Romani;

1860 4201 1952 4253 sed
1990 4199 2106 4254 haec
2153 4199 2315 4254 latius
2345 4200 2704 4254 examinanda
2734 4203 2951 4255 venient
2978 4202 3030 4255 in
3070 4213 3257 4257 sancto
3287 4204 3419 4258 Fru-

1862 4289 2064 4345 mentio
2113 4291 2181 4344 ad
2225 4291 2293 4343 27
2326 4290 2591 4356 Octobris,
2641 4291 2732 4345 ubi
2772 4291 2934 4346 simul
2978 4295 3300 4364 inquiretur.
3349 4314 3417 4352 an

1865 4391 2009 4435 recte
2067 4380 2216 4437 India
2262 4391 2452 4438 vocata
2490 4381 2655 4438 fuerit
2689 4383 2835 4453 regio
2877 4398 2972 4454 per
3007 4397 3251 4440 sanctum
3282 4387 3419 4442 Fru—

1866 4476 2123 4528 mentium
2159 4491 2436 4530 conversa.

180 4580 469 4650 [Ethiopia
544 4580 1008 4650 septemtrionali;
1077 4578 1358 4632 historiam
1415 4590 1542 4631 vero
1587 4576 1839 4635 sancti!)
1938 4566 2024 4620 53.
2068 4567 2221 4632 Quod
2288 4578 2661 4636 argumentum
2728 4568 3052 4624 Tillcmontii
3134 4584 3424 4641 utcumque

184 4668 500 4724 Frumentii
530 4670 664 4723 adeo
696 4683 802 4722 non
834 4670 1051 4723 obstare
1081 4668 1254 4721 sancti
1290 4666 1521 4721 Matthtei
1566 4667 1760 4736 pratdi-

182 4762 402 4819 cationi
436 4761 486 4816 in
521 4760 802 4830 Aithiopia
851 4759 1303 4831 septemtrionali.
1349 4768 1406 4814 ut
1439 4759 1617 4829 potius
1653 4759 1764 4812 haec

183 4853 517 4928 prmdicatio
565 4852 912 4908 verisimilior
945 4854 1038 4906 tiat
1067 4866 1130 4908 ex
1165 4851 1250 4906 il'la
1298 4850 1544 4906 historia.
1580 4849 1764 4903 Prius-

182 4962 365 5016 quam
406 4955 582 5002 tamen
633 4954 1010 5017 argumentum
1045 4945 1216 5014 ipsius
1254 4944 1566 5005 discutiam,
1616 4943 1768 4995 lubet

184 5037 394 5108 patrcis
422 5038 708 5093 ostendere
756 5052 915 5108 quam
948 5036 1085 5091 belle
1111 5049 1293 5091 secum
1325 5037 1440 5106 ipse
1475 5034 1765 5089 cohaareat.

186 5127 605 5192 'l'illemontius,
638 5139 764 5184 tom.
793 5128 838 5183 ll
865 5128 919 5182 in
953 5127 1008 5183 S.
1046 5125 1294 5198 Philippo
1322 5128 1572 5189 diacono,
1603 5139 1769 5194 expo-

185 5219 284 5273 nit
317 5228 465 5287 gesta
489 5217 726 5272 cunuclri
764 5221 962 5287 reginae
983 5219 1276 5285 Caudaces,
1307 5232 1468 5287 quem
1491 5216 1772 5284 Phitippus

186 5309 474 5363 diaconus
508 5309 664 5363 ﬁdem
710 5305 1073 5364 Christianam
1121 5309 1304 5363 docuit
1359 5317 1413 5362 et
1459 5307 1770 5375 baptizavit.

184 5401 336 5454 Act.
364 5400 414 5454 8.
439 5399 644 5455 Laudat
667 5400 738 5454 ibi
762 5409 1010 5455 sanctum
1045 5401 1425 5464 lrenmum,lib.
1459 5414 1663 5468 nncap.
1693 5397 1774 5460 l2,

187 5498 466 5545 Sanctum
501 5490 758 5562 Cyrillum
794 5493 1344 5561 llierosolymitanum
1380 5491 1498 5545 Cat.
1533 5492 1620 5555 Π,
1651 5490 1776 5544 Hie—

190 5595 527 5649 ronymum,
552 5583 843 5638 Eusebium
865 5585 1128 5653 aliosque,
1160 5585 1436 5647 docentes,
1467 5582 1780 5638 eunuchum

191 5673 372 5728 illum
413 5673 464 5725 in
487 5674 817 5744 Ethiopian:
844 5676 1012 5730 fuisse
1037 5679 1260 5733 missum
1284 5677 1348 5731 ad
1380 5675 1780 5745 praedicandum

190 5764 609 5836 Evangelium;
646 5768 819 5837 iisque
855 5769 1172 5833 asseutitur,
1213 5779 1307 5826 aut
1333 5778 1482 5824 certe
1511 5784 1618 5823 non
1651 5784 1787 5822 con-

194 5855 441 5912 tradicit
489 5853 888 5914 Tillcmontius.
935 5860 1094 5930 Atqui
1153 5869 1358 5914 certum
1412 5869 1514 5926 est,
1561 5874 1784 5928 regnum

1865 4657 2088 4720 evincit,
2121 4669 2174 4711 et
2205 4659 2362 4712 latius
2393 4659 2584 4726 prohat
2609 4659 2774 4712 Jobus
2803 4659 3064 4714 Ludolfus
3097 4662 3147 4714 in
3188 4662 3422 4718 Historia

1866 4749 2171 4820 EthiOpica
2197 4751 2309 4808 sive
2343 4752 2491 4824 regni
2517 4752 2953 4819 Habessinorum,
2985 4753 3078 4808 lib.
3108 4770 3187 4819 tu,
3219 4771 3336 4826 cap.
3368 4757 3422 4822 ἓ,

1869 4841 2024 4895 ﬁdem
2057 4842 2439 4911 Apostolorum
2471 4852 2712 4910 tempore
2741 4844 3088 4912 praedicatam
3119 4861 3225 4898 non
3257 4846 3425 4902 fuisse

1870 4934 1922 4987 in
1953 4949 2117 5003 regno
2161 4935 2574 4989 Auxumitarum
2609 4936 2724 4991 sive
2764 4936 3210 5000 Habessinorum,
3257 4939 3428 5008 magis

1871 5029 2215 5084 verisimilem
2233 5028 2365 5084 facit
2378 5030 2816 5100 praedicationem
2833 5029 2890 5086 S.
2907 5030 3140 5087 Matthazi
3155 5034 3204 5086 in
3221 5032 3431 5088 Ethio-

1873 5123 1958 5189 pia
1983 5120 2214 5191 Egypto
2259 5123 2619 5178 contermina.
2651 5123 2788 5179 llinc
2817 5124 3065 5179 laudatus
3090 5121 3347 5178 Ludoll‘us
3376 5127 3430 5178 in

1875 5213 2160 5266 Annotatis
2191 5213 2255 5267 ad
2310 5214 2403 5268 lib.
2439 5230 2522 5277 ιιι,
2555 5230 2676 5284 cap.
2707 5217 2760 5268 9..
2799 5230 2919 5284 pag.
2955 5215 3061 5270 280
3094 5229 3158 5269 ex
3201 5214 3429 5271 HiStoria

1877 5303 2182 5374 .Ethiopica
2233 5304 2563 5360 Balthasaris
2613 5304 2855 5371 Tellezii,
2905 5322 3062 5375 quam
3104 5306 3432 5374 frequentis-

1879 5399 2012 5453 sitnc
2046 5399 2250 5462 laudat,
2282 5399 2397 5454 lrzec
2421 5398 2635 5453 adducit
2666 5409 2719 5454 et
2749 5400 2990 5468 sequitur
3012 5398 3169 5452 verba
3201 5417 3213 5452 :
3256 5393 3436 5462 tQuod

1883 5492 2126 5546 nonnulli
2187 5491 2375 5546 dicunt
2424 5504 2665 5546 sanctum
2731 5491 3037 5545 Matthteum
3087 5490 3438 5560 Evangelium

1883 5583 2204 5651 praedicasse
2229 5583 2280 5636 in
2310 5582 2608 5652 Ethiopia,
2643 5598 2730 5637 res
2759 5583 2898 5636 inter
2943 5582 3272 5637 Habessinos
3301 5595 3441 5634 nova

1884 5682 1987 5739 est,
2025 5684 2077 5729 et
2109 5673 2461 5730 fundamento
2488 5685 2655 5731 caret.
2687 5674 2822 5728 Cum
2857 5673 3087 5744 religiosi
3126 5671 3292 5726 nostri
3336 5670 3442 5726 illis

1886 5780 1953 5820 ex
1998 5767 2236 5822 historiis
2270 5769 2472 5822 nostris
2506 5769 2556 5823 id
2587 5775 2892 5830 narrarent,
2938 5762 3334 5835 responderunt
3367 5766 3446 5827 (et

1889 5862 2104 5931 quidem
2149 5870 2313 5928 recte,
2350 5861 2423 5917 ait
2452 5860 2728 5932 Ludolfus)
2762 5861 2862 5914 hoc
2894 5854 3300 5926 intelligendum
3325 5867 3445 5909 esse
