4156 6314
758 365 867 429 ’183

1999 365 2283 426 MENSIS
2321 366 2767 426 SEPTEMBER
3933 370 4027 430 781

765 477 832 529 de
878 473 1157 544 EthiOpia
1192 474 1436 529 inferiori
1474 475 1709 541 (scilicet
1737 476 1952 545 preprie
1987 477 2153 538 dicta,
2190 477 2341 531 addit
2370 482 2416 539 Α
2449 476 2796 540 Fortunatus,
2828 476 3152 537 Eucherius,
3189 476 3323 537 Ade,
3357 476 3640 530 Usuardus
3665 486 3721 531 et
3755 474 4026 536 Rabanus.

766 565 1047 636 Ludolfns)
1099 581 1219 634 qua:
1261 566 1572 621 extenditur
1624 583 1653 620 a
1706 563 1993 636 Suaqueua
2052 583 2224 638 usque
2285 569 2343 620 in

762 661 1074 731 [Egyptunn
1101 658 1549 727 Quandoquidem
1575 658 1776 712 nullam
1806 673 2041 727 unquam
2087 658 2339 712 notitiam

763 754 990 816 habent,
1017 753 1163 822 quod
1193 761 1414 807 sanctus
1446 751 1736 805 Matrhazus
1769 761 1864 806 aut
1896 752 2172 821 apostolus
2202 753 2341 808 alius

765 846 1136 900 Habessiniain
1165 845 1450 897 intraverit
1493 851 1638 910 (ante
1658 852 1907 897 sanctum
1939 841 2338 906 Frumentium,

762 952 822 994 ut
855 955 1068 993 rursum
1124 937 1278 991 addit
1324 935 1608 1005 Ludolfusj
1645 937 1717 988 uti
1772 944 1921 989 certo
1966 935 2166 990 docent
2213 935 2337 990 libri

772 1031 986 1085 illorum
1022 1040 1184 1097 atque
1215 1028 1312 1080 tiri
1356 1027 1568 1080 illorum
1599 1023 1766 1091 docti,
1799 1027 1891 1096 qui
1924 1027 2158 1079 maxime
2185 1027 2338 1095 gnari

761 1122 862 1176 sibi
900 1121 1154 1176 videntur
1184 1134 1308 1174 esse
1337 1118 1699 1187 antiquitatis.
1733 1137 1752 1168 ι
1801 1118 1996 1177 Subdit
2027 1118 2288 1172 Lodolfus
2323 1136 2336 1171 :

771 1216 792 1256 ο
823 1215 1078 1284 Proxime
1126 1211 1288 1282 igitur
1333 1211 1402 1264 ad
1442 1211 1729 1265 veritatem
1767 1212 2030 1266 accedere
2083 1212 2339 1266 videntur

758 1307 819 1370 ii,
859 1307 950 1376 qui
973 1305 1159 1360 Nubize
1181 1305 1597 1360 conversionem
1635 1305 1896 1358 Matthazo
1928 1306 2173 1374 apostolo
2199 1307 2338 1360 assi-

759 1407 1083 1468 gnaverunt,
1113 1411 1232 1466 qua:
1259 1395 1483 1450 indttbie
1517 1396 1812 1466 Ethiopiae
1839 1397 2076 1466 antiqua:
2110 1406 2168 1451 et
2203 1411 2332 1466 pro-

760 1491 876 1560 prie
899 1490 1058 1557 dicta:
1083 1505 1204 1558 pars
1227 1499 1330 1544 est.
1361 1509 1379 1540 ι
1418 1490 1495 1543 Ex
1524 1490 1673 1544 hisce
1710 1489 1870 1559 igitur
1900 1490 2087 1559 liquet,
2121 1489 2338 1545 Ethio-

760 1583 904 1652 piam
960 1579 1195 1651 ASgypto
1256 1579 1582 1649 proximam,
1642 1595 1760 1650 quae
1820 1580 2043 1635 nomine
2100 1588 2336 1637 maxime

761 1673 984 1742 proprio
1015 1672 1295 1742 Aithiopia
1345 1670 1450 1724 fuit
1485 1671 1626 1726 dicta
1683 1681 1927 1741 tempore
1980 1674 2158 1727 sancti
2201 1672 2335 1726 Mat-

763 1764 911 1826 llltBl,
937 1773 991 1818 ct
1020 1764 1110 1816 ubi
1151 1763 1345 1816 incolae
1377 1764 1530 1832 nigro
1576 1773 1706 1816 sunt
1749 1765 1933 1816 colore
1967 1763 2138 1832 magis
2170 1781 2329 1832 quam

2449 566 2762 621 Mattbreum
2807 570 2860 621 in
2895 565 3168 636 Aithiopia
3211 568 3536 637 praedicasse
3582 567 3831 629 tradunt,
3877 569 4031 635 idque

2451 657 2948 725 probabilissimum
2986 669 3137 728 puto,
3171 659 3213 712 si
3259 673 3366 710 non
3401 657 3564 710 etiam
3609 658 3880 712 historice
3921 674 4030 714 cer-

2447 754 2562 801 tum
2595 749 2775 802 dicere
2808 759 3072 818 oporteat.

2520 841 2609 896 55.
2651 842 3040 898 Verumtamen
3077 846 3427 909 nominantur
3473 855 3529 901 et
3556 846 3676 904 alia:
3712 847 4025 915 provincit,

2446 938 2499 986 in
2528 933 2726 1001 quibus
2766 936 3160 1003 prtedicaverit,
3185 948 3278 992 aut
3311 936 3776 993 mortcm'obierit
3803 949 4026 994 sanctus

2445 1023 2752 1080 Matthmus.
2785 1025 2844 1080 S.
2874 1025 3198 1083 Ambrosius
3228 1031 3282 1083 in
3307 1030 3580 1084 Psalmum
3608 1046 3734 1090 ην,
3759 1047 3923 1084 nnm.
3947 1030 4019 1086 20.

2441 1118 2537 1178 ait,
2581 1116 2835 1173 Matthmo
2867 1120 3105 1174 Persiam
3148 1123 3406 1190 patuisse,
3445 1131 3500 1176 et
3528 1123 3756 1176 Thema:
3795 1121 4020 1182 Indiam,

2439 1209 2726 1265 insinuans
2782 1210 2941 1266 ﬁdem
2975 1229 3001 1265 a
3032 1224 3221 1269 sancto
3246 1213 3500 1270 Matthaao
3530 1217 3583 1270 in
3617 1215 3856 1271 Perside
3895 1232 4020 1285 pne-

2440 1301 2693 1356 dicatam.
2726 1301 2960 1358 Sanctus
2993 1303 3249 1360 Paulinus
3289 1307 3527 1363 Nolanus
3576 1310 3630 1364 in
3665 1308 3934 1366 Poemate
3972 1312 4024 1366 f9

2439 1393 2549 1446 ait:
2601 1411 2619 1444 ‹
2657 1395 2877 1449 Parthia
2913 1396 3226 1453 Matthaaum
3264 1401 3668 1470 complectitur.
3711 1420 3728 1452 ι
3771 1402 4025 1456 Consen-

2440 1485 2584 1539 tiunt
2612 1486 2986 1560 Martyrologia
3016 1490 3439 1560 Hicronymiana
3473 1492 3705 1547 inferius
3726 1493 4026 1557 laudanda,

2438 1575 2494 1628 in
2525 1575 2724 1644 quibus
2761 1594 2909 1632 mers
2939 1580 3112 1633 sancti
3149 1580 3200 1633 in
3229 1581 3449 1635 Perside
3484 1581 3680 1653 figitur.
3709 1583 3821 1636 Alii
3849 1584 4027 1636 viden-

2438 1676 2524 1720 tur
2563 1669 2745 1722 dicere
2785 1670 2837 1722 in
2880 1671 3099 1726 Parthia
3134 1682 3382 1728 sanctum
3431 1687 3552 1727 esse
3582 1684 3908 1736 mortuum;
3942 1675 4025 1727 sed

2436 1761 2695 1814 censendi
2728 1771 2854 1815 sunt
2886 1763 3160 1816 Parthiam
3196 1779 3302 1818 non
3331 1764 3643 1818 distinxisse
3668 1779 3700 1817 a
3731 1764 4023 1818 Persarum

761 1855 815 1907 in
855 1853 1201 1917 Habessinia,
1236 1854 1387 1906 nullo
1433 1863 1756 1924 argumento
1793 1853 2069 1909 exclusam
2103 1854 2269 1910 fuisse
2301 1872 2331 1910 a
2370 1835 2409 1888 Β
2446 1851 2697 1920 imperio,
2749 1854 2894 1921 quod
2949 1853 3136 1909 Parthi
3199 1863 3441 1924 tempore
3485 1853 3726 1908 Matthaai
3777 1855 4024 1907 domina.

762 1948 1149 2017 praedicatione
1196 1948 1365 2000 sancti
1402 1946 1663 2000 Matthzni.

831 2040 920 2095 54.
963 2040 1133 2095 Porro
1169 2039 1505 2109 Ethiopiam
1539 2039 1708 2094 fuisse
1750 2056 2070 2097 conversam
2093 2042 2183 2098 diu
2209 2052 2335 2098 ante

759 2133 1054 2187 concilium
1087 2133 1395 2195 Nicmntnn,
1430 2131 1646 2187 videtur
1676 2134 1896 2205 probari
1938 2150 2000 2188 ex
2035 2136 2336 2191 canonibus

764 2226 1011 2280 Arabicis
1046 2225 1266 2279 concilii
1291 2223 1522 2290 Niczeni,
1557 2239 1697 2295 quos
1733 2224 2002 2281 habemus
2033 2227 2177 2296 apud
2202 2227 2338 2283 Lab-

761 2317 924 2373 beum
983 2325 1116 2370 tom.
1155 2315 1195 2369 ll
1228 2314 1634 2382 Conciliorum;
1678 2331 1803 2370 nam
1861 2315 1916 2370 in
1963 2317 2047 2371 his
2083 2334 2203 2387 cap.
2247 2318 2334 2384 56,

763 2406 868 2461 col.
917 2406 1045 2469 302,
1083 2407 1155 2458 ita
1199 2405 1436 2475 legitur:
1480 2423 1499 2455 ι
1531 2405 1601 2458 Ut
1630 2420 1740 2457 non
1787 2407 2003 2474 possint
2049 2407 2339 2477 Aithiopes

758 2515 946 2554 creare
978 2513 1079 2552 nec
1112 2496 1314 2567 eligere
1340 2496 1705 2566 patriarcham
1730 2515 1742 2562 ;
1771 2498 1902 2567 quin
1935 2498 2115 2568 potius
2146 2513 2335 2553 eorum

760 2590 1017 2660 praelatus
1069 2590 1172 2643 sub
1218 2595 1492 2658 potestate
1536 2588 1656 2657 ejus
1691 2587 1784 2652 sit,
1826 2589 1915 2659 qui
1954 2599 2102 2644 tenet
2149 2591 2334 2646 sedem

755 2683 1124 2739 Alexandriae.
1169 2682 1251 2735 Sit
1302 2691 1480 2735 tamen
1519 2682 1660 2749 apud
1698 2695 1792 2736 eos
1839 2682 1960 2738 loco
1987 2683 2333 2753 patriarchtc,

758 2788 814 2832 et
857 2777 1163 2848 appelletur
1211 2773 1535 2827 catholicus.
1593 2774 1712 2827 Non
1774 2786 1953 2829 tamen
1997 2775 2089 2843 jus
2142 2775 2338 2831 habeat

758 2872 1136 2929 constituendi
1167 2868 1632 2938 archiepiscopos,
1673 2876 1729 2919 ut
1764 2864 1932 2920 habet
1970 2864 2283 2935 patriarcha
2320 2882 2332 2918 :

755 2966 1025 3037 siquidem
1061 2978 1169 3017 non
1209 2961 1374 3016 habet
1420 2957 1745 3031 patriarcha:
1786 2958 2051 3011 honorem
2102 2971 2205 3011 nec
2235 2971 2334 3027 po-

756 3069 1032 3116 testatem.
1075 3057 1228 3124 Quod
1261 3057 1306 3110 si
1366 3053 1628 3108 acciderit
1671 3060 1730 3103 ut
1770 3050 2060 3101 cont-ilium
2099 3050 2152 3101 in
2182 3050 2335 3103 Grac-

757 3157 840 3211 cia
904 3154 1192 3214 habeatur,
1262 3151 1535 3215 fueritque
1603 3157 1842 3214 praesens
1915 3142 2005 3198 hic
2078 3144 2400 3232 praelatusc

756 3247 1100 3318 Aitliiopum,
1128 3243 1326 3298 habeat
1359 3239 1650 3310 septimum
1684 3238 1862 3293 locum
1893 3245 2017 3308 post
2051 3237 2331 3307 praelatum

759 3342 1049 3398 Seleuciae.
1087 3338 1151 3393 Et
1192 3334 1417 3407 quando
1450 3333 1587 3387 facta
1619 3330 1781 3386 fuerit
1819 3330 1869 3385 ei
1920 3337 2162 3400 potestas
2199 3345 2331 3384 con-

759 3436 1022 3494 stitucndi
1054 3431 1495 3502 archiepiscopos
1528 3428 1583 3482 in
1610 3427 1894 3498 provincia
1925 3439 2045 3488 sua,
2070 3440 2179 3478 non
2211 3425 2336 3478 lice-

757 3531 838 3586 bit
869 3529 943 3582 illi
987 3525 1327 3578 constituere
1357 3523 1597 3588 aliquem
1641 3533 1707 3572 ex
1735 3516 1841 3570 illis
1868 3533 1883 3570 :
1920 3526 1975 3571 et
2003 3516 2334 3587 quicumque

758 3637 870 3677 non
919 3617 1181 3686 paruerit,
1220 3612 1458 3684 synodus
1489 3625 1612 3665 eum
1662 3609 2120 3665 excommunicat.
2163 3629 2180 3660 ι
2224 3608 2332 3663 No—

756 3714 849 3768 lim
883 3722 1062 3767 tamen
1093 3706 1448 3770 contendere,
1476 3704 1623 3759 hunc
1642 3718 1909 3758 canonem
1936 3703 2106 3756 fuisse
2131 3702 2331 3756 factum

758 3822 788 3860 a
818 3803 1053 3862 concilio
1073 3801 1328 3866 Niceno;
1357 3812 1479 3850 cum
1507 3811 1619 3849 non
1649 3796 1913 3865 ignorem,
1936 3809 2178 3850 canones
2198 3794 2334 3849 Ara-

759 3900 912 3956 bicos
945 3897 1012 3952 ab
1056 3892 1289 3950 eruditis
1318 3889 1519 3962 passim
1565 3887 1740 3958 rejici.
1778 3887 1831 3942 Id
1866 3903 2032 3941 tinum
2076 3890 2329 3954 observo,

760 4003 1049 4053 canonem,
1087 3987 1130 4040 si
1182 3982 1312 4053 quid
1348 3982 1516 4045 valet,
1559 3979 1720 4035 unice
1768 3979 1949 4033 valere
1993 3993 2092 4049 pro
2136 3977 2332 4040 Nubia,

760 4085 875 4139 sive
908 4095 1007 4152 pro
1043 4075 1321 4144 EthiOpia
1368 4074 1512 4126 inter
1543 4069 1922 4124 Habcssiniam
1956 4079 2010 4122 et
2038 4067 2330 4139 Afgyptum

757 4176 959 4232 media.
991 4169 1260 4226 Attulerat
1290 4165 1542 4220 eumdem
1573 4160 1840 4217 Ludolfus
1877 4161 1934 4214 in
1965 4159 2199 4215 Historia
2232 4177 2329 4218 sua

755 4270 824 4324 ad
860 4260 1274 4320 conversionem
1307 4254 1649 4312 Habessinias
1694 4253 2074 4324 probandam;
2109 4253 2204 4308 sed
2231 4270 2330 4324 p0-

760 4372 876 4416 stea
911 4360 968 4413 in
1014 4352 1301 4411 Adnotatis
1343 4366 1465 4422 pag.
1496 4348 1604 4403 282
1635 4347 1772 4402 vidit
1803 4355 1862 4400 et
1902 4345 2161 4399 indicavit
2200 4361 2330 4398 aua-

759 4451 1161 4507 chronismum,
1187 4459 1309 4499 cum
1342 4439 1660 4494 Habessinia
1707 4435 1872 4492 fuerit
1915 4452 2182 4492 conversa
2210 4447 2331 4506 post

758 4541 1054 4602 concilium
1096 4537 1395 4600 Nicenum,
1433 4541 1493 4588 ut
1535 4532 1650 4602 ipse
1694 4531 1960 4601 agnoscit.
1995 4530 2327 4598 Lequienus,
2368 4513 2406 4567 υ

761 4650 892 4694 tom.
922 4637 964 4691 il
997 4631 1235 4689 Orientis
1271 4627 1589 4692 Christiani,
1626 4640 1752 4696 pag.
1787 4623 1884 4678 θιι
1919 4623 2171 4677 eumdem
2205 4639 2329 4692 pro-

759 4733 910 4788 ducit
956 4741 1222 4785 canonem
1268 4739 1366 4793 pro
1402 4722 1764 4776 conversione
1799 4717 2245 4779 Habcssinorum,
2278 4727 2332 4773 et

759 4824 844 4876 vel
895 4821 975 4874 sic
1010 4831 1201 4874 eorum
1240 4812 1655 4869 conversionem
1712 4809 1964 4863 attribuit
2012 4809 2333 4862 Frumentio

758 4922 882 4985 post
910 4908 1200 4966 concilium
1252 4905 1531 4960 Metennio
1565 4901 1835 4958 ordinato.
1895 4898 2091 4954 Verum
2143 4900 2333 4968 nequit

760 5024 857 5077 pro
889 5006 1118 5060 aliorum
1167 4998 1487 5066 Ethiopum
1531 4993 1635 5048 fide
1669 5007 1846 5046 canon
1900 4991 1989 5044 ille
2032 4990 2248 5053 adduci,
2285 4991 2329 5045 si

756 5099 1012 5154 Nicmnus
1062 5092 1337 5154 credatur,
1370 5102 1531 5157 quam
1561 5099 1657 5157 pro
1701 5083 2052 5152 IEthiopibus
2098 5081 2332 5153 IEgypto

762 5191 1042 5262 proximis,
1077 5195 1227 5241 eteo
1256 5181 1479 5236 nomine
1524 5177 1759 5263 maxime
1805 5178 1948 5230 notis
2001 5177 2140 5245 apud
2191 5163 2331 5228 anti-

757 5300 919 5355 quos.
948 5282 1056 5334 llos
1088 5287 1271 5332 autem
1320 5275 1450 5329 olim
1499 5273 1665 5326 fuisse
1707 5269 2050 5326 Christ'anos
2090 5278 2324 5336 constat,

758 5392 861 5431 nec
890 5374 1020 5428 satis
1051 5370 1312 5432 innotuit,
1350 5381 1380 5420 a
1426 5380 1536 5435 quo
1582 5365 1785 5418 fuerint
1832 5363 2101 5417 conversi.
2138 5363 2327 5416 Eunu-

757 5471 924 5524 chum
963 5467 1165 5535 reginzn
1202 5462 1504 5519 Candaccs,
1559 5473 1680 5526 quae
1735 5465 1884 5510 certo
1944 5456 1997 5508 in
2055 5457 2138 5508 illa
2178 5466 2327 5523 parte

759 5558 1049 5628 Ethiopia:
1088 5554 1356 5627 regnavit,
1418 5553 1606 5606 Patres
1655 5549 1807 5602 multi
1865 5543 2062 5602 ibidem
2120 5548 2329 5605 faciunt

755 5651 1061 5723 apostolum
1094 5667 1109 5700 :
1146 5655 1202 5701 at
1251 5653 1403 5700 certe
1427 5641 1716 5698 eunuchus
1752 5639 1839 5694 ille
1871 5641 2040 5705 solus,
2076 5655 2198 5694 cum
2232 5642 2328 5694 lai-

755 5758 854 5798 cus
882 5748 1048 5803 esset,
1075 5737 1336 5792 ecclesias
1365 5733 1438 5788 ibi
1466 5732 1757 5786 instituere
1799 5745 1904 5784 non
1938 5730 2134 5798 potuit.
2175 5729 2326 5783 Ruti-

762 5845 868 5896 nas
902 5842 957 5888 et
1009 5831 1282 5894 Socrates,
1308 5827 1504 5896 quibus
1549 5821 1897 5879 consentiunt
1939 5823 1992 5877 S.
2026 5822 2316 5892 Gregorius

2441 1957 2647 2001 rentur.
2682 1948 2958 2002 lndiculus
2986 1949 3257 2019 Hippolyti
3295 1949 3435 2018 apud
3467 1948 3866 2003 Combefisium
3904 1959 4023 2002 tom.

2441 2041 2633 2098 ll|.col.
2667 2041 2879 2103 83l,ita
2904 2040 3065 2095 habet
3093 2059 3105 2095 :
3141 2060 3158 2093 ‹
3191 2042 3493 2105 Matthtetts,
3515 2057 3636 2095 cum
3667 2041 4024 2111 Evangelium

2441 2129 2704 2184 Hebraicc
2739 2130 3066 2199 scripsisset,
3101 2131 3494 2203 Hierosolymis
3525 2133 3718 2196 edidit,
3755 2132 4029 2188 obdormi-

2439 2221 2623 2290 vitque
2654 2219 2858 2276 Hiereae
2898 2222 3220 2278 Parthorum
3251 2226 3492 2280 civitate.
3529 2244 3548 2277 ι
3585 2226 3796 2280 Verum
3835 2226 4024 2295 exigua

2440 2320 2618 2380 potest
2647 2324 2768 2364 esse
2800 2313 3098 2366 auctoritas
3126 2313 3269 2365 illius
3301 2311 3550 2374 lndiculi.
3584 2314 3797 2382 apertis
3825 2315 4027 2384 aliquot

2439 2401 2724 2455 erroribus
2767 2401 2974 2468 fmdati,
3022 2403 3176 2473 cujus
3208 2412 3396 2458 auctor
3427 2413 3512 2460 est
3545 2405 3816 2460 incertus.
3867 2408 4027 2462 Addit

2439 2491 2796 2546 Combelisius
2827 2492 2882 2547 in
2909 2495 3200 2549 Aunotatis
3235 2513 3247 2548 :
3289 2513 3307 2546 ί
3344 2495 3519 2550 Etiam
3552 2495 3878 2553 Dorotheus
3909 2497 4028 2552 Hie-

2438 2587 2611 2657 ropoli
2636 2586 2872 2641 Parthia:
2887 2587 3089 2642 obiisse
3122 2588 3303 2641 tradit.
3331 2606 3348 2638 ι
3385 2588 3449 2640 At
3478 2589 4026 2655 pseudo-Dorotheus

2437 2678 2612 2732 nihilo
2641 2678 2833 2731 melior
2864 2688 2948 2732 est
2995 2677 3306 2747 Hippolyto.
3357 2677 3718 2745 Freculphus.
3753 2679 3808 2730 in
3854 2677 4026 2733 Chro-

2438 2766 2585 2827 nico,
2615 2764 2709 2821 lib.
2744 2781 2806 2831 ll,
2828 2781 2949 2835 cap.
2975 2765 3027 2839 ι,
3057 2771 3177 2834 post
3204 2763 3436 2834 elogium
3468 2764 3707 2820 Matthzei
3739 2783 3805 2821 cx
3836 2779 4026 2822 sancto

2438 2858 2770 2930 Hieronymo
2799 2857 2984 2912 datum
3023 2854 3142 2911 hazc
3175 2856 3326 2911 addit
3358 2874 3370 2910 :
3425 2875 3444 2909 ι
3477 2857 3529 2912 Is
3570 2858 3810 2928 primum
3852 2862 3909 2915 in
3937 2863 4023 2915 Ju-

2437 2952 2551 3006 daea
2584 2949 2999 3022 evangelizavit,
3042 2950 3387 3020 postmodum
3428 2952 3479 3005 in
3512 2953 3846 3009 Macedonia
3885 2972 4024 3025 prae-

2438 3044 2672 3109 dicavit;
2712 3043 3004 3114 requiescit
3038 3044 3089 3098 ir.
3116 3045 3394 3100 monlibus
3429 3045 3783 3102 Parthorum.
3817 3069 3836 3102 ι
3873 3049 4023 3116 Quod

2438 3137 2505 3191 de
2528 3134 2843 3194 Macedonia
2873 3137 3094 3201 dicitur,
3125 3138 3260 3193 mihi
3294 3153 3403 3191 non
3436 3138 3570 3192 satis
3607 3138 3666 3192 fit
3698 3141 4022 3204 verisimile,

2435 3231 2566 3300 quia
2602 3231 2786 3285 notius
2815 3231 2869 3286 id
2903 3229 3094 3285 fuisset
3124 3229 3350 3295 ϐαρεῖς,
3391 3231 3434 3285 si
3469 3230 3670 3284 factum
3700 3244 3879 3288 esset.
3926 3237 4022 3290 Ea-

2434 3321 2559 3376 dem
2598 3321 2666 3376 de
2696 3337 2858 3376 causa
2900 3321 3107 3385 dubito,
3142 3336 3208 3372 an
3258 3322 3388 3374 satis
3435 3323 3737 3390 probabilis
3787 3326 3864 3380 sit
3894 3326 4024 3380 Mat~

2438 3413 2562 3466 thazi
2601 3412 2912 3480 praedicatio
2941 3410 3215 3485 Hierapoli
3250 3409 3303 3464 in
3354 3412 3530 3483 Syria,
3569 3431 3734 3485 quam
3787 3419 4022 3472 adstruit

2436 3502 2653 3556 Nicetas
2691 3501 2982 3574 Paphlago,
3021 3475 3081 3555 in
3114 3503 3303 3558 eadem
3337 3504 3498 3558 etiam
3535 3475 3668 3561 urbe
3694 3510 4022 3565 defunctum

2434 3596 2696 3650 scribens.

2510 3711 2595 3767 56.
2641 3711 3036 3783 Metaphrastes
3094 3713 3326 3770 Parthos
3393 3716 3774 3786 przedicationi
3856 3719 4022 3790 ipsius

2434 3804 2707 3868 attribuit,
2761 3805 2855 3857 sed
2902 3805 3234 3874 Ethiopian)
3288 3806 3529 3861 ultimam
3577 3809 3706 3865 facit
3759 3817 4022 3881 praedica-

2436 3894 2604 3949 tionis
2635 3891 2870 3949 Matthtei
2910 3902 2966 3948 et
3019 3894 3260 3966 martyrii
3297 3895 3625 3964 palrestram.
3659 3899 3825 3968 Apud
3859 3905 4021 3958 Asse-

2438 4000 2657 4038 manum
2711 3986 2769 4040 in
2819 3985 3145 4040 Bibliotheca
3178 3984 3455 4051 Orietttalt‘,
3489 3995 3620 4044 tom.
3653 3989 3751 4055 Ill,
3783 4005 3923 4059 part.
3967 4014 4019 4056 ιι,

2438 4091 2557 4146 pag.
2584 4077 2635 4138 5,
2661 4076 2880 4139 Amrus,
2901 4081 3135 4146 scriptor
3159 4079 3336 4133 saeculi
3361 4096 3471 4144 xw,
3494 4082 3560 4136 de
3583 4081 3849 4140 Matrltaao
3866 4090 3972 4141 ait:
4001 4108 4016 4138 ι

2445 4189 2461 4222 ‹
2494 4168 2700 4224 Ferunt
2733 4168 3043 4223 Mattbazutn
3077 4173 3464 4240 evangelistam
3513 4172 3724 4227 Indiam
3772 4181 4017 4245 petiisse,

2436 4265 2621 4334 ibique
2656 4263 3002 4334 praedicasse.
3046 4281 3063 4314 ι
3102 4261 3302 4317 Verum
3335 4279 3436 4319 nec
3463 4265 3612 4318 Amri
3646 4267 3800 4323 illius
3824 4283 4014 4324 aucto-

2439 4360 2571 4410 ritas
2603 4365 2748 4411 tauta
2780 4365 2884 4419 est,
2916 4365 2974 4410 ut
3002 4358 3329 4426 persuadere
3359 4357 3517 4415 nobis
3551 4361 3732 4429 possit
3767 4378 3943 4434 usque
3971 4367 4019 4417 in

2439 4447 2642 4500 Indiam
2661 4448 2874 4501 venisse
2895 4457 3141 4501 sanctum
3166 4448 3496 4502 Matthaeum.
3517 4453 3859 4508 Asscmanus
3885 4459 4021 4524 ipse,

2439 4556 2561 4611 pag.
2599 4541 2653 4605 5,
2686 4539 2940 4593 observat
2974 4555 3002 4593 a
3035 4537 3183 4610 Syris
3217 4549 3271 4594 et
3313 4540 3578 4596 Chaldaeis
3609 4544 3782 4599 etiam
3827 4563 4017 4602 nume-

2439 4633 2544 4687 rari
2572 4632 2883 4686 Mattliazum
2927 4632 3070 4686 inter
3122 4633 3400 4703 apostolos
3447 4635 3536 4704 qui
3568 4637 3944 4704 pra-dicarunt
3973 4640 4019 4692 in

2438 4723 2586 4795 Syria
2612 4734 2663 4778 et
2692 4723 2975 4791 Chaldrea;
3005 4739 3114 4778 non
3140 4732 3317 4779 tamen
3346 4731 3700 4783 annumerari
3729 4735 4022 4802 praecipuis

2436 4818 2650 4873 illarum
2708 4817 3111 4886 provinciarum
3145 4818 3422 4887 apostolis.
3471 4818 3629 4884 Quod
3668 4823 4022 4894 Nicephorus

2436 4922 2560 4962 cum
2592 4907 2811 4960 Menaeis
2855 4906 3164 4960 Matthazum
3197 4905 3469 4961 Mirinena:
3501 4910 3649 4977 apud
3697 4912 4021 4984 Δηιιιτορυ-

2437 5002 2641 5073 phagos
2661 5001 2736 5054 ait
2763 4999 3084 5068 praedicasse
3108 5006 3162 5053 et
3189 5000 3535 5065 occubuisse,
3563 5002 3655 5056 vix
3679 5005 3880 5060 referri
3912 5025 4021 5061 tuc-

2435 5102 2606 5155 retur,
2648 5106 2773 5145 cum
2803 5091 3011 5144 oriatur
3032 5105 3098 5144 ex
3126 5091 3352 5144 historia
3389 5091 3636 5146 fabulosa
3671 5103 3728 5148 et
3757 5097 3928 5166 plane
3959 5102 3997 5150 ri

2433 5183 2630 5237 dicula.
2674 5183 2833 5236 Videt
2874 5182 3153 5238 studiosus
3201 5183 3394 5247 lector,
3427 5189 3696 5253 quantum
3736 5191 4014 5245 existimo.

2433 5276 2614 5330 omnia
2645 5276 2734 5330 illa
2767 5275 2833 5329 de
2870 5275 3102 5330 Matthxi
3150 5277 3538 5344 praedicatione
3571 5280 3747 5349 magis
3811 5283 4019 5338 incerta

2432 5383 2572 5431 esse,
2613 5381 2774 5436 quam
2810 5375 2866 5421 ut
2897 5368 3100 5437 aliquid
3134 5378 3250 5423 tuto
3286 5368 3540 5424 atiirmari
3579 5373 3800 5440 possit;
3843 5378 4021 5444 plures

2433 5472 2613 5515 tamen
2660 5463 2970 5515 consentire
3011 5461 3064 5516 in
3114 5460 3395 5516 Persidem
3433 5471 3528 5515 aut
3557 5462 3876 5534 Parthiam,
3908 5486 4021 5539 qu:

2432 5552 2743 5619 provincia),
2787 5545 2912 5606 licet
2943 5553 3213 5606 distincta:
3257 5553 3389 5615 sint,
3423 5550 3578 5609 facile
3605 5555 3890 5612 confundi
3931 5575 4020 5629 po~

2431 5654 2673 5706 tucrunt,
2707 5659 2830 5698 cum
2856 5644 2998 5713 quod
3050 5643 3279 5696 invicem
3315 5644 3504 5698 vicina:
3550 5645 3685 5705 sint,
3719 5655 3845 5702 tum
3883 5653 4019 5720 quod

2436 5745 2679 5804 tempore
2712 5734 2886 5789 sancti
2931 5734 3167 5788 Matthxi
3203 5735 3491 5803 imperium
3528 5744 3676 5791 esset
3707 5745 3863 5809 apud
3902 5742 4020 5797 Par-

2431 5831 2570 5892 thos,
2603 5826 2744 5894 quod
2781 5835 2962 5895 postea
2994 5826 3167 5881 Persae
3193 5835 3539 5894 receperunt.
