4156 6314
178 381 285 443 785

1456 386 1628 444 VITA
1669 384 1728 442 S.
1774 380 2160 439 M.~\'l"l‘H.liL

3317 367 3421 430 786

253 497 339 548 57.
386 496 458 549 De
491 497 609 550 loco
638 498 827 552 mortis
857 506 947 550 aut
976 497 1216 566 martyrii
1251 513 1357 550 non
1396 500 1574 550 minus
1605 497 1750 551 varia
1780 495 1830 553 Α
1857 490 2084 561 Regum,
2119 492 2210 544 lib.
2236 507 2306 551 ιν,
2335 505 2454 557 cap.
2482 489 2701 549 imum.
2727 485 2810 549 l5,
2840 489 3082 536 sanctum
3111 479 3419 532 Mallhatum

189 596 241 638 et
278 584 509 638 invicem
547 585 819 638 contraria
851 584 1220 652 reperiuntur.
1265 583 1324 637 ln
1361 582 1752 654 Martyrologiis

186 673 612 744 Hieronymianis
641 686 870 744 quatuor
898 677 1100 730 diebus
1135 677 1396 730 memoria
1429 674 1486 730 S.
1513 674 1750 730 Matthaei

183 766 571 832 annun'tiatur;
601 767 694 821 sed
728 768 941 822 duobus
968 769 1120 822 locus
1150 763 1442 831 omittitur,
1476 768 1594 821 aliis
1624 782 1752 821 vero

179 859 398 916 duobus
418 861 750 928 adjungitur.
779 860 858 915 Ad
887 867 1029 917 hunc
1053 864 1194 917 diem
1231 872 1406 918 textus
1434 863 1752 916 Florentinii

180 955 266 1008 sic
314 955 520 1009 habet:
567 975 583 1006 ε
627 956 686 1010 ln
731 955 954 1011 Persida
993 959 1216 1012 civitate
1248 958 1506 1012 Tarseum
1558 958 1752 1011 natalis

182 1044 360 1097 sancti
407 1044 642 1100 Matthaei
697 1047 924 1114 apostoli
978 1057 1030 1103 et
1061 1049 1420 1117 evangelistze.
1460 1068 1478 1099 ι
1530 1049 1587 1102 In
1623 1047 1755 1102 Cor-

185 1135 430 1188 beiensi;
470 1155 488 1186 ι
524 1136 579 1188 In
617 1134 834 1190 Persida
863 1138 1081 1193 civitate
1112 1139 1381 1193 Tarrium.
1415 1158 1433 1190 ι
1472 1141 1528 1192 1η
1566 1139 1756 1206 Epte-r-

185 1225 413 1280 nat-ensi
468 1225 587 1281 aliis
642 1226 948 1294 antiquiore
996 1228 1166 1281 solum
1207 1229 1423 1297 legitur,
1478 1248 1494 1278 ‹
1537 1227 1590 1280 ιη
1627 1228 1753 1282 Pcr-

186 1315 327 1382 ελδερ,
370 1337 386 1368 ι
426 1318 622 1370 omissa
654 1318 907 1384 civitate;
942 1319 1016 1373 uti
1039 1321 1198 1374 etiam
1232 1320 1287 1373 fit
1315 1321 1366 1373 in
1400 1320 1756 1374 Rhinoviensi

190 1409 332 1478 apud
362 1423 480 1462 nos.
506 1406 934 1465 Richenovieuse
963 1425 1090 1464 vero
1117 1422 1382 1466 consonat
1412 1411 1752 1477 Corbeiensi,

193 1499 467 1568 habetque
498 1500 716 1555 civitate
755 1500 1023 1564 Tarrium,
1057 1503 1509 1572 quemadmodum
1544 1515 1596 1558 et
1623 1503 1757 1558 Cor—

191 1584 416 1640 beiense
456 1586 718 1643 brevius..
747 1590 970 1659 Reliqua
1003 1591 1420 1664 Hierouvmiana
1469 1605 1562 1649 aut
1589 1594 1756 1649 solam

191 1671 467 1728 Persidem
499 1676 758 1743 indicant,
791 1690 883 1733 aut
923 1681 1098 1735 locum
1125 1697 1346 1749 prorsus
1370 1686 1645 1738 omittunt.
1673 1684 1760 1739 Sic

192 1767 262 1823 ad
299 1784 344 1821 γι
377 1767 523 1833 Maii,
577 1769 645 1822 In
685 1770 902 1825 Persida
953 1776 1310 1828 annuntiatur
1353 1786 1577 1833 sanctus
1627 1780 1760 1832 Mat-

194 1859 394 1920 tbzeus,
431 1873 538 1912 non
579 1858 861 1929 designato
916 1862 1135 1930 propius
1186 1867 1429 1936 martyrii
1461 1867 1598 1922 loco.
1638 1869 1758 1923 Flo-

192 1949 465 2005 rentinius
493 1951 547 2005 in
581 1951 869 2007 Annotatis
898 1954 962 2008 ad
1003 1955 1146 2011 hunc
1183 1957 1324 2010 diem
1363 1959 1454 2011 dat
1477 1959 1760 2027 conjectu-

195 2059 312 2095 ram
367 2053 731 2111 sequentem:
775 2064 792 2097 ι
825 2044 1081 2103 Tarsiana
1141 2049 1278 2103 urbs
1317 2048 1619 2105 Carmania:
1667 2067 1759 2106 seu

195 2133 397 2191 Persia:
445 2134 735 2191 Ptolemreo
787 2147 886 2203 est,
943 2147 1008 2192 ct.
1042 2138 1289 2195 Tarsium
1335 2142 1636 2197 Carmaniae
1669 2159 1762 2198 seu

198 2228 398 2282 Pcrsim
418 2230 867 2297 promontorium,
890 2232 955 2288 de
978 2247 1084 2301 quo
1117 2233 1379 2288 Arrianus
1411 2235 1467 2289 in
1493 2235 1709 2291 Indicis.
1742 2256 1757 2287 ι

197 2318 296 2370 list
322 2316 602 2370 Carmania
636 2317 840 2372 Persidi
891 2322 1108 2389 pr0prie
1144 2322 1301 2378 dicta:
1337 2328 1672 2379 contermina
1700 2328 1764 2382 ad

195 2407 372 2458 sinum
409 2405 684 2462 Persicum
720 2426 909 2465 versus
953 2413 1182 2490 Indiam,
1229 2405 1452 2485 eratque
1489 2419 1768 2487 provincia

196 2497 410 2565 imperii
445 2497 672 2568 Persici,
701 2501 905 2558 habens
929 2505 994 2558 ad
1019 2506 1157 2560 latus
1179 2508 1615 2576 septemtrionalc
1644 2509 1770 2564 Par-

198 2588 395 2654 thiam,
431 2589 500 2643 ita
556 2600 613 2644 ut
645 2592 801 2646 facile
850 2594 929 2648 sic
967 2595 1223 2664 explicari
1259 2611 1476 2666 possent
1509 2600 1769 2674 Magtyro-

195 2680 364 2751 logia,
396 2698 516 2750 qua
550 2694 775 2739 mortem
807 2685 987 2741 Sancti
1021 2699 1229 2757 ponunt
1257 2690 1565 2746 in‘Perside
1594 2706 1686 2751 aut
1719 2696 1770 2749 in

195 2774 480 2829 montibus
507 2775 856 2841 Parthorum,
909 2795 1138 2846 quorum
1188 2791 1315 2836 tunc
1345 2796 1460 2840 erat
1490 2784 1769 2841 Persicum

197 2863 510 2928 imperium.-
545 2866 732 2921 Posset
756 2868 950 2924 similis
979 2871 1092 2923 fieri
1116 2874 1427 2941 conjectura
1453 2877 1516 2930 de
1543 2876 1614 2930 Ta
1627 2878 1769 2930 riana

199 2961 300 3006 aut
327 2950 582 3008 Tarsiana
613 2956 857 3022 civitate,
890 2974 1048 3027 quam
1081 2965 1133 3014 in
1166 2962 1417 3030 Susiana,
1447 2968 1613 3022 altera
1648 2971 1770 3024 Per-

198 3044 299 3098 sici
325 3043 533 3115 imperii
561 3047 856 3116 provincia,
891 3064 1132 3108 recenset
1154 3051 1416 3112 Cellarius
1449 3058 1501 3112 in
1533 3057 1770 3129 Geogra-

1858 595 2013 639 vocat
2041 581 2330 650 [Ethiopian
2365 578 2800 649 praedicatorem.
2864 574 2919 628 S.
2965 570 3260 625 Venantius
3287 569 3421 624 For-

1859 686 2078 730 tunatns
2099 675 2358 746 Gregorio
2391 681 2902 740 contemporaneus,
2926 667 3019 720 lib.
3049 682 3100 726 v,
3123 662 3313 732 capﬂ,
3351 662 3423 717 ita

1859 770 2005 823 canit
2045 786 2055 820 :

1859 860 2143 914 Matt/rivus
2183 859 2448 924 [Ethiopes
2482 865 2798 923 attemperat
2836 867 2923 906 ore
2955 865 3186 916 vapores,

1940 931 2165 995 Vivaque
2193 932 2244 983 in
2273 939 2449 981 exusto
2470 929 2692 995 [Iuntina
2728 924 2859 992 fudit
2892 939 3038 991 agro.

1929 1046 2075 1101 ldem
2117 1059 2356 1108 rursum,
2385 1041 2478 1096 lib.
2516 1043 2549 1094 8
2590 1041 2814 1095 carm.‘
2848 1058 2860 1092 :

1861 1136 1994 1190 Inde
2029 1135 2434 1202 triumphantem
2469 1131 2748 1202 fert-India
2786 1130 3251 1202 Buri/telontceum,

1930 1201 2238 1259 Matt/tivum
2269 1204 2517 1257 eximium
2545 1201 2831 1254 Nuddaver
2860 1201 2970 1252 alta
3003 1201 3189 1252 rirum.

1861 1318 1919 1369 in
1957 1315 2207 1386 sequenti
2240 1313 2484 1368 carmine
2519 1311 2586 1365 de
2620 1309 2900 1364 Naddaver
2931 1324 3147 1361 rursum
3182 1306 3428 1361 meminit

1861 1407 2219 1467 Fortunatus,
2257 1404 2542 1458 insinuans
2588 1402 2898 1455 Matthaemn
2944 1400 3014 1454 ibi
3053 1408 3326 1452 mortuum
3376 1407 3430 1451 et

1863 1499 2164 1568 sepultum,
2193 1495 2654 1566 quemadmodum
2684 1494 2930 1546 Andreas
2957 1491 3150 1551 Patris,
3191 1491 3429 1545 Joannes

1861 1590 2062 1659 Ephesi
2134 1589 2351 1643 fuerunt
2408 1586 2647 1642 defuneti
2709 1593 2762 1639 et
2820 1584 3036 1654 sepulti.
3102 1581 3414 1636 Versiculos

1865 1680 1954 1734 hic
1988 1691 2068 1734 est
2102 1698 2116 1733 :

1938 1772 2077 1836 Quos
2112 1772 2300 1832 Putra,
2335 1788 2460 1841 qtms
2504 1771 2756 1840 Ephesus,
2795 1769 3216 1824 Naddausrurre
3270 1775 3430 1819 leuet.

1865 1863 1988 1919 Hace
2016 1864 2363 1921 Fortunatus.
2398 1864 2490 1932 qui
2528 1862 2713 1929 procul
2746 1862 2908 1914 dubio
2942 1859 3172 1914 credidit
3215 1857 3434 1911 Nadda-

1865 1972 1960 2011 ver
1987 1957 2332 2010 esseut-bent
2386 1944 2697 2021 lEthiopiae,
2741 1967 2859 2006 cum
2894 1951 3008 2003 loco
3041 1950 3271 2019 primum
3305 1947 3433 2000 alle-

1865 2057 1989 2118 gato
2027 2063 2131 2101 non
2163 2049 2319 2110 alios,
2355 2045 2818 2117 quamAEthiopcs
2871 2042 3156 2097 docentem
3216 2039 3440 2093 inducat

1872 2140 2210 2194 Matth-xum.

1939 2225 2024 2285 59.
2057 2231 2310 2284 Attamen
2339 2230 2621 2285 contraria:
2672 2225 2944 2297 opinionis
2972 2233 3053 2278 est
3104 2223 3432 2281 Muratorius

1870 2328 1920 2380 in
1949 2328 2024 2378 An
2041 2328 2240 2378 notatis
2270 2326 2333 2377 ad
2365 2324 2421 2378 S.
2457 2323 2737 2377 Paulinum
2772 2319 2878 2375 col.
2945 2318 3071 2381 451,
3113 2318 3199 2372 ubi
3248 2317 3430 2371 dicit:

1875 2436 1892 2466 ι
1934 2416 2129 2471 lirbcm
2162 2415 2536 2469 Naddaverem
2584 2415 2636 2466 in
2672 2411 2887 2466 Parthia
2929 2411 3160 2480 positam
3206 2408 3428 2463 arbitra.-

1874 2525 1980 2571 rcr,
2014 2523 2119 2576 quo
2167 2508 2341 2561 sancti
2380 2500 2615 2559 Matthxi
2645 2517 2766 2559 ossa
2824 2511 2945 2572 post.
2971 2507 3199 2555 mortem
3234 2499 3435 2553 fuerint

1874 2600 2154 2654 translata.
2195 2617 2213 2650 ι
2262 2597 2371 2652 Hoc
2407 2597 2520 2662 ille,
2551 2607 2608 2650 ut
2643 2605 2892 2649 sanctum
2926 2593 3213 2646 Paulinum
3257 2588 3440 2644 conci-

1874 2691 1968 2746 liet
2007 2707 2128 2745 cum
2186 2699 2374 2748 sancto
2409 2688 2676 2744 Venantio
2730 2687 3048 2750 Fortunato,
3104 2682 3333 2737 credens
3387 2680 3439 2732 in

1878 2793 2108 2852 utroque
2140 2798 2305 2853 rcgno
2339 2781 2658 2852 praedicasse
2678 2779 3009 2841 Manlianum,
3039 2775 3132 2830 sed
3157 2775 3207 2827 in
3234 2771 3442 2827 Ethio-

1875 2874 1959 2944 pia
1997 2873 2333 2937 defunctum,
2366 2886 2672 2940 corpusque
2699 2884 2764 2923 ex
2786 2867 3064 2935 EthiOpia
3089 2866 3140 2918 in
3164 2863 3438 2918 Parthiam

1876 2974 1970 3019 aut
2003 2965 2278 3020 Persidem
2317 2980 2344 3018 a
2382 2964 2668 3033 discipulis
2702 2961 3042 3015 translatum.
3082 2959 3278 3013 Verum
3318 2969 3442 3008 cum

1875 3057 2035 3111 venia
2067 3058 2163 3110 viri
2197 3055 2580 3117 eruditissimi,
2639 3069 2667 3108 a
2707 3053 2896 3124 paucis
2952 3049 3110 3105 annis
3176 3048 3441 3108 defuncti,

200 3137 332 3204 phia
356 3137 576 3207 antiqua
607 3154 708 3210 pag
754 3140 876 3194 488.
906 3142 1093 3197 Neutri
1119 3147 1452 3215 conjectura:
1479 3152 1772 3207 obstabunt
1804 3161 1843 3224 ς
1877 3152 2200 3220 conjectura
2235 3151 2326 3204 illa
2369 3149 2501 3202 mihi
2534 3149 2681 3202 onmi
2722 3143 3214 3202 verisimilitudinis
3263 3142 3443 3211 specie

203 3228 305 3292 illi,
337 3229 430 3298 qui
466 3230 722 3287 dixerunt
765 3232 1074 3288 Malthzeum
1121 3237 1445 3293 occubuisse
1478 3240 1530 3292 in
1567 3243 1767 3294 monti-

204 3325 310 3375 hus
339 3321 681 3380 Parthorum.
719 3334 776 3378 ut
808 3326 1148 3399 Frcculphus
1179 3330 1454 3398 superius,
1493 3343 1546 3387 et
1579 3332 1770 3389 Petrus

203 3415 277 3469 de
328 3414 605 3470 Natalibus
656 3419 750 3472 lib.
780 3436 897 3483 vm,
935 3436 1057 3490 cap.
1105 3422 1219 3478 l00.
1272 3424 1587 3496 Anonymns
1628 3430 1768 3499 apud

204 3505 632 3569 ()Ecumenium,
692 3512 781 3576 qui
844 3509 1154 3567 Matthawm
1212 3515 1402 3568 scribit
1462 3517 1660 3575 obiisse
1718 3521 1769 3572 in

206 3593 373 3645 Hiera
397 3593 613 3648 civitate
646 3597 901 3658 Parthia,
935 3608 1069 3654 teste
1103 3599 1462 3666 Florentinio,
1492 3622 1609 3677 pag.
1650 3611 1768 3671 {59.

207 3685 291 3739 uti
340 3693 394 3740 et
433 3701 594 3756 supra
655 3687 992 3761 Hippolytus,
1033 3701 1086 3745 et
1146 3691 1447 3751 Dorotheus
1498 3699 1770 3770 llieropoli

209 3778 464 3844 Parthize,
499 3786 784 3838 nominant
829 3784 1007 3838 locum
1064 3786 1221 3856 plane
1273 3787 1514 3858 ignotum
1556 3794 1607 3844 in
1645 3793 1766 3846 Par-

212 3871 431 3947 thorum
492 3872 737 3939 imperio.
794 3874 903 3929 Nec
937 3893 1263 3946 magnopere
1305 3881 1602 3934 audiendos
1643 3895 1772 3952 puto

210 3959 354 4023 illos,
420 3960 508 4028 qui
563 3960 831 4032 Hierapoli
885 3965 938 4018 in
1001 3967 1150 4037 Syria
1219 3985 1385 4038 prope
1444 3970 1771 4039 Euphratem

210 4049 414 4107 abiisse
465 4053 716 4110 scribunt
749 4055 1079 4122 Matthaeum,
1131 4069 1188 4112 ut
1234 4059 1446 4116 Nicetas
1487 4064 1773 4137 Paphlago,

209 4153 268 4197 et
299 4154 484 4198 auctor
514 4146 795 4218 Menologii
824 4148 1100 4204 Basiliani.
1134 4153 1344 4207 Etenim
1388 4171 1495 4209 non
1525 4158 1775 4214 videntur

211 4233 500 4300 Eusebius,
552 4237 930 4308 Hieronymus,
979 4228 1414 4311 Chrysostomus,
1463 4244 1774 4302 Theodore-

213 4337 326 4389 tus,
356 4329 555 4398 aliique
596 4327 800 4395 Patres,
851 4332 940 4400 qui
972 4333 1022 4385 in
1053 4333 1204 4405 Syria
1237 4345 1330 4389 aut
1359 4337 1641 4393 Palzestina
1673 4340 1773 4396 fio-

210 4428 462 4485 Iuerunt,
498 4437 688 4477 omnes
724 4423 1016 4493 ignoraturi
1046 4435 1139 4479 aut
1163 4427 1373 4482 tacituri
1402 4429 1568 4483 fuisse
1595 4431 1772 4486 locum

212 4511 541 4568 mortualetn
601 4515 768 4568 sancti
811 4515 1067 4581 Matthmi,
1123 4519 1168 4571 si
1218 4518 1483 4590 Hierapoli
1526 4522 1576 4575 in
1631 4523 1782 4596 Syria
1820 4517 1860 4570 π)

212 4603 466 4663 obiisset.

289 4695 377 4751 58.
443 4699 573 4752 Acta
623 4700 831 4754 edenda
901 4700 1098 4755 habent
1176 4714 1418 4757 sanctum
1473 4706 1780 4764 illatthzeum

215 4790 482 4861 martyrio
512 4805 832 4846 coronatum
866 4808 987 4849 esse
1053 4795 1106 4849 in
1143 4795 1442 4867 Ethiopia,
1483 4798 1538 4852 in
1565 4803 1783 4856 civitate

197 4884 387 4951 regia,
419 4900 539 4953 qua:
567 4885 763 4940 ibidem
813 4884 1105 4950 Naldaber,
1139 4889 1270 4941 aiias
1323 4890 1605 4945 Nrtdduber
1646 4895 1780 4948 scii-

215 4975 388 5028 bitur.
443 4974 725 5038 Sententia
779 4989 960 5032 autem
1002 4980 1116 5033 haec
1175 4981 1242 5033 de
1296 4982 1679 5050 praedicatione
1733 4996 1786 5039 ct

216 5072 403 5119 morte
435 5067 611 5120 sancti
647 5066 881 5122 Matthxi
925 5071 978 5124 in
1023 5070 1296 5141 {Ethiopia
1344 5073 1524 5142 plures
1576 5075 1786 5130 videtur

218 5156 425 5212 habere
457 5167 712 5227 patronos
747 5172 801 5213 et
831 5163 1103 5224 meliores,
1147 5181 1309 5232 quam
1350 5167 1450 5219 ulla
1499 5168 1623 5220 alia.
1651 5168 1784 5221 Nam

218 5257 422 5318 preter
460 5249 716 5306 Rufinum
785 5263 841 5307 et
898 5254 1198 5316 Socratem,
1232 5268 1454 5312 sanctus
1487 5259 1786 5316 Eucherius

217 5341 632 5409 Lugdunensis,
668 5345 904 5414 scriptor
937 5346 1116 5400 saeculi
1164 5366 1211 5409 v,
1247 5348 1298 5400 in
1341 5364 1507 5416 opere
1542 5351 1613 5404 De
1642 5369 1786 5422 quw-

217 5433 475 5488 uicibus
499 5437 610 5488 novi
650 5440 964 5494 Testomcnti
989 5480 1002 5502 ,
1035 5448 1164 5493 tom.
1214 5442 1272 5495 Vl
1308 5441 1635 5497 Bibliotheca:
1681 5445 1787 5497 Ρα-

219 5535 365 5578 trum
403 5526 536 5582 edit.
571 5527 812 5599 Lngdun.
852 5547 973 5601 pag.
1003 5535 1128 5599 852,
1167 5535 1235 5588 ita
1275 5536 1555 5603 loquitur:
1594 5556 1610 5588 α
1661 5537 1785 5590 Uar-

220 5617 549 5676 tholomzens
586 5621 636 5674 in
667 5621 847 5687 ludos,
878 5623 1118 5678 Thomas
1171 5627 1399 5693 tetendit
1437 5628 1490 5680 in
1527 5629 1782 5682 Parthos:

219 5706 513 5767 Mattheus
536 5711 839 5781 Ethiopes,
870 5715 1112 5769 Andreas
1135 5715 1368 5786 Scythas
1403 5720 1789 5786 prmdicatiouc

220 5801 484 5865 mollivit,
523 5821 541 5852 ›
585 5813 685 5860 etc.
724 5803 780 5859 S.
839 5805 1135 5877 Gregorius
1177 5808 1228 5861 in
1293 5809 1491 5864 librum
1553 5811 1786 5880 primum

1879 3244 2138 3296 destituta
2170 3243 2402 3306 videtur,
2445 3241 2704 3309 omnique
2736 3253 2928 3292 carere
2978 3236 3352 3290 fundamento.

1883 3336 2218 3390 Fortunatus
2241 3335 2433 3390 urbem
2492 3333 2778 3388 Naddaver
2833 3333 2885 3384 in
2938 3329 3154 3384 Parthia
3213 3328 3443 3397 positam

1881 3426 2222 3489 credidisset,
2270 3436 2552 3496 postquam
2613 3423 2907 3479 docentem
2955 3419 3244 3491 Ethiopes
3293 3419 3446 3471 exhi—

1882 3521 2074 3573 buerat
2101 3518 2434 3582 .llatthteum,
2469 3517 2712 3573 translati
2748 3514 2998 3584 corporis
3033 3514 3194 3567 etiam
3261 3512 3448 3564 memi-

1882 3611 2074 3674 nisset,
2108 3625 2175 3663 ne
2207 3609 2436 3664 lectores
2473 3623 2601 3663 suos
2638 3609 2690 3660 in
2720 3620 2964 3660 errorem
3004 3605 3309 3659 induceret.
3348 3602 3447 3655 Fa-

1883 3702 2039 3756 cilius
2072 3703 2264 3770 itaque.
2293 3713 2345 3756 et
2404 3702 2753 3756 verisimilius
2800 3701 2902 3754 dici
2943 3709 3142 3769 potest,
3197 3708 3443 3752 sanctum

1884 3797 2168 3852 Paulinum
2202 3806 2294 3849 aut
2336 3796 2508 3850 solum
2547 3794 2687 3862 loqui
2718 3794 2783 3847 de
2814 3791 3193 3862 praedicatione
3215 3789 3445 3843 Matth-ari

1883 3893 2024 3956 apud
2055 3887 2306 3951 Parthos,
2363 3886 2450 3939 ubi
2493 3885 2736 3952 ejusdem
2779 3883 2918 3951 apud
2956 3882 3149 3935 Persas
3187 3881 3447 3947 praedica-

1884 3981 2084 4033 tionem
2117 3975 2454 4032 solummodo
2480 3975 2709 4029 atlirmat
2729 3982 2950 4026 sanctus
2983 3971 3446 4034 Ambrosins;aut

1886 4073 2101 4142 utrique
2150 4074 2327 4124 minus
2383 4078 2688 4138 perspectas
2757 4066 2922 4120 fuisse
2971 4064 3219 4139 regiones
3292 4075 3448 4118 extra

1886 4164 2190 4219 Romanum
2241 4162 2527 4230 imperium
2581 4160 2812 4228 positas,
2854 4157 3088 4225 ideoque
3157 4165 3450 4222 utrumque

1884 4256 2116 4311 credere
2162 4253 2420 4323 potuisse,
2472 4249 2779 4303 Matthzum
2829 4248 2882 4300 in
2937 4247 3216 4316 provincia
3273 4247 3450 4314 aliqua

1887 4346 2241 4404 famosissimi
2306 4343 2518 4411 imperii
2594 4340 2793 4395 Persici
2837 4349 2928 4392 aut
2987 4337 3223 4392 Parthici
3286 4351 3451 4390 occu-

1887 4440 2086 4495 buisse.
2121 4437 2232 4492 Hoc
2261 4443 2465 4490 certmn
2508 4445 2610 4496 est,
2676 4441 2932 4485 neutrum
2977 4431 3213 4494 edicere,
3257 4429 3309 4481 in
3345 4444 3452 4497 qua

1887 4541 2041 4602 parte
2081 4529 2334 4584 latissimi
2401 4526 2546 4581 illius
2590 4524 2805 4594 imperii
2855 4523 3014 4576 fuerit
3038 4530 3258 4575 sanctus
3321 4521 3453 4576 Mat-

1889 4625 2059 4679 lhaeus
2091 4640 2105 4676 :
2137 4623 2366 4690 ideoque
2401 4619 2611 4672 illorum
2636 4613 3016 4668 auctoritatem
3062 4627 3168 4665 non
3208 4627 3330 4666 esse
3364 4611 3451 4666 hic

1888 4715 2019 4768 tanti
2048 4713 2378 4776 faciendam,
2401 4710 2592 4781 quanti
2619 4709 2779 4772 foret,
2812 4709 2854 4761 si
2893 4707 3073 4760 minus
3099 4721 3231 4777 vage
3260 4706 3448 4775 loque-

1888 4813 2098 4855 I'Cllllll'.

1951 4898 2028 4951 .60
2072 4894 2185 4948 Ado
2222 4895 2276 4947 in
2319 4893 2503 4948 libello
2539 4892 2609 4943 Dc
2657 4893 3040 4962 festivitatibus.
3073 4889 3450 4958 apostolorum.

1891 5000 2008 5055 pag.
2041 4983 2108 5037 ’ὀί
2137 4981 2453 5050 martyrium
2483 4982 2654 5035 sancti
2680 4981 2910 5034 Mattha'i
2951 4980 3201 5034 similiter
3227 4979 3452 5033 collocat

1889 5077 1943 5128 in
1974 5072 2275 5143 Ethiopia,
2306 5073 2494 5129 dicens
2527 5092 2539 5126 :
2576 5091 2594 5124 ‹
2627 5071 2727 5136 Qui
2765 5073 2970 5140 primus
2998 5072 3051 5124 in
3076 5071 3255 5123 Judzea
3277 5069 3454 5122 Evan-

1889 5163 2089 5238 gelium
2127 5166 2327 5234 Christi
2359 5167 2587 5221 Hebrwo
2616 5179 2869 5219 sermone
2935 5161 3283 5231 conscripsit.
3327 5159 3456 5214 Post

1889 5274 2016 5312 vero
2051 5259 2190 5328 apud
2216 5258 2549 5328 Aithiopiam
2576 5257 2895 5327 przcdicans,
2923 5254 3238 5324 martyrium
3264 5257 3453 5321 passus

1891 5362 1988 5406 est.
2023 5371 2039 5403 ›
2083 5351 2449 5406 Consentiunt
2474 5353 2733 5405 liabanus
2762 5360 2815 5404 et.
2846 5347 3127 5402 Usuardus
3154 5346 3220 5399 de
3254 5345 3451 5414 praedi—

1891 5445 2107 5498 catione
2170 5455 2224 5497 et
2265 5445 2520 5514 martyrio
2564 5445 2616 5496 in
2667 5441 2966 5510 Aithiopia,
3014 5441 3466 5504 recentioresqua.

1893 5536 2130 5604 plurimi.
2161 5536 2424 5590 Omnibus
2452 5545 2630 5589 autem
2660 5533 3019 5588 consideratis
3077 5539 3131 5587 et.
3174 5527 3446 5597 expensis,

1893 5626 2004 5682 haec
2029 5629 2159 5681 mihi
2186 5615 2452 5681 senicrttia
2500 5624 2828 5696 probabilior
2857 5625 3086 5684 videtur.
3123 5636 3281 5690 quam
3319 5635 3457 5688 que-

1895 5721 1946 5771 in
1999 5721 2218 5774 Perside
2265 5731 2356 5774 aut
2408 5720 2622 5772 Parthia
2680 5720 2991 5776 defunctum
3067 5713 3246 5766 tradit.
3295 5711 3450 5767 Ratio

1893 5815 2064 5886 prima
2118 5823 2219 5872 est,
2269 5812 2724 5884 quodﬁllhiopia
2767 5823 2900 5866 esset
2957 5803 3185 5878 JEgyp'tu
3243 5812 3461 5860 conter-
