4156 6314
751 385 850 447 ἹὸῚ

1978 367 2259 431 MENSIS
2296 361 2588 422 SEPTEM
2600 362 2767 422 BER.

3899 354 4002 418 788

748 497 914 560 mina,
951 492 1183 561 ideoque
1214 506 1323 545 non
1357 489 1608 544 videatur
1649 481 2112 557 praetermittenda
2148 478 2318 532 fuisse
2350 476 2396 529 Δ
2431 490 2450 524 ι
2482 474 2652 538 Quem
2676 470 3000 542 (Christum)
3025 470 3297 523 imitantes
3331 465 3581 537 apostoli,
3617 463 3793 533 utqui
3815 477 4001 517 revera

749 589 814 640 ab
838 585 1118 655 apostolis,
1147 583 1446 653 praesertim
1483 596 1608 636 cum
1644 577 1879 632 eunuchi
1922 576 2121 644 regina:
2173 572 2316 628 Can-

749 683 914 735 daces
970 677 1261 733 conversio
1310 691 1462 746 spem
1527 687 1776 743 magnam
1827 668 2068 740 praebere
2133 676 2318 736 posset

753 773 1050 842 :‘Etbiopiae
1082 769 1486 826 convertendae.
1519 766 1728 837 Itaque.
1779 779 1901 820 cum
1944 776 2056 817 non
2106 771 2320 815 constet

751 869 820 922 de
849 866 1238 936 prtedicatione
1271 864 1435 917 ullius
1462 860 1687 916 alterius
1721 875 1783 914 ex
1813 855 2096 926 discipulis
2114 853 2315 909 Christi

750 963 805 1016 in
829 960 1131 1031 Aithiopia,
1149 959 1336 1014 Patres
1357 973 1483 1012 vero
1501 958 1680 1026 plures
1717 955 2027 1008 eunuchum
2050 951 2228 1020 ipsum
2248 947 2318 1001 ibi

751 1054 872 1108 fidei
916 1068 1223 1123 prarconem
1291 1050 1510 1114 faciant,
1564 1047 1784 1102 videtur
1838 1045 2066 1099 omnino
2130 1056 2320 1096 assen-

752 1147 997 1200 tiendum
1034 1146 1159 1209 illis,
1203 1145 1297 1214 qui
1329 1144 1644 1198 Matthzeum
1670 1157 1736 1197 eo
1773 1138 1997 1194 missum
2029 1144 2317 1192 asserunt:

755 1236 925 1291 solius
949 1236 1095 1289 enim
1127 1235 1390 1300 eunuchi,
1448 1242 1640 1305 utpote
1679 1231 1827 1294 laici,
1858 1230 1986 1285 dum
2021 1244 2086 1283 eo
2137 1241 2322 1282 rever—

756 1342 851 1380 sus
891 1335 994 1389 est,
1015 1336 1241 1382 conatus
1271 1343 1377 1381 non
1410 1334 1623 1395 poterat
1654 1323 1903 1377 sullicere
1945 1320 2010 1374 ad
2063 1319 2324 1376 ecclesias

751 1419 1059 1489 erigendas,
1122 1419 1226 1475 nisi
1279 1421 1566 1475 accederet
1617 1419 1932 1489 apostolus,
1986 1423 2081 1470 aut
2134 1414 2322 1469 saltem

754 1512 1009 1566 sacerdos
1040 1511 1258 1581 aliquis.
1309 1511 1464 1566 Hunc
1497 1526 1624 1566 vero
1654 1511 1823 1566 fuisse
1868 1509 2184 1563 Matthazum
2216 1515 2325 1558 tra-

754 1601 893 1655 dunt
943 1602 1241 1671 scriptores
1280 1602 1410 1658 satis
1463 1602 1669 1672 antiqui
1712 1612 1766 1657 et
1803 1615 1996 1672 graves
2049 1600 2114 1653 ad
2166 1597 2323 1650 ﬁdem

757 1692 857 1744 hac
886 1691 942 1744 in
966 1706 1023 1745 re
1045 1692 1423 1746 obtinendam.
1440 1692 1620 1746 Altera
1647 1695 1784 1746 ratio
1807 1701 1910 1754 est,
1934 1689 2076 1760 quod
2111 1688 2324 1743 Persica

2419 568 2604 615 essent
2626 559 2936 629 cognitione
2964 557 3173 628 pmditi
3204 566 3258 612 et
3293 556 3543 624 perfecti,
3579 571 3685 624 pro
3722 553 4001 615 ecclesiis,

2421 638 2556 723 quas
2599 655 2920 716 fundarunt,
2983 652 3125 722 passi
3176 660 3322 705 sunt.
3380 669 3397 702 ›
3467 650 3827 718 Quapropter
3874 646 4001 698 mihi

2422 750 2576 820 longe
2610 747 2943 818 probabilior
2972 753 3196 814 apparet
3230 747 3501 798 sententia
3534 740 3998 806 couiiitunis.qua

2425 848 2624 909 martyr
2673 837 2915 892 creditur
2964 836 3292 890 hiatthaeus:
3340 849 3463 886 nam
3497 849 3599 886 nec
3634 831 4003 897 Menologium

2422 932 2752 986 Basilianum
2791 929 2934 984 clare
2968 929 3305 983 contrarium
3359 926 3544 988 habet,
3572 939 3675 976 nec
3700 921 4005 975 HeraclcOu

2423 1025 2562 1094 apud
2594 1022 2936 1080 Clementem
2972 1039 2984 1074 :
3031 1033 3133 1072 nec
3165 1019 3359 1072 horum
3396 1014 3702 1070 auctoritas
3731 1028 3837 1081 par
3867 1020 4009 1064 esset

2427 1117 2650 1185 reliquis
2676 1115 2954 1178 omnibus,
2985 1113 3028 1166 si
3061 1110 3290 1166 omnino
3318 1109 3657 1164 contrarium
3708 1105 4007 1158 haberent.

2426 1214 2500 1266 De
2533 1223 2776 1280 tempore
2827 1207 3071 1278 martyrii
3114 1221 3224 1260 non
3281 1212 3516 1258 constat.
3575 1201 4012 1269 Clirysostomus

2427 1317 2607 1360 tamen
2686 1305 2833 1359 hom.
2912 1299 2978 1354 76
3043 1297 3134 1369 (al.
3220 1297 3310 1365 77)
3378 1296 3436 1348 in
3497 1294 3819 1348 Manlianum
3880 1289 4010 1342 insi-

2429 1409 2584 1462 nuat,
2637 1397 2915 1450 Sanctum-
2954 1393 3128 1447 fuisse
3178 1389 3496 1444 defunctum
3553 1394 3682 1440 ante
3732 1382 4012 1438 excidium

2428 1492 3004 1567 Hierosolymitanum,
3038 1484 3182 1557 quod
3207 1485 3387 1554 [igitur
3414 1496 3555 1537 anno
3580 1479 3651 1533 70
3681 1493 3816 1533 an:
3852 1474 4013 1530 Chri—

2428 1588 2639 1643 stianre.

2501 1682 2587 1735 69..
2632 1679 2900 1734 Caeterum
2967 1675 3033 1730 de
3106 1672 3270 1729 modo
3324 1668 3542 1724 vivendi
3602 1674 3660 1720 et
3707 1662 4020 1716 virtutibus

756 1795 850 1839 aut
885 1782 1141 1838 Parthica
1173 1785 1349 1840 sancti
1397 1784 1710 1855 praedicatio
1768 1753 1963 1839 solum'
1988 1782 2227 1838 breviter
2274 1791 2327 1833 et
2357 1814 2402 1872 Β
2432 1774 2490 1829 S.
2520 1771 2757 1828 Matthiei
2809 1784 2977 1840 pauca
3023 1766 3375 1836 reperiuntur
3425 1761 3566 1833 apud
3606 1768 3858 1814 veteres.
3896 1753 4021 1806 Cle-

756 1892 890 1946 vage
926 1877 998 1930 sit
1024 1889 1233 1933 asserta
1261 1880 1327 1933 ab
1347 1878 1638 1934 Ambrosio
1673 1889 1726 1933 et
1750 1878 1995 1944 Paulino,
2031 1893 2093 1932 ex
2127 1877 2326 1946 quibus

760 1969 814 2023 in
856 1967 1048 2025 Fastos
1109 1971 1562 2042 llieronymianos
1615 1971 1848 2026 transire
1911 1972 2109 2040 putuit.
2146 1969 2328 2021 Potuit

762 2073 944 2118 tamen
984 2065 1051 2119 ibi
1085 2081 1301 2134 quoque
1327 2066 1643 2133 praedicare,
1683 2075 1736 2118 et
1775 2073 1964 2135 postea
1999 2063 2051 2116 in
2110 2061 2329 2115 Althio-

760 2155 904 2222 piam
935 2156 1211 2224 proficisci
1245 2174 1257 2210 :
1294 2173 1419 2210 nam
1458 2157 1525 2211 de
1559 2165 1734 2211 morte
1783 2166 1877 2210 aut
1907 2156 2162 2226 martyrio
2209 2158 2327 2210 lau-

760 2247 872 2300 dati
904 2247 1090 2304 Patres
1120 2251 1255 2304 nihil
1309 2251 1600 2304 afﬁrmant.
1633 2249 1789 2315 Quod
1827 2266 1953 2303 vero
2004 2258 2215 2319 spectat
2264 2249 2328 2302 ad

759 2340 1064 2408 civitatem,
1098 2359 1219 2412 qua":
1247 2342 1532 2398 Naddaver
1562 2343 1616 2395 in
1674 2344 1820 2395 Actis
1865 2351 1917 2394 et
1965 2341 2107 2410 apud
2141 2341 2333 2394 Fortu-

761 2443 952 2488 natuni
979 2445 1226 2498 vocatur,
1266 2436 1413 2489 nulla
1449 2436 1595 2489 illius
1635 2435 2064 2506 planemominis
2093 2445 2218 2491 nota
2251 2444 2333 2490 est

760 2521 818 2575 in
849 2522 1149 2593 ιΕιΙιίορίε.
1209 2525 1340 2579 Erat
1386 2534 1565 2580 tamen
1634 2526 1860 2597 Augusti
1910 2535 2149 2595 tempore
2205 2526 2332 2579 urbs

759 2614 966 2684 Napata
1034 2615 1176 2682 apud
1238 2614 1559 2670 Strabonem
1627 2635 1748 2688 pag.
1801 2617 1904 2670 820
1950 2619 2112 2679 dicta,
2171 2633 2329 2686 quam

762 2707 1051 2762 Petronius
1112 2707 1358 2764 Romano
1410 2709 1675 2764 exercitui
1732 2711 2020 2780 praefectus
2069 2711 2218 2777 cepit
2271 2725 2335 2762 ac

762 2799 930 2854 diruit
959 2802 1013 2853 in
1051 2801 1191 2855 bello
1221 2812 1410 2856 contra
1460 2804 1700 2872 reginam
1735 2804 2050 2858 Candacen.
2089 2803 2332 2873 Napatis,

763 2902 905 2948 teste
947 2893 1238 2958 Strabone,
1268 2892 1551 2948 Candaces
1583 2895 1727 2966 regia
1760 2905 1899 2950 erat.
1923 2896 2041 2951 Jam
2073 2912 2204 2951 vero
2245 2898 2331 2950 alii

765 2985 1140 3050 considerent,
1175 3001 1240 3038 an
1269 2986 1400 3041 urbs
1427 2985 1765 3058 Ethiopica,
1799 3004 1958 3056 quam
2006 2986 2208 3057 Napata
2237 3005 2334 3042 vo-

765 3085 963 3130 carunt
998 3077 1194 3143 Crreei,
1244 3092 1357 3130 non
1393 3081 1632 3145 potuerit
1680 3079 1782 3130 alia
1816 3079 2157 3146 expositione
2189 3080 2334 3132 vocis

2433 1882 2586 1921 mens
2619 1863 3042 1926 Alexandrinus,
3072 1861 3168 1915 lib.
3198 1875 3233 1913 tt
3262 1856 3566 1926 Pwdagogi,
3592 1869 3721 1922 cap.
3754 1853 3806 1911 t,
3843 1848 4020 1901 victus

2429 1961 2778 2014 sobrietatem
2805 1956 3010 2018 laudat,
3052 1953 3122 2007 ita
3175 1949 3424 2005 scribens
3462 1963 3478 2004 :
3519 1965 3536 1998 ι
3578 1945 3884 1998 Matthaeus
3917 1941 4019 1993 ita-

2428 2070 2533 2125 que.
2565 2049 2840 2122 apostolus
2875 2046 3197 2104 seminibus.
3229 2042 3415 2097 baccis
3438 2051 3492 2095 et
3521 2039 3773 2094 oleribus
3807 2036 4019 2101 absque

2432 2147 2702 2202 carnibus.
2733 2143 3006 2196 utebatur.
3049 2159 3066 2190 ι
3125 2137 3569 2206 Clirysostomus,
3627 2134 3784 2183 hom.
3819 2129 3892 2180 ιη
3927 2129 4016 2196 (al.

2432 2240 2520 2309 48)
2555 2241 2605 2290 in
2649 2235 2840 2289 Matth.
2875 2248 2938 2286 ex
2984 2231 3152 2285 sacris
3183 2228 3402 2282 Litteris
3432 2225 3668 2294 elogium
3719 2222 4021 2276 collectum

2435 2335 2506 2387 ita
2552 2327 2868 2386 contexuit:
2910 2347 2927 2379 ε
2959 2325 3145 2396 Cogita
3181 2321 3315 2377 mihi
3367 2318 3586 2391 (inquit)
3630 2318 3784 2370 hunc
3840 2316 4020 2383 ipsum

2435 2424 2846 2493 evangelistam,
2902 2417 3112 2473 etiamsi
3163 2429 3271 2468 non
3328 2423 3492 2466 totam
3541 2412 3660 2480 ejus
3709 2409 3887 2461 vitam
3925 2409 4020 2458 de-

2435 2517 2690 2586 scriptam
2730 2513 3072 2566 habeamus:
3109 2516 3348 2560 attamen
3392 2517 3455 2558 ex
3494 2500 3708 2571 paucis.
3762 2514 3891 2566 qua:
3939 2512 4020 2549 re-

2435 2618 2599 2670 stant,
2627 2608 2752 2661 licet
2772 2606 3062 2673 imaginem
3082 2603 3199 2670 ejus
3220 2598 3595 2667 splendentem
3623 2595 3833 2646 videre.
3862 2591 4017 2655 Quod

2439 2700 2657 2754 humilis
2707 2706 2761 2750 et
2791 2695 3060 2750 contritus
3109 2699 3275 2754 esset,
3309 2688 3432 2742 audi
3467 2687 3642 2756 ipsum
3674 2685 3732 2736 in
3769 2682 4019 2747 Evaiigeo

2439 2795 2508 2847 lio
2537 2809 2655 2847 sese
2679 2789 3028 2862 publicanum
3054 2794 3335 2840 vocantem
3361 2799 3375 2848 ;
3413 2779 3558 2851 quod
3582 2789 3773 2831 autem
3808 2776 4018 2830 miseri-

2436 2903 2559 2942 cors
2600 2893 2766 2949 esset,
2802 2882 2922 2937 vide
2962 2880 3112 2934 illum
3143 2875 3398 2932 omnibus
3425 2883 3652 2927 exutum
3684 2856 3881 2923 .lesum
3937 2883 4019 2921 se-

2438 2989 2718 3052 quentem.
2770 2975 2923 3040 Quod
2961 2973 3082 3043 pius
3113 2979 3279 3034 esset,
3317 2970 3491 3037 palam
3517 2973 3603 3019 est
3631 2979 3698 3016 ex
3742 2961 4018 3032 dogmati-

2441 3073 2560 3126 bus.
2596 3066 3011 3139 Intelligentiam
3047 3075 3100 3116 et
3133 3059 3455 3117 charitatem
3501 3055 3621 3126 ejus
3649 3070 3718 3108 ex
3753 3068 3846 3116 eo,
3879 3052 4020 3122 quod

765 3167 1116 3238 Ethiopian,
1152 3178 1242 3223 aut
1292 3169 1482 3224 saltem
1513 3170 1867 3240 corruptione
1917 3169 2201 3224 Naddaver
2245 3188 2336 3224 ex-
2367 3173 2405 3228 C
2441 3163 2788 3234 conscripsit,
2842 3158 3136 3229 Evangelio
3191 3154 3374 3209 videre
3403 3154 3485 3206 est
3516 3169 3529 3204 :
3581 3148 3835 3203 universi
3873 3147 4020 3199 enim

765 3260 953 3332 primi.
988 3259 1246 3314 Eamdem
1283 3259 1474 3313 urbem
1503 3259 1637 3314 alibi
1677 3260 1910 3332 Naggata
1954 3262 2117 3316 scribi
2151 3261 2339 3316 obser-

765 3362 860 3411 vat
890 3352 1178 3418 Cellarius,
1214 3352 1265 3406 in
1299 3351 1893 3425 Geographia‘antiqua,
1930 3353 2023 3407 lib.
2046 3369 2119 3419 iv,
2139 3370 2258 3425 cap.
2283 3355 2336 3420 8,

768 3460 893 3517 pag.
929 3446 1030 3498 156

842 3539 932 3595 6|.
967 3537 1122 3604 Quod
1163 3548 1372 3610 spectat
1406 3539 1472 3595 ad
1505 3542 1823 3612 martyrium
1865 3541 2038 3596 sancti
2075 3541 2338 3610 Matth-aii,

768 3633 877 3688 hoc
907 3634 1084 3702 ipsum
1119 3633 1333 3688 videtur
1370 3634 1616 3689 dubium.
1650 3634 2024 3706 Martyrologia
2074 3635 2338 3706 Hierony-

772 3725 955 3780 miana
985 3735 1039 3780 et
1108 3729 1240 3778 Acta
1271 3724 1462 3778 Latina
1514 3739 1636 3777 cum
1687 3726 2061 3794 martyrologis
2089 3727 2342 3782 omnibus

772 3815 935 3871 medii
974 3815 1075 3869 tevi
1112 3815 1410 3881 insinuant,
1446 3815 1753 3872 Mattlimum
1774 3819 1979 3874 ohiisse
2017 3831 2340 3892 martyrem.

771 3910 842 3963 At
884 3909 1244 3980 menologium
1265 3909 1596 3965 Basilianum
1615 3911 1680 3964 ad
1702 3912 1765 3966 16
1789 3910 2107 3968 Novembris
2121 3915 2187 3969 de
2203 3931 2343 3969 mar-

774 4003 913 4074 tyrio
934 4004 1083 4058 clare
1115 4005 1304 4058 saltem
1341 4021 1448 4058 non
1479 4007 1742 4074 loquitur,
1775 4007 1868 4061 sed
1905 4011 2075 4061 utitur
2095 4025 2228 4063 voce
2247 4028 2339 4062 τε-

769 4095 1036 4161 λειοῦται,
1059 4105 1605 4168 consummatur,quo
1625 4108 1803 4154 tamen
1835 4101 2001 4155 verbo
2025 4103 2341 4174 martyrium

773 4189 926 4243 inuui
991 4199 1194 4258 potest,
1250 4191 1485 4243 maxime
1539 4206 1661 4245 cum
1729 4195 1892 4262 paulo
1958 4204 2082 4248 ante
2130 4197 2345 4251 dicatur

777 4281 943 4335 multa
990 4291 1256 4336 tormenta
1316 4295 1607 4351 perpessus
1669 4282 1812 4350 apud
1869 4285 2341 4355 Antmpopliagos.

770 4374 834 4428 in
867 4371 1058 4428 eodem
1083 4372 1386 4444 Menologio
1417 4374 1486 4428 ad
1512 4374 1580 4428 '50
1626 4373 1776 4428 Junii
1836 4375 2035 4431 dicitur
2075 4375 2345 4445 lapidibus

776 4467 1028 4523 obrutus.
1060 4465 1465 4540 Metaphrastes
1523 4477 1579 4520 et
1627 4467 1842 4522 Nicetas
1890 4470 2162 4539 Paphlago
2203 4486 2387 4534 mar-.

777 4561 972 4631 tyrium
1009 4563 1306 4631 generatim
1358 4570 1630 4615 asserunt.
1680 4560 1732 4613 lu
1767 4563 1989 4615 Menaeis
2040 4566 2105 4617 ad
2144 4564 2205 4617 lG
2235 4565 2347 4617 Νο-

777 4653 1013 4709 vembris
1031 4656 1264 4722 primum
1298 4654 1561 4707 asseritur
1584 4670 1677 4724 per
1707 4657 1882 4726 ignem
1917 4667 2345 4722 consummatus,

779 4747 975 4800 deinde
1006 4747 1167 4800 datur
1192 4747 1427 4817 elogium
1493 4745 1826 4810 fabulosum,
1887 4748 1939 4800 in
1980 4764 2087 4816 quo
2151 4748 2351 4801 illaesus

781 4841 847 4893 ab
879 4839 1003 4908 igne
1035 4856 1155 4893 mox
1200 4839 1253 4893 in
1311 4841 1556 4895 oratione
1586 4840 1789 4895 obiisse
1840 4842 2059 4908 dicitur,
2098 4850 2156 4896 ut
2189 4841 2349 4896 etiam

781 4935 944 4989 habet
976 4931 1344 5003 Nic-ephorus.
1403 4933 1725 5000 Heracleou,
1771 4937 2060 4991 haereticus
2113 4935 2352 4989 Valenti-

781 5028 1013 5091 nianus,
1063 5027 1204 5099 apud
1239 5027 1579 5084 Clementem
1624 5029 2093 5093 Alexandrinum,
2157 5030 2248 5084 lib.
2302 5042 2352 5082 tv

781 5119 1136 5181 Stromatum,
1163 5120 1377 5174 videtur
1406 5136 1601 5192 negare
1645 5121 1961 5190 martyrium
2012 5137 2118 5174 non
2175 5122 2348 5176 solum

781 5212 1042 5277 Matthazi,
1067 5211 1162 5266 sed
1197 5212 1359 5264 etiam
1397 5212 1656 5282 Philippi,
1675 5211 1899 5268 Thomte
1916 5223 1970 5268 et
1999 5213 2349 5283 Levis,quem

785 5319 1070 5375 perperam
1102 5319 1127 5357 a
1151 5303 1405 5357 Matthzeo
1427 5304 1728 5375 distinguit,
1754 5306 1858 5360 nisi
1890 5306 2028 5360 forte
2063 5306 2348 5364 Lebbzeum

784 5397 901 5450 sive
919 5393 1252 5449 Thaddmum
1283 5411 1350 5451 eo
1390 5394 1608 5450 nomine
1636 5396 1921 5467 designare
1963 5397 2148 5451 voluit.
2199 5397 2353 5451 Atta--

787 5501 908 5541 men
940 5484 1152 5556 phrasis
1178 5495 1261 5539 est
1284 5486 1584 5548 obscurior,
1627 5484 1871 5554 mihique
1922 5486 2236 5558 ambiguum
2272 5495 2354 5541 est

787 5595 856 5633 an
911 5594 1100 5633 revera
1167 5579 1458 5634 lleracleon
1526 5593 1725 5648 negare
1789 5577 2038 5637 voluerit.
2092 5589 2354 5650 martyres

788 5672 959 5726 fuisse
993 5671 1237 5725 laudatos
1276 5671 1572 5742 apostolos.
1608 5671 1760 5737 Quod
1798 5671 1840 5724 si
1872 5685 2056 5723 revera
2087 5671 2137 5724 id
2168 5674 2352 5727 voluc-

790 5762 882 5824 rit,
939 5764 1143 5827 exigua:
1195 5763 1336 5831 apud
1382 5775 1576 5815 omnes
1627 5764 1784 5815 debet
1832 5775 1951 5815 esse
2011 5763 2348 5817 auctoritatis

789 5853 991 5909 dictum
1030 5853 1321 5921 illud,cum
1361 5853 1613 5910 Clemens
1647 5853 1757 5923 ipse
1799 5855 1956 5924 paulo
1989 5865 2107 5924 post
2135 5855 2271 5910 dicat
2320 5875 2330 5910 :

2441 3263 2586 3318 orbis
2618 3274 2800 3315 curam
2838 3255 3021 3327 gessit.
3059 3252 3330 3305 Bonorum
3360 3260 3589 3316 operum
3623 3251 4022 3310 argumentum

2443 3355 2608 3409 habes
2643 3367 2706 3404 ex
2742 3350 2960 3409 throno,
2999 3346 3052 3398 in
3099 3357 3207 3411 quo
3251 3353 3506 3394 sessurus
3559 3345 3643 3388 est
3676 3351 3689 3385 :
3743 3333 4025 3386 fortitudi-

2443 3460 2588 3507 nem,
2621 3441 2763 3514 quod
2792 3438 3035 3512 gaudens
3077 3448 3328 3490 reversus
3359 3431 3427 3484 sit
3458 3445 3487 3484 a
3530 3428 3670 3482 facie
3716 3427 3966 3480 concilii.
4001 3445 4016 3474 ι

2443 3539 2712 3592 Hactenus
2738 3534 3176 3603 Chrysostomns.
3204 3521 3681 3582 Eminentissimus
3709 3519 3864 3573 Bona
3889 3518 3978 3571 lib.
4005 3535 4017 3568 ι

2443 3633 2642 3685 Rerum
2671 3627 3062 3698 liturgicaruiu,
3091 3637 3210 3690 cap.
3245 3621 3296 3682 8,
3337 3634 3486 3670 num.
3518 3615 3574 3679 ἓ,
3608 3613 3783 3667 refert
3808 3623 4019 3666 exstare

2444 3726 2605 3780 etiam
2648 3721 2868 3774 nomine
2921 3715 3096 3769 sancti
3137 3709 3373 3765 Matthxi
3409 3706 3711 3773 Lilurgiani
3761 3706 4020 3771 aliquam,

2443 3834 2561 3887 qua:
2587 3814 2904 3881 Aitliiopuin
2930 3823 3050 3863 esse
3084 3805 3302 3861 dicitur.
3328 3799 3624 3873 Liturgiam
3645 3796 3974 3867 :Ethiopuui
3997 3816 4018 3844 ει

2445 3913 2608 3967 variis
2654 3909 2850 3963 editam
2904 3902 3160 3963 invenio;
3199 3898 3293 3953 sed
3334 3911 3444 3950 non
3491 3894 3648 3949 video
3703 3893 4018 3945 attributam

2446 4013 2632 4060 sancto
2658 4001 2930 4055 Matthiae.
2961 3995 3119 4051 Certe
3146 3989 3512 4063 Raynodotius
3544 3988 3596 4040 in
3619 3985 3813 4055 Opere
3847 3985 3916 4039 de
3948 3983 4021 4036 Li-

2448 4096 2636 4166 turgiis
2679 4091 3049 4148 Orientalibus
3101 4086 3264 4139 etiam
3310 4078 3656 4148 EtbiOpicas
3711 4079 3934 4132 edidit:
3979 4086 4022 4127 at

2447 4188 2649 4243 nullam
2683 4185 2751 4239 ibi
2789 4181 3009 4236 nomine
3044 4174 3280 4233 Matthad
3313 4171 3628 4243 insignitum
3670 4171 3814 4222 vidi.
3855 4168 4021 4234 Quare

2447 4282 2698 4340 existimo
2754 4279 2898 4332 illam
2957 4289 3060 4329 non
3113 4271 3203 4326 diu
3276 4267 3333 4323 S.
3385 4265 3644 4320 Matthzco
3709 4263 4022 4318 attributam

2447 4379 2633 4432 fuisse.

2450 4492 2477 4563 §
2517 4493 2580 4546 γ.
2633 4485 3160 4563 Detranslationibus
3196 4477 3428 4563 co‘rp‘oris
3459 4472 3622 4541 quod,
3660 4472 3947 4563 intentum
3981 4471 4027 4519 in

2527 4543 2782 4616 Lucania.
2855 4557 3171 4623 transfertur
3240 4543 3538 4605 Sdlermmi,
3613 4558 3681 4594 ac
3762 4543 4028 4596 bradiiuiu

2521 4631 2705 4686 deinde
2739 4630 3107 4682 Beneventum.

2524 4748 2616 4802 63.
2636 4740 3082 4811 Quandoquidem
3100 4752 3204 4791 non
3219 4734 3483 4790 habemus
3497 4733 3627 4784 Acta
3648 4728 4028 4783 translationis

2454 4839 2626 4898 sancti
2661 4835 2924 4902 Matthaei,
2965 4846 3085 4902 qua:
3121 4829 3276 4883 tidem
3324 4833 3604 4892 merentur
3640 4823 3752 4876 viri
3798 4822 4022 4878 eruditi,

2453 4942 2546 4988 aut
2575 4947 2696 4987 eam
2738 4930 2983 4984 obtinere
3019 4921 3372 4995 possunthoc
3400 4929 3671 4986 tempore,
3709 4925 3768 4972 et
3797 4917 4029 4983 scripto-

2455 5041 2539 5080 res
2572 5021 2906 5090 antiquiores
2935 5031 3042 5070 non
3074 5013 3179 5068 nisi
3203 5025 3390 5082 vagam
3422 5007 3660 5078 aliquam
3689 5016 3747 5060 et
3769 5007 4030 5061 incertam

2455 5120 2721 5174 dederunt
2768 5110 3014 5167 notitiam
3067 5107 3132 5163 de
3172 5106 3312 5169 loco,
3366 5103 3418 5157 in
3461 5117 3570 5170 quo
3599 5113 3813 5168 corpus
3858 5114 4026 5152 sena-

2456 5212 2613 5266 batur
2657 5216 2782 5261 ante
2827 5203 3231 5259 translationem
3278 5199 3330 5250 iii
3386 5194 3695 5261 Europam,
3744 5189 4027 5245 dilﬁculter

2456 5303 2656 5371 aliquid
2702 5296 2838 5354 certi
2882 5294 3184 5363 reperietur
3225 5289 3292 5343 de
3335 5283 3626 5339 occasione
3665 5291 3726 5334 et
3759 5292 4026 5350 tempore.

2457 5410 2564 5463 quo
2599 5392 2832 5464 primum
2887 5387 2938 5440 in
2984 5385 3194 5440 Italiam
3232 5381 3333 5433 fuit
3363 5377 3736 5447 deportatum.
3772 5373 4024 5428 Illustris-

2456 5489 2628 5542 simus
2666 5483 2931 5539 Columna
2965 5480 3075 5550 jam
3108 5473 3377 5535 laudatus,
3419 5471 3511 5540 qui
3561 5468 3835 5535 majorem
3874 5467 4021 5521 fidem

2457 5595 2616 5652 quam
2644 5577 2825 5631 crisim
2857 5570 3102 5628 adhibuit
3136 5568 3191 5621 in
3231 5564 3506 5636 sequendo
3533 5558 3858 5615 Relationes
3883 5559 4018 5617 διεδ..

2460 5665 2998 5742 quasimprobabiles
3018 5676 3136 5716 esse
3152 5655 3408 5726 ostendi§
3441 5657 3489 5719 t,
3523 5652 3820 5707 Historiam
3857 5663 4021 5704 trans-

2465 5763 2684 5820 lationis
2719 5760 2867 5816 dedit
2906 5755 3130 5811 minime
3177 5749 3543 5808 verisimilem.
3582 5746 3800 5802 Etenim
3850 5762 3966 5811 cap.
3997 5747 4022 5797 5

2455 5865 2634 5914 narrat
2674 5853 2844 5909 sancti
2888 5865 3086 5920 corpus
3140 5860 3203 5902 ex
3252 5842 3525 5912 [Ethiopia
3567 5840 3815 5896 delatum
3852 5837 3907 5893 in
3936 5836 4027 5890 Bri.
