4156 6314
203 379 315 442 789

1490 386 1664 446 VITA
1708 385 1770 444 S.
1813 384 2196 453 MATTH:EI.

3339 389 3444 452 790

206 496 456 548 tanniam
495 497 829 550 Armoricam
858 512 950 564 per
983 505 1309 552 mercatores
1335 495 1622 548 Britannos
1652 503 1776 547 tem-
1807 496 1853 551 Δ
1884 496 2100 564 bentur,
2142 503 2271 554 tom.
2319 505 2355 556 V
2385 504 2707 574 Scriptorum
2746 506 2944 570 Halm,
2976 520 3095 575 pag.
3131 504 3220 564 δᾶ,
3255 503 3443 556 eadem

205 601 339 653 pore
391 585 530 653 regis
578 585 903 650 Salomonis,
953 588 1042 656 qui
1093 589 1340 657 regnavit
1381 597 1503 653 post
1533 586 1772 638 medium

206 676 393 729 saaeuli
423 691 505 740 ix;
537 675 682 744 (nam
716 692 812 745 pro
843 677 1028 731 ﬁctitio
1064 693 1210 730 nunc
1243 678 1475 731 habetur
1503 678 1642 731 alius
1675 676 1774 729 Sa-

208 765 417 828 lomon,
456 784 614 837 quem
670 770 874 839 aliquot
921 770 1132 823 sa:culis
1185 771 1347 825 citius
1401 772 1456 825 in
1497 771 1775 823 Armorica

206 872 467 927 regnasse
506 860 670 929 aliqui
709 862 838 915 olim
870 861 1240 930 crediderunt)
1275 862 1690 931 depositumque
1723 861 1774 912 in

207 949 432 1002 civitate
466 950 812 1021 Legionensi.
843 952 910 1004 At
941 967 1046 1005 non
1081 953 1420 1022 ignorassent
1444 952 1566 1013 hoc,
1603 967 1775 1020 neque

208 1042 512 1095 tacuissent
531 1058 719 1096 omnes
741 1044 1031 1112 scriptores
1051 1044 1188 1098 Galli
1217 1045 1425 1098 illorum
1453 1054 1773 1119 temporum,

205 1142 305 1185 aut
361 1133 522 1201 paulo
571 1134 953 1203 posteriorum,
1014 1137 1054 1189 si
1104 1136 1303 1189 factum
1363 1146 1523 1191 esset.
1577 1136 1775 1190 Deinde

205 1239 336 1293 cap.
368 1226 399 1278 6
436 1226 598 1280 refert
654 1225 1000 1281 Salomonem
1031 1243 1210 1298 regem
1251 1244 1395 1282 anno
1437 1230 1774 1298 quinquage-

205 1314 352 1368 simo
385 1332 413 1368 a
447 1316 796 1370 translatione
832 1317 1078 1386 corporis
1110 1333 1139 1370 a
1185 1317 1457 1372 Britannis
1489 1319 1599 1372 Sitis
1631 1319 1773 1372 occi-

205 1419 372 1469 sum;
412 1419 582 1472 eaque
612 1405 679 1459 de
706 1421 867 1460 causa
900 1404 1338 1460 Valentinianum
1369 1408 1772 1478 imperatorem.

205 1493 304 1561 qui
337 1492 540 1562 aliquot
583 1495 792 1550 sazeulis
845 1505 970 1551 ante
1004 1496 1344 1551 Salomonem
1378 1498 1476 1552 fuit
1510 1508 1774 1564 mortuus,

207 1602 279 1640 ex
313 1584 459 1640 Italia
487 1588 762 1657 ingentem
785 1589 996 1645 misisse
1021 1591 1246 1645 classem
1273 1592 1338 1645 ad
1364 1592 1776 1662 expugnandam

207 1680 573 1744 Britanniam,
600 1691 652 1735 et
695 1681 794 1746 sic,
826 1692 979 1750 capta
1020 1682 1237 1735 civitate
1271 1681 1618 1751 Legionensi,
1650 1701 1774 1738 cor-

208 1787 318 1840 pus
353 1771 524 1824 saneti
555 1770 786 1824 Matthxi
825 1772 876 1823 in
927 1770 1215 1824 Lucaniam
1256 1773 1596 1828 translatum.
1651 1775 1775 1830 Haec

1878 589 2075 643 clarius
2105 603 2158 646 et
2195 596 2386 649 melius
2421 597 2698 665 leguntur.
2737 598 2905 651 Verba
2944 599 3169 666 accipe:
3209 615 3225 646 σ
3267 597 3320 648 In
3368 598 3447 665 ip-

1878 682 1993 735 sius
2042 684 2301 750 principis
2349 688 2596 758 Gisulphi
2646 691 2980 758 temporibus
3032 690 3314 743 inventum
3364 697 3445 742 est

1880 774 2306 828 sacratissimum
2347 792 2546 846 corpus
2579 777 2638 831 B.
2677 778 2902 832 Matthzei
2937 779 2988 830 in
3031 777 3282 830 Lucania!
3319 776 3442 829 ﬁni-

1878 862 2000 923 bus,
2038 872 2198 932 atque
2246 879 2369 918 cum
2401 867 2585 921 debito
2623 869 2828 922 honore
2871 883 2965 935 per
2993 868 3290 937 iussionem
3331 866 3441 932 jam

1879 953 1968 1008 [ati
2020 955 2271 1026 Gisulphi
2320 959 2581 1028 principis
2636 961 2919 1014 Salernum
2981 960 3283 1014 deducitur.
3338 956 3440 1010 Sed

1878 1063 2010 1117 quot
2043 1053 2324 1107 evenerint
2353 1055 2501 1123 signa
2526 1066 2576 1109 et
2617 1055 2870 1109 miracula
2900 1066 2956 1109 et
2980 1054 3251 1123 quomodo
3278 1051 3443 1106 fuerit

1879 1152 2154 1211 repertum
2182 1185 2195 1207 ,
2252 1147 2567 1202 omnimodo
2610 1163 2753 1202 nunc
2801 1148 3041 1216 pandere
3093 1146 3390 1200 omittimus
3426 1161 3440 1196 :

1878 1238 2243 1304 postmodum,
2309 1240 2414 1293 Deo
2469 1249 2762 1302 annuente,
2827 1239 3233 1290 innotescemus
3282 1243 3442 1301 atque.

1881 1321 2007 1375 huic
2078 1323 2328 1379 Ilistorize
2408 1325 2699 1380 adneCtere
2757 1326 3034 1380 faciemus.
3085 1343 3103 1375 ι
3172 1323 3460 1377 Ilactenus-

1877 1422 2087 1474 auctor,
2117 1415 2443 1484 quicumque
2476 1415 2564 1476 sit,
2598 1414 2740 1484 quod
2783 1429 2887 1466 non
2923 1412 3156 1482 inquiro.

1954 1507 2042 1560 66.
2084 1508 2158 1561 De
2224 1524 2369 1562 anno
2409 1510 2763 1572 inventionis,
2796 1523 2956 1578 quem
3011 1507 3115 1561 95L
3159 1504 3293 1560 dixit
3334 1502 3443 1557 Leo

1879 1598 2166 1663 Ostiensis,
2199 1601 2408 1656 etiamsi
2433 1600 2569 1656 forte
2595 1617 2701 1656 non
2725 1611 2952 1654 omnino
2973 1599 3042 1654 sit
3067 1606 3272 1661 certus,
3295 1595 3442 1649 litem

1880 1691 2206 1745 movendam
2235 1707 2345 1745 non
2384 1707 2615 1758 censeo;
2641 1707 2763 1745 cum
2804 1700 2951 1745 certe
2989 1691 3079 1743 illo
3119 1704 3265 1743 anno
3291 1687 3443 1757 prin-

1883 1783 2122 1852 ciparum
2166 1784 2569 1838 Salernitanam
2607 1785 2881 1838 obtineret
2927 1781 3224 1851 Gisulphus
3282 1779 3447 1835 Guai—

210 1862 484 1923 retulisse,
511 1862 727 1915 omissis
759 1862 919 1916 etiam
950 1863 1779 1942 improbabilibustranslationis
1816 1847 1853 1899 Β
1887 1874 2038 1926 marii
2094 1874 2258 1936 ﬁlius,
2323 1876 2424 1929 sub
2469 1891 2575 1944 quo
2625 1875 2992 1928 inventionem
3034 1872 3324 1942 contigisse
3373 1869 3447 1922 ait

209 1953 504 2021 adiunctis,
545 1953 809 2007 relutasse
837 1964 940 2008 est.

287 2047 374 2100 64.
417 2047 554 2112 Mox,
591 2063 710 2115 cap.
748 2049 796 2110 7,
831 2049 1032 2104 fatetur
1078 2061 1285 2115 auctor,
1321 2067 1538 2106 omnem
1574 2068 1779 2106 memo-

219 2137 354 2189 riam
407 2137 473 2191 de
510 2150 724 2191 servato
780 2139 830 2191 in
890 2140 1034 2192 Italia
1072 2155 1298 2209 corpore
1333 2143 1506 2196 sancti
1547 2141 1780 2196 Matthxi

211 2228 469 2296 paulatim
514 2227 903 2294 intercedisse;
943 2231 1425 2300 inventionemque
1478 2234 1553 2286 ait
1603 2235 1780 2288 conti-

210 2320 356 2388 gisse
387 2318 528 2370 circa
557 2321 901 2374 millesimum
938 2331 994 2375 et
1038 2324 1547 2393 quinquagesimum
1580 2340 1780 2378 annum

208 2422 240 2460 a
275 2406 493 2461 Christo
529 2419 677 2466 nato.
710 2410 866 2465 Hisce
899 2412 964 2465 de
997 2428 1229 2482 corpore
1260 2415 1352 2467 diu
1384 2415 1698 2469 abscondito
1731 2427 1784 2470 et

210 2499 430 2553 demum
476 2501 700 2556 invento
753 2505 1104 2558 consentiunt
1149 2506 1446 2575 scriptores
1479 2506 1583 2562 ﬁde
1615 2508 1780 2578 digni,

208 2591 309 2646 sed
345 2590 544 2648 factum
585 2595 723 2649 illud
760 2596 930 2667 ﬁgunt
977 2607 1089 2652 toto
1125 2597 1237 2652 fere
1270 2600 1465 2654 sacculo
1498 2600 1681 2663 citius,
1725 2609 1782 2654 ut

209 2699 335 2737 mox
357 2686 662 2740 ostendam.
692 2686 903 2741 Interea
934 2689 1185 2754 observo,
1220 2691 1400 2758 priora
1430 2692 1631 2757 omnia,
1664 2709 1781 2760 qua:

207 2774 521 2829 referuntur
573 2778 640 2833 de
703 2781 914 2849 gemina
971 2782 1344 2845 translatione,
1404 2783 1660 2837 nimirum
1715 2802 1780 2838 ex

207 2864 483 2934 Ethiopia
517 2867 568 2920 in
599 2868 956 2936 Britanniam,
1009 2881 1062 2924 et
1091 2887 1155 2925 ex
1210 2870 1484 2926 Britannia
1521 2873 1574 2926 in
1607 2873 1780 2927 Luca-

208 2957 378 3022 niam,
407 2975 470 3012 ex
496 2959 831 3028 coniecturis
864 2964 1085 3017 incertis
1114 2965 1356 3033 potuisse
1386 2966 1655 3037 conﬁngi;
1687 2969 1778 3020 sed

207 3055 320 3100 tam
353 3048 780 3116 improbabiliter
809 3052 977 3107 fuisse
1009 3056 1279 3121 exposita,
1319 3066 1378 3109 ut
1411 3057 1592 3110 malim
1627 3057 1779 3127 igno-

1880 1978 2184 2032 anonymus
2230 1963 2625 2017 Salernitanus.
2659 1961 2937 2031 Ughellus,
2961 1970 3089 2013 tom.
3113 1959 3306 2019 X.col.
3349 1957 3443 2012 157
3508 1968 3512 1972 ’

1883 2055 1934 2107 in
1959 2056 2229 2124 episcopis
2261 2055 2543 2118 Paestanis,
2587 2062 2641 2108 et
2662 2054 2935 2108 Antonius
2967 2052 3142 2106 hlazza
3166 2050 3233 2104 vin
3269 2048 3450 2104 Histo-

1885 2146 1962 2199 ria
2006 2148 2153 2199 urbis
2199 2147 2576 2205 Salernitanac.
2615 2161 2732 2213 cap.
2772 2145 2826 2205 5,
2867 2159 3018 2196 num.
3073 2145 3158 2205 15,
3187 2143 3255 2198 de
3304 2157 3445 2197 anno

1881 2237 2046 2289 etiam
2093 2237 2468 2292 consentiunt.
2517 2236 2589 2290 De
2641 2237 2760 2290 loco
2797 2237 2873 2289 ait
2918 2235 3194 2306 Ughellus,
3248 2250 3446 2302 corpus

1882 2324 2162 2378 inventum
2187 2340 2305 2379 esse
2327 2325 2379 2378 in
2404 2341 2602 2379 eversae
2631 2325 2781 2379 urbis
2809 2322 3106 2394 (Paestanze)
3135 2322 3443 2378 ruderibus.

1883 2415 2059 2470 Mazza
2093 2416 2267 2470 solum
2323 2415 2476 2480 dicit,
2508 2417 2561 2470 in
2615 2415 2868 2470 Lucaniae
2897 2416 3094 2470 ﬁnibus
3141 2416 3444 2468 inventum.

1884 2504 2322 2559 Translationem
2348 2521 2476 2561 vero
2505 2505 3016 2561 enarrathisverbis
3051 2522 3063 2556 :
3099 2524 3115 2556 ι
3150 2503 3445 2573 Gisulphus

1882 2593 2182 2648 Guaimarii
2242 2595 2383 2649 ﬁlius
2408 2597 2571 2649 etiam
2626 2597 2885 2665 parvulus
2918 2596 3055 2665 patri
3104 2595 3446 2650 succedendo

1881 2684 2148 2752 regnavit.
2217 2684 2364 2739 Beati
2389 2685 2642 2754 apostoli,
2675 2685 3023 2755 evangelista:
3075 2699 3138 2737 ac
3189 2685 3443 2754 martyris

1884 2775 2120 2832 Mattluni
2163 2792 2380 2846 corpus,
2431 2777 2680 2831 Lucaniae
2725 2776 2924 2829 ﬁnibus
2987 2775 3364 2837 inventum,...
3413 2787 3446 2827 θ

1880 2869 2123 2922 Ρωδωηει
2171 2870 2391 2922 civitate
2447 2883 2590 2921 anno
2622 2867 2724 2921 954
2754 2907 2768 2932 ,
2822 2876 3064 2935 tempore
3125 2865 3444 2936 praesulatus

1879 2961 2139 3015 Bernardi
2200 2963 2264 3024 Il,
2322 2977 2528 3016 summa
2568 2977 2691 3015 cum
2751 2960 3098 3014 veneratione
3148 2959 3202 3012 in
3255 2959 3442 3012 urbem

1883 3053 2285 3107 Salernitanam
2332 3052 2632 3116 transtulit,
2675 3054 2832 3122 cujus
2885 3053 3180 3106 adventum
3225 3059 3448 3104 sanctus

211 3154 334 3194 rare
380 3156 492 3208 quo
539 3142 702 3196 modo
727 3153 781 3198 et
820 3160 927 3212 quo
962 3153 1203 3214 tempore
1233 3161 1442 3200 sacrum
1477 3149 1606 3202 illud
1650 3150 1778 3204 'cor-
1807 3181 1847 3234 Ο
1882 3143 2252 3198 Grammatius
2313 3144 2355 3196 II
2413 3143 2786 3196 Salernitanus
2869 3142 3178 3212 episc0pus,
3240 3142 3447 3196 ultimis

206 3245 314 3299 pus
347 3229 400 3283 in
448 3231 742 3288 Lucaniam
795 3235 1122 3304 pervenerit,
1174 3252 1335 3304 quam
1369 3239 1453 3292 vel
1487 3238 1769 3292 minimum

205 3337 277 3376 ex
318 3323 578 3378 relatione
621 3325 704 3378 illa
749 3326 1029 3395 adoptare.
1061 3324 1134 3379 De
1165 3328 1340 3396 capite
1374 3327 1574 3392 sancti,
1630 3329 1772 3397 quod

210 3413 316 3468 sibi
370 3416 676 3470 attribuunt
719 3417 1007 3482 Armorici,
1044 3429 1228 3485 postea
1274 3428 1463 3487 agetur
1502 3434 1602 3473 suo
1635 3421 1772 3474 loco.

209 3507 320 3560 Leo
340 3506 606 3560 Ostiensis
639 3509 691 3560 in
729 3509 979 3562 Chronica
1013 3508 1310 3571 Casinensi.
1349 3510 1439 3564 lib.
1483 3527 1544 3575 ιι,
1577 3528 1694 3580 cap.
1721 3516 1774 3578 5,

211 3598 277 3650 ad
316 3600 644 3666 propositum
688 3609 932 3654 nostrum
965 3601 1076 3654 hzec
1108 3601 1329 3657 scribit:
1373 3601 1572 3668 Quinto
1612 3605 1774 3673 hujus

209 3689 420 3744 abbatis
449 3690 729 3760 (Aligerni)
756 3707 920 3754 anno,
949 3692 1042 3766 qui
1076 3703 1158 3747 est
1185 3709 1214 3745 a
1250 3692 1537 3749 Nativitatc
1566 3694 1773 3748 Domini

211 3784 658 3853 nongentesimus
685 3785 1168 3854 quinquagesimus
1199 3796 1445 3855 quartus,
1475 3787 1774 3848 beatissimi

206 3874 439 3941 apostoli
465 3883 514 3925 et
546 3868 887 3943 evangelista:
911 3875 1141 3929 Matthxi
1181 3893 1398 3945 corpus,
1436 3881 1576 3948 quod
1601 3882 1776 3950 primo

208 3964 353 4032 apud
387 3962 741 4032 Ethiopian),
775 3965 864 4018 ubi
897 3975 951 4019 et
983 3981 1175 4035 passus
1199 3967 1398 4031 fuerat.
1433 3973 1774 4040 postmodum

206 4068 392 4112 autem
425 4057 566 4126 apud
596 4055 932 4111 Britanniam
968 4075 1063 4129 per
1098 4069 1342 4130 tempora
1380 4063 1595 4118 diversa
1623 4068 1776 4134 quie-

211 4161 389 4215 verat,
429 4151 645 4206 tandem
693 4153 940 4223 ejusdem
975 4154 1143 4209 sancti
1174 4157 1519 4226 evangelistze
1565 4161 1777 4212 revela-

207 4246 361 4299 tione
388 4255 682 4313 repertum,
722 4256 883 4315 atque
917 4246 970 4298 in
1001 4245 1284 4300 Salernum
1322 4251 1641 4303 translatum
1670 4262 1770 4306 est.

205 4339 499 4405 Baronius,
548 4338 641 4408 qui
693 4338 814 4393 data
849 4337 1048 4393 Leonis
1081 4340 1242 4395 verba
1295 4341 1545 4412 allegavit
1579 4343 1643 4398 ad
1679 4361 1776 4398 an-

205 4445 340 4484 num
371 4430 494 4492 954,
517 4445 667 4482 num.
699 4431 752 4491 2,
778 4431 830 4483 in
857 4432 1094 4500 margine
1131 4434 1357 4495 notavit,
1393 4450 1490 4502 pro
1525 4437 1773 4503 vocibus,

207 4522 353 4592 apud
383 4520 739 4582 Britanniam,
773 4521 906 4572 alias
932 4519 1057 4589 legi,
1091 4523 1232 4588 apud
1267 4521 1592 4592 Bithyniam.

282 4613 370 4666 65.
407 4614 722 4679 Anonymus
748 4609 1116 4666 Salernitanus
1137 4611 1189 4664 in
1211 4611 1480 4670 Chronico
1504 4630 1623 4684 cap.
1649 4615 1770 4678 H5.

206 4705 328 4761 sive
360 4713 488 4757 tom.
521 4699 563 4756 ll
616 4700 944 4769 Scriptorum
987 4701 1180 4767 Italim,
1230 4715 1369 4771 part.
1406 4721 1464 4768 ιι,
1499 4707 1600 4759 col.
1645 4707 1769 4772 280,

203 4800 278 4854 de
313 4797 624 4850 inventione
653 4795 721 4848 ita
769 4794 1043 4862 loquitur:
1084 4812 1100 4844 ‹
1145 4793 1202 4845 In
1236 4794 1404 4862 ipsius
1435 4797 1772 4864 temporibus

206 4893 491 4945 inventum
523 4898 604 4942 est
634 4886 1061 4940 sacratissimum
1110 4902 1310 4954 corpus
1345 4887 1402 4938 B.
1441 4886 1675 4942 Mattluei
1718 4890 1770 4942 in

204 4981 465 5035 Lucania:
494 4978 712 5040 ﬁnibus,
742 4985 904 5045 atque
925 4993 1047 5030 cum
1079 4978 1261 5032 debito
1291 4979 1498 5034 honore
1530 4998 1626 5049 per
1656 4983 1772 5052 jus-

206 5073 424 5131 sionem
459 5071 566 5140 iam
592 5070 685 5125 lati
724 5068 985 5139 principis
1016 5068 1300 5125 Salernum
1329 5072 1636 5128 deducitur.
1665 5074 1769 5128 Sed

203 5175 347 5236 quot
375 5164 526 5234 signa
576 5173 632 5216 et
664 5163 939 5227 miracula,
980 5171 1034 5214 et
1078 5165 1349 5231 quomodo
1393 5163 1556 5218 fuerit
1587 5182 1773 5235 reper-

205 5271 350 5321 tum,
377 5256 686 5311 omnimodo
710 5271 854 5310 nunc
904 5255 1138 5325 pandere
1169 5257 1486 5311 omittimus.
1523 5257 1769 5313 Postmo-

208 5352 371 5416 dum,
409 5348 516 5400 Deo
551 5358 849 5410 annuente,
892 5347 1120 5402 ﬁdeliter
1155 5348 1582 5411 innoteseamus,
1612 5361 1771 5420 atque

203 5442 343 5495 huic
369 5439 614 5494 llistorite
645 5449 935 5494 annectere
973 5439 1231 5495 faciamus
1258 5459 1269 5494 :
1302 5441 1425 5496 llate
1449 5457 1775 5513 anonymus,

202 5532 315 5587 sub
345 5531 609 5602 Cisulpbo
659 5533 905 5600 principe
953 5532 1300 5586 Salernitano
1339 5548 1647 5587 memorans
1685 5535 1769 5588 in-

203 5622 542 5682 ventionem,
576 5621 700 5674 licet
733 5620 780 5674 id
816 5637 921 5674 non
947 5631 1202 5690 appareat
1226 5622 1343 5676 loco
1367 5623 1618 5692 allegato,
1646 5628 1770 5692 quia

204 5723 387 5770 totum
419 5722 600 5782 caput,
627 5713 678 5765 in
713 5726 818 5778 quo
850 5712 915 5767 dc
939 5712 1203 5782 Gisulpho
1228 5714 1426 5784 agitur,
1454 5727 1535 5768 est
1565 5730 1628 5768 eo
1653 5715 1768 5770 loco

197 5805 497 5862 omissum.
531 5803 589 5859 In
620 5804 901 5874 Excerptis
928 5819 1045 5875 qua:
1073 5804 1407 5874 Heremperti
1435 5806 1653 5862 nomine
1679 5807 1769 5862 lia-

1881 3235 1999 3301 cjus
2032 3236 2152 3288 vita:
2189 3236 2339 3288 horis
2382 3235 2464 3290 his
2513 3234 2762 3303 prmdixit
2796 3235 2978 3289 verbis
3032 3252 3047 3290 :
3115 3253 3133 3285 ί
3173 3236 3290 3289 Non
3324 3243 3444 3302 post

1878 3323 2046 3376 multa
2084 3334 2324 3392 tempora
2373 3326 2599 3377 ecclesia
2657 3324 2996 3378 Salernitana
3061 3325 3269 3379 caelesti
3328 3324 3447 3378 the-

1878 3432 2038 3470 sauro
2111 3417 2478 3481 decorabitur,
2543 3426 2704 3486 atque
2763 3419 2829 3470 ad
2902 3433 3172 3471 summum
3227 3419 3445 3472 honoris

1878 3510 2090 3578 apicem
2124 3510 2377 3565 ducetur.
2432 3509 2650 3565 Festum
2711 3527 2841 3564 vero
2879 3510 3034 3566 dictae
3077 3512 3446 3566 translationis

1877 3599 2103 3669 singulis
2133 3603 2437 3670 quibusque
2480 3603 2642 3655 annis
2664 3604 2842 3671 pridie
2875 3600 3056 3656 Nonas
3087 3604 3208 3658 Maii
3243 3604 3441 3659 solem-

1879 3693 2020 3747 niler
2057 3708 2149 3762 per
2170 3702 2292 3746 octo
2311 3694 2425 3748 dies
2454 3692 2696 3765 hymnis,
2759 3693 2898 3748 rosis
2939 3704 2994 3748 et
3027 3693 3274 3760 ﬁoribus,
3332 3709 3445 3748 mae

1880 3787 2024 3838 ximo
2061 3785 2244 3855 populi
2295 3800 2564 3840 concursu
2619 3785 2927 3840 celebratur
2983 3803 2996 3841 :
3047 3787 3445 3856 universusque

1879 3877 2080 3941 clerus,
2118 3877 2359 3942 abbates,
2383 3894 2447 3932 ac
2477 3879 2968 3946 comprovinciales
2999 3879 3178 3933 cuncti
3199 3879 3441 3948 episcopi
3479 3863 3482 3867 λ

1879 3967 2069 4034 primis
2100 3970 2362 4036 vesperis,
2389 3983 2492 4022 nec
2530 3982 2638 4020 non
2685 3969 2859 4022 missae
2896 3969 3128 4023 solemni
3176 3971 3444 4027 interesse

1880 4059 2304 4128 compelluntur.
2339 4079 2355 4110 ι
2395 4060 2521 4115 Ilaec
2569 4059 2770 4114 Mazza.
2823 4059 2976 4126 Quod
3005 4072 3186 4117 autem
3237 4073 3446 4133 spectat

1881 4156 1946 4211 ad
2005 4155 2413 4227 praedictionem
2467 4154 2638 4207 sancti
2708 4157 3050 4217 Crammatii,
3117 4171 3234 4209 cam
3281 4157 3444 4209 etiam

1882 4249 2043 4303 refert
2087 4246 2363 4316 Ughellus,
2411 4245 2891 4314 inArchiepiscopis
2930 4245 3304 4311 Salernitanis,
3329 4249 3444 4303 sive

1883 4351 2012 4395 tom.
2040 4338 2145 4402 VII,
2174 4338 2277 4393 col.
2309 4336 2413 4391 552
2437 4337 2488 4391 in
2523 4347 2710 4390 sancto
2745 4337 3095 4398 Grammatio,
3131 4338 3441 4407 quiibidem

1881 4432 2079 4486 dicitur
2105 4431 2314 4485 eolidie
2343 4430 2396 4481 Il
2435 4428 2724 4491 Octobris;
2761 4429 2824 4480 ad
2894 4444 3054 4496 quem
3091 4428 3234 4480 diem
3285 4430 3443 4483 latius

1806 4532 1848 4585 ι)
1878 4523 2020 4591 apud
2065 4538 2168 4575 nos
2199 4520 2497 4574 examinari
2529 4518 2751 4586 poterit.
2809 4517 2882 4571 De
2933 4519 3154 4588 reliquis
3192 4519 3443 4575 similiter

1885 4614 2076 4667 Masz
2101 4613 2396 4666 assentitur
2431 4608 2694 4677 Ughellus
2721 4609 2775 4662 in
2803 4609 3081 4664 Bernardo
3116 4609 3178 4675 ll,
3205 4612 3436 4670 col.362.

1882 4705 2136 4771 additque
2167 4717 2365 4770 corpus
2408 4701 2646 4756 delatum
2681 4702 2800 4755 esse
2836 4702 2888 4754 in
2919 4701 3209 4755 ecclesiam
3269 4704 3442 4771 majo-

1881 4811 1992 4848 rem
2036 4805 2237 4850 sanctae
2266 4793 2463 4847 Mariae.
2524 4792 2729 4861 Gaspar
2774 4791 2952 4844 Musca
2995 4791 3050 4844 in
3100 4791 3440 4861 Compendio

1882 4890 2016 4944 Viue
2046 4890 2216 4945 sancti
2262 4887 2499 4942 Matthxi
2531 4887 2596 4940 de
2640 4886 2723 4938 his
2755 4885 2830 4937 ait
2872 4903 2884 4939 :
2920 4903 2938 4937 ι
2985 4886 3144 4940 Anno
3183 4901 3306 4940 vero
3337 4887 3434 4941 95‘

1882 4983 1984 5034 sub
2018 4981 2239 5051 Agapito
2275 4979 2512 5033 secundo
2541 4981 2745 5046 rpapa),
2804 4975 3116 5030 Bernardus
3167 4980 3443 5032 secundus

1884 5074 2045 5143 hujus
2077 5072 2312 5126 nominis
2344 5069 2649 5139 episcopus,
2699 5083 2760 5122 ac
2823 5068 3118 5138 Cisulpbus
3187 5069 3442 5137 princeps

1882 5164 2347 5219 Salernitanorum
2381 5161 2466 5215 die
2496 5169 2646 5214 sexta
2674 5158 2820 5223 Maii,
2851 5174 3055 5228 corpus
3110 5160 3344 5228 apostoli
3372 5177 3437 5215 ex

1883 5259 2126 5312 Piestana
2167 5253 2388 5307 civitate
2434 5248 2743 5312 Salernum,
2778 5249 2830 5302 in
2859 5246 3226 5302 eathcdralem
3265 5249 3438 5305 eccle-

1882 5351 2017 5404 siam
2067 5345 2168 5400 sub
2230 5341 2490 5398 vocabulo
2573 5341 2785 5394 Sanetze
2853 5338 3030 5392 Mariae
3109 5340 3437 5408 Angeloruin

1885 5437 2167 5495 translcrri
2199 5444 2481 5499 curarunt,
2509 5433 2564 5485 in
2597 5449 2700 5501 qua
2731 5430 3000 5498 requievit
3053 5446 3225 5485 annos
3251 5430 3342 5483 *121
3363 5469 3374 5479 .
3417 5451 3432 5470 ι

1880 5534 1959 5586 De
2002 5533 2099 5586 hac
2151 5527 2502 5582 translatione
2538 5527 2720 5594 itaque
2777 5540 2885 5579 non
2936 5523 3149 5578 videtur
3181 5522 3436 5576 dubitan-

1881 5625 2028 5680 dum.

1952 5716 2041 5766 G7.
2078 5715 2325 5766 Attamen
2374 5711 2476 5765 alia
2522 5708 2781 5762 nonnulla
2807 5704 3436 5770 veniuntexaminanda,

1884 5823 1999 5876 qua:
2041 5808 2092 5861 in
2133 5805 2376 5875 corporis
2441 5799 2762 5857 inventione
2794 5811 2855 5856 er
2880 5808 3002 5853 ante
3027 5796 3437 5851 translationem
