4156 6314
765 365 861 429 791

2018 370 2300 429 MENSIS
2337 369 2804 431 SEPTEMBER.

3914 370 4012 432 792

767 481 1173 538 Salernitanam
1205 495 1389 540 narrat
1420 487 1711 550 Marsilius,
1744 498 1798 543 et
1825 488 2060 543 breviter
2090 489 2408 544 laudatusA
2442 486 2675 553 aliquot,
2711 489 2913 556 quibus
2963 489 3103 542 facta
3160 491 3211 541 in
3272 505 3373 542 ms.
3432 490 3598 542 relata
3658 487 3839 557 magis
3886 487 4013 541 fiunt

764 576 944 631 Musca
972 578 1289 647 perstringit
1340 580 1421 634 his
1447 582 1623 635 verbis
1660 599 1671 634 :
1711 601 1728 633 ι
1773 582 1893 647 Quo
1922 591 2165 651 tempore
2202 582 2329 635 bea-

764 665 1009 721 tissimus
1055 669 1331 737 apostolus
1370 669 1596 742 Pelagius
1627 674 1844 728 cuidam
1885 674 2103 728 moniali
2136 673 2329 730 vetula

765 759 819 812 in
866 762 1079 814 somnis
1151 775 1346 830 corpus
1396 777 1554 817 suum
1619 764 2007 827 ntanifestans,
2049 766 2164 834 ipsa
2223 765 2331 820 lilio

763 853 1057 907 Athanasio
1084 854 1374 918 monacho,
1407 855 1500 925 qui
1529 858 1577 909 in
1603 857 1759 910 altari
1807 859 2039 926 quodam
2066 873 2096 912 a
2141 858 2334 913 barba-

766 945 841 996 ris
861 945 1062 1009 diruto,
1082 956 1133 999 et
1152 948 1407 1015 vepribus
1430 950 1791 1019 undequaque
1823 961 2093 1017 contecto,
2115 966 2330 1006 sacrum

766 1051 972 1102 corpus
1028 1038 1330 1106 reperiens,
1380 1040 1581 1095 exinde
1634 1042 1700 1094 ad
1767 1057 1988 1112 parvam
2046 1043 2333 1097 ecclesiam

769 1141 942 1195 prope
975 1127 1279 1183 Paestanam
1309 1131 1588 1187 civitatem
1618 1134 1838 1189 locavit.
1867 1135 2005 1190 Hinc
2024 1150 2149 1191 vero
2167 1135 2331 1189 Joan—

768 1233 867 1275 nes
894 1217 1172 1275 Paestanus
1198 1220 1485 1292 episcopus
1523 1225 1590 1279 ad
1653 1224 2023 1281 cathedralem
2074 1226 2334 1279 vocabulo

766 1308 980 1365 Sancta:
1022 1312 1200 1367 illarire
1249 1315 1450 1369 eximia
1505 1333 1701 1387 pompa
1759 1319 2085 1389 deportavit.
2127 1336 2145 1368 ι
2194 1318 2333 1371 Mar-

772 1402 929 1457 silius
982 1419 1102 1474 cap.
1153 1405 1184 1458 7
1228 1423 1336 1461 una
1368 1423 1494 1462 cum
1538 1409 1803 1465 relatione
1847 1428 1953 1466 ms.
1998 1413 2182 1474 habet,
2235 1411 2332 1466 Pe-

768 1494 927 1563 lagia!
951 1497 1275 1565 apparuisse
1300 1509 1548 1554 sanctum
1583 1501 1896 1556 Matthieum
1933 1503 2113 1556 tribus
2144 1519 2337 1555 conse-

767 1596 1003 1655 quenter
1080 1589 1358 1652 noctibus,
1411 1591 1572 1661 eique
1635 1594 1782 1647 varia
1843 1595 2114 1649 indicasse
2163 1597 2335 1666 signa,

769 1679 970 1749 quibus
989 1695 1205 1737 sacrum
1225 1699 1427 1753 corpus
1460 1687 1814 1755 reperiretur,
1839 1689 2178 1759 jussisseque
2221 1706 2337 1742 om-

2434 579 2834 647 improbabilia,
2857 590 2912 633 et
2936 582 3130 650 magis,
3152 594 3310 651 quam
3341 596 3564 635 necesse
3581 591 3669 633 est
3722 593 4012 635 accusatur

2432 672 2793 725 Athanasius.

2504 784 2591 837 69.
2641 782 2818 849 Quare
2888 785 2987 839 ista
3032 800 3245 853 quoque
3308 802 3371 839 ex
3412 800 3510 838 ms.
3555 786 3663 838 huc
3718 783 3957 837 traduce
4000 800 4012 837 :

2440 891 2456 923 ι
2499 874 2709 926 interea
2740 874 2874 927 clam
2908 873 3313 926 sanetissimum
3363 889 3565 941 corpus
3614 874 4014 927 ConStantEno-

2435 966 2625 1033 polcos
2659 965 2873 1018 deferre
2903 965 3270 1019 meditabatur
3302 966 3366 1018 ad
3395 966 3609 1025 urbem,
3646 980 3850 1018 revera
3914 980 4013 1015 non

2436 1054 2713 1124 religionis
2781 1056 2978 1125 gratia,
3037 1054 3131 1109 sed
3193 1054 3328 1107 lucri
3402 1055 3703 1124 cupiditate
3777 1053 4014 1106 illectus.

2438 1143 2730 1214 ignorante
2767 1144 2947 1213 itaque
2983 1154 3182 1207 matre,
3240 1146 3438 1199 tollens
3479 1145 3715 1212 apostoli
3787 1157 4014 1210 corpus,

2437 1235 2780 1304 Amalphiam
2848 1235 2999 1289 adire
3033 1235 3283 1299 tentavit,
3333 1251 3559 1305 sperans
3587 1251 3645 1290 se
3680 1233 3758 1289 ibi
3800 1234 4017 1303 aliquod

2441 1329 2793 1381 inventurum
2828 1341 2950 1379 esse
2980 1327 3282 1396 navigium,
3330 1342 3439 1395 quo
3472 1327 4016 1394 Constantinopolim

2440 1429 2779 1490 properaret.
2840 1417 3085 1487 Cumque
3138 1417 3369 1472 festinus
3414 1418 3656 1473 lembum
3733 1418 4017 1475 intrasset.

2440 1511 2561 1565 velo
2609 1526 2871 1580 remoque
2927 1511 3230 1565 nitentibus
3268 1512 3468 1571 nautis,
3524 1512 3590 1565 ad
3647 1513 3865 1574 locum,
3918 1528 4021 1581 quo

2440 1602 2807 1671 disposuerat,
2841 1603 3016 1672 pergit
3072 1603 3168 1656 ire.
3218 1602 3320 1659 Sed
3365 1611 3423 1655 ut
3461 1602 3610 1655 navis
3656 1601 3951 1670 paululum
3997 1616 4022 1651 a

2442 1703 2586 1748 terra
2626 1694 2992 1755 discessisset,
3029 1702 3196 1747 ruunt
3243 1692 3457 1762 agmina
3490 1703 3807 1754 ventorum,
3841 1689 4022 1761 pluvia

772 1772 866 1826 nia
906 1788 1025 1827 eam
1053 1775 1294 1831 iudicare
1314 1780 1611 1834 Athanasio
1633 1781 1763 1845 filio,
1797 1794 1852 1837 et
1881 1798 2003 1835 cum
2038 1798 2103 1837 eo
2132 1799 2336 1852 corpus
2370 1822 2415 1880 Β
2443 1794 2497 1838 et
2529 1792 2827 1853 tempestas
2854 1793 3039 1838 exorta
3072 1792 3178 1848 est,
3215 1783 3269 1836 in
3328 1792 3538 1836 tantum
3604 1781 3905 1851 equidEm,
3972 1792 4028 1835 ut

769 1878 1037 1933 quaerere.
1074 1863 1258 1920 Tertia
1286 1877 1466 1922 autem
1497 1880 1678 1931 nocte,
1704 1871 1749 1923 si
1769 1884 1881 1923 rem
1934 1882 2078 1925 recte
2114 1886 2339 1924 enarra-

770 1956 850 2011 vit
884 1968 1098 2023 auctor,
1127 1960 1321 2014 eadem
1376 1960 1517 2015 visio
1552 1962 1799 2031 apparuit
1838 1964 2000 2017 etiam
2044 1965 2341 2017 Athanasio

773 2050 1064 2112 monacho,
1095 2059 1150 2103 et
1182 2051 1400 2119 utrique
1419 2066 1633 2122 pinnam
1663 2054 1945 2108 minitatus
1968 2064 2051 2107 est
2074 2070 2342 2122 apparens

773 2139 1081 2206 apostolus,
1114 2139 1218 2193 nisi
1249 2140 1316 2193 ad
1354 2156 1569 2195 sacrum
1608 2158 1811 2211 corpus
1866 2145 2213 2209 quaerendum
2281 2160 2340 2198 se

774 2229 1143 2298 acciugcrent.
1194 2229 1538 2302 Quapropter
1576 2248 1737 2289 mane
1776 2236 1936 2291 simul
1987 2236 2344 2306 egrediuntur

773 2337 872 2390 per
906 2323 1048 2376 viain
1082 2322 1399 2385 indlcatam,
1430 2338 1682 2395 quaerunt
1732 2328 1855 2381 data
1890 2328 2112 2403 indicia,
2152 2335 2207 2381 et
2232 2327 2342 2380 cito

776 2414 1080 2482 reperiunt.
1116 2413 1394 2470 Fodiendo
1434 2417 1596 2484 igitur
1627 2417 1797 2471 altare
1820 2420 2101 2487 detegunt,
2129 2426 2341 2471 amota-

775 2521 880 2575 que
938 2522 1126 2561 mensa
1161 2522 1488 2574 marmorea,
1536 2524 1747 2565 sacrum
1793 2526 1994 2581 corpus
2030 2509 2338 2565 inveniunt.

780 2596 894 2653 Hoc
930 2611 1057 2654 vero
1088 2600 1617 2656 defertAthanasius
1640 2603 1705 2657 ad
1737 2604 1924 2658 matris
1955 2604 2196 2666 domum,
2233 2602 2341 2659 ibi-

780 2708 888 2762 que
932 2694 1201 2748 asservari
1235 2694 1411 2765 jubet,
1469 2696 1647 2767 inquit
1702 2697 1993 2765 Marsilins,
2046 2718 2064 2752 ‹
2103 2705 2342 2771 quandiu

778 2784 963 2839 divina
991 2786 1245 2855 quapiam
1290 2787 1625 2843 revelatione
1667 2799 1974 2853 moneatur,
2002 2792 2131 2861 quid
2156 2794 2221 2848 de
2278 2812 2343 2851 eo

777 2874 850 2927 sit
911 2873 1169 2944 deinceps
1221 2875 1291 2930 ab
1333 2876 1465 2946 ipsis
1519 2880 1813 2948 agendum.
1864 2900 1885 2933 ι
1927 2880 2071 2938 Nihil
2130 2885 2184 2939 in
2240 2903 2342 2943 ms.

776 2964 975 3035 legitur
997 2965 1065 3020 de
1092 2976 1411 3037 exspectata
1439 2968 1540 3023 hac
1579 2972 1930 3038 revelatione,
1964 2976 2100 3031 nihil
2128 2995 2344 3050 quoque

776 3056 845 3111 de
876 3057 1136 3112 mandato
1165 3060 1577 3131 apostoli,quod
1612 3062 1884 3121 Marsilius
1910 3070 2123 3136 astruit,
2147 3088 2262 3142 cap.
2287 3073 2340 3129 8.

782 3155 841 3201 ut
864 3161 1064 3216 corpus
1087 3149 1478 3207 transferretur
1506 3154 1817 3215 Salernum.

848 3237 938 3293 68.
967 3238 1098 3295 Post
1116 3242 1486 3311 apparitiones
1513 3246 1741 3319 Pelagia:
1766 3253 2133 3312 etAtbanasio
2152 3258 2340 3324 factas,

778 3328 836 3382 in
865 3344 1098 3399 quarum
1124 3332 1311 3386 ultima
1345 3337 1503 3391 mina:
1524 3349 1683 3393 erant
1720 3341 2007 3412 adiunctae,
2041 3347 2094 3402 in
2115 3365 2216 3405 ms.
2262 3352 2346 3405 in-

779 3421 965 3477 ventio
1018 3422 1100 3478 sic
1131 3426 1367 3479 refertur
1416 3445 1429 3481 :
1478 3447 1495 3479 r
1554 3430 1668 3496 Qua
1726 3438 2151 3493 comminatione
2200 3457 2347 3496 como

777 3513 971 3583 pulsus
1049 3517 1400 3582 Athanasius,
1495 3521 1808 3580 falcastrum
1903 3528 2344 3600 (instrumentum

779 3607 941 3662 falcis
998 3608 1263 3666 instarad
1314 3614 1738 3675 rescindendum
1779 3624 1994 3696 vepres)
2055 3628 2345 3699 arripiens.

779 3702 1102 3771 pradictum
1151 3705 1252 3759 sibi
1302 3707 1480 3762 locum
1545 3712 1755 3768 curiosa
1797 3716 2143 3785 indagatione
2186 3721 2351 3788 coepit

781 3794 1080 3863 inquirere.
1115 3794 1224 3850 Sed
1265 3798 1312 3855 is
1362 3800 1514 3854 locus
1570 3813 1719 3860 tanta
1758 3818 1875 3873 erat
1923 3810 2166 3880 veprium
2218 3815 2349 3869 dett-

780 3886 946 3942 aitate
990 3899 1298 3953 contectus.
1352 3900 1411 3948 ut
1462 3893 1664 3965 nullus,
1712 3910 1818 3967 qua
1861 3900 2071 3971 ingredi
2141 3918 2344 3974 posset,

782 3987 998 4048 pateret
1026 3980 1226 4036 aditus.
1249 3982 1318 4037 Et
1372 3999 1495 4037 cum
1558 3989 1804 4056 veprium
1852 3990 2177 4048 densitatem
2238 4005 2349 4051 toto

784 4067 910 4124 nisu
940 4067 1269 4137 succideret,
1313 4074 1528 4129 tandem
1574 4090 1767 4131 eversa
1830 4082 2088 4150 ecclesia,
2151 4096 2210 4140 ut
2246 4088 2347 4143 sibi

788 4178 887 4232 per
934 4165 1326 4221 revelationem
1367 4183 1592 4222 osrensa
1618 4169 1815 4237 fuerat,
1850 4175 2020 4230 oculis
2054 4178 2196 4233 illius
2252 4197 2348 4252 ap-

784 4263 935 4323 paret
982 4256 1125 4310 :sed
1158 4255 1349 4320 altare,
1376 4258 1499 4325 quia
1546 4261 1798 4330 congerie
1849 4264 2129 4333 spinarum
2185 4270 2350 4338 atque

783 4346 1085 4402 urticarum
1127 4348 1420 4404 admodum
1454 4361 1564 4405 erat
1601 4363 1936 4421 conteCtum,
1994 4359 2219 4414 minime
2254 4378 2351 4432 po-

785 4448 925 4493 terat
955 4438 1177 4493 intucri.
1214 4439 1369 4494 Tunc
1418 4443 1593 4506 caesis,
1628 4460 1747 4513 quae
1792 4461 2135 4516 supererant,
2177 4453 2349 4520 spinis

783 4548 847 4586 ac
880 4532 1150 4597 sentibus,
1177 4532 1243 4587 ad
1269 4534 1414 4602 quod
1435 4535 1544 4603 jam
1566 4536 1827 4606 llagrandi
1859 4540 2135 4595 desiderio
2166 4546 2346 4599 inten-

783 4627 967 4689 debat,
994 4626 1169 4695 ipsum
1212 4628 1374 4681 etiam
1405 4628 1574 4682 altare
1604 4628 1810 4684 invenit
1847 4646 1864 4683 :
1908 4634 2190 4693 inventum
2224 4655 2345 4691 cum

785 4734 976 4791 magna
1006 4718 1220 4773 cautela
1257 4734 1501 4774 reserare
1538 4724 1767 4777 tentavit
1797 4742 1810 4777 :
1865 4735 1919 4779 ct
1972 4737 2031 4780 ut
2087 4743 2347 4796 marmor,

783 4826 891 4879 quo
925 4812 1067 4865 idem
1095 4812 1264 4865 altare
1300 4822 1418 4865 erat
1448 4825 1721 4882 opertum,
1759 4831 1822 4870 ex
1854 4832 1954 4872 suo
2001 4820 2122 4875 loco
2150 4824 2349 4877 tuevis~

784 4908 888 4968 set,
946 4904 1091 4960 illico
1138 4904 1289 4959 locus
1339 4908 1564 4975 quadris
1619 4918 1910 4966 contextus
1962 4914 2246 4972 lateribus.
2297 4919 2348 4967 in

784 5010 895 5064 quo
949 5010 1153 5065 corpus
1215 4998 1546 5054 sanctissimi
1594 5002 1822 5069 apostoli
1889 5014 1939 5058 et
2012 5006 2373 5077 evangelistre'

784 5086 1123 5156 quiescebat,
1148 5089 1419 5158 apparuit.
1450 5076 1579 5145 inde.
1605 5093 1938 5148 Athanasius
1963 5076 2353 5153 tremebundus

786 5195 988 5250 corpus
1016 5180 1248 5251 apostoli
1276 5182 1559 5252 detegens,
1592 5200 1715 5240 cum
1765 5187 1931 5241 tnulta
1963 5189 2240 5260 diligentia
2298 5192 2349 5245 in

788 5276 1018 5330 sindon:
1047 5276 1247 5329 munda
1273 5277 1517 5341 involvit,
1543 5274 1767 5346 suisque
1797 5280 2080 5349 imponens
2112 5283 2353 5337 humeris

787 5366 854 5419 ad
913 5365 1195 5437 preprium
1226 5367 1594 5423 habitaculum
1629 5371 1911 5430 remeavit,
1944 5381 1996 5424 et
2051 5376 2350 5442 pretiosum

784 5458 1106 5512 thesaurum
1144 5460 1298 5513 matri
1345 5460 1760 5515 custodiendum
1820 5462 1987 5516 dedit.
2032 5486 2049 5514 ι
2108 5464 2225 5518 Mox
2298 5470 2351 5521 in

787 5564 889 5602 ms.
912 5547 1182 5619 sequitur,
1211 5552 1450 5606 voluisse
1476 5553 1837 5608 Athanasium
1882 5556 2057 5625 primo
2080 5557 2351 5611 Constan-

786 5641 1091 5710 tinOpolim,
1163 5643 1363 5699 deinde
1427 5645 1674 5709 Romam,
1725 5663 1847 5702 cum
1908 5664 2063 5704 sacro
2125 5667 2352 5720 corpore

786 5733 1077 5801 navigare;
1110 5735 1205 5790 sed
1224 5734 1293 5791 ab
1313 5746 1545 5808 utroque
1574 5736 1768 5793 itinere
1791 5741 2127 5809 impeditum.
2152 5738 2349 5797 Eadem

786 5837 997 5890 narrat,
1028 5840 1147 5897 cap.
1174 5826 1227 5895 8,
1264 5827 1555 5897 Marsilius,
1614 5832 1708 5887 sed
1759 5846 1869 5887 non
1904 5832 2022 5888 sine
2074 5835 2340 5907 adiunctis

2446 1875 2534 1928 vix
2558 1874 2623 1929 ad
2647 1883 2887 1943 portum,
2954 1889 3113 1942 quem
3180 1872 3504 1942 reliquerat,
3559 1883 3860 1927 remearet.
3917 1873 4027 1927 Hoc

2444 1966 2535 2021 ille
2589 1966 2885 2021 frustratus
2932 1964 3183 2026 consilio,
3233 1963 3432 2018 iterum
3488 1978 3673 2018 secum
3719 1965 4025 2033 cogitabat,

2442 2057 2683 2128 qualiter
2705 2070 2827 2110 cum
2858 2052 3208 2109 sanctissimo
3260 2066 3495 2121 corpore
3549 2051 3787 2105 Romam
3828 2069 4027 2121 propc-

2444 2158 2591 2204 raret
2624 2166 2636 2201 :
2670 2147 2766 2203 sed
2811 2161 3152 2216 nequaquam
3188 2144 3278 2199 Dei
3314 2143 3483 2198 valuit
3528 2143 3805 2198 obsistere
3835 2144 4029 2196 volun-

2447 2242 2562 2305 tati,
2594 2239 2684 2310 qui
2713 2240 2825 2294 tale
2850 2240 2903 2293 in
2920 2238 3017 2292 bas
3056 2245 3237 2307 partes
3261 2236 3515 2307 dignatus
3538 2244 3621 2290 est
3644 2236 4030 2288 transmittere

2444 2332 2671 2387 donum.
2709 2330 2843 2385 Nam
2878 2330 3063 2384 denuo
3086 2329 3303 2398 navigio
3334 2337 3663 2397 praeparato,
3718 2329 4030 2397 assumptis

2447 2424 2638 2479 validis
2704 2425 2758 2476 in
2810 2421 3127 2493 remigando
3186 2420 3343 2483 viris,
3401 2419 3612 2489 placida
3666 2433 3900 2487 aequora
3956 2429 4031 2469 est

2449 2518 2749 2589 ingressus.
2783 2512 2890 2567 Sed
2925 2521 3218 2582 antequam
3255 2511 3409 2565 littus
3435 2511 3517 2564 vix
3554 2509 3736 2563 oculis
3775 2509 4032 2577 reliquis-

2445 2621 2551 2675 set,
2585 2608 2779 2678 ingens
2804 2605 3041 2674 procella
3075 2604 3257 2657 subito
3287 2604 3487 2670 erupit,
3508 2602 3584 2655 ita
3625 2610 3687 2655 ut
3752 2602 3846 2654 vix
3874 2615 4031 2655 vora-

2445 2704 2624 2774 ginem
2658 2698 2956 2753 evaderent
3024 2694 3219 2765 pelagi.
3276 2692 3540 2756 Taudcm,
3592 2693 3851 2762 quamvis
3910 2707 4029 2746 cum

2446 2809 2638 2865 magna
2681 2789 2963 2852 maestitia,
3015 2787 3315 2842 semivivus
3346 2802 3473 2841 suos
3518 2784 3663 2840 redit
3698 2784 3768 2839 ad
3842 2784 4026 2838 lines:

2445 2897 2677 2951 cumque
2708 2879 3053 2951 cognovisset
3080 2878 3369 2941 veraciter,
3392 2875 3492 2930 sibi
3524 2873 3699 2929 Deum
3726 2875 3883 2929 obsis
3896 2885 4027 2937 tere,

2446 2982 2500 3026 et
2531 2971 2667 3024 adeo
2718 2977 2910 3023 contra
2960 2983 3018 3021 se
3047 2964 3386 3019 insensibilia
3423 2963 3702 3018 elementa
3755 2976 4026 3032 pugnare,

2446 3064 2501 3117 in
2528 3060 2781 3122 ecclesia,
2820 3074 2939 3127 quae
2995 3072 3104 3111 non
3137 3057 3298 3127 longe
3333 3070 3365 3109 a
3390 3055 3526 3109 cella
3565 3055 3716 3109 illius
3758 3054 3867 3109 sita
3890 3064 4027 3117 erat,

2374 3178 2419 3241 ο
2450 3154 2877 3212 sacratissimum
2914 3150 3202 3207 abscondit
3231 3151 3568 3205 thesaurum.
3603 3166 3622 3199 ι
3662 3148 3794 3201 Haec
3830 3148 3883 3200 in
3905 3161 4026 3207 ms.,

2450 3264 2514 3303 ex
2546 3262 2654 3317 quo
2691 3247 2881 3315 nequit
2920 3251 3072 3301 certo
3104 3242 3313 3311 colligi,
3359 3239 3715 3294 Athanasium
3749 3238 4028 3292 Constan-

2450 3340 2679 3409 tinopoli
2737 3349 2830 3391 aut
2866 3338 3049 3391 Romae
3108 3349 3322 3388 sacrum
3382 3348 3583 3403 corpus
3635 3332 3885 3385 vendere
3939 3345 4029 3383 vo-

2450 3435 2638 3497 luisse,
2674 3440 2733 3485 ut
2760 3431 2950 3485 scribit
2984 3428 3273 3483 Mat-silius.
3324 3426 3561 3481 Lucrum
3614 3426 3766 3479 enim
3808 3439 4027 3495 sperare

2451 3533 2682 3599 poterat,
2709 3524 2918 3578 etiamsi
2949 3538 3147 3593 corpus
3182 3537 3289 3575 non
3331 3521 3626 3577 venderet,
3682 3533 3749 3571 ex
3790 3517 4027 3572 benem-

2449 3620 2695 3690 leutiaet
2728 3617 3052 3671 liberalitate
3080 3631 3294 3676 eorum,
3338 3614 3537 3684 quibus
3575 3612 3708 3664 illud
3768 3613 4021 3667 donaret.

2456 3712 2570 3764 Alia
2615 3709 2835 3765 Marsilii
2869 3704 3130 3776 adjuncta
3153 3709 3330 3761 mitto.

2522 3825 2589 3880 7O
2655 3821 2779 3877 Post
2820 3821 2943 3875 data
2984 3819 3147 3873 verba
3192 3822 3382 3873 auctor
3436 3833 3537 3872 ms.
3596 3827 3817 3884 narrat,
3870 3817 4020 3873 inno-

2453 3919 2620 3975 tuisse
2649 3915 2841 3971 Joanui
2891 3912 3148 3983 episeopo
3175 3911 3421 3965 Paestano
3488 3912 3877 3966 inventionem
3905 3928 4022 3966 car-

2453 4007 2599 4078 poris
2626 4006 2799 4061 sancti
2833 4002 3101 4066 Matthxi;
3132 4016 3368 4068 eumque
3404 4015 3526 4053 cum
3558 4000 3782 4054 clericis
3827 4001 4022 4067 aliquot

2452 4097 2758 4169 porrexisse
2786 4111 2881 4164 per
2910 4109 3095 4147 auram
3158 4091 3389 4163 pluviatu
3441 4097 3494 4143 et
3526 4100 3822 4143 ventosam
3849 4092 3916 4143 ad
3953 4090 4021 4142 Ιυι

2450 4204 2597 4252 cum,
2654 4186 2741 4241 ubi
2789 4183 3093 4252 depositum
3148 4190 3297 4245 erat;
3343 4194 3517 4248 eoque
3567 4179 3755 4233 vocari
3806 4180 4023 4249 jussissc

2454 4276 2827 4333 Athanasium.
2859 4272 3036 4335 Hunc,
3067 4271 3156 4324 ubi
3191 4271 3508 4331 advenerat,
3536 4270 3606 4323 de
3640 4270 3880 4324 invento
3911 4284 4019 4323 cor-

2452 4386 2583 4440 pore
2628 4370 2945 4435 interrogat.
2980 4378 3041 4418 ac
3080 4362 3522 4432 tergiversantem
3578 4362 3747 4415 minis
3778 4372 3954 4432 urget,
3980 4371 4026 4412 et

2456 4464 2534 4518 sic
2562 4462 2788 4521 obtinet,
2838 4470 2896 4513 ut
2928 4458 2996 4512 ad
3028 4455 3320 4511 videndum
3356 4468 3570 4508 sacrum
3626 4468 3843 4523 corpus
3870 4455 4030 4508 ducr

2459 4565 2565 4619 tur,
2599 4552 2834 4621 illudque
2860 4566 2981 4605 cum
3015 4548 3228 4603 clericis
3253 4547 3452 4601 videat.
3490 4563 3508 4596 ι
3542 4544 3862 4614 Episcopus
3887 4562 4026 4603 vero,

2456 4646 2530 4697 ait
2561 4651 2768 4706 auctor,
2808 4655 3021 4693 sacrum
3052 4653 3250 4706 corpus
3277 4636 3402 4705 (jam
3433 4637 3633 4702 visum)
3667 4637 3913 4691 sindone
3942 4639 4031 4691 ile-

2456 4750 2574 4787 rum
2611 4732 2908 4785 involutum
2948 4728 3131 4779 amtuli
3156 4727 3236 4782 sui
3262 4725 3623 4795 impressione
3658 4727 3927 4794 signavit,
3959 4726 4017 4777 si-

2456 4834 2677 4895 gnatum
2708 4822 2759 4875 in
2792 4837 2914 4873 arca
2952 4819 3089 4872 seris
3122 4817 3349 4879 munita,
3383 4816 3574 4885 sigillis
3606 4815 3880 4869 similiter
3908 4832 4022 4870 con-

2457 4921 2686 4989 signata,
2718 4913 2979 4985 reposuit.
3024 4932 3041 4964 ι
3078 4911 3171 4965 His
3201 4910 3374 4970 factis,
3408 4910 3451 4963 si
3487 4910 3774 4963 credimus
3803 4911 4025 4970 auctori,

2457 5011 2611 5080 petiit
2640 5008 2952 5079 episcopus,
2980 5016 3036 5059 ut
3079 5001 3409 5058 Athanasius
3443 4999 3755 5054 monachus
3786 5003 4027 5054 esuricuo

2460 5104 2605 5156 tibus
2638 5100 2817 5155 cibum
2855 5105 3125 5166 qnazreret
3178 5105 3232 5146 et
3264 5100 3585 5161 apponeret.
3619 5091 3693 5147 At
3746 5093 3844 5147 ille
3894 5093 4027 5146 cibos

2455 5195 2671 5261 quidem
2707 5189 2962 5251 habebat,
2990 5187 3083 5241 sed
3118 5186 3245 5239 vino
3275 5200 3499 5253 prorsus
3527 5184 3781 5238 carebat.
3818 5184 4024 5254 Episco-

2456 5301 2557 5356 pus
2592 5283 2752 5354 igitur
2781 5282 2921 5335 inter
2955 5278 3349 5334 comedendum
3392 5275 3573 5329 afferri
3598 5276 3771 5345 jussit
3806 5292 4023 5331 vacuum:

2456 5380 2765 5439 vasculum,
2807 5374 2952 5443 quod
2992 5374 3247 5428 omnibus
3274 5369 3552 5425 suliiciens
3582 5369 3780 5424 vinum
3819 5370 4022 5429 eﬂ'udit,

2454 5473 2496 5524 si
2530 5486 2655 5524 vera
2700 5479 2885 5522 narrat
2914 5480 3234 5537 anonvmus,
3274 5462 3366 5532 qui
3401 5478 3463 5517 ea
3495 5461 3754 5533 pluribus
3784 5462 4018 5529 exponit.

2455 5560 2721 5616 Mat-silius
2750 5573 2878 5613 vero
2903 5559 3050 5628 plura
3073 5554 3236 5610 etiam
3267 5554 3530 5625 adjnngit.
3557 5552 3717 5618 Mihi,
3748 5564 3811 5608 ut
3842 5555 4021 5611 fatear.

2454 5650 2635 5704 omnia
2677 5650 2762 5701 illa
2794 5647 2967 5717 magis
3000 5652 3249 5713 suspecta
3295 5652 3423 5698 sunt
3460 5640 3736 5709 falsitatis,
3780 5658 3947 5713 quam
3975 5651 4021 5694 ut

2454 5742 2568 5811 ipsa
2599 5741 2758 5794 \erba
2785 5741 2891 5793 huc.
2917 5737 3212 5792 transferre
3242 5733 3443 5789 lubeat.
3477 5733 3745 5803 Apertius
3771 5743 3861 5787 est
3889 5747 4022 5787 eain-

2455 5845 2723 5899 mentum,
2752 5835 2895 5903 quod
2928 5830 3193 5902 sequitur,
3232 5845 3291 5884 ac
3322 5828 3367 5883 si
3400 5841 3566 5881 noetu
3598 5841 3697 5897 per
3729 5826 4016 5881 fenestram
