4156 6314
187 380 296 441 793

1466 399 1510 456 V
1527 398 1643 455 ιΤΑ
1689 397 1749 454 S.
1796 398 2122 464 ΜΑΊἼῊΛΣ
2136 405 2178 466 1'.

3335 426 3441 492 794

185 499 243 551 in
278 502 560 556 ecclesiam
587 505 895 571 irrumpere
925 512 1187 565 voluisset
1219 512 1575 579 Athanasius,
1604 527 1658 570 et
1682 532 1766 570 sa-
1803 517 1840 570 Α
1879 519 2105 574 habebat
2139 523 2322 582 filiam,
2361 529 2517 596 cujus
2563 531 2767 585 viscera
2799 540 2905 587 tam
2937 537 3187 606 gravibus
3217 551 3442 596 contor-

182 607 338 643 crum
377 608 572 662 corpus
611 598 744 651 clam
794 601 899 651 alio
942 603 1247 671 deportare.
1299 605 1475 672 Eque
1511 607 1756 663 fabulosa

188 685 450 737 videntur
483 688 732 756 adjuncta
766 694 944 744 omnia
995 696 1362 750 translationis
1389 699 1453 751 ad
1483 700 1755 754 civitatem

176 778 680 847 Caputaqueusem.
715 784 901 849 itaque
927 787 1140 840 omissis
1172 789 1398 856 reliquis
1456 788 1642 842 ultima
1665 805 1755 844 so.

179 866 293 920 lum
330 872 490 922 verba
525 873 834 943 subiungo:
889 895 905 925 ι
941 876 1215 941 Castrum,
1261 878 1345 932 cui
1379 877 1555 948 Caput
1585 881 1755 948 Aquis

177 971 380 1010 nomen
414 969 514 1019 est.
563 968 946 1026 ascenderunt,
992 977 1152 1036 atque
1187 970 1240 1021 in
1285 970 1511 1025 ecclesia
1550 983 1753 1027 sanctae

184 1045 422 1118 Virginis
453 1054 653 1116 Mariae,
689 1056 739 1108 in
783 1073 886 1125 qua
924 1057 1179 1127 praefatus
1210 1063 1499 1133 episcopus
1541 1083 1750 1136 pransu-

174 1141 346 1196 latum
375 1147 610 1214 regebat,
643 1166 764 1202 cum
791 1152 935 1205 omni
973 1155 1275 1209 reverentia
1298 1157 1691 1227 deposuerunt.
1726 1181 1742 1213 ι

173 1234 257 1288 Ex
310 1235 392 1289 his
453 1241 654 1304 verbis,
711 1245 753 1296 si
811 1246 937 1313 quid
993 1248 1193 1314 valent,
1252 1259 1398 1306 recte
1456 1254 1746 1324 colligitur,

172 1328 465 1398 episcopos
501 1332 771 1390 l'azstanos
795 1339 906 1406 jam
939 1341 1135 1394 sreculo
1163 1359 1190 1395 ι
1227 1345 1494 1400 resedisse
1527 1347 1578 1399 in
1618 1347 1750 1400 civi-

174 1427 289 1473 tate
332 1419 712 1491 Caputaquens
741 1467 754 1490 ,
805 1439 866 1486 et
894 1445 1288 1500 consequenter
1323 1437 1612 1505 episc0pos
1642 1438 1746 1492 Ca-

168 1521 544 1579 putaquenses
593 1532 653 1570 ex
709 1519 972 1577 Paestanis
1028 1536 1196 1587 ortos,
1252 1529 1319 1582 de
1376 1544 1483 1598 quo
1533 1531 1746 1587 dubitat

173 1601 460 1670 Ugbellus.
501 1608 695 1662 Verum
727 1617 791 1664 ad
832 1631 944 1668 rem
980 1617 1286 1674 redeamus.

247 1697 333 1750 71.
378 1698 638 1755 Audierat
689 1703 984 1775 Gisulpbus
1058 1712 1311 1780 princeps
1365 1713 1742 1772 Salernitanus

165 1791 544 1848 inventionem
572 1806 625 1850 et
661 1799 1070 1856 translationem
1104 1806 1244 1860 sacri
1271 1811 1538 1878 corporis,
1568 1826 1741 1881 eaque

180 1884 253 1937 de
285 1901 467 1940 causa.
499 1912 516 1939 ‹
547 1889 782 1945 Nimium
820 1894 885 1948 de
943 1897 1075 1949 tanti
1134 1901 1372 1954 thesauri
1424 1905 1740 1959 lnventione

161 1976 408 2044 gavisus,
457 1979 531 2032 ait
577 1997 879 2052 anonymus
931 1988 982 2039 in
1052 2004 1179 2051 ms.,
1234 1993 1563 2050 venerabilis
1615 1997 1737 2050 vitae

160 2065 431 2123 Joannem
486 2070 736 2148 abbatem
793 2077 1039 2146 aliosque
1080 2080 1427 2138 honorabiles
1477 2086 1622 2140 viros
1671 2088 1736 2140 ad

157 2155 472 2213 Pa-stanum
511 2161 706 2217 direxit
754 2168 1091 2238 episcopum,
1128 2174 1416 2240 mandans,
1461 2187 1519 2230 ut
1549 2187 1736 2247 patro-

157 2251 366 2304 cinium
417 2255 604 2322 patria.-
657 2256 1013 2314 Salernitanre
1066 2263 1420 2320 adinventum
1479 2269 1579 2324 sibi
1635 2271 1738 2325 sub

157 2345 313 2394 omni
357 2345 636 2401 celeritate
699 2353 1110 2408 transmitteret.
1166 2355 1425 2425 Sequenti
1476 2377 1602 2414 vero
1648 2364 1738 2417 die

156 2435 489 2489 venerabilis
515 2438 702 2500 abbas,
731 2451 785 2494 et
816 2444 904 2510 qui
934 2461 1054 2496 cum
1083 2462 1149 2505 eo
1179 2448 1328 2502 missi
1360 2460 1508 2516 sunt,
1535 2453 1736 2508 intesti-

157 2523 346 2577 tnabili
383 2525 637 2581 thesauro
668 2532 850 2584 onusti
887 2544 1256 2590 revertuntur.
1292 2537 1400 2593 Sed
1435 2551 1726 2612 antequam

155 2617 351 2671 urbem
382 2621 603 2689 propius
634 2625 980 2693 accederem,
1034 2643 1138 2681 una
1165 2645 1286 2683 cum
1321 2630 1599 2689 Bernardo
1637 2653 1732 2690 ve-

154 2712 405 2764 nerando
456 2715 684 2781 prmsule
734 2728 842 2773 tota
900 2720 1092 2775 civitas
1147 2723 1361 2778 obviam
1410 2729 1584 2799 pergit
1629 2730 1731 2786 ire.

156 2801 263 2857 Ubi
313 2814 493 2856 autem
539 2810 898 2875 apostolicum
943 2828 1142 2882 corpus
1172 2817 1353 2886 adepti
1397 2832 1543 2885 sunt,
1582 2834 1669 2878 tan
1701 2843 1733 2880 ο

157 2895 352 2964 repleti
378 2904 505 2949 sunt
534 2899 749 2968 gaudio,
775 2916 829 2954 ut
854 2916 1006 2973 gestu
1033 2917 1087 2960 et
1118 2911 1341 2965 vocibus
1371 2916 1730 2972 exsultantem

152 2987 401 3042 hetitiam
435 2998 796 3047 ostentarent.
831 2993 1033 3052 Prazsnl
1065 3014 1215 3066 vero,
1252 3018 1536 3074 assumpto
1568 3023 1731 3062 vene-

155 3082 317 3136 rabili
352 3097 583 3152 corpore
611 3095 662 3139 et
705 3089 896 3144 sericis
935 3094 1195 3148 obvoluto
1223 3100 1568 3168 tegminibus,
1603 3118 1726 3156 cum

1861 615 2167 679 quebantur
2205 616 2505 680 doloribus.
2538 632 2595 675 ut
2627 623 2845 684 medici,
2876 626 3223 695 impendendi
3259 643 3442 684 reme-

1860 705 1929 759 dii
1965 723 2121 760 enim
2162 709 2491 777 laborantes,
2518 713 2726 771 nullum
2760 718 3000 771 valerent
3023 718 3275 774 conferre
3307 722 3441 775 sub-

1861 795 2078 850 sidium.
2126 797 2252 868 Ejus
2291 803 2570 859 cruciatus
2599 817 2770 860 mater
2796 823 2900 862 n0u
2935 809 3234 872 sustinens,
3275 810 3438 865 filiam

1857 889 1922 941 ad
1955 905 2151 958 corpus
2179 893 2409 960 apostoli
2465 896 2678 958 detulit,
2733 897 2823 952 ubi
2881 899 3195 970 lacrymosis
3242 901 3439 956 oblatis

1856 981 2129 1050 precibus,
2184 984 2414 1040 salutem
2465 997 2628 1048 naue.
2687 1005 2848 1059 quam
2905 990 3108 1061 ingenti
3161 991 3438 1047 desiderio

1857 1074 2226 1139 postulabant,
2284 1076 2481 1131 meruit
2525 1066 2838 1148 impetrare,
2872 1083 2942 1136 ita
2979 1093 3038 1136 ut
3085 1099 3203 1152 qua:
3242 1084 3439 1140 alienis

1852 1161 2008 1218 allata
2070 1163 2246 1217 fuerat
2303 1167 2578 1228 manibus,
2640 1168 2861 1222 domum
2918 1185 3042 1224 cum
3095 1181 3267 1227 matre
3319 1175 3434 1228 suis

1852 1253 2125 1322 gressibus
2156 1266 2444 1310 remearet.
2487 1277 2508 1307 ν

1921 1345 2006 1399 74.
2052 1344 2293 1398 Tertium
2341 1348 2665 1403 beneficium
2699 1351 2896 1407 dicitur
2922 1355 3223 1422 praestitum
3269 1372 3429 1411 servo

1849 1435 2066 1493 cuidam
2105 1435 2393 1502 Rothildae,
2433 1443 2640 1494 sororis
2677 1443 2925 1512 Gisulphi
2955 1444 3219 1515 principis
3249 1444 3429 1500 Salero

1848 1529 2045 1594 uitaui,
2078 1540 2132 1585 et
2168 1531 2345 1585 vidua:
2377 1531 2704 1601 Athenolphi
2736 1534 2999 1604 principis
3025 1535 3426 1593 Beneventani.

1847 1623 2179 1693 Athenolphi
2228 1632 2408 1677 autem
2447 1624 2590 1678 illius
2625 1628 2957 1679 mentionem
3009 1628 3216 1682 invenit
3248 1627 3425 1682 Mura-

1848 1717 2040 1779 torius,
2079 1716 2128 1770 in
2163 1717 2455 1770 Annalibus
2502 1715 2699 1784 Italia,
2747 1733 2919 1785 usque
2959 1720 3022 1774 ad
3056 1736 3256 1775 annum
3292 1721 3426 1796 940,

1850 1810 1919 1862 ita
1947 1819 2003 1861 ut
2024 1809 2152 1861 inde
2181 1811 2453 1873 conjiciat,
2481 1810 2670 1864 eodem
2697 1827 2840 1864 anno
2868 1812 2970 1866 940
2993 1811 3170 1882 ipsum
3198 1813 3425 1869 abiisse.

1850 1901 1973 1954 Mihi
2014 1914 2240 1953 necesse
2286 1916 2393 1952 non
2448 1909 2553 1965 est,
2603 1911 2819 1972 tempus
2867 1904 3048 1958 obitus
3096 1904 3425 1974 Athenolphi

1850 1989 2068 2058 propius
2121 1990 2415 2059 inquirere.
2463 1990 2649 2044 Solum
2705 1993 2958 2055 observo,
2999 1993 3216 2048 viduam
3253 1995 3425 2064 ipsius

1848 2082 2159 2136 Rothildam
2198 2083 2442 2152 potuisse
2484 2083 2643 2139 facile
2695 2100 2984 2154 superesse
3020 2102 3190 2157 usque
3223 2089 3421 2142 ad.an-

1849 2193 1980 2229 num
2015 2177 2138 2238 954,
2172 2191 2278 2244 quo
2313 2178 2495 2230 omnia
2541 2178 2836 2246 contigisse
2878 2180 3153 2242 dicuntur,
3190 2181 3424 2235 maxime

1843 2283 1965 2322 eum
1985 2268 2036 2321 in
2065 2267 2324 2320 viduitate
2353 2268 2669 2335 perdurans.
2701 2269 2750 2321 id
2773 2277 2877 2333 est,
2908 2270 3004 2322 diu
3032 2270 3192 2323 vidua
3237 2271 3288 2322 in
3315 2286 3419 2326 ms.

1846 2369 2142 2414 asseratur.
2171 2360 2374 2413 Servus
2405 2369 2583 2413 autem
2615 2358 2904 2422 Rothild-Je,
2955 2358 3271 2430 Stephanus
3321 2377 3422 2416 no-

1845 2447 2010 2506 mine,
2049 2445 2248 2499 dicitur
2273 2461 2396 2500 cum
2438 2447 2779 2517 impatientia
2814 2459 3022 2504 etcum
3070 2451 3426 2506 invocatione

1841 2535 2040 2589 diaboli
2095 2550 2290 2604 aquam
2348 2539 2595 2605 petiisse,
2647 2551 3038 2609 acceptamque
3084 2556 3279 2610 aquam
3327 2543 3420 2598 ubi

1845 2626 2123 2684 ebibisset.
2159 2625 2414 2680 obsessus
2445 2625 2613 2681 fuisse
2636 2643 2664 2681 ι
2694 2629 2960 2684 daemone.
2987 2628 3094 2684 Res
3122 2631 3418 2688 confestim

1843 2721 2081 2773 innotuit
2117 2734 2223 2772 non
2279 2719 2452 2772 solum
2485 2720 2774 2786 Rotbildte,
2807 2720 2903 2776 sed
2933 2722 3100 2776 etiam
3154 2722 3420 2794 Gisulpbo

1842 2812 2094 2883 principi,
2128 2813 2446 2878 cunctisque
2487 2813 2807 2882 proceribus
2851 2823 2906 2869 et
2948 2817 3203 2886 episcopo
3235 2816 3418 2872 Soter-

1840 2909 2045 2960 nitauo.
2081 2904 2412 2958 Servahatur
2444 2921 2849 2976 energumenus
2883 2909 2937 2961 in
2988 2910 3191 2964 sacello
3224 2911 3411 2979 palatii

1838 2996 2069 3052 vinculis
2090 2996 2443 3060 constrictus,
2470 3006 2526 3051 et
2559 2998 2848 3067 episcopus
2877 3014 3070 3053 omnes
3099 3003 3416 3057 hortabatur

1839 3095 1904 3147 ad
1943 3107 2130 3162 preces
2159 3106 2257 3158 pro
2282 3104 2347 3146 eo
2378 3089 2704 3146 fundendas.
2741 3110 2761 3144 ι
2795 3092 2929 3145 Dum
2959 3091 3076 3147 haec
3102 3104 3414 3164 agerentur,

154 3174 376 3244 hymnis
405 3186 458 3230 et
489 3179 741 3247 laudibus
778 3184 831 3235 itt
864 3185 1049 3240 urbem
1083 3190 1287 3243 rediit:
1322 3200 1486 3261 atque
1515 3194 1568 3246 in
1608 3188 1722 3246 aula

1840 3185 1912 3236 ait
1945 3192 2156 3243 auctor,
2185 3182 2516 3237 Athanasius
2539 3183 2803 3237 intererat
2825 3185 3124 3239 monachus
3149 3184 3415 3257 (corporis

153 3269 256 3322 Dei
290 3267 581 3327 Genitricis
614 3275 796 3330 debita
843 3281 1148 3335 reverentia
1183 3282 1487 3350 collocavit,
1527 3287 1580 3339 in
1616 3304 1720 3357 qua

153 3364 506 3430 praesentiam
542 3365 622 3417 sui
670 3371 913 3436 corporis
963 3375 1296 3444 evangetista
1351 3379 1726 3435 sanctissimus

149 3457 275 3510 suis
308 3459 564 3510 virtutum
598 3459 876 3514 miraculis
907 3461 1220 3520 declaravit.
1259 3488 1278 3519 ι
1327 3469 1445 3522 Mox
1475 3485 1722 3540 sequun-

151 3560 248 3601 tur
292 3549 342 3600 in
395 3559 624 3619 utroque
664 3549 763 3607 Ms.
810 3551 1070 3611 beneficia
1125 3558 1374 3626 quaedam
1425 3561 1728 3630 patrocinio

148 3639 329 3692 sancti
389 3639 620 3696 Matthzei
669 3642 885 3698 miseris
929 3647 1188 3715 prarslita,
1239 3664 1359 3718 quae
1411 3650 1722 3719 lectoribus,

148 3743 320 3800 prout
347 3730 417 3793 ibi
454 3733 730 3804 leguntur,
771 3739 1210 3806 communicabo,
1259 3742 1517 3798 abscissis
1548 3753 1727 3799 tamen

145 3827 435 3880 nonnullis
465 3827 772 3893 superﬂuis,
807 3846 924 3896 qua:
953 3833 1160 3887 tradam
1197 3837 1540 3905 compendio.

221 3916 307 3969 72.
355 3913 447 3968 Vir
494 3917 738 3984 quidam,
797 3919 1043 3976 Andreas
1091 3928 1332 3994 nomine,
1391 3933 1548 4000 cuius
1616 3937 1720 3990 filia

145 4008 362 4064 diutina
391 4009 707 4064 infirmitate
742 4028 999 4082 oppressa
1039 4016 1344 4089 languebat,
1375 4024 1512 4081 adeo
1542 4036 1598 4082 ut
1631 4031 1727 4085 do-

147 4116 277 4155 mus
313 4107 419 4155 tota
456 4100 692 4156 vicinum
723 4103 830 4173 jam
859 4105 977 4175 ejus
1003 4108 1208 4164 obitum
1242 4127 1600 4184 exspectaret.
1633 4139 1726 4190 pn-

149 4206 314 4249 terno
363 4204 543 4250 tnotus
598 4197 806 4251 viscere
860 4199 949 4252 ditt
1002 4201 1238 4270 plorans,
1290 4207 1504 4262 tandem
1551 4211 1725 4268 fessus

146 4302 349 4340 somno
375 4289 649 4355 arripitur.
692 4308 709 4339 ι
768 4291 1084 4345 Somniabat
1117 4303 1321 4359 autem,
1376 4298 1535 4357 filiam
1569 4319 1721 4360 suam

141 4379 249 4429 sibi
283 4395 308 4427 ε
342 4376 574 4429 brachiis
604 4380 739 4444 eripi
786 4395 812 4431 a
864 4389 1002 4434 tetro
1045 4383 1274 4450 spiritu;
1310 4403 1432 4443 mox
1471 4407 1600 4446 vero
1630 4396 1724 4449 ad-

142 4481 295 4525 stare
328 4471 504 4522 virum
554 4473 942 4538 venerabilem,
992 4477 1082 4545 qui
1132 4478 1336 4537 dolenti
1387 4485 1523 4550 patri
1557 4487 1718 4541 filiam

1838 3276 2128 3344 inventor),
2159 3275 2273 3344 qtti,
2309 3283 2366 3329 ut
2413 3274 2524 3343 jam
2559 3272 2822 3337 diximus,
2867 3277 2935 3330 de
2975 3293 3140 3332 manu
3183 3277 3416 3334 Paestani

1832 3367 2078 3440 prtesulis
2103 3368 2319 3420 dentem
2349 3365 2675 3420 sanctissimi
2707 3367 3052 3437 evangelista:
3094 3383 3414 3439 susceperat

1835 3458 2110 3529 (nimirum
2141 3457 2271 3512 dum
2303 3455 2479 3511 eidem
2531 3471 2733 3526 corpus
2762 3457 3003 3523 tradidit,
3053 3458 3146 3512 ubi
3178 3457 3230 3511 id
3265 3458 3410 3512 sitir-

1835 3559 1943 3603 tnat
1972 3551 2206 3616 auctor).
2236 3547 2284 3602 Is
2307 3549 2598 3608 accedens.
2625 3548 2864 3619 praefata:
2892 3548 3158 3605 Bothilda:
3183 3550 3409 3605 auribus

1833 3641 2119 3705 iatimavit,
2161 3640 2392 3695 dicens:
2427 3639 2601 3692 Penes
2655 3656 2740 3692 me
2789 3642 2964 3694 habeo
3015 3643 3238 3696 dentem
3272 3658 3414 3713 apo-

1829 3732 1952 3785 stoli
2002 3741 2057 3786 et
2104 3731 2447 3804 evangelista
2482 3730 2737 3787 Matthxi.
2779 3731 2878 3787 llic
2928 3747 3089 3787 manu
3151 3735 3410 3804 praesulis

1830 3825 2075 3878 mittatur
2099 3824 2153 3878 in
2174 3825 2509 3880 benedictam
2530 3840 2744 3894 aquam,
2771 3841 2930 3894 quam
2953 3827 3079 3880 dum
3110 3834 3407 3897 sumpserit

1826 3917 2218 3979 dmmoniacus,
2249 3914 2518 3968 mirabilia
2557 3915 2647 3967 Dei
2691 3904 2914 3969 videbis.
2949 3915 3015 3970 Et
3050 3919 3164 3972 haec
3191 3920 3401 3984 dicens,

1829 4004 2080 4059 Rothdda
2112 4015 2387 4059 annuente
2413 4016 2470 4060 et
2497 4007 2828 4074 deposcente
2882 4018 2940 4062 ut
2976 4007 3152 4073 fieret,
3183 4011 3400 4064 dentem

1829 4094 2046 4164 praesuli
2082 4094 2196 4149 suis
2231 4096 2451 4150 tradidit
2493 4099 2770 4152 manibus.
2811 4097 2987 4154 Allata
3023 4100 3211 4172 itaque
3241 4116 3405 4171 aqua,

1829 4186 1972 4241 idem
2005 4187 2436 4256 prmsulsignuln
2467 4189 2644 4242 crucis
2673 4191 2862 4252 edidit,
2888 4191 3108 4244 dentem
3134 4193 3185 4245 in
3208 4210 3404 4263 aquam

1825 4282 1998 4337 misit.
2032 4282 2320 4348 ablataque
2352 4280 2536 4345 dente,
2573 4297 2769 4352 aquam
2799 4283 2895 4345 illi,
2923 4285 3014 4353 qui
3042 4285 3274 4356 maligno
3295 4289 3406 4355 spi-

1829 4377 1933 4427 ritu
1967 4375 2289 4437 vexabatur,
2329 4373 2527 4428 obtulit
2564 4377 2983 4444 comminanter,
3012 4393 3194 4448 atque,
3227 4390 3287 4435 ut
3319 4383 3395 4435 bi-

1829 4469 2002 4530 beret,
2027 4468 2337 4536 imperavit.
2364 4468 2478 4534 Qua
2502 4481 2738 4539 sumpta,
2767 4473 2968 4526 acriter
2994 4475 3176 4527 vexari
3212 4477 3402 4546 erepit.

142 4561 408 4615 restituit.
449 4563 616 4633 Rogat
672 4574 842 4632 pater,
881 4570 1004 4637 quis
1051 4570 1141 4635 sit,
1195 4582 1249 4626 et
1298 4590 1492 4633 munus
1527 4581 1708 4639 offert.
1757 4550 1798 4601 υ
1841 4563 1906 4617 Et
1945 4561 2069 4630 ⁴¹¹¹Ῐ³
2106 4561 2325 4629 ί¹¹ίί¹⁰¹¹⁵
2362 4563 2551 4623 hosus‘
2584 4577 2743 4616 sacro
2782 4564 3088 4620 "bsismmc
3123 4579 3276 4635 pom’
3312 4584 3405 4636 per

140 4654 238 4707 Ille
269 4662 448 4707 autem
483 4655 695 4724 placido
726 4660 872 4715 vuitu
907 4664 1189 4730 respondit
1216 4682 1230 4718 :
1269 4684 1286 4715 ι
1322 4667 1482 4725 Nullo
1514 4683 1607 4728 tuo
1638 4677 1723 4731 itt-

142 4745 307 4815 digco
357 4762 614 4814 munere;
661 4750 754 4804 sed
807 4752 964 4814 scias,
1019 4769 1103 4809 me
1149 4770 1270 4812 esse
1320 4766 1621 4830 aposmlum
1673 4779 1726 4826 et

142 4838 538 4906 evangelistam
566 4840 900 4908 Mattlmeum,
933 4848 1091 4914 cujus
1126 4865 1323 4919 corpus
1349 4855 1605 4914 hesterno
1635 4862 1723 4918 die

142 4930 432 4984 Salernum
471 4935 785 4989 translatum
805 4949 940 4991 est.»
979 4941 1043 4996 Et
1079 4946 1192 5000 haec
1222 4947 1430 5012 dicens,
1465 4953 1531 5006 ab
1553 4956 1722 5010 oculis

141 5024 269 5091 ejus
295 5024 504 5077 ablatus
535 5036 638 5080 est.
668 5025 1117 5099 Exspergefactus
1150 5038 1406 5096 Audratas
1441 5059 1562 5098 cum
1609 5064 1722 5101 ma-

141 5131 256 5182 gno
292 5125 522 5172 tremore
567 5134 718 5174 suam
748 5123 907 5178 tiliam
941 5127 1217 5195 requisivit
1247 5150 1259 5184 :
1287 5134 1380 5187 ‘sed
1411 5150 1528 5190 eam
1558 5139 1718 5194 saluti

136 5206 258 5273 jam
284 5210 563 5275 reperiens
584 5212 911 5276 restitutam,
941 5221 1082 5286 quod
1105 5221 1206 5274 sibi
1237 5222 1288 5275 in
1311 5227 1514 5281 somnis
1540 5239 1721 5284 osten-

144 5309 272 5346 sum
308 5295 504 5358 fuerat,
540 5301 775 5365 cunctis,
805 5305 893 5372 qui
925 5308 1172 5374 aderant,
1207 5317 1495 5367 enarravit.
1536 5319 1717 5374 Primo

141 5393 328 5438 autem
362 5387 602 5446 diluculo
637 5395 998 5450 venerabilem
1035 5402 1167 5454 adiit
1209 5403 1512 5472 praesulem,
1559 5412 1716 5480 eique

142 5475 395 5530 mirabile
431 5478 632 5535 factum
667 5487 920 5554 apostoli,
972 5493 1115 5557 quod
1150 5493 1200 5546 in
1248 5496 1350 5547 filia
1385 5498 1511 5566 ejus
1539 5475 1715 5570 patra-

138 5578 317 5629 verat,
343 5568 536 5624 ordine
568 5576 833 5630 recitavit.
866 5598 883 5629 ι
930 5579 1228 5639 Verisimile
1258 5599 1360 5651 est,
1388 5568 1590 5656 patrem
1624 5609 1715 5661 pro

138 5659 256 5713 lilia
290 5658 462 5728 pridie
487 5675 643 5730 epem
675 5679 845 5724 sancti
875 5670 1112 5725 Mattlmi
1146 5677 1466 5746 implorasse
1500 5699 1514 5735 :
1557 5684 1605 5738 id
1625 5658 1714 5738 ta-

135 5763 267 5802 men
305 5758 494 5803 auctor
523 5756 888 5820 praetermisit.

216 5843 300 5901 ἶῦ.
352 5866 371 5898 ι
415 5847 616 5903 Eodem
670 5860 908 5922 tempore
962 5859 1157 5913 mulier
1203 5863 1442 5932 quaedam
1493 5868 1703 5925 unicam

1836 4668 1896 4709 os
1927 4654 2074 4709 exire
2104 4669 2212 4706 non
2247 4655 2441 4717 valuit,
2473 4670 2593 4706 cum
2623 4655 2824 4725 ingenti
2875 4657 3070 4710 foetore
3103 4673 3198 4727 per
3223 4672 3406 4728 poste-

1830 4746 1970 4799 riora
1999 4759 2248 4814 egressus
2277 4755 2378 4802 cst.
2413 4744 2756 4814 Quapropter
2784 4759 2974 4801 omnes
3000 4748 3265 4803 Salvatori
3296 4752 3405 4806 Deo

1828 4839 2031 4906 pariter
2076 4837 2277 4905 gratias
2328 4836 2584 4900 retulere,
2632 4839 2720 4905 qui
2756 4854 2852 4906 per
2889 4842 3194 4906 apostolum
3241 4859 3402 4897 suum

1829 4931 1932 4984 tale
1984 4929 2238 4998 dignatus
2291 4938 2368 4982 est
2416 4931 2629 4996 operari
2683 4924 3028 4987 miraculum.
3073 4934 3403 4991 Athanasius

1825 5034 2001 5075 autem
2033 5022 2272 5082 dentem,
2301 5036 2463 5088 quem
2493 5020 2560 5073 ad
2584 5022 2968 5090 expellendum
3003 5025 3210 5077 hostem
3249 5026 3398 5078 mali-

1823 5131 1985 5186 gnum
2019 5114 2266 5175 dederat,
2316 5112 2633 5183 recolligere
2677 5126 2947 5183 satagens,
2983 5116 3166 5171 multis
3197 5118 3388 5174 frustra

1825 5206 2011 5263 elfusis
2080 5205 2358 5274 precibus,
2417 5219 2758 5272 nequaquam
2821 5206 2990 5259 valuit
3041 5207 3310 5263 obtinere.

1824 5301 2100 5354 Hactenus
2130 5299 2306 5368 priora
2343 5296 2606 5352 beneﬁcia
2635 5295 2996 5353 Salernitanis
3034 5300 3251 5355 collata.

1895 5406 1981 5461 73.
2027 5407 2085 5460 ln
2112 5417 2340 5473 utroque
2373 5418 2477 5458 ms.
2503 5402 2850 5475 subiungitur
2873 5406 3158 5461 translatio
3179 5408 3392 5464 brachii

1824 5501 2211 5560 Beneventum,
2242 5498 2310 5552 de
2339 5512 2448 5566 quo
2479 5505 2659 5552 tamen
2703 5497 2834 5550 nihil
2873 5499 3087 5568 reperio
3132 5502 3274 5570 apud
3306 5501 3393 5556 Vi-

1823 5608 2002 5662 peram
2023 5592 2264 5660 aliosque
2283 5592 2574 5659 scriptorcs
2600 5589 3030 5645 Bcneveutanos.
3054 5593 3193 5659 Quid
3215 5610 3390 5652 causa:

1821 5687 1910 5751 sit,
1951 5701 2164 5755 nequeo
2214 5684 2483 5743 divinare,
2537 5682 2637 5734 uisi
2691 5681 2850 5746 forte,
2904 5685 3050 5753 quod
3102 5686 3386 5742 brachium

1819 5776 1959 5831 istud
1997 5791 2103 5829 non
2155 5773 2246 5829 diu
2283 5774 2542 5829 manserit
2575 5772 2895 5830 Beneventi.
2931 5776 3269 5850 Subjungatn
3305 5790 3389 5836 ta-

1819 5886 1963 5935 men,
1997 5884 2116 5940 quzc
2143 5869 2197 5926 in
2223 5884 2352 5925 mss.
2384 5869 2618 5939 reperio,
2646 5884 2872 5940 quisque
2893 5885 2960 5925 ex
2994 5869 3184 5928 iisdem
3217 5872 3389 5928 etiam
