4156 6314
735 361 870 426 ~'19!)

1989 361 2270 422 MENSIS
2313 360 2599 418 SEPTEM
2615 361 2782 422 BER.
3921 361 4013 425 796

765 476 1042 533 enarravit
1085 476 1374 539 Marsilius.
1426 492 1525 547 cap
1579 477 1679 532 l0:
1739 497 1754 528 ε
1793 477 1926 532 Cum
1977 488 2161 532 autem
2198 476 2338 529 fama
2370 473 2414 530 Α
2447 475 2618 538 Quam
2653 474 2811 529 facile
2849 488 3028 530 autem
3078 476 3223 530 illius
3281 475 3526 545 corporis
3567 475 3842 531 memoria
3887 476 4013 529 inte-

767 571 933 639 Bignis
981 570 1367 639 miraculisque
1420 571 1578 641 longe
1627 571 1845 638 lateque
1902 569 2234 632 vulgaretur,
2285 575 2338 621 et

769 660 1120 728 Landulphus
1163 660 1575 715 Beneventanus
1598 663 1849 730 princeps
1873 661 2132 724 audisset,
2163 659 2339 713 Saler-

767 752 1015 805 nitanum
1035 752 1290 820 populum
1315 752 1611 807 beatissimi
1631 752 1865 807 Matthaei
1885 768 2102 822 corpus,
2124 753 2338 808 Christo

767 843 1025 906 donante,
1079 843 1379 911 possidere,
1434 859 1741 898 convocans
1785 859 1910 899 suos
1957 855 2234 914 magnates
2286 855 2340 898 et

768 933 1060 998 sapientes,
1112 932 1341 997 Scitote,
1381 934 1580 1004 inquit,
1616 950 1645 988 a
1682 935 1788 989 Deo
1817 936 2068 990 donatam
2105 936 2336 989 salutem

769 1021 1130 1078 Salernitanis
1162 1027 1474 1089 advenisse,
1532 1041 1734 1096 eosque
1766 1044 1968 1095 corpus
2007 1027 2338 1083 sanctissimi

767 1114 996 1182 apostoli
1024 1125 1078 1168 et
1109 1117 1458 1186 evangelista:
1494 1117 1756 1182 Matthxi,
1804 1119 1922 1188 ipso
1955 1120 2248 1177 revelante.
2285 1119 2337 1172 in

768 1202 1016 1259 Lucania:
1046 1206 1244 1263 ﬁnibus
1278 1220 1576 1278 repertum,
1607 1225 1732 1264 cum
1770 1210 1984 1281 hymnis
2012 1221 2064 1265 et
2089 1212 2338 1266 laudibus

766 1295 909 1349 intra
952 1298 1100 1352 urbis
1137 1315 1250 1354 sua:
1283 1301 1485 1354 [omnia
1513 1301 1828 1356 collocasse.
1865 1299 2036 1367 Unde,
2066 1303 2108 1356 si
2138 1304 2336 1371 placet,

763 1385 1167 1444 Salernitanum
1213 1392 1518 1460 principem
1571 1401 1735 1460 atque
1781 1393 2092 1461 pontificem
2137 1395 2338 1463 pariter

765 1477 1480 1548 obsecrandomandcmus,
1518 1492 1575 1537 ut
1606 1483 1674 1537 ad
1710 1485 1932 1537 tutelam
1961 1494 2163 1539 nostra:
2197 1500 2332 1554 quo-

765 1584 869 1637 que
901 1571 1138 1626 civitatis
1169 1589 1232 1627 ex
1280 1576 1470 1628 eodem
1500 1575 1846 1630 sanctissimo
1878 1593 2101 1647 corpore
2133 1589 2338 1647 partem

764 1660 994 1727 aliquam
1023 1664 1197 1734 largiri
1227 1666 1536 1736 dignentur.
1567 1669 1672 1720 Illis
1691 1673 1873 1722 autem
1901 1670 2168 1738 principis
2191 1671 2333 1724 dicta

767 1752 1147 1821 probantibus,
1187 1758 1338 1812 missi
1367 1769 1497 1813 sunt
1528 1760 1778 1826 protinus
1827 1761 2066 1815 illustres
2106 1763 2201 1815 viri
2238 1761 2338 1818 Sa-

763 1843 1000 1910 lernum,
1054 1851 1234 1919 magni
1281 1852 1525 1906 muneris
1577 1870 1764 1923 preces
1813 1855 2144 1910 humillimas
2194 1857 2341 1912 defe-

765 1945 968 1990 rentes.
1017 1938 1164 2004 Quos
1214 1941 1470 2012 princeps
1515 1954 1568 1998 et
1613 1945 1854 2014 pontifex
1893 1947 2123 2016 benigne
2169 1951 2346 2004 susci-

768 2026 1004 2093 pientes,
1035 2040 1196 2099 atque
1229 2047 1416 2086 eorum
1457 2036 1811 2102 petitionibus
1856 2049 2184 2104 annuentes,
2222 2040 2342 2094 bra-

765 2117 949 2170 cbium
997 2121 1103 2173 illis
1155 2125 1297 2176 sacri
1333 2128 1580 2193 corporis
1627 2144 1840 2181 summa
1873 2146 1996 2183 cum
2035 2135 2339 2186 reverentia

768 2211 986 2266 tradunt
1019 2215 1132 2267 suis
1184 2217 1501 2273 concivibus
1527 2220 1906 2281 deferendum.
1939 2225 2061 2288 Quo
2093 2239 2338 2295 accepto,

767 2300 1059 2368 plurimum
1132 2309 1492 2376 gratulantes,
1545 2312 1949 2382 immensasque
2001 2317 2109 2370 Deo
2180 2328 2341 2386 atque

767 2397 1012 2460 apostolo
1031 2397 1231 2452 Christi
1255 2402 1456 2468 gratias
1476 2402 1798 2465 referentes,
1821 2406 2341 2478 iucomparabilique

767 2482 911 2536 dono
943 2487 1328 2556 tripudiantes,
1380 2491 1753 2550 Beneventum
1801 2501 2020 2554 concito
2053 2504 2221 2572 gradu
2257 2520 2342 2558 rc-

764 2576 934 2640 gressi
983 2589 1132 2632 sunt.
1187 2579 1293 2635 Sed
1340 2593 1637 2653 antequam
1674 2589 1820 2642 urbis
1866 2592 2138 2647 mcenibns
2169 2596 2340 2664 appli-

765 2665 1027 2728 cuisseut,
1059 2670 1196 2724 idem
1234 2674 1485 2744 princeps
1530 2687 1583 2731 et
1611 2679 1928 2750 episcopus.
1974 2686 2064 2752 qui
2102 2695 2230 2738 rune
2258 2689 2340 2739 ei-

766 2755 888 2808 tiem
921 2758 1125 2815 civitati
1159 2776 1451 2832 praeerant,
1483 2785 1607 2823 cum
1637 2772 1784 2824 omni
1824 2775 2024 2842 populo
2054 2777 2339 2845 utriusque

768 2861 929 2903 sexus
982 2861 1037 2905 et
1085 2857 1260 2910 aetatis
1294 2859 1374 2911 eis
1423 2860 1638 2914 obviam
1686 2864 1956 2930 exierunt,
2007 2877 2168 2937 atque
2216 2887 2337 2925 cum

771 2939 987 3009 hymnis
1016 2956 1070 3000 et
1112 2947 1364 3004 laudibus
1394 2953 1534 3006 sacri
1564 2957 1810 3024 corporis
1839 2959 2124 3013 brachium
2167 2965 2337 3016 hono-

767 3037 1007 3093 rabiliter
1033 3045 1450 3110 transtulerunt,
1483 3059 1648 3117 atque
1676 3051 1815 3104 intra
1843 3053 1993 3106 urbis
2020 3057 2219 3109 rncenia
2252 3073 2334 3111 re-

768 3139 1020 3182 verenter
1049 3133 1404 3189 collocarunt.
1440 3157 1457 3189 ι

842 3219 926 3274 76.
970 3222 1061 3278 His
1083 3226 1300 3281 additur
1327 3230 1668 3299 beneﬁcium,
1705 3236 1847 3304 quod
1881 3239 2158 3308 accepisse
2193 3258 2340 3297 asse-

771 3311 906 3365 ritur
945 3315 1297 3388 Landulphus
1330 3339 1695 3394 cognomento
1743 3329 1987 3394 Graecus,
2034 3334 2127 3400 qui
2164 3334 2334 3388 liene-

773 3406 915 3459 venti
948 3423 1164 3464 carcere
1195 3423 1311 3466 erat
1344 3416 1607 3477 reclusus,
1640 3430 1694 3471 et
1722 3422 1975 3473 manibus
2007 3424 2340 3492 pedibusque

773 3494 1006 3548 vinctus.
1046 3497 1177 3550 Dum
1209 3505 1355 3554 enim
1382 3505 1634 3560 audiebat
1663 3510 1878 3563 sonitus
1906 3510 2151 3580 festivos,
2187 3516 2344 3570 intel-

774 3580 1074 3657 Iigebatque
1103 3605 1197 3646 eos
1232 3593 1317 3646 edi
1365 3595 1435 3650 ob
1464 3598 1687 3652 allatum
1725 3605 1898 3659 sancti
1948 3606 2182 3663 Matthxi
2221 3610 2343 3664 bra-

771 3673 979 3738 chium,
1048 3678 1224 3734 eidem
1274 3698 1465 3739 saneto
1523 3703 1582 3741 se
1631 3694 2057 3755 commendavit.
2115 3709 2169 3749 et
2219 3716 2340 3752 mox

773 3767 952 3819 omnia
990 3769 1201 3824 vincula
1233 3787 1330 3826 sua
1377 3775 1593 3848 dirupta
1632 3780 1784 3844 vidit,
1833 3785 2155 3839 mirantibus
2198 3804 2342 3841 cun-

775 3855 898 3914 ctis.
945 3857 1036 3926 qui
1085 3861 1333 3920 aderant.
1391 3885 1410 3918 ι
1448 3868 1692 3939 Cumque
1741 3873 1844 3928 hoc
1883 3877 2112 3946 principi
2155 3878 2346 3935 fuisset

777 3947 1025 4011 relatum,
1057 3952 1232 4022 inquit
1257 3968 1471 4019 auctor,
1504 3977 1630 4015 eum
1661 3965 1816 4020 ocius
1841 3967 1906 4021 de
1938 3984 2156 4024 carcere
2187 3973 2341 4026 educi

776 4041 1071 4103 mandavit,
1123 4055 1284 4114 atque
1327 4058 1455 4106 ante
1501 4069 1659 4107 suum
1697 4068 2050 4125 conspectum
2097 4065 2290 4120 adduci
2328 4084 2342 4120 :

773 4147 934 4199 quem
981 4139 1194 4204 placitis
1227 4155 1540 4212 correptum
1581 4149 1759 4204 verbis
1787 4166 1887 4204 suo
1917 4155 2204 4210 confestim
2246 4161 2346 4213 ho-

775 4240 891 4279 nori
927 4233 1180 4298 restituit,
1203 4237 1598 4310 pristinatnque
1624 4243 1700 4299 illi
1727 4247 1954 4315 gratiam
1983 4250 2288 4305 redonavit.
2323 4271 2341 4303 ι

775 4315 1046 4376 Hactenus
1067 4337 1256 4379 auctor
1283 4343 1608 4399 anonymus,
1641 4336 1732 4402 qui
1761 4337 2130 4393 verisitniliter
2160 4341 2346 4397 floruit

777 4415 977 4467 saeculo
1010 4431 1062 4476 ι.
1118 4433 1241 4472 cum
1278 4421 1415 4476 nihil
1473 4424 1647 4480 tradat
1678 4426 1746 4481 de
1791 4427 1879 4490 iis.
1926 4447 2045 4499 qua:
2095 4438 2341 4504 sequenti

2446 567 2552 618 rire
2583 567 2817 634 potuerit
2849 567 2902 620 in
2935 565 3197 631 Lucania,
3235 569 3322 622 ubi
3365 570 3679 636 depositum
3735 569 3920 621 fuerat
3968 569 4010 618 in

2442 657 2672 710 ecclesia
2708 674 2874 727 prope
2933 661 3191 721 Pazstum,
3228 659 3500 713 civitatem
3532 660 3746 713 bellicis
3784 659 4016 712 molibus

2443 761 2670 814 prorsus
2701 749 2955 811 dirutam,
3006 751 3149 802 clare
3205 750 3596 818 perspiciemus
3653 765 3717 802 ex
3763 751 3848 812 iis,
3913 765 4017 816 qum

2443 840 2690 906 sequenti
2726 841 2923 894 sreculo
2950 842 3293 909 contigerunt
3317 841 3369 893 in
3406 841 3521 909 ipsa
3563 842 3790 894 civitate
3843 841 4015 894 Saler-

2443 929 2650 992 nitana,
2681 930 2770 983 ubi
2803 931 3051 984 similiter
3074 932 3246 998 primo
3283 932 3380 983 fuit
3409 931 3687 986 oblivione
3716 933 4012 999 perditum,

2442 1037 2503 1074 ac
2535 1034 2721 1091 postea
2748 1022 2979 1076 feliciter
3015 1024 3314 1077 inventum.
3349 1024 3617 1076 Baronius
3675 1023 3745 1076 ad
3818 1040 4016 1076 annum

2444 1113 2582 1168 1080
2615 1129 2681 1167 ex
2714 1115 3032 1182 conjectura
3090 1115 3480 1168 verisimillima
3535 1116 3690 1180 dicit,
3755 1116 3830 1169 ob
3888 1120 4018 1168 varia

2441 1207 2706 1261 bellorum
2741 1207 3057 1261 discrimina
3085 1207 3416 1261 occultatum
3450 1206 3638 1270 fuisse,
3696 1217 3777 1270 ct,
3816 1219 3872 1258 ut
3910 1225 4021 1259 crc-

2441 1299 2601 1363 didit,
2632 1317 2696 1354 ex
2758 1300 3036 1354 hominum
3080 1303 3339 1353 memoria
3405 1300 3510 1368 jam
3557 1300 3876 1360 efﬂuxerat,
3939 1301 4019 1352 sed

2446 1390 2563 1443 fere
2587 1391 2759 1444 solum
2786 1391 3001 1460 ignotus
3022 1401 3135 1444 erat
3171 1391 3342 1454 locus,
3364 1391 3449 1444 tibi
3479 1391 3656 1444 fuerat
3678 1392 4019 1458 depositura.

2445 1481 2557 1534 Hoc
2580 1491 2761 1536 autem
2818 1497 2921 1533 non
2949 1496 3071 1533 raro
3101 1482 3326 1550 contigit
3356 1482 3420 1535 de
3455 1482 3574 1535 aliis
3618 1497 3850 1550 quoque
3906 1499 4022 1533 san-

2443 1581 2651 1626 ctorum
2685 1572 3027 1641 corporibus,
3061 1586 3179 1639 qua:
3209 1571 3400 1624 timore
3429 1572 3700 1634 nimio,ne
3735 1573 4025 1624 εὶιΙῘΘΓΓιῚΙο

2446 1674 2533 1717 tur
2571 1680 2598 1717 a
2633 1681 2927 1735 quoquam,
2964 1665 3208 1733 deposita
3239 1663 3456 1718 fuerant
3512 1665 3632 1717 loco
3672 1667 3875 1734 paucis
3942 1683 4027 1718 ro~

2444 1757 2614 1825 gnito,
2650 1768 2702 1811 ct
2726 1759 2803 1812 sic
2821 1766 2915 1811 aut
2941 1758 3109 1811 multo
3143 1767 3386 1828 tempore
3409 1757 3682 1810 latuerunt
3719 1759 4021 1815 autetiam—

2446 1864 2572 1902 nnm
2603 1849 2790 1904 latent.

2515 1942 2601 1994 '78.
2629 1941 2850 1996 Certum
2869 1956 3083 2010 quoque
3105 1951 3208 2004 est,
3233 1951 3474 2011 tempore
3500 1939 3559 1994 S.
3588 1941 3850 2012 Gregorii
3872 1940 4024 2010 Papa:

2444 2031 2530 2085 Vll
2567 2033 2844 2086 inventum
2888 2033 3055 2086 fuisse
3080 2032 3290 2085 Salerni
3324 2047 3520 2101 corpus
3546 2036 3724 2088 sancti
3763 2032 4023 2096 Matthxi,

2445 2134 2498 2178 et
2531 2125 2825 2179 secundam
2871 2125 3010 2178 hanc
3068 2140 3189 2178 esse
3253 2125 3622 2178 inventionem
3682 2127 3831 2179 sacri
3887 2127 4026 2180 illius

2448 2219 2689 2271 thesauri
2756 2219 2808 2270 in
2875 2233 3041 2286 regno
3115 2216 3488 2285 Neapolitano,
3564 2217 3691 2270 licet
3755 2216 4026 2272 Marsilius

2446 2324 2567 2374 t'ap.
2598 2310 2627 2360 9
2662 2307 2956 2360 secundam
2993 2309 3366 2360 inventionem
3407 2322 3530 2360 cum
3567 2308 3742 2376 prima
3787 2309 4026 2362 confan-

2446 2398 2556 2452 dat.
2598 2400 2810 2450 Annum
2847 2399 3182 2453 inventionis
3238 2400 3493 2454 secundae
3551 2400 3747 2453 nullibi
3784 2403 4028 2470 assigna-

2445 2501 2554 2545 tum
2589 2491 2824 2546 invenio.
2861 2493 2931 2544 At
2961 2507 3109 2556 cum,
3154 2494 3490 2560 temporibus
3516 2491 3768 2561 Gregorii
3801 2493 3915 2555 VII,
3945 2498 4024 2544 Al-

2441 2583 2605 2653 phaui
2624 2583 3016 2650 archiepiscopi
3038 2582 3384 2643 Salernitani,
3413 2592 3468 2636 et
3489 2581 3784 2634 Salernum
3805 2593 4024 2636 tenente

2443 2673 2679 2726 ltoberto
2710 2672 3026 2733 Guiscardo,
3075 2672 3212 2724 facta
3237 2672 3306 2725 sit
3336 2671 3422 2724 illa
3451 2671 3713 2736 inventio,
3745 2676 4028 2743 utrolligit

2442 2781 2504 2818 ex
2543 2765 2739 2818 litteris
2792 2764 3118 2835 Gregoriiad
3156 2765 3465 2833 Alphanum
3505 2781 3629 2820 mox
3696 2768 4023 2831 recitandis,

2443 2873 2551 2911 non
2587 2866 2765 2924 potest
2785 2857 2939 2926 longe
2969 2857 3156 2912 abesse
3185 2859 3254 2912 ab
3282 2873 3431 2912 anno
3462 2858 3620 2922 I080,
3643 2877 3756 2929 quo
3792 2862 4024 2915 refertur

2443 2965 2470 3002 a
2501 2948 2756 3002 Baronio.
2795 2948 2926 3003 Nam
2977 2965 3118 3005 anno
3168 2950 3302 3005 1οη
3367 2950 3652 3005 Salernum
3702 2970 3732 3006 a
3789 2954 4029 3008 Rohcrto

2443 3041 2743 3097 Guiscardo
2809 3057 3130 3112 occupatum
3205 3044 3476 3098 existimat
3551 3046 3912 3110 Muratorins,
3978 3050 4026 3100 in

2370 3152 2411 3206 ο
2447 3137 2744 3187 Annalibus
2779 3136 2976 3197 Italiw,
3019 3136 3082 3189 ad
3127 3151 3329 3189 annum
3382 3137 3536 3190 1077.
3591 3135 3696 3189 Alii
3756 3138 3824 3190 ad
3896 3139 4028 3192 10ῗὸ

2445 3237 2538 3280 aut
2587 3228 2722 3282 1076
2758 3229 2905 3282 illius
2955 3229 3190 3282 civitatis
3237 3229 3698 3298 expugnationem
3759 3229 4026 3282 referunt.

2445 3323 2596 3378 Obiit
2626 3338 2807 3376 autem
2867 3324 3117 3376 laudatus
3174 3323 3439 3375 liobertus
3470 3339 3614 3374 anno
3660 3323 3821 3379 1085,
3859 3325 3936 3376 uti
3983 3337 4029 3376 ει

2445 3415 2739 3484 Gregorius
2803 3415 2912 3480 VII,
2978 3417 3086 3469 imo
3139 3426 3193 3468 et
3239 3416 3522 3484 Alphanus
3574 3417 4029 3484 archiepiscoluns

2446 3508 2750 3560 secundum
2789 3505 3094 3576 Ughcllum.
3128 3507 3376 3561 Iuventio
3407 3507 3572 3578 igitur
3613 3517 3773 3561 certo
3800 3512 4025 3580 contigit

2448 3601 2587 3654 inter
2617 3615 2817 3652 annum
2857 3601 2986 3653 10ῖό
3015 3613 3067 3655 ct
3104 3603 3263 3664 1085,
3299 3602 3550 3669 ideoque.
3587 3611 3646 3653 ut
3703 3602 4021 3662 minimum,

2447 3704 2665 3747 centum
2707 3704 2762 3746 et
2802 3695 2987 3763 viginti
3023 3697 3181 3750 anuis
3225 3707 3345 3763 post
3379 3695 3632 3764 primam,
3669 3705 3724 3746 ut
3763 3695 3920 3746 nulla
3959 3711 4028 3744 ia-

2449 3785 2593 3837 tione
2624 3799 2744 3837 cum
2765 3786 2855 3838 illa
2879 3787 3141 3839 confundi
3177 3788 3373 3841 valeat.
3408 3787 3572 3839 [tecte
3637 3787 3811 3856 igitur
3846 3790 4031 3842 ambas

2448 3879 2795 3936 inventiones
2828 3877 3118 3949 distinguit
3147 3876 3353 3947 Gaspar
3383 3877 3562 3930 Musca
3600 3880 3654 3928 in
3689 3879 4030 3947 Competith

2446 3973 2512 4027 de
2549 3974 2668 4028 Vita
2734 3985 2789 4030 et
2839 3970 3292 4027 translationibus
3349 3969 3520 4024 sancti
3569 3968 3822 4022 Muttb'J-i
3869 3981 3927 4023 et
3985 3973 4028 4020 in

2447 4067 2882 4135 archiepiscopis
2911 4064 3299 4119 Salernitanis.

2521 4159 2608 4211 79.
2636 4157 2872 4224 Epistola
2900 4154 2958 4207 S.
2987 4153 3233 4223 Gregorii
3283 4151 3394 4216 VII,
3437 4167 3498 4203 ex
3559 4167 3667 4219 qua
3717 4152 3837 4220 jam
3896 4155 4029 4206 dicta

2449 4249 2801 4317 colliguntur,
2836 4245 2982 4314 apud
3013 4243 3303 4296 Baronium
3345 4243 3409 4294 ad
3441 4256 3647 4293 annum
3693 4243 3840 4296 1080
3904 4245 4030 4297 reci.

2453 4347 2599 4394 tatur
2632 4338 2733 4391 hoc
2789 4336 2948 4390 modo
3004 4350 3018 4387 :
3065 4351 3084 4385 ι
3145 4331 3440 4404 Gregorius
3491 4330 3798 4400 episc0pus
3850 4349 4029 4387 servus

2452 4444 2735 4486 servorum
2767 4428 2861 4483 Dei
2887 4427 3043 4483 fratri
3073 4435 3129 4481 et
3163 4426 3492 4496 coepiscopo
3525 4422 3900 4480 Salernitano
3941 4428 4028 4477 Al-

778 4507 976 4560 szeculo
1009 4509 1144 4564 facta
1173 4513 1513 4581 videbimus;
1545 4517 1655 4571 imo
1692 4520 2049 4576 vehementer
2078 4501 2343 4595 suspicor,
2377 4501 2421 4557 Ι)
2453 4528 2630 4596 phano
2653 4525 2882 4579 salutem
2924 4531 2980 4576 et
3013 4520 3368 4588 apostolicam
3429 4517 3914 4572 benedictionem.
3952 4518 4029 4569 Di-

776 4609 883 4649 non
922 4601 1087 4652 alium
1120 4617 1242 4657 esse
1282 4607 1350 4659 ab
1379 4620 1651 4678 anonymo
1692 4609 2059 4676 Salernitano,
2094 4619 2185 4685 qui
2223 4634 2346 4672 ver-

777 4685 862 4739 bis
895 4704 1046 4790 num.
1081 4689 1150 4746 65
1179 4693 1320 4750 datis
1362 4702 1431 4751 de
1465 4699 1614 4755 hisce
1657 4703 1881 4759 uberius
1928 4722 1986 4764 se
2017 4709 2342 4778 scripturum

779 4792 1050 4844 promisit.

774 4935 802 5004 ς
837 4937 919 4992 γι.
949 4938 1147 5013 Corpus
1175 4945 1362 4998 iterum
1406 4949 1666 5002 inventum
1694 4949 1930 5013 Salerni.
1966 4966 2014 5008 et
2044 4961 2113 5010 ad
2162 4977 2345 5013 novam

888 5012 1159 5066 ecclesiam
1188 5017 1525 5072 translatum.
1571 5019 1728 5074 Varia
1757 5012 1940 5076 Sancti
1970 5030 2230 5096 beneﬁcia.

859 5151 951 5204 77.
981 5151 1297 5222 Quanquam
1333 5171 1441 5209 non
1484 5158 1616 5212 satis
1653 5161 1922 5220 novimus.
1951 5180 2058 5230 quo
2110 5175 2349 5234 tempore

783 5251 878 5297 aut
905 5244 1061 5311 cujus
1083 5261 1243 5312 opera
1273 5263 1470 5318 corpus
1502 5251 1682 5306 sancti
1709 5252 1942 5308 Matthaei
1977 5258 2027 5308 in
2055 5257 2347 5313 Lucaniam

784 5333 953 5388 fuerit
995 5335 1260 5400 dclatmn,
1303 5339 1431 5394 illud
1490 5349 1667 5396 tamen
1705 5344 1904 5398 ibidem
1955 5361 2098 5400 anno
2131 5347 2236 5400 954
2270 5349 2349 5400 in-

788 5437 1033 5491 ventum,
1065 5442 1121 5484 et
1172 5431 1459 5486 Salernum
1492 5449 1657 5504 Opera
1710 5436 1958 5507 Gisulplii
2007 5441 2268 5508 principis
2299 5452 2351 5495 et

783 5520 1075 5576 Bernardis
1104 5527 1346 5595 episcopi
1365 5525 1691 5582 Salernitani
1716 5529 2031 5584 translatum
2053 5535 2350 5600 scriptores

786 5625 1055 5668 testantur
1093 5626 1199 5669 tam
1251 5618 1480 5687 antiqui,
1511 5621 1768 5674 nimirum
1811 5623 2128 5693 Anonymus
2174 5627 2351 5678 Saler-

787 5708 1022 5771 nitanus,
1054 5711 1144 5778 qui
1180 5712 1288 5766 fere
1325 5715 1514 5768 eodem
1569 5717 1766 5771 vixisse
1822 5728 2063 5788 tempore
2117 5721 2345 5783 videtur,

787 5812 837 5854 et
880 5798 983 5855 Leo
1015 5801 1300 5870 Ostiensis,
1363 5817 1420 5861 ut
1451 5806 1608 5861 ﬁdem
1639 5808 1704 5864 iis
1741 5825 1936 5882 negare
1991 5828 2342 5882 nequeamus.

2450 4616 2588 4669 vitia:
2618 4614 2836 4683 pietatis
2867 4610 3136 4680 respectui
3174 4610 3376 4678 gratias
3407 4608 3662 4676 ingentes
3713 4611 4029 4663 referimus.

2448 4707 2606 4776 cuius
2645 4702 2890 4775 dignatio
2922 4702 3241 4756 thesaurum
3282 4713 3539 4768 magnum
3567 4699 3787 4762 totique
3833 4707 4030 4754 mundo

2448 4799 2794 4870 profuturum
2831 4799 3032 4850 nostris
3069 4794 3408 4863 temporibus
3451 4793 3899 4847 misericorditer
3958 4811 4032 4847 re-

2448 4893 2668 4948 velavit.
2721 4889 2836 4946 Non
2865 4889 3137 4943 immerito
3167 4898 3275 4940 tua:
3320 4899 3540 4954 quoque
3571 4886 3868 4938 dilectioni
3910 4904 4029 4954 gn-

2449 4987 2706 5047 tulamur,
2733 4998 2854 5052 quae
2886 4989 3048 5035 tanta:
3069 4977 3272 5032 laetitiae
3300 4977 3516 5032 caelitus
3563 4991 3758 5029 revera
3804 4991 4032 5031 ostensa

2453 5077 2746 5145 participes
2783 5090 2881 5128 nos
2934 5073 3148 5127 eﬂicere
3179 5069 3413 5125 sollicite
3463 5071 3818 5139 procuravit.
3849 5072 4034 5125 Credw

2453 5183 2572 5221 mus
2605 5167 2873 5236 siquidem
2923 5173 2977 5220 et
3007 5165 3387 5217 incunctanter
3415 5161 3743 5222 asserimus,
3797 5163 3871 5217 de
3904 5173 4030 5216 tanu

2451 5260 2695 5329 corporis
2733 5257 3046 5312 inventione
3079 5270 3186 5309 non
3218 5255 3393 5308 solum
3427 5253 3608 5322 ipsum
3640 5253 3876 5308 beatum
3906 5256 4034 5308 Mat-

2455 5355 2652 5407 thaeum
2678 5352 3006 5422 apostolum,
3044 5364 3232 5401 verum
3267 5347 3432 5401 etiam
3475 5355 3710 5399 caeteros
3738 5362 4032 5417 coapostn-

2454 5447 2533 5498 los
2557 5461 2679 5498 cum
2708 5443 2926 5497 Sanctis
2957 5441 3212 5493 omnibus
3255 5439 3498 5507 ipsisque
3547 5437 3882 5492 cmlestibus
3917 5443 4032 5507 spi-

2457 5538 2674 5600 ritibus,
2700 5545 2753 5588 et
2783 5534 3016 5605 gloriosa
3052 5531 3442 5584 DciGenitrice
3477 5529 3668 5591 Maria,
3705 5535 4033 5584 mortalilnn

2457 5629 2822 5696 congaudere,
2860 5636 3020 5692 atque
3049 5623 3289 5692 ipsorum
3334 5622 3580 5674 omnium
3639 5624 3831 5675 studia
3897 5625 4035 5675 circa

2457 5723 2752 5774 humanum
2789 5734 2958 5789 genus
2997 5718 3096 5769 hoc
3145 5726 3411 5785 tempore,
3443 5730 3608 5783 quam
3658 5715 3807 5775 aliis,
3869 5716 4035 5767 multo

2460 5813 2808 5883 prepensiora
2875 5809 3215 5878 multumque
3305 5822 3425 5861 esse
3523 5807 3914 5863 uberantiora.
3983 5806 4032 5858 ει
