4156 6314
189 393 297 456 797

188 505 339 562 enim
419 505 627 560 caeteris
699 506 1037 575 temporibus

190 600 423 656 trociuia
474 600 562 669 pia
618 613 727 653 non
779 600 1074 664 deserunt;
1128 598 1435 654 certissime.
1500 605 1636 649 tunc
1675 610 1772 664 po.

190 693 464 747 tissimum
497 692 766 761 speranda
799 701 927 745 sunt
962 705 1153 746 eorum
1209 689 1432 752 auxilia,
1477 704 1604 743 cum
1642 703 1775 741 san-

187 784 440 839 ctissima
474 799 664 838 eorum
689 798 920 852 corpora
951 783 1108 838 nobis
1142 783 1298 851 quasi
1329 781 1573 836 rediviva
1591 781 1779 834 divino

191 887 334 930 nutu
375 876 829 930 manifestantur:
861 887 917 930 et
953 877 1096 931 sicut
1120 891 1219 946 per
1250 876 1499 944 corporei
1521 883 1779 944 aspectus

191 968 460 1022 intuitum
514 978 772 1037 tanquam
830 967 964 1022 fides
1031 968 1302 1034 cernitur,
1359 982 1486 1035 spes
1535 968 1646 1037 jam
1699 978 1782 1020 te-

191 1070 400 1125 netur;
457 1061 529 1114 ita
577 1076 766 1115 eorum
840 1059 1104 1114 beneficia
1164 1069 1294 1115 tunc
1367 1074 1494 1128 erga
1553 1059 1778 1112 devotos

192 1156 473 1218 renovari,
522 1154 855 1223 uberiusque
910 1154 1220 1207 redundare
1287 1152 1622 1207 credendum
1669 1162 1775 1207 est.

193 1245 350 1301 Unde
411 1247 575 1301 etiam
635 1257 826 1300 sancta
884 1246 1210 1301 universalis
1260 1245 1524 1306 Ecclesia,
1566 1245 1770 1299 dudum

191 1337 410 1406 magnis
438 1335 745 1391 turbinibus
777 1334 1049 1404 variisque
1077 1335 1332 1403 procellis
1365 1334 1621 1404 impulsa,
1657 1333 1773 1388 cla-

196 1444 407 1482 morem
433 1443 590 1483 suum
622 1444 650 1482 a
685 1428 1254 1484 Domino‘exauditum
1281 1444 1388 1483 non
1420 1427 1654 1493 dubitet,
1676 1429 1772 1484 sed

192 1523 264 1574 ad
296 1521 465 1591 quieti
499 1521 698 1575 littoris
731 1522 1084 1576 securitatem
1116 1523 1328 1577 alacres
1384 1523 1575 1578 oculos
1637 1536 1667 1577 e
1696 1522 1776 1576 vi-

191 1615 322 1668 cino
357 1615 668 1677 intendens,
697 1615 839 1669 beati
874 1615 1109 1669 Matthaei
1176 1616 1406 1685 apostoli
1458 1616 1772 1685 praesidiarii

187 1707 346 1775 juxta
383 1709 822 1777 contempletur:
852 1709 1111 1778 quoniam
1143 1709 1254 1775 jam
1293 1724 1440 1763 nunc
1469 1723 1577 1761 non
1613 1708 1776 1763 dubie

189 1799 306 1867 agit
346 1800 398 1852 in
431 1808 610 1869 portu,
640 1802 723 1853 cui
760 1815 909 1853 suam
941 1802 1286 1868 praesentiam
1314 1801 1552 1854 ostendit
1573 1801 1773 1871 guber-

1489 395 1657 453 Vl'I‘A
1702 395 1761 452 S.
1799 393 2184 452 ΜΑΤΤΗᾹΞΙ.

1135 516 1448 561 sanctorum
1533 521 1634 559 nos
1685 519 1776 573 pa-
1811 510 1853 563 Α
1886 506 2074 558 venire
2103 519 2166 558 ac
2201 503 2391 574 primis
2423 504 2680 572 Vesperis
2709 519 2808 558 nec
2844 518 2952 559 non
2983 502 3164 557 missae
3225 502 3457 559 solemni

3348 390 3454 457 798

1885 597 2287 668 pontificalibus
2346 598 2520 652 induti
2577 601 2861 660 interesse,
2948 606 3094 650 certa
3180 597 3458 666 proposita

1884 705 2041 760 poena
2073 701 2354 745 tenentur.
2393 689 2550 755 Quod
2585 701 2640 745 et
2661 691 2781 744 sine
2811 690 3236 758 ,intermissione
3266 691 3460 746 hacte-

1886 797 1991 836 nus
2019 782 2437 850 diligentissime
2472 792 2746 836 scrvatuni
2779 791 2889 845 est,
2923 791 2978 836 et
3008 782 3228 836 assidue
3270 796 3460 836 serva-

1884 885 1991 932 tur.
2039 897 2057 928 ι
2089 876 2214 931 Post
2240 876 2354 930 hazc
2390 876 2642 930 laudatus
2672 887 2864 930 auctor
2896 876 3074 942 vergit
3128 876 3193 930 ad
3246 874 3457 930 descri-

1885 969 2125 1038 ptionem
2151 967 2389 1039 regionis
2428 967 2856 1030 Picentinorum,
2885 977 2940 1021 et
2969 965 3122 1020 urbis
3159 964 3460 1020 Salernita—

1883 1073 1988 1124 naa,
2027 1074 2147 1128 quae
2168 1058 2288 1127 ejus
2314 1065 2395 1111 est
2431 1057 2750 1126 metropolis
2784 1058 2849 1110 ad
2909 1071 3058 1110 mare
3110 1054 3456 1126 Tyrrhenum

1881 1158 1935 1202 et
1968 1148 2151 1201 sinum
2197 1148 2606 1201 Salernitanum
2659 1147 2780 1201 sita.
2834 1146 2970 1200 Tum
3037 1144 3298 1213 templum
3341 1144 3457 1214 jam

1877 1240 2110 1301 dictum,
2142 1239 2290 1308 quod
2338 1238 2819 1308 metropolitanum
2861 1246 2967 1300 est,
3022 1236 3130 1290 late
3175 1234 3456 1298 describit,

1879 1331 2122 1400 illudque
2147 1331 2368 1385 aitesse
2416 1329 2770 1400 longitudinis
2819 1344 3076 1398 passuum
3139 1327 3458 1398 nonaginta,

1881 1423 2184 1479 latitudinis
2239 1437 2370 1477 vero
2427 1422 2672 1492 triginta,
2711 1430 2766 1476 et
2809 1421 2971 1491 justa:
3031 1420 3223 1475 itidem
3275 1418 3460 1474 altitu-

1880 1519 2046 1575 diuis.

1952 1613 2040 1668 81.
2073 1613 2329 1684 Cryptam
2360 1613 2546 1684 templi
2588 1613 3031 1674 subterraneam,
3061 1610 3117 1665 in
3153 1623 3255 1678 qua
3283 1605 3458 1676 depo-

1879 1707 2042 1761 situm
2075 1717 2158 1761 est
2187 1724 2386 1776 corpus
2439 1706 2614 1762 sancti
2655 1706 2913 1769 Matthari,
2970 1703 3221 1759 similiter
3251 1701 3458 1755 descri-

1878 1800 1979 1864 bit,
2012 1799 2154 1853 etde
2179 1814 2410 1869 corpore
2431 1799 2502 1852 ibi
2534 1807 2752 1851 servato
2773 1799 2847 1856 ita
2905 1795 3167 1865 loquitur,
3201 1807 3322 1861 pag.
3363 1790 3451 1844 80:

193 1903 356 1947 nator
384 1891 665 1958 antiquus.
695 1889 1042 1960 Quapropter
1069 1892 1136 1946 de
1167 1891 1300 1945 tanti
1339 1893 1583 1946 thesauri
1615 1909 1768 1948 reve-
1807 1886 1844 1941 Β
1881 1911 1901 1944 ι
1939 1891 2044 1946 Sed
2087 1880 2234 1959 quod
2284 1901 2368 1944 est
2399 1891 2453 1944 in
2486 1892 2599 1959 ipsa
2635 1897 2821 1958 crypta
2864 1885 3251 1945 venerabilius,
3287 1890 3342 1935 et
3389 1894 3452 1933 ex

192 1983 401 2037 latione
435 1994 528 2037 tua
571 1983 883 2038 fraternitas
923 1985 1157 2040 exsultet
1186 1987 1237 2038 in
1274 1984 1522 2049 Domino,
1558 1997 1613 2041 et
1647 1988 1772 2041 bea-

194 2074 445 2131 tissimas
510 2075 770 2145 reliquias
811 2077 1009 2132 debita:
1060 2079 1431 2133 venerationis
1490 2079 1773 2149 obsequiis

194 2168 382 2238 dignis
441 2169 798 2238 ampleclens,
843 2171 1142 2241 gloriosum
1204 2169 1399 2224 ducem
1450 2169 1770 2238 Robertum,

195 2259 900 2331 ipsiusquenobiliSsimam
954 2263 1237 2332 conjugem
1289 2264 1536 2319 hortetur
1571 2275 1626 2320 et
1656 2282 1773 2320 mo-

197 2360 348 2414 neat,
391 2361 663 2419 quatenus
733 2362 838 2404 tam
899 2353 1098 2422 insigni
1149 2365 1399 2422 patrono,
1451 2357 1538 2424 qui
1597 2373 1654 2412 se
1697 2359 1775 2414 eis

194 2447 578 2499 demonstrare
602 2445 854 2514 dignatus
880 2453 984 2510 est,
1017 2448 1376 2499 reverentiam
1421 2458 1476 2501 et
1510 2448 1771 2505 honorem

196 2536 826 2602 decenterexhibentes,
887 2537 1058 2608 ipsius
1123 2540 1353 2609 gratiam
1409 2549 1466 2593 et
1513 2542 1771 2595 auxilium

197 2632 307 2686 sibi
342 2630 568 2701 suisque
599 2633 899 2701 promereri
951 2631 1163 2686 nisibus
1211 2648 1438 2687 summa:
1470 2634 1774 2690 devotionis

197 2724 558 2778 contendant.
625 2725 743 2779 Dat.
774 2724 959 2780 [lenne
1016 2742 1111 2779 xm
1148 2724 1267 2782 Kal.
1307 2724 1500 2781 Octob.
1537 2746 1555 2778 ι
1582 2726 1778 2782 Hacte-

195 2831 306 2869 nus
340 2814 652 2884 Gregorius,
713 2816 869 2885 cujus
923 2816 1163 2885 Epistola
1226 2815 1626 2886 procul'dubio
1654 2820 1774 2872 data

194 2916 304 2964 est.
347 2914 631 2974 postquam
683 2921 873 2975 pacem
932 2907 1130 2960 inierat
1183 2923 1307 2961 cum
1363 2909 1602 2964 Roberto
1647 2911 1778 2966 Gui-

195 2995 418 3061 scardo,
452 2997 594 3066 quod
629 2997 827 3052 factum
855 3008 936 3054 est
960 3014 1106 3054 anno
1159 2999 1319 3065 1078,
1351 3010 1409 3055 ιιι
1441 3003 1656 3058 ostendi
1710 3005 1775 3059 ad

197 3092 269 3145 t6
304 3090 643 3158 Septembris
677 3091 728 3144 in
765 3091 825 3144 Β.
868 3089 1091 3147 Victore
1151 3093 1239 3157 111,
1267 3093 1293 3165 §
1320 3095 1380 3160 8,
1409 3111 1534 3150 cum
1599 3097 1776 3153 hono-

197 3182 411 3236 rificam
478 3180 547 3234 de
600 3180 840 3234 Robcrto
890 3181 1054 3234 faciat
1120 3184 1480 3234 mentionem.
1539 3180 1775 3236 Rursum

194 3273 402 3344 scripta
429 3283 577 3329 certo
593 3282 677 3327 est
709 3273 934 3340 cpistola
964 3271 1232 3343 Gregorii,
1283 3283 1575 3343 antequam
1603 3274 1775 3329 Roma

197 3383 354 3422 anno
389 3366 528 3420 1084
571 3365 898 3428 discederet,
930 3376 984 3420 et
1010 3369 1381 3424 verisimiliter
1420 3379 1547 3422 ante
1586 3368 1778 3423 condi-

201 3471 314 3512 tam
347 3475 376 3511 a
404 3457 650 3512 Roberto
694 3459 870 3513 sancti
935 3459 1169 3515 Μαιηιωὶ
1206 3462 1515 3526 ecclesiam,
1559 3461 1626 3517 de
1671 3478 1776 3531 qua

201 3566 328 3607 mox
368 3567 544 3624 agam,
583 3560 642 3608 ut
683 3567 909 3608 necesse
937 3555 1029 3616 sit,
1068 3563 1173 3608 tam
1200 3553 1774 3621 inventionem,quam

197 3644 556 3714 scriptionem
596 3645 847 3713 Epistola:
874 3643 1120 3713 Gregorii
1171 3645 1336 3712 figere
1364 3646 1510 3698 circa
1569 3659 1774 3697 annum

198 3739 345 3794 1080
377 3756 389 3792 :
423 3739 524 3792 hoc
560 3737 704 3791 enim
765 3736 883 3807 ipso
947 3752 1091 3791 anno
1143 3737 1454 3808 contigerit,
1512 3748 1606 3794 aut
1668 3755 1776 3794 uno

195 3831 442 3884 alterove
466 3843 609 3882 anno
643 3829 806 3884 citius
845 3839 937 3883 aut
961 3830 1158 3884 serius.

275 3920 365 3976 80.
402 3921 477 3975 De
509 3931 826 3976 constructo
859 3923 1033 3973 sancti
1091 3921 1328 3974 Matthai
1391 3924 1592 3992 templo
1655 3937 1777 3992 post

192 4024 572 4083 expugnatum
594 4013 878 4066 Salernum
899 4013 952 4066 in
976 4011 1229 4068 Chronico
1248 4012 1528 4069 Catinensi
1576 4016 1668 4069 lib.
1693 4034 1773 4081 ιιι,

197 4121 328 4174 cap.
367 4106 456 4167 45,
485 4107 749 4176 leguntur
772 4107 1055 4176 sequentia
1087 4123 1102 4160 :
1138 4125 1156 4156 ι
1198 4107 1432 4161 Civitate
1449 4118 1631 4162 autem
1678 4126 1777 4177 po-

200 4198 322 4263 tita,
367 4198 635 4254 Robertus
676 4200 966 4257 ecclesiam
999 4200 1170 4254 sancti
1236 4199 1468 4268 apostoli
1508 4212 1563 4254 et
1607 4216 1772 4254 evan-

196 4289 407 4361 gelista:
431 4289 663 4346 Matthxi
705 4290 836 4345 inibi
865 4291 1315 4360 construijussit,
1356 4293 1410 4345 in
1463 4307 1568 4361 qua
1612 4292 1774 4343 etiam

196 4399 422 4439 sacrum
473 4385 723 4454 ejusdem
762 4384 993 4453 apostoli
1039 4399 1237 4454 corpus
1286 4398 1493 4438 summa
1525 4399 1648 4436 cum
1681 4398 1774 4437 vc-

196 4476 484 4531 neratione
513 4475 734 4539 locavit,
769 4491 830 4531 os
853 4477 1125 4546 integrum
1163 4478 1373 4531 brachii
1405 4477 1546 4544 ejus.
1576 4491 1774 4547 argen-

1876 1983 2006 2038 orbe
2040 1991 2151 2036 toto
2182 1980 2524 2036 Christianos
2553 1979 2805 2034 homines
2829 1977 2998 2031 allicit
3029 1992 3043 2037 ;
3075 1974 3311 2044 quiescit
3349 1972 3454 2025 ibi-

1879 2076 2003 2130 dem
2039 2074 2448 2130 sanctissimum
2473 2081 2528 2127 et
2562 2071 3017 2145 gloriosissimum
3049 2067 3288 2122 Matthtei
3317 2081 3454 2134 apo-

1875 2170 1996 2223 stoli
2035 2180 2089 2221 et
2120 2169 2466 2237 evangelistae
2508 2182 2709 2236 corpus
2750 2163 3157 2234 religiosissime
3221 2160 3456 2215 colloca-

1878 2270 1990 2315 tnm
2028 2279 2040 2315 :
2080 2259 2348 2330 siquidem
2405 2260 2729 2328 quadratum
2789 2265 2872 2311 est
2925 2257 2979 2309 in
3038 2254 3215 2310 media
3268 2260 3455 2322 crypta

1877 2356 2132 2425 spatium,
2162 2354 2308 2424 quod
2349 2352 2546 2422 lapidei
2611 2350 3003 2420 cancellatique
3033 2348 3270 2419 parietes
3301 2345 3453 2399 bicu-

1879 2447 2074 2501 hitales
2113 2447 2362 2502 ambiunt
2385 2448 2451 2500 ad
2490 2446 2646 2500 ulnas
2678 2462 2742 2499 ex
2763 2444 2911 2500 omni
2939 2443 3108 2496 latere
3143 2439 3456 2502 duodecim,

1877 2555 1986 2606 quo
2017 2540 2183 2592 veluti
2215 2550 2371 2607 septo
2412 2541 2583 2593 altare
2607 2539 2844 2607 cingitur
2874 2535 3330 2594 vetustissimum,
3352 2531 3454 2584 sub

1877 2645 1983 2700 quo
2022 2630 2315 2683 thesaurus
2349 2630 2438 2684 ille
2477 2631 2751 2698 repositus
2779 2638 2883 2691 est,
2915 2629 2987 2682 ita
3041 2636 3098 2681 ut
3131 2627 3284 2680 locus
3333 2626 3454 2695 ipse

1877 2739 1975 2793 per
2003 2722 2211 2777 ferreos
2242 2722 2518 2777 cancellos
2547 2720 2835 2776 commode
2859 2720 3027 2774 videri
3065 2719 3256 2788 possit.
3280 2716 3453 2772 Tanta

1880 2815 1982 2870 fuit
2012 2827 2192 2870 autem
2218 2816 2347 2870 olim
2378 2825 2431 2869 et
2459 2824 2543 2869 est
2578 2813 2742 2869 hodie
2768 2828 2985 2883 quoque
3030 2811 3316 2867 celebritas
3346 2810 3452 2865 loci

1880 2907 2060 2977 hujus,
2091 2916 2148 2959 ut
2178 2922 2285 2959 non
2345 2905 2674 2960 Salernitani
2715 2905 2896 2970 modo,
2929 2905 3024 2958 sed
3051 2903 3295 2957 omnium
3348 2901 3456 2957 cir-

1879 3013 2227 3069 cumquaque
2259 2998 2662 3068 provinciarum
2716 2998 2906 3052 incola:
2959 2997 3180 3052 assidue
3218 3013 3456 3051 concur-

1883 3103 2008 3146 rant
2034 3108 2049 3156 ;
2081 3095 2190 3146 imo
2251 3106 2383 3145 vero
2408 3099 2465 3144 ct
2497 3089 2882 3145 remetissiiuae
2911 3102 3132 3158 quoque
3165 3097 3355 3158 gentes
3389 3102 3454 3142 ex

1882 3182 2100 3254 Europa
2130 3195 2240 3239 tota
2275 3185 2594 3255 frequenter
2621 3183 2923 3249 confluant,
2960 3191 3016 3238 et
3041 3191 3150 3237 tam
3178 3181 3458 3254 ingentem

1883 3273 2082 3328 visura:
2129 3275 2542 3338 beatitudinem,
2592 3286 2646 3329 et
2685 3293 2713 3329 a
2749 3276 2856 3329 Deo
2885 3275 3118 3329 Domino
3177 3291 3244 3330 ex
3296 3276 3458 3342 hujus

1881 3366 2108 3437 apostoli
2143 3366 2351 3423 meritis
2403 3368 2653 3438 petiturae
2701 3367 2943 3431 divitias,
2999 3368 3290 3432 honorem,
3328 3368 3457 3422 vita:

1883 3461 2331 3526 diuturnitatem,
2381 3472 2620 3533 optatam
2652 3463 2890 3533 denique
2926 3462 3239 3536 felicitatem
3263 3464 3319 3517 in
3355 3463 3458 3517 hoc

1881 3552 2104 3614 sweulo,
2133 3563 2186 3604 et
2212 3553 2506 3621 (praecipue
2532 3554 2777 3621 quidem,
2826 3556 2872 3608 si
2936 3558 3180 3625 sapiunt,
3227 3554 3456 3623 gratiam

1882 3641 1992 3698 Deo
2018 3643 2162 3698 bene
2186 3644 2482 3711 serviendi,
2509 3645 2925 3716 obtinendique)
2953 3649 3177 3718 gloriam
3201 3649 3255 3702 in
3275 3648 3459 3702 futuro

1880 3746 2223 3806 perpetuam.
2260 3740 2577 3807 Augctcum
2601 3737 2959 3795 admiratione
2984 3740 3242 3809 pietatem
3273 3739 3458 3809 liquor

1882 3831 2156 3897 pretiosus
2196 3838 2497 3884 ctsanctus
2538 3830 2758 3900 (manna
2816 3834 2976 3903 vulgo
3010 3834 3227 3903 dicitur)
3276 3836 3364 3902 qui
3392 3850 3456 3886 ex

1881 3921 2194 3976 beatissimo
2237 3939 2463 3994 corpore
2497 3935 2702 3990 manat,
2741 3926 2807 3980 ad
2833 3927 2970 3979 mala
3033 3928 3215 3980 omnia
3243 3929 3457 3996 propel-

1881 4013 2035 4066 lcnda
2109 4014 2391 4069 antidotus
2476 4016 2925 4084 praesentissima,
2993 4017 3454 4087 quemadmodum

1879 4102 2132 4171 frequens
2163 4107 2347 4157 docuit
2407 4107 2743 4174 experientia
2804 4109 3040 4178 plurium
3109 4111 3457 4166 saeculorum.

1881 4192 2006 4249 Haec
2039 4197 2105 4249 de
2136 4212 2289 4250 sacra
2315 4200 2561 4268 corporis
2594 4202 2887 4254 novissima
2913 4204 3269 4257 translatione
3304 4204 3454 4258 suﬂi-

1881 4291 2053 4353 ciant,
2101 4307 2119 4339 ι
2182 4290 2362 4360 inquit
2415 4303 2628 4357 auctor,
2688 4293 2780 4362 qui
2843 4294 3036 4347 transit
3079 4296 3144 4346 ad
3195 4295 3452 4348 miracula

1878 4383 2126 4451 quoidam
2186 4385 2533 4453 exponenda.
2583 4387 2652 4438 At
2725 4387 3010 4442 nonnullla
3076 4404 3142 4442 ex
3192 4387 3296 4443 illis
3342 4390 3450 4458 jam

1879 4475 2127 4543 exposui,
2151 4472 2253 4528 alia
2278 4477 2521 4544 quazdain
2559 4479 2625 4531 ad
2654 4479 2792 4532 alios
2823 4479 3004 4548 potius
3023 4490 3266 4545 sanctos,
3292 4496 3451 4551 quam

195 4581 289 4626 tea
324 4571 480 4623 theca
515 4569 860 4624 reconditum
893 4570 959 4624 ad
986 4585 1139 4624 suam
1163 4570 1508 4640 filiorumque
1544 4573 1768 4627 tutelam
1806 4579 1848 4636 ι)
1877 4567 1942 4620 ad
1981 4579 2230 4623 sanctum
2269 4568 2579 4622 Manlianum
2633 4583 2880 4639 spectare
2910 4571 3182 4625 videntur.
3207 4575 3454 4640 Quapro-

195 4676 514 4717 reservans.
551 4679 570 4712 ι
609 4660 682 4715 De
702 4660 865 4731 hujus
898 4662 1144 4717 ecclesia:
1195 4665 1607 4720 constructione
1653 4667 1775 4720 illuo

195 4754 511 4808 strissimus
548 4754 840 4820 Marsilius,
868 4770 991 4825 cap.
1026 4755 1080 4822 9,
1109 4772 1236 4827 pag.
1281 4757 1374 4824 Ἠ,
1413 4758 1515 4812 ista
1547 4758 1772 4812 scribit:

200 4864 224 4895 ι
267 4845 552 4914 Regnante
587 4847 751 4916 igitur
782 4846 1026 4903 Roberto
1071 4849 1395 4918 Guiscardo,
1455 4867 1518 4906 ac
1549 4855 1776 4908 sedente

193 4935 470 5006 Gregorio
500 4938 604 5002 Vll,
654 4941 872 5010 triginta
904 4943 1126 4997 circiter
1165 4946 1293 4996 anni
1329 4946 1398 4998 ab
1458 4945 1776 5000 inventione

197 5031 536 5086 transierant
566 5031 701 5101 (imo
726 5044 949 5087 centum
978 5044 1033 5089 et
1059 5035 1279 5090 circiter
1311 5038 1499 5105 viginti
1533 5039 1775 5107 quinque

193 5125 271 5178 ab
301 5114 619 5181 inventione
652 5127 762 5190 illa,
810 5127 878 5181 de
930 5143 1036 5196 qua
1097 5129 1359 5199 loquitur,
1422 5131 1478 5184 in
1533 5133 1777 5202 partibus

195 5214 479 5288 Lucaniae)
510 5220 1112 5289 magniliccntissiimnn
1155 5223 1416 5292 templum
1449 5225 1575 5279 divo
1642 5241 1776 5294 apo-

195 5310 346 5364 stolo
376 5313 716 5366 construitur
738 5329 858 5368 tera:
894 5314 1064 5384 ipsius
1115 5313 1337 5371 Roberti
1402 5317 1685 5386 peculiari,
1723 5319 1774 5371 in

197 5417 318 5473 quo
359 5419 456 5473 per
479 5419 678 5460 novam
697 5407 861 5461 veluti
897 5409 1313 5465 translationem
1339 5426 1509 5465 sacrae
1535 5412 1776 5480 reliquiae

195 5497 422 5552 dentium
449 5501 700 5569 repositae
729 5513 878 5568 sunt,
910 5515 967 5558 et
1026 5505 1187 5559 hodie
1222 5521 1439 5574 quoque
1489 5507 1779 5578 religiosis-

194 5589 344 5645 sime
407 5601 782 5656 asservantur,
852 5605 907 5648 et
955 5596 1184 5665 singulis
1247 5597 1551 5666 quibusque
1618 5599 1776 5651 annis

194 5679 380 5751 pridie
413 5676 594 5734 Nonas
619 5683 739 5738 Maii
776 5683 975 5739 festum
1013 5687 1186 5756 ipsius
1209 5689 1408 5742 divina:
1464 5693 1774 5743 translatio-

193 5775 291 5827 nis
323 5773 639 5828 solemniter
688 5778 1026 5843 celebratur,
1084 5797 1193 5848 quo
1255 5784 1433 5836 clerus
1472 5783 1772 5847 unhersus,

196 5861 454 5933 abbates,
491 5875 547 5923 et
573 5870 1066 5938 comprovinciales
1131 5871 1372 5944 episcopi
1424 5890 1612 5930 omnes
1645 5892 1774 5930 con.

1881 4672 2001 4730 pter
2051 4677 2111 4713 ea
2153 4671 2361 4715 tantum
2424 4664 2527 4715 huc
2570 4662 2798 4720 traduce
2869 4665 3125 4732 breviter,
3187 4679 3458 4737 quatenus

1881 4754 2055 4807 sancti
2092 4753 2329 4807 Matthxi
2352 4755 2658 4824 patrocinio
2693 4757 2996 4826 prudenter
3037 4761 3274 4815 adscribi
3333 4779 3459 4832 pos-

1881 4857 2035 4903 sunt.

1950 4943 2219 4999 82.Mitto
2251 4945 2413 5015 igitur
2437 4962 2577 5015 qua’,
2649 4962 2771 5015 cap.
2817 4948 2900 5013 ll,
2965 4947 3135 5003 refert
3179 4947 3456 5005 Marsilius

1879 5036 1945 5089 de
1975 5038 2244 5091 translatis
2270 5037 2334 5091 ad
2359 5038 2645 5092 ecclesiam
2670 5042 2840 5095 sancti
2870 5039 3106 5096 Matthxi
3128 5044 3456 5114 corporibus

1878 5129 1976 5184 SS.
2012 5129 2317 5196 Fortunati,
2361 5130 2478 5186 Caii
2525 5144 2580 5187 et
2624 5135 2834 5188 Anthes
2888 5144 3183 5206 martyrum
3235 5154 3457 5206 ineque

1879 5226 2022 5278 enim
2057 5235 2311 5293 spectant
2341 5227 2407 5280 ad
2441 5237 2689 5281 sanctum
2748 5227 3087 5296 Matthzeum,
3120 5239 3176 5284 et
3200 5229 3268 5284 de
3298 5233 3460 5286 dictis

1882 5317 2212 5386 martyribus
2269 5320 2410 5386 apud
2464 5334 2566 5373 nos
2617 5335 2797 5374 aetum
2848 5331 2933 5375 est
2983 5322 3050 5375 ad
3098 5321 3170 5378 28
3205 5325 3454 5394 Augusti,

1883 5408 1972 5462 tibi
2027 5411 2309 5463 translatio
2366 5410 2470 5464 ulla
2501 5414 2810 5467 accuratius
2844 5423 2926 5468 est
2969 5415 3234 5485 exposita.
3303 5419 3457 5481 Qttod

1883 5503 2166 5574 subjungit
2207 5504 2272 5557 de
2323 5504 2409 5575 pia
2461 5521 2593 5570 anu,
2630 5509 2717 5562 cui
2769 5523 2966 5561 nomen
3022 5519 3139 5563 erat
3185 5508 3457 5576 l'olisena,

1885 5597 2074 5664 nequit
2139 5605 2291 5658 certo
2345 5600 2574 5656 attribui
2653 5600 2916 5654 beneficio
2968 5602 3140 5656 sancti
3194 5601 3452 5657 Matthmi.

1889 5688 2058 5741 Verba
2094 5699 2274 5743 tamen
2313 5692 2570 5761 pleraque
2610 5695 2851 5748 auctoris
2880 5695 2986 5750 huc
3017 5696 3308 5750 transfero.
3329 5693 3458 5749 Frc-

1884 5782 2181 5851 quentabat
2221 5783 2307 5837 illa
2356 5784 2795 5855 diligentissime,
2845 5798 2903 5840 ut
2967 5788 3215 5859 pluribus
3266 5789 3456 5852 refert,

1885 5874 2164 5929 ecclesiam
2199 5876 2386 5934 Sancti
2441 5878 2708 5944 Matthrci,
2771 5881 3014 5949 quotidie
3059 5883 3326 5938 accedens
3377 5886 3445 5938 ad
