4156 6314
765 368 871 431 ’199

1984 375 2267 435 MENSIS
2308 372 2778 436 SEPTEMBER.
3925 367 4013 430 800

769 499 982 544 sacrum
1012 488 1279 545 Officium.
1318 511 1336 542 1
1380 492 1605 546 Pactum
1667 493 1787 558 fuit,
1847 493 2042 562 inquit,
2088 505 2166 556 ut,
2214 506 2337 544 eum
2370 493 2415 547 Α
2444 491 2659 557 queritis
2698 489 2846 553 anni,
2885 490 3009 544 licet
3034 491 3099 543 de
3129 498 3348 558 peccato
3383 505 3482 543 suo
3511 489 3755 541 multum
3793 484 4011 538 doleret.

775 577 1002 633 solemni
1033 583 1266 648 quodam
1315 584 1403 637 die
1463 585 1647 652 templi
1700 584 1960 655 ingressa.
2021 593 2130 639 tuto
2179 583 2342 636 corde

773 667 1059 736 gloriosum
1089 673 1392 740 apostolum
1419 672 1700 739 salutaret,
1729 683 1782 727 et
1815 675 2016 727 lustrali
2043 688 2166 728 sese
2201 687 2340 740 aqua

773 760 1141 828 perfunderet,
1203 772 1370 832 guttae
1428 779 1638 830 omnes,
1707 779 2062 834 quiecumque
2123 762 2341 830 pallium

771 862 935 920 atque
974 853 1230 908 linteolos
1269 858 1576 924 tetigeraut,
1628 855 1679 908 in
1745 869 1936 909 aerum
1995 853 2343 924 purissimum

779 954 1143 1012 verterentur,
1175 944 1318 1012 quod
1356 954 1406 998 et
1433 947 1662 1014 populus
1697 947 1987 999 universus
2013 961 2201 1014 magna
2221 959 2342 998 cum

771 1035 1132 1090 admiratione
1161 1038 1453 1106 perspexit,
1502 1047 1555 1091 et
1609 1036 1826 1090 familia:
1859 1052 2060 1090 nomen
2090 1051 2155 1089 ex
2203 1036 2346 1091 acci-

771 1124 921 1179 denti
956 1127 1147 1191 edidit,
1205 1143 1326 1196 qua:
1357 1129 1422 1183 de
1452 1129 1714 1182 Aurofino
1744 1127 1965 1190 dicitur,
2022 1136 2184 1195 prout
2248 1142 2345 1195 per

773 1227 987 1285 patrum
1027 1220 1347 1274 traditiones
1374 1222 1440 1274 ad
1474 1222 1614 1274 hanc
1649 1236 1819 1289 usque
1849 1221 1993 1274 dient
2039 1219 2180 1273 fama
2215 1235 2344 1289 per-

776 1310 934 1363 rexit.
978 1328 998 1360 1
1038 1307 1235 1364 Verum
1274 1327 1382 1364 non
1410 1319 1635 1380 apparet
1690 1295 1822 1368 mihi
1874 1311 2075 1364 factum
2109 1309 2249 1363 istud
2280 1324 2344 1362 ex

775 1401 890 1455 sola
954 1402 1246 1458 traditione
1299 1401 1431 1456 satis
1467 1410 1700 1466 certum,
1756 1402 1952 1475 nedum
1990 1410 2138 1456 certo
2195 1400 2348 1454 attri-

777 1494 1056 1548 buendum
1097 1503 1286 1548 sancto
1316 1495 1585 1550 Matthzeo.
1617 1495 1692 1550 Et
1719 1495 2008 1548 traditione
2035 1493 2147 1548 sola
2179 1493 2341 1546 etiam

776 1585 1007 1640 fortasse
1039 1586 1258 1654 scripsit
1283 1583 1568 1650 Marsilius,
1602 1585 1748 1655 quod
1801 1585 2076 1654 subjungit
2128 1583 2197 1636 de
2245 1581 2343 1635 Sa-

777 1674 933 1729 lerno
979 1670 1242 1729 divinitus
1277 1675 1503 1730 defenso
1544 1685 1733 1729 contra
1768 1673 2176 1731 Ferdiuandum
2205 1672 2344 1727 San-

778 1764 1088 1818 severinum
1120 1764 1419 1833 principem
1448 1765 1873 1818 Salernitanum.
1917 1762 2137 1818 Factum
2164 1773 2340 1817 tamen

2445 582 2624 636 Pridie
2662 582 2803 636 illius
2838 582 2968 646 diei,
3006 597 3128 637 cuin
3162 581 3226 634 ad
3269 582 3554 635 ecclesiam
3599 579 3884 648 pergeret,
3908 588 4012 626 mo-

2444 683 2653 726 nctura
2689 673 2938 726 mendico
2982 672 3153 726 sancti
3197 671 3530 726 Germiniani
3582 667 3837 739 episcopi
3871 664 4015 718 Muti-

2445 765 2632 818 ncnsis
2654 779 2811 832 opem
2836 764 3145 832 implorare.
3176 763 3405 827 Quando
3435 772 3617 815 autem
3662 756 3938 829 postridie
3964 756 4011 809 in

2443 857 2674 911 ecclesia
2733 858 2901 911 sancti
2936 854 3172 912 Mattlia-i
3213 857 3400 911 divino
3447 856 3673 909 servitio
3734 853 4009 913 intererat,

2445 946 2760 1016 proferente
2831 949 3086 1016 episcopo
3131 948 3294 1002 verba
3356 946 3497 1000 illa:
3551 964 3569 996 1
3619 945 3767 1004 Ecce
3818 945 4011 1011 lignum

2443 1038 2644 1100 crucis,
2674 1038 2751 1091 ait
2799 1047 3008 1101 auctor,
3040 1039 3433 1101 Bcrnardinus,
3470 1039 3562 1106 qui
3598 1048 3823 1089 summa
3860 1033 4013 1087 devo-

2445 1127 2592 1181 tione
2629 1126 2947 1195 prociderat,
2994 1128 3178 1182 divino
3214 1127 3417 1197 Spiritu
3467 1125 3734 1196 agitante,
3768 1124 4014 1177 clamavit

2443 1234 2577 1290 vpce
2616 1234 2812 1288 magna
2833 1237 2848 1275 ι
2869 1218 3006 1276 Ecce
3045 1220 3248 1290 lignum
3275 1219 3477 1280 crucis,
3509 1227 3837 1286 caeteraque
3867 1215 4015 1269 verba

2445 1311 2656 1379 singula
2710 1310 2968 1379 deinceps
3027 1310 3306 1379 explicuit,
3381 1323 3500 1377 qua:
3564 1322 3662 1377 per
3719 1305 4015 1362 antistitem

2445 1405 2584 1459 dicta
2618 1413 2765 1467 sunt,
2791 1413 2847 1458 et
2877 1402 3056 1456 statim
3098 1402 3265 1457 veluti
3298 1413 3547 1456 mortuus
3583 1399 3818 1454 cecidit.
3874 1396 4016 1450 Tunc

2446 1511 2597 1560 vero,
2623 1496 2746 1564 quia
2780 1503 2943 1547 notus
2972 1493 3186 1546 civibus
3230 1502 3368 1554 erat,
3405 1504 3460 1544 et
3487 1505 3648 1543 nemo
3711 1488 4015 1557 ignorabat,

2445 1585 2595 1638 illum
2623 1593 2780 1638 antea
2806 1582 2953 1652 loqui
2996 1596 3100 1639 nou
3141 1580 3403 1650 potuisse,
3435 1577 3767 1634 acclamavit
3788 1576 4018 1645 populus

2449 1671 2734 1726 universus
2778 1689 2792 1726 :
2844 1669 3195 1725 Miraculuml
3263 1667 3614 1721 miraculum!
3697 1677 3755 1720 et
3815 1674 4019 1719 tametsa

2447 1777 2546 1831 per
2576 1763 2628 1816 id
2662 1771 2875 1832 tempus
2931 1763 3112 1816 nullus
3143 1765 3215 1816 sit
3267 1759 3320 1813 in
3348 1760 3595 1813 ecclesiis
3625 1775 4021 1828 campanarum

777 1855 1017 1910 breviter
1043 1856 1294 1925 subji'cio.
1328 1855 1749 1909 Valdeinontius
1774 1854 2142 1921 Lotharingite
2173 1856 2338 1924 reguli
2377 1838 2414 1890 Β
2450 1870 2601 1916 usus,
2641 1855 2734 1909 sed
2763 1871 2827 1908 ex
2866 1857 3034 1909 veteri
3071 1853 3328 1908 Ecclesire
3361 1852 3463 1906 ritu
3490 1851 3688 1918 ligneis
3725 1851 4022 1904 indumen-

773 1946 963 2010 frater,
986 1946 1183 2015 inquit,
1205 1945 1351 2004 facili
1390 1947 1609 2015 negotio
1632 1954 1999 2015 occupaverat
2029 1945 2340 2009 Salernum,

773 2045 832 2091 ut
864 2037 1112 2107 pluribus
1143 2034 1327 2091 narrat
1358 2035 1703 2101 Muratorius,
1725 2037 1781 2089 in
1816 2036 2111 2093 Annalibus
2146 2035 2336 2098 Italia.

769 2128 838 2183 ad
869 2143 1070 2182 annum
1108 2128 1265 2182 1527.
1301 2128 1680 2183 Ferdinandus
1713 2127 1986 2197 princeps.
2037 2142 2094 2180 re
2133 2128 2344 2182 intelle-

776 2230 888 2282 cta.
926 2220 1219 2275 confestim
1253 2231 1491 2274 turmam
1528 2218 1731 2288 colligit
1776 2218 2064 2270 militarem
2118 2232 2182 2274 au
2209 2218 2343 2270 civi-

776 2321 942 2365 tatem
998 2311 1429 2381 recuperandam
1465 2317 1518 2364 et
1544 2308 1693 2362 cives
1726 2308 2032 2378 puniendos
2064 2327 2078 2362 :
2116 2325 2136 2359 ι
2197 2307 2344 2361 Tan-

775 2405 887 2456 tum
918 2399 1114 2466 abfuit,
1158 2399 1333 2468 inquit
1380 2410 1589 2465 auctor,
1619 2409 1677 2453 ut
1717 2399 1823 2453 voti
1849 2413 2078 2468 compos
2112 2400 2345 2453 exsiste-

775 2502 881 2559 ut,
934 2498 1072 2547 utet
1104 2491 1389 2548 confestim
1429 2493 1677 2561 repulsus
1739 2492 1922 2561 fuerit,
1978 2504 2033 2548 et
2085 2492 2345 2563 plurimos

774 2601 841 2639 ex
873 2585 988 2640 suis
1025 2585 1289 2643 militibus
1319 2586 1481 2640 unius
1510 2587 1657 2641 hunc
1695 2587 1872 2657 spatio
1925 2586 2336 2643 desideraverit.

771 2676 882 2735 Nec
909 2692 1038 2732 vero
1078 2685 1185 2731 tam
1221 2677 1432 2733 felicem
1463 2677 1768 2746 fortemque
1818 2692 2041 2747 operam
2089 2678 2343 2748 oppidani

775 2770 1167 2840 praestiterunt,
1218 2770 1399 2837 quiet
1455 2768 1767 2838 paucissimi
1825 2770 2063 2826 inermes
2119 2781 2277 2824 erant
2329 2787 2342 2823 :

774 2860 870 2917 sed
929 2868 1132 2914 stetere
1202 2875 1398 2931 magno
1461 2860 1676 2929 quidem
1724 2874 1951 2914 numero
2005 2860 2059 2912 in
2111 2859 2346 2914 hostium

772 2963 1072 3022 conspectu
1101 2967 1200 3022 pro
1229 2954 1438 3007 civibus
1465 2952 1656 3021 galeati
1712 2952 2087 3023 thoracatique
2152 2953 2346 3007 milites

775 3046 1018 3099 comestis
1048 3044 1324 3098 exercitus
1354 3045 1456 3097 sub
1495 3052 1730 3113 quatuor
1758 3043 2076 3098 ductoribus
2109 3045 2342 3110 eximiis,

2444 1947 2515 2001 tis
2555 1949 2725 2000 soleat
2748 1946 3006 2016 Strepitus
3029 1945 3254 1999 excitari
3283 1943 3548 2014 lugubris,
3572 1940 3845 2010 quamdiu
3863 1941 4026 2008 iacuit

2445 2037 2501 2092 in
2544 2039 2799 2107 sepulcro
2857 2038 3125 2100 Salvator,
3163 2052 3262 2106 pro
3309 2034 3557 2089 miraculi
3611 2038 3807 2087 tamen
3875 2032 4027 2100 hujus

2444 2128 2685 2184 novitate
2709 2143 2901 2184 clunes
2926 2142 3202 2195 campana:
3259 2126 3544 2180 confestim
3592 2125 3836 2194 pulsatae
3878 2137 4022 2184 sunt,

2447 2226 2755 2284 casteraque
2810 2218 3171 2268 instrumenta
3221 2215 3426 2275 omnia,
3483 2225 3606 2281 qtae
3647 2209 3934 2266 habentur
3983 2211 4025 2260 iu

2446 2307 2688 2362 ecclesiis
2715 2306 2781 2360 ad
2804 2306 3167 2376 psallendum.

2516 2395 2604 2450 8t.
2632 2395 2852 2448 Interim
2905 2395 2970 2450 ad
3009 2410 3066 2448 se
3100 2407 3349 2449 reversus
3402 2389 3783 2446 Bernardiuus
3855 2390 4026 2460 palam

2446 2485 2573 2542 fecit
2618 2487 2893 2550 omnibus,
2955 2486 3095 2556 quod
3169 2487 3433 2541 hactenus
3483 2483 3795 2553 agitaverat
3865 2479 4030 2532 corde

2448 2586 2686 2642 tantum,
2720 2591 2916 2646 nempe
2947 2589 3073 2630 ante
3107 2591 3306 2629 annum
3348 2589 3410 2628 ea
3464 2573 3580 2641 ipsa
3649 2572 3740 2623 dic
3798 2570 4024 2637 impiam

2447 2667 2914 2735 seinlidelemque
2945 2665 3134 2726 fuisse,
3189 2663 3336 2733 quod
3396 2658 3786 2714 sacratissima:
3848 2660 4027 2713 crucis

2448 2755 2764 2828 particulam
2817 2755 3175 2809 adulterinum
3205 2762 3260 2807 et
3294 2751 3726 2806 commentitiam
3777 2751 4028 2804 Credide-

2447 2850 2820 2919 rit;ideoque
2879 2847 3131 2918 loquendi
3186 2845 3438 2901 facultate
3497 2844 3700 2897 merito
3751 2843 4022 2912 privatum

2447 2941 2615 2996 fuisse
2651 2956 2664 2994 :
2698 2955 2843 2994 nunc
2898 2954 3029 2995 vero
3054 2938 3378 3008 pnecedenti
3417 2936 3506 2993 illa
3552 2947 3714 2988 nocte
3746 2948 3943 2987 secum
3979 2937 4023 2984 in

2447 3033 2675 3088 somniis
2705 3033 2946 3088 locutum
2981 3014 3153 3086 fuisse
3179 3032 3394 3086 beatum
3436 3025 3831 3080 Gcminianum
3866 3025 4021 3077 Muti-

775 3149 914 3204 quos
944 3134 1109 3189 fuisse
1145 3111 1588 3206 glorississimum
1613 3135 1920 3190 Matthxum
1955 3147 2009 3190 et
2036 3147 2146 3189 tres
2196 3145 2339 3190 tute-

2450 3140 2696 3188 ncnsem,
2759 3125 3162 3190 monuissequc,
3199 3130 3256 3173 ut
3313 3111 3501 3172 eadem
3540 3117 3653 3185 ipsa
3707 3115 3871 3182 hora,
3912 3133 4022 3186 qua:

776 3227 916 3281 lares
987 3239 1209 3285 sanctos
1255 3226 1631 3293 {Fortunatam
1669 3236 1722 3278 et
1774 3225 1969 3296 socios)
2030 3225 2172 3281 baud
2213 3240 2344 3280 sane

777 3320 1009 3374 dubium
1075 3319 1219 3379 fuit;
1267 3335 1391 3373 cum
1444 3318 1707 3388 populare
1758 3318 1921 3376 fuerit
1957 3321 2341 3390 spectaculum,

776 3423 831 3466 et
859 3413 1116 3482 princeps
1146 3410 1258 3480 ipse
1286 3410 1589 3480 singulique
1620 3411 1818 3469 milites
1839 3411 1890 3464 id
1922 3413 2122 3480 ipsum,
2146 3413 2345 3479 pacatis

777 3517 963 3577 postea
1020 3503 1205 3566 rebus.
1270 3505 1712 3572 praediciti-crint.
1762 3522 1779 3553 1
1822 3502 2093 3556 Haetenus
2134 3514 2343 3562 auctor.

775 3598 866 3666 qui
899 3595 1089 3650 eodem
1123 3594 1324 3649 sreculo
1357 3594 1599 3662 scripsit,
1635 3593 1798 3648 rebus
1839 3603 2017 3648 tamen
2041 3596 2208 3666 gestis
2241 3611 2346 3650 non

777 3687 972 3753 adfuit,
1006 3693 1188 3757 utpote
1212 3685 1444 3739 necdum
1485 3691 1668 3737 natus.

850 3781 941 3835 85.
999 3778 1296 3849 Suhjungit
1322 3776 1465 3831 aliud
1496 3777 1720 3843 factum,
1757 3777 1901 3846 quod
1943 3777 2019 3832 ait
2059 3777 2345 3850 contigisse

779 3875 922 3928 circa
951 3872 1088 3926 idem
1120 3872 1230 3926 fere
1258 3883 1489 3940 tempus.
1528 3870 1700 3924 Pauca
1750 3872 1905 3927 nobis
1967 3871 2032 3925 de
2077 3872 2168 3925 illo
2201 3871 2346 3929 sulti-

775 3962 944 4017 cient.
980 3961 1087 4014 Fur
1138 3961 1437 4028 sacrilegus
1478 3961 1656 4014 locum
1723 3960 1953 4027 sepulcri
1995 3962 2163 4013 sanati
2210 3961 2344 4014 Mat-

781 4054 908 4111 111εεί
961 4054 1241 4121 expilavit.
1291 4050 1738 4118 Comprehensos
1811 4051 1900 4105 ille
1963 4050 2064 4106 fuit
2130 4053 2234 4108 alia
2280 4053 2346 4108 de

781 4161 968 4209 causa,
1002 4160 1173 4214 eaque
1203 4144 1490 4198 occasione
1532 4143 1675 4199 istud
1723 4158 1940 4214 quoque
1963 4144 2169 4198 crimen
2207 4145 2347 4198 ultro

782 4239 1088 4292 confessiis.
1143 4257 1159 4288 1
1203 4237 1266 4290 Et
1323 4248 1440 4307 post
1494 4239 1610 4290 dies
1662 4236 1888 4306 aliquot,
1956 4236 2150 4305 inquit,
2201 4246 2348 4290 tanto

780 4338 860 4385 est
891 4329 1096 4382 findere
1136 4331 1374 4397 (fcetorc,
1409 4329 1622 4397 Opinor)
1645 4345 1709 4383 ac
1756 4344 1989 4384 Inmrorc
2041 4339 2343 4398 correptus,

780 4430 842 4476 ut
866 4428 1147 4474 contracta
1185 4419 1419 4489 propria:
1451 4421 1632 4474 carnis
1662 4424 1941 4491 corruptio
1985 4423 2039 4475 in
2063 4423 2341 4491 pediculos

2452 3225 2578 3267 tunc
2629 3227 2772 3266 anno
2835 3222 3144 3266 recurrente
3191 3209 3409 3278 jamjam
3465 3207 3781 3275 appetebat,
3833 3209 4021 3260 eodem

2451 3309 2571 3360 loco
2600 3319 2757 3359 suum
2820 3302 3136 3373 deploraret
3190 3311 3470 3370 peccaturo
3512 3313 3693 3352 (oram
3743 3298 4023 3368 gloriosis-

2446 3395 2583 3447 simo
2614 3393 2857 3461 aposmlo
2887 3388 3178 3454 Matthazo;
3224 3399 3277 3443 et
3348 3388 3595 3443 crederet
3631 3401 3822 3439 veram
3886 3389 4020 3439 illam

2445 3486 2626 3540 crucis
2656 3500 2776 3540 esse
2810 3485 3136 3555 portionem,
3174 3483 3227 3535 in
3258 3496 3365 3550 quo
3414 3480 3665 3535 Salvator
3715 3479 3885 3534 Iesus
3935 3498 4022 3551 pro

2450 3577 2680 3630 humana
2743 3583 2900 3643 gente
2937 3575 3190 3642 pependit
3234 3591 3247 3626 :
3284 3577 3474 3628 fecisse
3529 3590 3588 3628 se
3651 3576 3819 3646 paulo
3879 3590 4021 3637 ante,

2447 3661 2706 3735 quidquid
2730 3664 2808 3714 vir
2836 3661 2920 3714 ille
2950 3673 3169 3716 sanctus
3193 3672 3491 3724 monuerat,
3528 3672 3576 3714 et
3614 3666 4021 3718 sanctissimum

2449 3755 2757 3810 Mattliarutn
2790 3768 3071 3820 exorasse,
3114 3765 3172 3808 ut
3215 3754 3334 3808 fidei
3391 3770 3501 3810 sua:
3567 3758 4022 3824 protestationem

2447 3853 2666 3906 Christo
2704 3851 2932 3906 Domino
2964 3851 3279 3920 dignaretur
3314 3847 3535 3913 offerre,
3598 3864 3664 3903 ac
3699 3849 3896 3903 statim
3949 3848 4021 3901 1ο.

2450 3946 2651 4013 queadi
2722 3946 2826 4000 vim
2895 3945 3150 3998 amissam
3224 3956 3593 4011 recuperasse.
3653 3942 3784 3995 Haec
3847 3943 4020 3996 omnia

2451 4037 2624 4089 fusius
2655 4038 2769 4106 ipse
2806 4037 3227 4105 perquomultos
3260 4041 3490 4105 gemitus
3530 4033 3704 4102 palam
3740 4035 4018 4102 exposuit;

2453 4129 2764 4198 rogavitque
2796 4127 3104 4195 praesulem,
3152 4136 3209 4180 ut
3272 4127 3595 4178 miraculum
3650 4127 3805 4179 istud
3869 4142 4022 4179 cura-

2451 4231 2531 4274 rct
2589 4220 2637 4270 iu
2668 4227 2784 4271 acta
2829 4217 3016 4270 referri
3057 4218 3121 4271 ad
3169 4227 3481 4285 perpetuam
3522 4218 3593 4268 rei
3654 4219 4003 4269 memoriam.

2450 4313 2812 4381 Quamobrem
2873 4308 3102 4379 publicis
3162 4307 3507 4361 documentis
3565 4308 3732 4376 jussit
3782 4307 3888 4362 fioc
3945 4309 4017 4361 di-

2452 4406 2682 4475 ligenlcr
2755 4403 3189 4471 comprehendi:
3245 4401 3390 4471 quod
3455 4409 3564 4454 tum
3650 4399 3838 4468 ipsius
3910 4401 4023 4454 Ber-

780 4510 947 4573 (υειρίι
979 4510 1236 4580 pautatim
1262 4527 1544 4574 conversa.
1592 4527 1821 4590 quorum
1882 4521 2033 4565 ωηω
2095 4514 2347 4581 ρνυῃυιη,
2376 4491 2423 4547 D
2455 4497 2666 4550 nardini
2713 4496 3096 4567 jurejurando,
3162 4504 3272 4547 tum
3312 4496 3707 4547 canonicorum
3757 4497 4022 4554 omnium,

778 4604 874 4662 bat
899 4604 1003 4665 vis,
1028 4613 1105 4655 ut
1153 4617 1260 4655 nou
1299 4600 1460 4656 modo
1505 4601 1718 4655 tunicas
1760 4603 1876 4671 ejus
1916 4617 2106 4656 omnes
2163 4603 2349 4672 imple-

783 4703 884 4758 ret,
919 4693 1014 4748 sed
1047 4701 1215 4747 totum
1247 4693 1405 4763 plane
1422 4708 1620 4762 corpus
1642 4697 1836 4762 passim
1857 4695 2129 4750 eraderet.
2149 4693 2350 4760 Quam-

780 4791 968 4843 obrem
1021 4787 1337 4841 fcedissimis
1388 4786 1493 4840 illis
1550 4787 1827 4840 vermibus
1848 4788 2345 4856 celeriter-putruit.

782 4892 839 4935 et
884 4883 1034 4951 justa
1066 4880 1233 4935 divini
1286 4879 1536 4938 Numinis
1598 4881 1675 4931 ira
1729 4878 2203 4950 (quemadmodum
2237 4881 2349 4947 ipse

783 4973 960 5044 palam
986 4972 1241 5027 omnibus
1287 4971 1580 5040 fatebatur)
1614 4985 1679 5026 eo
1705 4973 1823 5042 ipso
1863 4972 2058 5026 morbo
2092 4975 2346 5026 miseram

788 5063 1032 5118 evomuit
1060 5063 1319 5117 animam.
1379 5080 1400 5115 1
1429 5063 1486 5117 111
1521 5079 1687 5132 pauca
1723 5063 1972 5117 similiter
2003 5067 2346 5126 contraham,

787 5157 932 5223 quod
962 5169 1107 5209 anno
1140 5155 1279 5208 $59.5
1317 5167 1371 5208 et
1399 5155 1537 5208 15⁸26
1566 5142 1856 5227 Contigisse
1881 5164 2069 5207 auctor
2101 5155 2345 5207 allit‘mat.

788 5245 1165 5301 Bernardinus
1193 5247 1411 5314 quidam
1443 5262 1471 5298 e
1495 5244 1926 5300 Naccarcllorum
1970 5243 2191 5309 familia,
2224 5246 2349 5298 dum

791 5336 929 5392 feria
955 5349 1106 5395 sexta
1147 5337 1198 5389 in
1232 5351 1520 5405 parasceve
1547 5337 1741 5404 prioris
1775 5336 1901 5390 anni
1923 5341 2040 5393 erat
2064 5335 2115 5388 in
2177 5339 2351 5391 eccle-

791 5430 870 5483 sia
895 5427 1068 5480 sancti
1113 5426 1373 5488 Matthmi,
1434 5424 1826 5482 dubitabat'de
1858 5426 2119 5494 particula
2166 5442 2349 5480 sacru-

791 5525 992 5571 sancta:
1018 5517 1219 5580 crucis,
1257 5516 1600 5571 venerationi
1643 5515 1939 5584 proposita,
1971 5525 2025 5568 et
2053 5516 2214 5586 impia
2241 5520 2352 5571 haec

792 5611 953 5664 verba
982 5609 1205 5678 protulit
1238 5625 1252 5661 :
1293 5628 1309 5659 1
1338 5610 1522 5669 Eheu!
1562 5610 1689 5678 quid
1723 5609 1763 5662 si
1792 5605 1990 5662 Christi
2030 5625 2159 5663 crux
2199 5626 2352 5665 muns

796 5701 910 5765 ipse
939 5698 1204 5753 Vesuvius
1260 5700 1489 5760 fuisset?
1546 5719 1563 5752 1
1621 5701 1713 5754 His
1743 5702 1918 5764 dictis,
1960 5700 2139 5753 statim
2162 5702 2353 5756 obmu-

796 5791 920 5857 iuit,
949 5803 1236 5864 mutosque
1280 5795 1477 5851 mansit
1512 5807 1682 5864 usque
1714 5794 1776 5853 ad
1804 5792 2052 5848 enindem
2080 5793 2216 5850 diem
2265 5811 2350 5849 se-

2450 4589 2540 4657 qui
2573 4601 2865 4656 praesentes
2897 4585 3380 4650 fuerant,solcmni
3415 4585 3633 4636 fuerant
3672 4588 4024 4638 attestatioue

2451 4681 2683 4732 firmata.
2734 4697 2752 4728 ›

2523 4793 2607 4847 85.
2656 4791 2778 4847 l’ost
2805 4790 2918 4846 lucc
2946 4789 3118 4862 pergit
3140 4798 3328 4844 auctor
3359 4788 3422 4843 ad
3445 4786 3782 4841 beneficium
3825 4789 4025 4842 defensi

2451 4883 2706 4939 divinitus
2733 4895 2922 4938 contra
2973 4885 3198 4938 classem
3246 4882 3542 4937 Turcarum
3625 4879 3872 4935 Salerni.
3932 4881 4026 4934 Hoc

2453 4978 2678 5036 accidit,
2715 4976 2833 5046 ipso
2863 4979 3050 5031 saltem
3088 4978 3330 5043 vivente,
3368 4977 3463 5030 sed
3516 4979 3761 5029 necdum
3825 4977 4026 5032 Salerni

2456 5070 2710 5138 «legente.
2764 5069 3078 5122 Secundum
3121 5067 3361 5122 Annales
3409 5065 3697 5119 Muratorii
3762 5083 3858 5120 res
3905 5069 4025 5120 facta

2453 5170 2534 5214 cst
2563 5174 2704 5213 anno
2747 5159 2902 5221 1544.
2939 5158 3238 5213 Audiamus
3281 5157 3600 5216 Marsilium,
3656 5159 3932 5211 resciscis
3959 5168 4024 5210 ta-

2456 5268 2579 5306 men
2659 5253 2926 5320 adiunctis
2984 5250 3188 5319 aliquot
3242 5266 3349 5303 non
3416 5250 3745 5303 necessariis
3790 5268 3806 5304 :
3852 5270 3870 5300 1
3924 5248 4026 5313 Qc:

2457 5354 2767 5413 tempore...
2805 5341 3032 5396 Carolus
3093 5341 3130 5393 \’
3173 5343 3539 5395 Romanorum
3591 5340 3920 5409 imperator,
3984 5351 4028 5391 et

2456 5429 2824 5486 Frauciscusl
2874 5431 3147 5484 Gallorum
3212 5446 3302 5483 rex
3363 5427 3428 5482 de
3473 5428 3642 5481 totius
3706 5429 3828 5480 fere
3882 5428 4028 5481 ltalst

2457 5523 2690 5592 primatu
2717 5520 3138 5577 contendebant,
3161 5519 3385 5584 impetro
3398 5521 3466 5570 vit
3489 5517 3679 5571 Gallus
3698 5515 4028 5588 aSolymane

2456 5613 2754 5667 Turcarum
2789 5611 3034 5681 principe
3054 5611 3281 5666 classem
3304 5610 3534 5662 validam
3571 5620 3625 5662 et
3651 5625 4025 5666 numerosam.

2457 5704 2761 5761 Haradieno
2787 5703 3110 5757 Barbarussa
3154 5700 3428 5772 praefecto,
3467 5711 3525 5755 ut
3555 5703 3868 5757 maritimas
3896 5718 4026 5758 oras.

2462 5814 2577 5867 qua:
2602 5811 2848 5850 caesarea:
2889 5794 3143 5850 factiOnis
3178 5801 3352 5857 erant,
3383 5803 3610 5847 vexaret
3641 5805 3810 5864 atque
3841 5794 4032 5864 diripe-
