4156 6314
184 365 286 430 801

1483 377 1519 434 ι·
1539 378 1654 435 rm
1697 378 1755 434 s.
1794 360 2179 441 narrum.

3350 391 3455 455 802

185 491 296 534 ret.
342 501 358 534 ι
391 481 612 538 Facuun
651 484 755 541 hoc
807 500 952 540 anno
992 487 1143 542 1545.
1190 490 1276 552 At,
1334 504 1456 542 cum
1522 491 1768 561 sequenti
1800 493 1848 552 Α
1880 492 2007 550 Diva
2041 493 2294 565 Divirquc
2317 513 2506 554 omnes
2527 501 2914 570 propitiantur.
2942 514 2997 558 et
3026 522 3241 562 sacrum
3277 515 3457 566 missae

181 589 332 626 anno
359 576 680 632 Fram-iscus
740 578 758 633 Ι
809 578 1118 632 terribilem
1161 580 1304 634 illam
1346 581 1595 646 classem,
1648 600 1770 653 qua:

182 666 587 735 nihilutilitatis
611 669 888 729 attulerat.
922 671 1131 726 meliori
1161 674 1394 727 consilio
1427 676 1763 740 remitteret;

1871 586 2115 642 solemne
2171 589 2480 647 conficitur.
2537 611 2554 643 ι
2623 591 2899 652 "actenus
2962 597 3234 654 Blarsilius
3296 607 3455 659 annis

1872 678 2097 735 circiter
2169 682 2384 751 triginta
2457 685 2703 755 quinque
2774 699 2896 756 post
2962 707 3074 745 rem
3149 704 3453 762 peractam,

181 759 517 812 Barbarussa
551 760 605 812 in
634 761 864 815 transitu
922 761 1097 816 varias
1162 763 1413 818 civitates
1467 767 1788 821 maritimas.
1855 773 2088 838 quando
2137 773 2289 826 multi
2325 775 2513 842 procul
2568 777 2732 833 dubio
2773 779 3035 835 vivebant
3093 780 3454 842 Salernitani.

175 861 237 902 et
271 851 472 903 insulas
498 852 695 918 partim
735 851 940 907 frustra
986 853 1232 917 tentavit,
1269 864 1324 908 et
1383 857 1579 923 partim
1622 858 1766 926 cepit

174 957 243 1000 er
269 945 515 1014 diripuit,
566 956 623 1000 ut
651 948 896 1016 pluribus
932 949 1162 1017 exponit
1194 960 1414 1005 auctor.
1476 953 1762 1008 Salernum

174 1035 437 1097 similiter
468 1041 730 1095 invadere
763 1040 953 1094 voluit.
1005 1060 1022 1092 ι
1065 1041 1231 1096 Plane
1273 1043 1364 1099 ubi
1404 1043 1456 1098 in
1491 1043 1610 1113 ejus
1631 1059 1764 1099 cono

173 1139 429 1196 SpCClttl‘tI
463 1132 703 1194 devenit,
780 1133 957 1202 inquit
996 1133 1294 1201 Marsilius,
1354 1152 1628 1190 armorum
1658 1136 1762 1193 [υἰέ

177 1237 312 1291 gore
345 1233 398 1277 et
447 1223 700 1292 aispcctns
734 1223 953 1284 feritate
988 1228 1267 1287 terribilis.
1305 1229 1514 1282 civibus
1546 1228 1762 1283 cunctis

173 1323 405 1368 catenas
450 1325 505 1369 et
531 1318 847 1384 compedes,
874 1318 993 1374 urbi
1027 1327 1210 1372 autem
1253 1319 1538 1373 barbaram
1575 1329 1759 1376 vasta-

175 1411 386 1461 tionem
423 1406 803 1462 denuntiabat.
841 1406 1107 1474 Quocirca
1138 1410 1201 1463 ad
1243 1419 1448 1464 trucem
1474 1421 1757 1482 tympano-

176 1515 301 1550 rum
332 1498 570 1552 sonitum
614 1508 666 1553 et
696 1501 937 1555 minaces
967 1502 1224 1556 tibiarum
1268 1503 1548 1567 modulos,
1584 1519 1756 1574 usque

177 1591 320 1644 adeo
352 1591 586 1659 populus
646 1593 938 1650 universus
995 1597 1238 1666 expavit,
1281 1604 1343 1649 ut
1393 1598 1758 1668 demigrantes

175 1683 372 1736 incola:
407 1683 592 1738 animo
613 1694 999 1751 consternato,
1032 1698 1088 1742 et
1148 1703 1362 1741 summa
1418 1705 1540 1744 cum
1585 1691 1753 1759 trepi-

175 1774 401 1828 datione
436 1774 552 1830 fere
583 1792 772 1832 omnes
805 1778 869 1832 ad
898 1792 1155 1833 montana
1190 1767 1571 1850 confugerent.
1620 1781 1754 1836 Fer-

175 1867 336 1920 vebat
377 1876 494 1920 tum
523 1869 759 1923 maxime
797 1879 956 1924 testas
983 1872 1085 1924 sub
1145 1872 1435 1940 septimum
1490 1871 1757 1929 Kalendas

173 1958 507 2025 Quinctiles,
536 1969 590 2015 et
617 1970 763 2016 tanta
789 1972 906 2017 erat
937 1963 1058 2018 cmli
1120 1967 1400 2035 marisque
1450 1967 1758 2035 tranquilli-

169 2062 278 2120 tas,
321 2065 380 2108 ut
411 2054 688 2108 immobile
718 2056 880 2125 plane
918 2056 1198 2112 videretur
1253 2060 1473 2130 pelagus
1509 2076 1520 2110 :
1560 2059 1760 2115 Barba-

173 2162 337 2200 russa
401 2155 582 2202 autem
626 2148 910 2218 praedensa
965 2151 1302 2222 navigiorum
1358 2152 1475 2206 acie
1532 2154 1753 2223 jamjam

169 2237 470 2302 accedens,
533 2241 826 2294 tormentis
862 2241 914 2294 in
958 2240 1139 2296 fronte
1174 2242 1474 2306 collecatis,
1511 2234 1756 2314 pronun-

169 2329 349 2395 tiavit,
390 2340 451 2386 ut
475 2332 675 2388 milites
712 2334 1128 2389 descensionem
1169 2335 1437 2402 facerent,
1470 2348 1524 2392 et
1560 2332 1756 2408 praedae

162 2431 334 2491 atque
375 2424 645 2479 incendiis
670 2426 1055 2482 incumberent
1092 2445 1104 2480 :
1139 2443 1262 2483 cum
1297 2445 1424 2486 ecce
1457 2440 1752 2501 tempestas

167 2515 642 2571 turbulentissima
703 2529 932 2588 repente
964 2520 1233 2587 exoritur,
1278 2532 1332 2576 et
1363 2523 1527 2576 veluti
1561 2525 1752 2593 prodi-

163 2607 321 2678 gioso
353 2623 413 2661 ac
438 2608 685 2664 horribili
715 2620 872 2666 terra:
905 2621 1053 2666 motu
1082 2629 1229 2668 mare
1263 2615 1578 2670 concutitur
1612 2616 1753 2671 inter

162 2699 507 2770 Amalphiam
547 2711 710 2773 atque
760 2703 1048 2758 Salernum
1106 2722 1119 2761 :
1186 2707 1444 2762 inusitata
1489 2720 1750 2778 prmterea

163 2792 510 2847 diversorum
570 2808 858 2850 ventorum
938 2797 1316 2865 conjuratione
1380 2815 1548 2868 usque
1615 2801 1752 2855 adeo

164 2895 506 2938 commotum
563 2888 826 2950 intimnil,
909 2897 967 2942 ut
1036 2889 1319 2946 innnensis
1367 2890 1619 2946 fluctibus
1661 2893 1750 2962 ja-

159 2986 307 3030 ctata
361 2978 549 3032 classis
610 2981 660 3032 in
710 2980 866 3034 littus
936 2983 1274 3053 adigeretur,
1314 2999 1598 3055 navesque
1626 3003 1750 3042 om-

161 3085 267 3124 nes
313 3072 631 3127 nutantibus
685 3072 860 3136 malis,
925 3085 1088 3143 atque
1142 3076 1284 3130 inter
1330 3092 1389 3130 se
1429 3081 1607 3147 proris
1655 3081 1748 3136 ad-

154 3162 341 3216 versis
407 3177 470 3218 ac
539 3164 813 3235 puppibus
874 3177 1288 3232 concurrentes,
1342 3169 1544 3242 ingenti
1606 3173 1815 3251 cala-c

158 3254 352 3308 unitate
412 3255 612 3312 collisae
684 3274 747 3314 ac
795 3259 1085 3332 dim-actm,

152 3357 561 3413 mergerentur.
601 3369 619 3402 ι

230 3435 320 3492 86.
365 3454 382 3489 ι
422 3440 668 3497 Accessit
723 3458 940 3515 quoque
997 3447 1260 3505 miraculo
1296 3450 1447 3506 visus
1495 3451 1546 3506 in
1607 3454 1746 3509 cmlo

152 3544 330 3585 senex
359 3547 589 3587 summae
616 3539 964 3604 proceritatis
986 3580 999 3602 ,
1023 3541 1245 3609 ipsaque
1281 3545 1505 3611 prolixae
1567 3547 1744 3602 barba:

1164 3264 1414 3321 luctuoso
1463 3265 1746 3338 naufragio

151 3622 458 3688 spectanda
491 3625 693 3679 canitie
735 3627 1089 3696 conspicuus,
1133 3631 1224 3700 qui
1273 3632 1562 3688 videbatur
1597 3637 1740 3703 illam
1771 3683 1776 3689 .

148 3709 400 3765 excitare
435 3715 750 3782 procellam,
786 3727 838 3772 ct
886 3734 986 3789 pro
1027 3737 1121 3775 sua
1173 3725 1324 3793 quasi
1383 3727 1600 3784 civitate
1642 3748 1742 3799 pu-

148 3817 328 3874 gnare.
371 3807 541 3862 :vis:e
575 3819 697 3863 sunt
769 3811 933 3866 etiam
989 3815 1339 3872 validissimae
1390 3823 1740 3892 promptissi-

149 3913 373 3951 morum
428 3902 658 3955 militum
706 3913 760 3958 et
825 3907 1025 3961 civium
1065 3911 1340 3977 cohortes,
1411 3914 1742 3987 fulgentibus

146 4006 257 4063 per
285 3991 426 4045 muri
453 4007 710 4048 coronam
755 3998 928 4066 galeis
962 4009 1129 4069 atque
1159 4003 1510 4066 thoracibus.
1548 4009 1737 4063 urbem

146 4091 424 4152 perpetua
459 4089 614 4154 quasi
646 4089 880 4143 statione
910 4087 1225 4146 defendere.
1299 4092 1449 4148 Unde
1501 4107 1735 4166 constat,

151 4178 456 4231 immanem
515 4180 666 4233 illum
725 4181 1016 4238 barbarum
1071 4201 1136 4241 ea
1172 4188 1258 4242 die
1312 4193 1735 4259 contremuisse,

145 4276 209 4323 et
240 4270 586 4338 paucissimis
621 4273 957 4339 triremibus,
996 4292 1117 4347 quae
1145 4279 1226 4332 vix
1258 4294 1555 4340 evaserunt
1590 4287 1738 4344 inco-

144 4361 350 4428 lumes,
419 4363 562 4418 ultra
614 4365 954 4432 Palinurum,
1020 4371 1486 4431 iuvalescc‘ntibus
1533 4381 1731 4446 ventis,

147 4461 369 4522 raptum
397 4453 588 4509 fuisse.
613 4457 824 4513 Cretera
850 4463 1062 4532 navigia
1087 4466 1484 4540 cujuscumque
1519 4475 1734 4540 generis

1869 863 1960 931 qui
2001 863 2202 917 factum
2243 854 2680 927 illud'viderant.
2708 881 2758 924 cl
2791 871 2858 925 de
2893 873 3168 939 adjunctis
3197 877 3453 929 omnibus

1869 956 2414 1025 poterantjndicare.
2457 959 2656 1014 Eadem
2689 962 2910 1018 brevius
2957 965 3207 1021 referunt
3244 967 3447 1030 Musca,

1865 1044 1955 1112 qui
1984 1044 2221 1102 Marsilio
2267 1050 2525 1115 convixit,
2575 1051 2628 1105 iu
2671 1055 3104 1126 arc'hiepiscOpis
3145 1057 3448 1113 Salerni'ta-

1866 1135 1971 1197 nis,
2007 1153 2130 1208 pag.
2159 1140 2247 1204 56,
2282 1138 2485 1202 Mazza,
2512 1145 2562 1196 in
2586 1143 2827 1199 Historia
2851 1146 3219 1210 Salernitnna,
3241 1167 3360 1220 cap.
3391 1151 3445 1216 6,

1865 1236 1919 1282 ct
1953 1229 2238 1299 Ughellns.
2262 1243 2392 1287 tom.
2429 1234 2515 1290 VII
2543 1237 2595 1290 in
2622 1239 3038 1309 Arrliie‘piscopis
3068 1239 3445 1306 Solet-nitaris,

1867 1320 1918 1372 in
1952 1319 2181 1377 Nicolao
2223 1324 2533 1397 Rodulpho,
2555 1329 2644 1394 qui
2673 1339 2800 1385 tunc
2831 1332 3446 1402 prmeratSalcrnitantc

1863 1409 2125 1466 ecclesiae.
2162 1412 2344 1469 Redeo
2365 1418 2434 1473 ad
2469 1418 2793 1474 Marsilium.

1934 1495 2022 1558 87.
2066 1524 2086 1558 ι
2127 1505 2434 1565 Novissime
2453 1511 2632 1577 placet
2665 1514 2793 1567 illud
2822 1529 2929 1570 non
2967 1515 3219 1581 reticere,
3243 1517 3444 1588 inquit,

1860 1595 2009 1662 quod
2050 1597 2208 1652 nobis
2250 1599 2381 1668 ipsis
2425 1601 2478 1653 in
2509 1602 2613 1658 hac
2661 1605 2893 1659 ecclesia
2947 1607 3264 1663 sedentibus
3318 1619 3446 1665 ante

1866 1682 2149 1739 biennium
2183 1690 2428 1760 contigit.
2471 1691 2717 1747 Tametsi
2759 1696 2905 1749 enim
2968 1698 3035 1752 ab
3062 1713 3127 1771 eo
3185 1699 3292 1760 die,
3336 1715 3448 1770 quo

1866 1773 2017 1828 locus
2060 1777 2148 1830 ille
2179 1777 2282 1832 fuit
2309 1795 2407 1849 per
2464 1785 2811 1855 sacrilegium
2845 1772 3271 1857 contaminatus,
3352 1788 3443 1849 ubi

1861 1869 2286 1938 gloriosissimus
2334 1875 2616 1944 apostolus
2639 1877 2806 1946 jacet,
2853 1880 3071 1936 (liv-inus
3110 1883 3287 1952 liquor
3317 1900 3444 1955 per.

1861 1961 2089 2030 exiguus
2128 1979 2346 2032 semper
2371 1970 2680 2029 emerserit,
2717 1961 2879 2025 adeo.
2910 1981 2966 2027 ut
3029 1974 3112 2027 vix
3145 1976 3440 2032 mulierum

1861 2051 2073 2106 dierum
2107 2054 2284 2124 spatio
2323 2056 2535 2112 modica
2573 2066 2812 2128 potuerit
2865 2060 3114 2132 ejdsdem
3167 2067 3444 2135 quantitas

1863 2141 2104 2208 hauriri;
2149 2144 2571 2203 advenientibus
2620 2147 2801 2206 tamen
2838 2153 3148 2211 illustribus
3210 2174 3274 2212 ex
3307 2158 3441 2214 Sar-

1860 2235 2024 2288 matia
2060 2235 2193 2291 viris
2220 2236 2457 2310 Georgio
2483 2238 2778 2305 Radziroil,
2815 2249 3168 2315 episcopatus
3191 2247 3442 2306 thnen-

1862 2322 1938 2377 sis
1968 2325 2312 2394 coadjutore,
2347 2338 2400 2383 et
2428 2331 2656 2386 Alberto
2693 2333 2971 2404 Radziroil
2997 2334 3187 2402 fratre,
3222 2348 3277 2394 et
3299 2339 3441 2398 duco

1857 2412 1910 2466 in
1943 2411 2112 2481 Olica;
2155 2431 2219 2470 ac
2256 2417 2451 2474 devote
2481 2423 2835 2490 petentibus,
2879 2434 2938 2480 ut
2971 2435 3027 2481 et
3074 2427 3180 2483 loci
3211 2429 3438 2488 videndi

1857 2514 1913 2559 et
1949 2522 2162 2561 manna:
2193 2509 2365 2580 ipsius
2409 2512 2460 2566 in
2487 2515 3064 2583 patriamdeferendae
3111 2523 3325 2592 copiam
3358 2524 3441 2580 fa-

1857 2608 2129 2663 ceremus,
2161 2599 2398 2655 libenter
2449 2612 2741 2673 utrumque
2795 2611 3169 2668 concessimus
3229 2632 3245 2669 :
3293 2614 3440 2687 lage-

1859 2702 2096 2757 nainquc
2131 2692 2329 2760 ipsam,
2369 2711 2492 2762 qua:
2523 2698 2699 2764 pridie
2726 2699 2877 2754 arida
2925 2717 3074 2771 pene
3101 2705 3299 2772 fuerat,
3343 2722 3438 2762 sa-

1857 2792 1951 2833 cro
1985 2779 2216 2836 humore
2249 2783 2387 2838 adeo
2438 2786 2702 2855 repletam
2758 2791 3170 2864 undantemque
3227 2799 3441 2867 reperie

1855 2887 1997 2939 mus,
2052 2883 2109 2928 ut
2148 2871 2445 2933 liberaliter
2470 2881 2815 2953 principibus
2853 2885 2990 2956 ipsis
3042 2889 3176 2945 viris
3216 2903 3436 2945 corum-

1852 2982 1959 3036 que
1993 2969 2289 3023 comitibus
2326 2974 2668 3040 potuerimus
2729 2976 2901 3046 ipsam
2933 2979 3288 3037 distribuere.
3318 2984 3433 3041 lmo

1854 3071 1983 3115 vero
2012 3071 2067 3117 et
2101 3062 2238 3119 duas
2301 3064 2790 3134 ampullas,eodem
2860 3069 3070 3140 liquore
3130 3073 3317 3143 plenas
3362 3077 3431 3133 ad

1853 3151 2180 3226 Gregorium
2247 3154 2365 3210 Xlll
2403 3157 2465 3212 P.
2524 3157 2597 3213 ﬂ.
2669 3159 2871 3216 deferri
2909 3165 3246 3230 curavimus,
3294 3183 3462 3238 quas.

1849 3249 1900 3301 ei
1941 3251 2280 3319 gratissimas
2330 3253 2611 3314 exstitisse
2675 3269 2773 3325 per
2834 3255 3043 3312 litteras
3096 3261 3429 3331 accepimus.

1851 3339 2041 3398 Tantm
2068 3345 2232 3414 igitur
2265 3345 2342 3399 rei
2375 3347 2678 3401 novitatem
2705 3348 2859 3403 valde
2899 3350 3151 3406 admirati
3187 3367 3378 3409 sumus
3411 3372 3429 3422 ;

1849 3436 1908 3489 et
1953 3436 2135 3498 veriti,
2191 3449 2260 3491 ne
2313 3437 2670 3495 beatissimus
2723 3443 3003 3510 apostolus
3045 3443 3429 3516 buicpopulo

1847 3527 1918 3581 ob
1967 3528 2174 3582 scelera
2237 3532 2408 3584 multa
2469 3543 2813 3598 succenseat,
2868 3536 3082 3606 precari
3127 3551 3426 3606 numquam

1847 3617 2169 3674 desistimus
2244 3619 2419 3683 illum,
2512 3633 2572 3676 ut
2622 3625 2901 3679 civitatem
2951 3629 3110 3682 istam
3172 3634 3426 3701 civesque

1846 3724 2039 3765 omnes
2104 3712 2356 3782 dignetur
2389 3730 2488 3784 pro
2543 3730 2640 3771 sua
2673 3728 2936 3774 consueta
2973 3721 3218 3779 bonitate
3239 3733 3428 3795 prote-

1845 3819 1992 3874 gere.
2043 3822 2062 3855 ι

1914 3894 2003 3950 88.
2039 3913 2058 3946 ι
2115 3894 2357 3954 Tandem
2405 3909 2461 3954 et
2511 3901 2643 3956 illud
2705 3903 2884 3972 placet
2962 3907 3104 3962 inter
3160 3909 3423 3970 miracula

1845 4004 2157 4052 recensere,
2199 3993 2340 4058 quod
2368 4007 2432 4046 ex
2481 3989 2734 4049 universa
2768 3998 3052 4067 provincia
3099 4001 3425 4073 frequentis-

1841 4080 1979 4134 sime
2014 4079 2320 4135 afferuntur
2350 4070 2601 4141 homines
2637 4091 2923 4160 utriusque
2970 4108 3157 4156 sexus,
3194 4097 3283 4166 qui
3309 4113 3423 4152 ma-

1841 4179 1909 4232 lis
1933 4177 2220 4248 spiritibus
2260 4182 2524 4237 acerrime
2575 4184 2904 4241 divcxautur
2953 4206 2966 4241 :
3008 4199 3062 4244 et
3088 4207 3184 4247 eos
3229 4209 3422 4252 omnes

1841 4279 1968 4325 ante
2011 4271 2187 4340 ipsum
2222 4271 2286 4325 D.
2325 4272 2560 4329 lilatthaei
2595 4277 2767 4333 altare
2800 4280 3132 4338 constitutos
3165 4287 3421 4342 sacerdos

1843 4378 1988 4418 unus
2043 4364 2301 4434 imposita
2335 4385 2496 4424 manu
2541 4369 2751 4429 liberat.
2777 4371 2953 4441 ~Qnod
2993 4391 3145 4444 sane,
3204 4381 3417 4435 tametsi

1839 4460 1906 4513 ab
1935 4462 2054 4530 ipso
2095 4465 2470 4520 translationis
2505 4468 2655 4520 initio
2683 4469 2990 4525 factitatum
3037 4475 3258 4530 assidue
3280 4476 3414 4540 fuit,

144 4547 233 4599 vel
275 4545 431 4614 plane
465 4560 718 4617 quassata
750 4553 950 4607 sensim
984 4555 1236 4626 absorpta
1287 4570 1440 4622 sunt,
1469 4563 1551 4616 vel
1585 4563 1734 4621 fatali

1851 4555 1964 4623 quia
2001 4563 2184 4613 tamen
2221 4558 2288 4612 ad
2325 4558 2438 4612 hare
2473 4575 2645 4631 usque
2690 4571 2938 4633 tempora
2981 4578 3318 4637 perseverat,
3364 4585 3420 4626 et

147 4639 207 4691 in
245 4639 429 4697 littore
453 4641 809 4708 dcsedernnt,
848 4649 1137 4719 praedaque
1175 4653 1383 4718 omnia,
1416 4671 1578 4728 quam
1635 4674 1734 4730 per

146 4733 235 4788 fas
295 4745 351 4789 et
421 4736 574 4791 nefas
631 4737 899 4794 barbarus
962 4745 1346 4816 undecumque
1421 4750 1731 4822 collegerat,

143 4825 218 4881 ad
252 4824 654 4882 Salcrmtanum
681 4828 839 4884 littus
882 4830 1079 4900 ejecta,
1117 4834 1310 4906 incolis
1334 4844 1734 4909 occupantibus

141 4924 236 4969 est
270 4916 518 4983 quaesita.
550 4916 688 4972 Cum
741 4919 904 4990 igitur
945 4922 1322 4980 imminentem
1367 4929 1576 4984 cladem
1625 4943 1730 4988 tam

145 5008 300 5062 felici
351 5020 574 5072 eventu,
605 5025 712 5063 non
745 5012 996 5068 humana:
1051 5017 1210 5081 vires,
1248 5020 1342 5072 sed
1406 5021 1546 5074 Dens
1608 5024 1730 5094 Opt.

148 5103 297 5152 Max.
339 5101 655 5165 avertisset,
696 5115 985 5174 acceptum
1031 5108 1083 5161 id
1113 5109 1445 5165 Salernitani
1487 5117 1736 5172 tulerunt

146 5192 414 5260 precibus
454 5203 510 5247 et
545 5195 757 5249 meritis
811 5197 1048 5251 Mattbmi
1081 5208 1136 5253 ct
1189 5203 1420 5257 Andros:
1455 5211 1732 5276 apostolo—

146 5299 310 5340 rum:
347 5284 432 5338 hic
464 5285 926 5357 Amalphitanam,
965 5290 1050 5344 ille
1087 5291 1488 5352 Salernitanam
1520 5301 1730 5370 plagam

144 5375 495 5430 defenderat.
521 5375 890 5442 Quamobrem
921 5385 1169 5451 Sequenti
1229 5385 1317 5438 die
1349 5387 1731 5447 Salernitanus

146 5468 391 5538 populus
455 5471 564 5525 Deo
608 5471 862 5541 ingentes
908 5477 1109 5544 gratias
1160 5479 1271 5548 egit
1311 5495 1320 5529 :
1358 5488 1412 5532 et
1453 5482 1731 5551 deinceps

146 5561 450 5631 quotannis
477 5577 539 5615 ca
574 5563 685 5632 ipsa
720 5564 806 5618 die
840 5565 1085 5619 miraculi
1117 5570 1379 5623 memoria
1411 5581 1726 5637 renovatur,

146 5655 283 5722 quia
348 5664 403 5707 ct
462 5657 744 5724 proprium
800 5657 870 5710 ob
933 5659 979 5710 id
1019 5655 1266 5713 Officium
1315 5663 1626 5716 celebratur
1675 5667 1726 5718 in

144 5751 323 5803 choro
375 5748 601 5814 majoris
628 5752 895 5815 ecclesiae,
947 5760 1000 5806 et
1033 5768 1129 5820 per
1161 5752 1439 5808 civitatem
1496 5755 1726 5812 solemni

146 5841 506 5912 processione
539 5842 880 5910 discurritur,
929 5845 980 5899 in
1039 5861 1142 5915 qua
1194 5848 1422 5903 alternis
1477 5850 1727 5919 precibus

1841 4647 2001 4702 nobis
2043 4649 2206 4702 etiam
2241 4649 2558 4706 videntibus
2594 4654 2925 4723 quandoque
2987 4668 3268 4725 peractum
3306 4671 3416 4724 est.

1840 4758 1948 4795 non
1981 4743 2082 4798 fuit
2122 4745 2230 4798 ulla
2269 4747 2480 4801 ratione
2511 4750 2958 4817 pretereundum
3001 4753 3245 4810 silentio.
3284 4775 3301 4806 ι
3342 4757 3416 4812 Ita

1838 4844 2050 4890 auctor.
2100 4836 2177 4890 Ex
2233 4837 2438 4892 ultimis
2496 4841 2682 4901 verbis
2729 4842 2947 4914 colligo,
3021 4847 3191 4900 multa
3243 4849 3412 4903 sancti

1839 4927 2076 4982 Mattha-i
2124 4931 2386 4992 beneficia
2449 4935 2672 5005 scriptis
2724 4938 3042 5008 consignata
3077 4954 3190 4994 non
3221 4940 3410 4997 fuisse:

1839 5034 2015 5089 neque
2044 5021 2193 5075 enim
2230 5038 2733 5096 energumenorum
2787 5027 3142 5089 liberationcs
3193 5034 3413 5096 invenio

1833 5113 2089 5182 scriptas.

1905 5204 1994 5257 89.
2039 5205 2110 5258 Ex
2145 5204 2248 5260 illis
2279 5223 2446 5261 unum
2474 5209 2655 5265 Sancti
2691 5211 3009 5269 beneficium
3048 5213 3412 5276 Salernitanis

1837 5299 2135 5367 prmSIitum
2165 5300 2395 5354 refertur
2421 5317 2449 5354 a
2476 5301 2777 5356 Romnaldo
2804 5304 2846 5358 ll
2875 5308 3286 5378 archiepiscopo
3318 5309 3415 5363 Sa-

1837 5389 2133 5448 lernitano.
2172 5392 2262 5460 qui
2299 5394 2480 5447 omnia
2534 5409 2772 5465 praesens
2825 5400 3008 5453 videre
3061 5401 3257 5468 potuit,
3287 5418 3410 5455 cum

1839 5485 2012 5554 patria
2068 5484 2237 5539 fuerit
2287 5486 2682 5554 Salernitanus,
2738 5501 2790 5544 et
2847 5492 3146 5549 secundum
3205 5494 3410 5565 Ughelli

1834 5578 2210 5632 chronotaxim
2239 5581 2348 5647 jam
2382 5582 2572 5647 patria:
2616 5599 2726 5637 sua:
2756 5598 3003 5654 praeesset
3047 5588 3414 5656 archiepisco—

1835 5683 1953 5738 pus,
1987 5672 2204 5737 quando
2241 5687 2327 5723 res
2363 5684 2576 5740 peracta
2610 5686 2712 5740 est,
2759 5685 2850 5729 aut
2877 5678 3239 5745 quadriennio
3288 5690 3408 5749 post

1834 5762 2278 5838 archiepiscopus
2307 5765 2465 5820 fuerit
2497 5767 2670 5821 factus
2700 5784 2765 5822 ex
2801 5771 3117 5825 chronotaxi
3154 5772 3410 5842 GaSpai-is

1835 5855 2034 5911 Musca.
2075 5855 2296 5910 Factum
2349 5872 2376 5910 a
2429 5857 2744 5928 Muraterio,
2800 5864 2850 5917 in
2889 5865 3177 5919 Annalibus
3210 5866 3403 5933 Ilult'l’,
