4156 6314
748 351 857 413 803

1977 348 2263 411 MENSIS
2297 349 2582 409 SEPTEM
2596 350 2685 408 BE
2698 350 2740 408 [ι
2753 395 2765 407 .

3893 351 3994 412 80L

751 467 987 522 refertur
1012 465 1074 520 ad
1109 480 1314 519 annum
1350 464 1504 530 “62,
1544 475 1706 536 atque
1730 465 1804 521 ita
1837 465 2127 535 exponitur
2157 477 2186 518 a
2219 463 2327 518 Bo-
2355 479 2396 528 Α
2429 464 2548 518 silia
2594 474 2784 517 neuter
2825 463 2963 518 scire
3013 464 3216 532 potuit;
3255 475 3302 516 at
3357 467 3484 518 mihi
3533 466 3857 535 conjectura
3893 466 3996 520 Bo-

761 557 989 622 mualdo,
1026 565 1155 609 tom.
1189 555 1276 609 Vll
1305 554 1633 624 Scriptorum
1670 555 1864 620 Italica,
1905 554 2009 610 col.
2038 555 2163 610 205.
2190 554 2318 608 Gui-

759 653 970 708 lielmus
1000 648 1018 701 l
1047 648 1248 704 Sicilize
1278 663 1369 702 rex
1410 657 1770 718 cognomento
1805 646 1993 711 Malus,
2024 655 2146 716 post
2174 662 2323 701 com-

758 760 976 814 pressos
1002 742 1315 797 rebellionis
1341 752 1518 796 motus
1541 743 1594 794 in
1627 756 1792 811 regno
1820 739 2189 810 Neapolitano,
2224 759 2243 791 ‹
2269 750 2323 793 et

755 838 835 891 sic
871 843 1183 904 recuperata
1219 843 1360 887 terra
1396 841 1501 886 tota
1537 835 1680 902 (cum
1704 832 1990 899 exercitu),
2027 830 2317 885 Salernum

758 928 927 983 venit.
959 926 1023 980 Et
1062 926 1189 995 quia
1225 923 1535 994 indignatos
1563 935 1679 978 erat
1709 924 2062 978 Salernitanis
2090 924 2321 989 civibus,

759 1018 947 1071 urbem
997 1017 1199 1070 intrare
1229 1015 1419 1077 noluit,
1453 1014 1546 1068 sed
1575 1013 1724 1083 juxta
1758 1029 1874 1069 eam
1925 1014 2155 1068 tentoria
2191 1014 2322 1066 ﬁxit.

759 1108 939 1176 Coepit
976 1117 1156 1161 autem
1206 1122 1235 1160 a
1270 1106 1480 1162 civibus
1519 1121 1768 1177 magnam
1800 1105 2086 1175 pecuniam
2119 1115 2323 1174 petere.

759 1200 930 1265 Quam
957 1215 1121 1270 quum
1155 1200 1230 1253 illi
1256 1200 1436 1253 statim
1459 1199 1670 1254 solvere
1695 1214 1801 1252 non
1828 1206 2071 1267 possent,
2105 1197 2322 1253 inventa

755 1296 1044 1350 occasione
1099 1294 1382 1362 plurimum
1439 1293 1773 1364 indignatus.
1824 1292 2084 1361 quosdam
2128 1307 2193 1346 ex
2248 1291 2326 1346 eis

760 1389 1016 1458 suspendi
1047 1387 1193 1449 fecit.
1239 1387 1598 1441 comminatus
1644 1385 1785 1449 aliis,
1825 1386 1992 1456 quod,
2020 1386 2125 1440 nisi
2160 1401 2327 1454 pecu-

762 1481 907 1534 niam
937 1480 1049 1533 cito
1080 1479 1373 1541 solverent,
1409 1478 1596 1532 urbem
1634 1477 1960 1532 destrueret.
1998 1475 2196 1531 Beatus
2227 1491 2327 1530 au—

762 1579 872 1624 tem
912 1569 1188 1639 apostolus
1220 1569 1521 1634 Matthmus,
1553 1569 1644 1637 qui
1686 1565 2043 1623 Salernitante
2067 1567 2267 1620 civitati
2299 1583 2326 1620 a

766 1660 875 1715 Deo
905 1670 1164 1730 patronus
1191 1662 1348 1716 datus
1377 1671 1459 1716 est
1484 1670 1539 1715 et
1565 1660 1839 1720 defensor.
1872 1658 2146 1712 civitatem
2175 1675 2326 1713 suam

763 1751 820 1805 in
857 1760 1005 1806 tanto
1036 1753 1349 1808 discrimine
1386 1768 1491 1807 non
1525 1751 1759 1820 reliquit.
1792 1749 1924 1802 Nam
1965 1765 2129 1816 quum
2158 1767 2249 1804 rex
2275 1752 2328 1805 in

2423 557 2626 610 mualdi
2661 557 2991 625 praeferenda
3026 559 3256 620 videtur,
3279 559 3402 626 quia
3428 559 3689 612 terribilis
3722 560 3813 614 ille
3841 559 3998 613 turbo

2423 663 2546 704 eum
2585 664 2774 704 revera
2807 648 3060 703 eﬂ‘ectum
3096 649 3373 718 produxit,
3411 662 3466 704 ut
3501 653 3715 706 nullum
3743 662 4000 722 prmterea

2423 743 2681 796 damnum
2717 742 3078 797 Salernitanis
3101 743 3173 797 sit
3203 743 3406 796 illatum
3433 763 3447 808 ;
3487 748 3582 800 sed
3619 745 3788 799 vitam
3819 747 3999 800 occiso

2425 847 2530 885 uou
2563 831 2820 885 reddidit.

2427 991 2455 1063 ᾗ
2490 990 2601 1045 γη.
2643 988 2890 1056 Reliquit):
2923 991 3083 1063 variis
3114 992 3236 1063 locis
3303 1003 3524 1046 serrata:
3561 1010 3578 1046 :
3617 995 3733 1046 loca
3796 995 4000 1061 aliquot

2812 1077 2966 1113 sacra
3001 1062 3056 1114 S.
3083 1062 3326 1116 Matt/nco
3344 1066 3539 1117 diruta.

2497 1175 2586 1231 9i.
2639 1175 2864 1230 Restant
2913 1174 3175 1228 nonnulla
3227 1175 3453 1229 dicenda
3509 1175 3577 1228 de
3633 1175 3885 1244 reliquiis
3951 1175 4004 1228 ς.

2427 1268 2683 1330 Blatthtei,
2708 1284 2825 1336 quae
2843 1283 2870 1319 a
2907 1267 3117 1332 reliquo
3139 1282 3368 1335 corpore
3389 1277 3652 1335 separata:
3686 1277 4004 1319 servantur.

2428 1359 2606 1413 Mazza
2634 1360 2874 1429 quidem,
2905 1360 2956 1412 in
2984 1359 3212 1412 Historia
3264 1358 3623 1421 Salcruitaua,
3660 1375 3788 1426 cap.
3819 1358 3854 1411 6
3876 1359 4006 1412 dicit

2430 1452 2598 1507 sancti
2641 1451 2876 1506 Matthaci
2913 1453 3140 1520 apostoli
3199 1467 3393 1522 corpus
3449 1452 3740 1521 integrum,
3781 1462 4010 1518 excepto

2429 1545 2591 1599 dente
2616 1544 2942 1609 acbrachio,
2990 1545 3191 1597 servari
3257 1547 3308 1596 in
3361 1545 3509 1598 altari
3567 1544 3743 1597 eidem
3809 1544 4010 1609 dicato,

2429 1639 2497 1694 de
2534 1654 2642 1707 quo
2697 1639 2780 1707 egi
2817 1656 2967 1692 num.
3017 1639 3102 1694 8i.
3138 1636 3205 1690 At
3248 1637 3374 1689 illud
3429 1636 3648 1690 certiori
3691 1635 4012 1689 testimonio

2432 1736 2545 1789 sive
2575 1733 2775 1788 ossium
2811 1733 3152 1802 inspectione
3185 1733 3472 1800 probatum
3505 1731 3721 1789 vellem.
3770 1739 3826 1782 et
3864 1738 4011 1782 cerac

761 1857 832 1896 εο
886 1852 1034 1897 esse;
1081 1844 1380 1913 proposito,
1413 1844 1556 1913 quod
1604 1843 1766 1898 multa
1797 1845 1934 1898 mala
1977 1844 2328 1898 salemuanis
2365 1827 2402 1880 Β
2434 1837 2541 1881 tam
2579 1826 2762 1880 stricte
2801 1826 3123 1879 sumendum
3151 1840 3254 1877 non
3291 1831 3394 1884 est,
3453 1831 3510 1874 ut
3542 1823 3882 1876 credendum
3922 1823 4010 1886 sit,

766 1939 1012 2001 inferret,
1065 1937 1238 1992 media
1284 1937 1394 2001 die,
1442 1953 1608 2006 quum
1655 1946 1799 1992 tanta
1851 1949 1997 1992 esset
2042 1938 2330 2003 serenitas,

764 2033 906 2102 quod
937 2033 1080 2085 nulla
1114 2032 1167 2084 in
1215 2047 1338 2086 aere
1370 2033 1540 2086 nubes
1580 2041 1886 2100 appareret,
1935 2032 2116 2085 subito
2159 2047 2186 2084 a
2239 2030 2333 2084 Se-

765 2125 1090 2197 ptemtrione
1132 2135 1325 2178 ventus
1377 2123 1583 2177 validus
1614 2139 1736 2178 cum
1792 2123 1993 2195 ingenti
2043 2123 2241 2193 pluvia,
2281 2132 2335 2177 et

768 2218 927 2270 turbo
968 2217 1303 2284 impetuosus
1346 2211 1545 2285 erupit,
1587 2216 1679 2284 qui
1714 2215 1878 2270 totius
1910 2215 2179 2270 exercitus
2217 2220 2335 2270 ten-

768 2309 905 2362 toria
938 2308 1187 2362 universa
1217 2307 1432 2378 dejecit,
1471 2315 1523 2361 et
1555 2308 1848 2362 tentorium
1880 2309 2086 2376 regium
2114 2309 2165 2361 in
2199 2308 2336 2362 emi-

766 2401 914 2455 nenti
951 2400 1183 2469 positum
1221 2401 1299 2454 sic
1334 2415 1363 2454 a
1396 2400 1538 2462 loco,
1565 2401 1616 2453 in
1657 2417 1766 2469 quo
1808 2400 1970 2454 fixum
2002 2401 2200 2464 fuerat,
2237 2401 2338 2454 im-

766 2489 902 2558 pulit
930 2497 984 2542 et
1015 2488 1330 2550 connnovit,
1377 2488 1518 2556 quod
1560 2503 1739 2558 regem
1786 2487 2148 2542 dormientem
2198 2502 2337 2557 pene

768 2582 1076 2653 prostravit.
1111 2580 1533 2652 Expergelaetus
1567 2597 1687 2645 res,
1716 2589 1771 2635 et
1802 2590 1948 2636 tanta
1979 2581 2337 2638 inundatione

779 2673 1066 2737 attonitus,
1103 2679 1263 2740 coepit
1295 2673 1500 2742 fugere.
1526 2680 1577 2725 et
1611 2672 1852 2741 Apostoli
1883 2673 2141 2726 auxilium
2181 2673 2337 2726 invo-

768 2778 914 2824 care,
944 2774 997 2818 et
1028 2763 1114 2816 vix
1157 2764 1206 2816 in
1246 2763 1478 2832 quodam
1531 2776 1701 2831 parvo
1747 2763 1979 2816 tentorio
2025 2762 2238 2832 fugiens
2279 2778 2340 2816 se

772 2856 994 2925 recepit.

840 2947 930 3001 90.
974 2948 1036 3000 Et
1069 2948 1193 3001 licet
1225 2963 1316 3001 rex
1367 2947 1531 3000 animi
1584 2946 1664 3001 sui
1719 2948 1966 3001 timorem
2017 2961 2179 3016 super
2237 2946 2340 3000 hoc

771 3039 912 3093 facto
943 3039 1330 3102 dissimularet,
1374 3050 1653 3109 inagnates
1697 3050 1875 3093 tamen
1929 3040 2091 3094 curia:
2145 3051 2198 3095 et
2235 3040 2338 3093 viri

782 3131 1080 3201 prudentes
1110 3130 1396 3185 manifeste
1428 3140 1710 3197 noverunt,
1741 3132 1841 3185 hoc
1877 3132 2196 3184 miraculum
2232 3131 2341 3184 vir-

773 3232 887 3276 tute
925 3222 1220 3290 apostolica
1251 3233 1639 3291 perpetratum.
1663 3224 1954 3292 Apostolus
1980 3222 2124 3276 enim
2156 3223 2208 3275 in
2236 3223 2337 3276 hoc

775 3315 916 3368 facto
942 3325 996 3368 et
1017 3315 1307 3368 commisso
1338 3314 1439 3366 sibi
1469 3316 1666 3383 pepulo
1688 3323 1744 3368 et
1774 3316 1879 3386 regi
1907 3315 2190 3371 manifeste
2212 3332 2340 3370 con-

775 3407 926 3472 sulit,
965 3405 1091 3461 dum
1123 3415 1179 3460 et
1216 3407 1566 3460 connuissom
1595 3407 1698 3462 sibi
1729 3409 1981 3477 populum
2023 3425 2051 3462 a
2099 3409 2340 3477 periculo

776 3500 944 3565 eruit,
972 3510 1024 3553 et
1073 3515 1272 3569 regem,
1306 3515 1373 3554 ne
1405 3501 1737 3569 prepositum
1787 3502 1986 3555 malum
2034 3499 2338 3568 perliceret,

783 3589 1082 3660 impedivit.
1110 3589 1223 3642 Beat
1255 3604 1402 3657 ergo,
1435 3592 1578 3658 quod
1602 3590 1798 3645 factum
1831 3590 2021 3653 fuerat,
2054 3607 2234 3644 secum
2263 3607 2343 3644 rc-

776 3683 1040 3752 cogitaus,
1094 3691 1146 3736 et
1197 3684 1616 3754 indignationem
1680 3683 2026 3753 apostolicam
2090 3684 2342 3753 pertime-

777 3789 956 3836 scens,
989 3790 1154 3845 quum
1183 3790 1240 3828 se
1267 3785 1601 3831 moraturum
1629 3776 1770 3830 circa
1795 3775 2077 3830 Salernum
2100 3777 2344 3845 aliquan-

777 3865 949 3918 tulum
999 3865 1383 3933 disposuisset,
1431 3873 1638 3919 mutato
1689 3867 1984 3935 preposito,
2038 3867 2206 3921 altera
2258 3868 2346 3923 die

777 3953 957 4024 galeas
993 3953 1068 4024 (id
1115 3963 1200 4008 est
1252 3954 1521 4024 triremes)
1557 3955 1796 4021 intravit,
1841 3963 1896 4011 et
1925 3956 2250 4013 festinanter
2288 3959 2342 4013 in

781 4045 1022 4100 Siciliam
1056 4044 1235 4099 rediit.
1271 4063 1288 4095 ι
1322 4044 1474 4113 Hugo
1503 4045 1830 4110 Falcandus,
1855 4048 1944 4114 qui
1971 4048 2159 4102 eodem
2181 4051 2342 4104 etiam

779 4138 978 4193 saeculo
1031 4136 1267 4208 scripsit,
1326 4137 1381 4191 in
1435 4135 1674 4190 Historia
1724 4135 1930 4202 Siculo,
1978 4139 2175 4194 ibidem
2224 4151 2347 4209 post

782 4229 1064 4284 Romualdi
1087 4229 1384 4284 chronicon
1412 4228 1579 4295 edita,
1602 4229 1666 4283 de
1697 4229 1837 4284 facto
1863 4230 2163 4300 prodigioso
2188 4231 2346 4301 plane

779 4321 1089 4386 consentit;
1130 4319 1222 4375 sed
1262 4335 1478 4374 causam
1521 4320 1748 4391 prodigii
1784 4323 2029 4377 attribuit
2063 4325 2218 4378 morti
2251 4324 2348 4378 ali—

782 4416 939 4481 cujus
967 4413 1170 4468 innoxii
1202 4413 1548 4479 Salernitani,
1581 4416 1672 4483 qui
1705 4414 1849 4483 regis
1875 4415 2030 4483 jussu
2063 4431 2187 4469 cum
2229 4418 2347 4471 aliis

784 4505 961 4558 fuerat
1005 4519 1326 4574 suspensus.
1377 4505 1452 4559 De
1500 4505 1714 4560 turbine
1761 4506 1924 4563 hanc.
1956 4514 2014 4558 ut
2058 4506 2250 4570 credit,
2278 4508 2347 4561 ob

783 4609 1004 4649 causam
1033 4605 1241 4658 exorto,
1283 4596 1355 4649 ita
1387 4596 1624 4665 loquitur
1653 4597 1757 4650 col.
1785 4597 1924 4652 299:
1983 4616 2000 4648 ‹
2035 4599 2166 4652 Cum
2200 4598 2346 4652 enim

783 4685 921 4737 adeo
951 4699 1177 4740 serenus
1213 4697 1355 4741 esset
1379 4699 1490 4750 aer,
1517 4696 1575 4738 ut
1599 4687 1803 4740 nullum
1826 4703 2048 4758 prorsus
2077 4689 2130 4741 in
2161 4703 2226 4742 eo
2249 4703 2351 4741 nu-

787 4778 871 4830 bis
906 4779 1196 4847 vestigium
1241 4787 1547 4847 apparcret,
1609 4790 1752 4833 tanta
1803 4788 2027 4849 repente
2064 4791 2354 4850 tempestas

785 4879 975 4924 exorta
1028 4881 1132 4935 est,
1189 4871 1447 4935 tonitrua,
1518 4871 1942 4936 coruscationcs,
1992 4881 2047 4926 et
2101 4874 2352 4929 imbrium

789 4959 1070 5013 inundatio
1104 4957 1412 5024 subsecuta,
1442 4971 1500 5015 ut
1531 4978 1626 5032 per
1662 4973 1832 5018 totum
1863 4968 2157 5020 exercitum
2184 4967 2355 5019 instar

792 5053 1118 5120 rapidissimi
1149 5054 1407 5108 torrentis
1437 5069 1573 5123 aqua
1603 5056 1936 5119 decurreret,
1969 5065 2023 5110 et
2047 5067 2154 5110 tam
2189 5058 2357 5127 ipsius

790 5144 952 5214 regis,
994 5160 1150 5212 quam
1181 5157 1499 5200 ceterorum
1546 5148 1786 5201 omnium
1840 5149 2098 5213 tentoria,
2142 5150 2356 5219 paxillis

790 5237 992 5291 avulsis
1052 5237 1332 5307 ruptisque
1387 5238 1625 5303 funibus,
1684 5241 1918 5309 procella
1991 5243 2356 5309 subverteret,

792 5338 1082 5397 tantusque
1113 5344 1292 5400 regem
1324 5339 1378 5384 ct
1411 5333 1723 5387 universum
1754 5336 2048 5388 exercitum
2079 5346 2253 5391 terror
2280 5338 2360 5392 in-

790 5417 951 5481 vasit,
987 5426 1063 5481 ut,
1095 5435 1276 5474 rerum
1310 5421 1556 5475 omnium
1588 5424 1801 5492 jactura
1842 5425 2173 5493 posthabita,
2204 5441 2360 5497 coge-

793 5520 982 5565 rentur
1014 5510 1081 5566 de
1107 5515 1278 5569 salute
1323 5514 1543 5586 propria
1591 5518 1935 5588 desperare.»
1991 5517 2104 5573 Hoc
2155 5521 2265 5588 ille,
2306 5531 2362 5576 ut

793 5601 928 5666 dixi,
975 5603 1218 5659 evenisse
1267 5617 1421 5674 putat
1480 5607 1550 5662 ob
1599 5612 1798 5666 easdem
1844 5613 1979 5668 civis
2033 5615 2359 5678 innocentis,

794 5694 1129 5751 Romualdus
1179 5697 1244 5752 ad
1303 5703 1766 5756 conservationem
1814 5706 1960 5759 urbis
2019 5714 2074 5759 et
2127 5708 2361 5775 plurium

794 5787 1166 5846 innocentium
1197 5807 1225 5846 a
1249 5793 1460 5848 damnis
1491 5795 1810 5852 inferendis.
1853 5795 2076 5854 Occulta
2109 5799 2201 5854 Dei
2233 5815 2364 5856 con-

2434 1919 2566 1972 nihil
2622 1918 2968 1986 reliquiarum
3005 1917 3174 1971 sancti
3213 1916 3441 1969 Matthzei
3495 1915 3560 1968 ad
3621 1915 3725 1966 alia
3795 1929 4016 1982 quoque

2433 2010 2546 2064 loca
2577 2010 2912 2079 pervenisse.
2952 2008 3171 2061 Interim
3235 2009 3479 2061 laudatus
3523 2016 3714 2060 auctor
3759 2017 4014 2067 testatur,

2435 2101 2652 2153 dentem
2689 2116 2856 2152 unum
2911 2110 2965 2152 et
3001 2097 3277 2150 brachium
3325 2097 3508 2151 Sancti
3549 2098 3597 2150 in
3625 2098 3907 2176 superiori
3935 2114 4020 2151 sa-

2436 2191 2614 2244 crario
2645 2191 2888 2259 ejusdem
2939 2191 3180 2245 ecclesia:
3235 2191 3566 2244 conservari.
3641 2192 3713 2245 De
3780 2204 4021 2261 utroque

2437 2283 2599 2337 etiam
2628 2284 2869 2352 loquitur
2900 2283 3182 2349 Marsilius,
3209 2299 3329 2353 eap.
3366 2283 3416 2340 9.
3449 2300 3568 2354 pag.
3604 2283 3695 2342 79.
3728 2284 3824 2337 ubi
3854 2300 4025 2353 expo-

2444 2375 2525 2426 nit
2556 2384 2768 2428 servata
2799 2374 2849 2426 in
2882 2378 3140 2434 Sacrario.
3161 2387 3322 2444 atque
3349 2376 3564 2428 dentem
3595 2375 3746 2428 illum
3783 2378 4021 2444 positum

2439 2480 2560 2519 esse
2597 2467 2650 2518 iu
2680 2481 2841 2521 cruce
2890 2477 3141 2537 argentea
3184 2468 3348 2520 variis
3387 2467 3628 2535 reliquiis
3663 2461 3868 2528 dicata.
3910 2487 3928 2518 ι
3966 2467 4020 2521 In

2439 2557 2626 2610 dextra
2664 2558 2838 2625 (parte
2894 2557 3092 2624 crucis)
3153 2557 3522 2626 gloriosissimi
3578 2556 3822 2611 Matthasi
3888 2559 4025 2611 dens

2439 2648 2599 2707 alius.
2636 2647 2700 2702 de
2729 2664 2836 2716 quo
2875 2657 2928 2701 et
2957 2662 3078 2709 nos,
3119 2649 3314 2716 inquit,
3347 2662 3508 2716 supra
3538 2649 3707 2702 locuti
3743 2664 3968 2702 sumus.
4003 2669 4017 2696 ι

2442 2739 2685 2792 lnsinuat
2719 2739 2901 2808 igitur,
2944 2755 3065 2794 esse
3092 2739 3240 2792 illum
3277 2741 3450 2808 ipsum
3489 2739 3736 2802 dentem,
3771 2743 3866 2808 qui
3894 2756 4025 2794 con-

2443 2845 2628 2885 cessus
2660 2831 2838 2884 fuerat
2883 2831 3182 2885 Athanasio
3221 2831 3488 2885 monacho
3542 2833 3797 2901 corporis
3829 2833 4025 2890 inven-

2444 2923 2568 2985 tori,
2609 2931 2668 2976 ut
2735 2921 2942 2976 dictum
2994 2938 3145 2976 num.
3186 2923 3288 2990 '74;
3338 2924 3539 2993 quique
3581 2925 3758 2977 eidem
3809 2924 4025 2976 ablatus

2443 3014 2640 3068 deinde
2678 3023 2782 3076 est,
2812 3015 3268 3083 quemadmodum
3301 3017 3602 3084 expositum
3646 3022 3729 3068 est
3753 3031 3911 3068 num.
3937 3016 4020 3068 7i.

2447 3104 2520 3158 De
2579 3105 2799 3158 brachio
2843 3108 3093 3160 laudatus
3133 3107 3400 3162 Marsilius
3432 3112 3502 3162 ita
3543 3108 3787 3178 loquitur
3821 3127 3835 3163 :
3875 3128 3894 3159 ε
3937 3108 4025 3161 Est

2441 3208 2493 3253 et
2523 3198 2584 3250 D.
2624 3198 2860 3253 Matthxi
2921 3198 3204 3254 brachium
3249 3199 3399 3261 illud,
3425 3200 3564 3267 quod
3597 3199 4024 3253 Beneventanus

2440 3294 2710 3362 quondam
2740 3295 2994 3362 princeps
3026 3309 3052 3345 a
3092 3293 3353 3362 Gisulplio
3393 3293 3646 3362 precibus
3691 3294 4026 3362 impetrave-

2441 3395 2524 3438 rat
2557 3401 2570 3435 :
2603 3395 2658 3438 et
2697 3387 2946 3452 quamvis
2990 3394 3215 3452 argento
3259 3387 3626 3446 concluditur.
3661 3401 3723 3439 ex
3757 3387 4023 3439 cancellis

2444 3488 2623 3532 tamen
2651 3479 2826 3532 carnis
2853 3487 2907 3532 et
2935 3479 3137 3531 ossium
3167 3487 3416 3546 aSpCCIUS
3453 3480 3799 3534 intuentibus
3815 3491 4020 3548 patet.»

2447 3572 2570 3624 Htec
2613 3571 2905 3634 Marsilius,
2936 3585 3042 3624 non
3073 3571 3374 3638 explicans,
3408 3587 3510 3641 qua
3572 3575 3869 3626 occasione
3902 3576 4024 3627 bra-

2452 3661 2659 3726 chium,
2721 3662 2866 3732 quod
2923 3663 3121 3717 sarculo
3169 3661 3212 3716 Χ
3264 3663 3630 3718 Beneventum
3693 3668 4024 3720 translatum

2444 3757 2731 3820 asseritur,
2767 3767 2953 3826 postea
2994 3759 3224 3812 relatum
3261 3758 3423 3812 fuerit
3453 3757 3769 3811 Salernum.
3819 3757 4021 3812 Verum

2445 3845 2587 3901 sicut
2617 3865 2813 3918 corpus
2847 3849 2904 3904 S.
2934 3849 3176 3904 Januarii
3213 3851 3409 3904 saaculo
3443 3867 3491 3904 ix
3534 3851 3865 3906 translatum
3930 3851 4027 3906 fuit

2443 3938 2664 4012 Neapoli
2688 3941 3080 4006 Beneventum,
3106 3943 3340 4013 indeque
3370 3948 3583 3998 rhrsum
3615 3946 3724 3998 alio
3756 3946 4027 3999 delatum:

2445 4035 2772 4105 demumquc
2856 4035 3136 4106 Neapolim
3192 4038 3438 4098 relatum,
3513 4038 3604 4089 tali
3678 4049 3779 4090 aut
3863 4041 4028 4094 simili

2446 4127 2607 4181 modo
2644 4129 2926 4182 brachium
2993 4129 3164 4182 sancti
3218 4127 3450 4182 Mattha'i
3500 4128 3793 4184 Salernum
3849 4130 4027 4187 redire

2449 4219 2663 4286 potuit.-
2700 4217 2860 4274 Certe
2885 4219 3016 4273 illud
3052 4221 3210 4275 modo
3248 4219 3458 4276 Salerni
3497 4236 3638 4280 esse.
3677 4224 3758 4277 uti
3792 4235 3850 4276 et
3901 4225 4029 4278 den-

2451 4316 2583 4372 tem,
2635 4312 2801 4362 etiam
2831 4311 3026 4364 asserit
3052 4311 3232 4365 Musca
3295 4311 3347 4365 in
3373 4311 3710 4380 Compendio
3761 4315 3880 4382 jam
3919 4316 4030 4367 lau-

2449 4400 2593 4456 dato.

2377 4539 2424 4596 ι)
2481 4515 2612 4578 ,92.
2671 4513 2728 4569 Si
2761 4524 2940 4570 autem
2981 4515 3111 4571 illud
3183 4517 3358 4586 ipsum
3407 4515 3480 4571 sit
3527 4517 3845 4582 brachium,
3892 4521 4030 4592 quod

2455 4609 2553 4661 fuit
2583 4610 2782 4664 saeculo
2823 4626 2852 4662 ι
2905 4609 3216 4675 Beneventi,
3279 4611 3488 4665 videtur
3518 4621 3572 4665 et
3630 4613 3870 4667 alterum
3915 4617 4029 4670 bra-

2453 4701 2635 4754 chium
2657 4715 2686 4752 a
2716 4698 2922 4768 reliquo
2945 4715 3171 4769 corpore
3198 4711 3500 4769 separatum
3534 4703 3707 4757 luisse
3737 4709 3946 4761 sseculo
3963 4725 4026 4761 xi.

2455 4789 2667 4859 Quippe
2704 4787 2974 4845 Bobertus
3024 4789 3356 4846 Guiscardus
3408 4808 3472 4848 ex
3536 4794 3767 4852 invento
3808 4814 4028 4868 corpore

2458 4884 2722 4952 integrum
2747 4896 2808 4936 os
2835 4882 3042 4937 brachii
3069 4899 3164 4953 pro
3190 4899 3247 4938 se
3269 4885 3512 4948 retinuit,
3538 4898 3598 4941 ut
3616 4889 3863 4947 vidimus
3883 4909 4027 4949 num.

2457 4974 2546 5030 80.
2622 4973 2698 5029 De
2742 4974 2836 5029 illo
2880 4990 3000 5030 osse
3052 4976 3103 5030 in
3148 4975 3398 5032 Chronico
3445 4977 3739 5044 Casirtcnsi,
3797 4983 3896 5040 lib.
3958 5002 4027 5050 ut,

2457 5082 2576 5136 cap.
2612 5066 2703 5132 57,
2732 5065 2895 5120 relata
2915 5065 3135 5121 Boberti
3163 5078 3360 5132 morte,
3395 5069 3509 5124 haec
3539 5069 3807 5142 leguntur
3849 5096 3860 5128 :
3897 5098 3914 5127 α
3941 5076 4028 5130 llic

2460 5157 2667 5211 interea
2723 5155 3034 5224 (ltobertus)
3065 5157 3131 5211 ad
3186 5157 3328 5212 diem
3381 5160 3563 5216 obitus
3625 5166 3709 5216 sui
3747 5164 4028 5221 brachium

2460 5249 2633 5302 sancti
2679 5247 2905 5315 apostoli
2947 5260 2996 5303 et
3053 5252 3395 5321 evangelista:
3449 5251 3688 5307 Matthzei
3741 5261 4028 5328 capellanis

2461 5342 2596 5407 suis,
2629 5340 2737 5394 lilio
2769 5356 2890 5405 suo,
2926 5340 3136 5398 Salerni
3176 5347 3586 5414 reportandutn,
3614 5357 3785 5417 atque
3817 5353 4030 5405 redden-

2462 5435 2588 5491 dum
2613 5437 2849 5506 reliquit.
2882 5436 2987 5492 Sed
3027 5437 3100 5491 illi
3151 5439 3450 5493 substantia
3506 5456 3807 5510 pauperes,
3847 5461 3908 5498 ac
3947 5447 4032 5500 lida

2464 5529 2838 5597 pauperiores,
2875 5529 3089 5583 thecam
3130 5540 3462 5599 argenteam,
3509 5533 3562 5585 in
3616 5551 3728 5602 qua
3799 5549 4028 5592 sanctum

2464 5619 2746 5674 brachium
2782 5630 2900 5675 erat
2927 5622 3288 5683 reconditum,
3316 5624 3458 5677 inter
3492 5641 3554 5680 sc
3585 5627 3869 5692 dividunt,
3893 5636 4031 5684 inde-

2466 5725 2570 5778 que
2634 5710 3058 5783 Hierosolymam
3127 5726 3433 5785 pergentes,
3506 5727 3736 5774 sauctas
3796 5724 4032 5790 reliquias

2467 5817 2639 5874 usque
2664 5804 2727 5858 ad
2753 5805 2894 5858 diem
2946 5805 3128 5861 obitus
3169 5809 3250 5862 sui
3301 5809 3443 5879 apud
3474 5824 3532 5864 se
3561 5812 3853 5870 retinuere
3906 5821 4028 5869 cea-
