4156 6314
203 335 310 398 805

203 544 382 610 quias,
426 545 614 601 insciis
665 551 850 612 sociis,
898 554 1081 622 pueris
1116 557 1230 610 suis
1259 560 1626 626 .contradunt,
1683 564 1774 631 qui

204 636 437 702 qualiter
467 648 713 695 sanetum
748 641 1028 697 brachium
1064 647 1397 714 temporibus
1429 648 1642 706 Girardi
1683 653 1778 706 ab—

204 728 350 782 batis
389 729 455 782 ad
511 731 658 786 hunc
709 735 888 790 locum
936 736 1248 802 detulerint,
1297 741 1418 796 loco
1448 758 1544 798 suo
1574 745 1776 802 scribe-

203 833 347 872 mus.
388 839 406 871 ›
448 820 650 878 Deinde
679 825 770 880 lib.
802 843 875 890 tv,
897 844 1019 897 cap.
1053 830 1139 895 7'5,
1165 830 1417 888 laudatus
1452 844 1642 891 auctor
1661 838 1777 893 htec

202 913 394 966 scribit
434 932 446 968 :
488 934 506 965 ‹
546 914 644 970 llic
678 919 884 974 interea
916 922 1086 977 abbas
1112 922 1450 991 (Casinensis
1490 928 1774 1001 Girardns)

200 1020 327 1057 eum
372 1010 512 1076 apud
545 1009 912 1067 Beneventum
960 1016 1013 1069 in
1056 1017 1368 1085 Apostolico
1397 1021 1617 1076 servitio
1656 1038 1776 1092 per-

201 1111 471 1163 maneret,
506 1111 561 1154 et
591 1113 742 1158 certo
770 1107 971 1161 certius
1026 1107 1306 1163 brachium
1336 1112 1506 1166 sancti
1544 1115 1773 1183 apostoli

199 1198 259 1242 et
286 1193 628 1262 evangelisue
669 1195 901 1252 Matlbzci
945 1200 996 1253 in
1041 1202 1227 1256 eadem
1264 1204 1481 1259 civitate
1529 1209 1777 1261 recondi-

200 1290 317 1335 tum
352 1300 472 1339 esse
496 1287 793 1353 didicisset,
826 1293 891 1344 ad
923 1307 981 1348 se
1005 1294 1115 1362 jam
1142 1296 1270 1350 dicti
1300 1298 1774 1355 brachiicustodes

197 1388 528 1440 convocans,
559 1381 809 1448 qualiter,
829 1383 909 1437 vel
958 1401 1066 1454 quo
1109 1388 1299 1443 ordine
1323 1391 1565 1460 ejusdem
1595 1394 1769 1448 sancti

197 1470 432 1534 apostoli
472 1471 751 1526 brachium
795 1475 1130 1542 habuissent,
1173 1486 1518 1550 percunctari
1566 1488 1772 1541 Studio-

193 1557 415 1611 sissime
462 1561 646 1629 cmpit.
690 1563 791 1628 Qui
827 1567 954 1620 dum
1005 1571 1338 1637 retulissent,
1374 1576 1605 1642 qualiter
1641 1578 1767 1632 illud

195 1662 382 1702 secnm
457 1649 727 1709 Bobertns
786 1659 892 1713 dux
948 1662 1231 1718 detulisset
1301 1669 1353 1720 in
1400 1671 1764 1737 expeditione,

191 1754 358 1806 quam
390 1754 576 1799 contra
609 1746 859 1803 Alexinrn
919 1752 1300 1821 imperatorem
1363 1756 1649 1826 habuerat,
1701 1780 1763 1820 ac

1485 356 1655 416 VlTA
1699 359 1758 420 S.
1809 361 2188 427 ΜΑΤΊΗᾸΞῘ.

206 456 310 501 tas.
367 450 445 505 Ad
473 463 698 509 mortem
737 467 916 514 autem
951 460 1256 530 venientes,
1290 466 1630 536 supradictas
1655 471 1780 525 reli-
1805 475 1854 533 Λ
1885 476 2046 533 habet
2073 486 2483 549 monasterium,
2513 496 2590 549 et.
2635 498 2693 546 ut
2718 492 2971 551 laudatus

3347 391 3453 454 806

3022 510 3216 555 auctor
3267 505 3455 562 obser-

1881 574 1984 631 vat,
2030 570 2154 623 olim
2189 582 2306 628 erat
2343 575 2615 644 Fratrum,
2649 583 2742 651 qui
2793 588 3137 654 appellantur
3161 593 3451 666 Cruciferi,

1877 674 2022 714 nunc
2061 673 2145 717 est
2180 667 2282 720 sub
2322 684 2448 724 cura
2478 669 2728 728 Fratrum
2775 677 2830 731 S.
2859 678 3166 750 Augustini,
3196 688 3452 745 nimirum

1879 748 2285 818 Hybernorum,
2318 765 2379 810 ut
2419 760 2565 814 addit
2609 773 2801 819 auctor
2856 748 3286 831 recentissimus.
3346 779 3455 835 Ob-

1876 853 2098 897 servant
2139 855 2402 914 praeterea
2457 862 2735 918 auctores,
2767 861 3053 915 ecclesiam
3083 865 3228 920 illam
3259 884 3455 925 recen-

1876 932 1981 986 seri
2023 937 2167 989 inter
2234 939 2421 996 titulos
2468 942 2869 1015 Cardinalitios,
2926 965 2980 1009 et
3034 959 3254 1026 quidem
3311 963 3452 1018 inter

1876 1024 2231 1093 antiquiores.
2300 1039 2359 1084 ut
2410 1033 2652 1105 plerique
2710 1041 2938 1097 addunt.
2987 1024 3241 1103 Nonnulli
3288 1053 3452 1106 etiam

1875 1128 2153 1183 asserunt,
2189 1135 2553 1180 constructam
2580 1129 2750 1185 fuisse
2782 1136 2925 1190 circa
2953 1153 3154 1195 annum
3175 1144 3450 1215 600,quod

1876 1220 1983 1258 non
2049 1208 2195 1263 lubet
2231 1214 2566 1272 examinare.
2619 1220 2732 1274 Hoc
2765 1226 2970 1280 certius
3008 1240 3112 1293 est,
3143 1233 3447 1290 dedicatam

1877 1290 2046 1348 fuisse
2089 1312 2117 1348 a
2161 1295 2423 1357 Paschale
2475 1303 2542 1370 ll,
2600 1309 2715 1362 sive
2773 1312 2823 1366 id
2865 1316 3065 1373 factum
3110 1320 3275 1378 fuerit
3327 1336 3450 1397 post

1879 1390 2340 1446 constructionem
2376 1396 2629 1465 primam,
2660 1402 2775 1456 sive
2820 1417 2940 1474 post
2974 1409 3446 1474 instaurationem.

1875 1473 2089 1530 Etenim
2118 1479 2371 1538 laudatus
2395 1485 2734 1546 Martinellus
2759 1473 2973 1566 longam
3007 1502 3201 1556 recitat
3249 1505 3448 1562 inscri-

1877 1568 2145 1635 ptionem,
2181 1586 2302 1641 quae
2337 1583 2680 1638 consecratio
2729 1587 2817 1641 illa
2880 1593 3146 1647 asseritur
3189 1595 3243 1649 in
3303 1598 3449 1656 hunc

1875 1661 2118 1716 modum.
2166 1682 2184 1715 ι
2229 1667 2282 1720 In
2319 1671 2541 1727 nomine
2581 1676 2789 1732 Domini
2825 1684 2997 1740 nostri
3053 1685 3178 1741 Jesu
3223 1688 3444 1747 Christi.

1873 1752 2066 1808 Arnen.
2105 1758 2266 1814 Anno
2313 1759 2708 1825 lncarnationis
2761 1771 3053 1833 Dominicae
3098 1781 3252 1848 1110,
3301 1784 3447 1839 indi-

190 1833 412 1888 demum
437 1841 733 1908 capellanis
773 1845 890 1899 suis
928 1847 990 1898 ad
1018 1857 1247 1903 mortem
1297 1852 1611 1923 reliquerat,
1638 1856 1756 1925 ipsi-

2693 1823 2702 1825 ,
2813 1823 3052 1833 ηψπ-..
3101 1823 3252 1848 -...,,

1871 1847 2054 1902 ctione
2088 1859 2167 1915 in,
2211 1852 2343 1908 feria
2383 1873 2430 1911 vr
2461 1871 2669 1928 quarlre
2701 1863 2996 1923 Dominieaa
3042 1872 3093 1926 in
3136 1875 3448 1948 Quadrage-

188 1942 298 1994 que
339 1933 756 1998 postntodnmin
793 1935 879 1989 die
919 1938 1099 1994 obitus
1131 1943 1211 1994 sui
1268 1943 1366 1998 sibi
1423 1947 1764 2016 dimiserant,

189 2019 361 2074 abbas
406 2038 625 2078 monere
654 2026 772 2081 illos
833 2033 1096 2086 attentius
1144 2036 1330 2104 ecnpit,
1386 2046 1442 2091 ut
1489 2048 1637 2094 tanta
1685 2043 1768 2095 di-

187 2110 378 2180 gniora
406 2112 690 2171 Casinensi
718 2122 971 2175 ccenobio
995 2125 1326 2180 conferrent.

263 2204 349 2259 93.
392 2224 410 2257 ί
449 2207 525 2261 llli
553 2219 734 2263 autem
758 2212 912 2266 ocius
932 2230 988 2268 se
1022 2215 1135 2268 haec
1169 2217 1468 2289 adimplere
1499 2227 1761 2292 latentur,

186 2299 235 2351 si
287 2292 450 2354 abbas
501 2303 621 2356 illos
669 2320 1010 2376 quacumque
1060 2310 1192 2366 hora
1225 2312 1290 2367 ad
1343 2319 1762 2374 conversionem

183 2390 376 2443 venire
407 2391 626 2458 vellent,
670 2395 878 2466 absque
923 2399 1106 2469 aliquo
1152 2405 1328 2473 pretio
1382 2406 1500 2462 illos
1559 2409 1610 2461 in
1662 2411 1764 2465 hoc

184 2483 831 2556 monasteriorecipcret.
863 2489 1017 2555 Quod
1050 2508 1173 2547 cum
1199 2496 1370 2551 abbas
1403 2499 1762 2560 libentissime

183 2587 250 2627 se
279 2573 624 2644 impleturum
653 2584 1056 2652 spopondisset,
1103 2589 1178 2641 illi
1214 2589 1501 2646 confestim
1544 2607 1762 2651 sanctas

184 2667 450 2736 reliquias
481 2672 545 2726 ad
611 2672 758 2728 hunc
805 2676 980 2730 locum
1039 2680 1288 2736 ferendas
1349 2685 1523 2739 cidem
1579 2688 1758 2744 abbati

181 2763 538 2816 contradnnt.
594 2763 908 2836 Suscipiens
931 2770 1094 2840 igitur
1122 2772 1266 2827 idem
1311 2776 1479 2830 abbas
1539 2789 1758 2835 sanctas

182 2852 467 2922 reliquias,
537 2854 740 2926 diuque
791 2862 1138 2926 deosculans,
1200 2883 1298 2935 per
1359 2869 1519 2938 hujus
1563 2885 1760 2928 nostrae

181 2947 626 3017 congregationis
671 2949 868 3006 fratres
903 2956 968 3009 ad
1001 2956 1105 3011 hoc
1133 2962 1526 3015 monasterium
1582 2973 1760 3020 trans-

182 3039 404 3094 mittere
436 3044 664 3098 studuit.
709 3047 788 3101 Ad
845 3049 1002 3118 cujus
1067 3052 1361 3108 adventum
1413 3072 1602 3113 omnes
1653 3067 1759 3112 ter-

182 3142 326 3190 ram,
361 3133 449 3198 qui
484 3132 623 3186 hanc
659 3136 1055 3205 inhabitabant,
1091 3145 1440 3216 cumingenti
1465 3149 1752 3207 devotione
1782 3169 1822 3224 ο

179 3229 241 3273 et
275 3222 490 3290 gaudio,
520 3224 732 3278 obviam
771 3243 1178 3297 processerunt.
1218 3237 1360 3291 Sane
1394 3254 1516 3292 cum
1543 3242 1655 3296 hmc
1687 3246 1752 3297 ad

181 3313 353 3383 hujus
381 3325 580 3370 nostra:
615 3322 1050 3392 congregationis
1081 3326 1328 3381 notitiam
1351 3335 1750 3402 pervenissent,

177 3405 549 3462 inaestimabili
607 3413 968 3471 exsultatione
1029 3419 1239 3488 repleti,
1304 3437 1366 3477 ac
1417 3426 1754 3487 solenmibus

175 3498 526 3552 vestimentis
579 3503 793 3569 induti,
852 3522 972 3560 cum
1011 3509 1352 3578 lampadibus
1416 3526 1470 3568 et
1525 3519 1755 3587 thymia-

176 3589 419 3641 tnatibus
485 3605 654 3658 usque
686 3594 750 3645 ad
810 3605 1020 3662 portam
1076 3609 1313 3655 veterem
1367 3605 1635 3671 exierunt,
1690 3626 1752 3666 ac

175 3692 340 3734 terra:
369 3684 623 3752 prostrati
652 3695 899 3741 sanctum
938 3694 1328 3764 evangelistam
1354 3697 1746 3758 adoraverunt:

174 3786 580 3847 surgentesque
605 3798 724 3837 cum
759 3785 992 3840 maxima
1051 3790 1362 3844 reverentia
1395 3793 1752 3852 deosculave-

174 3876 329 3933 runt,
366 3877 419 3920 et
454 3885 575 3923 cum
612 3870 824 3942 hymnis
851 3884 904 3928 et
929 3877 1178 3933 laudibus
1209 3880 1340 3935 illud
1395 3882 1447 3935 in
1478 3894 1750 3941 monaste-

172 3957 318 4011 rium
375 3960 796 4028 introducentes,
830 3979 992 4035 atque
1031 3970 1083 4022 in
1132 3987 1390 4042 argentea
1425 3992 1608 4046 capsa,
1636 3989 1747 4033 tur-

173 4049 317 4100 rium
352 4048 522 4105 instar
555 4063 754 4118 aptata,
801 4070 1047 4112 sanctum
1113 4061 1395 4120 brachium
1460 4073 1750 4128 recluden-

171 4149 277 4204 tes,
306 4140 356 4194 in
383 4155 636 4213 argentea
665 4148 816 4204 trabe
849 4165 975 4207 ante
1016 4153 1154 4209 beati
1198 4155 1474 4215 Benedicti
1495 4164 1744 4220 altarium

170 4235 602 4304 suspenderunt,
640 4254 786 4294 anno
843 4243 1137 4301 Dominicae
1187 4249 1589 4312 lncarnationis
1623 4260 1743 4311 mil—

171 4325 371 4380 lesimo
395 4329 696 4385 centesimo
733 4334 990 4388 vicesinto
1027 4340 1291 4394 secundo.
1331 4360 1348 4393 ι
1403 4344 1456 4397 In
1503 4347 1743 4402 Adnota-

171 4413 244 4466 tis
278 4415 464 4486 Angeli
499 4418 567 4472 de
600 4418 747 4476 Nuce
780 4423 1003 4479 editoris
1034 4429 1256 4488 additur
1308 4432 1587 4490 brachium
1612 4440 1739 4494 illud

169 4508 336 4560 modo
358 4510 583 4574 servari,
642 4512 696 4564 in
762 4514 917 4568 theca
975 4532 1249 4588 argentea,
1301 4525 1504 4582 brachii
1548 4530 1739 4590 forma.
1778 4509 1819 4563 Β

169 4597 578 4667 l‘apchrochius
625 4611 809 4656 noster
869 4603 920 4657 in
995 4607 1279 4666 ltinerario
1332 4615 1456 4680 51s.,
1520 4624 1662 4688 quod
1711 4640 1740 4677 a

167 4705 324 4743 mora
360 4688 602 4746 Romana
667 4709 842 4763 usque
875 4697 942 4751 ad
974 4700 1207 4755 reditum
1238 4703 1290 4758 in
1341 4704 1583 4779 Belgium
1611 4727 1739 4767 con-

164 4783 412 4848 scripsit,
446 4798 570 4853 pag.
611 4779 732 4848 108,
768 4785 912 4840 inter
958 4788 1231 4860 reliquias,
1277 4808 1413 4863 quas
1484 4797 1620 4852 vidit
1686 4803 1736 4856 in

164 4876 409 4929 sacrario
430 4875 884 4942 Casineusi,illud
916 4895 976 4934 os
1010 4882 1220 4940 brachii
1268 4891 1445 4945 sancti
1497 4891 1735 4951 Matthzei

165 4975 443 5021 τεερηεει.

241 5060 331 5113 94.
368 5059 538 5116 lloma
585 5063 637 5117 in
669 5064 833 5119 variis
884 5069 1131 5124 ecclesiis
1156 5070 1414 5142 reliquias
1437 5082 1735 5137 nonnullas

159 5149 344 5204 sancti
381 5150 617 5206 llatthaei
671 5155 913 5214 exhibet.
975 5157 1121 5213 lttter
1167 5176 1486 5219 numerosas
1553 5181 1733 5224 autem

163 5241 335 5297 Urbis
369 5244 626 5300 ecclesias
682 5263 784 5301 una
834 5261 918 5303 est
965 5263 1154 5309 sancto
1220 5255 1471 5313 Matthaao
1531 5261 1730 5329 dicata,

160 5350 290 5404 qua!
315 5340 724 5406 cognominatur
757 5342 809 5394 in
848 5343 1157 5413 Marulana,
1212 5365 1309 5418 pro
1363 5353 1417 5403 in
1462 5353 1729 5422 Maitana,

159 5426 294 5494 quia
317 5427 613 5497 propinqua
647 5442 730 5486 est
777 5436 992 5504 tmpmis
1040 5437 1218 5502 Marii,
1253 5453 1310 5496 ut
1336 5444 1466 5498 varii
1499 5448 1732 5517 scripto-

161 5535 258 5574 res
287 5534 559 5578 asserunt.
597 5524 947 5594 Martinellus,
975 5532 1028 5586 in
1058 5533 1224 5590 Roma
1248 5555 1427 5604 sacra,
1463 5558 1582 5615 pag.
1600 5546 1728 5609 257,

158 5613 362 5682 agitde
395 5616 495 5670 hac
565 5621 738 5673 sancti
767 5623 1000 5679 ilatthzei
1044 5629 1272 5684 ecclesia
1322 5633 1375 5685 in
1423 5613 1726 5701 Merulana,

155 5707 294 5758 alias
326 5705 596 5776 Mariana,
635 5711 688 5763 in
740 5715 960 5784 regione
989 5721 1281 5787 montium,
1311 5727 1492 5781 eundo
1518 5744 1546 5782 a
1581 5730 1728 5787 Basi-

152 5800 264 5852 lica
313 5796 367 5851 S.
403 5797 581 5856 Maria:
638 5801 854 5873 Majoris
905 5808 968 5862 ad
1026 5808 1369 5871 Lateranum.
1431 5819 1716 5879 Annexum

1870 1938 2029 2003 sima,
2065 1943 2154 1996 die
2182 1945 2581 2006 incarnationis
2615 1955 2860 2022 ejusdem
2897 1960 2956 2014 D.
3000 1963 3062 2016 Ν.
3095 1938 3226 2022 Jesu
3279 1938 3443 2025 Chri-

1866 2027 1956 2093 sti,
2018 2035 2369 2101 pontificatus
2433 2041 2494 2097 D.
2554 2044 2832 2103 Paschalis
2885 2051 3043 2121 Papae
3086 2057 3129 2110 ll
3185 2075 3329 2116 anno
3376 2064 3437 2119 11

1869 2120 2083 2188 (omnes
2107 2134 2252 2179 notat
2297 2132 2638 2188 concordant
2680 2151 2826 2190 anno
2867 2120 3021 2209 1111))
3072 2145 3320 2204 dedicata
3360 2163 3446 2207 est

1866 2215 2190 2271 venerabilis
2217 2217 2333 2273 haec
2369 2224 2602 2279 ecclesia
2638 2228 2691 2279 in
2729 2227 2991 2286 honorem
3032 2235 3144 2302 Dei,
3176 2239 3235 2294 B.
3264 2243 3442 2301 Mariae

1864 2319 2084 2377 semper
2117 2308 2371 2382 Virginis,
2424 2325 2480 2370 et
2532 2317 2675 2375 beati
2702 2327 2932 2394 apostoli
2989 2338 3044 2384 et
3096 2337 3444 2405 evangelista}

1865 2396 2123 2466 Matthaei,
2163 2418 2286 2458 cum
2319 2418 2554 2476 quatuor
2590 2413 2877 2484 altaribus,
2906 2435 3027 2489 qua:
3072 2435 3203 2479 sunt
3245 2429 3296 2482 in
3352 2445 3438 2486 ea.

1864 2490 1995 2557 Quze
2023 2499 2362 2554 consecratio
2394 2501 2535 2557 facta
2560 2515 2645 2558 est
2665 2521 2693 2559 a
2724 2509 2950 2577 praefato
2981 2513 3227 2584 domino,
3271 2530 3326 2575 et
3349 2537 3441 2577 ve-

1869 2583 2278 2640 nerabilissimo
2309 2589 2568 2647 Pontilice
2599 2595 2846 2653 Paschali
2880 2603 2923 2657 ll
2955 2621 3110 2674 papa.
3161 2583 3218 2662 In
3251 2615 3440 2682 majori

1863 2672 2131 2741 siquidem
2168 2674 2326 2732 altari
2359 2684 2654 2740 celebravtt
2683 2688 2824 2745 idem
2852 2691 2912 2747 D.
2943 2672 3081 2771 papa
3125 2672 3351 2757 missani
3384 2706 3439 2760 in

1863 2765 2219 2852 honoremB.
2249 2772 2512 2830 Matthtci.
2534 2779 2896 2850 Coadjutores
2930 2765 3058 2845 vero
3085 2794 3201 2863 ejus
3217 2794 3441 2854 fuerunt

1863 2869 2072 2926 septem
2103 2877 2117 2923 ;
2143 2842 2412 2919 .vidclicet
2444 2866 2749 2938 Baynerius
2805 2878 2870 2929 de
2911 2879 3082 2944 Ostia,
3113 2842 3442 2944 JRiccardus

1861 2950 1927 3004 de
1962 2951 2146 3016 Portu,
2185 2955 2379 3013 Petrus
2400 2961 2466 3016 de
2504 2963 2729 3032 Tibure,
2750 2968 2999 3028 Julianus
3029 2978 3094 3030 de
3121 2977 3438 3050 Ferentino,

1859 3043 2182 3102 Anastasius
2215 3051 2282 3105 de
2311 3053 2470 3118 Alba,
2494 3057 2688 3113 Petrus
2720 3062 2787 3115 de
2805 3064 3142 3135 Tusculano,
3170 3073 3440 3131 Antoninus

1860 3134 1926 3188 de
1956 3137 2185 3203 Amelia,
2211 3149 2572 3210 praesentibus
2606 3153 2861 3209 omnibus
2888 3154 2946 3211 S.
2989 3159 3054 3216 ll.
3179 3163 3439 3221 Cardina-

1862 3228 2023 3295 libus,
2057 3236 2410 3304 presbyteris,
2434 3251 2491 3295 et
2515 3242 2860 3312 diaconibus,
2886 3265 3117 3306 necnon
3141 3255 3432 3314 innumera

1857 3319 1984 3374 cieri
2015 3337 2069 3377 et
2090 3332 2279 3396 populi
2303 3332 2531 3388 Romani
2561 3339 2933 3398 multitudine.

1926 3436 2015 3492 95.
2056 3437 2112 3492 ln
2145 3444 2331 3514 ntajori
2365 3457 2547 3503 autem
2574 3453 2748 3520 altari,
2786 3472 3108 3519 consecrato
3142 3480 3171 3519 a
3207 3469 3433 3538 praefato

1856 3528 1919 3583 ι).
1957 3546 2113 3600 papa,
2145 3537 2232 3589 cui
2269 3539 2432 3594 etiam
2469 3546 2673 3612 praefati
2701 3552 2942 3622 episcopi
2971 3559 3280 3626 astiterunt,
3316 3565 3435 3618 fue-

1856 3631 1982 3674 runt
2006 3624 2086 3675 ha:
2107 3627 2345 3696 reliquia:
2380 3635 2654 3693 collocata:
2673 3657 2686 3694 :
2713 3653 2765 3696 et
2787 3645 2959 3713 primo
2979 3647 3044 3703 de
3065 3649 3212 3722 ligno
3231 3668 3433 3714 sancta:

1853 3711 2063 3781 Crucis,
2101 3719 2385 3777 brachium
2427 3732 2598 3783 sancti
2633 3711 2890 3799 Matthei,
2934 3741 3000 3794 de
3042 3711 3218 3811 lapide
3248 3711 3425 3818 sepul:

1854 3807 1933 3862 cri
1967 3809 2168 3866 Christi
2201 3824 2356 3871 etc...
2392 3818 2457 3872 Et
2481 3837 2578 3892 ego
2619 3821 2895 3883 Paschalis
2931 3846 3066 3900 papa
3097 3807 3429 3898 universalis

1854 3897 2112 3955 Ecclesiae
2142 3919 2263 3958 cum
2290 3909 2530 3976 praefatis
2561 3916 2828 3989 episcopis
2868 3923 2965 3979 has
2998 3940 3309 3988 sanctorum
3344 3954 3428 3992 re-

1852 3986 2043 4058 liquias
2089 3997 2256 4050 oculis
2302 4005 2536 4069 propri-is
2571 4009 2698 4071 vidi,
2751 4010 3112 4087 manibusque
3148 4026 3286 4079 meis
3334 4039 3424 4083 at-

1855 4085 2101 4148 trectati,
2161 4097 2214 4141 et
2243 4093 2516 4149 recondidi
2573 4112 2695 4154 cum
2750 4104 2975 4176 antiquo
3025 4085 3183 4170 titulo
3214 4116 3268 4172 in
3301 4135 3427 4178 arca

1850 4358 2024 4416 Martii
2054 4380 2227 4434 usque
2266 4371 2332 4424 ad
2371 4370 2631 4430 Octavam
2686 4379 3066 4458 Pentecostes;
3105 4404 3158 4450 et
3203 4397 3255 4451 iu
3283 4400 3425 4458 festo

1849 4453 2022 4507 sancti
2070 4455 2307 4514 Marthmi
2353 4463 2413 4516 2i
2469 4465 2824 4538 Septembris.
2865 4477 3134 4540 Caeterum
3162 4506 3258 4559 per
3296 4493 3425 4548 brar-

1849 4541 2030 4599 chtum
2060 4552 2231 4603 sancti
2283 4553 2538 4620 Matthaei,
2576 4566 2718 4630 quod
2750 4567 2802 4620 in
2851 4573 3003 4628 altari
3055 4541 3418 4653 reconditum,

1849 4631 1984 4653 -11--"
2037 4635 2057 4653 J
2190 4641 2201 4653 '
2324 4645 2394 4653 ⁸⁵·
2445 4649 2455 4653 ‘

1845 4631 2058 4700 aliquod
2084 4653 2145 4693 os
2187 4641 2396 4700 brachii
2442 4649 2849 4726 intelligendum
2900 4678 3050 4733 puto,
3095 4687 3203 4730 non
3245 4631 3417 4736 totun;

1843 4720 2148 4784 brachium.
2185 4730 2498 4795 Pancirolus
2528 4744 2576 4798 in
2604 4761 2768 4819 opere
2793 4752 2980 4811 Italico
3018 4759 3093 4815 De

1841 5187 2187 5256 reliquiarum
2230 5199 2475 5273 adjungit
2509 5211 2682 5264 sancti
2721 5211 2955 5273 Matthaei
2988 5236 3190 5279 costam
3224 5231 3410 5290 haberi

1838 5274 1888 5328 in
1920 5282 2144 5337 ecclesia
2177 5286 2234 5343 S.
2265 5290 2471 5349 Nicolai
2503 5298 2555 5352 in
2587 5301 2834 5363 Carcere.
2870 5310 2964 5368 llis
2995 5319 3248 5378 omnibus
3278 5340 3410 5381 con-

1836 5373 2001 5424 sentit
2033 5374 2222 5433 Piazza
2255 5382 2309 5438 in
2349 5385 2723 5465 llemerologio
2763 5415 2920 5458 sacro
2949 5407 3014 5461 ad
3065 5409 3210 5467 hunc
3243 5417 3404 5480 diem.

1837 5460 1927 5520 llbl
1953 5468 2120 5535 addit,
2153 5476 2399 5530 nonnihil
2437 5482 2599 5537 etiam
2638 5460 3003 5561 reliquiarum
3054 5506 3226 5559 sancti
3271 5462 3407 5567 Mat:

1835 5557 1957 5611 thaei
1988 5565 2190 5642 servari
2227 5566 2281 5618 in
2311 5567 2531 5627 basilica
2565 5575 2819 5636 Vaticana
2852 5593 3023 5644 sancti
3066 5591 3232 5664 Petri,
3262 5611 3315 5656 et
3348 5605 3403 5659 in

1833 5651 2076 5706 ecclesiis
2122 5667 2430 5715 sanctorum
2497 5671 2864 5736 apostolorum
2916 5691 2969 5735 et
3025 5685 3085 5740 S.
3141 5689 3400 5761 Caecilia;

1833 5743 2085 5812 variaque
2135 5762 2416 5808 enumerat
2462 5754 2646 5815 Romae
2675 5770 2845 5826 sancti
2889 5770 3126 5835 Matthxi
3178 5743 3399 5856 sacella:

1830 5849 1949 5903 quaa
1978 5835 2255 5897 brevitatis
2285 5858 2445 5900 causa
2484 5850 2662 5910 mitto.
