4156 6314
793 338 900 400 807

2021 331 2304 395 MENSIS
2335 330 2803 392 SEPTEMBER.

3932 331 4031 395 808

860 446 948 501 96.
999 444 1235 500 Masinus
1286 446 1338 498 in
1394 445 1629 498 Bononia
1676 445 2024 510 pcrlustmta,
2080 462 2203 516 pag.
2259 441 2423 501 666A
2456 440 2699 510 catalogo
2753 440 3099 510 reliquiarum
3154 434 3437 509 utriusque
3486 441 3806 495 monasterii
3854 442 4028 495 nullas

792 546 1036 598 testatur,
1071 526 1326 590 Bononia:
1351 551 1468 589 esse
1488 537 1773 591 ecclesiam
1801 537 2143 606 paraecialem
2167 545 2359 590 sancto

789 626 1042 681 Matth-.20
1072 625 1326 688 dicatam,
1360 626 1415 678 in
1457 641 1560 694 qua
1592 627 1760 696 ipsius
1792 628 2059 682 festivitas
2087 628 2360 697 praecipue

787 717 1130 778 celebratur,
1164 716 1217 768 in
1249 718 1348 770 alia
1396 732 1526 770 vero
1555 718 1782 773 ecclesia
1830 715 2141 785 parochiali,
2175 727 2361 769 sancto

789 805 1012 860 Nicolao
1058 823 1233 871 sacra,
1263 809 1501 878 ejusdem
1555 809 1783 878 apostoli
1819 808 2098 861 brachium
2143 805 2359 876 aliquod

788 899 1120 960 conservari,
1155 899 1337 968 ibique
1362 899 1758 953 solemnitatem
1794 898 1910 966 ejus
1943 897 2203 951 celebrari
2234 910 2358 950 cum

790 991 1138 1060 indulgentiis
1215 989 1497 1060 pleuariis.
1557 990 1879 1044 Laurentius
1921 986 2255 1058 Beycrlinck,
2308 989 2361 1040 in

794 1082 1013 1135 'l‘lieatro
1043 1082 1160 1135 vila’
1188 1084 1452 1146 humanm,
1488 1090 1618 1135 tom.
1655 1083 1738 1145 Vl,
1775 1083 1839 1137 ad
1874 1096 2057 1136 vocem
2082 1081 2356 1150 Reliquia’,

790 1184 1040 1228 recenset
1073 1190 1193 1244 pag.
1231 1175 1335 1227 505
1388 1175 1638 1244 reliquias
1675 1175 1873 1228 multas
1903 1174 2121 1242 Neapoli
2170 1189 2358 1228 serva-

788 1278 888 1328 tas,
935 1269 1182 1335 interque
1222 1284 1312 1319 eas
1357 1269 1534 1321 sancti
1586 1267 1820 1321 Matthaei
1856 1267 2113 1336 reliquias
2167 1267 2359 1319 tribuit

786 1359 1029 1413 ecclesia:
1077 1358 1132 1412 S.
1197 1359 1375 1413 Maria:
1419 1361 1486 1412 de
1536 1359 1833 1427 Sapientia,
1876 1367 1929 1412 ct
1957 1373 2075 1427 pag.
2110 1358 2212 1412 501
2235 1372 2355 1412 ossa

785 1452 955 1504 sancti
983 1451 1219 1506 Matthxi
1247 1451 1304 1505 S.
1341 1451 1517 1506 Mariis
1554 1453 1618 1504 de
1641 1451 1978 1520 ~virginibus.
2010 1451 2154 1504 inter
2181 1449 2356 1503 eccle-

783 1541 894 1595 sias
926 1541 1185 1610 plurimas
1218 1543 1367 1595 urbis
1409 1542 1646 1598 Venetiae
1684 1556 1789 1594 una
1821 1555 2038 1610 quoque
2085 1548 2168 1594 est
2203 1554 2359 1608 paro-

779 1635 971 1688 chialis
1006 1645 1194 1689 sancto
1240 1633 1494 1688 Matthzeo
1529 1649 1700 1696 sacra,
1751 1645 1806 1687 ut
1834 1644 2090 1688 accurate
2129 1633 2350 1700 exponit

780 1726 1178 1782 illustrissimus
1209 1727 1442 1795 scriptor
1495 1726 1760 1795 nobisque
1789 1726 2177 1788 amicissimus,
2230 1724 2349 1777 Fla-

779 1817 978 1871 minius
1038 1816 1340 1880 Cornelius,
1406 1828 1625 1870 senator
1681 1817 1938 1880 Venetus,
1998 1816 2049 1869 in
2113 1816 2343 1886 eleganti

776 1925 944 1981 Opere
995 1909 1069 1963 De
1103 1910 1335 1962 ecclesiis
1383 1907 1612 1971 Venetis,
1664 1909 1781 1964 dec.
1815 1925 1884 1973 iv,
1933 1925 2052 1979 pag.
2103 1909 2224 1977 173,
2257 1907 2343 1962 ubi

776 2001 968 2056 recitat
1000 2001 1338 2054 laudationis
1389 2000 1601 2055 litteras
1648 2014 1712 2053 ex
1761 2000 2118 2072 autograplio.
2152 1999 2226 2052 Ex
2263 1999 2346 2053 his

776 2102 928 2147 recte
981 2091 1222 2156 deducit,
1267 2091 1638 2146 fundationem
1689 2092 1858 2148 fuisse
1908 2094 2127 2156 factam,
2158 2109 2344 2148 mense

775 2182 1070 2238 Februario
1103 2183 1229 2236 anni
1265 2183 1404 2237 1155
1431 2199 1580 2236 more
1613 2183 1819 2237 Veneto
1859 2191 1913 2237 et
1943 2184 2168 2238 aliorum
2201 2185 2346 2237 illius

777 2275 1057 2346 temporis,
1102 2283 1159 2329 ut
1189 2275 1359 2343 liquet
1389 2290 1452 2330 ex
1503 2274 1800 2328 indictione
1836 2292 1886 2330 iv
1915 2276 1966 2329 in
2011 2276 2206 2329 litteris
2251 2276 2347 2330 ad-

771 2370 934 2437 jecta,
967 2384 1072 2437 qua
1113 2368 1428 2437 designatur
1480 2383 1656 2420 annus
1693 2367 1862 2432 “56;
1895 2367 1987 2421 sed
2025 2381 2210 2421 mense
2241 2366 2345 2421 Fe-

775 2463 995 2517 bruario
1044 2460 1301 2530 pergebat
1356 2470 1486 2516 tunc
1521 2474 1742 2517 currere
1781 2473 1960 2513 annus
2010 2459 2146 2513 1156
2175 2474 2344 2529 usque.

771 2556 840 2610 ad
867 2554 1091 2618 Pascha,
1135 2563 1227 2608 aut
1272 2565 1421 2609 certe
1465 2569 1634 2624 usque
1678 2553 1994 2608 ad-.festum
2034 2554 2342 2607 Annuntia-

773 2651 960 2714 tionis,
995 2651 1108 2704 sive
1139 2649 1283 2703 diem
1313 2645 1382 2703 25
1416 2647 1612 2702 Martii.
1646 2646 1921 2700 Fundator
1971 2646 2213 2701 ecclesim
2244 2644 2346 2700 fuit

775 2741 1092 2796 Leonardus
1155 2740 1472 2804 Cornarius,
1544 2738 1702 2808 cujus
1765 2738 1963 2792 littera:
2024 2738 2342 2802 recitantur,

771 2835 1227 2905 quemadmodum
1263 2842 1320 2888 et
1350 2833 1452 2887 alia
1485 2831 1730 2896 donatio,
1773 2847 1894 2901 qua:
1924 2847 2067 2886 anno
2106 2831 2240 2886 1166
2277 2832 2341 2885 ad

775 2929 1001 2994 primam
1034 2926 1283 2981 accessit.
1315 2925 1517 2981 Deinde
1545 2940 1610 2978 ex
1637 2931 1907 2977 vetustate
1930 2923 2186 2977 fatiscens
2209 2933 2343 2976 tem-

773 3026 920 3091 plum
958 3022 1291 3076 instauratur
1318 3035 1462 3074 anno
1497 3017 1710 3073 Domini
1755 3017 1914 3082 1615,
1945 3025 2004 3071 ιιι
2054 3033 2116 3071 ex
2150 3017 2343 3070 inscri-

775 3116 960 3185 ptionc
996 3126 1299 3167 marmorea
1333 3112 1626 3166 edocemur
1667 3109 1858 3180 parieti
1885 3109 2061 3173 allisa,
2103 3129 2122 3162 ι
2166 3110 2344 3177 inquit

771 3204 1078 3268 Cornelius,
1137 3203 1282 3258 illam
1342 3204 1597 3257 recitans.
1651 3200 1795 3256 Idem
1842 3203 2002 3271 paulo
2051 3210 2176 3270 post
2221 3201 2341 3253 ait:

780 3297 1109 3350 «Postremo
1143 3309 1264 3348 cum
1292 3293 1491 3348 nostris
1519 3293 1670 3346 hisce
1695 3291 2028 3360 temporibus
2063 3293 2126 3346 ad
2160 3292 2344 3346 ruinas

771 3399 1037 3459 vergeret.
1091 3386 1292 3439 Nicolai
1341 3384 1531 3439 Milesii
1585 3384 1800 3454 plebaui
1845 3385 2025 3438 studio
2079 3400 2109 3438 a
2153 3385 2344 3439 funda-

771 3481 970 3534 mentis
1001 3481 1053 3531 in
1085 3477 1473 3549 elegantiorem
1522 3476 1751 3531 formam
1796 3476 2128 3538 restituitur,
2165 3489 2342 3528 sacra-

769 3588 876 3639 que
926 3571 1262 3641 supellectile
1307 3579 1360 3622 et
1405 3567 1742 3621 ornamentis
1795 3566 2012 3634 copiose
2057 3565 2345 3620 instruitur

769 3678 913 3716 anno
943 3661 1155 3714 Domini
1192 3657 1328 3712 1755
1360 3674 1455 3729 per
1488 3657 1764 3728 Aloysium
1794 3653 2087 3710 Foscarum
2117 3657 2345 3726 patriar-

769 3758 928 3810 cbam
966 3745 1232 3808 Venatum
1263 3763 1634 3811 consecratur.
1671 3771 1688 3803 ι
1724 3749 1796 3806 De
1832 3750 2073 3819 reliquiis
2099 3750 2342 3819 ejusdem

770 3846 1012 3902 ecclesiae
1044 3854 1236 3900 auctor
1263 3859 1383 3914 pag.
1421 3843 1520 3896 175
1561 3842 1752 3896 scribit
1782 3859 1793 3894 :
1834 3860 1850 3891 I
1890 3839 2172 3894 Nonnullis
2204 3840 2342 3893 dita-

773 3948 858 3993 tur
909 3939 1163 3993 Divorum
1223 3937 1465 4006 Iipsanis,
1523 3949 1721 4004 nempe
1771 3949 1834 3987 ex
1889 3933 2106 3988 ossibus
2170 3932 2342 3987 sancti

769 4028 998 4100 apostoli
1039 4028 1329 4090 Tutelaris,
1363 4045 1380 4077 ι
1415 4034 1521 4080 etc.
1560 4024 1717 4077 Plura
1749 4024 1815 4079 de
1865 4025 1951 4078 illa
1995 4022 2223 4079 ecclesia
2258 4024 2345 4079 di-

774 4125 1002 4194 ligenter
1030 4121 1230 4177 ibidem
1265 4122 1552 4174 observata
1585 4117 1757 4172 videri
1785 4126 2041 4186 possunt.

841 4213 932 4267 97.
973 4211 1258 4266 Cornelius
1311 4220 1491 4264 autem
1535 4209 1590 4263 in
1637 4207 1914 4278 Opusculo
1964 4208 2032 4262 de
2087 4207 2342 4262 Ecclesiis

769 4303 1124 4367 Torcellanis,
1159 4303 1300 4372 quin]
1335 4303 1500 4374 priori
1537 4302 1762 4368 addidit,
1818 4302 1925 4355 duo
1960 4303 2196 4373 assignat
2230 4315 2349 4354 mo-

769 4398 1008 4453 nasteria
1056 4396 1376 4450 monialium
1431 4401 1619 4451 sancto
1655 4395 1908 4448 Matthiae
1953 4403 2178 4448 sacrata.
2230 4391 2345 4445 Pri-

2454 533 2620 586 saneti
2655 532 2889 586 Matthaai
2925 533 3166 587 invenio.
3216 533 3285 585 At
3317 535 3487 589 sancti
3521 533 3759 588 Mattbrei
3797 535 4032 603 reliquiae

2452 641 2594 678 anno
2625 625 2761 678 1551
2791 625 3012 679 inclusm
3040 626 3262 679 fuerunt
3294 627 3345 678 in
3393 625 3547 679 altari
3578 629 3754 679 sancti
3796 629 4029 680 Ahundii

2452 718 2592 785 quod
2630 717 2842 772 Sublaci
2904 718 2958 770 in
3007 718 3160 771 Latio
3207 725 3336 772 tunc
3378 721 3722 772 consecravit
3777 719 4030 772 Andreas

2453 809 2676 863 Crucius
2705 809 2995 878 episcOpus
3027 809 3368 872 Tiburtinus,
3403 823 3460 863 ut
3512 809 3674 862 habet
3717 810 4028 878 inscriptio,

2455 902 2575 954 data
2615 912 2744 955 tom.
2777 902 2840 955 V'l
2870 903 3098 971 Augusti
3141 917 3264 971 pag.
3290 903 3413 955 655.
3462 902 3714 956 Roccbus
3755 903 3952 954 Pirrus
3986 905 4033 954 in

2455 993 2636 1047 Sicilia
2668 1011 2842 1055 sacra,
2877 1005 3007 1048 tom.
3042 995 3106 1058 ll,
3143 1011 3266 1065 pag.
3303 996 3426 1057 474,
3458 996 3545 1049 tibi
3578 1007 3876 1048 enumerat
3908 998 4031 1048 reli-

2453 1088 2606 1154 quias
2635 1085 2879 1139 ecclesiae
2928 1085 3256 1138 cathedralis
3290 1084 3769 1153 Cephalaeditana‘,
3802 1086 3879 1138 ait
3922 1102 4035 1138 eam

2452 1177 2685 1246 gaudere
2721 1175 2854 1242 pede
2884 1176 3097 1242 integro
3130 1191 3252 1230 cum
3288 1178 3425 1245 pelle
3458 1177 3516 1229 Β.
3555 1176 3822 1231 Matthxi.
3856 1176 4035 1231 Sic-itis

2455 1266 2659 1336 insigne
2684 1265 2942 1334 oppidum
2972 1265 3185 1326 Siciliae,
3217 1268 3268 1319 in
3309 1267 3444 1320 valle
3479 1267 3671 1320 Netina
3709 1276 3769 1321 et
3807 1269 4036 1322 dirrcesi

2456 1359 2818 1426 Syracusana,
2857 1371 2964 1408 non
3001 1357 3190 1425 procul
3219 1372 3247 1409 a
3285 1356 3474 1410 Netina
3502 1358 3745 1420 civitate,
3779 1367 4036 1412 sanctum

2455 1448 2768 1501 Matthasnm
2797 1457 3089 1501 veneratur
3119 1456 3408 1516 patronum
3435 1448 3732 1509 titularcm,
3760 1451 3852 1502 cui
3889 1451 4041 1503 dedi-

2452 1549 2568 1593 cata
2597 1548 2678 1592 est
2709 1539 2964 1607 primaria
2999 1539 3225 1593 ecclesia
3272 1540 3622 1607 parochialis.
3665 1539 3786 1594 Non
3821 1541 4034 1600 dubito.

2451 1633 2579 1700 quin
2613 1639 2666 1682 et
2693 1631 2811 1684 aliae
2852 1639 3140 1684 serventur
3164 1631 3439 1700 particula:
3467 1632 3829 1700 reliquiarum
3863 1637 4033 1687 sancti

2453 1723 2690 1778 Matthaei
2724 1725 2774 1776 in
2808 1724 2956 1777 ltalia
2987 1733 3042 1776 et
3075 1722 3295 1788 Sicilia;
3345 1724 3438 1777 sed
3466 1738 3658 1776 omnes
3705 1739 4036 1777 enumerare

2455 1830 2558 1868 non
2589 1823 2671 1868 est
2708 1824 2869 1869 tanta:
2903 1816 3264 1882 necessitatis,
3292 1824 3509 1885 quanta:
3533 1814 3904 1869 dillicultatis.
3933 1816 4034 1868 lia-

2453 1923 2556 1976 que
2591 1907 2644 1959 in
2677 1905 3019 1961 Germaniam
3055 1917 3294 1973 transeo,
3348 1907 3640 1963 nonnullas
3681 1917 3738 1961 et
3787 1908 3863 1962 ibi
3906 1910 4039 1963 assi.

2455 2007 2736 2068 gnaturus.

2524 2091 2609 2147 98.
2653 2091 2947 2162 Pragenses
2989 2093 3042 2145 in
3081 2091 3338 2146 Bobemia
3389 2092 3585 2146 multas
3619 2093 3873 2147 ecclesia:
3927 2110 4040 2148 sua

2451 2185 2754 2238 attribuunt
2789 2184 2962 2237 sancti
2998 2183 3231 2237 Matthxi
3263 2184 3539 2252 reliquias.
3575 2184 3822 2237 Thomas
3868 2185 4038 2238 Joan-

2451 2292 2551 2331 nes
2589 2275 2832 2340 Pessina,
2883 2277 2934 2330 in
2991 2276 3296 2346 Pliosp/ioro
3342 2276 3616 2348 Pragensi,
3649 2293 3775 2349 pag.
3811 2278 3920 2332 518
3948 2294 4037 2331 eas

2453 2370 2532 2425 sic
2562 2377 2888 2424 enumerat:
2929 2368 3146 2424 «Sancti
3188 2370 3423 2424 Mattbmi
3448 2369 3674 2439 apostoli
3713 2379 3768 2423 et
3796 2385 4038 2440 evange-

2453 2462 2585 2516 lista
2612 2477 2708 2532 pes
2763 2465 2991 2531 integer,
3023 2473 3078 2516 et
3129 2463 3412 2517 brachium
3461 2477 3586 2516 cum
3648 2462 3839 2529 pelle:
3887 2474 4037 2516 costa

2452 2567 2675 2627 argento
2723 2556 3080 2620 circumdata,
3140 2566 3194 2610 et
3241 2560 3399 2611 dens.
3452 2556 3585 2611 item
3642 2557 3747 2611 alia
3797 2567 4036 2626 quatuor

2453 2664 2602 2714 ossa,
2643 2648 2799 2702 simul
2839 2650 2887 2702 in
2913 2657 3169 2717 argentea
3201 2649 3355 2703 theca
3399 2651 3742 2719 composita:
3779 2650 3890 2703 alia
3939 2651 4037 2703 ite-

2452 2758 2570 2797 rum
2604 2741 2859 2796 notabilis
2885 2756 3030 2810 pars.
3071 2761 3089 2791 ›
3129 2740 3255 2796 Haec
3297 2741 3494 2796 dicitur
3525 2757 3648 2809 pars
3688 2742 3756 2796 de
3805 2745 4039 2797 humero

2453 2835 2506 2887 in
2533 2834 2788 2903 Catalogo
2820 2834 3084 2902 impresso
3119 2832 3470 2902 reliquiarum
3497 2832 3882 2904 Pragensium,
3918 2848 4037 2902 qua:

2452 2940 2595 2978 anno
2633 2926 2763 2980 1615
2790 2941 2854 2980 ex
2883 2941 3008 2981 arce
3037 2926 3180 2997 regia
3225 2924 3530 2980 Carlsteina
3577 2925 3630 2980 in
3676 2928 4032 2996 metropolim

2453 3027 2580 3072 sunt
2612 3018 2902 3084 translatae,
2933 3019 2987 3073 in
3011 3032 3116 3088 quo
3142 3027 3197 3074 et
3221 3018 3444 3086 reliqua:
3479 3030 3865 3073 recensentur.
3889 3018 4034 3083 Quin

2451 3120 2506 3165 et
2531 3110 2603 3164 ibi
2635 3111 2865 3180 septimo
2890 3109 3085 3165 ordine
3134 3124 3283 3164 num.
3317 3109 3385 3164 56
3412 3107 3689 3163 adduntur
3718 3111 4031 3177 sequentia,

2449 3202 2651 3265 nescio,
2683 3217 2750 3254 an
2791 3202 2925 3254 satis
2954 3210 3141 3256 recte:
3201 3220 3218 3252 ι
3261 3201 3448 3256 Sancti
3491 3200 3731 3254 Matthxi
3793 3202 4036 3272 apostoli

2446 3305 2497 3347 et
2545 3291 2889 3363 evangelista:
2937 3291 3220 3346 brachium
3280 3305 3569 3362 utrumque
3609 3309 3736 3346 cum
3782 3295 3930 3364 pelle
3982 3305 4044 3351 et

2446 3401 2630 3441 carne.
2671 3405 2688 3436 ι
2721 3393 2791 3440 At
2819 3384 2871 3439 in
2903 3384 3148 3456 catalogo
3169 3399 3271 3440 ms.
3313 3386 3692 3455 reliquiarum,
3736 3402 3806 3440 ex
3841 3387 4029 3440 Galen-

2446 3476 2597 3531 dario
2623 3476 2904 3547 Pragcnsis
2933 3477 3180 3532 ecclesia:
3213 3489 3482 3542 extracto,
3510 3492 3669 3544 quem
3702 3493 3857 3534 anno
3894 3479 4027 3531 1617

2450 3569 2552 3623 huc
2587 3569 2732 3622 misit
2755 3569 2817 3622 Ρ.
2851 3569 3171 3624 Theodorus
3205 3569 3459 3632 Muretus,
3499 3569 3612 3624 haec
3632 3569 3814 3624 solum
3845 3571 4028 3641 legun-

2450 3670 2535 3714 tur
2564 3661 2629 3714 ad
2669 3659 2732 3714 91
2769 3657 3141 3728 Septembris:
3177 3678 3195 3711 σ
3229 3658 3412 3716 Sancti
3449 3660 3686 3716 Matthxi
3716 3665 4028 3732 apostoliet

2447 3751 2805 3820 evangelista),
2836 3751 2927 3815 qui
2961 3751 3104 3819 apud
3130 3750 3462 3820 Ethiopiam
3495 3753 3809 3822 pradicans
3834 3764 4027 3823 marty-

2448 3843 2587 3897 rium
2619 3857 2808 3912 passus
2839 3845 2938 3895 est.
2965 3841 3134 3911 Cujus
3155 3842 3426 3912 reliquias,
3451 3843 3702 3899 videlicet
3739 3845 4029 3916 imagine-in

2446 3949 2694 4005 magnam
2729 3948 2850 3988 cum
2885 3943 3110 4005 argento
3139 3941 3193 3988 et
3221 3949 3356 3989 auro
3379 3933 3717 4001 decoratam,
3755 3947 4031 3992 tenentem

2445 4037 2654 4083 costam
2702 4029 2821 4096 ejus
2875 4027 2932 4080 in
2979 4027 3251 4093 manibus,
3310 4043 3445 4097 quas
3502 4027 3715 4081 invenit
3753 4029 4032 4097 piissimus

2445 4122 2698 4191 princeps
2732 4121 2958 4175 Carolus
2983 4120 3071 4182 IV,
3097 4129 3202 4175 etc.
3233 4119 3454 4176 donavit
3476 4121 3727 4176 ecclesia:
3752 4119 4032 4192 Pragensi.

2449 4212 2571 4268 Haec
2604 4213 2716 4266 ibi:
2758 4225 2813 4265 at
2867 4227 2968 4284 ego
3018 4213 3212 4268 lubens
3260 4213 3390 4282 ipsis
3425 4211 3801 4283 Pragensibus
3839 4215 4036 4269 exami-

2447 4303 2685 4358 nandum
2731 4302 3054 4373 relinquam,
3085 4311 3348 4371 quantum
3399 4302 3635 4356 habeant
3665 4305 4033 4373 reliquiarum

2448 4399 2618 4453 sancti
2660 4397 2916 4452 Matthaei.
2968 4395 3258 4452 Bucelinus
3302 4395 3356 4450 in
3388 4396 3628 4452 sacrario
3664 4397 4033 4454 Benedictino

773 4505 922 4543 mum
956 4497 1041 4544 est
1072 4489 1458 4541 monasterium
1493 4487 1663 4541 sancti
1699 4485 1932 4538 Matthxi
1968 4485 2035 4538 de
2075 4483 2342 4550 Majurbio
2375 4483 2421 4541 Ι)
2450 4491 2592 4558 quod
2635 4490 2805 4544 edidit
2837 4505 2979 4544 anno
3007 4490 3164 4552 1656.
3209 4488 3274 4543 ad
3307 4488 3371 4544 21
3425 4487 3771 4557 Septembris
3811 4492 3886 4546 de
3920 4492 4040 4546 reli-

769 4583 976 4637 ordinis
1011 4579 1412 4642 Cisterciensis,
1441 4577 1584 4648 quod
1618 4587 1777 4632 antea
1809 4578 1861 4630 in
1893 4577 1994 4630 alia
2029 4576 2202 4631 insula
2229 4576 2344 4629 fuc-

771 4686 854 4730 rat
883 4683 1278 4736 constructum,
1303 4673 1567 4728 videlicet
1593 4672 1644 4725 in
1671 4671 2076 4736 Constantiaco,
2109 4671 2341 4740 indeque

770 4767 836 4820 de
872 4777 1146 4818 consensu
1185 4764 1424 4833 episcopi
1456 4763 1762 4816 Torcellani
1789 4763 1844 4814 in
1887 4762 2210 4830 Majurbiuin
2261 4761 2342 4813 in-

771 4858 944 4911 sulam
1003 4854 1108 4910 fuit
1155 4855 1499 4910 translatum.
1551 4862 1612 4907 ut
1653 4853 1757 4906 late
1809 4851 2099 4922 exponitur
2150 4860 2342 4920 part.t

769 4949 912 5004 illius
943 4947 1201 5016 Opusculi
1233 4963 1354 5018 pag.
1379 4945 1485 5000 299
1506 4955 1559 5000 et
1590 4961 1743 5016 seqq.
1769 4943 1946 4997 Prima
1981 4943 2224 4998 fundatio
2245 4958 2342 4996 no-

773 5049 915 5095 tatur
949 5037 1087 5092 i’acta
1115 5053 1260 5092 anno
1295 5037 1448 5098 I218,
1487 5037 1539 5089 in
1591 5036 1999 5098 Constantiaco,
2040 5051 2160 5105 pag.
2197 5035 2338 5099 316;

771 5132 866 5186 sed
899 5139 1024 5184 ante
1051 5130 1212 5184 t‘mem
1247 5129 1490 5198 ejusdem
1532 5127 1715 5185 seculi
1762 5127 2152 5182 monasterium
2183 5141 2337 5180 suum

769 5221 834 5275 ad
867 5221 1101 5275 insulam
1134 5219 1457 5290 Majurbium
1493 5220 1887 5272 transtulerunt
1932 5219 2216 5273 moniaies.
2253 5219 2343 5269 Al-

771 5323 946 5367 terum
973 5323 1055 5367 est
1085 5312 1473 5366 monasterium
1509 5309 1822 5364 monialium
1851 5310 2055 5363 ordinis
2080 5309 2134 5361 S.
2169 5309 2341 5363 Beneo

770 5408 896 5461 dicti
934 5408 986 5460 in
1043 5407 1215 5460 insula
1251 5403 1495 5458 Muriana
1542 5402 1784 5472 ejusdem
1836 5401 2087 5458 diceccsis
2120 5401 2342 5454 Torcel-

771 5501 928 5561 lanae.
969 5509 1026 5553 ut
1075 5500 1296 5568 exponit
1357 5498 1659 5562 Cornelius,
1699 5508 1838 5566 part.
1889 5514 1923 5551 ιι
1971 5512 1999 5548 a
2044 5512 2162 5566 pag.
2215 5496 2339 5550 SOI.

771 5591 1035 5645 Fundatio
1055 5609 1173 5662 pag.
1211 5592 1308 5645 104
1345 5603 1562 5645 notatur
1604 5591 1741 5643 facta
1769 5605 1911 5643 anno
1937 5590 2093 5646 1280.
2128 5590 2340 5641 datum-

770 5698 876 5751 que
911 5695 1038 5738 tunc
1064 5694 1148 5739 est
1171 5685 1500 5738 monialibus
1526 5692 1800 5737 vetustum
1831 5683 2124 5734 oratorium
2151 5690 2338 5732 sancto

772 5773 1025 5831 Matthmo
1058 5777 1320 5842 dicatum,
1352 5787 1412 5831 ut
1444 5778 1643 5833 ibidem
1674 5778 1833 5830 latius
1860 5773 2026 5828 videri
2055 5781 2252 5841 potest.
2281 5772 2335 5824 ln

2448 4582 2591 4652 quiis
2620 4579 2676 4634 S.
2711 4580 2944 4635 Matthazi
2989 4583 3102 4636 haec
3130 4580 3334 4636 tradit:
3378 4598 3396 4631 ι
3442 4579 3614 4649 Hujus
3644 4581 3838 4648 magni
3872 4596 4034 4637 cvan-

2449 4675 2655 4744 gelistze
2699 4674 2928 4746 insignis
2961 4674 3134 4744 portio
3167 4681 3475 4730 asservatur
3510 4671 3561 4725 in
3592 4671 3866 4730 Andechs
3901 4677 4035 4744 (mo-

2448 4768 2688 4822 nasterio
2724 4769 3004 4836 Bavarize),
3053 4769 3141 4824 ubi
3171 4777 3225 4822 et
3257 4766 3375 4822 alia:
3411 4766 3532 4820 duae
3560 4764 3817 4833 ejusdem
3858 4781 4034 4837 partes

2448 4864 2828 4925 ostenduntur,
2858 4863 2999 4916 Dens
3036 4863 3242 4916 Elnoue
3284 4861 3438 4930 (alias
3473 4861 3530 4915 S.
3568 4863 3810 4916 Amandi
3849 4879 4033 4917 intona-

2448 4955 2672 5009 sterium
2715 4963 2937 5008 vocatur
2975 4953 3026 5005 in
3066 4951 3363 5016 Flandria),
3406 4951 3515 5006 duo
3561 4952 3802 5008 molares
3844 4954 4032 5008 dentes

2448 5056 2500 5100 et
2555 5049 2656 5101 alia
2713 5045 2974 5100 nonnulla
3025 5046 3076 5100 in
3121 5044 3502 5115 Weingarten;
3547 5062 3567 5096 ι
3617 5047 3771 5113 quod
3818 5043 4028 5100 Saevi:

2448 5147 2530 5192 est
2555 5141 2944 5192 monasterium
2978 5151 3102 5190 cum
3147 5137 3346 5206 Oppido
3373 5137 3721 5206 cognomine.
3761 5135 4029 5188 Plurima:

2446 5242 2660 5296 quoque
2709 5225 2884 5280 sancti
2917 5224 3150 5280 Matthaei
3200 5227 3455 5294 reliquias
3494 5224 3741 5278 Colonia
3779 5225 4027 5280 attribuit

2448 5315 2502 5366 in
2537 5313 2708 5382 Opere
2738 5331 2837 5369 suo
2870 5313 3143 5387 Gelenius,
3173 5314 3427 5366 nimirum
3450 5327 3571 5382 pag.
3598 5311 3704 5367 264
3739 5314 3881 5368 duas
3914 5330 4027 5380 par-

2450 5406 2638 5460 ticulas
2688 5406 2930 5461 ecclesiae
2964 5406 3256 5476 collegiatae
3305 5406 3362 5458 S.
3405 5403 3711 5459 Cerconis:
3748 5419 3871 5472 pag.
3907 5405 4020 5466 ὅτε,

2447 5496 2511 5548 de
2544 5496 2716 5564 capite
2747 5501 2915 5550 sancti
2947 5497 3182 5552 Mattbiei
3223 5495 3428 5564 aliquid
3473 5495 3720 5550 ecclesia:
3767 5495 4019 5548 abbatiati

2449 5588 2506 5643 S.
2535 5588 2950 5649 l‘anthaleouis;
2981 5605 3099 5659 pag.
3141 5589 3263 5650 412,
3296 5588 3498 5657 aliquid
3544 5585 3900 5653 reliquiarum
3935 5603 4019 5656 pa-

2449 5682 2669 5734 rochiali
2714 5682 2959 5735 ecclesia:
2993 5681 3046 5733 S.
3086 5679 3243 5750 Lupi,
3280 5683 3355 5734 uti
3386 5689 3440 5733 et
3479 5695 3600 5748 pag.
3641 5680 3747 5734 “:2
3779 5684 4017 5736 ecclesiae

2446 5772 2500 5828 S.
2533 5772 2837 5830 Catharinte
2875 5774 3090 5832 Ordinis
3139 5773 3586 5839 Teutonicorum,
3638 5791 3758 5846 pag.
3791 5775 3898 5829 456
3930 5783 4011 5824 ec-
