4156 6314
178 362 282 425 809

1471 350 1644 411 νιίΑ
1688 348 1749 408 S.
1796 346 2179 408 ΜᾹΤΤΗᾸΞΙ.

3309 349 3415 411 819

181 472 359 529 clcsia:
401 469 868 533 Cartusianorum,
910 482 1031 538 pag.
1065 466 1169 521 485
1202 463 1441 520 ecclesia:
1487 462 1749 519 Carmeli-
1778 468 1824 523 Α
1856 460 2021 514 tensis
2054 460 2105 512 in
2141 458 2430 514 Brabantia
2462 475 2630 532 prope
2654 459 2976 516 Lovanium.
3008 460 3133 519 Haec
3163 461 3413 516 laudatus

186 575 383 628 tarum,
422 577 542 632 pag.
575 561 674 616 547
706 561 945 614 ecclesiae
995 556 1054 612 S.
1095 555 1374 612 Maximini
1430 553 1748 610 monlalinm

183 655 392 710 ordinis
425 652 825 724 Augustiniani,
857 667 976 722 pag.
1019 648 1122 704 560
1151 647 1397 704 ecclesia:
1435 644 1749 700 monialium

185 748 427 818 ejusdem
451 745 657 801 ordinis
680 747 734 799 in
765 745 969 814 majore
990 741 1278 801 Nazareth.
1306 755 1432 811 pag.
1455 738 1559 793 584
1583 737 1756 793 eccle-

189 840 284 894 siae
315 838 373 894 S.
413 837 680 892 Vincentii
718 839 886 891 tertias
917 835 1136 906 Regulae
1160 834 1216 888 S.
1257 831 1552 894 Francisei,
1576 840 1631 884 et
1658 831 1753 884 de-

193 947 340 985 mum
370 947 492 1001 pag.
521 931 622 984 627
654 930 851 985 sacello
880 928 935 984 S.
971 928 1296 997 Margaritae.
1329 929 1398 980 At
1426 939 1617 980 omnes
1643 924 1758 976 istae

194 1023 422 1078 modicae
469 1024 721 1078 videntur
768 1036 888 1075 esse
934 1019 1233 1090 particulae,
1282 1027 1341 1071 ut
1392 1016 1757 1071 difficultatem

193 1126 456 1165 numerus
487 1109 692 1164 trullam
724 1108 912 1178 pariat.

265 1202 353 1255 99.
399 1202 452 1254 ln
489 1200 669 1272 Belgio
703 1209 887 1252 nostro
929 1197 1176 1268 plurimis
1212 1192 1372 1250 etiam
1405 1193 1538 1248 locis
1569 1201 1757 1246 osten-

195 1293 401 1347 duntur
432 1293 602 1347 sancti
656 1290 890 1343 Matthxi
941 1289 1206 1357 reliquias,
1252 1288 1501 1356 interque
1527 1300 1621 1339 eas
1656 1298 1759 1336 una

191 1387 350 1441 valde
372 1384 649 1440 notabilis.
676 1381 741 1436 Et
770 1397 901 1436 sane
941 1380 1246 1436 mirandum
1284 1378 1488 1434 nemini
1517 1387 1682 1437 esset,
1715 1375 1760 1428 si

192 1481 260 1533 dc
294 1479 454 1547 hujus
503 1475 726 1542 apostoli
768 1474 1012 1542 reliquiis
1066 1474 1181 1542 plus
1224 1471 1505 1540 obtigisset
1557 1468 1760 1537 Belgio,

192 1586 356 1640 quam
389 1571 508 1623 aliis
549 1567 864 1638 provinciis,
892 1583 1014 1621 cum
1052 1564 1276 1617 (Iarolus
1308 1563 1343 1615 V
1382 1564 1676 1630 imperator
1711 1560 1762 1612 in

196 1661 380 1732 Belgio
413 1669 572 1714 natus
592 1669 646 1713 et
675 1674 815 1726 saepe
842 1660 1034 1726 degere
1058 1655 1248 1708 solitus
1275 1654 1362 1717 sit,
1398 1652 1647 1722 idemque
1671 1652 1767 1705 ali-

195 1754 418 1824 quando
451 1751 662 1806 Salerni
703 1749 880 1811 fuerit,
917 1747 1006 1800 ubi
1056 1761 1148 1800 eas
1197 1747 1440 1816 accipere
1488 1745 1679 1812 potuit,
1713 1754 1764 1797 et

194 1845 325 1898 inde
346 1846 400 1899 in
432 1842 671 1911 Belgium
697 1849 913 1908 portare
940 1846 1035 1890 aut
1062 1837 1445 1890 transmittere.
1483 1837 1611 1888 Aliis
1634 1852 1766 1904 qtto-
1794 1811 1841 1869 Β

199 1949 307 2004 que
337 1930 510 1985 modis
542 1929 782 1998 reliquiae
814 1927 987 1980 sant-ti
1037 1927 1270 1980 Matthzei
1312 1929 1362 1978 in
1399 1925 1635 1996 Belgium
1673 1929 1763 1978 diu

195 2031 325 2078 ante
356 2021 633 2076 transferri
669 2030 980 2090 potuerunt.
1016 2022 1082 2073 At
1130 2021 1402 2088 quomodo
1448 2019 1621 2072 allata
1652 2018 1768 2070 fue-

195 2116 330 2178 rint,
367 2127 476 2167 non
511 2111 730 2166 invenio
762 2111 902 2180 apud
943 2108 1244 2179 Rayssiuni,
1275 2107 1367 2176 qui
1407 2123 1500 2160 cas
1526 2115 1770 2159 recenset

196 2210 254 2262 in
297 2203 845 2277 llierogazophylacio
877 2201 1106 2271 Belgicu.
1145 2200 1379 2253 l’riinuui
1413 2209 1561 2256 certe
1593 2201 1768 2253 locum

198 2311 442 2355 tueretur
467 2310 628 2367 caput
654 2297 859 2360 Sancti,
893 2298 1034 2364 quod
1069 2310 1188 2364 pag.
1223 2293 1327 2346 59i
1361 2291 1607 2346 attribuit
1643 2307 1770 2345 ora—

201 2396 344 2449 torio
370 2393 505 2445 aula:
546 2390 914 2444 Bruxellensis
961 2388 1046 2441 his
1078 2387 1293 2440 verbis:
1330 2405 1347 2436 ι
1390 2385 1590 2438 Locum
1629 2383 1774 2440 hunc

201 2495 465 2556 praetcrea
511 2481 706 2536 mirum
756 2481 810 2532 in
860 2479 1076 2532 modum
1112 2486 1370 2530 venustat
1412 2492 1591 2529 rarum
1645 2476 1772 2529 illud

201 2577 422 2648 pignus,
453 2572 780 2630 sanctissimi
814 2569 1062 2624 videlicet
1092 2568 1321 2638 apostoli
1351 2576 1404 2620 et
1429 2567 1774 2636 evangelista!

204 2671 443 2726 Matth-ari
471 2677 634 2738 caput
664 2666 953 2735 integrum,
992 2665 1210 2731 sumptu
1246 2670 1297 2714 et
1334 2660 1512 2713 valore
1545 2660 1775 2712 maximo

203 2764 482 2818 reclusum
512 2761 564 2812 in
598 2767 851 2829 argentea
880 2753 1136 2824 imagine,
1175 2752 1427 2805 eumdem
1469 2752 1774 2820 apostolum

202 2862 427 2922 pectore
460 2861 634 2914 tenus,
669 2849 969 2902 naturalem
997 2844 1228 2900 hominis
1253 2843 1594 2897 altitudinem
1620 2857 1779 2896 exce-

204 2949 430 3000 dentem
471 2943 762 3003 rel'erente,
799 2939 942 2991 circa
985 2938 1141 3006 cujus
1180 2937 1434 2990 humeros
1466 2934 1774 2990 circumvo-

203 3036 371 3089 litans
394 3030 616 3104 angelus
644 3023 1093 3081 atramentariuin
1122 3023 1196 3076 illi
1229 3024 1499 3078 vasculum
1528 3022 1774 3094 porrigit.

1855 551 2133 621 Rayssius.
2164 551 2256 621 qui
2289 560 2344 606 et
2375 551 2591 608 dentem
2621 552 2848 621 Elnonc,
2880 555 2994 609 sive
3024 554 3075 608 in
3104 551 3159 608 S.
3185 553 3416 608 Amandi

1856 643 2126 707 cmuobio,
2146 643 2255 714 jam
2278 659 2439 714 supra
2472 655 2852 713 memoratum,
2876 646 3118 716 reliquiis
3143 657 3417 702 accenset.

1928 736 2049 790 100.
2091 734 2334 791 Transeo
2383 737 2436 791 in
2485 736 2735 804 Galliam,
2777 739 2866 794 ubi
2900 738 3064 794 variis
3115 738 3249 792 loris
3293 754 3420 792 cre-

1859 827 1993 882 dunt
2022 843 2081 882 se
2115 829 2314 884 habere
2358 838 2522 900 caput
2571 830 2745 885 sancti
2799 829 3056 885 Matthaei.
3089 831 3343 885 Albcrtus
3373 831 3421 883 le

1859 918 2039 974 Grand
2069 920 2122 973 in
2151 934 2313 989 Opere
2334 919 2537 976 Gallico
2577 922 2644 976 de
2677 921 2882 976 sanctis
2911 921 3203 977 Britanniae
3234 924 3426 975 Armo-

1862 1013 1986 1066 ricze
2022 1027 2143 1083 pag.
2175 1012 2278 1066 600
2326 1013 2380 1066 in
2417 1011 2532 1067 Vita
2578 1016 2636 1067 S.
2673 1013 2940 1084 Tanguidi
2992 1014 3202 1069 abbatis
3237 1013 3420 1074 refert,

1863 1114 2027 1173 caput
2059 1105 2230 1159 sancti
2261 1104 2496 1160 Matthrei
2527 1106 2726 1160 saeculo
2757 1122 2805 1159 vi
2834 1120 2932 1175 per
2963 1116 3296 1161 mercatores
3325 1107 3424 1158 Ar-

1864 1197 2101 1250 tnorieos
2158 1198 2460 1252 clanculum
2529 1198 2696 1253 fuisse
2752 1198 2987 1254 ablatum
3046 1213 3112 1253 ex
3171 1198 3426 1268 Egypto,

1865 1289 2296 1358 trauslatunique
2328 1289 2379 1341 in
2409 1289 2739 1343 Britanniam
2778 1290 3131 1355 Armoricam,
3165 1289 3348 1358 ibique
3374 1288 3425 1340 in

1867 1380 2088 1435 dioecesi
2119 1378 2382 1434 Leonensi
2411 1393 2781 1436 constructum
2811 1383 3218 1445 monasterium,
3246 1383 3298 1435 in
3322 1397 3428 1454 quo

1869 1471 2036 1524 sancti
2071 1480 2233 1539 caput
2273 1469 2432 1526 fuerit
2455 1472 2780 1542 depositum.
2814 1472 2976 1526 Addit
3004 1473 3274 1542 geminum
3303 1485 3432 1541 pro-

1867 1563 2090 1633 digium,
2157 1563 2412 1617 videlicet
2467 1565 2748 1633 scopulum
2801 1561 2854 1616 in
2919 1563 3054 1617 mari
3129 1570 3431 1617 exstantem

1872 1655 2037 1710 fuisse
2093 1672 2121 1708 a
2179 1656 2299 1708 navi
2367 1665 2708 1726 perruptum,
2780 1653 2908 1708 dum
2978 1662 3137 1721 caput
3196 1653 3434 1706 advehe-

1869 1748 2069 1812 batur;
2109 1749 2333 1802 alterum
2370 1748 2424 1801 in
2466 1749 2873 1803 constructione
2902 1745 3213 1801 monasterii
3256 1755 3435 1814 patra-

1873 1856 1982 1894 tum
2011 1859 2025 1906 ;
2058 1842 2151 1896 sed
2190 1853 2475 1910 utrumque
2507 1841 2711 1911 indiget
2735 1839 3072 1894 documentis
3101 1837 3267 1889 mullo
3295 1835 3434 1897 anti-

1871 1935 2171 2000 quioribus.
2198 1951 2355 2004 quam
2382 1933 2608 2003 proferri
2642 1933 2868 2002 possint,
2903 1941 2963 1984 ut
2985 1931 3141 1983 fidem
3175 1928 3432 1982 inveniat.

1873 2028 1990 2096 Ipsa
2021 2043 2236 2097 quoque.
2269 2028 2448 2080 allatio
2478 2026 2672 2091 capitis
2702 2041 2765 2078 ex
2803 2023 3030 2094 Egypto
3065 2037 3172 2075 non
3221 2021 3437 2074 videtur

1874 2118 2070 2174 CcrliOt‘
2118 2134 2278 2187 quam
2313 2126 2436 2170 ante
2469 2125 2763 2170 memorata
2795 2115 3036 2184 corporis
3063 2130 3125 2166 ex
3164 2111 3435 2180 Aithiopia

1877 2212 2174 2267 translatio.
2200 2208 2581 2264 Verumtamen
2607 2209 2800 2263 dictam
2824 2206 3015 2276 capitis
3034 2205 3437 2258 translationem

1876 2315 2102 2358 narrant
2137 2303 2296 2356 etiam
2328 2301 2551 2356 Carolus
2586 2303 2632 2354 Ic
2661 2299 2850 2355 Cointc
2886 2299 2936 2351 in
2964 2297 3251 2351 Annalibus
3283 2296 3442 2349 cccle-

1876 2397 2099 2452 siusticis
2140 2396 2481 2456 Francorum,
2516 2394 2580 2446 ad
2622 2409 2824 2447 annum
2869 2390 2990 2456 555,
3027 2405 3179 2443 num.
3215 2389 3301 2452 21,
3332 2387 3442 2441 Lu-

1877 2491 2101 2545 dovicus
2154 2487 2390 2556 Bulteau.
2435 2486 2487 2539 in
2534 2485 2854 2553 Compendio
2922 2482 3182 2537 flium-ica
3245 2475 3443 2532 ordinis

1879 2581 1932 2634 S.
1976 2580 2260 2641 Benedicti,
2298 2578 2390 2630 lib.
2449 2593 2503 2637 ll,
2535 2592 2654 2644 cap.
2687 2576 2776 2638 28,
2808 2587 2958 2628 num.
2986 2575 3041 2635 2,
3093 2572 3167 2625 uti
3215 2582 3268 2626 et
3309 2586 3444 2624 con-

1880 2673 2232 2727 structionem
2273 2666 2606 2728 monasterii,
2644 2677 2832 2721 sancto
2867 2667 3112 2721 Mattlneo
3145 2664 3329 2725 dicati.
3378 2663 3444 2716 de

1881 2771 1985 2833 qua
2021 2763 2208 2831 nequit
2239 2760 2490 2814 dubitari.
2523 2759 2886 2820 Mabillonius,
2926 2757 2979 2812 in
3015 2755 3306 2811 Annalibus
3344 2754 3446 2808 Bc.

1882 2857 2177 2910 ncdiuinis.
2212 2863 2340 2905 tum.
2382 2852 2421 2917 I,
2452 2867 2572 2921 pag.
2606 2851 2701 2904 152
2723 2852 2786 2904 ad
2813 2865 3013 2904 annum
3043 2849 3146 2904 563
3178 2847 3450 2902 fundatio-

1883 2962 2005 2999 nem
2034 2946 2340 2998 monasterii
2373 2943 2610 3011 exponit.
2635 2942 2699 2994 de
2734 2939 3079 2994 translatione
3105 2954 3230 2993 vero
3255 2937 3446 3006 capitis

1884 3038 2055 3091 sancti
2112 3036 2345 3089 Mattbai
2406 3033 2717 3088 dubitanter
2784 3033 3018 3100 loquitur
3066 3030 3168 3084 hoc
3230 3030 3445 3084 modo:

210 3124 452 3194 Erigitur
483 3121 537 3174 iii
574 3117 841 3191 praediviti
872 3130 934 3169 ex
965 3114 1143 3166 ebeno
1170 3121 1414 3182 pegmatc
1445 3109 1781 3164 artiﬁciosis-

1894 3148 1909 3178 ι
1948 3128 2079 3182 Dein
2139 3125 2466 3179 monasteria
2509 3141 2537 3176 a
2572 3122 2735 3176 Paulo
2784 3121 3059 3190 (episcopo
3105 3118 3448 3189 Legionensi,

206 3219 349 3272 sime
374 3215 671 3274 elaborato,
701 3213 753 3266 in
781 3225 888 3280 quo
923 3205 1193 3278 prmcipua
1228 3203 1357 3256 dicti
1400 3201 1632 3271 apostoli
1675 3203 1780 3254 iiii-

208 3309 394 3364 racula
427 3306 696 3376 argenteis
731 3301 932 3356 crustis
967 3308 1020 3354 ct
1046 3294 1261 3352 laminis
1289 3293 1485 3357 incisa,
1522 3293 1781 3361 variaque

205 3403 344 3457 artis
374 3397 643 3470 elegantia
687 3394 1048 3449 condecorata
1097 3387 1556 3457 complectuntur.
1612 3384 1784 3446 Ideni,

206 3511 336 3566 pag.
373 3490 496 3555 465,
524 3488 783 3544 adscribit
810 3500 931 3538 ossa
967 3482 1140 3537 sancti
1172 3481 1436 3541 Matthxi,
1472 3479 1522 3530 id
1553 3487 1656 3540 est,
1691 3477 1786 3528 ali-

207 3586 345 3654 quid
389 3598 454 3637 ex
491 3581 727 3644 ossibus,
775 3575 1019 3631 ecclesia:
1063 3571 1356 3642 collegiata:
1388 3569 1444 3624 S.
1488 3567 1784 3623 Salvatoris

209 3675 407 3745 Brugis
440 3674 493 3726 in
541 3670 828 3728 Flaudria;
864 3680 1079 3720 rursum
1116 3679 1235 3734 pag.
1266 3663 1391 3727 514,
1417 3659 1662 3716 ceclcsia:
1693 3675 1786 3712 ca—

211 3765 452 3825 thedrali
481 3760 816 3820 Tornacensi
842 3760 908 3816 de
942 3765 1131 3814 sancto
1163 3755 1416 3810 Matthato
1457 3751 1702 3822 apostolo
1733 3761 1788 3805 ct

210 3858 546 3931 evangelista
590 3856 698 3910 duo
731 3869 875 3917 ossa,
915 3866 1080 3906 unum
1131 3847 1356 3918 grande,
1394 3845 1542 3900 aliud
1581 3843 1789 3897 medio-

209 3967 346 4016 cre;
401 3968 421 4001 ι
479 3963 601 4017 pag.
656 3946 781 4006 451,
831 3942 1095 3996 ltutilensi
1144 3938 1411 3995 Cartusize
1461 3937 1528 3989 ad
1584 3933 1787 3987 Mosam

212 4042 358 4113 (lege
383 4036 684 4108 Mosellam)
721 4036 774 4089 in
811 4035 1012 4088 ducatu
1068 4027 1528 4100 Luxeniburgensi
1561 4044 1577 4077 ι
1617 4024 1788 4081 sancti

216 4128 456 4186 Matthtei
505 4126 736 4199 apostoli
801 4133 857 4180 et
910 4121 1258 4192 evangelista:
1320 4136 1382 4176 os
1429 4132 1706 4190 maguum,
1767 4138 1782 4166 ο

216 4239 342 4297 pag.
385 4220 489 4278 450
535 4219 765 4275 ειὶώειιίω
811 4216 1250 4286 Phalempincnsi
1300 4213 1508 4269 ordinis
1563 4204 1619 4264 S.
1677 4214 1792 4264 Au.

213 4313 424 4388 gustini
472 4313 524 4365 ιιι
580 4308 830 4363 Flandria
874 4318 1191 4376 argenteum
1244 4302 1549 4366 brachium,
1606 4320 1624 4352 ι
1664 4298 1788 4362 Ubi,

221 4404 424 4474 inquit,
468 4420 486 4454 ι
541 4400 741 4456 eximia
778 4412 904 4469 pars
936 4394 1140 4450 brachii
1188 4391 1244 4448 S.
1275 4391 1586 4447 Mattbaai...
1612 4405 1790 4444 asser-

214 4506 411 4560 vatur;
455 4512 473 4544 ι
517 4505 571 4547 et
602 4507 728 4561 pag.
774 4488 878 4542 216
927 4487 1177 4540 nonnihil
1214 4486 1282 4540 de
1327 4484 1569 4554 reliquiis
1618 4483 1788 4538 sancti
1823 4484 1871 4543 D

215 4585 479 4648 Mattbzni,
521 4571 808 4639 obtentum.
827 4580 971 4636 dono
998 4578 1297 4648 Margaritze
1333 4576 1596 4647 principis
1630 4577 1786 4630 Flan'

216 4685 377 4748 driae,
428 4681 618 4736 haberi
668 4677 806 4734 dicit
856 4676 911 4730 in
955 4674 1171 4730 abbatia
1228 4671 1468 4727 Flinensi
1524 4670 1792 4741 virginum

216 4772 692 4832 Cisterciensium.
728 4767 1012 4823 Ltetiensis
1041 4777 1094 4821 et
1127 4765 1512 4820 Maricollensis
1539 4763 1790 4827 abbatiae,

218 4865 398 4920 ambae
444 4860 804 4916 Benedictinte
844 4857 894 4910 in
941 4858 1249 4916 Hannonia.
1300 4854 1502 4922 aliquid
1546 4853 1795 4907 similiter

219 4957 294 5010 de
333 4953 550 5007 ossibus
598 4948 772 5002 sancti
826 4948 1056 5000 Matthazi
1105 4948 1383 5014 possidere
1441 4960 1500 4999 se
1539 4947 1792 5018 credunt.

219 5044 398 5102 Priori
428 5056 547 5113 pag.
569 5039 674 5093 279
707 5035 962 5109 Bayssius
996 5037 1185 5091 tribuit
1208 5050 1416 5106 partem
1443 5035 1594 5106 digiti
1619 5036 1795 5088 sancti

219 5141 463 5196 Matthtei
501 5133 731 5206 apostoli
766 5141 822 5186 et
865 5131 1208 5199 evangelista:
1244 5145 1367 5198 una
1418 5144 1541 5182 cum
1596 5143 1793 5191 carne;

216 5230 379 5288 alteri
415 5243 536 5299 pag.
579 5225 684 5278 296
712 5223 911 5292 aliquid
940 5222 1008 5276 de
1056 5231 1204 5275 costa
1232 5218 1498 5290 ejusdem.
1532 5220 1794 5276 Canoniri

220 5321 436 5380 ordinis
468 5319 527 5374 S.
560 5316 843 5385 Augustini
896 5314 951 5368 in
998 5315 1209 5368 abbatia
1251 5314 1307 5367 S.
1339 5313 1547 5366 Νισυιεί
1594 5311 1796 5380 Ognia-

221 5413 409 5471 censis
437 5412 503 5466 ad
539 5409 722 5464 Sabim
759 5405 988 5467 habens,
1024 5404 1217 5460 eodem
1246 5412 1381 5459 teste
1406 5419 1528 5474 pag.
1560 5403 1684 5466 387,
1717 5405 1797 5473 al-

226 5518 346 5561 tare
397 5500 650 5571 portatile
690 5495 885 5554 Jacobi
934 5479 1003 5550 de
1058 5493 1294 5549 Vitriaco
1330 5494 1388 5549 S.
1417 5489 1482 5547 Β.
1526 5495 1586 5548 Ε.
1619 5495 1797 5547 cardi-

225 5593 390 5657 nalis,
450 5593 504 5643 in
575 5603 747 5652 eoque
801 5601 926 5640 cum
978 5581 1101 5640 aliis
1158 5585 1398 5653 reliquiis
1467 5584 1670 5654 aliquid
1732 5586 1800 5638 de

225 5691 288 5743 ὃ.
351 5683 639 5747 Μξιιιιιειεος
704 5682 922 5748 dequo
975 5679 1227 5734 nonnihil
1285 5679 1502 5733 demum
1554 5678 1800 5732 attribuit

226 5795 342 5858 pag.
401 5777 500 5833 401
568 5773 799 5829 abbatiae
844 5771 1096 5826 Parccnsi
1147 5772 1354 5826 ordinis
1404 5770 1799 5827 Praemonstra-

638 5875 908 5935 l’naoL.
953 5869 1070 5933 Gtt.
1114 5871 1300 5937 CXV.

1887 3221 1953 3272 de
1986 3235 2093 3286 quo
2117 3218 2256 3285 apud
2297 3231 2394 3270 nos
2419 3225 2595 3269 actum
2629 3225 2756 3268 tom.
2794 3213 2861 3276 ll,
2906 3210 3080 3264 Martii
3109 3227 3134 3262 ιι
3176 3225 3297 3279 pag.
3327 3209 3448 3276 108)

1886 3319 2214 3375 constructa,
2267 3309 2551 3378 inprimis
2593 3307 2953 3369 Gerberense,
2999 3306 3086 3359 cui
3139 3304 3452 3374 Tanguidus

1889 3404 2056 3460 abbas
2087 3401 2391 3474 praefectus,
2423 3400 2467 3454 is
2504 3398 2595 3469 qui
2630 3397 2686 3452 S.
2717 3397 2948 3452 Matthsri
2982 3397 3369 3452 monasterium
3396 3396 3451 3448 in

1889 3506 2133 3548 extremo
2190 3491 2485 3547 Armoricae
2528 3491 2671 3559 apud
2722 3489 3031 3543 Leonenses
3085 3487 3452 3554 promontorio

1889 3589 1988 3641 sub
2033 3586 2267 3638 medium
2314 3584 2567 3636 saxulum
2619 3592 2828 3634 sextum
2875 3579 3237 3633 construxisse
3272 3577 3455 3648 perhi-

1889 3678 2066 3743 betur,
2099 3674 2168 3730 ob
2199 3673 2250 3728 id
2291 3674 2344 3727 in
2383 3671 2822 3726 Finibus-Terra:
2862 3669 3324 3739 cognominatum.
3353 3665 3456 3722 Oc-

1891 3770 2167 3823 casionem
2198 3763 2416 3821 tradunt
2447 3765 2618 3819 sancti
2650 3759 2880 3832 apostoli
2913 3768 3074 3828 caput
3126 3773 3189 3812 ex
3222 3757 3456 3828 Algypto

1891 3877 1918 3914 a
1968 3859 2292 3928 quibusdam
2341 3855 2734 3910 mercatoribus
2784 3851 3156 3907 Leonensibus
3212 3852 3455 3907 allatum.

1893 3951 2098 4005 Novum
2129 3947 2446 4003 ascetcrium
2477 3944 2812 4001 consecravit
2847 3943 3064 4004 l’aulus,
3109 3957 3284 4012 coquo
3312 3942 3456 3996 Tan-

1893 4045 2084 4116 guidus
2107 4058 2136 4096 e
2165 4039 2492 4095 Ccrbercnsi
2521 4036 2870 4102 monasterio,
2899 4036 2984 4089 cui
3014 4034 3307 4088 Relecensc
3335 4050 3460 4089 suc-

1895 4136 2076 4197 cessit,
2111 4132 2377 4187 coloniam
2404 4132 2582 4208 dusit.
2617 4128 2830 4183 Perstat
2863 4127 2930 4182 ad
2969 4137 3213 4182 nostrum
3248 4136 3458 4196 tempus

1896 4227 1952 4280 S.
2002 4225 2234 4280 Matthxi
2291 4221 2678 4277 monasterium
2709 4222 2808 4272 sub
2859 4218 2913 4270 S.
2963 4215 3132 4269 Mauri
3168 4231 3462 4288 congrega-

1897 4322 2063 4382 tione,
2098 4319 2280 4380 situtn,
2313 4326 2371 4370 ut
2397 4330 2516 4369 mox
2544 4313 2809 4377 dicebam,
2844 4312 2895 4364 in
2925 4310 3147 4366 dicm-esi
3171 4309 3458 4373 Leonensi.

1897 4410 2042 4467 haud
2075 4409 2262 4480 procul
2287 4423 2315 4462 a
2342 4407 2655 4478 Conquitto,
2697 4406 2858 4477 paulo
2888 4407 3101 4476 longius
3131 4421 3159 4459 a
3188 4404 3461 4463 Brcstensi

1897 4506 2249 4564 celeberrimo
2288 4514 2467 4574 portu.
2509 4503 2665 4556 Nulla
2713 4501 2826 4556 fere
2875 4503 2942 4556 de
2977 4503 3079 4555 hoc
3129 4503 3466 4558 monasterio

1899 4608 2077 4652 vetera
2110 4591 2461 4650 monumenta
2496 4601 2782 4662 supersunt
2834 4600 2953 4662 post
2984 4590 3156 4645 varias
3186 4593 3251 4644 ab
3276 4591 3464 4663 Anglis

1896 4689 2070 4742 illatas
2103 4688 2321 4751 clades;
2357 4686 2572 4739 tametsi
2621 4685 2902 4754 antiquum
2951 4687 3068 4754 ejus
3115 4685 3461 4754 splendorem

1896 4780 2076 4849 arguit
2098 4777 2328 4850 insignis
2359 4775 2604 4838 basilica.
2646 4791 2764 4845 qua:
2796 4776 2960 4829 variis
2994 4785 3306 4830 sanctorum
3338 4774 3464 4830 reli-

1897 4869 2040 4942 quiis
2073 4879 2265 4924 ornata
2316 4878 2419 4923 est.
2465 4888 2483 4920 ι
2527 4867 2795 4922 (Ζωιειιιιιι
2851 4868 3130 4938 persuasio
3177 4868 3245 4920 de
3292 4867 3466 4936 capite

1899 4964 2074 5018 sancti
2108 4962 2341 5018 Matthxi
2375 4971 2589 5016 servato
2614 4961 2666 5013 in
2703 4960 2796 5014 illo
2819 4957 3148 5014 monasterio
3176 4959 3466 5030 viguitsal-

1900 5065 2007 5109 tem
2055 5069 2085 5107 a
2135 5053 2332 5107 smculo
2360 5067 2454 5105 xm
2489 5069 2502 5105 :
2553 5066 2677 5105 nam
2721 5050 3006 5106 Matlhatus
3035 5049 3465 5106 Westmonaste-

1901 5145 2097 5200 ricnsis
2121 5145 2186 5198 ad
2219 5158 2421 5197 annum
2458 5142 2597 5198 1295
2627 5143 2694 5198 de
2723 5144 2894 5198 classe
2924 5143 3216 5214 Anglorum
3249 5156 3314 5196 eo
3345 5156 3467 5210 per-

1903 5239 2031 5298 lata,
2075 5235 2404 5305 fugientibus
2455 5233 2645 5288 incolis
2685 5233 3018 5298 monasterii,
3070 5234 3184 5287 haec
3231 5231 3462 5287 scribit:

1906 5342 1924 5373 ι
1949 5324 2075 5377 Post
2093 5326 2207 5377 haec
2224 5324 2488 5377 abhatiain
2511 5322 2567 5377 S.
2597 5321 2830 5375 Matthaei
2854 5322 3201 5392 quainplures
3219 5322 3466 5394 ingressi.

1901 5413 2265 5468 ecclesiastica
2313 5413 2561 5467 utensilia
2613 5429 2733 5468 cum
2779 5415 2955 5482 capite
3005 5413 3245 5480 ejusdem
3293 5414 3468 5469 sancti

1903 5506 2081 5558 ablato
2115 5505 2179 5558 ad
2215 5505 2494 5559 dominum
2544 5505 2919 5559 Eadinundum
2957 5503 3149 5558 ducem
3196 5503 3468 5559 exercitus

1903 5597 2269 5650 contulerunt.
2303 5595 2432 5661 Qua:
2480 5597 2661 5652 omnia
2691 5604 3022 5666 sequestrata
3055 5593 3185 5649 fecit
3217 5594 3469 5648 dominus

1902 5687 2256 5743 Eadmundus
2289 5689 2420 5742 viris
2451 5689 2831 5746 ecclesiasticis
2859 5689 3172 5744 restaurari.
3210 5705 3227 5738 ι
3272 5684 3350 5740 Ex
3383 5684 3470 5739 bis

1909 5792 2093 5838 tamen
2127 5790 2272 5836 recte
2324 5781 2517 5838 deduci
2561 5781 2767 5852 nequit,
2814 5781 3084 5853 integrum
3122 5794 3241 5835 esse
3280 5787 3465 5848 caput,

3074 5873 3148 5935 9.6
