4156 6314
758 338 854 402 811

1977 333 2261 394 MENSIS
2302 333 2589 393 SEPTEM
2606 335 2774 396 BER.

3898 343 3999 403 812

761 455 900 525 quod
953 453 1148 508 ibidem
1187 452 1416 508 habetur
1469 467 1568 522 pro
1619 452 1795 521 capite
1845 450 2014 505 sancti
2051 448 2324 512 Mattbaei;
2359 453 2399 506 Α
2433 465 2581 502 num.
2650 450 2820 520 Hugo.
2880 451 2930 501 in
3002 450 3294 503 Annalibus
3369 451 4001 519 Prmmanstratrnsibus,

760 562 934 616 neque
961 546 1103 599 enim
1143 545 1193 598 id
1221 547 1415 599 asserit
1443 542 2063 598 Westmonastcriensis.
2092 542 2173 594 An
2198 555 2326 594 vero

759 650 917 709 caput
947 637 1104 702 illud,
1135 636 1277 706 quod
1329 636 1398 690 ibi
1447 635 1698 700 habetur,
1749 633 1817 688 sit
1847 635 2016 688 sancti
2067 631 2323 694 Mattltazi,

758 747 865 783 non
891 731 1126 797 inquiro.

831 823 949 875 iO-l.
1012 821 1257 874 Andreas
1293 815 1592 889 Saussayus
1642 817 1694 871 in
1751 815 2128 887 Martyrologio
2159 813 2321 867 Galli-

760 926 894 966 cano
922 910 985 962 ad
1009 910 1070 963 9.1
1100 907 1431 978 Septembris
1462 906 1734 960 consentit
1762 918 1884 958 cum
1916 901 2187 958 sententia
2213 900 2328 954 fere

761 1002 1029 1056 communi
1083 1001 1149 1053 de
1187 1013 1411 1068 corpore
1468 998 1638 1053 sancti
1694 994 1977 1050 Salernum
2035 993 2324 1053 translato;

761 1093 1017 1160 additque
1051 1107 1062 1142 :
1105 1109 1123 1140 ι
1164 1090 1204 1143 Ε
1240 1106 1346 1159 quo
1399 1092 1668 1158 (corpore)
1718 1095 2031 1154 excerptum
2065 1099 2327 1138 veneran-

761 1184 886 1236 dum
919 1191 1101 1251 caput.
1139 1181 1344 1250 pridem
1377 1179 1428 1231 in
1453 1179 1677 1233 Galliam
1712 1177 1946 1230 delatum
1979 1169 2100 1237 fuit,
2138 1189 2323 1227 recon-

760 1273 1043 1341 (litumque
1089 1273 1141 1324 in
1189 1285 1402 1325 summa
1449 1269 1671 1323 basilica
1709 1265 2093 1328 Bellovacensi,
2138 1267 2191 1318 in
2223 1278 2326 1333 qua

762 1365 975 1436 egregio
1001 1366 1144 1418 cultu
1180 1370 1553 1423 conservatur,
1588 1360 1803 1427 dempto
1830 1359 2048 1420 vertice,
2081 1356 2167 1424 qui
2193 1354 2323 1408 Car-

764 1459 878 1510 nuti
917 1458 968 1508 in
999 1454 1235 1509 sacrario
1279 1455 1475 1507 nobilis
1504 1453 1634 1506 mdis
1669 1449 1908 1521 Virginis
1941 1450 2177 1516 Dciparre
2213 1461 2328 1500 ma-

763 1564 864 1618 gna
899 1563 1019 1602 cum
1054 1548 1396 1602 veneratione
1429 1547 1677 1600 habetur.
1717 1564 1735 1596 ι
1772 1545 1826 1597 In
1863 1539 2180 1611 Necrologio
2211 1538 2332 1592 Bel-

763 1641 1055 1702 lovaceusi,
1080 1642 1220 1708 quod
1244 1639 1494 1692 laudatur
1517 1649 1646 1691 tom.
1696 1635 1761 1691 IX
1787 1635 1968 1689 Galliae
1987 1632 2326 1694 Christianm,

765 1733 865 1787 col.
905 1733 1027 1786 749..
1083 1732 1134 1784 in
1173 1732 1366 1784 Milone
1402 1730 1421 1783 l
1481 1730 1738 1798 episcopo
1775 1725 2144 1781 Bcllovaccnsi
2188 1725 2329 1778 inter

2431 549 2560 594 tum.
2594 542 2656 601 ll,
2693 543 2795 596 col.
2825 542 2945 602 649.
2985 543 3053 596 de
3094 543 3184 595 illo
3216 544 3391 610 capite
3413 546 3603 599 scribit
3633 549 3930 613 sequentia
3954 550 3999 598 in

2429 633 2640 685 abbatia
2661 631 3048 700 Regius-vallis
3089 649 3102 685 :
3145 651 3163 682 ι
3196 632 3377 688 Sancti
3407 633 3646 689 Matthzei
3707 649 3880 705 caput
3925 653 4004 688 ar-

2429 734 2616 790 gentea
2693 723 2957 778 inclusum
3030 739 3216 794 capsa,
3261 726 3584 794 populorum
3651 743 3933 780 concursu
3977 745 4001 780 a

2431 818 2626 870 san-qu
2660 834 2748 870 xu-
2779 817 2992 871 celebre
3029 835 3042 868 :
3089 832 3266 886 neque
3315 819 3459 871 enim
3490 819 3732 872 antehae
3764 820 3819 872 in
3860 830 4003 872 vete-

2430 913 2581 964 ribus
2605 909 2971 964 monumentis
3018 909 3247 978 legimus
3284 907 3604 977 quidquam,
3660 909 3814 962 unde
3869 911 4003 962 ulte-

2430 1007 2537 1058 rior
2579 1003 2624 1057 ei
2651 1003 2815 1072 possit
2841 1001 3137 1068 antiquitas
3200 1000 3517 1068 adjudicari.
3564 1019 3586 1052 ι
3645 999 3800 1056 Satis
3831 1001 4002 1052 anim-

2429 1102 2674 1154 advertet
2705 1095 2980 1149 studiosus
3013 1094 3203 1157 lector,
3233 1108 3340 1145 non
3375 1108 3532 1161 posse
3561 1095 3754 1148 omnia
3780 1094 3876 1146 illa
3895 1109 4005 1151 esse

2429 1193 2602 1260 capita
2643 1192 2814 1245 sancti
2851 1190 3108 1253 Matthaei,
3153 1191 3196 1244 si
3239 1192 3472 1256 integra,
3502 1200 3598 1244 aut
3638 1190 3756 1244 fere
3800 1190 4005 1258 integra

2430 1284 2556 1339 sint.
2591 1280 2931 1350 Quapropter
2963 1281 3062 1349 ipsi
3103 1281 3415 1336 examinare
3451 1289 3738 1350 poterunt,
3763 1294 3835 1330 an
3875 1279 4006 1332 forte

2435 1375 2671 1427 habeant
2704 1375 2966 1428 modicam
2995 1375 3189 1443 capitis
3225 1375 3542 1442 particulam
3592 1372 3816 1427 factitio
3847 1371 4002 1440 capiti

2432 1466 2767 1538 impositam,
2819 1465 2978 1532 eique
3011 1464 3204 1532 capitis
3243 1481 3438 1518 nomen
3471 1465 3637 1518 fuerit
3662 1466 4003 1532 impositum.

2431 1556 2508 1608 uti
2561 1556 2692 1608 alias
2746 1555 2947 1608 factum
3006 1570 3125 1608 esse
3168 1556 3556 1622 experimentis
3616 1557 3789 1624 plane
3845 1555 4006 1607 certis

2434 1650 2636 1712 didici;
2689 1665 2754 1701 an
2816 1664 2941 1702 vero
2983 1647 3218 1701 habeant
3278 1647 3538 1714 reliquias
3573 1647 3772 1699 Sancti
3837 1647 4006 1700 alicu-

2431 1744 2520 1806 jus
2593 1743 2806 1802 incerti,
2862 1755 2980 1808 qua:
3068 1755 3162 1808 per
3205 1754 3445 1794 errorem
3517 1739 3692 1792 sancti
3772 1736 4004 1789 Matthai

765 1826 865 1876 alia
926 1825 1176 1893 leguntur
1223 1821 1504 1890 sequentia
1539 1837 1550 1871 :
1604 1837 1622 1870 ι
1675 1818 1829 1872 Dedit
1870 1816 2036 1886 (Milo)
2070 1823 2231 1885 caput
2268 1814 2325 1867 Β.

2439 1833 2654 1887 luerunt
2701 1833 2942 1894 creditae,
2993 1830 3447 1899 quemadmodum
3500 1831 3666 1884 etiam
3718 1844 3833 1882 non
3891 1843 4008 1879 raro

770 1917 998 1969 Mattha'i
1033 1915 1260 1983 apostoli
1297 1923 1350 1966 et
1392 1912 1592 1982 virgam
1621 1912 1817 1966 Aaron.
1859 1929 1876 1961 ›
1923 1911 1990 1964 At
2026 1911 2166 1963 unde
2199 1907 2329 1961 illud

751 2018 927 2076 caput
982 2008 1274 2080 acceperit,
1304 2021 1413 2058 non
1457 2005 1764 2074 adjungitur
1822 2004 1875 2056 in
1913 2002 2128 2056 laudata
2163 2001 2331 2057 Gallia

768 2099 1094 2154 Christiana.
1132 2098 1250 2150 Fuit
1275 2097 1398 2150 Milo
1429 2097 1481 2150 in
1509 2095 1738 2166 {Egypto
1768 2109 1888 2148 cum
1919 2095 2330 2163 crucesignatis,

771 2194 871 2245 fuit
903 2189 1160 2244 similiter
1199 2187 1424 2242 notabili
1479 2195 1720 2256 tempore
1767 2186 1818 2238 in
1870 2186 2036 2240 Italia.
2086 2186 2167 2238 An
2207 2201 2335 2238 vero

769 2283 928 2338 etiam
969 2280 1129 2334 fuerit
1155 2276 1646 2346 ConstantinOpoli,
1681 2277 1861 2344 ibique
1894 2285 2054 2344 caput
2080 2275 2208 2328 illud
2245 2291 2334 2330 ac-

770 2369 992 2439 ceperit,
1025 2380 1081 2421 ut
1110 2369 1274 2422 refert
1312 2368 1565 2420 Bailletus
1609 2366 1672 2419 ad
1709 2367 1849 2419 hunc
1881 2365 2024 2420 diem
2056 2365 2108 2418 in
2143 2375 2336 2418 sancto

774 2463 1047 2523 Mattiaco,
1104 2469 1157 2515 et
1216 2459 1440 2529 quidem.
1496 2469 1735 2528 tempore
1790 2455 2023 2528 Philippi
2084 2459 2334 2529 Augusti,

773 2569 916 2608 anno
952 2553 1084 2608 1225
1131 2552 1398 2617 defuneti,
1429 2551 1679 2620 nuspiatn
1726 2550 1965 2606 invenio.
2007 2550 2075 2604 At
2124 2551 2338 2605 videtur

774 2643 1030 2700 Bailletus
1098 2643 1480 2712 Nccrologium
1553 2641 1843 2696 conciliare
1885 2643 2146 2703 .voluisse
2213 2657 2334 2696 cum

773 2738 990 2807 scriptis
1025 2754 1053 2790 a
1084 2735 1310 2805 Cangio,
1350 2745 1404 2789 et
1454 2736 1531 2790 sic
1559 2735 1778 2800 dixisse,
1817 2735 1960 2802 quod
2010 2749 2170 2787 nemo
2215 2744 2339 2787 ante

772 2831 1000 2886 dixerat.
1023 2829 1179 2884 Certe
1209 2828 1466 2897 Congius,
1495 2843 1654 2894 quem
1680 2828 1839 2879 etiam
1866 2826 2042 2878 laudat
2070 2826 2125 2878 in
2158 2825 2336 2879 Histo-

777 2923 888 2977 rico
922 2931 1151 2975 tractatu
1181 2924 1246 2974 de
1283 2920 1456 2988 capite
1489 2920 1658 2973 sancti
1691 2918 1913 2972 Joannis
1945 2918 2210 2986 Baptistae.
2235 2917 2336 2971 alia

774 3012 997 3067 omnino
1020 3011 1171 3072 dicit,
1206 3024 1495 3063 recensens
1523 3026 1642 3078 pag.
1681 3008 1774 3061 104
1808 3008 2060 3077 reliquias
2083 3023 2111 3060 a
2138 3007 2338 3059 Latinis

2435 1929 2714 1997 contingit.

2508 2021 2626 2075 l03.
2664 2020 3034 2073 Memorantur
3070 2027 3120 2070 et
3156 2017 3272 2069 aliae
3321 2017 3674 2084 reliquiarum
3724 2015 4009 2084 particulae

2434 2113 2727 2166 aliislocis.
2759 2112 2904 2165 luter
2957 2108 3214 2176 reliquias
3268 2108 3472 2177 plures.
3505 2121 3628 2174 quae
3684 2123 3842 2160 anno
3912 2108 4011 2160 89$

2436 2206 2626 2261 delata:
2683 2211 2811 2253 sunt
2867 2201 3050 2254 Remis
3096 2200 3148 2251 in
3195 2214 3385 2268 pagunt
3443 2197 4013 2259 Veromanducnsem,

2439 2293 2805 2364 depositaequc
2829 2291 2881 2342 in
2917 2289 3032 2344 vico
3065 2288 3328 2342 Memnico
3389 2288 3440 2342 in
3490 2287 3726 2342 ecclesia
3769 2287 3829 2341 S.
3877 2287 4015 2340 Mar-

2439 2387 2553 2437 tino
2588 2384 2784 2447 dicata,
2813 2390 3132 2436 recensetur
3179 2382 3340 2434 etiam
3383 2380 3602 2449 aliquid.
3650 2379 4014 2448 reliquiarum

2438 2478 2607 2529 sancti
2644 2475 2903 2536 Mattlnei,
2950 2483 3008 2527 ut
3053 2473 3223 2526 videri
3269 2481 3467 2539 potest,
3519 2482 3650 2525 tom.
3683 2473 3700 2522 ι
3734 2472 4014 2530 Januarii,

2440 2587 2555 2640 pag.
2588 2569 2704 2630 l80,
2739 2578 2869 2620 toni.
2920 2565 2984 2618 lll
3043 2563 3343 2617 Februarii.
3380 2577 3500 2630 pag.
3535 2561 3624 2614 99.
3660 2559 3715 2611 ln
3777 2560 3903 2614 Vita
3962 2560 4016 2613 S.

2439 2658 2758 2730 Angilbet‘li,
2789 2657 3000 2712 abbatis
3053 2655 3400 2710 Centulcnsis
3457 2653 3508 2704 in
3569 2651 3804 2707 Pontivo
3848 2657 4019 2722 (nunc

2441 2752 2653 2806 abbatia
2722 2749 2778 2804 S.
2815 2748 3057 2805 Ricltarii
3114 2747 3617 2817 passinnvocatur}
3671 2744 3767 2812 qui
3835 2743 4017 2796 ﬂoruit

2440 2855 2685 2912 tempore
2721 2842 2895 2896 Caroli
2936 2839 3131 2908 Magni,
3167 2839 3406 2892 refertur
3430 2838 3770 2890 constructio
3814 2851 3871 2890 et
3924 2838 4020 2890 de-

2441 2933 2639 2992 dicatio
2687 2933 2870 3002 templi
2915 2931 3258 2985 Ccntuleusis
3286 2929 3346 2983 Β.
3371 2929 3552 2983 Mariae
3585 2942 3707 2982 cum
3749 2931 4016 2982 tredecim

2444 3024 2704 3080 altaribus
2733 3034 2787 3077 cl.
2814 3023 3077 3092 reliquiis,
3113 3038 3232 3086 qua:
3267 3021 3321 3074 in
3347 3021 3573 3090 singulis
3609 3028 3741 3073 sunt
3799 3022 4014 3088 ροεὶιερ.

775 3113 900 3172 past
950 3111 1265 3171 OCt'Upttlattt
1309 3099 1834 3166 Constantinopolim
1887 3099 1938 3150 itt
1988 3097 2336 3150 Occidentem
2363 3125 2408 3186 Ο
2443 3117 2519 3169 Ad
2550 3116 2884 3183 “mposilmn
2909 3123 3086 3167 autem
3121 3113 3472 3166 nosti-“mihi
3503 3115 3621 3165 haec
3676 3113 3948 3178 leguntur
4003 3128 4013 3158 :

776 3197 992 3250 missas.
1029 3193 1159 3245 Nam
1189 3193 1253 3246 de
1282 3191 1456 3261 capite
1484 3194 1654 3244 sancti
1688 3189 1918 3243 Matthxi
1954 3189 2031 3243 sic
2055 3188 2334 3257 loquitur:

782 3307 800 3337 ι
845 3283 1136 3340 Gervasius
1189 3283 1256 3336 de
1307 3280 1736 3339 Cltateau-Neul.
1789 3293 2082 3333 canonicus
2120 3278 2338 3333 Carno-

776 3378 964 3442 tcnsis,
1013 3385 1067 3429 et
1115 3386 1299 3445 postea
1356 3375 1644 3442 cpiscopus
1697 3371 2067 3442 Niverncnsis,
2117 3369 2340 3422 donavit

777 3466 1016 3521 ecclesia:
1047 3463 1368 3518 Carnotensi
1425 3471 1587 3528 caput
1619 3462 1791 3512 sancti
1833 3459 2096 3512 Matthzci.
2135 3477 2152 3508 ›
2200 3460 2341 3511 Con-

780 3559 947 3612 sentit
973 3554 1322 3609 Sebastianus
1350 3548 1643 3612 Rouillard,
1676 3551 1726 3603 in
1758 3537 1992 3604 Historia
2015 3548 2336 3615 Curuotcnsi,

778 3664 896 3718 cap.
934 3649 984 3712 8,
1025 3663 1143 3718 pag.
1173 3648 1298 3702 9.07.
1346 3647 1527 3716 Itaque
1572 3646 1935 3700 Carnoteuses
1967 3643 2336 3703 crediderunt,

777 3741 1055 3811 accepisse
1085 3756 1144 3794 se
1189 3748 1350 3808 caput
1395 3737 1523 3789 illud
1558 3733 2058 3801 Constantinopoli;
2095 3732 2186 3784 sed
2218 3745 2341 3798 pro-

776 3833 907 3885 bare
937 3837 1235 3899 nequeunt,
1265 3837 1426 3896 caput
1457 3825 1628 3880 sancti
1664 3823 1898 3878 Mattliwi
1931 3839 2165 3893 unquam
2193 3824 2334 3876 Con-

779 3920 1125 3990 stantinopoli
1165 3920 1350 3984 fuisse,
1404 3929 1461 3972 ut
1493 3913 1842 3971 Carnoteusis
1872 3931 2024 3984 teque
2057 3932 2120 3969 ac
2161 3914 2336 3968 Bello-

780 4012 1026 4066 vacensis
1073 4012 1317 4066 ecclesiae
1371 4008 1583 4061 traditio
1628 4007 1915 4060 admodum
1969 4005 2211 4059 videatur
2259 4005 2340 4061 in.-

780 4113 948 4156 certa.

854 4191 1134 4247 102.1am
1192 4192 1446 4258 vidimus,
1507 4195 1679 4248 tribus
1753 4193 1886 4246 locis
1938 4199 2100 4260 caput
2164 4191 2337 4244 saneti

782 4284 1017 4339 Matthxi
1050 4286 1312 4356 assignari
1347 4285 1398 4338 in
1427 4283 1618 4338 Gallia.
1651 4286 1873 4338 Accedit
1915 4295 1968 4336 et
2011 4293 2236 4352 quartus
2285 4283 2339 4336 in

780 4375 1149 4446 Lotltaringia,
1219 4377 1475 4429 nimirum
1535 4377 1750 4429 abbatia
1803 4375 2340 4428 l‘rmntonstratensis

2451 3228 2466 3258 ι
2504 3210 2683 3261 Alture
2719 3209 2891 3259 sanctl
2926 3205 3188 3265 Matthzei,
3239 3207 3293 3256 in
3347 3221 3452 3271 quo
3481 3203 3726 3268 reliquiae
3757 3203 3905 3268 ejus,
3965 3216 4016 3253 et

2445 3295 2605 3346 Marci
2659 3305 2712 3346 et
2769 3293 2944 3346 Luem.
2988 3310 3006 3340 ι
3045 3292 3300 3354 Rursum,
3352 3305 3470 3357 pag.
3524 3289 3647 3353 105,
3703 3291 3798 3343 ubi
3858 3293 4017 3345 detur

2444 3385 2702 3451 scriptum
2733 3383 2955 3435 nomine
2976 3380 3293 3451 Angilberti,
3329 3384 3702 3435 enumerantis
3731 3385 4014 3453 reliquias,

2442 3491 2576 3544 quas
2605 3491 2707 3545 ope
2736 3477 2912 3530 Caroli
2968 3477 3140 3546 Magni
3171 3487 3226 3531 et
3254 3477 3484 3531 aliorum
3520 3470 3583 3529 ex
3624 3478 3795 3530 variis
3841 3479 4010 3550 regio-

2441 3571 2601 3623 nibus
2629 3570 2960 3629 obtinuerat.
2998 3582 3118 3625 cum
3182 3571 3430 3640 plurimis
3463 3571 3585 3624 aliis
3650 3584 4016 3625 recensentur

2444 3665 2614 3714 sancti
2645 3657 2878 3714 Matilnei
2919 3663 3171 3730 reliquim.
3196 3662 3310 3717 Non
3347 3664 3564 3718 additur
3596 3675 3810 3730 tamen,
3840 3673 4015 3718 utrum

2442 3751 2604 3804 fuerit
2635 3749 2834 3818 aliquid
2860 3766 2922 3804 ex
2948 3753 3162 3804 ossibus
3195 3751 3398 3814 Sancti,
3430 3769 3499 3806 an
3531 3756 3708 3808 solum
3750 3756 3823 3810 de
3860 3759 4019 3810 vesti-

2443 3844 2663 3898 tuentis.
2714 3844 2770 3896 lu
2845 3842 3098 3914 Catalogo
3165 3845 3376 3912 prolixo
3466 3847 3848 3913 reliquiarum,
3909 3864 4022 3916 qua:

2442 3953 2586 3990 anno
2631 3936 2767 3990 1585
2807 3935 3185 4007 [lyssiponctu
3219 3936 3490 3992 translatze
3518 3947 3668 4000 sunt,
3704 3934 4019 4007 ibidemque

2442 4030 2653 4081 donatae
2680 4028 2861 4079 domui
2895 4029 3149 4094 professae
3178 4029 3458 4082 Societatis
3496 4027 3647 4095 Jcsu,
3688 4043 4018 4085 enumeraa.

2445 4127 2530 4169 tur
2571 4115 2730 4168 etiam
2767 4115 3006 4182 reliquia:
3059 4119 3229 4170 sancti
3273 4118 3508 4170 Matth-agi
3568 4123 3834 4186 apoStoli,
3881 4123 4015 4190 apud

2441 4224 2542 4262 nos
2576 4218 2707 4262 lout.
2748 4206 2786 4260 ll
2837 4205 3099 4270 Januarii,
3161 4223 3279 4276 pag.
3341 4209 3463 4261 6P2.
3523 4208 3731 4262 Verum
3795 4214 4014 4265 seuit-Eat

2446 4300 2560 4352 lucc
2587 4298 2949 4364 enumeratio,
2979 4313 3101 4354 cum
3122 4308 3398 4367 nequeant
3430 4297 3534 4351 ulla
3570 4300 3820 4354 humana
3867 4305 4015 4354 inau-

2445 4391 2572 4443 slria
2613 4391 2918 4444 enumerari
2953 4405 3143 4444 omnes
3174 4389 3531 4459 reliquiarum
3560 4394 4019 4462 part:cula:.quas

780 4469 834 4520 in
866 4468 1087 4520 diwcesi
1123 4463 1382 4522 'l‘ullensi.
1449 4466 1832 4536 Regnis-valiis
1867 4465 2028 4528 dit-ta,
2063 4479 2170 4517 non
2213 4479 2342 4518 con-
2375 4495 2416 4549 ι)
2449 4482 2650 4534 habent
2692 4482 2934 4535 eum”,
2967 4490 3060 4533 am
3095 4497 3337 4547 μοι-ευιηε
3393 4483 3642 4548 mum,
3718 4489 4016 4553 “meum

780 4561 1051 4617 fundendo
1106 4575 1227 4614 cum
1280 4565 1466 4623 altera,
1509 4573 1626 4626 qua:
1679 4557 1843 4625 l‘legia
1905 4555 2055 4610 vallis
2118 4555 2338 4617 dicitur,

779 4653 1132 4721 ejusdemque
1162 4663 1241 4702 est
1261 4647 1490 4708 ordinis.
1523 4660 1574 4700 et
1601 4650 1651 4699 iu
1681 4649 1867 4701 eadem
1901 4647 2144 4700 dioecesi.
2177 4647 2344 4699 Sans-

780 4759 940 4814 sayus
986 4745 1041 4796 in
1101 4740 1492 4811 Supplemento
1541 4740 1908 4812 martyrologii
1964 4738 2221 4793 Gallicani
2277 4739 2340 4790 ad

778 4836 840 4890 2|
885 4834 1221 4904 Septembris
1260 4832 1549 4886 annuntiat
1575 4833 1983 4886 venerationem
2009 4831 2182 4883 sancti
2206 4829 2343 4883 Mat-

785 4929 906 4984 tbzei
939 4928 1185 4982 hodierni
1213 4927 1266 4980 in
1298 4926 1544 4980 coenobio
1573 4924 1734 4994 Regis
1759 4924 1928 4988 vallis,
1965 4932 2022 4976 ut
2053 4922 2342 4990 aliquando

778 5022 944 5078 etiam
988 5027 1234 5084 vocatur,
1271 5027 1328 5074 et
1371 5017 1620 5088 adiungit
1653 5034 1668 5072 :
1709 5037 1727 5068 ι
1763 5015 1998 5086 Cujus...
2030 5029 2157 5086 pars
2189 5015 2342 5083 capi-

783 5116 852 5170 tis
896 5111 1218 5176 laureati,...
1243 5109 1390 5165 dicto
1424 5111 1479 5163 in
1509 5109 1840 5164 monasterio
1898 5107 2342 5162 honoriﬁcentis-

782 5209 917 5262 sime
962 5215 1294 5269 asservatur,
1359 5213 1412 5258 et
1467 5201 1628 5256 ltodic
1681 5201 1905 5257 colenda
1946 5200 2344 5270 religiosissime

788 5296 1095 5353 exhibetur.
1151 5315 1170 5348 ι
1230 5297 1444 5351 Partem
1477 5295 1669 5365 capitis
1706 5295 1858 5358 dicit,
1909 5294 2138 5363 opinor;
2217 5295 2340 5360 quia

785 5391 892 5458 iam
924 5399 1086 5458 eaput
1124 5387 1407 5442 Bellovaco
1432 5395 1484 5441 et
1515 5389 1752 5442 Carnoto
1799 5395 2128 5441 asseruerat.
2184 5381 2344 5438 Certe

783 5481 1075 5547 Calmctus,
1103 5482 1156 5534 in
1189 5481 1425 5534 Historia
1476 5479 1846 5548 Lothariugiw,
1893 5489 2022 5533 tum.
2060 5477 2103 5531 ll
2157 5478 2343 5547 prima:

784 5576 1036 5631 editionis
1064 5574 1165 5629 col.
1203 5573 1271 5625 22
1295 5579 1459 5645 caput
1491 5574 1662 5627 sancti
1692 5571 1930 5627 Matthxi
1973 5571 2204 5625 abbatia:
2236 5575 2340 5624 Re-

781 5667 1040 5743 gis-vallis
1090 5665 1359 5725 attribuit,
1419 5675 1470 5719 et
1500 5665 1602 5718 col.
1651 5665 1757 5718 265
1790 5663 1882 5728 ait,
1937 5677 2000 5716 ex
2062 5661 2340 5719 Palaestina

784 5757 996 5814 allatum
1033 5757 1195 5812 fuisse
1226 5771 1321 5826 per
1362 5755 1658 5812 Gobertum
1710 5754 1899 5824 ASperi
1940 5753 2133 5810 Montis
2168 5755 2339 5809 domi~

2447 4586 2565 4622 cum
2608 4587 2703 4636 per
2748 4571 3068 4622 deitatitzncs
3133 4571 3444 4637 frequenter
3494 4573 3562 4623 ab
3620 4589 3737 4626 uno
3794 4580 3914 4632 loco
3961 4584 4018 4631 ad

2448 4665 2676 4715 alterum
2713 4660 3130 4714 transferantur.
3163 4661 3437 4728 Ejusmodi
3478 4664 3817 4730 particulam
3864 4685 4021 4736 pene.-

2449 4769 2534 4807 tne
2575 4751 2767 4816 habeo,
2795 4751 2920 4805 dum
2962 4751 3075 4804 haec
3121 4751 3320 4815 scribo,
3355 4764 3641 4820 acceptam
3701 4770 3858 4810 anno
3896 4757 4022 4810 1753

2450 4843 2686 4897 Venetiis
2717 4843 2785 4896 ab
2819 4841 3274 4896 excellentissimo
3303 4841 3523 4896 domino
3583 4843 3870 4902 Flaminio
3897 4850 4022 4902 Cor-

2448 4937 2610 4999 nelio,
2640 4936 2891 4990 senatore
2947 4932 3174 4998 Veneto,
3214 4933 3469 5003 superius
3523 4934 3779 5001 laudato,
3832 4943 3926 5011 qui
3975 4952 4023 4994 ct

2445 5023 2603 5074 altam
2638 5023 2741 5076 sibi
2775 5022 3014 5076 retinuit.

2520 5113 2638 5168 104.
2671 5113 2809 5167 Loca
2829 5127 3015 5169 sancto
3043 5115 3296 5172 Matth-.co
3319 5134 3493 5182 sacra,
3555 5135 3762 5191 praeter
3817 5143 4021 5182 memo-

2447 5217 2558 5260 rata
2613 5209 2872 5263 hactenus
2905 5210 2957 5261 in
2989 5208 3300 5276 Occidente,
3329 5225 3487 5267 certo
3525 5214 3689 5284 plura
3723 5233 3949 5274 exstant
3973 5235 4022 5274 et

2444 5297 2624 5365 aliqua
2658 5299 2818 5352 etiam
2855 5301 2908 5352 in
2942 5302 3234 5368 provinciis
3286 5305 3668 5362 orientalibus.
3708 5309 3786 5363 De
3822 5316 4012 5367 celebri

2446 5390 2776 5443 monasterio
2811 5391 2867 5443 S.
2906 5392 3135 5444 .Vlattltmi
3195 5393 3244 5444 in
3294 5393 4022 5468 Mesopotamia.qumnune

2445 5479 2759 5534 Diarbechia
2783 5481 3000 5542 dicitur,
3033 5483 3178 5551 apud
3211 5487 3398 5538 urbem
3438 5486 3614 5542 Mosul
3659 5503 3759 5546 aut
3797 5496 4022 5548 .\iuiven

2445 5588 2661 5634 novam,
2706 5572 3021 5638 frequenter
3068 5575 3310 5629 meminit
3342 5580 3703 5646 Assurianus,
3739 5585 3793 5636 in
3829 5587 4018 5638 Bima-

2447 5672 2592 5718 theca
2631 5665 2908 5724 Oi-icutuli,
2947 5677 3076 5719 tom.
3105 5666 3167 5720 Il.
3196 5667 3270 5720 Et
3293 5671 3356 5721 iis
3388 5683 3594 5736 autem,
3623 5691 3748 5739 quae
3773 5695 3902 5750 νος,
3930 5679 4024 5732 .ws

2447 5758 2611 5814 rciert
2641 5759 2707 5812 de
2737 5756 2828 5811 illo
2879 5759 3229 5824 monasterio,
3264 5760 3409 5815 clare
3447 5761 3644 5832 liquet,
3695 5768 3901 5824 saltem
3933 5784 4022 5825 ex-
