4156 6314
143 406 249 468 813

135 607 299 660 miuit
344 624 362 656 ι
411 605 648 660 cmuobii
689 605 949 670 Cbuchm,
1002 610 1145 676 quod
1219 611 1609 663 monasterium
1641 610 1699 664 S.

135 697 372 750 Matthzei
401 697 603 751 dicitur
639 697 690 749 in
721 708 905 752 monte
943 698 1210 769 Elpheph.
1251 721 1268 751 ι
1308 702 1382 754 Ex
1405 702 1496 755 illo
1519 712 1699 758 autem

133 789 468 842 monasterio
502 787 788 868 duodecim
841 792 1251 844 monachicum
1301 797 1558 862 episcopo
1609 793 1700 847 Ni-

130 878 286 932 nives
323 880 487 932 occisi
528 880 787 932 dicuntur
816 882 968 949 jussu
1013 882 1266 937 Pherozis
1296 883 1578 939 Persarum
1613 902 1699 940 re-

129 969 210 1035 gis
237 969 290 1020 in
329 969 460 1023 urbe
485 968 676 1024 Ninivc
707 970 821 1025 sive
856 972 1047 1026 Mosul.
1078 974 1277 1027 Eadem
1309 976 1540 1030 historia
1574 993 1700 1031 nar-

128 1067 284 1110 ratur
331 1059 471 1127 apud
503 1058 885 1125 Asscmauum,
932 1071 1060 1115 tom.
1110 1063 1200 1124 Ill,
1253 1079 1380 1132 pag.
1429 1066 1549 1128 595,
1611 1066 1698 1120 ubi

127 1159 361 1202 vocatur
387 1149 633 1203 similiter
662 1169 680 1202 ι
714 1151 1021 1205 cmnobium
1047 1151 1286 1215 Cuchtaa,
1319 1174 1337 1205 ι
1370 1156 1470 1208 hoc
1494 1163 1597 1219 est,
1639 1155 1695 1209 S.

123 1239 367 1296 Matthxi
405 1242 460 1296 in
494 1251 679 1317 monte
743 1244 1081 1314 Elphephio;
1117 1248 1485 1317 monachique
1524 1247 1576 1300 in
1608 1249 1699 1303 illo

120 1333 465 1387 monasterio
499 1313 756 1388 dicuntur
780 1349 902 1389 cum
937 1335 1275 1408 Mctropolita
1311 1336 1696 1393 Ninivescom-

1403 410 1572 468 VITA
1616 411 1674 472 S.
1719 409 2107 472 ΜᾹΤΤΗΞΙ.

140 518 343 570 stitisse
375 530 404 569 a
440 513 636 572 saeculo
667 530 738 568 tv.
774 514 941 575 Idem.
998 525 1127 570 tom.
1156 517 1222 578 11,
1264 532 1384 586 pag.
1425 519 1551 582 405,
1587 535 1701 571 mc-
1733 527 1776 580 Α
1808 522 2084 586 prehensi,

3258 427 3363 493 814

2166 523 2427 593 ductique
2490 523 2742 594 Ninivcn,
2805 529 2894 584 ubi
2951 543 3137 602 postea
3197 541 3362 594 occisi

1809 621 1956 677 sunt,
1991 612 2136 682 quod
2168 617 2480 670 consentire
2511 618 2780 673 uollcutln
2810 621 3059 679 haeresim
3086 625 3367 685 Nestoria-

1809 717 1954 755 nam.
1986 704 2059 757 Ex
2090 720 2154 759 eo
2198 717 2399 771 autem,
2456 710 2598 777 quod
2638 715 2979 782 metropolita
3024 717 3250 775 Ninives
3309 723 3360 777 iu

1810 796 2138 854 monasterio
2162 799 2592 868 comprehensus
2615 814 2716 867 est.
2745 807 3005 876 quodque
3047 825 3243 868 omnes
3268 815 3362 868 Ni-

1807 884 1985 936 nivern
2014 885 2236 941 fuerunt
2273 889 2442 954 ducti,
2475 893 2605 946 satis
2646 904 2795 948 certo
2864 899 3159 970 colligitur,
3223 904 3363 959 idem

1807 975 1910 1029 hoc
1930 992 2048 1032 esse
2085 983 2474 1037 monasterium
2537 999 2658 1039 cum
2714 991 3057 1056 precedente
3078 994 3218 1061 apud
3253 993 3366 1049 Mo-

1802 1067 1886 1118 sul
1933 1081 2020 1122 aut
2055 1071 2306 1127 Ninivcn.
2359 1075 2462 1128 Pro
2517 1079 2707 1132 eodem
2761 1081 2926 1135 etiam
2976 1083 3166 1138 habuit
3199 1090 3363 1142 Asse-

1802 1175 2016 1225 rnanus,
2047 1164 2189 1231 apud
2221 1181 2379 1233 quem
2405 1167 2556 1235 plura
2589 1169 2655 1224 dc
2694 1170 2786 1226 illo
2823 1177 3157 1232 monasterio
3190 1179 3360 1234 videri

1800 1261 2078 1317 poterunt.
2115 1259 2352 1314 cumilla
2389 1261 2454 1313 ad
2506 1273 2758 1318 sanctum
2805 1265 3117 1324 Matthmum
3175 1271 3362 1328 minus

1799 1353 2129 1410 pertineant.

1551 1701 1921 1816 ACTA

1055 1919 1330 1981 Auctore
1357 1918 1770 2001 Metaphraste
1807 1921 2151 2004 interprete
2188 1925 2438 1987 Sirleto.

557 2082 800 2147 (Graecum
827 2089 1014 2135 textum
1038 2086 1419 2138 exscribendum
1446 2092 1724 2138 curavimus
1750 2100 1813 2136 ex
1839 2089 1948 2139 cod.
1986 2103 2073 2138 ms.
2111 2091 2260 2140 Paris.
2298 2105 2344 2140 n.
2382 2092 2519 2143 1630.
2560 2094 2691 2145 Eutr.
2729 2095 2903 2161 Pun.)

175 2423 259 2471 A'.
302 2413 439 2482 Ἠδη
483 2413 578 2480 μὲν
615 2413 710 2485 τὴν
748 2416 898 2487 παρὰ
933 2414 1030 2469 τοῦ⁸
1061 2415 1359 2480 πλάσαντος
1403 2418 1550 2487 ἡμᾶς
1593 2417 1678 2470 δο-
1715 2430 1754 2483 Β

101 2508 300 2561 Οεῖααν
327 2505 688 2572 φυλάττοντες
721 2507 958 2578 ἐντολὴν,
982 2507 1081 2575 τῆς
1114 2508 1392 2576 μακαρίας
1424 2511 1481 2560 ὲν
1516 2526 1687 2579 παρα-

102 2601 277 2669 δείσῳ
303 2597 568 2667 οἰκήσεώς
596 2614 652 2650 τε
681 2599 772 2648 καὶ
800 2599 1068 2665 διαγωγῆς
1092 2598 1453 2666 ἀπελαύομεν,
1493 2599 1686 2660 παντὸς

99 2684 169 2743 οὗ
222 2706 368 2751 τινος
424 2687 516 2740 οὖν
551 2687 656 2739 τῶν
689 2689 815 2757 περὶ
859 2686 918 2740 τ),
965 2688 1125 2756 σῶμα
1195 2687 1682 2760 ὑπερφρονοῦντες,

108 2787 297 2854 μονοις
343 2801 403 2836 τε
437 2785 549 2845 τοῖς
581 2781 745 2845 Οείοις
795 2784 1209 2853 ἐνασχολοῦντες
1259 2785 1352 2838 τὸν
1407 2785 1549 2851 νοῦν,
1594 2787 1687 2839 καὶ

100 2880 284 2931 ταῦτα.
313 2877 570 2945 διηνεκῶς
605 2878 1018 2947 φανταζόμενοι,
1048 2879 1144 2948 ἤδη
1175 2880 1229 2934 δὲ
1261 2881 1349 2934 καὶ
1373 2883 1401 2933 6
1422 2881 1520 2950 τῆς
1553 2883 1686 2950 πρὸς

99 2968 245 3019 θεὸν
281 2969 541 3038 προτερον
570 2969 898 3035 οἰκειότητος
929 2969 1220 3038 ὀλισθήσεις
1260 2971 1527 3033 διάῦολος,
1566 2972 1681 3040 ἅμα

102 3069 215 3128 μὲν
238 3061 354 3120 οἵας
383 3059 728 3111 ἐκπεπτώκει
776 3059 872 3129 τῆς
905 3059 1064 3129 δόξης
1094 3059 1280 3122 εἰδώςο
1316 3061 1430 3129 ἅμα
1480 3063 1534 3114 δὲ
1590 3064 1683 3116 καὶ

101 3151 190 3219 τῷ
243 3149 566 3220 ἀνθρωπείῳ
629 3151 776 3217 γένει
829 3150 1302 3220 διαφθονούμενος.
1373 3154 1681 3206 Κάντεῦοεν

95 3241 268 3296 τοῦτο
296 3247 749 3310 συγκατενεγκεῖν
776 3243 952 3312 ἐαυτῷ
990 3246 1068 3306 εἰς
1104 3243 1374 3312 βάραθρον
1429 3245 1681 3313 μηχανώ-

108 3352 297 3402 μενος,
330 3337 408 3398 είς
439 3335 608 3404 λήθην
638 3335 735 3402 τῆς
783 3333 998 3403 ἐντολῆς
1027 3333 1117 3384 τθιν
1149 3333 1435 3403 ἄνθρωπον
1481 3336 1678 3404 ἣγαγε,

99 3430 204 3480 καὶ
246 3431 274 3481 6
309 3427 520 3495 πρῶτος
556 3425 830 3489 πλασθεὶς,
879 3425 1141 3495 ἐσυλήθη,
1177 3425 1300 3494 φεῦ,
1325 3426 1570 3490 ἐλεεινῶς
1591 3427 1680 3480 τον

99 3518 431 3584 παράδεισον
463 3533 476 3547 ·
507 3518 602 3570 οὐκ
656 3513 722 3588 ἦν
778 3519 832 3571 δὲ
873 3521 975 3587 ἄρα
1033 3519 1124 3571 τοῦ
1161 3517 1462 3582 πλάσαντος
1507 3521 1675 3588 ἡμᾶς,

96 3609 185 3667 εἰς
219 3607 373 3659 τοῦτο
418 3606 687 3670 ἀπωλείας
722 3607 1140 3676 κατενεχθέντας
1171 3608 1450 3676 περιϊδεῖν,
1483 3610 1574 3659 καὶ
1619 3609 1680 3659 τὸ

98 3697 323 3766 πρῶτον
366 3699 738 3760 ἀποϐαλόντας
771 3697 1010 3766 ἀξίωμα,
1045 3699 1103 3750 ἐν
1132 3696 1301 3760 οὕτως
1342 3699 1522 3768 ἀτίμῳ
1572 3717 1675 3751 κα-

1855 2418 1896 2472 l.
1945 2417 2001 2472 Si
2056 2427 2382 2490 praeceptum
2439 2417 2590 2485 illud,
2642 2421 2785 2490 quod
2839 2421 2911 2478 ab
2950 2437 3050 2506 ⁸εο,
3106 2425 3197 2496 qui
3256 2443 3354 2487 nos

1790 2509 2060 2576 formavit,
2101 2512 2404 2582 injunctum
2431 2514 2590 2570 nobis
2633 2514 2710 2586 (l)
2743 2514 2866 2581 fuit,
2914 2531 3130 2575 scrvare
3157 2522 3357 2578 voluis-

1788 2617 1988 2665 semus,
2049 2605 2205 2657 beata
2239 2606 2324 2659 illa
2359 2608 2594 2674 paradisi
2632 2609 2962 2663 habitatione
2998 2619 3056 2663 et
3105 2611 3211 2664 vita
3249 2613 3353 2667 frui

1786 2693 1946 2748 nobis
1971 2695 2231 2759 licuisset,
2258 2699 2549 2766 omniaque
2569 2714 2829 2770 corporea
2869 2703 3152 2758 commoda
3181 2706 3354 2774 negli-

1787 2797 1997 2859 gentes,
2030 2789 2159 2842 solis
2191 2789 2392 2844 divinis
2424 2795 2590 2846 rebus
2635 2803 2870 2848 mentem
2903 2809 3221 2868 occupatam
3257 2801 3354 2854 ha-

1790 2877 2066 2940 beremus,
2124 2893 2187 2932 ac
2239 2894 2332 2933 eas
2384 2881 2619 2936 assiduis
2669 2883 3090 2954 cogitationibus
3140 2903 3354 2958 semper

1787 2967 2196 3023 meditaremur.
2225 2969 2362 3024 Cum
2391 2972 2497 3038 ille,
2546 2973 2636 3043 ιιιιὶ
2697 2989 2726 3026 a
2753 2974 2932 3029 divina
2989 2974 3353 3033 familiaritate

1786 3057 1946 3110 simul
1985 3068 2150 3127 atque
2182 3076 2210 3112 a
2239 3062 2405 3129 gloria
2440 3064 2659 3124 excidit,
2690 3065 2743 3117 in
2772 3081 2876 3134 qua
2906 3068 3056 3133 prius
3085 3078 3220 3128 erat,
3255 3086 3352 3138 ge-

1785 3149 1900 3202 neri
1935 3150 2171 3206 humano
2212 3153 2501 3217 invideret,
2543 3155 2612 3206 ob
2649 3155 2807 3224 idque
2836 3159 2900 3212 ad
2943 3174 3094 3214 suam
3131 3164 3346 3216 ruinam

1783 3253 1966 3292 secum
1994 3258 2096 3295 una
2125 3243 2380 3298 omnibus
2407 3247 2674 3300 rnachinis
2700 3249 2830 3302 illud
2868 3252 3204 3320 praecipitare
3238 3263 3352 3308 stu-

1782 3330 1956 3392 deret,
2001 3341 2190 3385 auctor
2238 3333 2339 3386 fuit
2369 3336 2594 3399 homini,
2627 3349 2686 3390 ut
2717 3340 2873 3405 primi
2910 3340 3054 3395 illius
3093 3345 3348 3411 pracepti

1783 3419 2218 3476 oblivisceretur.
2279 3425 2464 3494 Itaque
2528 3426 2690 3483 homo
2749 3428 2883 3498 ipse,
2957 3433 3049 3500 qui
3103 3435 3347 3490 omnium

1774 3512 1988 3582 primus
2016 3507 2055 3569 a'
2103 3513 2212 3569 Deo
2265 3515 2528 3572 formatus
2603 3529 2707 3587 est,
2771 3524 3064 3579 miserabili
3113 3529 3348 3597 quodam

1781 3606 1962 3668 modo,
1997 3607 2133 3673 proh
2167 3607 2356 3664 dolor!
2412 3611 2665 3679 paradiso
2729 3614 2969 3683 privatus
3037 3617 3158 3672 fuit.
3227 3619 3346 3672 Non

1784 3703 1958 3749 tamen
1995 3697 2186 3766 ipsius,
2219 3701 2308 3769 qui
2341 3717 2442 3756 nos
2485 3703 2758 3769 formavit,
2801 3706 3122 3786 benignitas
3170 3711 3344 3780 patie-

93 3790 352 3842 ταλιπείν
400 3792 463 3858 τῇ
500 3788 763 3858 διαγωγῇ.
797 3786 934 3840 Ἀλλ’
975 3787 1134 3851 αὐτὸς
1165 3788 1191 3839 6
1227 3787 1303 3856 τῷ
1338 3788 1512 3859 ﬂat-:91
1552 3805 1676 3840 συν-

1781 3787 1961 3852 batur,
1999 3796 2059 3842 ut
2092 3789 2156 3844 ad
2197 3800 2400 3845 tantam
2464 3793 2673 3847 ruinam
2744 3758 2980 3868 prolale
3038 3758 3348 3869 despicere-

94 3875 337 3947 ἄναρχος
365 3875 534 3944 Λόγος
563 3878 655 3928 καὶ
688 3876 948 3938 συναΐδιος
977 3876 1086 3929 τῶν
1130 3877 1408 3945 πατρικῶν
1437 3878 1678 3940 κενώσας

94 3966 322 4018 κόλπων
357 3969 549 4019 ἑαυτὸν
598 3968 691 4019 ἐπὶ
741 3968 958 4037 μητέρα
1024 3966 1291 4038 παρθένον
1354 3968 1564 4020 κάτεισι
1611 3969 1681 4022 δι’

94 4039 203 4125 ἐμὲ
239 4056 331 4109 καὶ
359 4057 537 4126 σάρκα
570 4059 746 4126 φορεῖ,
797 4059 891 4110 καὶ
939 4056 1117 4110 πάντα
1167 4057 1304 4125 πλὴν
1363 4058 1529 4128 μόνης
1578 4057 1678 4128 τῆς

95 4146 381 4215 ἁμαρτίας
409 4147 707 4218 ὑπέρχεται
739 4149 807 4202 τὰ
839 4149 1176 4222 ἀνθρώπινα,
1218 4150 1293 4213 ὡς
1323 4151 1389 4204 ἂν
1426 4153 1526 4222 τὴν
1579 4153 1678 4222 μὲν

93 4239 376 4309 ἁμαρτίαν
407 4239 572 4312 ἀνέλῃ
605 4240 798 4311 καινὴν
835 4241 890 4294 δέ
925 4258 1048 4294 τινα
1102 4242 1239 4313 πῶς
1274 4243 1538 4310 οὐρανοὺς
1571 4245 1673 4294 ἐπ·

88 4333 282 4388 ἄνοδον
309 4336 419 4395 τοῖς
442 4332 534 4386 ἐπὶ
559 4335 660 4402 γῆς
689 4331 963 4402 ὑποδείξῃ.
1011 4333 1164 4386 Ἐπεὶ
1192 4333 1249 4386 δὲ
1281 4334 1372 4389 καὶ
1400 4333 1677 4401 διακόνους

89 4425 239 4492 προς
267 4423 423 4475 τοῦτο
459 4425 551 4474 καὶ
602 4425 878 4492 ὑπηρέτας
910 4425 1056 4495 ἔχειν
1086 4427 1274 4497 ἐχρῆν,
1305 4429 1373 4480 δι’
1416 4421 1493 4482 ὧν
1514 4445 1570 4480 τε
1607 4428 1676 4481 τὰ

88 4514 198 4576 τῆς
249 4511 562 4582 οίκονομίαι,
619 4514 711 4566 καὶ
759 4513 866 4568 τῶν
921 4517 1235 4584 μυστηρίων
1283 4519 1671 4588 ἀνακαλύψειε,

89 4603 191 4657 καὶ
233 4603 369 4674 πρὸς
411 4603 679 4674 σωτηρίας
724 4605 841 4658 ὁδὸν
873 4607 997 4669 τοὺς
1045 4607 1369 4677 ἀνθρώπους
1401 4628 1671 4680 χειραγω-

88 4694 310 4765 γήσειε,
371 4695 758 4764 προσκαλεῖται
822 4695 921 4765 μὲν
964 4696 1218 4767 Ἀνδρέας
1271 4701 1361 4752 καὶ
1417 4701 1663 4771 Πέτρος.

86 4782 238 4853 μετᾶ
297 4782 354 4835 δὲ
389 4781 612 4844 τούτους
675 4781 927 4846 Ἰάκωσδς
963 4785 1031 4836 ’τε
1077 4785 1170 4838 καὶ
1224 4785 1492 4857 Ἰωάννης,
1547 4785 1666 4844 εἶτα

84 4874 388 4936 ιδίατοαῖος,
432 4874 460 4926 6
484 4871 576 4925 νῦν
604 4872 736 4942 ήμῐν
763 4873 1016 4937 ὑπόθεσις
1049 4873 1145 4928 ὢν.

1779 3893 1923 3941 mur,
1963 3891 2248 3950 nequeut,
2283 3884 2455 3950 prima
2510 3885 2600 3938 illa
2657 3886 2915 3957 dignitate
2962 3890 3178 3954 amissa,
3235 3900 3343 3945 tam

1778 3969 2000 4039 ignobili
2053 3980 2195 4026 statu
2227 3975 2575 4028 condemnati
2614 3976 3068 4044 relinqueremur.
3117 3977 3211 4035 Ille
3244 3981 3340 4049 igi-

1777 4068 1864 4113 tur
1906 4061 2057 4132 ipse,
2114 4063 2207 4131 qui
2275 4063 2342 4118 ab
2379 4064 2532 4119 initio
2564 4081 2688 4120 cum
2741 4065 2898 4122 l’atrc
2959 4083 3173 4137 semper
3219 4070 3340 4136 fuit,

1776 4153 1872 4222 qui
1917 4163 2218 4209 coaeternus
2243 4163 2348 4222 est,
2408 4172 2475 4211 ex
2527 4169 2756 4226 paterno
2803 4159 2924 4215 sinu
2983 4159 3343 4224 descendens.

1750 4240 2014 4308 'scipsum
2061 4247 2385 4311 exinauivit,
2437 4258 2736 4318 etpropter
2766 4251 2988 4304 humani
3018 4253 3234 4321 generis
3251 4268 3340 4307 sa-

1773 4335 1939 4390 lutem
1991 4345 2217 4392 matrem
2262 4339 2537 4411 Virginem
2572 4343 2761 4406 subiit,
2819 4359 3036 4401 carnem
3091 4347 3336 4414 gestavit,

1775 4436 1831 4482 et
1861 4428 2100 4507 humana
2140 4433 2320 4485 omnia
2348 4434 2614 4488 sustinuit
2643 4447 2839 4502 printer
2862 4449 3140 4508 peceatum
3185 4459 3198 4496 :
3242 4441 3340 4496 hu-

1773 4532 1931 4571 mana
1958 4519 2104 4572 enim
2149 4525 2333 4575 omnia
2388 4525 2644 4593 suscepit,
2693 4537 2752 4582 ut
2814 4541 3093 4598 peccatum
3150 4534 3342 4593 mundi

1773 4609 2008 4673 tolleret,
2031 4621 2088 4666 et
2128 4609 2234 4678 bis,
2263 4613 2354 4682 qui
2385 4623 2514 4668 sunt
2547 4616 2600 4668 in
2632 4625 2795 4680 terra,
2817 4635 3014 4675 novum
3045 4627 3335 4693 quemdam

1773 4701 1838 4756 ad
1878 4701 2046 4756 caelos
2085 4701 2291 4755 aditum
2320 4715 2672 4774 prapararct.
2731 4706 2997 4775 Quoniam
3044 4729 3173 4768 vero
3217 4717 3337 4784 ejus

1770 4792 1848 4847 rei
1877 4794 2156 4848 ministros
2188 4792 2392 4850 habere
2421 4800 2681 4866 oportuit,
2707 4816 2806 4870 per
2834 4818 2972 4873 quos
3008 4805 3210 4861 divina:
3256 4807 3339 4862 di-

1770 4885 2133 4953 spensationis
2187 4895 2242 4941 et
2294 4891 2674 4958 mysteriorum
2714 4892 3053 4964 disciplinam
3104 4896 3245 4952 Deus
3282 4911 3341 4952 et

87 4960 446 5034 patefaceret,
492 4971 655 5032 atque
725 4963 974 5020 homines
1015 4966 1160 5035 ipsos
1197 4969 1263 5022 ad
1332 4971 1522 5025 salutis
1559 4971 1697 5027 viam
1739 4974 2084 5044 perduceret,
2114 4977 2184 5032 ob
2246 4993 2365 5032 eam
2412 4996 2628 5036 causam
2678 4986 2855 5038 vocati
2898 4995 3024 5039 sunt
3069 4986 3333 5050 Andreas.

88 5056 313 5120 Petrus,
345 5051 600 5120 Iacobus,
633 5055 878 5141 Joannes
908 5067 964 5113 et
999 5057 1305 5126 Matthaaus,
1337 5063 1402 5118 de
1419 5080 1526 5133 quo
1549 5069 1708 5124 nobis
1732 5071 1834 5126 hoc
1871 5071 1988 5127 loco
2019 5074 2306 5129 dicendum
2355 5088 2457 5132 est.

165 5146 244 5203 B'.
274 5141 441 5210 Οὗτος
462 5147 642 5201 τοίνυν
665 5149 692 5200 6
729 5148 822 5202 τοῦ
857 5149 1094 5220 Χριστοῦ
1129 5152 1380 5224 μαθητὴς
1421 5157 1665 5228 ὕστερον,
1696 5163 1747 5224 D

83 5240 332 5309 τελώνης
393 5238 500 5308 πρό
575 5279 592 5297 .
670 5279 685 5295 .
767 5263 812 5293 .·
861 5280 876 5294 .
955 5280 972 5296 .
1050 5281 1065 5296 .
1140 5247 1233 5300 καὶ
1289 5250 1478 5318 χρημά
1554 5289 1567 5304 .
1649 5290 1662 5305 .

168 5371 183 5385 .
267 5369 280 5384 .
359 5369 374 5384 .
452 5368 466 5383 .
544 5331 1001 5404 τωρκαὶλογιστ
1081 5373 1095 5388 .
1172 5329 1188 5390 ’.
1268 5377 1283 5390 .
1363 5379 1376 5393 .
1457 5379 1472 5394 .
1549 5380 1564 5396 .
1647 5381 1658 5393 .

85 5424 188 5476 καὶ
249 5430 429 5493 πάσης
477 5426 541 5477 ἐν
615 5466 630 5480 .
709 5463 725 5480 .
804 5467 819 5482 .
899 5464 914 5479 .
993 5465 1008 5480 .
1090 5470 1103 5485 .
1186 5471 1200 5485 .
1283 5433 1490 5501 στήρης
1566 5438 1660 5488 καὶ

163 5601 549 5677 (t)Nobis,in_
587 5605 773 5677 primo
826 5606 1083 5677 niirrirum
1148 5618 1373 5677 parente
1429 5608 1656 5664 Adamn.

89 5673 210 5729 Hoc
251 5681 430 5726 autem
479 5675 693 5729 initium
733 5678 891 5730 modo
922 5673 1171 5731 nonnihil
1203 5681 1423 5733 diverso
1465 5679 1659 5735 Latine

89 5756 407 5812 expressum
427 5759 547 5814 esse
580 5747 719 5812 apud
753 5746 1133 5814 Lipomanum,
1166 5760 1295 5802 tom.
1329 5745 1391 5810 V,
1417 5747 1654 5812 fol.137,

93 5816 328 5881 indeque
358 5813 652 5870 credidisse
675 5813 904 5884 aliquos,
940 5817 1041 5870 alia
1075 5831 1196 5874 esse
1228 5822 1378 5882 Acta,
1409 5832 1528 5886 qua:
1551 5821 1649 5873 de-

1846 5161 1911 5217 ll.
1941 5164 2553 5235 Hic,inquam,Christi
2613 5172 2932 5244 discipulus,
2985 5176 3112 5231 olim
3154 5177 3330 5235 fuerat

1746 5253 2107 5321 publicanus,
2163 5259 2520 5326 pecuniarum
2568 5271 2786 5317 exactor
2833 5275 2890 5320 et
2959 5267 3326 5333 ratiocinator,

1764 5345 1965 5413 quippe
1997 5346 2088 5415 qui
2117 5363 2309 5404 ornues
2354 5361 2597 5419 quaestus
2642 5353 2876 5411 faciendi
2917 5357 3034 5412 vias
3087 5370 3140 5413 et
3183 5370 3328 5416 artes

1757 5445 2002 5500 noverat,
2045 5439 2246 5494 mentis
2271 5441 2586 5510 acrimonia,
2641 5447 2920 5516 multoque
2976 5465 3160 5505 rerum
3223 5467 3323 5507 usu

1764 5616 1844 5697 dit
1883 5615 2518 5697 Lipomanus.adnotavi
2553 5624 2607 5678 in
2640 5623 3044 5697 Commentario
3063 5647 3211 5686 num.
3236 5636 3321 5697 Η,

1764 5687 2204 5809 ibiqneostcndi,
2233 5696 2366 5749 Acta
2404 5709 2528 5750 esse
2559 5695 2771 5762 eadem,
2814 5701 3058 5755 diversos
3083 5717 3209 5757 vero
3242 5687 3322 5757 in:

1785 5770 2049 5826 erpretes.
