4154 6318
194 378 296 446 823

1333 377 1798 437 HAR'I‘YHIUM
1843 379 1902 442 S.
1939 381 2274 443 THECL/E.

3329 387 3438 452 εει

193 501 385 564 κόμην,
422 493 599 546 καὶτὸ
630 495 813 564 σχῆμα
872 493 1153 562 ἀμείψασα
1208 492 1490 561 πρόθυμος
1551 492 1753 563 ἕψομαί

1860 511 2186 567 quocunque
2217 498 2370 563 ieris,
2427 500 2748 556 comitabor.
2795 500 2895 557 Cui
2933 501 3021 558 ille
3053 521 3067 558 :
3098 501 3304 576 Turpe,
3336 509 3439 577 ait,

191 603 291 649 σοι,
323 582 448 636 ἔνθα
490 582 554 636 ἂν
586 584 677 635 καὶ
699 583 889 652 ἀπίῃς.
929 583 989 634 Ὀ
1019 582 1097 648 δὲ,
1144 582 1201 635 Ὀ
1225 581 1432 651 καιρὸς,
1465 577 1636 641 εἶπεν.
1673 584 1758 636 αἱ·

192 674 368 744 σχρδς,
398 676 490 726 καὶ
524 675 587 726 σὺ
640 671 783 743 καλὴ
825 674 927 743 τὴν
971 676 1214 744 μορφήν·
1263 676 1337 742 μὴ
1380 687 1512 723 ποτε
1568 667 1661 725 οῦν
1697 688 1756 725 σε

188 768 486 836 πειρασμδς
522 766 810 835 ἑκδέξηται
838 766 1045 837 ἔτερος,
1077 765 1172 818 τοῦ
1204 765 1471 835 προτέρου
1513 764 1714 835 χείρων
1739 780 1752 794 ·

192 859 254 910 σὺ
286 859 336 910 δὲ
368 857 541 927 δειλίᾳ
579 856 764 926 cling,
813 858 904 909 καὶ
938 858 998 908 ού
1039 857 1240 926 δυνατὴ
1282 859 1413 928 γένῃ
1445 857 1756 926 ὑπομείναι.

200 950 260 1000 Ἠ
295 949 366 1014 δὲ,
418 951 524 1020 Τῆς
559 956 615 1002 ἐν
651 950 870 1023 Χριστῷ
897 950 1058 1020 μόνον
1083 951 1402 1020 σφραγῖδος,
1435 951 1562 1022 ἔφη,
1595 951 1757 1015 ἀξιω-

190 1041 356 1108 θείην,
405 1044 498 1093 καὶ
527 1043 700 1105 οὐδεὶς
739 1043 805 1095 ἂν
838 1041 1144 1112 πειρασμὸς
1179 1041 1378 1111 ἅψαιτό
1421 1059 1545 1112 μου.
1614 1043 1757 1113 Πρὸς

189 1138 299 1202 ἣνὸ
333 1136 567 1200 Παῦλος,
619 1138 727 1202 Δεῖ,
766 1132 908 1199 εἷπε,
947 1135 1349 1204 μακροθυμεῖν,
1391 1135 1544 1204 καὶὴ
1577 1135 1756 1204 δωρεὰ

186 1228 280 1279 τοῦ
330 1227 464 1281 Θεοῦ
504 1229 621 1297 ἥξει
661 1245 762 1282 σοι.
799 1228 983 1288 υῦτως
1018 1231 1044 1280 ὁ
1075 1225 1285 1288 Παῦλος
1342 1227 1533 1292 εἰπὼν,
1601 1227 1754 1296 Ὀνη-

191 1319 403 1387 σιφόρον
439 1319 538 1387 μὲν
563 1319 889 1386 πανοικεσίᾳ
918 1320 997 1381 εἰς
1027 1317 1119 1370 τὸν
1143 1315 1308 1369 αὑτοῦ
1361 1312 1510 1370 οἶκον
1543 1316 1756 1387 ἐκπέμ-

187 1426 309 1462 πει·
337 1410 548 1463 Θέκλαν
579 1410 634 1463 δὲ
667 1409 869 1474 λαϐὼν,
893 1411 1064 1480 ἀπῄει
1092 1413 1171 1473 εἰς
1224 1412 1575 1480 Ἀντιόχειαν.
1597 1475 1608 1484 ⁸

255 1503 328 1556 8'.
359 1503 512 1570 Ἀμα
535 1502 589 1556 δὲ
611 1503 689 1573 τῷ
709 1505 937 1557 εἰσιέναι
969 1503 1167 1566 αὐτοὺς
1199 1504 1281 1566 εἰς
1316 1505 1412 1574 τὴν
1445 1504 1620 1568 πόλιν,
1657 1503 1757 1556 Σύ·-

189 1611 279 1664 ρος
336 1612 420 1657 τις
467 1593 816 1665 Ἀλέξανδρος
872 1594 1135 1666 τοῦνομα,
1179 1595 1477 1666 πρωτεύων
1541 1595 1749 1647 Ἀντιο-

189 1687 346 1753 χέων,
374 1686 466 1740 καὶ
490 1687 656 1751 πολὺς
686 1686 762 1740 ὢν
788 1689 844 1739 ἐν
877 1688 976 1758 ὅλῃ
1008 1686 1175 1740 αὑτοῦ
1206 1691 1270 1756 τῇ
1306 1689 1469 1756 ἀρχῇ,
1503 1684 1625 1738 ἰδὼν
1657 1686 1756 1738 Θέ-

187 1780 338 1842 κλαν,
364 1779 590 1848 ἐφίλησέ
620 1797 680 1831 τε
710 1780 899 1846 αὐτὴν,
970 1779 1064 1831 καὶ
1111 1778 1322 1830 Παῦλον
1363 1777 1584 1848 θερμῶς
1611 1778 1752 1848 ὑπὲρ

186 1868 353 1937 αὐτῆς
389 1869 580 1934 ἐδεῖτο,
623 1871 792 1940 συχνὰ
827 1872 1088 1940 χρήματα
1113 1869 1208 1922 καὶ
1234 1868 1381 1940 δῶρα
1410 1868 1748 1932 κατατιθείς.

200 1958 256 2012 Ὀ
280 1960 352 2012 δέ’
399 1962 513 2014 Ούκ
547 1956 685 2027 οἶδα,
715 1962 839 2032 ἔφη.
889 1965 990 2031 τὴν
1040 1964 1282 2032 γυναῖκα
1344 1960 1571 2032 ταύτην,
1629 1960 1753 2014 οὐδὲ

183 2054 289 2124 ἐμὴ
319 2053 450 2106 οὖσα
491 2056 771 2124 τυγχάνει.
811 2056 917 2108 Καὶ
966 2055 1042 2118 ὡς
1105 2055 1388 2126 θαρρήσας
1443 2054 1521 2125 τῷ
1580 2053 1753 2107 πολλὰ

181 2146 329 2215 παρὰ
353 2148 418 2216 τῇ
458 2147 611 2199 πόλει
643 2146 924 2210 δύνασθαι,
955 2147 1180 2216 ἀναίδην
1209 2163 1267 2199 τε
1288 2144 1458 2214 αὐτὴν
1489 2145 1759 2214 περιϐαλα

181 2239 286 2302 λιι,
315 2242 406 2291 καὶ
428 2234 496 2310 ἦν
536 2239 708 2306 οὕτως
757 2241 814 2290 ὲν
863 2237 939 2308 τῷ
988 2239 1215 2308 ἁμφόδῳ
1249 2236 1589 2307 καταφιλῶν,
1622 2239 1656 2308 ἡ
1694 2236 1751 2290 δὲ

179 2330 448 2382 ἀπωθείτό
479 2347 534 2382 τε
582 2334 675 2382 καὶ
719 2331 819 2382 οὐκ
873 2331 1142 2400 ἠνείχετο,
1201 2330 1338 2384 ἀλλὰ
1402 2329 1610 2384 Παῦλον
1660 2330 1752 2384 τὸν

180 2423 552 2489 πνευματικὸν
575 2421 756 2487 ἐζήτει
791 2421 1023 2489 νυμφίον
1042 2435 1058 2452 ο
1090 2422 1180 2473 καὶ
1212 2421 1310 2491 τὴν
1334 2423 1519 2491 φωνὴν
1549 2423 1748 2492 ἄρασα,

181 2514 273 2582 Mi;
305 2513 466 2584 βιάσῃ
511 2529 576 2581 με
620 2513 720 2584 τὴν
748 2511 842 2576 τοῦ
885 2511 1019 2565 Θεοῦ
1050 2511 1266 2581 δούλην,
1291 2512 1418 2581 ἔφη,
1455 2511 1532 2581 μὴ
1558 2513 1745 2585 βιάσῃ,

196 2605 456 2659 Ίκονιέων
486 2604 603 2674 εὶμὶ
652 2605 865 2677 πρώτη,
905 2603 1246 2674 ἑκϐἑϐλημαι
1284 2604 1337 2656 δὲ
1384 2603 1480 2672 τῆς
1543 2605 1750 2668 πόλεως

184 2698 314 2764 παρ’
338 2698 469 2749 αὐτὸ
503 2696 663 2750 τοῦτο
716 2698 777 2750 τὸ
821 2698 896 2768 μὴ
929 2697 1215 2768 βούλεσθαι
1266 2696 1536 2767 Θαμύριδι
1565 2713 1750 2768 γαμη-

179 2789 573 2858 (ie-murae“
613 2791 768 2857 ἔλεγε
804 2792 901 2844 σὺν
935 2790 1032 2860 βοῇ
1082 2794 1148 2859 τῇ
1207 2791 1444 2862 μεγάλῃ,
1503 2791 1598 2843 καὶ
1654 2791 1752 2856 τῆς

179 2883 451 2957 χλαμύδος
483 2882 853 2953 ἐπιλαϐομένη
912 2880 1007 2935 τοῦ
1050 2881 1425 2952 Ἀλεξάνδρου,
1490 2881 1664 2953 αὑτήν
1689 2899 1749 2935 τε

175 2977 452 3047 διέρρηξε,
487 2976 581 3028 καὶ
611 2975 702 3028 τὸν
737 2975 1002 3044 στέφανον
1034 2974 1286 3043 ἀφείλετο
1314 2975 1415 3042 τῆς
1463 2976 1627 3029 αιτοῦ
1658 2994 1751 3030 κε-

179 3070 382 3139 φαλῆς,
415 3069 672 3121 κάκεῖνον
702 3067 974 3140 θρίαμϐον
1004 3068 1260 3139 ἐποίησεν
1287 3067 1380 3118 ἐπὶ
1414 3069 1650 3122 πάντων.
1697 3067 1752 3122 ’0

1862 586 1962 639 hoc
1997 597 2209 657 tempus
2244 598 2408 645 estet
2443 599 2498 647 tu
2551 590 2722 645 forma
2779 594 3033 662 praeclara
3068 613 3083 649 :
3117 596 3258 665 vide,
3284 613 3353 654 ne
3384 610 3438 657 te

1858 676 1960 732 alia
2027 681 2260 735 tentatio
2313 681 2492 750 priore
2543 686 2783 739 deterior
2844 687 3102 756 excipiat,
3161 697 3327 759 tuque
3361 692 3434 746 illi

1860 783 1970 836 pra:
2029 771 2318 827 timiditate
2383 776 2731 830 succumbas.
2787 774 2924 831 Tum
2995 779 3083 833 illa
3155 797 3169 834 :
3232 779 3437 838 Christi

1859 862 2022 914 modo
2073 862 2378 930 signaculo,
2430 864 2628 935 inquit,
2685 867 2845 939 digna
2911 869 3136 936 habear,
3173 872 3318 926 nulla
3350 888 3437 929 me

1861 954 2093 1007 tentatio
2146 969 2372 1025 prorsus
2429 958 2695 1029 attigerit.
2776 960 2856 1013 Ad
2932 977 3092 1031 quam
3158 961 3358 1018 Paulus
3417 981 3431 1019 :

1858 1043 2089 1100 Patienti
2116 1048 2302 1103 animo
2335 1049 2410 1103 sis
2445 1059 2693 1119 Oportet,
2727 1060 2783 1106 et
2835 1052 3038 1106 donum
3077 1052 3207 1108 illud
3240 1054 3333 1110 Dei
3365 1058 3434 1111 ad

1859 1147 1910 1192 te
1947 1141 2253 1208 perveniet.
2311 1139 2430 1207 Quo
2482 1143 2629 1197 dicto
2678 1144 3106 1214 Onesiphorum,
3142 1159 3265 1200 cum
3322 1157 3435 1204 tota

1857 1245 1955 1283 sua
2017 1230 2246 1299 familia,
2311 1234 2533 1287 domum
2622 1236 2854 1289 remittit
2917 1254 2929 1289 :

1857 1334 2042 1376 secum
2080 1332 2384 1392 assumpta,
2419 1326 2768 1381 Antiochiam
2807 1326 2958 1381 abiit.

2993 1234 3180 1300 Thcla,
3215 1247 3432 1294 auteem

1926 1500 2017 1555 IX.
2052 1501 2152 1567 lbi,
2186 1502 2346 1557 simul
2380 1512 2544 1574 atque
2575 1505 2626 1559 in
2675 1508 2865 1562 urbem
2917 1508 3318 1581 ingrediuntur,
3352 1513 3437 1566 vir

1857 1594 2078 1662 quidam
2143 1591 2332 1665 Syrus,
2396 1594 2702 1651 Alexander
2751 1601 2992 1666 nomine,
3032 1601 3242 1672 primus
3296 1603 3437 1658 inter

1858 1685 2283 1751 Antiochenses,
2346 1697 2400 1740 et
2473 1703 2572 1759 per
2642 1697 2810 1744 totam
2887 1692 3031 1746 illam
3098 1695 3434 1763 provinciam

1856 1779 2098 1844 potentia
2133 1789 2423 1847 praestans,
2477 1793 2824 1852 conspectam
2857 1782 3118 1839 Theclam
3174 1786 3436 1856 protinus

1855 1869 2147 1931 adamarit,
2207 1872 2546 1943 Paulumque
2595 1875 2768 1930 calide
2821 1891 2988 1947 super
3035 1878 3150 1948 ipsa
3206 1881 3434 1951 rogavit,

1855 1961 2144 2031 pecuniam
2209 1963 2438 2018 multam
2473 1973 2528 2017 et
2587 1966 2729 2019 dona
2792 1967 3081 2036 adjiciens.
3136 1969 3234 2023 Cui
3285 1969 3433 2026 ille:

1856 2051 1970 2107 Non
1997 2052 2146 2118 novi,
2181 2054 2374 2124 inquit,
2430 2054 2715 2110 mulierem
2771 2056 2932 2122 hanc,
3008 2073 3187 2129 neque
3241 2060 3308 2114 ad
3346 2076 3437 2117 me

1856 2144 2116 2214 pertinet.
2187 2145 2284 2200 Ille
2337 2155 2519 2201 autem
2583 2149 2928 2217 auctoritate,
2986 2166 3090 2220 qua
3142 2151 3435 2222 plurimum

1855 2235 1910 2290 in
1963 2235 2053 2289 illa
2109 2240 2245 2290 urbe
2279 2237 2518 2302 valebat,
2575 2239 2836 2303 conﬁsus,
2892 2240 3239 2310 impudenter
3289 2243 3434 2299 illam

1854 2329 2223 2400 amplectitur,
2265 2341 2319 2385 et
2349 2330 2402 2384 in
2467 2331 2552 2386 via
2609 2331 2985 2389 deosculatur.
3025 2335 3116 2390 Illa
3154 2334 3434 2391 hominem

1856 2423 2080 2479 minime
2102 2423 2265 2489 ferre,
2299 2425 2395 2480 sed
2422 2439 2453 2479 a
2485 2440 2545 2481 se
2581 2427 2871 2497 repellere,
2902 2426 3128 2483 Paulum
3171 2443 3432 2498 sponsum

1853 2530 2012 2568 suum
2064 2514 2403 2583 spiritualetn
2439 2516 2718 2586 requirere
2767 2533 2780 2569 :
2815 2525 2867 2572 et
2911 2530 3043 2571 voce
3085 2518 3320 2582 sublata,
3354 2519 3435 2573 Ne

1853 2606 1983 2670 vim,
2018 2605 2212 2676 inquit,
2245 2606 2375 2660 tnihi
2437 2608 2654 2663 famulae
2708 2609 2804 2663 Dei
2862 2609 3082 2676 afferas,
3115 2624 3185 2664 ne
3242 2611 3435 2676 violes,

1855 2696 1996 2750 inter
2037 2684 2351 2753 lconienses
2377 2699 2550 2768 prima
2582 2714 2725 2764 sunt,
2751 2715 2816 2755 ex
2872 2701 3007 2756 urbe
3057 2717 3179 2757 mea
3231 2703 3433 2773 ejecta,

1857 2786 1999 2840 hanc
2039 2787 2209 2854 ipsam
2270 2787 2340 2843 ob
2377 2802 2622 2855 causam,
2677 2791 2821 2860 quod
2863 2790 3171 2860 Thamyridi
3230 2794 3438 2850 nubere

1856 2877 2145 2942 noluerim,
2235 2878 2450 2948 hocque
2519 2880 2688 2934 altum
2779 2882 3103 2944 inclamans.
3158 2897 3436 2956 arreptum

1855 2970 2150 3024 Alexandri
2175 2969 2399 3039 pallium
2463 2972 2808 3039 dilaceravit,
2864 2983 2920 3028 et
2954 2990 3213 3030 coronam
3269 2977 3435 3047 capiti

1855 3061 1975 3131 ejus
2031 3061 2267 3117 detraxit
2325 3063 2637 3135 :ltuncque
2685 3065 3023 3136 triumphum
3083 3067 3152 3123 de
3211 3067 3324 3133 illo,
3378 3071 3434 3125 in

175 3162 233 3214 δὴ
257 3163 354 3229 τὴν
387 3161 647 3232 αἰσχύνην
680 3163 780 3217 οὐκ
829 3162 1091 3228 ἐνεγκὼν,
1121 3162 1246 3228 ἄγει
1273 3160 1443 3230 αὐτὴν
1492 3161 1628 3229 πρὸς
1659 3161 1752 3214 τὸν

1859 3155 2150 3224 praesentia
2200 3155 2468 3221 omnium,
2507 3157 2828 3228 reportavit.
2881 3156 3058 3224 Quam.
3101 3159 3196 3214 ille
3237 3168 3438 3216 contu-

175 3255 450 3324 ἡγεμόνα.
487 3257 607 3308 ἔπει,
641 3255 712 3308 δὲ.
742 3258 817 3326 μὴ
877 3253 1101 3324 ἔξαρνος
1132 3250 1221 3326 ἦν,
1254 3252 1369 3306 ἀλλ’
1399 3254 1665 3324 ὡμολόγει
1691 3256 1751 3308 τὸ

176 3350 545 3419 πεπραχέναι,
575 3348 782 3421 θηρίοις
813 3349 1167 3420 κατεκρξνετο
1198 3348 1502 3420 ἔκδοθῆναι.
1532 3349 1595 3399 Δί
1628 3349 1753 3418 μέν·

172 3459 262 3496 τοι
303 3444 583 3512 γυναῖκες,
626 3443 751 3494 ὅσαι
791 3445 1063 3510 παρῆσαν,
1100 3443 1166 3511 τῇ
1191 3441 1326 3510 πρὸς
1353 3441 1411 3493 τὸ
1456 3441 1612 3508 γένος
1667 3457 1752 3492 νι-

175 3533 427 3603 κώμεναι
472 3531 818 3603 συμπαθείᾳ,
850 3535 944 3584 καὶ
985 3532 1148 3584 οἱονεὶ
1179 3531 1240 3584 τὸ
1288 3533 1518 3602 πρᾶγμα
1577 3531 1753 3585 κοινὸν

174 3626 503 3698 ἡγούμεναι,
536 3624 629 3678 καὶ
670 3627 979 3694 ὶμέμφοντο
999 3624 1095 3694 τὴν
1124 3624 1419 3690 ἀπόφασιν,
1450 3625 1562 3684 καὶ,
1591 3624 1749 3693 Κακὴ

173 3723 386 3791 κρίσις,
414 3719 565 3788 παρὰ
595 3718 655 3769 τὸ
685 3717 832 3785 βῆμα
870 3715 1117 3783 φανερῶς
1138 3713 1389 3783 ἔκραζον.
1407 3713 1550 3766 Ἀλλ’
1589 3715 1620 3783 ὴ
1648 3712 1752 3766 οι.

173 3813 283 3863 κλα
315 3808 409 3860 καὶ
469 3804 613 3858 οὕτω
671 3803 1028 3874 σωφροσύνης
1071 3803 1499 3876 ὲπιμελουμένη,
1554 3803 1750 3875 ἐδεήθη

167 3896 271 3951 τοῦ
302 3897 592 3968 ἡγεμόνος,
645 3896 773 3968 ἄχρι
800 3898 894 3948 καὶ
927 3896 1040 3958 τοῖς
1073 3891 1286 3966 θηρίοις
1318 3896 1750 3966 ἐγχειρισθῆναι,

166 3991 350 4060 ἁγνὴν
369 3989 539 4060 αὐτὴν
577 3989 875 4058 διαμεῖναι.
905 3982 1017 4041 Ἠν
1047 3985 1141 4040 οῦν
1187 3987 1326 4056 γυνὴ
1349 4003 1433 4049 τις
1495 3987 1750 4054 πλουσία,

167 4083 419 4155 τοῦνομα
453 4083 761 4152 Τρύφαινα,
787 4078 855 4152 ἧς
887 4082 920 4150 ὴ
948 4079 1206 4151 ,θυγάτηρ
1249 4077 1581 4133 Φαλκόνιλλα
1631 4079 1753 4133 τεθ-

169 4181 379 4250 νηκυία
412 4173 480 4248 ἦν
498 4191 513 4208 ο
541 4173 680 4245 αῦτη
707 4169 998 4243 τοιγαροῦν
1051 4171 1371 4226 πιστεύεται
1400 4172 1631 4238 Θὲκλαν,
1657 4174 1752 4225 καὶ

166 4266 243 4336 ἦν
273 4271 336 4323 τὸ
371 4266 574 4340 μεταξὺ
619 4264 824 4336 ταύτης
853 4266 937 4327 εἰς
977 4261 1344 4336 παραμύθιον.
1379 4261 1508 4319 εἶτα
1533 4263 1668 4334 πρὸς
1691 4264 1751 4316 τὸ

170 4353 999 4428 θηριομαχῆσαιπροαχθείσαν,
1035 4349 1330 4421 δεσμοῦσιν
1365 4353 1537 4422 αὐτὴν
1563 4353 1752 4426 λεαίνῃ

169 4452 373 4520 πικρᾷ.
414 4449 695 4518 Τρύφαινα
722 4448 781 4501 δὲ
801 4451 902 4503 οὐκ
933 4450 1198 4519 ἀφίστατο
1226 4450 1454 4519 ταύτης,
1482 4446 1595 4501 ἀλλ’
1623 4448 1749 4517 ἡκο-

169 4517 379 4609 λούθει,
399 4517 504 4605 ἕως
525 4540 628 4614 ήδη
653 4543 748 4596 καὶ
767 4541 828 4595 τὸ
853 4517 1079 4614 θέατρον
1109 4541 1242 4595 αὐτὸ
1267 4517 1518 4595 εἰσέλθοι.
1545 4541 1752 4593 Λέαινα
1783 4517 1828 4575 θ

171 4636 387 4706 μέντοι,
423 4635 691 4704 ἰπιδασης
728 4635 900 4707 αὐτῆς
936 4638 1036 4706 τῆς
1091 4632 1320 4698 Θέκλας,
1367 4632 1540 4695 οὕτως
1609 4629 1754 4700 εἶχεν

169 4726 425 4790 εὐλαϐῶς
458 4728 555 4781 καὶ
611 4727 1069 4798 πεφυλαγμένως,
1123 4725 1198 4791 ὼς
1252 4727 1326 4794 μὴ
1373 4724 1532 4795 μόνον
1589 4724 1755 4796 μηδὲν

167 4821 475 4874 ἁτίθασσον
505 4819 642 4891 μηδὲ
671 4818 938 4890 θηριῶδες
965 4820 1049 4872 ἐπ’
1085 4819 1221 4889 αὐτῇ
1273 4817 1561 4883 ἐπιδεῖξαι,
1618 4816 1757 4871 ἀλλὰ

167 4915 271 4966 καὶ
294 4910 559 4981 μαλακῶς
595 4911 912 4979 ὲπαφᾶσθαι
945 4916 1009 4981 τῇ
1037 4910 1275 4982 γλώττῃ,
1304 4912 1396 4965 καὶ
1428 4909 1756 4980 περιλείχειν

165 5003 352 5072 αὐτῆς
382 5002 505 5066 τοὺς
541 5002 730 5069 πόδας.
776 5004 842 5057 Ἠ
863 5003 918 5055 δὲ
955 5004 1107 5057 αἰτία
1140 4999 1205 5072 ἦν
1251 5003 1347 5070 τῆς
1373 5001 1756 5071 ὲπενεχθεὶσης

168 5097 325 5168 αὐτῇ
352 5097 595 5168 γραφῆς,
624 5096 921 5167 ἱεροσυλία.
963 5097 1242 5163 Ἐξίστατο
1265 5095 1320 5146 δὲ
1351 5097 1378 5146 6
1403 5088 1556 5166 ὄχλος
1585 5092 1757 5148 ταῦτα

164 5192 360 5259 δρῶν
401 5191 493 5243 καὶ
532 5189 740 5242 τούτων
766 5189 879 5242 ὅσοι
912 5189 1258 5259 θερμότεροι,
1313 5189 1406 5240 καὶ
1460 5185 1619 5241 τοῦτο
1671 5187 1758 5241 διὰ

169 5282 378 5359 μίσους
411 5282 471 5334 τὸ
511 5283 748 5353 πρᾶγμα
800 5281 1138 5351 ποιούμενοι,
1190 5282 1640 5351 ἐπεμαρτύροντο
1669 5283 1758 5332 τὸν

165 5373 342 5440 Θεὸν,
383 5375 604 5429 ἀνοσίαν
623 5371 768 5440 εἶναι
815 5375 912 5443 τὴν
939 5373 1118 5446 κρίσιν
1151 5374 1423 5443 λέγοντες.
1458 5369 1588 5427 Εἶτα
1624 5371 1760 5444 λαμ.-

169 5466 342 5520 6ἀνει
371 5471 533 5522 πάλιν
560 5466 658 5539 τὴν
687 5468 900 5524 Θέκλαν
956 5471 988 5539 ὴ
1039 5467 1347 5540 Τρύφαινα,
1380 5471 1453 5532 ὡς
1485 5468 1577 5520 καὶ
1619 5466 1760 5538 μετὰ

164 5558 356 5617 ταῦτα
390 5562 690 5628 μέλλουσαν
730 5563 1110 5633 θηριομαχεῖν.
1154 5563 1219 5614 'll
1251 5563 1434 5632 μέντοι
1469 5561 1759 5632 τεθνηκυῖα

166 5656 436 5724 θυγάτηρ
466 5655 656 5727 αὐτῆς,
698 5656 831 5726 δναρ
878 5659 1148 5709 ἐπιστᾶσα
1177 5654 1494 5726 Τρυφαίνῃ·
1527 5654 1661 5708 Θεοῦ
1704 5654 1758 5707 δὲ

163 5747 375 5812 ταῦτα,
410 5747 503 5799 καὶ
550 5748 648 5816 τῆ;
697 5751 906 5802 ἐκείνου
975 5747 1386 5818 φιλανθρωπίας
1439 5747 1754 5817 οἰκονομία·

167 5842 376 5914 Μῆτερ
399 5841 530 5914 ἐμὴ,
559 5842 686 5912 εφη,
716 5846 746 5914 ἡ
771 5843 896 5915 ξένη
919 5841 1091 5897 om:
1118 5841 1210 5895 τὸν
1247 5844 1378 5912 ἐμὸν
1403 5839 1750 5911 ἀναπληρού-

1853 3245 2072 3300 inetiam
2104 3261 2213 3300 non
2242 3247 2431 3300 ferens
2454 3247 2519 3301 ad
2552 3248 2871 3315 prafectum
2921 3249 3178 3304 Theclam
3225 3250 3432 3305 trahit:

1851 3337 2196 3409 etquoniam
2261 3338 2351 3392 illa
2406 3337 2609 3395 factum
2665 3355 2774 3395 non
2811 3349 3055 3414 negaret,
3107 3342 3202 3398 sed
3257 3345 3433 3413 palam

1853 3431 2138 3498 fateretur,
2193 3431 2260 3487 ad
2324 3431 2526 3488 bestias
2574 3444 2660 3488 est
2715 3435 3102 3489 condemnata.
3162 3436 3434 3491 Cmterum

1853 3525 2115 3581 mulieres
2149 3542 2270 3597 qua:
2303 3527 2555 3590 aderant,
2607 3527 3090 3582 commiseratione
3117 3542 3246 3600 erga
3288 3544 3441 3583 com-

1853 3633 2038 3686 parem
2089 3619 2176 3674 sui
2240 3634 2405 3676 sexus
2463 3635 2772 3680 commoue,
2807 3627 2863 3673 et
2903 3635 3016 3674 rem
3075 3631 3242 3675 totatn
3302 3635 3444 3690 quo-

1851 3707 2147 3765 damtnodo
2200 3712 2567 3764 communiter
2620 3711 2694 3763 ad
2753 3725 2812 3764 se
2870 3726 3085 3780 quoque
3159 3712 3438 3781 pertinere

1854 3792 2245 3871 interpretata,
2263 3801 2588 3856 sententiam
2613 3801 2858 3871 praesidis
2889 3801 3228 3868 incusabant,
3258 3803 3438 3873 palam

1853 3891 2100 3962 iniquum
2136 3893 2408 3962 judicium
2441 3902 2568 3949 ante
2603 3893 2839 3947 tribunal
2870 3893 3253 3950 vociferantes.
3291 3894 3437 3951 The-

1851 3983 1934 4040 cla
1992 3985 2223 4048 interea,
2286 3986 2366 4040 sic
2413 4001 2631 4055 quoque
2682 3985 2958 4056 pudicitiae
3018 4001 3130 4041 sua:
3181 3987 3434 4051 sollicita,

1855 4077 2013 4148 petiit
2060 4091 2090 4131 a
2128 4077 2381 4148 prteside,
2420 4086 2480 4132 ut
2531 4092 2815 4148 quousque
2869 4077 3056 4132 bestiis
3105 4078 3434 4144 traderetur,

1854 4171 2286 4226 incontaminata
2356 4179 2722 4238 permaneret.
2808 4170 2941 4224 Erat
3007 4169 3171 4240 igitur
3245 4169 3439 4224 mulier

1853 4264 2098 4334 quaedam
2147 4262 2432 4332 0pulenta,
2486 4259 2786 4331 Tryphaena
2836 4260 3080 4326 nomine,
3112 4260 3270 4330 cujus
3325 4260 3434 4314 filia

1859 4353 2158 4411 Faleonilla
2190 4353 2440 4409 obierat:
2478 4352 2605 4407 huic
2652 4351 2854 4408 Thecla
2906 4352 3274 4413 conereditur.
3315 4367 3437 4421 quae

1855 4447 1930 4503 illi
1965 4448 2175 4502 interea
2236 4444 2595 4499 consolationi
2653 4445 2782 4500 fuit.
2835 4443 3041 4499 Deinde
3093 4444 3436 4517 productam,

1856 4550 1912 4595 et
1958 4555 2081 4594 cum
2137 4537 2332 4593 bestiis
2395 4546 2674 4592 certamen
2733 4535 3013 4598 inituram.
3057 4535 3185 4590 ferte
3253 4536 3437 4590 Iea:n:e

1857 4635 2094 4690 vinctam
2122 4631 2391 4700 objiciunt
2427 4649 2441 4684 :
2509 4628 2812 4700 Tryphaena
2882 4630 3099 4685 interim
3131 4629 3199 4684 ab
3227 4644 3290 4684 ea
3320 4641 3434 4683 non

1857 4725 2169 4794 recedente,
2197 4723 2293 4779 sed
2338 4724 2706 4792 quoadusque
2743 4721 2917 4793 ipsum
2953 4722 3225 4776 theatrum
3257 4722 3436 4794 ingre-

1857 4792 2084 4874 deretur
2113 4832 2219 4870 una
2254 4815 2651 4886 subsequente.
2683 4814 2800 4881 Qua
2841 4814 3108 4883 ingressa,
3141 4815 3211 4868 ita
3242 4829 3299 4869 se
3326 4817 3439 4871 cir-

1857 4913 2154 4976 cunspccte
2218 4913 2486 4975 cauteque
2549 4905 2714 4958 leazna
2750 4904 2940 4976 gessit,
2989 4914 3051 4960 ut
3085 4920 3193 4959 non
3229 4914 3434 4960 tantum

1857 5001 1993 5056 nihil
2022 4999 2271 5054 indomiti
2312 5009 2406 5053 aut
2439 4998 2602 5053 ferini
2645 5000 2909 5053 adversus
2957 4997 3130 5067 ipsam
3180 4998 3437 5070 designa-

1860 5099 1963 5156 ret‘,
1996 5091 2094 5146 sed
2128 5091 2306 5162 lingua
2342 5105 2439 5144 sua
2479 5090 2718 5144 molliter
2747 5091 2913 5159 pedes
2938 5089 3059 5159 ejus
3113 5090 3438 5159 contingens

1859 5185 2127 5239 lamberet
2174 5181 2474 5252 (accusatio
2526 5190 2709 5236 autem
2784 5181 3031 5235 criminis
3077 5181 3130 5234 in
3179 5181 3435 5236 Theclam

1861 5275 2112 5331 intentati
2170 5275 2517 5346 sacrilegium
2582 5273 2746 5343 erat),
2807 5288 2927 5342 qua:
2965 5272 3055 5327 ubi
3147 5273 3438 5329 multitudo

1861 5369 2023 5434 videt,
2055 5368 2220 5423 etiam
2255 5366 2697 5422 vehementiores
2755 5366 2957 5435 quique
3008 5374 3064 5420 et
3102 5365 3438 5420 incitatioros

1869 5465 2230 5531 Obstupuere,
2274 5470 2325 5514 et
2354 5457 2480 5514 odio
2515 5468 2687 5513 totum
2726 5457 2830 5512 hoc
2858 5458 3060 5509 factum
3103 5469 3439 5527 prosequen-

1863 5566 1964 5618 tes,
2023 5553 2270 5623 iniquum
2323 5565 2444 5606 esse
2493 5549 2782 5620 judicium,
2849 5546 3019 5603 Deum
3076 5549 3436 5606 testabantur.

1861 5647 2068 5702 Deinde
2102 5644 2406 5718 Tryphama
2453 5641 2710 5698 Theclam
2746 5641 2811 5696 ad
2847 5655 2906 5696 se
2934 5639 3126 5710 recipit
3185 5659 3199 5696 :
3244 5639 3336 5695 sed
3378 5650 3438 5695 ut

1863 5755 1981 5813 qua:
2030 5740 2227 5795 iterum
2264 5752 2386 5792 cum
2444 5731 2636 5791 bestiis
2687 5744 2832 5791 esset
2879 5733 3279 5805 depugnatura.
3334 5733 3438 5788 De-

1869 5835 2053 5892 functa
2111 5831 2332 5889 interim
2393 5827 2714 5900 Tryphaenae
2760 5827 2871 5884 lilia
2904 5830 3122 5899 (nempe
3178 5825 3269 5881 Dei
3326 5825 3440 5881 haec
