4154 6318
747 364 849 426 835

1969 358 2250 420 MENSIS
2285 357 2748 417 SEPTEMBEH.

3886 362 3984 422 816

745 485 884 536 erat,
921 471 1147 543 ejusque
1181 482 1306 538 erga
1358 466 1608 520 homines
1645 464 2044 518 benevolentia:
2096 466 2316 534 provida

2425 481 2498 515 τω
2530 483 2612 517 σοι
2671 466 2853 519 τόπον.
2910 464 3145 520 Δύναται
3178 469 3283 535 γᾶρ
3321 468 3744 538 προσευξαμένη
3777 471 3859 532 είς
3903 473 3985 522 τὸν

744 562 1133 634 dispositio)in
1175 573 1369 612 somno
1395 558 1466 610 illi
1501 566 1702 619 astans,
1732 555 1865 616 Mea,
1894 554 2087 624 inquit,
2117 564 2310 618 mater,

747 658 949 725 hospes
982 654 1096 707 hzec
1127 650 1348 711 Thecla,
1382 664 1559 702 meum
1595 649 1734 715 apud
1772 655 1822 700 te
1865 647 2043 700 locum
2069 645 2312 713 impleat.

746 747 932 801 Potest
971 745 1140 806 enim,
1171 743 1212 796 si
1270 752 1481 795 tantum
1516 754 1615 808 pro
1667 754 1752 792 me
1787 750 1958 807 roget,
2012 751 2100 790 me
2140 736 2305 805 inju-

746 849 960 894 storum
1002 834 1377 889 transmittere
1420 833 1595 886 sedes.
1655 829 1956 901 Tryphaena
2006 844 2188 898 porro,
2249 827 2316 880 de

746 945 940 985 somno
970 936 1315 997 experrecta.
1354 924 1474 978 tiliae
1505 939 1614 976 suae
1656 920 1963 976 Falconilla:
2002 933 2313 974 sermonum

747 1019 1020 1092 ejusmodi
1063 1032 1274 1071 memor
1303 1055 1317 1080 ,
1378 1015 1559 1068 Altera
1594 1029 1712 1067 mea
1779 1012 1907 1075 ﬁlia,
1941 1011 2038 1073 ait,
2094 1008 2312 1072 Thecla,

754 1113 924 1164 Deum
955 1118 1109 1162 tttum
1142 1119 1510 1174 comprecare,
1552 1118 1659 1172 quo
1691 1099 1980 1154 Falconilla
2024 1099 2074 1152 in
2121 1099 2316 1153 saecula

751 1204 899 1258 vivat
933 1219 947 1254 :
979 1202 1080 1256 hoc
1118 1201 1262 1254 enim
1294 1198 1383 1252 illa
1426 1213 1523 1268 per
1556 1195 1884 1249 insomnium
1929 1209 1959 1247 a
1988 1207 2074 1247 me
2103 1191 2313 1262 petivit.

748 1296 868 1360 Quo
903 1295 992 1348 illa
1026 1292 1238 1356 audito,
1283 1306 1405 1344 cum
1433 1303 1567 1342 voce
1599 1287 1822 1342 sublatis
1853 1286 2126 1346 manibus.
2149 1285 2316 1348 Deus,

751 1387 947 1454 inquit,
974 1383 1073 1437 Fili
1124 1383 1216 1436 Dei
1258 1381 1404 1444 veri,
1461 1380 1672 1448 placeat
1739 1386 1842 1432 tua:
1869 1376 2130 1430 voluntati
2181 1373 2317 1446 Try-

752 1479 962 1548 phaena:
1020 1475 1342 1534 concedere,
1380 1488 1486 1542 quo
1531 1471 1636 1525 lilia
1692 1471 1811 1538 ejus
1865 1469 2027 1523 vitam
2077 1467 2220 1536 apud
2267 1477 2318 1522 te

753 1569 907 1622 vivat
934 1567 1343 1636 sempiternam.
1392 1564 1602 1629 Quibus
1641 1561 1821 1615 verbis
1870 1558 2089 1622 auditis,
2138 1558 2316 1628 gavisa

753 1659 971 1726 quidem
1015 1655 1316 1726 Tryphaena
1353 1661 1456 1715 est,
1490 1653 1582 1706 sed
1614 1651 1836 1705 aliunde
1867 1649 2318 1712 discruciabatur,

749 1751 893 1819 quod
925 1749 1128 1803 Thecla
1185 1761 1374 1802 rursus
1423 1755 1565 1800 esset
1620 1744 1810 1800 bestiis
1861 1741 2189 1813 obiicienda.
2251 1739 2321 1794 Ut

2417 557 2524 608 τῶν
2551 557 2775 610 δικαίων
2805 557 2902 626 ἐμὲ
2967 559 3281 627 μεταθεῖναι
3319 562 3500 614 τὸπον.
3548 563 3703 615 Ἐπεὶ
3737 563 3794 615 δὲ
3852 563 3985 632 Τρύ-

2419 667 2615 715 φαιναν
2641 649 3122 718 ὀῦπνοςάνῆκεν,
3154 655 3230 713 εἰς
3272 651 3398 705 νοῦν
3441 651 3643 722 ἔχουσα
3713 656 3846 716 τοὺς
3893 656 3986 721 τῆς

2420 737 2686 808 (ἐυγατρος
2717 739 3080 808 Φαλκονίλλης
3102 741 3317 808 λόγουςο
3350 742 3546 793 Τέκνον
3585 743 3845 812 δεύτερον
3876 761 3983 810 μοι,

2417 831 2550 896 φησὶ
2583 829 2718 898 πρὸς
2743 830 2838 899 τὴν
2872 830 3107 896 Θέκλαν,
3135 832 3360 902 δεήθητι
3398 833 3492 886 τοῦ
3542 833 3633 884 σοῦ
3659 835 3824 893 Θεοῦ,
3851 835 3987 887 ὥστε

2416 921 2774 973 Φαλκονιλλαν
2825 923 2904 986 εἰς
2960 923 3160 985 αἰῶνας
3189 923 3304 995 ζῇν.
3351 925 3521 978 Τοῦτο
3551 927 3660 994 γάρ
3697 943 3768 994 με
3801 928 3982 994 ἐκείνη

2415 1011 2482 1063 δι’
2507 1014 2731 1082 ὀνείρων
2759 1014 2951 1084 ᾔτησε.
3010 1015 3186 1068 Θέκλα
3210 1016 3267 1066 δὲ
3292 1015 3571 1069 ἀκούσασα
3636 1017 3841 1079 ταῦτα,
3900 1022 3988 1070 καὶ

2415 1103 2829 1174 ἀναϐαλλομένη
2857 1109 3065 1176 χεῖρας,
3097 1107 3278 1177 ἄρασα
3307 1109 3400 1159 καὶ
3452 1111 3666 1177 φωνήν·
3699 1109 3832 1169 θεὲ,
3867 1108 3988 1176 ἔφη.

2419 1195 2514 1248 Υἱὲ
2557 1196 2692 1248 Θεοῦ
2719 1197 3009 1266 ἀψευδοῦς,
3038 1199 3124 1260 δὸς
3159 1199 3443 1269 Τρυφαίνῃ
3474 1201 3614 1252 κατὰ
3646 1199 3710 1252 τὸ
3761 1201 3857 1251 σὺν
3908 1200 3989 1250 (ςὲ-

2415 1286 2587 1354 λημα,
2621 1287 2760 1340 ὥστε
2802 1288 2902 1358 τὴν
2959 1291 3130 1360 αὐτῆς
3191 1290 3485 1360 (θυγατέρα,
3511 1293 3602 1342 τὸν
3634 1291 3866 1343 αἰώνιον
3896 1293 3993 1358 ζῇν

2418 1379 2569 1447 ’παρὰ
2612 1380 2692 1430 σοὶ
2751 1381 2964 1449 χρόνον.
3010 1380 3293 1449 Τρύφαινα
3353 1381 3408 1432 δὲ
3447 1382 3632 1451 ἔχαιρε
3663 1387 3792 1452 μὲν,
3829 1383 3991 1434 ἀκον-

2421 1483 2560 1519 σασα
2589 1469 2794 1521 ταῦτα·
2831 1471 3019 1536 ἠνιᾶτο
3058 1471 3113 1522 δὲ
3142 1471 3232 1522 διὰ
3278 1471 3510 1536 Θέκλαν,
3560 1472 3777 1542 θηρίοις
3833 1475 3992 1524 πάλιν

2419 1560 2798 1630 ἐνδοθήσεσθαι
2845 1562 3168 1628 μέλλουσαν.
3217 1561 3306 1620 Ὠς
3349 1562 3441 1615 οῦν
3496 1564 3594 1633 ἤδη
3632 1564 3843 1633 ὄρθρος
3905 1560 3990 1633 ἦν.

2420 1651 2636 1721 ἔρχεται
2663 1653 3008 1721 Ἀλέξανδρος
3037 1654 3116 1716 εἰς
3141 1653 3231 1706 τὸν
3263 1649 3413 1706 οἷκον
3433 1653 3754 1721 ἰ’ρυςαίνης
3783 1654 3995 1707 θέκλαν

2420 1743 2637 1796 λαὸεῖν·
2671 1746 2866 1813 ἐκείνῳ
2901 1748 3009 1814 γὰρ
3039 1743 3232 1813 ἔμελλε
3283 1743 3390 1795 τῶν
3444 1745 3818 1810 κυνηγεσίων.
3860 1744 4000 1812 Τρύ·

751 1843 914 1910 igitur
983 1839 1198 1902 diluxit,
1242 1837 1547 1891 Alexander
1599 1835 1823 1904 (quippe
1881 1833 1966 1888 cui
2017 1831 2316 1888 venationis

2425 1854 2586 1904 φαινα
2606 1837 2661 1888 δὲ
2691 1837 2801 1888 οὔθ’
2830 1836 3006 1889 ὁτιοῦν
3041 1834 3356 1906 παρεχώρει
3408 1835 3556 1903 αὐτῷ
3589 1835 3689 1902 τῆς
3723 1832 3947 1896 Θέκλτ,ς
3978 1845 3991 1862 ’

759 1933 908 1986 illius
940 1948 1070 1987 cura
1118 1931 1489 1998 incumbebat)
1532 1928 1751 1981 doumm
1806 1927 2118 1998 'l‘rypbtentn
2151 1928 2320 1988 venit,

757 2025 1017 2080 Theclam
1061 2024 1579 2093 comprehensurus.
1638 2020 1907 2075 Ceterum
1952 2019 2091 2076 nihil
2137 2018 2224 2070 illa
2270 2017 2323 2070 in

758 2118 958 2172 Thecla
991 2117 1094 2188 ipsi
1129 2115 1400 2184 permisit,
1437 2114 1554 2178 sed,
1593 2114 1727 2179 Quid
1761 2110 1893 2166 hoc?
1932 2112 2099 2164 altum
2134 2110 2320 2165 excla-

757 2219 870 2263 mat
899 2227 912 2261 :
953 2208 1082 2279 quid
1114 2206 1255 2260 hoc?
1289 2209 1486 2259 iterum
1516 2205 1647 2257 mihi
1684 2205 1890 2257 luctum
1931 2203 2070 2256 intra
2100 2201 2324 2256 domum

753 2300 1147 2356 introducitis?
1172 2315 1348 2368 neque
1377 2299 1661 2367 quisquam
1698 2306 1803 2362 est,
1831 2296 1920 2364 qui
1957 2309 2115 2364 opem
2149 2293 2322 2348 lerat?

755 2407 866 2446 nou
925 2391 1177 2455 maritus,
1205 2389 1366 2442 vidua
1405 2387 1550 2443 enim
1605 2401 1722 2440 sum
1774 2403 1787 2438 :
1833 2399 1944 2438 non
2004 2385 2130 2446 lilia,
2191 2384 2327 2438 obiit

756 2483 958 2552 quippe
987 2498 1001 2536 :
1040 2480 1184 2550 quod
1213 2487 1486 2549 superest,
1521 2476 1664 2532 Deus
1684 2477 1804 2531 ﬁlim
1833 2492 1964 2531 mea:
1993 2474 2229 2540 Theclze,
2257 2482 2312 2528 tu

753 2574 852 2644 ipsi
880 2573 1080 2628 auxilio
1103 2574 1197 2628 s‘is.
1224 2573 1430 2638 Quibus
1456 2586 1669 2627 summo
1693 2585 1921 2624 mmrore
1949 2571 2114 2624 animi
2137 2568 2318 2632 dictis,

2421 1928 2577 1988 ἀλλὰ,
2601 1928 2667 1981 Τί
2705 1927 2861 1979 τοῦτο
2895 1943 2909 1991 ;
2963 1926 3102 1994 μέγα
3141 1925 3406 1996 βοήσασα,
3450 1927 3504 1976 τι
3539 1925 3595 1976 δὲ
3621 1925 3887 1993 δεύτερόν
3915 1941 3998 1993 μοι

2422 2019 2657 2086 ἑπάγετε
2692 2017 2886 2078 πένῡος
2917 2018 2994 2079 εἰς
3029 2017 3125 2085 τὴν
3150 2015 3349 2080 οἰκίαν,
3387 2015 3481 2067 καὶ
3514 2014 3689 2077 οὐδεὶς
3717 2018 3749 2068 ὁ
3789 2016 4002 2086 amor].

2425 2128 2568 2176 σων;
2601 2110 2696 2162 οῦκ
2724 2109 2886 2178 ἀνὴρ,
2922 2109 3065 2177 χήρα
3103 2107 3212 2176 γὰρ
3239 2107 3388 2176 εἰμί·
3429 2107 3488 2159 οῦ
3520 2105 3736 2169 τέκνον,
3768 2107 4004 2175 τέθνηκε

2425 2204 2552 2272 γάρ.
2597 2201 2652 2254 Ὀ
2687 2201 2817 2262 Θεὸς
2842 2201 3047 2268 Θέκλης
3070 2199 3164 2252 τοῦ
3204 2201 3394 2251 τέκνου
3431 2215 3552 2268 μου,
3594 2197 3799 2267 βοηῦὸς
3823 2199 4006 2269 Θεκλῃ

2417 2295 2594 2363 γενοῦ.
2652 2292 2871 2363 Οὕτως,
2905 2296 2962 2345 ἐν
3021 2293 3182 2364 ὀδύνῃ
3225 2293 3401 2360 ψυχῆς
3471 2292 3706 2345 εἰποῦσα
3743 2291 4006 2359 διακενῆς

2420 2387 2567 2456 ψυχῇ
2599 2384 2950 2452 Ἀλεξάνδρου
3026 2385 3370 2452 ἀποπέμπει.
3422 2383 3699 2437 Μανοάνει
3747 2379 3929 2435 ταῦτα
3982 2385 4008 2434 ὀ

2426 2477 2672 2544 ἡγεμὼν,
2724 2475 2818 2526 καὶ
2862 2477 3191 2544 στρατιῶται
3239 2474 3553 2527 στέλλονται
3606 2475 3828 2544 Θέκλην
3872 2478 4008 2540 ἀγα-

2428 2570 2567 2636 γεῐν.

753 2668 968 2719 inanem
1009 2681 1040 2719 a
1083 2679 1141 2719 sc
1175 2664 1535 2718 Alexandrum
1579 2662 1772 2733 rejicit.
1805 2662 1956 2728 Quod
1997 2661 2084 2716 ubi
2126 2677 2327 2731 praeses
2363 2664 2602 2728 rescivit,
2651 2663 2852 2716 milites
2906 2662 3192 2726 submittit,
3241 2663 3332 2730 qui
3389 2661 3647 2716 Theclam
3698 2661 4006 2715 adducant.

821 2757 888 2811 Χ.
920 2756 1186 2812 Cmtcrum
1232 2755 1552 2826 Tryphmna,
1585 2770 1653 2809 ne
1689 2754 1774 2808 sic
1809 2755 2027 2822 quidem
2067 2770 2092 2806 a
2128 2753 2326 2808 Thecla

751 2847 1061 2910 recedebat,
1101 2847 1195 2900 sed
1238 2854 1489 2913 correpta
1541 2859 1726 2905 manu,
1762 2858 1865 2896 una
1910 2859 2031 2897 cum
2064 2843 2179 2911 ipsa
2209 2843 2326 2896 abi-

754 2943 866 3006 bat,
903 2940 988 2994 his
1031 2938 1210 2993 verbis
1250 2951 1342 2992 usa
1382 2953 1394 2990 :
1435 2934 1619 2988 Filiam
1658 2949 1833 2989 meam
1874 2933 2223 2988 Falconillam
2254 2935 2319 2988 ad

751 3031 1057 3098 sepulcrum
1094 3039 1250 3082 antea
1307 3027 1640 3080 deduxerant
1677 3043 1692 3080 :
1742 3033 1812 3090 te,
1853 3025 1958 3078 lilia
2026 3040 2145 3078 mea
2181 3023 2323 3078 Thc-

2503 2758 2558 2808 l’.
2595 2757 2882 2826 Τρύφαινα
2949 2757 3005 2808 δὲ
3057 2756 3177 2808 οὐδὲ
3216 2754 3388 2818 οὕτως
3443 2756 3711 2823 ἀφίστατο
3767 2755 4006 2822 Θέκλης,

2425 2848 2562 2902 ἀλλὰ
2593 2847 2831 2902 λαϐοῦσα
2859 2851 3069 2927 ’ταύτην
3109 2850 3208 2918 τῆς
3245 2849 3446 2918 χειρὸς,
3488 2847 3679 2918 ἀπῄει’
3736 2849 3853 2918 Τὴν
3913 2851 4009 2917 μὲν

2431 2939 2706 3010 θυγατέρα
2751 2941 3014 3011 τὴνὲμὴν
3058 2941 3447 3004 Φαλκόνιλλαν,
3498 2940 3762 3007 λέγουσα,
3811 2943 3902 3001 εἰς
3951 2943 4009 2992 τδ

2433 3033 2695 3100 μνημεῖον
2730 3031 2930 3099 προτοῦ
2962 3031 3296 3100 παρέπεμψα
3318 3046 3331 3060 ο
3366 3031 3423 3081 σὲ
3455 3030 3533 3094 δὲ,
3566 3031 3765 3081 τέκνον
3797 3029 4005 3091 θέκλια,

749 3123 854 3186 cla,
891 3135 1014 3174 cum
1058 3118 1250 3172 bestiis
1296 3117 1724 3187 (lt-pugnaturum
1774 3130 2094 3185 prosequor.
2114 3111 2322 3179 Quibus

2429 3123 2563 3192 πρὸς
2593 3122 2654 3174 τὸ
2694 3121 2905 3192 θηρίοις
2945 3122 3040 3174 νῦν
3065 3121 3334 3191 μάχεσθαι
3363 3121 3750 3189 παραπέμπει).
3783 3119 4010 3173 Τούτων

751 3211 971 3275 auditis,
1008 3220 1210 3279 martyr
1255 3208 1308 3262 in
1355 3209 1614 3278 lacrymas
1659 3206 1908 3276 prorupit
1964 3215 2018 3258 et
2053 3207 2322 3274 gemitus:

753 3315 828 3369 et,
858 3303 902 3359 Ο
955 3304 1206 3364 Domine,
1262 3303 1456 3370 inquit,
1503 3303 1730 3354 Domine
1781 3310 1834 3352 et
1888 3314 1984 3352 rex
2022 3313 2193 3365 meus,
2239 3297 2324 3352 cui

753 3415 854 3470 ego
884 3397 1110 3462 credidi,
1147 3397 1212 3449 ad
1246 3410 1405 3465 quem
1451 3393 1691 3460 confugi,
1723 3407 1752 3445 a
1794 3407 1901 3461 quo
1937 3406 2002 3444 ex
2053 3391 2174 3459 igne
2215 3405 2329 3444 ser-

753 3503 874 3544 vata
915 3505 1057 3552 sum,
1111 3487 1276 3542 redde
1318 3484 1632 3556 Tryphaena:
1684 3499 1795 3538 sua:
1845 3485 1896 3538 in
1941 3499 2027 3536 me
2071 3481 2326 3536 [aliiulam

752 3594 899 3634 tuam
938 3578 1592 3644 humanitatis,quodque
1628 3591 1712 3631 me
1741 3574 2109 3627 intamiualam
2144 3575 2328 3626 hacte-

751 3684 857 3722 nus
911 3667 1250 3729 custodicrit,
1286 3666 1497 3734 dignam
1543 3663 1872 3724 mercedem.
1914 3661 2198 3717 Tumultus
2236 3665 2343 3716 in-.

755 3759 934 3820 terim,
975 3758 1154 3827 fragor
1181 3766 1236 3810 et
1274 3756 1478 3809 clamor
1509 3754 1777 3807 maximus
1819 3754 1870 3805 iu
1907 3754 2128 3820 populo,
2163 3763 2327 3820 atque

755 3851 894 3905 adeo
925 3847 1178 3904 conlusio
1206 3856 1341 3909 erat,
1380 3844 1698 3898 mulieribus
1734 3859 1838 3897 una
1871 3843 2208 3906 sedentibus,
2245 3842 2328 3896 in-

754 3944 1039 4010 vicemque
1118 3937 1626 3996 contradicentibus
1676 3955 1687 3991 :
1733 3937 1817 3992 his
1866 3937 2104 4007 quidem,
2159 3936 2328 3993 luduc

751 4035 1090 4104 sacrilegam,
1124 4032 1245 4086 aliis
1305 4041 1488 4084 autem
1552 4029 1640 4082 tali
1694 4029 1936 4082 facinore
1985 4030 2206 4083 minime
2235 4045 2324 4084 ac-

754 4125 1182 4197 quiescentibus,
1211 4123 1677 4192 clamautihusquc
1706 4136 1722 4180 ;
1751 4123 1860 4177 Cur
1893 4137 1992 4174 nos
2034 4135 2271 4190 quoque,
2297 4136 2328 4172 o

755 4218 972 4288 przese's,
1020 4231 1210 4272 omnes
1264 4233 1372 4269 non
1432 4231 1539 4269 una
1594 4215 1774 4271 tollis?
1823 4229 2140 4285 perversum
2179 4213 2327 4283 judi-

752 4312 922 4374 cium,
945 4311 1146 4379 injusta
1183 4310 1236 4361 in
1269 4309 1532 4379 virginem
1568 4308 1670 4359 lata
1701 4308 1988 4360 sententia.
2013 4304 2215 4360 Thecla
2246 4307 2329 4360 iu-

755 4402 912 4456 terim
963 4415 1033 4455 ex
1084 4400 1336 4453 tuauibus
1378 4398 1730 4472 Thryphaana:
1781 4405 1964 4466 erepta
2009 4397 2324 4460 cxuebatur,

2426 3218 2458 3283 η
2520 3215 2730 3282 μάρτυς
2773 3212 3076 3277 ἀκούσασα,
3123 3215 3204 3275 είς
3266 3212 3474 3280 δάκρυά
3500 3229 3557 3263 τε
3599 3210 3863 3281 προήχθη
3918 3214 4011 3263 καὶ

2429 3305 2786 3373 στεναγμοὺς,
2807 3306 2922 3366 καὶ,
2953 3306 3016 3354 Ὢ
3050 3304 3238 3373 Κύριε,
3259 3304 3382 3369 ἔφη,
3409 3302 3582 3370 Κύριέ
3601 3320 3704 3370 μου
3733 3304 4010 3368 καὶ-βασι-

2426 3395 2540 3456 λεῦ,
2576 3388 2619 3461 ᾧ
2650 3395 2758 3460 ἐγὼ
2806 3396 3124 3458 ἐπίστευσα,
3154 3395 3237 3461 ἐφ’
3272 3393 3330 3446 ὃν
3379 3392 3489 3459 ἐγὼ
3531 3393 3879 3460 κατέφυγον,
3923 3396 4012 3446 καὶ

2429 3487 2601 3557 πυρὸς
2635 3486 2932 3557 ἑρῤύσῦην,
2964 3487 3158 3549 ἀπόδος
3189 3484 3382 3554 μισθὸν
3411 3483 3562 3550 ἀξιον
3589 3484 3890 3554 Τρνδφαίνῃ
3918 3487 4012 3553 τῆς

2430 3579 2563 3646 πρὸς
2620 3596 2685 3648 με
2736 3579 2834 3645 τὴν
2874 3578 3070 3644 δούλην
3117 3593 3211 3627 σου
3270 3575 3642 3641 συμπαθείας,
3677 3578 3778 3626 καὶ
3812 3579 3898 3629 δτι
3950 3594 4011 3645 με

2426 3673 2599 3732 οὕτως
2631 3670 2801 3737 ἁγνὴν
2832 3669 3151 3722 διεσώσατο.
3201 3667 3443 3739 Θὸρυὸος
3483 3665 3576 3718 οῦν
3609 3667 3704 3717 καὶ
3757 3668 4004 3733 πάταγος

2429 3761 2522 3813 καὶ
2701 3759 2930 3830 πλείστη
2969 3759 3061 3813 τοῦ
3105 3759 3278 3829 δήμου
3317 3761 3408 3811 καὶ
3454 3752 4010 3828 ἔγχυσις,ἦπθ,γυνα;-

2378 3883 2380 3885 >
2428 3853 2540 3906 κῶν
2570 3871 2625 3907 τε
2651 3853 2786 3922 ὁμοῦ
2812 3853 3285 3923 παρεδρευουσῶν,
3305 3851 3398 3903 καὶ
3421 3850 3685 3918 ἀλλήλαις
3715 3850 4013 3917 ἁντιςθεγ-

2427 3946 2699 4017 γομένιον,
2732 3948 2826 4001 καὶ
2862 3947 2970 3997 τῶν
2999 3945 3119 4011 μὲν,
3146 3943 3421 4008 Εἰσᾶγαγε
3452 3944 3548 4008 τὴν
3580 3943 3898 4010 ἱερόσυλον,
3933 3943 4013 3993 λε-

2427 4040 2802 4106 γουσίὲ›νοτῶν
2863 4037 2919 4090 δὲ
2975 4037 3087 4098 τοῖς
3137 4032 3441 4104 γινομένοις
3502 4034 4009 4102 ἀπαρεσκομένων,

2429 4135 2540 4193 καὶ,
2572 4132 2637 4181 ⁹Ι”ί
2675 4129 2749 4200 μὴ
2778 4130 2871 4183 καὶ
2926 4130 3104 4192 πάσας
3137 4127 3316 4198 αἴρεις
3361 4127 3531 4194 ἡμᾶς,
3569 4125 3843 4195 ἡγεμὼνς
3904 4129 4014 4185 £2;-

2429 4222 2827 4292 φθειρομένων·
2869 4221 3014 4290 κακὴ
3050 4220 3252 4290 κρίσις,
3296 4218 3476 4280 ἄδικος
3509 4216 3652 4268 κατὰ
3685 4217 3792 4281 τῆς
3817 4219 4015 4286 παροι-

2427 4331 2520 4366 νου
2555 4315 2852 4382 ἀπόφασις.
2897 4312 2960 4364 Ἠ
2995 4312 3173 4363 Θέκλα
3203 4310 3383 4362 τοίνυν
3412 4310 3491 4370 εἰς
3541 4309 3738 4376 χεῖρας
3769 4308 4012 4376 Τρυξαί·

2433 4421 2529 4474 νης
2556 4406 2822 4472 ληφθεῖσα
2864 4401 3156 4472 περιεδύοη
3184 4415 3201 4432 ⁶
3230 4399 3324 4453 καὶ
3353 4398 3597 4451 λαϐοῦσα
3627 4398 3914 4470 διάζωμα,
3943 4404 4014 4461 εἰς

754 4502 812 4544 et
843 4498 1060 4560 sumpto
1101 4489 1450 4558 subligaculo,
1497 4495 1551 4541 in
1584 4489 1788 4540 circum
1821 4489 2046 4557 impulsa
2088 4497 2192 4552 est,
2219 4489 2323 4542 leo-

2436 4497 2497 4547 τὸ
2523 4496 2737 4548 στάδιον
2760 4493 3044 4565 ἐνεϐλήθη,
3080 4494 3292 4557 λέοντές
3314 4509 3372 4545 τε
3403 4494 3501 4545 καὶ
3529 4491 3730 4562 ἄρκτοι
3756 4494 4016 4560 ἀφίενται

755 4601 962 4654 nesque
989 4599 1044 4638 et
1098 4587 1208 4640 ursi
1251 4585 1304 4636 in
1361 4585 1530 4652 ipsam
1565 4582 1817 4637 immissi.
1866 4583 2009 4635 Inter
2053 4595 2190 4651 quos
2222 4595 2328 4634 una

753 4684 923 4733 leaena
954 4675 1164 4731 exteris
1195 4675 1364 4745 magis
1384 4676 1548 4729 ell'cra
1579 4675 1865 4730 confestim
1897 4673 1963 4728 ad
1997 4675 2161 4744 pedes
2190 4687 2332 4726 mar-

759 4769 890 4840 tyris
918 4782 977 4823 se
1008 4766 1346 4837 proclinavit.
1397 4767 1515 4831 Quo
1549 4767 1664 4821 viso
1695 4767 2011 4820 acclamatio
2069 4780 2166 4834 per
2208 4780 2329 4819 tnu-

754 4859 950 4912 lierum
1027 4871 1219 4930 agmen
1281 4859 1530 4927 protinus
1575 4867 1661 4911 eSt
1712 4867 2024 4910 consecuta.
2088 4858 2330 4924 Cumque

758 4966 880 5005 ursa
909 4952 974 5004 ad
1003 4960 1246 5005 sanctam
1299 4954 1438 5004 hanc
1470 4949 1726 5020 virginem
1774 4956 2110 5010 accurreret,
2137 4946 2326 5011 lezeua,

759 5053 817 5097 ut
859 5043 908 5100 ei
952 5053 1336 5114 propugnaret,
1387 5043 1598 5096 obviam
1643 5055 1946 5110 progressa,
1987 5056 2167 5094 ursam
2215 5041 2330 5095 dis-

757 5137 979 5204 eerpsit.
1014 5136 1216 5192 lteiude
1249 5136 1334 5189 leo
1371 5135 1434 5190 ad
1471 5134 1718 5188 homines
1741 5134 2081 5189 devorandos
2120 5136 2330 5188 exerci-

758 5238 924 5293 tatus,
957 5228 1050 5295 qui
1084 5227 1373 5283 Alexandri
1403 5235 1545 5288 erat,
1582 5228 1636 5280 iu
1685 5227 1856 5296 ipsam
1889 5243 2107 5296 quoque
2138 5229 2332 5281 incita-

759 5331 868 5374 tur.
905 5320 1040 5374 Cum
1073 5334 1181 5389 quo
1203 5320 1330 5372 dum
1372 5321 1538 5374 leaena
1566 5319 1817 5374 similiter
1848 5321 1898 5371 in
1935 5332 2210 5375 certamen
2240 5335 2332 5374 ve-

757 5412 860 5482 nit.
916 5419 1143 5478 uterque
1195 5420 1386 5464 mutuo
1438 5410 1640 5464 laniatu
1705 5419 1956 5480 pereunt.
1990 5409 2108 5475 Quo
2167 5411 2328 5476 facto,

758 5505 1105 5575 tuaximaque
1125 5506 1339 5559 interim
1364 5501 1602 5557 ferarum
1633 5505 1786 5570 copia
1817 5503 1869 5554 in
1899 5503 2042 5554 illam
2069 5503 2329 5566 immissa,

758 5607 908 5650 stans
933 5606 1138 5660 erecta,
1172 5596 1237 5648 ad
1266 5597 1435 5650 Deum
1485 5608 1676 5665 preces
1721 5594 1969 5648 iaciebat.
1995 5593 2206 5659 Quibus
2237 5597 2333 5648 ab-

757 5689 972 5752 solutis,
1019 5702 1298 5752 conversa,
1341 5689 1517 5742 lacum
1572 5688 1718 5742 videt
1763 5701 1912 5756 aqua:
1955 5687 2172 5757 plenum
2214 5696 2332 5746 :et.

757 5777 933 5844 Nunc,
991 5780 1182 5848 inquit,
1229 5788 1441 5851 tempus
1492 5792 1575 5836 est
1622 5790 1679 5834 ut
1726 5777 1934 5844 abluar,
1966 5787 2019 5831 et
2069 5794 2168 5834 una
2213 5793 2334 5832 cum

2432 4588 2552 4643 κατ’
2584 4588 2774 4657 αὐτῆς.
2806 4589 2920 4640 Μία
2946 4587 3080 4655 γοῦν
3109 4586 3319 4650 λέαινα,
3336 4585 3447 4636 τῶν
3465 4584 3643 4638 ἄλλων
3668 4587 4015 4652 ἀγριωτέρα,

2434 4683 2531 4734 σῦν
2566 4681 2718 4749 τάχει
2743 4678 2896 4748 παρὰ
2915 4679 3043 4740 τοὺς
3075 4675 3245 4740 πόδας
3273 4675 3371 4744 τῆς
3406 4676 3693 4746 μάρτυρος
3722 4676 4015 4742 ἀνεκλίῦη.

2430 4775 2529 4825 καὶ
2556 4772 2616 4824 τὸ
2635 4771 2741 4824 τῶν
2767 4770 3044 4837 γυναικῶν
3062 4768 3263 4838 πλῆθος
3291 4766 3450 4830 εὐθὺς
3469 4766 3819 4837 ἑπεῦὀησαν.
3891 4771 4018 4837 Ἀρ-

2430 4881 2558 4918 κτου
2582 4863 2639 4916 δὲ
2671 4866 2736 4932 τῇ
2758 4861 2890 4930 ἁγίᾳ
2911 4859 3336 4930 ὲπιδραμούσης,
3376 4861 3407 4927 ἡ
3439 4857 3651 4919 λέαινα,
3694 4857 3893 4926 ὥσπερ
3926 4863 4018 4910 αἰν-

2430 4958 2528 5026 τῆς
2565 4952 3004 5024 προασπίζουσα,
3053 4949 3327 5019 ὑπήντησε
3369 4963 3430 5000 τε
3459 4953 3551 5001 ιιαί
3586 4948 3862 5019 διέρρηξε
3899 4951 4021 4999 tr;-

2430 5064 2553 5117 την.
2591 5047 2827 5100 Ἔπειτα
2861 5043 2998 5097 λέων
3024 5044 3248 5111 ἀφίεται
3282 5041 3405 5094 κατ’
3461 5041 3636 5108 αὐτῆς
3659 5057 3674 5071 ο
3728 5044 3794 5119 δς
3869 5042 4020 5092 ’Διε-

2434 5137 2657 5206 ξάνδρου
2694 5140 2793 5207 μὲν
2823 5134 2912 5207 ἦν,
2941 5138 3148 5208 ἤσκητο
3167 5136 3223 5186 δὲ
3251 5133 3574 5206 ἀνθρώπους
3624 5131 3978 5202 βισρόισιειν
4007 5148 4019 5159 ·

2431 5226 2475 5299 ᾧ
2507 5229 2602 5282 καὶ
2624 5229 2774 5299 αὐτῷ
2805 5230 2902 5300 τῆς
2933 5229 3147 5296 λεαίνης
3190 5227 3324 5298 πρὸς
3361 5225 3692 5295 συμπλοκὴν
3720 5226 4020 5292 ἑλοούσης,

2435 5326 2786 5392 ἀναιροῦνται
2817 5321 2911 5373 ὑπ’
2931 5320 3180 5391 ἀλλήλων
3209 5321 3531 5388 ἀμφότεροι,
3561 5319 3678 5370 Καὶ
3699 5319 3833 5370 τότε
3855 5318 4022 5369 πολλὰ

2433 5415 2540 5468 τῶν
2573 5413 2781 5482 θηρίων
2807 5413 3056 5480 ἀφιᾶσιν,
3081 5409 3323 5475 ἑστώσης
3355 5407 3586 5474 Θέκλης,
3633 5408 3734 5458 καὶ
3791 5423 4022 5478 προσευ-

2433 5506 2669 5576 χομένης
2692 5503 2831 5572 Θεῷ.
2877 5503 3030 5556 Ἐπεὶ
3070 5502 3125 5554 δὲ
3158 5500 3252 5551 καὶ
3285 5501 3434 5562 τέλος
3459 5497 3604 5568 εἶχεν
3639 5499 3678 5565 ὴ
3711 5503 4020 5569 προσευῄ.

2436 5597 2854 5664 ὲπιστραςρείσα,
2898 5594 3098 5646 λάκκον
3160 5593 3282 5662 ὁρᾷ,
3336 5592 3534 5662 μεστὸν
3601 5589 3838 5664 ὕδατος,
3875 5592 4024 5649 Εἶτα,

2434 5688 2545 5743 Νῦν
2567 5689 2774 5757 καιρὸς,
2806 5689 2929 5756 ἔφη,
2963 5685 3055 5737 τοῦ
3083 5684 3373 5738 λούσασθαί
3399 5698 3501 5751 με·
3533 5684 3633 5737 καὶ
3679 5686 3808 5754 ἅμα
3870 5683 4026 5746 καθῆ-

2437 5797 2530 5833 κεν
2552 5780 2748 5849 ὲαοτὴν
2769 5779 2846 5840 εῑς
2866 5776 2926 5828 τὸ
2952 5777 3112 5847 ὕδωρ,
3146 5778 3231 5837 Ἑν
3254 5777 3326 5846 τῷ
3345 5775 3574 5843 ὀνόματί
3605 5796 3735 5841 σου,
3767 5780 4023 5846 λέγουσι.
