4154 6318
734 337 838 399 839

1971 336 2253 397 MENSIS
2290 337 2579 397 SEPTEM
2596 339 2765 397 BER.

3896 339 3995 404 840

735 448 1102 518 adipiscetur,
1162 450 1254 506 sed
1310 459 1483 506 morte
1567 449 1890 504 multabitur
1963 453 2319 521 sempiterna.

2443 451 2790 522 Ξυσωπηθεὶς,
2827 449 3353 520 ίμέιτιανὲνεχθῆναι
3398 451 3629 516 κελεύει,
3684 452 3781 504 καὶ
3839 453 3998 525 αὐτὴν

735 541 945 611 Quibus
970 559 1170 615 prseses
1204 544 1404 598 auditis
1429 545 1654 614 (quippe
1673 554 1960 612 martyrem
1987 542 2096 611 jam
2135 545 2322 598 verba-

734 650 840 705 que
869 635 1040 703 ipsius
1089 633 1390 702 reveritus)
1436 643 1613 690 veStes
1643 632 1852 696 aﬁ‘erri,
1883 632 2057 702 iisque
2086 648 2144 687 se
2177 632 2321 685 illam

739 725 965 779 induere
1018 725 1267 795 imperat.
1315 725 1397 778 Ad
1436 739 1598 794 quem
1657 723 1745 777 illa
1790 743 1802 777 :
1844 723 1947 788 Qui
1983 739 2067 778 me
2098 723 2321 787 nudam,

735 827 925 872 contra
952 815 1095 872 feras
1143 819 1548 886 depugnantem
1591 816 1830 880 vestivit,
1863 816 1980 885 ipse
2035 816 2088 870 in
2133 814 2324 884 judicii

735 909 823 963 die
852 908 1026 964 salute
1054 916 1106 961 te
1141 909 1336 962 vestiet
1363 925 1376 959 :
1409 918 1771 978 sumptusque
1799 908 1901 962 sibi
1934 907 2320 962 circumdedit.

736 998 895 1065 Quod
935 997 1263 1053 beneﬁcium
1295 999 1400 1055 hoc
1451 1000 1677 1069 insuper
1710 999 1904 1053 merito
1928 1013 2130 1068 praeses
2158 1014 2322 1054 accu-

739 1090 986 1158 mulavit,
1030 1101 1089 1146 ut
1131 1101 1186 1147 et
1229 1093 1516 1163 epistolam
1566 1093 1944 1148 lconiensibus
1973 1093 2238 1152 scriberet
2269 1094 2322 1146 in

738 1183 858 1238 hac
919 1183 1082 1238 verba
1127 1200 1139 1235 :
1195 1181 1453 1236 Theclam
1488 1183 1632 1252 piam
1684 1181 1780 1236 Dei
1831 1180 2116 1236 cultricem
2174 1179 2325 1233 vobis

738 1275 978 1329 dimitto.
1013 1272 1134 1340 Quo
1162 1273 1331 1340 l‘acto,
1359 1274 1619 1329 mulieres
1651 1288 1842 1328 onmes
1877 1272 2098 1344 gavisae,
2129 1286 2324 1338 magna

741 1375 873 1423 voce
912 1368 1020 1421 Deo
1058 1367 1248 1420 laudes
1299 1365 1651 1422 referebant:
1697 1364 1852 1420 Unus
1897 1365 2036 1417 lleus
2067 1361 2324 1425 Theelte;

741 1475 885 1514 unus
929 1460 1069 1513 Deus
1095 1460 1188 1529 qui
1223 1457 1482 1512 Theclam
1507 1457 1764 1520 servavit,
1801 1457 2179 1510 inclamantes.
2208 1453 2325 1519 Qua

741 1565 876 1604 voce
918 1558 1030 1604 tota
1081 1549 1276 1605 civitas
1328 1549 1659 1619 personabat
1705 1564 1720 1602 :
1757 1547 2172 1618 Tryphaenaque
2217 1555 2325 1598 tam

742 1642 863 1696 lwto
887 1642 1081 1695 nuntio
1111 1649 1365 1710 accepto,
1407 1655 1532 1694 cum
1577 1654 1770 1710 magna
1819 1637 2190 1700 multitudine,
2221 1651 2328 1706 quo

742 1733 887 1787 illam
915 1732 1359 1802 amplecteretur,
1396 1729 1614 1784 obviam
1641 1730 1738 1783 ivit
1785 1747 1797 1782 :
1835 1728 2015 1790 Nunc,
2049 1727 2325 1797 inquiens,

2427 541 2747 596 ἐνδύσασθαι
2782 541 2973 595 ταῦτα.
3032 543 3100 596 Ἠ
3132 543 3189 596 δὲ
3214 561 3228 575 ο
3303 545 3346 596 Ο
3376 543 3602 608 ἑνδύσας
3658 562 3727 616 με
3763 548 4000 616 γυμνὴν,

2427 633 2556 703 ἔφη,
2589 635 2728 706 πρὸς
2786 633 2949 706 θηρία
3015 633 3416 700 πυκτεύουσαν,
3476 637 3638 700 αὐτὸς
3700 639 3757 690 ὲν
3820 637 3999 708 ἡμέρᾳ

2427 727 2662 796 κρίσεως
2696 727 2909 781 ἑνδύσει
2947 745 3005 780 σε
3048 728 3348 798 σωτηρίαν.
3377 729 3485 782 Καὶ
3526 729 3772 782 λαϐοῦσι
3814 747 3998 800 περιι-

2427 819 2644 873 ϐάλετο.
2675 821 2816 890 Πρὸς
2846 820 3054 884 τούτοις
3101 822 3129 874 ό
3157 820 3384 893 ἡγεμὼν
3429 821 3506 890 τῷ
3542 820 3735 890 ἀγαθῷ
3774 838 4000 890 προστι-

2428 913 2563 977 θεὶς,
2599 912 2838 983 γράμμα
2883 913 3197 967 Ἰκονιεῦσιν
3229 914 3528 985 ἐκπέμπει,
3565 913 3788 980 γράψας
3814 912 4003 975 οὕτως·

2427 1005 2645 1058 Θέκλαν
2671 1007 2774 1076 τὴν
2806 1006 3042 1075 ,θεοσεϐῆ
3074 1006 3278 1076 ἀφίημι
3309 1008 3458 1076 ὑμῖν.
3502 1006 3797 1074 Ἦσθησαν
3825 1005 3921 1058 οῦν
3957 1007 4005 1056 σί

2426 1094 2688 1159 γυναῖκες
2728 1093 2824 1144 ἐπὶ
2859 1092 3035 1162 τούτῳ
3075 1094 3268 1156 πᾶσαι,
3304 1096 3398 1144 καὶ
3429 1096 3581 1162 φωνῇ
3632 1091 3861 1163 μεγάλῃ
3907 1093 4007 1142 ἐδο-

2429 1184 2598 1250 ξασαν
2628 1185 2721 1236 τὸν
2754 1184 2888 1238 Θεόν
2916 1199 2930 1213 ·
2965 1180 3058 1247 Εἷς
3087 1183 3223 1248 Θεὸς
3276 1186 3304 1239 ὁ
3338 1184 3545 1238 Θὲκλαν
3575 1185 4008 1250 διασωσᾶρενος.

2426 1276 2502 1340 ὡς
2531 1276 2637 1330 ὑπδ
2670 1278 2770 1347 τῆς
2793 1280 2979 1347 φωνῆς
2998 1276 3200 1347 ταύτης
3247 1276 3709 1347 διαθρυλληθῆναι
3734 1276 3840 1346 τὴν
3866 1275 4010 1326 πολιν

2430 1368 2646 1422 ἅπασαν
2672 1383 2687 1400 ⁶
2727 1368 3044 1439 Τρύφαιναν
3083 1386 3142 1421 τε
3174 1368 3657 1438 εὐαγγελισθεῖσαν
3688 1369 4010 1436 ἀπαντῆσαι

2432 1460 2531 1512 σὺν
2559 1460 2779 1528 πλήθει,
2834 1462 3155 1532 περιϐαλεῖν
3195 1479 3253 1514 τε
3302 1462 3400 1533 τὴν
3435 1461 3664 1526 Θέκλαν,
3731 1462 3854 1525 καὶ,
3885 1461 4011 1522 Νῦν,

2434 1549 2624 1615 φάναι,
2656 1547 2937 1600 πιστεύειν
2966 1548 3225 1618 δύναμαι,
3281 1551 3364 1601 ὅτι
3411 1549 3588 1602 Θὲκλα
3621 1551 3684 1601 τὸ
3713 1551 3921 1601 τέκνον
3953 1549 4011 1615 δὴ

2431 1640 2492 1691 τὸ
2522 1640 2654 1708 ἐμὸν
2681 1639 2769 1709 ζῇ.
2792 1639 2960 1710 Δεῦρο
2992 1641 3170 1693 τοίνυν
3195 1641 3341 1710 ἐμοὶ,
3371 1640 3630 1710 θύγαιερ,
3657 1643 3743 1702 είς
3768 1647 3866 1692 τον
3895 1640 4018 1707 ἐμὸν

2433 1727 2602 1797 οἷκον,
2635 1734 2730 1786 καὶ
2756 1733 2825 1786 τα
2862 1735 2973 1803 ἐμὰ
3001 1735 3179 1788 πάντα
3212 1751 3295 1787 σοι
3331 1735 3644 1805 ἐπιγράψω.
3674 1729 3900 1788 Ἦλθεν
3932 1733 4020 1786 οὖν

740 1825 971 1880 credere
999 1838 1222 1894 possum
1256 1821 1518 1877 Theclam
1547 1821 1708 1875 liliam
1743 1836 1921 1875 meam
1968 1821 2170 1884 vivere,
2206 1819 2330 1873 veni

2443 1822 2617 1876 οἴκαδε
2649 1824 2834 1879 Θέκλα
2878 1824 3020 1894 μετὰ
3055 1825 3374 1894 Τρυφαίνης
3400 1841 3414 1854 ·
3450 1825 3541 1878 καὶ
3574 1826 3797 1895 ἡμέρας
3834 1823 4022 1889 ὀλίγας

739 1917 965 1972 domum
1003 1931 1152 1970 nunc
1178 1930 1306 1987 ergo
1345 1915 1412 1970 ad
1453 1929 1560 1978 me,
1591 1930 1709 1968 mea
1756 1914 1865 1968 ﬁlia
1900 1931 1913 1967 :
1954 1927 2145 1966 omnes
2182 1926 2332 1965 meas

741 2009 1028 2063 facultates
1074 2007 1127 2061 in
1156 2016 1208 2061 te
1267 2007 1646 2061 transcribam.
1678 2005 1802 2060 Abit
1821 2005 1904 2058 illa
1927 2019 2051 2058 cum
2073 2003 2332 2072 Tryphae-

742 2116 836 2163 na,
869 2112 922 2157 et
966 2101 1084 2155 dies
1135 2114 1340 2170 paucos
1390 2097 1592 2154 ibidem
1643 2097 2124 2167 conquiescentes,
2157 2095 2328 2150 amba

745 2195 839 2249 Dei
889 2194 1115 2250 verbum
1157 2193 1429 2248 docebant
1469 2210 1485 2248 :
1536 2192 1612 2248 ita
1654 2202 1712 2247 ut
1762 2193 1942 2247 multa:
1997 2206 2060 2247 ex
2144 2191 2354 2246 ancillis
2401 2189 2562 2245 ﬁdem
2627 2193 3010 2264 susciperent,

748 2291 1080 2361 repleretur.

820 2382 939 2436 Xll.
971 2383 1247 2452 Caeterum
1291 2398 1400 2436 non
1426 2383 1642 2437 sinebat
1685 2381 1941 2436 Theclam
1990 2382 2250 2451 spiritalis
2283 2381 2338 2434 in

747 2473 978 2529 Paulum
1006 2489 1161 2528 amor
1193 2473 1403 2529 diutius
1433 2474 1674 2543 quietam
1704 2489 1846 2538 esse,
1880 2476 1975 2530 sed
2019 2475 2202 2529 animo
2237 2474 2339 2527 sol-

746 2568 894 2624 licita
920 2581 1334 2637 quoquoversus
1368 2567 1435 2621 ad
1463 2567 1615 2620 illum
1663 2566 2045 2636 inquirendum
2072 2566 2340 2621 mittebat.

748 2660 1001 2730 Cumque
1051 2659 1215 2731 Myris
1253 2658 1428 2729 Lyciae
1479 2659 1616 2714 urbe
1654 2674 1774 2714 esse
1808 2659 2110 2724 didicisset,
2155 2658 2341 2712 multis

748 2769 936 2810 secum
968 2752 1188 2808 famulis
1217 2766 1272 2807 et
1308 2752 1522 2808 ancillis
1556 2736 1886 2822 assumptis,
1921 2752 2038 2823 ipsa
2070 2752 2254 2806 tunica
2286 2751 2342 2803 in

748 2846 1032 2917 penulam,
1061 2845 1275 2900 virilem
1305 2846 1357 2898 in
1385 2844 1647 2915 speciem,
1691 2853 2048 2905 commutata,
2085 2843 2153 2896 ad
2181 2842 2340 2896 illum

749 2953 948 3011 magno
981 2953 1104 2994 cum
1162 2937 1440 2992 desiderio
1492 2936 1828 3008 spiritusque
1874 2937 2070 2990 ardore
2101 2935 2344 3006 profecta

748 3041 855 3085 est.
887 3030 1062 3095 Quem
1086 3028 1249 3099 Myris
1277 3027 1345 3082 de
1372 3027 1538 3082 rebus
1560 3027 1760 3082 divinis
1788 3026 2150 3084 disserentem
2178 3030 2332 3085 inve-

2431 1919 2550 1970 ἐκεῖ
2605 1917 3123 1988 διαναπαυσάμεναι
3171 1919 3456 1972 ἐδίδασκον
3513 1918 3681 1989 ἄμφω
3724 1917 3822 1969 τὸν
3869 1917 4024 1984 λόγον

2434 2010 2664 2079 Κυρίου,
2699 2009 2838 2062 ὥστε
2867 2010 3160 2064 πιστεῦσαι
3182 2011 3282 2074 τὰς
3306 2012 3523 2073 πλείους
3548 2012 3656 2065 τῶν
3687 2010 4026 2075 παιδισκῶν,

2433 2097 2527 2149 καὶ
2561 2097 2738 2166 χαρᾶς
2767 2098 3076 2168 πλησθῆναι
3104 2098 3196 2151 τὸν
3219 2093 3367 2150 οἷκον
3399 2098 3740 2168 Τρυφαίνης.

3095 2203 3148 2248 et
3203 2193 3385 2249 lmtitia
3447 2196 3641 2251 domus
3701 2192 4032 2265 Tryphaena:

2516 2376 2613 2430 lB'.
2648 2375 2856 2431 Θέκλαν
2891 2379 3077 2447 μέντοι
3109 2376 3379 2442 assam;
3406 2381 3634 2450 ἠρεμεῖν
3671 2389 3959 2455 παρεῖχον
3986 2390 4031 2441 οί

2443 2471 2660 2524 Παύλου
2698 2477 3067 2540 πνευματικοὶ
3102 2473 3304 2545 ἔρωτες
3333 2491 3347 2506 ’
3387 2475 3502 2528 ἀλλ’
3531 2473 3599 2546 ἦν
3637 2477 3900 2531 ἁλύουσα
3936 2482 4030 2548 τὴν

2441 2565 2692 2636 καρδίαν,
2752 2567 3052 2637 πέμπουσα
3106 2585 3165 2619 τε
3223 2569 3499 2637 πανταχοῦ
3562 2569 3686 2638 γῆς,
3774 2574 4035 2624 κάκεῖνον

2439 2654 2799 2724 ἐπιζητοῦσα.
2849 2657 3002 2708 Ἐπεὶ
3036 2656 3092 2708 δὲ
3145 2655 3308 2725 μάθοι
3337 2659 3393 2708 ὲν
3435 2657 3649 2728 Μύροις
3688 2659 3866 2710 αὐτὸν
3897 2657 4032 2713 εἶναι

2441 2747 2541 2816 τῆς
2579 2747 2808 2810 Λυκίας,
2856 2747 3099 2809 ’πολλοὺς
3140 2746 3251 2800 τῶν
3301 2749 3600 2803 νεανίσκων
3647 2749 3910 2805 λαϐοῦσα
3943 2754 4032 2806 καὶ

2444 2839 2769 2903 παιδισκῶν,
2798 2841 2915 2894 κατ’
2946 2841 3114 2912 ἄνδρα
3143 2841 3200 2895 δὲ
3223 2842 3316 2896 τὸν
3349 2844 3552 2914 χιτῶνα
3589 2847 3673 2908 εἰς
3722 2845 4035 2916 ἐπενδύτην

2447 2933 2854 3005 μεταϐαλοῦσα,
2893 2935 3060 3007 ἀπῄει
3108 2936 3244 3006 πρὸς
3291 2938 3474 3002 αὐτὸν,
3520 2940 3662 3006 μετά
3704 2957 3773 3007 γε
3820 2941 4022 2994 πολλοῦ

2443 3028 2610 3081 πόθου
2680 3030 2772 3082 καὶ
2810 3027 3015 3096 θερμοῦ
3053 3027 3384 3094 πνεύματος.
3424 3031 3682 3100 Εὑρίσκει
3734 3032 4034 3100 τοιγαροῦν

751 3121 852 3186 nit,
891 3121 1076 3191 illique
1132 3120 1407 3184 desubito,
1450 3119 1586 3174 nihil
1623 3119 1731 3174 tale
1783 3120 2114 3189 praescienti,
2145 3129 2287 3175 astat
2322 3137 2334 3172 :

2452 3119 2667 3171 Παῦλον
2706 3121 2764 3172 ὲν
2810 3120 3046 3192 Μύροις,
3107 3121 3175 3174 τὰ
3236 3121 3368 3192 περὶ
3422 3099 3558 3175 Θεοῦ
3613 3099 4031 3189 διαλεγόμενον,

749 3229 911 3283 quam
959 3223 1020 3267 ut
1071 3211 1162 3267 ille
1225 3212 1490 3281 turbaque
1535 3226 1656 3280 quae
1705 3226 1811 3264 una
1864 3211 2072 3275 aderat,
2107 3211 2337 3281 aspexit,

750 3316 976 3374 stupore
1022 3305 1300 3373 perculsus
1327 3311 1430 3366 est,
1478 3318 1547 3357 ne
1572 3303 1716 3372 quod
1752 3303 1985 3369 videbat,
2017 3318 2156 3358 nova
2197 3313 2340 3360 esset

749 3398 1000 3459 tentatio,
1036 3411 1220 3453 secum
1273 3403 1552 3466 reputans.
1600 3394 1802 3450 Thecla
1833 3405 2014 3450 autem
2049 3396 2337 3459 accedens,

748 3490 973 3558 Accepi,
1028 3489 1226 3558 inquit,
1269 3504 1302 3543 ο
1333 3487 1520 3550 Paule,
1562 3488 1861 3551 lavacrum,
1892 3486 1986 3554 qui
2035 3486 2181 3540 enim
2235 3501 2341 3540 una

753 3592 936 3636 tecum
987 3591 1244 3650 operatus
1294 3589 1378 3632 est
1431 3578 1488 3631 ln
1547 3575 1922 3649 Evangelium,
1954 3578 2085 3632 mihi
2122 3593 2342 3648 quoque

753 3675 843 3728 ille
873 3673 1009 3743 ipse,
1043 3681 1102 3726 ut
1159 3670 1431 3734 abluerer,
1463 3670 1756 3727 concessit.
1785 3669 1924 3725 Tum
1962 3669 2162 3727 Paulus
2194 3672 2339 3726 illam

751 3767 820 3821 ad
849 3781 909 3819 se
940 3774 1214 3834 receptam
1243 3765 1297 3815 in
1332 3763 1555 3816 domum
1590 3761 1857 3815 llermeiae
1895 3760 2135 3818 deduxit.
2159 3761 2342 3830 ibique

754 3855 1054 3926 sigillatim,
1094 3866 1435 3923 quaecunque
1487 3850 1588 3907 sibi
1641 3849 1943 3906 Antiochia:
1992 3850 2340 3918 accidissent,

755 3946 959 4002 Thecla
991 3946 1158 4001 Paulo
1189 3955 1412 4001 enarrat
1449 3961 1464 3998 :
1497 3954 1557 3999 ut
1587 3945 1881 4014 plurimum
1911 3954 1965 3998 ct
1996 3944 2083 3998 ille
2112 3944 2339 3999 mirare-

758 4049 871 4105 tur,
901 4050 956 4094 et
987 4036 1328 4092 audientium
1361 4034 1496 4089 ﬁdes
1520 4034 1956 4101 conﬁrmaretur,
1994 4033 2341 4105 Tryphaznm-

754 4147 862 4203 que
917 4129 1310 4201 benignitatem
1367 4128 1785 4199 amplectentes.
1831 4143 1930 4198 pro
1997 4127 2114 4198 ipsa
2171 4126 2341 4181 Deum

756 4220 1186 4293 deprecarentur
1222 4240 1234 4276 :
1267 4225 1412 4292 quod
1467 4237 1718 4290 magnam
1761 4220 1848 4275 illa
1880 4220 1998 4274 auri
2033 4230 2087 4275 et
2134 4218 2342 4292 argenti

756 4317 1100 4385 vcstiumque
1132 4315 1367 4383 copiam,
1399 4327 1495 4382 per
1533 4311 1789 4366 ’l‘heclam
1838 4311 1903 4366 ad
1944 4310 2193 4376 Paulum,
2235 4327 2343 4380 quo

761 4407 1099 4479 pauperibus
1125 4414 1562 4471 succurreretur,
1596 4403 1853 4458 misisset.

828 4590 974 4645 Xlll.
1005 4591 1205 4646 Thecla
1247 4606 1410 4662 porro
1460 4605 1526 4645 ex
1564 4587 1717 4643 Pauli
1764 4587 2031 4642 sententia
2073 4603 2196 4641 cum
2232 4587 2344 4644 leo—

760 4687 907 4740 nium
973 4686 1337 4754 pervenisset,
1394 4683 1490 4737 Dei
1545 4687 1769 4736 verbum
1819 4681 2020 4737 ibidem
2070 4682 2339 4735 docebat:

757 4773 1137 4844 accedensque
1207 4769 1534 4843 Onesiphori
1609 4769 1831 4824 domum
1866 4810 1880 4831 ,
1971 4784 2037 4823 eo
2095 4768 2197 4824 loci
2254 4766 2342 4822 ubi

759 4867 961 4922 Paulus
1037 4866 1229 4921 sedere
1297 4875 1353 4919 et
1422 4864 1619 4918 docere
1671 4862 1929 4926 solebat,
1991 4875 2112 4914 sese
2194 4859 2344 4914 humi

759 4959 1078 5033 proswruit.
1112 4957 1261 5013 Talis
1289 4963 1374 5012 est
1425 4957 1570 5011 enim
1600 4954 1858 5010 desiderii
1893 4954 1994 5018 vis,
2027 4963 2086 5008 ut
2129 4954 2346 5022 quando

759 5053 1078 5124 ipsumtnet,
1107 5065 1270 5122 quem
1313 5048 1497 5103 videre
1513 5056 1754 5117 exoptat,
1787 5046 1986 5101 habere
2015 5061 2122 5099 non
2156 5048 2345 5117 possit,

759 5146 965 5216 aliquid
1012 5142 1225 5206 eorum,
1251 5157 1372 5211 qius
1422 5141 1490 5194 ad
1527 5140 1676 5194 illum
1727 5141 2125 5210 pertinuerant,
2166 5139 2346 5194 ardori

759 5238 908 5293 illius
933 5235 1183 5292 solatium
1220 5233 1452 5288 adferat.
1491 5231 1683 5303 Magno
1716 5231 1878 5300 igitur
1911 5247 2034 5307 cum
2068 5232 2262 5304 gaudio
2292 5231 2348 5284 in

759 5339 963 5386 terram
997 5326 1382 5398 procumbens,
1404 5324 1594 5378 calidis
1624 5340 1742 5378 eam
1797 5324 2046 5394 lacrymis
2091 5339 2349 5393 consper-

761 5421 943 5494 gebat,
975 5433 1280 5488 manusque
1332 5419 1385 5471 in
1417 5417 1719 5472 orationem
1746 5417 2084 5486 expandens,
2108 5415 2346 5481 Gratias,

760 5513 958 5583 inquit,
984 5510 1078 5567 tibi
1097 5525 1218 5581 ago,
1247 5509 1471 5564 Domine
1503 5507 1643 5563 Deus
1666 5523 1844 5574 meus,
1869 5519 1924 5563 et
1952 5509 2114 5580 hujus
2131 5509 2346 5573 domus,

760 5605 853 5660 ubi
907 5612 967 5657 tu
1023 5600 1242 5655 Christe
1284 5599 1434 5663 Jesu,
1474 5598 1573 5654 Fili
1626 5599 1719 5653 Dei
1778 5598 2033 5665 viventis,
2072 5597 2202 5653 mihi
2258 5599 2349 5652 lux

765 5692 1172 5764 resplcnduisn,
1213 5693 1305 5762 qui
1347 5693 1478 5746 mihi
1515 5691 1733 5762 adjutor
1767 5691 1820 5745 in
1856 5707 2098 5757 carcere,
2135 5693 2351 5762 adiutor

765 5795 816 5845 lu
844 5787 1090 5860 praside,
1126 5785 1342 5857 adjutor
1371 5786 1422 5841 in
1455 5786 1645 5844 bestiis
1670 5793 1722 5841 et
1748 5785 1870 5857 igne
1893 5784 2041 5841 fuisti
2079 5803 2090 5839 :
2129 5788 2350 5858 gratias,

2451 3211 2546 3263 καὶ
2567 3211 2763 3283 ἁθρόον
2795 3214 2948 3296 αύτῷ
2975 3216 3309 3285 παρίσταται
3336 3214 3504 3284 μηδὲν
3525 3214 3883 3283 προμαθόντι
3907 3231 3924 3247 ο
3948 3217 4034 3268 τὸν

2448 3301 2527 3368 δὲ,
2556 3305 2778 3375 ἐκείνην
2817 3322 2876 3358 τε
2908 3305 3273 3373 θεασάμενον,
3308 3303 3401 3354 καὶ
3429 3304 3489 3353 τὸ
3517 3303 3648 3372 περὶ
3690 3303 3874 3374 αὐτὴν
3908 3305 4036 3374 πλῆ-

2451 3392 2565 3456 θος,
2602 3393 2866 3464 ἔκπληξις
2901 3388 3036 3465 εἶχε,
3063 3393 3435 3464 λογιζόμενον,
3478 3394 3552 3463 μὴ
3595 3395 3691 3446 καὶ
3720 3399 4036 3465 πειρασμὲς

2450 3485 2638 3557 ἕτερος
2749 3487 2810 3537 τὸ
2839 3486 3186 3553 τιταινόμενοι
3215 3483 3391 3539 Θέκλα
3413 3484 3468 3539 δὲ
3485 3487 3731 3539 συνεῖσα·
3777 3487 4034 3554 Ἔλασον,

2450 3577 2577 3650 ἔφη,
2605 3578 2667 3632 τὸ
2698 3579 2948 3650 λουτρὸν,
2982 3578 3183 3634 Παῦλε.
3221 3580 3472 3651 ΚαὶὙΞιρ
3505 3581 3534 3633 ό
3561 3584 3930 3652 συνεργήσας
3963 3599 4036 3634 σοι

2452 3672 2587 3742 πρὸς
2617 3673 2677 3723 τὸ
2713 3673 3071 3741 Εὐαγγέλιον,
3101 3675 3270 3743 κάμοὶ
3293 3667 3447 3737 οὗτος
3482 3675 3618 3744 πρὸς
3646 3676 3706 3727 τὸ
3731 3675 4036 3732 λούσασθαι

2454 3767 2882 3836 συνεψηφίσατο.
2957 3767 3067 3819 Καὶ
3128 3768 3426 3836 λαϐόμενος
3467 3768 3642 3837 αὐτῆς
3703 3771 3738 3822 ὁ
3800 3758 4034 3836 Παῦλος,

2435 3859 2715 3930 ,ἀπήγαγε
2750 3859 2888 3930 πρὸς
2909 3858 3002 3913 τὸν
3025 3855 3177 3913 οἷκον
3224 3857 3485 3930 Ερμείου,
3523 3858 3657 3914 ἔνθα
3685 3863 3843 3916 κατὰ
3873 3865 4037 3935 μέρος

2426 3953 2820 4032 ,ᾶπαντα,ὅσα
2872 3950 3223 4024 συμϐέϐηκεν
3263 3955 3322 4006 ὲν
3385 3952 3713 4025 Ἀντιοχείᾳ,
3771 3958 3806 4028 ἡ
3858 3956 4038 4013 Θέκὶα

2449 4035 2528 4109 τῷ
2561 4042 2760 4111 Παύλῳ
2785 4043 3041 4112 διασαφεῖ
3063 4060 3078 4074 ⁸
3113 4045 3188 4108 ὼς
3229 4047 3400 4099 πολλὰ
3439 4048 3690 4101 κάκεῖνον
3719 4047 4034 4120 θαυμάσαι,

2452 4133 2550 4186 καὶ⁵
2587 4133 2686 4188 τὴν
2742 4133 2853 4187 τῶν
2911 4135 3225 4188 ἀκουόντων
3284 4137 3753 4206 ἐπιστηριχθῆναι
3823 4145 4032 4204 πίστιν,

2453 4226 2771 4300 Τρυφαίνης
2805 4243 2862 4280 τε
2928 4226 2990 4281 τὸ
3025 4225 3308 4298 εὔγνωμον
3365 4228 3816 4298 ἀποδεξαμένους
3873 4234 4036 4301 ὑπερ-

2462 4321 2723 4387 εύξασθαι
2772 4323 2997 4393 ταύτης.
3029 4321 3316 4390 Τρύφαινα
3347 4322 3449 4394 μὶν
3469 4318 3561 4378 οὖν
3583 4323 3788 4394 συχνὸν
3817 4329 4036 4396 χρυσίον

2451 4431 2509 4467 τε
2548 4415 2642 4466 καὶ
2666 4415 2946 4486 ἀργύριον,
2981 4415 3118 4485 πρὸς
3148 4416 3204 4468 δὲ
3233 4418 3328 4470 καὶ
3351 4415 3670 4488 ἱματισμὸν,
3706 4419 3806 4474 διὰ
3831 4419 4035 4489 Θέκλης

2449 4509 2527 4578 τῷ
2568 4509 2764 4577 Παύλῳ
2805 4509 3017 4578 πέμπει
3055 4509 3381 4562 διακονοῦσα
3418 4512 3637 4581 πένησι.

2524 4602 2623 4654 ll".
2653 4603 2833 4653 Θέκλα
2863 4602 2918 4651 δὲ
2967 4600 3164 4670 γνώμῃ
3207 4601 3288 4652 lla
3312 4600 3440 4653 ύλου
3483 4604 3564 4664 είς
3619 4602 3850 4657 Ἰκόνιον
3895 4625 4036 4674 γενε-

2458 4690 2618 4759 μένη,
2663 4688 2754 4740 τὸν
2783 4687 2877 4740 τοῦ
2909 4687 3044 4740 Θεοῦ
3076 4688 3235 4756 λόγον
3269 4688 3552 4744 ἐδίδασκεν
3579 4707 3592 4722 ·
3633 4692 3966 4748 ἀπελθοῦσα
3984 4697 4032 4746 δὲ

2454 4779 2549 4830 καὶ
2575 4779 2654 4840 είς
2669 4777 2754 4829 τὸν
2773 4777 3128 4847 Ὀνησιφόρου
3154 4772 3325 4844 οἷκον,
3344 4781 3554 4848 πέμπει
3572 4780 3632 4833 τὸ
3650 4799 3723 4834 πα
3735 4783 3811 4854 ρὰ
3829 4783 3921 4837 ἑδα
3931 4803 4040 4852 ςεος,

2457 4867 2591 4920 ὅπου
2629 4865 2837 4927 Παῦλος
2985 4862 3350 4935 καθεζόμενος
3385 4868 3480 4920 καὶ
3525 4869 3828 4925 διδάσκων.
3865 4873 4044 4925 Τοιοῦ-

2453 4975 2544 5014 τον
2575 4959 2681 5027 γὰρ
2714 4960 2741 5010 ό
2778 4958 2965 5023 πόθος,
2997 4959 3127 5012 ὅταν
3168 4959 3333 5011 αὐτὸν
3392 4959 3604 5014 ἐκεῖνον
3649 4961 3727 5033 μὴ
3787 4962 3910 5034 ἔχοι
3961 4967 4044 5016 τὶν

2457 5051 2802 5121 ποθούμενον
2840 5051 3106 5122 καθορᾷν,
3153 5051 3393 5106 ποιεῖταί
3423 5068 3477 5106 τι
3506 5051 3618 5105 τῶν
3670 5057 3905 5109 ἐκείνου
3955 5057 4043 5124 τῆς

2457 5144 2655 5213 φλογὸς
2687 5143 3060 5214 παραμύθιον.
3097 5145 3345 5198 Πεσοῦσα
3368 5145 3548 5199 τοίνυν
3575 5145 3680 5199 σὺν
3713 5144 3888 5219 ἡδονῇ
3921 5151 4046 5220 πρὶς

2455 5235 2518 5287 τὸ
2560 5232 2780 5300 ἔδαφος,
2810 5233 3042 5304 δάκρυσι
3075 5231 3234 5286 τοῦτο
3277 5233 3502 5305 θερμοῖς
3531 5232 3771 5289 ἔϐαλλεν
3798 5255 3815 5268 ο
3873 5239 4046 5303 ἄρασα

2459 5339 2517 5376 τε
2552 5324 2742 5394 χεῖρας
2799 5323 2880 5384 είς
2926 5325 3265 5394 προσευχὴν,
3309 5323 3639 5394 Εὑχαριστῶ
3691 5342 3811 5390 σοι,
3877 5327 4046 5396 ελεγι,

2459 5416 2630 5486 Κύριε
2661 5418 2688 5469 ὁ
2715 5416 2847 5480 Θεός
2882 5432 3007 5486 μου,
3039 5419 3135 5470 καὶ
3169 5415 3324 5470 τοῦδε
3363 5415 3459 5470 τοῦ
3491 5417 3648 5470 οἴκου
3688 5419 3835 5473 ενθα
3879 5439 3972 5492 μοι
3997 5423 4047 5471 τὸ

2460 5505 2574 5572 φῶς
2604 5504 2877 5575 ἔλαμψας,
2912 5505 3114 5576 Χριστὶ
3161 5501 3357 5574 Ἰησοῦ,
3393 5505 3490 5560 Υἱὲ
3522 5505 3620 5560 τοῦ
3657 5507 3878 5575 ζῶντος
3903 5510 4048 5568 θεοὶ.

2458 5599 2486 5649 ὁ
2520 5599 2645 5668 ἐμοὶ
2679 5596 2873 5668 βοηθὸς
2911 5599 2966 5649 ἐν
2998 5597 3217 5668 φυλακῇ
3248 5598 3569 5668 γενόμενος,
3600 5599 3811 5670 βοηθὸς
3848 5607 3909 5656 tv
3942 5608 4054 5676 ἡγι-

2463 5690 2608 5757 μὸνι,
2661 5687 2852 5759 βοηθὸς
2905 5690 2961 5740 ἐν
3006 5687 3228 5759 θηρίοις.
3250 5705 3308 5742 τε
3361 5689 3459 5741 καὶ
3503 5691 3669 5762 πυρί.
3730 5693 4052 5769 [εὔχαριςτὼ

2451 5800 2571 5850 τοι,
2611 5783 2690 5836 ὅτι
2719 5781 2883 5846 αὐτος
2923 5782 3084 5852 μόνος
3113 5777 3162 5835 εί
3200 5780 3356 5847 Θεὸς,
3382 5780 3478 5835 καὶ
3515 5784 3602 5837 σοὶ
3664 5786 3827 5858 μόνῳ
3869 5792 4053 5860 πρέπει
