4154 6318
144 394 238 458 889

1163 386 1624 447 MARTYRIUM
1663 387 1723 445 S.
1766 381 2284 444 CALLISTRATI.

3258 379 3361 442 890

145 503 314 568 λόγος’
354 519 371 552 ι
404 498 567 552 Δεῦτε
606 499 742 570 πρός
794 516 884 570 με,
916 498 1116 562 πάντες
1166 501 1216 550 οἱ
1248 496 1546 559 κοπιῶντες
1602 497 1695 547 καὶ

1811 493 1873 546 :it
1904 509 1917 542 :
1957 511 1973 542 ι
2015 489 2207 545 Venite
2239 489 2304 544 ad
2333 503 2441 552 me,
2469 502 2658 542 omnes
2690 487 2780 557 qui
2827 487 3088 542 laboratis
3124 496 3196 564 et.
3231 501 3362 539 one-

149 593 576 663 πεφορτισμένοι,
644 589 798 658 κάγὼ
855 589 1153 643 ἀναπαύσω
1212 591 1380 659 ὑμᾶς.
1450 587 1688 658 Χαίρετε

144 683 440 751 τοιγαροῦν,
502 684 664 752 ὑμεῖς
720 683 816 736 καὶ
863 681 1221 749 ἀγαλλιᾶσθε,
1284 682 1368 734 ὅτι
1419 681 1448 732 ὁ
1499 679 1689 749 μισθὸς

149 775 286 844 ὑμῶν
309 775 473 837 πολὺς
491 776 548 828 ὲν
568 777 679 837 τοῖς
706 776 973 846 οὐρανοῖς.
1006 793 1023 824 ι
1051 774 1236 827 Ταῦτα
1258 772 1450 837 εἰπὼν,
1478 775 1570 825 καὶ
1593 773 1693 836 τὰς

147 869 318 937 χεῖρας
347 867 538 938 διάρας
561 870 640 931 είς
676 867 927 937 οὐρανὸν,
962 865 1160 936 Κύριε,
1201 863 1377 927 εἶπεν,
1406 868 1435 918 ὁ
1468 868 1524 920 ιν
1557 865 1694 935 ὕψη-

146 959 248 1021 λοῐς
270 959 553 1024 κατοικῶν,
576 960 669 1011 καὶ
693 958 761 1011 τὰ
787 957 1023 1012 ταπεινὰ
1045 957 1280 1026 ἐφορῶν,
1301 957 1397 1008 καὶ
1419 956 1692 1025 διαμένων

146 1051 224 1112 είς
252 1052 370 1113 τοὺς
413 1049 632 1114 αἰῶνας,
667 1047 818 1101 ἔπιδε
865 1049 952 1100 ἐπὶ
986 1049 1044 1100 τὸ
1073 1048 1265 1117 μικρόν
1306 1064 1398 1099 σου
1447 1048 1696 1116 ποίμνιον

147 1143 315 1207 τοῦτο,
347 1143 440 1195 καὶ
475 1143 653 1210 πάσης
686 1141 890 1211 βλάϐης
911 1142 1206 1211 ὁρωμένων
1237 1156 1295 1191 τε
1327 1141 1420 1192 καὶ
1451 1140 1697 1208 ἀοράτων

148 1233 318 1303 θηρῶν
343 1235 502 1300 συντή
515 1249 678 1303 ρησον
695 1251 706 1264 ⁸
731 1234 814 1286 ὅτι
836 1233 997 1302 μόνον
1023 1233 1289 1302 ὑπάρχεις
1307 1230 1697 1300 δεδοξασμένος

152 1329 230 1386 είς
256 1326 376 1388 τοὺς
412 1325 636 1388 αἰῶνας.
693 1325 883 1395 Ἀμήν.

211 1419 277 1472 Z'.
300 1418 481 1472 Ταῦτα
522 1419 643 1471 ἐπεὶ
666 1418 923 1488 γνώριμα
955 1417 1200 1484 κατέστη
1224 1416 1300 1485 τῷ
1328 1415 1697 1486 στρατηλάτῃ,

145 1512 272 1579 προς
303 1511 361 1564 τὸ
388 1511 749 1580 στρατόπεδον
774 1509 1000 1574 ἀπιδὼν,
1044 1508 1127 1578 Νὴ
1156 1507 1247 1562 τὸν
1295 1507 1698 1575 λαμπρότατον,

145 1599 309 1663 εἶπεν,
338 1604 515 1674 ἥλιον,
545 1604 799 1673 μεγάλων
847 1603 1262 1673 ἀναπέπλησται
1313 1600 1576 1671 γοητειῶν
1615 1598 1703 1651 οὐ·

144 1696 276 1749 τοσί.
325 1697 437 1767 Τήν
468 1714 528 1748 τε
558 1697 666 1766 γὰρ
694 1697 873 1767 ὁρμὴν
896 1694 989 1747 τοῦ
1025 1694 1217 1754 ὓδατος
1247 1690 1532 1760 ἐπέδησεν,
1556 1690 1700 1740 ἁπα-

1793 583 1894 637 rati
1920 584 2073 656 estis,
2101 591 2157 636 et
2202 596 2304 650 ego
2337 579 2576 634 reficiam
2605 594 2702 633 vos
2731 581 2795 631 l'.
2843 577 3086 634 Gaudete
3135 593 3264 648 ergo
3311 589 3366 632 et

1793 673 2083 737 exsultate,
2134 671 2393 740 quoniam
2444 684 2655 724 merces
2693 677 2871 724 vestra
2915 669 3136 738 copiosa
3178 677 3263 722 est
3309 669 3362 720 iu

1792 767 1945 823 ccelis
1978 767 2045 819 ".
2091 785 2109 817 ι
2143 764 2268 819 Haec
2297 777 2420 818 cum
2449 761 2696 820 dixisset.
2739 771 2796 815 et
2849 776 3042 814 manus
3071 760 3135 813 ad
3166 759 3362 813 crnlum

1795 861 2105 917 sustulisset
2141 876 2154 914 :
2184 857 2433 919 Domine,
2482 855 2637 915 dixit,
2672 855 2837 924 quiin
2869 853 3022 909 caelis
3054 853 3284 914 habitas,
3314 864 3367 903 et

1797 950 2022 1005 humilia
2069 947 2297 1017 respicis
2339 948 2402 1009 ι’,
2452 955 2506 1000 et
2558 959 2845 1016 permanes
2913 944 2966 997 in
3045 942 3245 998 saecula
3293 941 3361 1001 “,

1796 1043 1978 1111 aspice
2011 1039 2078 1095 ad
2109 1040 2254 1093 hunc
2283 1053 2508 1108 parvum
2546 1047 2699 1090 tuum
2734 1050 2969 1106 gregem,
3022 1044 3077 1088 et
3105 1049 3368 1088 conserva

1797 1135 1866 1189 ab
1899 1133 2046 1187 omni
2091 1132 2312 1196 damno,
2374 1138 2483 1182 tam
2543 1129 2862 1190 bestiarum,
2917 1143 3038 1196 qua
3096 1126 3366 1182 videntur.

1798 1241 1959 1295 quam
2008 1239 2128 1293 quae
2176 1222 2279 1276 sub
2326 1229 2604 1289 aspectum
2662 1233 2773 1271 non
2826 1218 3048 1272 cadunt.
3105 1217 3368 1283 Quoniam

1798 1317 1950 1370 solus
1978 1329 2038 1370 es
2065 1313 2394 1384 gloriﬁcatus
2432 1314 2486 1366 in
2514 1311 2708 1366 macula
2747 1309 3100 1365 saeculorum.
3134 1309 3329 1362 Amen.

1871 1427 1978 1484 VII.
2017 1427 2314 1497 Postquam
2363 1427 2477 1480 hac
2517 1426 2736 1481 luerunt
2787 1425 3001 1495 cognita
3047 1422 3167 1477 duci
3212 1437 3370 1476 exer-

1805 1521 1947 1575 citus
1983 1539 1996 1574 :
2029 1519 2130 1573 Per
2181 1518 2605 1578 lucidissimum,
2655 1515 2856 1584 inquit.
2906 1514 3100 1578 solem,
3153 1512 3242 1566 hic
3287 1522 3373 1565 est

1805 1612 2015 1680 magnis
2042 1611 2283 1680 repletus
2325 1608 2635 1677 praestigiis.
2665 1605 2798 1660 Nam
2847 1616 2900 1660 et
2932 1621 3084 1675 aqua:
3119 1605 3375 1673 repressit

1808 1704 2093 1772 impetum,
2143 1711 2432 1769 emergens
2479 1699 2679 1751 illa-sus
2718 1709 2746 1750 a’
2791 1699 2948 1751 malis
2987 1713 3001 1748 :
3044 1706 3095 1749 et
3153 1696 3270 1754 hos,
3318 1703 3376 1746 ut

146 1789 241 1850 θὴς
269 1788 451 1840 κακῶν
480 1788 698 1849 ἀναδὺς,
730 1787 824 1839 καὶ
848 1787 1092 1848 τούτους,
1120 1786 1195 1844 ὡς
1249 1783 1485 1854 προέφη,
1532 1798 1701 1834 κατα-

1811 1791 2078 1863 praedixit,
2147 1791 2392 1855 attraxit,
2468 1804 2657 1844 eorum
2711 1787 3096 1858 praestringens
3166 1784 3372 1838 oculos.

145 1877 365 1946 γοητεία
444 1876 814 1928 ὶπεσπάσατο.
876 1871 1008 1926 Εἶτα
1067 1873 1332 1943 στραφεὶς
1420 1872 1557 1944 πρὸς
1616 1872 1704 1924 τὸν

147 1968 409 2036 μάρτυρα,
454 1964 595 2034 Ἐγώ
652 1982 768 2028 σου,
812 1966 936 2033 ἔφη,
976 1965 1073 2024 τὰς
1124 1966 1379 2033 γοητείας
1428 1963 1702 2030 διελέγξω,

145 2058 538 2127 Καλλίστρατε·
581 2058 694 2110 Οὐκ
724 2057 802 2118 είς
830 2055 1046 2124 μακρὰν
1075 2054 1129 2106 δὲ
1154 2056 1272 2127 εἴσῃ
1303 2055 1385 2116 τίς
1428 2056 1525 2122 μὲν
1570 2056 1707 2120 Περ-

145 2148 379 2218 σερτῖνός
428 2148 647 2209 ἑστιν,ὁ
677 2145 784 2196 τῶν
838 2144 1093 2212 μεγάλων
1141 2143 1278 2196 Θεῶν
1327 2144 1702 2212 θεραπευτηςο

141 2240 223 2301 τίς
248 2238 300 2288 δὲ
321 2241 345 2287 ὁ
368 2235 782 2303 ἐσταυρωμένος
809 2232 868 2285 ὃν
896 2234 1054 2294 αὺτός
1095 2250 1152 2285 τε
1189 2235 1385 2296 σέὸεις,
1429 2234 1520 2286 καὶ
1550 2234 1636 2302 ἐφ’

145 2327 385 2398 ματαίως
415 2329 441 2378 ὁ
477 2328 781 2394 κατάρατος
835 2327 1120 2390 πέποιθας.
1183 2325 1422 2389 Ιὶαθίσας
1469 2324 1561 2380 οὖν
1615 2329 1707 2380 ἐπὶ

140 2420 234 2472 τοῦ
257 2420 496 2490 βήματος
515 2419 736 2491 ῥοπάλῳ
763 2418 884 2471 καθ’
907 2419 1002 2472 ἕνα
1027 2418 1241 2471 κελεύει
1267 2419 1562 2472 τύπτεσθαι
1585 2421 1708 2481 τοὺς

140 2514 572 2574 πεπιστευκότας
602 2511 847 2573 ἅπαντας
886 2509 1260 2580 στρατιώτας·
1297 2510 1345 2560 οἳ
1389 2511 1478 2561 καὶ
1507 2511 1707 2562 τυπτό-

146 2620 297 2673 μενοι
331 2601 604 2676 χαλετεῶς,
634 2603 703 2651 τὰ
736 2603 871 2668 μέλη
903 2617 962 2651 τε
989 2599 1625 2670 κατακλώμενοι,ὦ;περ
1651 2601 1708 2664 ἐξ

142 2698 261 2758 ἑνὸς
285 2695 566 2762 στόματος,
600 2692 766 2757 Κύριε
800 2691 972 2761 Ἰησοῦ
1001 2691 1223 2762 Χριστὲ,
1249 2691 1452 2761 ἔλεγον,
1476 2694 1585 2754 τοῖς
1616 2709 1709 2745 σου

139 2789 346 2849 δούλοις
409 2788 682 2856 ἐπίστηθι,
727 2787 932 2857 βοήθει,
974 2789 1066 2841 καὶ
1109 2787 1192 2849 δὺς
1223 2789 1354 2856 ἡμῖν
1396 2789 1493 2857 τὴν
1551 2788 1710 2858 μέχρι

137 2878 326 2940 ιέλους
355 2879 629 2947 ὑπομονήν
654 2894 666 2908 ο
693 2879 779 2929 διὰ
813 2879 870 2929 σὲ
897 2879 1004 2947 γάρ
1042 2879 1134 2929 καὶ
1166 2878 1264 2946 τὴν
1297 2879 1376 2937 είς
1419 2878 1478 2928 σὲ
1528 2881 1711 2930 πίστιν

138 2968 292 3022 οὕτω
317 2969 544 3036 πάσχειν
576 2968 851 3037 εἱλῦμεθα.
878 2969 974 3037 Εῖη
1013 2969 1068 3020 δὲ
1102 2968 1250 3038 παρὰ
1303 2968 1396 3020 σοῦ
1446 2968 1712 3036 φυλαττόρ

142 3078 305 3131 μενος
357 3063 451 3112 καὶ
501 3062 527 3112 ὁ
585 3061 855 3129 ἡμέτερος
908 3060 1223 3124 διδάσκαλός
1265 3078 1324 3113 τε
1361 3063 1456 3115 καὶ
1508 3061 1712 3132 ποιμὴν

139 3154 568 3224 Καλλίστρατος,
594 3153 667 3216 ὼς
696 3154 760 3208 ἄν
799 3171 858 3206 τε
884 3155 1154 3224 λειότερον
1187 3155 1252 3205 δι’
1271 3155 1433 3206 αὑτὸν
1463 3154 1560 3223 τῆς
1583 3157 1712 3206 ἀσε-

136 3248 295 3310 ϐείας
329 3248 484 3315 λόγον
517 3245 938 3317 κατηχηθέντες,
975 3245 1344 3314 βεϐαιωτέραν
1375 3246 1468 3298 καὶ
1487 3246 1583 3313 τὴν
1611 3247 1710 3313 σὴν

134 3343 160 3393 ι
178 3341 436 3409 πίγνωσιν
463 3340 733 3408 λάϐωμεν.
758 3338 868 3391 Νῦν
895 3336 1003 3406 γὰρ
1021 3337 1093 3397 ὡς
1122 3336 1437 3389 ἀπολωλότα
1464 3335 1712 3403 πρόϐατα

133 3433 374 3484 ἐνώπιόν
406 3431 497 3481 σού
527 3431 713 3500 ἐσμεν,
746 3429 940 3500 Κύριε.
977 3427 1104 3497 Ὀψὲ
1136 3430 1192 3480 δέ
1218 3445 1345 3481 ποτε
1373 3427 1469 3498 τῆς
1512 3429 1710 3498 μανίας

132 3525 303 3592 κόρον
337 3512 539 3576 ’λαϐὼν
577 3523 604 3575 ὁ
664 3524 863 3591 μανίας
918 3522 1096 3590 πάσης
1127 3520 1221 3573 καὶ
1256 3521 1422 3591 ὀργῆς
1458 3521 1714 3589 ἔμπλεως

131 3613 398 3683 ἀνεθῆναι
447 3615 545 3683 μὲν
576 3614 771 3676 αὐτοὺς
805 3613 912 3666 τῶν
967 3617 1252 3683 μαστίγων
1313 3611 1547 3678 κελεύει,
1578 3613 1711 3681 πρὸς

133 3706 194 3758 δὲ
219 3705 319 3776 τὴν
359 3706 604 3775 φρουρὰν
647 3705 959 3773 ἀπαχθῆναι
1013 3704 1527 3773 φυλαχθησομένους
1569 3705 1708 3773 αὐτῇ

137 3798 338 3866 μέχρις
380 3799 445 3848 ἂν
489 3794 873 3864 διασκέψηται,
908 3795 1022 3856 πῶς
1068 3796 1136 3847 τα
1195 3797 1321 3865 περὶ
1378 3795 1475 3864 τῆς
1532 3795 1712 3846 αὐτῶν

131 3891 393 3958 διάθηται
425 3887 720 3950 ἀπωλείας.
755 3888 887 3940 Οὐδὶ
941 3889 1049 3956 γὰρ
1093 3891 1329 3958 μετρίως
1369 3889 1532 3942 αὑτοῦ
1585 3889 1715 3942 καθ-

136 3981 295 4033 ίκετο
348 3979 410 4033 τὸ
460 3981 794 4050 πεντήκοντα
845 3981 1203 4051 στρατιώταις
1271 3981 1432 4040 εὐθὺς
1494 3980 1712 4031 ἔλαττον

131 4073 398 4142 γενέσθαι
435 4074 497 4124 τὸ
522 4072 684 4125 αὑτοῦ
714 4074 1050 4142 στράτευμα,
1088 4074 1180 4126 καὶ
1220 4072 1392 4126 ταῦτα
1440 4075 1505 4145 τῇ
1552 4089 1715 4145 μετα·

132 4169 294 4221 θέσει
320 4167 413 4218 καὶ
435 4164 526 4217 τοῦ
567 4165 929 4234 σεὸάσματος.

212 4256 299 4312 H'.
342 4258 446 4311 Σὺν
477 4257 592 4327 ἅμα
626 4258 754 4327 γοῦν
779 4258 856 4326 τῷ
915 4258 1045 4328 ἱερῷ
1096 4260 1484 4330 Καλλιστράτῳ
1532 4261 1714 4312 τδίδε-

134 4354 465 4422 σμωτήριον
531 4351 976 4420 κατακριθέντες,
1008 4350 1104 4420 τὴν
1145 4352 1316 4421 ἁληθῆ
1375 4352 1712 4418 θεογνωσὶαν

130 4443 232 4495 ὑπ’
261 4444 474 4494 ἐκείνου
510 4441 945 4503 ὲξεπαιδεύοντο.
972 4435 1066 4504 Εἷς
1106 4443 1289 4511 μέντοι
1335 4443 1542 4495 τούτων
1571 4445 1709 4498 Δαλ-

1813 1885 2017 1940 Deinde
2057 1897 2357 1937 conversus
2393 1884 2458 1935 ad
2489 1889 2779 1949 martyrem
2811 1897 2824 1933 :
2866 1878 2976 1949 Ego
3003 1886 3144 1942 tuas,
3181 1876 3374 1944 inquit,

1811 1975 2055 2030 refellam
2109 1969 2440 2043 praestigias,
2510 1987 2542 2026 ο
2593 1971 2919 2026 Callistrate.
2975 1967 3131 2022 Brevi
3197 1966 3376 2021 autem

1810 2068 1971 2130 scies,
2002 2066 2249 2134 quisnam
2282 2065 2350 2117 sit
2394 2065 2611 2131 quidem
2648 2063 3018 2124 Persentinus,
3063 2075 3375 2128 magnorum

1811 2159 2039 2212 deorqu
2071 2156 2248 2210 cultor
2288 2154 2453 2220 :quis
2508 2161 2686 2206 autem
2736 2150 3059 2216 Crucilixus,
3105 2165 3265 2219 quem
3323 2157 3379 2202 et

1813 2251 1931 2318 ipse
1966 2249 2121 2310 colis,
2155 2257 2210 2301 et
2237 2247 2289 2300 in
2323 2261 2429 2314 quo
2457 2243 2824 2299 cxsecrandus
2867 2241 3102 2296 inaniter
3130 2241 3376 2296 confidis.

1811 2342 1946 2398 Cum
1976 2358 2106 2410 ergo
2134 2341 2362 2395 sedisset
2407 2355 2505 2408 pro
2544 2337 2820 2401 tribunali,
2850 2337 3018 2406 ,jubet
3049 2336 3212 2391 clavis
3259 2350 3380 2388 vero

1829 2432 2007 2486 bcrari
2034 2446 2226 2484 omnes
2248 2429 2337 2498 qui
2384 2429 2750 2488 eiediderant,
2809 2426 3005 2478 milites
3049 2444 3061 2478 :
3097 2425 3187 2492 qui
3218 2423 3378 2478 etiam

1818 2525 1946 2577 dum
2001 2524 2239 2592 graviter
2291 2521 2729 2580 verberarentur,
2785 2525 2840 2571 et
2891 2517 3132 2570 membra
3189 2530 3377 2569 eorum

1815 2609 2317 2679 confringerentur,
2358 2609 2526 2662 veluti
2563 2625 2671 2663 uno
2711 2622 2807 2662 ore
2837 2607 3089 2660 dicebant
3146 2621 3161 2660 ε
3203 2603 3382 2657 Domi-

1811 2719 1883 2756 ne
1917 2701 2044 2755 Jesu
2072 2699 2310 2762 Christe,
2349 2699 2492 2752 adsis
2544 2699 2763 2766 adjutor
2812 2699 2918 2751 tuis
2961 2697 3199 2758 famulis,
3233 2705 3286 2749 et
3314 2695 3380 2748 da

1816 2793 1975 2850 nohis
2003 2791 2069 2846 ad
2095 2791 2252 2844 linem
2280 2805 2450 2858 usque
2483 2788 2816 2859 patientiam.
2847 2787 3076 2855 Propter
3117 2797 3170 2839 te
3207 2787 3376 2846 enim,

1816 2901 1870 2943 et
1899 2904 2017 2957 quae
2046 2895 2126 2941 est
2166 2887 2218 2940 in
2258 2896 2307 2940 te
2340 2885 2525 2948 ﬁdem,
2560 2885 2638 2938 sic
2687 2881 2797 2952 pati
2831 2890 3019 2934 nostra
3047 2888 3244 2949 sponte
3270 2889 3381 2932 sta-

1817 2979 2041 3030 tuimus.
2071 2977 2110 3027 A
2143 2987 2194 3028 te
2242 2986 2422 3027 autent
2457 2983 2708 3026 servetur
2739 2981 2927 3026 uoster
2982 2985 3192 3040 quoque
3244 2984 3380 3040 pra!-

1816 3077 2005 3138 ccptor
2032 3077 2086 3122 et
2117 3075 2304 3135 pastor
2329 3064 2692 3127 Callistratus,
2719 3074 2777 3116 ut
2810 3073 2906 3131 per
2931 3078 3052 3115 cum
3090 3061 3382 3131 perfectius

1818 3159 2054 3214 instituti
2111 3159 2164 3211 in
2203 3157 2368 3212 verbo
2425 3156 2666 3226 pietatis,
2713 3154 3039 3222 accipiamus
3087 3154 3380 3206 lirmiorem

1819 3261 1963 3304 tuam
1994 3250 2347 3318 agnitionem.
2379 3248 2535 3302 Nunc
2589 3248 2736 3302 enim
2788 3257 3044 3316 tanquam
3087 3262 3216 3301 oves
3259 3259 3385 3316 per-

1818 3342 1945 3394 dita:
1973 3355 2162 3394 sumus
2193 3340 2247 3392 in
2301 3350 2598 3407 conspectu
2648 3347 2764 3402 tuo,
2813 3338 3060 3390 Domine.
3129 3338 3265 3390 Cum
3297 3337 3384 3390 vix

1817 3434 2033 3487 tandem
2089 3439 2274 3484 autem
2317 3430 2520 3484 luroris
2560 3444 2683 3484 eum
2725 3429 2961 3499 cepisset
2995 3429 3238 3491 satietas,
3285 3429 3379 3495 qui

1817 3535 1935 3578 erat
1967 3525 2162 3593 plenus
2194 3521 2346 3575 omni
2402 3520 2589 3574 furore
2631 3531 2684 3575 et
2720 3520 2819 3583 ira,
2856 3534 2949 3573 eos
2977 3518 3192 3588 quidem
3232 3517 3386 3585 jubet

1820 3611 2050 3663 relaxari
2097 3626 2124 3661 a
2179 3610 2425 3678 ﬂagellis,
2480 3611 2672 3663 abduci
2706 3602 2904 3663 autem
2969 3608 3022 3661 in
3056 3609 3382 3669 custodiam,

1817 3693 1954 3757 illic
1998 3700 2183 3755 taudiu
2241 3699 2651 3761 custodiendos,
2719 3701 2893 3754 donec
2921 3700 3378 3761 consideraverit,

1821 3794 2081 3864 quidnam
2113 3791 2179 3845 de
2226 3806 2414 3845 eorum
2463 3798 2664 3844 statuat
2712 3790 2958 3844 interitu.
3003 3788 3188 3856 Neque
3237 3789 3383 3841 enim

1817 3901 1943 3940 cum
1975 3884 2210 3954 angebat
2236 3883 2608 3949 mediocriter,
2660 3882 2804 3951 quod
2855 3880 3241 3950 quinquaginta
3286 3880 3386 3932 mi-

1817 3973 2006 4027 litibus
2038 3970 2292 4038 protinus
2335 3978 2478 4023 esset
2531 3971 2860 4024 minuendus
2886 3971 3175 4031 exercitus,
3227 3967 3386 4034 idque

1820 4069 1890 4123 ob
1924 4075 2188 4122 mutatam
2219 4064 2563 4137 religionem.

1886 4261 2020 4319 Vill.
2089 4261 2261 4317 Simul
2319 4275 2446 4332 ergo
2492 4275 2614 4315 cum
2670 4270 3018 4315 sacrosancto
3077 4257 3384 4312 Callistrato

1817 4356 2052 4410 damnati
2084 4355 2148 4408 ad
2183 4369 2478 4415 carcerem,
2509 4352 2813 4405 didicerunt
2853 4353 2920 4403 ab
2951 4352 3041 4403 illo
3071 4365 3252 4403 veram
3287 4349 3380 4403 Dei

1819 4448 2169 4520 agnitionem.
2201 4444 2355 4500 Unus
2389 4444 2530 4498 enim
2580 4459 2645 4498 ex
2699 4443 2788 4508 iis,
2821 4441 3095 4496 Dalmatus
3142 4442 3380 4507 nomine,

135 4536 318 4602 μάτος
361 4533 552 4600 ὄνομα,
619 4535 673 4584 έν
708 4535 892 4602 μέσοις
949 4535 1130 4596 αὐτοῖς
1168 4534 1318 4598 στὰς,
1353 4536 1556 4604 Δεόμαί
1591 4554 1709 4603 σου,

1819 4553 1966 4594 srans
2016 4539 2070 4592 in
2121 4537 2298 4591 medio
2325 4551 2513 4590 eorum
2546 4552 2559 4588 :
2592 4535 2740 4604 Rogo
2779 4544 2855 4599 te,
2885 4543 3205 4605 praeceptor,
3256 4533 3386 4588 dicit

127 4623 457 4684 διδάσκαλε,
488 4622 565 4690 τῷ
602 4623 740 4690 ἁγίῳ
773 4624 928 4690 φησὶ,
964 4614 1287 4692 τρανότερον
1321 4626 1466 4691 ἡμᾶς
1492 4625 1562 4677 τὰ
1593 4625 1711 4678 θεῖα

126 4713 390 4781 δόγματα
439 4711 774 4781 διδαχθῆναι,
834 4713 974 4767 ὥστε
1037 4714 1126 4766 τὸν
1157 4713 1283 4766 νοῦν
1315 4715 1474 4784 ἡμῶν
1504 4719 1568 4786 τῇ
1620 4715 1713 4768 τοῦ

128 4804 393 4873 Χριστοῦ
429 4805 608 4858 πίστει
652 4807 1034 4875 έδραιωθῆναι,
1068 4807 1269 4873 γνῶναί
1303 4825 1363 4859 τε
1417 4809 1564 4876 ἡμᾶς
1615 4810 1715 4872 τὰς

127 4893 372 4954 ἰλπξδας
408 4895 502 4963 τῆς
537 4896 993 4964 προσδοκωμένης
1026 4895 1192 4963 ζωῆς,
1235 4896 1320 4947 ἵνα
1369 4898 1584 4965 μηκέτι,
1624 4898 1711 4948 τὶν

125 4982 409 5046 λογισμὶν
439 4984 756 5051 ἀστήρικτοι
792 4983 964 5045 ὄντες,
993 4985 1391 5051 εὐεξαπάτητοι
1424 4985 1712 5052 γενώμεθα

126 5074 258 5134 τοῖς
284 5071 637 5140 διαστρέφειν
670 5073 812 5141 ἡμᾶς
847 5072 1210 5142 βουλομένοις.
1235 5075 1479 5126 ιἐνέσθω
1503 5077 1558 5127 δὲ
1580 5077 1712 5144 ἡμῖν

122 5167 409 5236 γρὼριμα
467 5168 559 5220 καὶ
590 5166 660 5218 τὲι
699 5168 795 5234 της
819 5168 1134 5236 οἰκονομίας
1178 5170 1476 5239 μυστήρια,
1511 5169 1577 5219 τα
1611 5168 1709 5236 τῆς

123 5260 496 5320 ἀναστάσεώς
554 5276 614 5310 τε
667 5260 758 5311 καὶ
803 5261 898 5330 τῆς
954 5260 1383 5322 ἁνταποδόσεως⁹
1439 5259 1560 5311 οὐδξε
1605 5260 1714 5330 γὰρ

124 5353 400 5422 ἔφθημεν
456 5348 575 5402 οὔτε
636 5352 784 5420 παρὰ
815 5351 919 5403 τῶν
953 5353 1203 5421 πατέρων
1239 5352 1415 5421 ὑμῶν,
1449 5350 1571 5404 οὔτε
1603 5351 1711 5420 μὴν

123 5444 250 5497 ὑπό
295 5457 440 5503 τινος
494 5440 656 5492 ἄλλου
698 5441 1038 5509 διδαχθέντες
1092 5459 1148 5493 τι
1200 5445 1326 5512 περὶ
1367 5443 1592 5497 τούτων.
1651 5445 1709 5493 ’0

126 5535 425 5602 μακάριος
459 5532 877 5605 Καλλίστρατος,
904 5533 1176 5596 Ἕκαστος
1204 5535 1376 5604 ὑμῶν,
1413 5531 1559 5601 εἷπε,
1584 5538 1710 5607 περὶ

118 5617 192 5675 οὗ
215 5621 476 5689 βούλεται
510 5623 879 5681 πυνθανέσθω.
911 5645 926 5676 ι
968 5627 1024 5679 '0
1042 5626 1096 5678 δὲ
1125 5626 1254 5691 Θεὸς
1281 5630 1306 5681 ὁ
1329 5628 1592 5681 διδάσκων
1621 5630 1715 5683 ἄν-

203 5809 252 5842 ¹⁶
289 5807 484 5867 Matth.
525 5812 714 5876 x528.
796 5814 831 5844 “
865 5812 1053 5867 Matth.
1099 5831 1149 5878 v,
1200 5815 1282 5866 l2.

1364 5817 1403 5845 ”
1451 5809 1587 5870 Psal.
1641 5829 1766 5884 cm,
1795 5812 1845 5880 5,
1872 5812 1926 5870 6.

1815 4641 2022 4696 sancto,
2057 4641 2115 4684 ut
2149 4645 2248 4683 nos
2277 4629 2456 4682 divina
2487 4627 2734 4696 dogmata
2781 4627 3075 4679 doceantur
3106 4626 3380 4694 apertius,

1815 4741 1928 4792 quo
1955 4735 2108 4775 mens
2142 4728 2328 4774 nostra
2365 4718 2467 4773 lide
2508 4717 2713 4772 Christi
2748 4717 3070 4780 stabiliatur,
3100 4725 3155 4770 et
3182 4732 3385 4787 cogno-

1814 4828 2030 4867 scamus
2082 4826 2231 4880 spem
2283 4812 2423 4874 vitae,
2461 4825 2577 4877 quze
2619 4819 2985 4876 ex5pectatur,
3034 4817 3222 4862 utnon
3267 4823 3387 4861 an»

1814 4905 1955 4974 ptius
1983 4901 2265 4956 instabiles
2317 4901 2661 4969 cogitatione,
2697 4901 2850 4975 facile
2895 4901 3067 4970 decipi
3117 4901 3384 4970 possimus

1814 4993 1882 5045 ab
1931 4992 2015 5054 iis,
2067 4992 2157 5058 qui
2223 5005 2320 5043 nos
2368 4990 2557 5042 volunt
2597 5001 2936 5044 convertere.
2991 4990 3121 5042 Nota
3168 5005 3384 5058 quoque

1813 5084 1969 5137 nobis
2000 5083 2230 5136 evadant
2261 5081 2682 5149 dispensationis
2730 5082 2911 5136 carnis
2969 5090 3232 5149 suscepta:
3269 5097 3382 5150 my-

1813 5173 2006 5235 steria,
2050 5172 2573 5240 resurrectionisque
2605 5180 2659 5227 et
2692 5171 3159 5226 remunerationis.
3198 5170 3382 5240 Neque

1814 5267 1956 5318 enim
1989 5281 2016 5316 a
2050 5267 2254 5319 nostris
2278 5265 2614 5332 parentibus,
2647 5279 2822 5331 neque
2848 5263 2913 5315 ab
2938 5265 3042 5317 ullo
3071 5265 3177 5317 alio
3200 5265 3265 5317 de
3301 5264 3384 5317 his

1817 5365 1974 5408 antea
2005 5355 2205 5423 aliquid
2237 5354 2539 5408 didicimus.
2569 5352 2762 5408 Beatus
2795 5365 2975 5407 autem
3004 5353 3342 5407 Callistratus
3368 5370 3386 5410 :

1821 5446 2198 5512 Unusquisque
2224 5454 2482 5510 vestrum,
2516 5445 2709 5514 inquit,
2734 5446 2798 5500 de
2825 5463 2929 5516 quo
2954 5445 3099 5508 velit,
3148 5445 3386 5498 interro-

1820 5549 1950 5608 get;
2017 5554 2033 5586 ι
2076 5535 2218 5591 Deus
2263 5547 2464 5599 autem,
2514 5538 2604 5604 qui
2662 5538 2819 5591 docet
2877 5537 3152 5592 hominem
3205 5539 3387 5593 scien-

1822 5628 2033 5692 tiam”,
2074 5648 2088 5678 ι
2127 5630 2512 5698 nobisquoque
2564 5628 2824 5696 praebebit
2871 5645 3199 5687 sermonem
3222 5645 3384 5685 causa

2004 5814 2044 5848 ¹¹
2073 5814 2211 5868 Psal.
2243 5830 2312 5878 ct,
2349 5814 2427 5866 l3.
2508 5813 2547 5849 “'
2588 5813 2723 5868 i‘sal.
2761 5830 2906 5880 sem,
2948 5817 3031 5869 l0.
