4154 6318
93 350 196 415 89Ὶ

1172 350 1633 412 MARTYRIUM
1677 350 1735 411 S.
1776 351 2291 413 CALLISTRATI.

3209 352 3315 415 898

92 462 225 514 litori
252 457 457 522 τούτους
503 461 531 513 6
581 457 977 528 στρατηλατης,
1005 453 1125 511 εἶτα
1154 459 1407 523 δεθέντας
1440 464 1624 529 χεῖρας
1656 513 1662 525 γ

1766 476 1833 514 nx
1865 462 2165 527 exercitus;
2214 461 2413 517 deinde
2475 462 2681 519 vinctos
2717 464 2944 535 pedibus
2973 474 3029 519 et
3060 466 3312 520 manibus

94 557 178 606 real
200 553 363 614 πόδας,
382 553 461 613 είς
488 552 586 622 τὴν
617 550 841 622 πλησίον
862 550 1235 620 ἀπορριφῆναι
1252 550 1642 622 κολυμϐήθραν

89 644 306 699 ὠκεανὸν
333 642 474 697 οὕτω
515 644 868 712 καλούμενον.
914 643 1068 695 Ἐπεὶ
1113 638 1210 695 οὖν
1263 641 1643 712 δωμήσαντες

93 739 358 803 ἐπαφεῖναι
390 736 612 797 τούτους
633 735 709 801 τῷ
735 734 885 786 ὖδατι
909 733 1155 802 ἔμελλον,
1178 735 1209 785 ὁ
1231 732 1642 800 Καλλίστρατος

92 824 416 894 προσηύξατο
479 824 653 890 λέγων
682 837 698 854 ’
727 822 975 874 Δέσποτα
1028 822 1222 891 Κύριε,
1251 822 1280 872 6
1318 823 1374 874 ἐν
1420 821 1644 891 ὑψηλοῖς

90 916 359 982 κατοικῶν,
413 917 506 968 καὶ
556 917 625 967 τὰ
671 916 909 968 ταπεινὰ
947 915 1185 984 ἐφορῶν,
1214 913 1510 983 ἐπίϐλεψον
1551 915 1645 965 ἐπὶ

92 1010 147 1059 τὸ
181 1008 336 1078 βραχύ
380 1025 470 1060 σου
503 1009 658 1061 τουτὶ
713 1008 985 1071 ποίμνιον,
1015 1010 1104 1059 καὶ
1144 1006 1482 1069 καταξίωσον
1512 1007 1645 1059 αὐτὸ

90 1106 147 1154 ἐν
175 1108 275 1166 τοῖς
302 1104 451 1156 ὕδασι
482 1104 696 1166 τούτοις
746 1103 1040 1155 λούσασθαι
1093 1102 1322 1170 λουτρὸν
1379 1102 1643 1168 παλιγγε-

90 1198 261 1259 νεσίας
289 1213 344 1247 τε
371 1196 466 1249 καὶ
492 1195 762 1257 υίοῡεσίας
821 1195 908 1247 διὸ.
953 1195 1051 1263 τῆς
1105 1194 1507 1263 ὲπιφοιτήσεως
1551 1192 1644 1245 τοῦ

92 1288 237 1354 ἁγίου
267 1303 353 1339 σου
387 1287 723 1356 Πνεῦματος,
744 1288 817 1350 ὼς
848 1287 935 1352 ἂν,
957 1288 1023 1339 δι’
1073 1288 1235 1340 αὑτὸν
1265 1289 1446 1340 πᾶσαν
1475 1287 1648 1356 ἀπορο

93 1379 377 1448 ρυψᾱιμενοι
405 1380 498 1432 τοῦ
530 1378 763 1433 παλαιοῦ
810 1379 1101 1451 ἀνθρώπου
1134 1379 1230 1449 τὴν
1278 1378 1645 1448 ματαιότητα,

92 1470 321 1521 κοινωνοὶ
354 1470 742 1535 γένωνταιτοῦ
785 1471 985 1541 κλήρου
1018 1472 1126 1524 τῶν
1177 1471 1271 1541 ἀπ’
1318 1470 1510 1532 αἰῶνός
1565 1487 1646 1523 σοι

92 1560 577 1631 ιὺαρεστησάντων.
603 1565 755 1631 "Aac
793 1564 850 1617 δὲ
888 1564 967 1633 τῷ
1021 1567 1243 1635 ῥιφῆναι
1298 1565 1495 1625 αὐτοὺς
1537 1567 1646 1624 τοῖς

96 1650 264 1717 ὕδασι,
304 1654 533 1723 πρᾶγμα
590 1655 853 1724 συνῆλθεν
930 1656 1101 1723 ἀκοῆς
1136 1671 1195 1706 τε
1224 1655 1316 1707 καὶ
1372 1654 1649 1722 ῡαύματος

94 1744 257 1807 ἄξιον.
279 1745 505 1796 Λύονται
558 1746 663 1815 γὰρ
696 1746 874 1806 αὐτοῖς
903 1745 970 1795 τὰ
998 1745 1193 1813 δεσμὰ,
1236 1744 1330 1795 καὶ
1392 1745 1647 1814 autem;

1745 551 1933 620 projici
1982 552 2035 605 in
2090 554 2451 623 propinquam
2502 554 2785 625 piscinam,
2829 572 2953 625 quae
3013 557 3315 611 vocabatur

1743 642 2011 697 Oceanus.
2056 644 2191 696 Cum
2242 660 2372 715 ergo
2425 660 2517 700 eos
2563 646 2900 712 vinxissent,
2932 656 2985 702 et
3037 657 3220 703 essent
3263 652 3317 703 in

1744 746 1934 801 aquam
1967 732 2284 799 immissuri,
2321 750 2575 803 precatus
2597 748 2680 791 cst
2706 738 3067 800 Callistratus.
3093 739 3315 793 dicens:

1748 824 1993 887 Domine.
2025 824 2115 893 qui
2147 828 2197 878 in
2230 828 2355 880 altis
2385 828 2621 893 habitas,
2663 840 2719 884 et
2751 831 2971 884 humilia
3004 831 3229 902 respicis
3252 832 3318 893 “,

1747 916 1811 970 ad
1838 922 1983 969 hunc
2033 919 2314 971 minimum
2364 930 2512 972 tuum
2563 937 2774 993 gregem
2823 924 3011 977 oculos
3041 926 3229 995 dirige,
3268 935 3323 977 et

1747 1006 1974 1072 dignare
2002 1009 2180 1076 ipsum
2231 1009 2283 1059 in
2316 1009 2399 1061 his
2426 1010 2581 1078 aquis
2622 1011 2790 1065 lavari
2840 1015 3057 1066 lavacro
3092 1029 3320 1082 regene-

1747 1100 1975 1152 rationis
2001 1108 2055 1153 et
2086 1097 2396 1167 adOptionis
2430 1114 2524 1169 per
2551 1100 2842 1155 adventum
2880 1104 3049 1156 sancti
3091 1106 3166 1156 lui
3201 1102 3323 1172 Spi—

1748 1191 1904 1255 ritus,
1936 1202 1994 1244 ut
2033 1207 2131 1260 per
2165 1193 2338 1261 ipsum
2410 1194 2687 1246 emundati
2722 1194 2788 1247 ab
2809 1196 2954 1248 omni
2993 1197 3191 1249 veteris
3222 1196 3323 1248 ho-

1748 1282 1911 1335 minis
1944 1284 2205 1347 vanitate,
2256 1285 2384 1336 ﬁant
2436 1285 2564 1337 socii
2613 1286 2943 1339 haereditatis
2976 1301 3190 1351 eorum,
3230 1287 3321 1355 qui

1751 1376 1843 1430 tibi
1888 1376 2205 1445 placuerunt
2248 1394 2278 1430 a
2312 1380 2539 1433 saeculo.
2586 1376 2758 1432 Simul
2798 1392 2976 1433 autem
3028 1392 3191 1449 atque
3223 1381 3323 1449 ipsi

1752 1466 1901 1521 luere
1936 1468 1987 1520 in
2021 1482 2187 1536 aquas
2234 1470 2484 1538 proiecti,
2517 1469 2696 1523 evenit
2747 1485 2832 1523 res
2860 1471 3019 1540 digna
3049 1473 3235 1526 auditu
3267 1483 3322 1526 et

1749 1560 2132 1614 admiratione.
2166 1560 2258 1614 Eis
2308 1561 2452 1615 enim
2507 1563 2792 1615 solvuntur
2836 1562 3067 1624 vincula,
3101 1553 3154 1615 et
3202 1562 3324 1618 laeto

1751 1652 1901 1704 vultu
1942 1662 1997 1706 et
2037 1652 2200 1707 alaeri
2257 1652 2439 1706 habitu
2496 1653 2676 1707 statim
2732 1662 3019 1721 emergunt
3058 1668 3121 1705 ex
3161 1668 3321 1721 aqua.

1755 1740 1977 1793 Divrnus
2012 1752 2189 1794 autem
2226 1740 2560 1796 Callistratus
2604 1742 2748 1796 \isus
2802 1753 2885 1796 est
2941 1742 2993 1795 in
3041 1742 3214 1810 capite
3249 1742 3327 1796 l'e-

90 1838 202 1896 ταῐς
244 1834 413 1903 ὂψεσι,
450 1834 702 1905 φαιδραῖς
733 1838 855 1897 ταῖς·
880 1835 1091 1896 στολαῖς
1136 1834 1230 1885 τοῦ
1276 1834 1462 1895 ὓδατος
1489 1833 1647 1895 εὐθὺς

1760 1845 1877 1886 rens
1904 1848 2157 1887 coronam
2187 1835 2343 1903 longe
2370 1835 2851 1902 speciosissimam,
2885 1845 2941 1888 et
2976 1836 3175 1890 vox-ad
3200 1850 3323 1888 eum

89 1916 415 1981 ἀναδύουσισ.
461 1927 520 1981 ὐ
550 1927 605 1979 δέ
637 1944 696 1995 γε
730 1927 870 1990 θεῖος
895 1927 1431 1998 Καλλίστρατος,κα“ι
1450 1927 1649 1994 στέψαι

91 2036 176 2070 νον
199 2023 285 2073 ἐπὶ
312 2021 409 2091 τῆς
443 2020 682 2089 κεφαλῆς
706 2016 816 2072 οἷον
841 2022 1284 2089 ἐκπρεπέστατον
1314 2019 1529 2090 ἑωράθη
1554 2036 1650 2087 σου

92 2114 217 2187 ρῶν,
237 2114 326 2166 καὶ
345 2114 496 2182 φωνὴ
523 2115 655 2182 πρὸς
687 2114 846 2166 αὐτὸν
864 2114 1157 2184 οὐρανόθεν
1178 2115 1409 2180 γίνεται,
1426 2114 1648 2181 Θάρσει,

90 2208 480 2275 Καλλίστρατε,
522 2206 780 2273 λέγουσι,
824 2209 922 2260 σὺν
960 2206 1030 2275 τῷ
1081 2207 1320 2277 ποιμνίῳ
1367 2206 1542 2276 τούτῳ
1573 2204 1652 2275 τῷ

92 2300 170 2368 σῷ
188 2315 202 2329 ·
241 2302 331 2353 καὶ
356 2298 507 2350 δεῦτε
539 2300 637 2369 ήδη
664 2300 783 2359 ταῖς
810 2302 1055 2363 αἱωνὶαις
1085 2303 1312 2368 σκηναῖς
1340 2302 1656 2352 ἐπαναπαυ-

90 2391 321 2461 σόμενοι.
343 2391 493 2459 ’Δμα
529 2392 584 2445 δὲ
610 2393 676 2461 τῇ
711 2392 882 2460 φωνῇ,
904 2391 997 2443 καὶ
1027 2391 1169 2459 μέγα
1196 2393 1224 2442 6
1248 2392 1378 2452 Θεὸς
1424 2392 1650 2455 ἔσεισεν,

89 2485 229 2539 ὥστε
257 2484 316 2538 τὸ
351 2485 580 2555 πλησίον
625 2501 730 2537 που
778 2484 1001 2551 ἄγαλμα
1070 2486 1428 2547 καταπεσεῖν,
1450 2484 1543 2535 καὶ
1575 2484 1653 2545 είς

92 2580 242 2634 κόνιν
286 2580 620 2649 διαλυθῆναι.
643 2579 824 2649 'Mzsp
870 2580 1069 2641 ιὸόντες
1099 2595 1155 2631 τε
1196 2578 1288 2630 καὶ
1322 2576 1656 2640 ἀκούσαντες

89 2674 264 2743 ἕτεροι
285 2672 386 2723 τῶν
427 2673 777 2741 στρατιωτῶν
824 2672 1014 2742 ἄνδρες
1047 2672 1209 2724 πέντε
1237 2671 1332 2722 καὶ
1362 2669 1658 2739 τριάκοντα

89 2764 224 2832 πρὸς
245 2765 354 2824 τοῖς
378 2764 591 2824 ἑκατὸν,
623 2762 935 2815 πιστεύουσι
961 2766 1053 2813 καὶ
1087 2762 1261 2814 αὐτοί.
1298 2761 1371 2813 Οὐ
1413 2761 1650 2829 συλλαμ-

90 2853 422 2907 ϐάνονταιὸὲ
448 2855 583 2922 μετὰ
623 2854 730 2904 τῶν
775 2852 977 2905 λοιπῶν
1028 2854 1185 2904 ὲννέα
1244 2856 1340 2905 καὶ
1386 2852 1656 2923 τεσσαρά-

87 2961 284 2999 κοντα·
341 2944 454 2996 ἀλλ’
483 2946 680 2995 ἐκεῖνοι
723 2944 897 3012 μόνοι,
952 2944 1525 3013 τεσσαρακονταεννέα
1558 2961 1659 3013 φα-

89 3039 209 3108 μὲν,
237 3036 379 3089 οὓτω
401 3038 492 3089 τοῦ
521 3034 898 3107 στρατηλάτου
936 3033 1319 3098 κελεύσαντος,
1348 3036 1413 3103 τῇ
1446 3036 1661 3105 φρουρᾷ

1761 1925 1972 1980 exstitit
2002 1939 2032 1977 e
2066 1925 2239 2000 ccelis,
2273 1926 2462 1979 dicens
2495 1943 2509 1979 :
2570 1925 2695 1980 Esto
2739 1928 2879 1980 bono
2928 1927 3131 1987 animo,
3165 1925 3327 1981 Galli-

1753 2028 1942 2083 strate,
1978 2034 2101 2073 cum
2140 2028 2232 2072 tuo
2258 2034 2440 2091 grege,
2471 2018 2649 2089 etiam
2678 2018 2878 2083 venite,
2909 2018 2962 2072 in
2992 2018 3211 2074 mternis
3240 2035 3329 2073 re-

1753 2111 1986 2176 quieturi
2031 2110 2412 2167 tabernaculis.
2448 2110 2620 2164 Simul
2652 2121 2832 2164 autem
2878 2126 3001 2164 cum
3036 2126 3166 2165 voce
3211 2126 3328 2164 ma-

1755 2216 1917 2271 gnum
1942 2217 2158 2274 quoque
2189 2202 2330 2255 Deus
2357 2201 2615 2255 excitavit
2639 2210 2792 2253 terra:
2819 2213 3045 2263 rnatum,
3077 2200 3211 2256 adeo
3248 2209 3325 2261 ut,

1755 2311 1873 2364 quae
1914 2301 2218 2364 prapinqua
2250 2302 2389 2358 erat,
2425 2302 2602 2347 statua
2636 2291 2917 2355 ceciderit,
2953 2302 3007 2345 et
3038 2292 3092 2345 in
3143 2293 3328 2360 pulve-

1756 2401 1868 2441 rem
1900 2389 1972 2442 sit
2015 2390 2268 2442 resoluta.
2296 2386 2427 2453 Quae
2487 2403 2610 2441 cum
2646 2388 2910 2444 vidissent
2942 2398 2997 2441 et
3027 2387 3331 2442 audiissent

1756 2479 1845 2532 alii
1901 2481 2118 2545 milites,
2149 2481 2239 2549 qui
2274 2489 2432 2534 erant
2487 2495 2715 2534 numero
2756 2490 2975 2534 centum
3018 2492 3074 2535 et
3112 2478 3330 2550 triginta

1757 2571 2021 2640 quinque,
2061 2571 2162 2639 ipsi
2219 2586 2436 2640 quoque
2486 2572 2737 2625 credunt.
2795 2570 2911 2624 Non
2970 2574 3332 2640 comprehen-

1758 2664 1961 2718 duntur
1994 2675 2174 2717 autem
2208 2678 2330 2717 cum
2351 2664 2459 2731 jam
2491 2663 2683 2728 dictis;
2720 2662 2815 2718 sed
2863 2663 2937 2717 illi
2970 2663 3067 2717 soli
3099 2662 3332 2732 quadra-

1760 2757 1904 2824 ginta
1936 2771 2154 2823 novem,
2183 2772 2305 2810 cum
2355 2760 2434 2811 sic
2478 2756 2733 2827 jussisset
2759 2756 2865 2809 dux
2898 2755 3187 2820 exercitus,
3222 2764 3331 2809 tra-

1759 2849 1961 2898 duntur
1993 2847 2047 2899 in
2078 2849 2403 2901 custodiam.
2447 2846 2585 2899 Dicit
2617 2848 2695 2900 eis
2736 2848 2916 2913 itaque
2952 2846 3329 2899 Callistratus:

1763 2938 1922 3002 Ecce,
1957 2938 2168 3004 fratres,
2210 2937 2414 2992 Christi
2460 2937 2653 3008 gratia,
2690 2927 2906 3009 dignati
2942 2939 3073 2993 estis
3120 2938 3333 2992 lavacro

1764 3035 2190 3106 regenerationis
2211 3033 2277 3087 ”.
2332 3032 2559 3104 Oporlet
2595 3047 2742 3103 ergo,
2787 3048 2921 3102 quas
2981 3048 3076 3101 par
3128 3040 3233 3097 est,
3282 3032 3332 3085 ei

85 3130 495 3201 παραδίδονται.
529 3132 692 3197 Λέγει
729 3133 911 3182 τοίνυν
956 3129 1090 3196 πρὸς
1149 3128 1346 3189 αὐτοὺς
1391 3130 1419 3179 ὁ
1461 3127 1660 3179 Καλλία

1764 3142 1923 3196 agere
1960 3127 2180 3195 gratias.
2214 3126 2401 3192 Itaque
2446 3140 2733 3193 surgamus
2787 3133 2841 3178 et
2890 3139 3128 3179 oremus.
3182 3123 3334 3177 Tunc

88 3241 324 3296 σερατος
351 3240 364 3255 ο
419 3221 568 3287 Ἰδοὺ,
600 3222 840 3289 ἀδελφοὶ,
866 3223 932 3291 τῇ
963 3222 1056 3271 τοῦ
1084 3220 1290 3288 Κυρίου
1319 3220 1522 3289 χάριτι,
1565 3218 1659 3272 τοῦ

84 3310 316 3378 λουτροῦ
332 3311 429 3379 τῆς
452 3311 868 3379 παλιγγενεσίας
894 3308 1290 3380 κατηξιώθητε.
1309 3309 1663 3380 Χρητοιγαρ-

81 3400 184 3455 οὖν
214 3400 315 3472 τὴν
359 3403 741 3473 προσήκουσαν
780 3399 925 3470 αὐτῴ
958 3399 1117 3470 χάριν
1151 3398 1484 3471 ὁμολογῆσαι
1507 3418 1519 3431 ·
1570 3402 1664 3454 καὶ

80 3494 153 3565 δὴ
184 3495 518 3558 ἀναστάντες
555 3492 1008 3565 προσευξώμεθα.
1038 3491 1131 3553 Ei;
1153 3494 1244 3543 τὸν
1274 3491 1505 3560 οὐρανὸν
1535 3492 1661 3557 γοῦν

79 3587 190 3650 τὰς
221 3589 413 3655 χεῖρας
445 3585 799 3645 διαπετάσας,
831 3581 1003 3653 Κύριε
1042 3582 1069 3631 6
1093 3576 1434 3646 Θεδς,εἷπεν,
1457 3583 1483 3634 ὁ
1521 3584 1659 3635 πάν-

77 3696 186 3740 τας
204 3676 448 3744 σωθῆναι
466 3674 632 3729 θέλων
656 3674 752 3728 καὶ
773 3676 849 3736 εἰ,
871 3673 1169 3742 ἐπίγνωσιν
1188 3672 1444 3742 ἀληθείας
1465 3672 1659 3741 ἐλθεῖν,

79 3773 110 3822 ὀ
161 3770 261 3822 καὶ
299 3769 462 3823 τοῦτο
525 3786 619 3822 σου
661 3767 722 3821 τὸ
760 3769 1010 3839 ποίμνιον
1062 3767 1156 3820 τοῦ
1206 3770 1398 3837 νοητοῦ
1452 3767 1661 3828 λέοντος

1763 3221 2016 3287 expansis
2046 3216 2098 3270 in
2130 3215 2326 3270 cretum
2354 3217 2605 3271 manibus
2639 3232 2653 3269 :
2686 3214 2913 3269 Domine
2950 3214 3112 3282 Deus,
3136 3216 3332 3285 inquit,

1764 3310 1856 3380 qui
1886 3310 1965 3364 vis
1985 3325 2176 3365 omnes
2203 3309 2453 3364 homines
2472 3308 2648 3361 salvos
2673 3307 2809 3370 ficri,
2835 3320 2886 3360 et
2915 3309 2981 3362 ad
3003 3307 3333 3378 agnitionem

1763 3405 1949 3458 venire
1978 3403 2259 3469 veritatis;
2304 3404 2395 3473 qni
2426 3402 2586 3457 etiam
2639 3410 2792 3455 tuum
2834 3415 3049 3471 gregem
3086 3400 3334 3469 eripuisti

1762 3510 1828 3548 ex
1860 3510 1951 3548 ore
1982 3496 2179 3558 leonis,
2211 3505 2266 3549 et
2313 3496 2514 3550 vocasti
2551 3496 2617 3550 ad
2656 3497 2887 3549 salutem
2937 3504 3216 3557 aeternam,
3250 3494 3333 3548 di-

1764 3599 1929 3655 gnare
1965 3586 2018 3638 in
2062 3595 2150 3638 tua
2185 3584 2287 3638 (ide
2319 3599 2418 3637 nos
2458 3600 2649 3638 omnes
2678 3585 3065 3647 consummari,
3099 3594 3153 3637 et
3191 3587 3255 3637 ad
3287 3598 3337 3637 te

1768 3676 2056 3732 Dominum
2082 3677 2270 3731 venire
2300 3676 2676 3730 immaculatos
2699 3686 2752 3730 ct
2785 3675 3048 3738 mundos;
3081 3680 3335 3743 quoniam

1769 3782 1829 3820 cs
1862 3766 2186 3820 benedictus
2215 3766 2267 3818 in
2302 3768 2520 3821 saecula.

76 3862 446 3935 ἀφαρπάσας,
470 3866 564 3914 καὶ
611 3860 744 3929 πρὸς
765 3858 1038 3929 σωτηρίαν
1062 3858 1300 3921 καλέσας
1328 3857 1567 3925 αἰώνιον,
1608 3856 1943 3924 καταξὶωσον
1975 3858 2032 3910 ὲν
2062 3860 2126 3929 τῇ
2158 3862 2223 3928 σῇ
2274 3858 2455 3911 πίστει
2516 3856 2865 3929 τελειωθῆναι
2918 3861 3127 3923 πάντας
3172 3863 3337 3945 ἡμᾶς,

77 3962 182 4013 καὶ
219 3961 358 4029 πρὸς
394 3956 453 4008 σὲ
491 3956 583 4007 τὸν
612 3954 887 4023 Δεσπότην
942 3953 1205 4016 ἁσπίλους
1252 3954 1507 4021 φοιτῆσαι
1543 3953 1636 4007 καὶ
1666 3954 1962 4023 καθαρούς·
1990 3954 2073 4006 ὅτι
2114 3954 2405 4025 εὐλογητὸς
2437 3954 2702 4024 ὑπάρχεις
2740 3956 2818 4018 είς
2847 3954 2971 4017 τοὺς
3007 3957 3233 4022 αίὼνας.

159 4049 260 4103 1Δ’.
326 4047 486 4102 Ἀλλὰ
535 4047 709 4101 ταῦτα
760 4049 859 4117 μὲν
900 4048 957 4101 ὲν
988 4049 1053 4117 τῇ
1103 4042 1315 4119 φρουρᾷ
1346 4048 1455 4109 τοῖ,
1487 4047 1665 4113 ἁγίοις

76 4143 419 4215 ἐπράττετο.
460 4141 518 4194 ’0
544 4141 602 4193 δὲ
653 4141 1053 4212 στρατηλάτης,
1087 4140 1271 4203 δείσας
1328 4144 1535 4211 μήποτε
1577 4138 1667 4190 δ;ὰ

76 4235 188 4304 τῆς
212 4234 428 4287 τούτων
454 4232 897 4301 θανματουργίας
929 4230 1094 4283 αὑτοῦ
1137 4248 1197 4284 τε
1218 4230 1494 4284 ἀποστῶσί
1523 4246 1668 4291 τινες

78 4333 182 4381 καὶ
222 4327 393 4396 ἑτέρα
421 4327 647 4392 γένηται
677 4325 753 4395 τῷ
798 4325 1019 4395 Χριστῴ
1073 4326 1254 4395 μερὶς,
1289 4322 1671 4391 κοινολογησά-

80 4433 255 4488 μενος
279 4419 360 4488 τῷ
387 4417 867 4487 ου’γχαταχλείστῳ
888 4418 1073 4469 τούτου
1118 4415 1284 4487 ’Υἰρῳ
1312 4415 1648 4485 Δουκιναρίῳ

76 4517 184 4565 καὶ
242 4510 447 4574 κοινῶς
506 4511 656 4580 αὐτῷ
718 4510 1271 4578 συνδιασκεψάμενος,
1329 4508 1668 4579 στρατιώτας

77 4607 311 4677 πέμπει
365 4605 582 4670 νυκτὸς,
608 4603 768 4657 τοῦτο
822 4601 1307 4671 κεκελευσμένονς,
1346 4604 1406 4655 τὺ
1440 4601 1670 4672 μεληδὸν

73 4703 217 4761 τοὺς
264 4696 461 4763 ἁγίους
488 4698 544 4748 ἐν
573 4698 636 4765 τῇ
670 4694 885 4765 φρουρᾷ
914 4692 1244 4762 κατακόψαι.
1276 4693 1340 4745 '0
1372 4693 1438 4762 δὴ
1464 4693 1557 4745 καὶ
1578 4693 1669 4759 γέ-

74 4805 217 4856 γονε
248 4789 397 4841 κατὰ
424 4788 522 4857 τὴν
552 4784 786 4854 ἑϐδόμην
836 4785 927 4837 καὶ
979 4783 1230 4853 εἰκοστὴν
1278 4782 1373 4835 τοῦ
1417 4784 1669 4852 Σεπτεμ-

74 4880 252 4951 6ρίου
301 4876 664 4948 μηνός.οίδὲ
697 4875 1088 4956 πιστεύσαντες
1145 4875 1307 4928 πέντε
1361 4876 1456 4928 καὶ
1514 4876 1669 4945 τριά-

74 4985 263 5025 κοντα
317 4967 414 5020 καὶ
464 4968 659 5022 ἑκατὸν
722 4966 1050 5037 στρατιῶται
1121 4965 1552 5036 παραγενόμενοι
1604 4968 1671 5017 τὰ

73 5062 215 5115 τῶνε
257 5059 433 5129 ἁγίων
482 5058 758 5111 ἀνείλοντο
793 5057 1047 5126 σώματα,
1070 5058 1302 5129 ἐντίμως
1337 5074 1393 5109 τε
1429 5055 1669 5124 ἔθαψα-ι’

73 5160 182 5209 καὶ
242 5157 377 5208 ναὸν
452 5153 634 5215 αὐτοῖς
698 5152 758 5203 οὗ
830 5151 1045 5213 πολλοῖς
1096 5153 1281 5219 όμοιον
1341 5149 1417 5219 τῷ
1486 5149 1671 5203 κάλλει

73 5249 424 5316 ἀνήγειρανθ
450 5246 544 5298 καὶ
582 5238 735 5305 οὗτος
787 5244 932 5295 κατὰ
985 5242 1154 5312 μέσην
1194 5241 1394 5311 ἔστηκε
1433 5239 1672 5310 Ῥώμην,

73 5341 186 5409 τὴν
242 5339 683 5409 βασιλικωτάτην
712 5337 821 5390 τῶν
866 5336 1099 5392 πόλεων.
1134 5332 1305 5405 Εὗρον
1332 5335 1387 5389 δὲ
1419 5336 1511 5386 καὶ
1542 5338 1676 5404 χαρ-

73 5451 190 5504 την
223 5436 285 5485 ἐν
321 5436 390 5504 τῇ
419 5433 649 5501 φρουρᾷ,
747 5428 1061 5484 διδασκαλία
1092 5446 1174 5491 τις
1207 5431 1300 5481 καί
1338 5426 1670 5492 διατύπωσις

73 5528 477 5599 ἐνεγέγραπτο
548 5527 642 5579 τοῦ
695 5524 1103 5597 Καλλιστράτου
1169 5526 1466 5592 μάρτυρος.
1519 5524 1671 5577 Μετὰ

73 5624 134 5677 δὲ
188 5620 297 5690 τ’ὴν
331 5621 557 5675 ἐκείνων
601 5619 877 5672 τελείωσιν
933 5619 1204 5688 μαρτυρεῖ
1273 5617 1367 5667 καὶ
1406 5618 1669 5687 Μαρῖνος,

154 5800 205 5833 ⁸⁸
240 5796 395 5853 Psal.
436 5812 565 5861 uti,
598 5798 646 5851 5.
724 5800 763 5831 "
792 5797 877 5852 Tit
932 5815 1007 5867 ut,
1041 5801 1089 5854 5.

1654 4457 1667 4479 ’
1704 4460 1746 4514 D

1840 4045 1979 4100 XIV.
2013 4046 2114 4099 Sed
2139 4048 2249 4100 haec
2270 4048 2483 4114 quidem
2504 4046 2706 4101 ﬁebant
2725 4061 2755 4101 a
2776 4047 2979 4103 sanctis
3000 4048 3054 4103 in
3073 4051 3337 4106 custodia.

1767 4138 1989 4193 Titnens
2033 4148 2213 4193 autem
2265 4140 2375 4194 dux
2418 4140 2714 4204 exercitus,
2749 4155 2815 4194 ne
2854 4156 2950 4209 per
2993 4156 3077 4203 ea,
3123 4158 3243 4211 qua:
3270 4144 3342 4197 ab

1767 4233 1848 4286 eis
1888 4233 2109 4295 liebant,
2136 4231 2416 4296 miracula,
2447 4232 2597 4287 multi
2623 4231 2691 4286 ab
2722 4246 2788 4286 eo
2813 4230 3133 4297 deﬁcerent,
3162 4243 3219 4288 et
3238 4236 3339 4288 alia

1770 4338 1896 4393 pars
1937 4322 2149 4376 Christo
2199 4323 2507 4387 accederet,
2557 4337 2616 4378 re
2650 4322 3052 4379 communicata
3087 4340 3212 4380 cum
3243 4342 3343 4380 suo

1773 4428 2045 4469 assessore
2074 4412 2207 4467 Vero
2232 4414 2554 4479 Ducenario,
2586 4429 2709 4468 cum
2740 4419 3105 4469 communiter
3133 4432 3255 4472 cum
3275 4433 3342 4473 eo

1772 4506 2156 4567 consultassct,
2190 4514 2353 4559 noctu
2407 4503 2569 4559 mittit
2615 4505 2834 4573 milites,
2869 4507 3067 4577 quibus
3095 4508 3200 4563 hoc
3240 4510 3342 4565 im-

1768 4598 2014 4669 paratum
2054 4600 2251 4661 fuerat,
2295 4607 2351 4653 ut
2385 4598 2731 4654 membratim
2765 4611 2986 4657 sanctos
3017 4601 3340 4658 conscinde-

1770 4702 1892 4747 rent
1931 4693 1985 4746 in
2025 4692 2292 4746 custodia.
2326 4693 2481 4757 Quod
2527 4692 2745 4761 quidem
2803 4694 2965 4749 etiam
3020 4693 3223 4750 factum
3262 4707 3343 4751 est

1768 4786 2026 4840 vicesimo
2059 4783 2291 4852 septimo
2323 4782 2684 4854 Septembris.
2727 4784 2831 4851 Qui
2885 4795 3067 4840 autem
3095 4787 3344 4843 credide-

1771 4892 1893 4935 rant
1926 4881 2145 4935 centum
2185 4889 2240 4934 et
2282 4880 2499 4949 triginta
2545 4879 2786 4949 quinque
2842 4879 3065 4945 milites,
3097 4894 3221 4935 cum
3250 4895 3341 4936 ac-

1770 4975 2087 5040 cessissent,
2117 4971 2456 5027 sustulcrunt
2504 4976 2816 5027 sanctorum
2865 4986 3116 5041 corpora.
3149 4984 3200 5027 et
3246 4974 3341 5030 ho-

1770 5066 1994 5120 norit'tcc
2041 5065 2374 5134 sepelierunt
2410 5082 2423 5118 :
2463 5072 2518 5117 et
2548 5064 2626 5118 eis
2675 5065 2934 5134 templunt
2981 5073 3167 5135 postea
3197 5066 3344 5119 exci-

1772 5170 2046 5224 taverunt,
2088 5159 2174 5211 cui
2230 5157 2639 5228 pulchritudine
2701 5166 2830 5211 sunt
2882 5173 3050 5226 pauca
3094 5160 3339 5214 similia:

1773 5253 1919 5322 quod
1951 5259 2058 5303 stat
2093 5249 2145 5301 in
2168 5249 2341 5302 media
2370 5248 2560 5313 Roma,
2584 5250 2865 5302 civitatum
2898 5250 3139 5302 omnium
3170 5251 3343 5305 maxi-

1783 5358 1867 5397 me
1920 5343 2088 5411 regia.
2140 5338 2310 5395 Porro
2356 5351 2537 5394 autem
2572 5339 2815 5394 chartam
2848 5354 3065 5410 quoque
3117 5340 3344 5396 invene-

1780 5444 1906 5489 runt
1947 5433 2002 5486 in
2036 5433 2303 5498 custodia,
2339 5431 2391 5485 in
2424 5447 2529 5503 qua
2572 5440 2687 5487 erat
2718 5431 2961 5499 quaedam
3014 5433 3259 5486 doctrina
3292 5442 3342 5485 et

1780 5526 2077 5595 descriptio
2097 5525 2310 5597 gloriosi
2350 5534 2404 5580 et
2433 5525 2655 5580 victoria
2695 5524 2922 5595 insignis
2950 5525 3200 5593 martyris
3221 5523 3347 5578 Cal-

1780 5618 1996 5672 listrati.
2062 5617 2188 5671 Post
2247 5617 2458 5673 illarum
2523 5624 2701 5669 autem
2773 5613 3343 5682 consummationem,
