4154 6318
148 375 246 437 909

1352 372 1529 431 VlTA
1572 372 1631 431 S.
1665 368 2152 430 CHARITONIS.

3268 374 3374 438 910

146 487 411 558 σποράδην
451 490 508 541 ὲν
540 489 647 550 τοῖς
674 487 765 541 τοῦ
795 488 1119 558 καλαμῶνος
1158 490 1431 559 διέτριϐον
1473 487 1704 558 σπηλαί-

1818 487 2006 554 patriae
2043 484 2403 555 praeferebant
2431 484 2803 551 solitudinem,
2837 496 2890 539 et
2935 488 3161 557 sparsim
3190 503 3374 542 versa-

142 580 418 647 οις,ὲγγύ;
460 598 559 633 που
599 581 697 648 τῆς
738 582 953 651 Νεκρᾶς
1005 581 1278 649 Θαλάσσης
1336 580 1701 648 διακειμένου.

154 671 271 731 Τοῖς
304 671 357 721 δέ
410 686 469 736 γε
525 670 731 731 λοιποῖς
772 671 877 721 τῶν
934 669 1230 738 χρημάτων
1256 669 1352 738 τὴν
1411 669 1510 739 ἤδη
1571 686 1707 738 μνηο

145 760 492 829 μονευθεῖσαν
553 761 704 829 ἱερὰν
734 760 950 828 Λαύραν
983 762 1287 830 οἰκοδομεῖ·
1325 760 1461 828 πρὸς
1499 760 1556 812 δὲ
1609 760 1703 811 καὶ

142 853 237 919 τὴν
271 852 582 918 ἁγιωτάτην
612 852 780 918 αὐτῆς
824 850 1142 920 ἐκκλησίκνν
1180 853 1243 919 ἦν
1275 852 1302 903 ὁ
1335 851 1476 914 θεῖος
1522 853 1707 917 ἐγκω-

143 944 275 1004 νίζει
331 945 634 1013 Μακάριος,
694 945 791 1012 τῆς
833 947 890 997 ἐν
945 944 1333 1015 Ἰεροσολύμοις
1385 946 1505 998 τότε
1564 946 1699 997 Θεοῦ

156 1032 474 1102 Ἐκκλησίας
543 1032 792 1084 διιθύνων
852 1031 979 1095 τοὺς
1031 1032 1318 1097 οἴακας,ὂς
1372 1034 1467 1086 καὶ
1528 1034 1620 1085 τοῦ
1649 1034 1706 1086 ἐν

142 1124 341 1193 Nimia}
374 1124 719 1187 συνελθόντος
748 1122 1005 1188 εὐσεϐοῦς
1058 1126 1321 1195 ἐτύγχανε
1378 1124 1702 1192 καταλόγου.

212 1300 288 1354 Θ’.
320 1302 407 1353 Ἐν
455 1300 587 1371 τῷδε
631 1301 924 1371 τοιγαροῦν
977 1303 1056 1371 τῷ
1103 1304 1353 1374 σπηλαίῳ
1415 1306 1708 1375 ἡσυχάζειν

144 1394 393 1461 ἐλόμενος
425 1396 450 1445 ὁ
481 1396 772 1464 μακάριος,
802 1395 964 1464 δῆλός
996 1413 1054 1449 τε
1084 1398 1217 1450 πᾶσι
1243 1398 1331 1450 διὰ
1361 1397 1469 1450 τῶν
1499 1399 1709 1466 θαυμά-

141 1501 246 1535 των
295 1484 600 1551 γινόμενος,
646 1485 852 1555 πλῆθος
898 1486 1136 1557 ἀριθμοῦ
1195 1490 1464 1558 κρεῖττον,
1525 1487 1711 1558 Ἐλλή-

141 1591 246 1625 νων
285 1591 344 1625 τε
377 1576 472 1627 καὶ
500 1576 796 1641 Ἰουδαίων,
830 1576 889 1628 τὸ
922 1580 1187 1645 σωτήριον
1223 1578 1479 1643 δέξασθαι
1519 1577 1710 1647 βάπτι-

140 1682 252 1731 σμα
282 1668 440 1726 ποιεῖ,
471 1666 564 1718 καὶ
620 1668 679 1717 οὑ
716 1668 878 1735 μέχρι
941 1667 1134 1720 τούτου
1187 1670 1399 1738 στῆναι,
1434 1670 1568 1722 ἀλλὰ
1618 1672 1709 1724 καὶ

135 1758 225 1809 τὸν
254 1751 463 1825 μονήρη
496 1757 608 1823 βίον
638 1757 857 1810 ἑλέσθαι
885 1759 1323 1827 παρασκευάζει.
1357 1760 1431 1814 Οὐ
1467 1760 1710 1830 θαύμασι

1808 578 2006 631 bantur
2067 578 2119 630 iu
2189 577 2463 646 speluncis
2504 578 2836 641 arundineti,
2891 579 3032 648 quod
3072 580 3236 635 situm
3289 591 3368 639 est

1809 685 1979 737 prope
2031 686 2182 723 mare
2244 680 2543 725 mortuum.
2602 670 2847 739 Reliquis
2897 682 3077 725 autem
3126 675 3375 741 pecuniis

1808 761 2040 814 mditicat
2072 776 2283 815 sacram
2323 762 2576 824 Lauram,
2606 761 2763 831 cujus
2795 762 2948 831 prius
2998 763 3367 817 meminimus.

1808 850 2080 907 Praeterea
2134 861 2316 907 autem
2369 854 2762 909 sanctissimam
2802 870 3019 924 quoque
3048 855 3166 923 ejus
3200 856 3375 910 eccle-

1809 942 1965 1005 siam,
2009 958 2171 1011 quam
2202 943 2418 996 divinus
2444 944 2657 997 dedicat
2705 942 2989 1005 Macarius,
3035 944 3247 997 clavum
3297 956 3376 1000 te-

1819 1047 1958 1086 nens
2000 1033 2092 1086 Dei
2132 1033 2405 1095 Ecclesia),
2459 1048 2581 1103 quae
2623 1043 2751 1088 tunc
2800 1045 2917 1088 erat
2964 1033 3375 1105 Hierosolymis,

1806 1125 1897 1194 qui
1941 1126 2102 1178 etiam
2131 1124 2232 1179 fuit
2267 1140 2409 1179 unus
2441 1140 2504 1180 ex
2544 1124 2633 1195 pio
2685 1125 2957 1196 catalogo,
3032 1127 3128 1196 qui
3178 1142 3376 1183 conve-

1807 1215 1886 1269 nit
1918 1214 2128 1270 Nicaem.

1881 1304 1973 1359 ΙΧ.
2006 1304 2140 1359 Cum
2178 1305 2233 1358 in
2268 1296 2371 1359 hac
2403 1322 2530 1376 ergo
2551 1307 2807 1376 spelunca
2838 1306 3115 1362 silentium
3150 1317 3205 1363 et
3225 1309 3376 1379 quie-

1809 1404 1914 1449 tem
1953 1410 2111 1464 agere
2139 1396 2417 1450 statuisset
2456 1397 2744 1462 Chariten,
2771 1406 2826 1451 et
2862 1398 3116 1452 omnibus
3144 1414 3238 1468 per
3277 1401 3378 1453 mi-

1809 1485 1989 1539 racula
2024 1486 2288 1539 evasisset
2320 1485 2665 1551 manifestus,
2701 1486 2883 1551 elIicit,
2922 1496 2980 1540 ut
3009 1487 3380 1542 innumerabi-

1807 1576 1873 1630 lis
1910 1577 2200 1631 multitudo
2232 1575 2514 1647 gentilium
2543 1585 2598 1631 et
2637 1576 2951 1632 Jndzeorum
3002 1590 3253 1633 sanctum
3284 1580 3380 1633 ba-

1809 1669 2066 1739 ptismum
2092 1669 2340 1738 accipiat,
2395 1679 2445 1724 et
2492 1685 2600 1723 non
2632 1669 2740 1725 illic
2770 1671 3055 1736 consistat,
3095 1672 3189 1726 sed
3214 1671 3376 1725 etiam

1810 1762 1975 1815 vitam
1996 1761 2157 1832 eligat
2175 1762 2554 1816 monasticam.
2578 1761 2694 1815 Non
2712 1763 2884 1817 solum
2905 1772 3087 1816 autem
3106 1763 3380 1818 miraculis

131 1851 188 1901 δὲ
244 1852 427 1917 μόνον,
481 1850 615 1903 ἀλλὰ
667 1852 759 1905 καὶ
822 1853 899 1922 τῷ
966 1852 1065 1924 βίῳ
1131 1853 1358 1916 πολλοὺς
1406 1855 1703 1925 ἐφείλκετο.

1809 1854 1902 1908 sed
1940 1854 2105 1907 etiam
2143 1854 2247 1906 vita
2281 1855 2479 1908 multos
2511 1855 2835 1908 attrahebat.
2884 1856 3383 1909 Eratenimmiran-

132 1942 331 2010 Θαῦμα
366 1943 472 2012 γὰρ
497 1938 563 2013 ἦν
601 1944 807 1997 ἐκεῖνον
836 1945 967 2016 ὁρᾷν
1014 1946 1248 2016 τοσαύτῃ
1277 1947 1411 2016 πρὸς
1439 1946 1533 2015 τὴν
1566 1945 1706 1998 κατὰ

130 2033 268 2086 Θεὸν
292 2036 566 2088 πολιτείαν
608 2036 893 2106 χρώμενον
935 2040 1000 2106 τῇ
1050 2036 1281 2104 σπουδῇ,
1338 2037 1433 2086 καὶ
1492 2036 1705 2104 τρυφὴν

138 2128 239 2195 μὲν
276 2127 580 2195 ἡγούμενον
616 2127 715 2195 τὴν
740 2128 1072 2195 ἐγκράτειαν
1093 2140 1105 2153 °
1137 2124 1368 2178 πλοῦτον
1389 2124 1465 2188 δὲ,
1508 2126 1567 2177 τό
1595 2143 1702 2193 μη-

129 2217 223 2267 δὲν
256 2217 552 2283 κεκτῆσθαι
576 2229 592 2245 ο
628 2217 935 2285 χαμευνίαν
963 2216 1020 2269 δὲ
1066 2216 1161 2268 καὶ
1220 2215 1280 2268 τὸ
1320 2215 1591 2287 πάννυχον
1649 2219 1706 2270 ὲν

129 2305 254 2364 ταῖς
282 2302 626 2373 ψσλμῳδίαις
696 2303 842 2358 οὕτω
880 2304 1202 2374 στέρξαντα,
1244 2304 1318 2367 ὡς
1353 2304 1518 2373 μηδὲν
1544 2304 1708 2357 πλέον

127 2395 282 2463 ἔχειν
310 2396 565 2464 ἡγεῖσθαι
596 2397 723 2460 τοὺς
773 2396 1069 2465 φιλοζῴους
1110 2396 1162 2449 οἳ
1197 2397 1332 2465 παρ’
1379 2396 1505 2465 ὅλην
1537 2396 1709 2449 νύκτα

130 2489 449 2556 στρωμναῖς
511 2487 769 2551 ἁπαλαῖς,
825 2488 917 2539 ἐπὶ
979 2485 1176 2539 κλινῶν
1231 2485 1554 2539 καθεύξουσι
1598 2486 1706 2537 τῶν

125 2579 530 2646 ἐλεφαντίνων,
552 2578 630 2649 τῷ
653 2577 962 2647 τρυχίνῳξδε
993 2577 1249 2648 ἐνδύματι
1271 2576 1347 2647 τῷ
1372 2578 1496 2639 τοὺς
1530 2578 1705 2647 ἱεροὺς

128 2670 302 2721 αὑτοῦ
359 2671 599 2733 πιέζοντι
656 2669 928 2737 μώλωπας
979 2669 1240 2738 ἡδόμενον
1305 2668 1524 2738 μᾶλλον,
1574 2669 1605 2738 ἢ
1658 2668 1707 2720 οἱ

126 2762 230 2823 τὰς
281 2760 531 2828 μαλακὰς
558 2760 794 2828 ἐσθῆτας
825 2761 1165 2829 ἐνδεδυμένοι
1193 2776 1208 2794 ⁸
1238 2763 1269 2830 ἡ
1307 2762 1414 2827 γὰρ
1448 2760 1545 2827 τῆς
1575 2761 1707 2814 αἰω-

126 2850 248 2902 νίου
284 2850 686 2919 μακαριότητος
712 2848 887 2911 ἐλπὶς,
920 2848 1136 2901 ἅπαντα
1170 2852 1333 2900 πόνον
1360 2850 1488 2917 ῥᾷον
1521 2848 1707 2916 φέρειν

126 2945 299 2997 αὑτὸν
340 2942 646 2996 ἀνέπειθεν.
695 2941 975 3012 Ἐλεήμων
1007 2938 1095 3011 ἦν,
1130 2941 1446 3011 συμπαθὴς,
1485 2940 1703 3008 φιλόξε-

123 3054 242 3100 νος,
270 3038 451 3105 ἤπιος,
484 3036 707 3105 ἥσυχος,
748 3035 1071 3103 εὐπρόσιτος
1115 3035 1274 3097 πᾶσι,
1303 3032 1704 3095 διδασκαλικὸς,

117 3128 293 3194 λόγον
354 3125 493 3195 ἔχων
542 3129 723 3196 πολλῷ
754 3127 916 3178 πλέον
968 3123 1109 3175 οἴνου
1148 3122 1245 3184 τὰς
1284 3121 1391 3175 τῶν
1425 3121 1707 3191 ἀκροατῶν

121 3219 504 3289 εὐφραίνοντα
539 3218 786 3287 καρδίας.
842 3215 1005 3269 Ὀθεν
1071 3211 1315 3284 ποταμοῦ
1374 3211 1553 3281 δίκην,
1611 3210 1703 3264 τοῦ

121 3311 265 3363 λαοῦ
310 3310 504 3372 παντὸς
537 3311 612 3373 ὼς
666 3309 834 3361 αὑτὸν
866 3308 1102 3377 ῥέοντος,
1168 3306 1264 3359 καὶ
1315 3304 1468 3357 πόλιν
1517 3303 1704 3374 ὥσπερ

120 3406 190 3473 τῇ
234 3400 533 3472 πολυοχλίῃ
569 3402 665 3471 τὴν
706 3400 915 3469 ἔρημον
959 3396 1389 3466 ὲπιδεξαμένων,
1445 3394 1704 3464 ἑωρακὼς

120 3496 332 3547 ἑαυτὸν
356 3497 383 3547 ὁ
425 3494 697 3562 μακάριος
724 3495 789 3544 ὲκ
815 3491 906 3542 τοῦ
944 3488 1192 3542 ἐντεῦθεν
1222 3484 1509 3553 γινομένου
1544 3484 1703 3553 θορύ-

119 3586 248 3648 ϐου,
305 3584 404 3652 τῆς
454 3583 614 3651 φίλης
662 3582 1012 3649 ἀπαγόμενον
1047 3578 1297 3647 ἡσυχίας,
1327 3576 1499 3638 ἄλλως
1532 3593 1590 3628 τε
1648 3574 1702 3628 δὲ

123 3678 224 3728 καὶ
282 3677 384 3745 τὴν
424 3677 482 3742 ἐξ
547 3676 848 3746 ἀνθρώπων
890 3675 1047 3742 δόξαν
1076 3674 1300 3743 φεύγειν
1356 3669 1704 3730 ἐσπουδακὼς

121 3770 275 3839 (ᾔδει
312 3768 420 3838 γὰρ
439 3770 520 3822 ὅτι
546 3770 757 3837 χαλεπὴ
793 3769 932 3837 αὕτη
966 3767 1193 3835 συγχέαι
1246 3765 1449 3833 κόσμον
1505 3761 1704 3831 ψυχῆς)

125 3862 479 3927 ἐπισκήπτει
530 3860 629 3928 μὲν
689 3859 821 3930 περὶ
866 3858 1085 3911 πάντων
1106 3860 1216 3920 τοῖς
1263 3854 1563 3924 φοιτηταῖς,
1606 3854 1705 3906 ὅσα

120 3951 190 4019 δὴ
245 3949 590 4002 καταστάσει
623 3951 891 4019 προσήκει
922 3946 1212 4016 μοναχικῇ,
1269 3942 1461 4013 καιρόν
1487 3960 1547 3995 τε
1577 3958 1703 4010 τρο·-

116 4044 233 4112 φῆς
285 4042 564 4109 διατάξας,
602 4042 775 4113 ὅσπερ
832 4041 950 4093 ἐστὶ⁵
1008 4037 1283 4108 ληγούσης
1333 4036 1565 4106 ἡμέρας
1609 4035 1703 4087 καὶ

111 4136 179 4186 τὸ
227 4134 313 4204 μὴ
348 4135 483 4200 πρὸς
542 4133 707 4203 κόρον
739 4131 964 4196 ἐσθίειν,
1033 4131 1167 4183 ἀλλὰ
1198 4126 1466 4196 ζητούσης
1497 4126 1574 4177 ἔτι
1604 4141 1704 4192 γαο

115 4228 295 4296 στρὸς
330 4224 625 4287 παύεσθαι,
660 4221 799 4276 εἶναι
848 4223 904 4275 δὲ
934 4225 1030 4292 τὴν
1061 4219 1290 4292 τροφὴν,
1319 4221 1482 4288 ἄρτον
1522 4218 1700 4288 μόνον,

112 4324 218 4374 καὶ
273 4320 407 4381 τοὺς
452 4318 583 4381 ἅλας
635 4317 944 4388 ἡδύσματος
978 4316 1159 4387 χώραν
1208 4312 1696 4383 ἁποπληροῦντας·

112 4415 179 4465 τὸ
211 4412 274 4464 δὲ
308 4415 473 4464 ποτὸν
503 4412 669 4481 ὕδωρ,
702 4411 797 4464 καὶ
841 4410 974 4464 αὐτὸ
1020 4410 1204 4478 μέτρῳ
1242 4408 1337 4459 καὶ
1363 4406 1536 4473 φειδοῖ
1560 4406 1702 4473 λαμ-

116 4507 459 4575 ϐανόμενον.
494 4500 626 4557 Εἶτα
666 4504 758 4556 καὶ
787 4504 913 4571 περὶ
973 4500 1289 4570 ψαλμῳδίας
1348 4499 1441 4550 καὶ
1473 4514 1703 4567 προσευ-

112 4600 225 4669 χῆς
250 4596 641 4667 ἐντειλάμενος
692 4595 956 4664 ἡμερινῆς
994 4591 1109 4662 ἅμα
1155 4592 1249 4643 καὶ
1294 4591 1390 4658 τῆς
1444 4592 1503 4641 ἐν
1549 4588 1703 4641 νυκτὶ

113 4691 437 4761 γινομένης
460 4706 473 4719 ο
509 4682 688 4759 μισεῖν
719 4705 781 4740 τε
810 4686 1007 4757 ἀργίαν
1034 4684 1108 4748 ὡς
1131 4681 1341 4736 πολλῶν
1373 4680 1554 4735 αἰτίαν
1605 4695 1705 4732 κα-

113 4784 259 4835 κῶν·
301 4782 469 4849 ἔργον
517 4781 573 4832 δὲ
602 4783 720 4843 ταῖς
757 4780 914 4848 χερσὶ
944 4778 1163 4840 διδόναι,
1192 4778 1299 4838 τοῖς
1354 4776 1517 4843 ἱεροῖς
1568 4772 1702 4842 ψαλσ

111 4878 247 4947 μοῖς
293 4872 693 4942 κατᾳδόμενον,
721 4873 768 4922 ει
804 4873 858 4924 δέ
882 4889 962 4933 τις
997 4870 1253 4939 λογισμὸς
1285 4868 1482 4936 φαῦλος
1510 4861 1620 4920 οἷόν
1650 4883 1701 4919 τι

109 4970 380 5034 ζιζάνιον
420 4966 571 5036 παρὰ
596 4965 690 5018 τοῦ
724 4964 899 5017 κοινοῦ
946 4964 1161 5017 πάντων
1192 4960 1385 5031 ἐχθροῦ
1419 4962 1473 5011 ὲν
1504 4961 1571 5029 τῇ
1604 4959 1698 5027 τῆς

109 5060 370 5129 καρδίας
400 5059 649 5124 ὲνσπαρῇ
679 5058 773 5125 γῇ,
811 5054 1034 5123 νηστεία
1066 5051 1221 5104 τοῦτο
1254 5050 1349 5103 καὶ
1396 5048 1703 5121 προσευχῆς

109 5152 215 5202 ἐπὶ
288 5148 460 5217 μόνον
493 5146 635 5213 ξίφει
680 5144 883 5215 ταύτης
919 5145 1237 5213 ἐκτέμνειν·
1281 5142 1367 5193 ἴνα
1420 5140 1495 5210 μὴ
1523 5138 1704 5208 χώραν

110 5241 289 5314 σχοίη
328 5240 423 5289 τόν
454 5238 651 5307 πικρὸν
693 5236 793 5304 τῆς
836 5235 1170 5304 ἡδυπαθείας
1219 5233 1537 5300 γεωργῆσαι
1568 5246 1701 5297 κοιρ-

107 5338 245 5399 πόν,
290 5324 402 5384 ὧδε
452 5330 559 5398 γὰρ
604 5329 669 5381 ἂν
706 5329 904 5398 μᾶλλον
953 5328 1183 5396 ἁρμόσει
1212 5326 1269 5377 τὸ
1309 5325 1399 5376 τοῦ
1431 5322 1699 5393 Χριστοῦ·

106 5430 199 5481 ὅτι
242 5421 427 5478 Τουτὶ
442 5423 501 5473 τὸ
526 5422 677 5490 γένος
704 5422 853 5474 οὐδὲν
887 5422 1073 5489 ἕτερον
1104 5421 1135 5489 ἢ
1159 5417 1379 5489 νηστεία
1399 5417 1589 5482 ἐξώσει
1612 5417 1705 5469 καὶ

106 5517 445 5587 προσευχὴ.
484 5514 625 5583 Πρὸς
648 5513 860 5577 τούτοις
892 5514 1157 5573 ἐδίδασκε,
1197 5513 1272 5581 μὴ
1303 5512 1410 5563 δεῖν
1434 5510 1531 5570 τὰς
1570 5526 1701 5576 προ-

105 5612 285 5671 όδους
323 5610 571 5679 συνεχεῖς
605 5606 902 5672 ποιεῖσθαι,
943 5604 1145 5676 ἡσυχίᾳ
1180 5605 1234 5656 δὲ
1290 5604 1501 5672 χαίρειν
1529 5600 1602 5663 ὡς
1638 5604 1703 5654 τὰ

105 5699 317 5757 πολλὰ
359 5702 532 5769 μητρὶ
551 5700 658 5752 τῶν
681 5698 895 5766 ἀρετῶν
936 5697 1094 5768 οὔσῃ,
1137 5700 1228 5749 καὶ
1256 5694 1550 5763 ὀφθαλμῶν
1603 5695 1704 5760 ψυ-

108 5799 225 5868 χῆς
300 5790 490 5861 λήμην
543 5790 860 5862 ἐπιτηδείως
915 5788 1194 5861 καθαίρειν
1254 5788 1474 5860 ἐχούσῃ.
1572 5788 1703 5839 Οὐδὲ

1806 1942 1930 1995 dum
1966 1941 2170 2005 videre,
2215 1942 2364 1994 illum
2390 1953 2598 1996 tantum
2636 1958 2840 2011 ponere
2866 1946 3106 1999 studium
3126 1946 3190 1999 ad
3212 1947 3376 2000 vitam

1804 2047 1867 2085 ex
1899 2032 2117 2086 Christo
2143 2034 2427 2102 agendam,
2461 2044 2513 2087 et
2542 2034 2765 2089 delicias
2807 2036 3025 2105 quidem
3072 2036 3383 2093 existimare

1805 2124 2197 2177 continentiam
2256 2143 2269 2177 :
2333 2126 2552 2179 divitias
2606 2137 2809 2189 autem,
2865 2129 3001 2181 nihil
3050 2129 3376 2198 possidere:

1808 2215 1957 2270 humi
1986 2232 2113 2271 vero
2148 2218 2494 2273 cubationem
2529 2228 2583 2273 et
2638 2218 2693 2272 in
2744 2220 3065 2276 Pszlmodiis
3092 2232 3380 2292 pernocta~

1811 2307 2013 2361 tionem
2046 2307 2181 2363 adeo
2204 2308 2448 2379 diligere,
2477 2319 2537 2363 ut
2568 2310 2742 2365 nihilo
2770 2310 2964 2367 melius
2994 2314 3075 2384 agi
3107 2314 3382 2371 existima-

1813 2406 1894 2451 ret
1919 2412 2041 2450 cum
2069 2396 2151 2460 iis,
2182 2398 2272 2465 qui
2303 2399 2426 2452 vitae
2459 2409 2584 2454 sunt
2622 2399 2825 2467 cupidi,
2856 2400 2901 2454 si
2927 2409 3035 2454 tota
3066 2410 3224 2456 nocte
3250 2402 3380 2457 dor-

1809 2488 1981 2539 miant
2016 2487 2069 2538 in
2102 2488 2358 2542 mollibus
2394 2488 2648 2558 stragulis
2670 2503 2833 2556 super
2873 2489 3040 2543 lectos
3068 2490 3337 2546 eburneos
3364 2510 3379 2546 :

1809 2577 2092 2646 cilicioque
2125 2590 2309 2633 sacros
2358 2578 2476 2647 ejus
2517 2589 2799 2648 premente
2828 2580 3052 2643 vibices,
3088 2582 3259 2653 magis
3288 2582 3383 2638 de-

1808 2669 2016 2735 lectari,
2051 2686 2212 2739 quam
2251 2671 2310 2737 ii,
2339 2670 2428 2742 qui
2461 2680 2589 2725 sunt
2619 2670 2873 2727 mollibus
2905 2672 3078 2728 induti
3108 2676 3378 2730 vestibus.

1812 2759 1948 2830 Spes
1977 2762 2124 2815 enim
2170 2770 2390 2816 aeternae
2421 2760 2777 2816 beatitudinis
2806 2762 2856 2816 ei
2898 2762 3053 2818 facile
3086 2765 3383 2834 persuade—

1810 2851 1900 2904 bat
1955 2867 2171 2906 omnem
2218 2852 2359 2906 ferre
2408 2853 2669 2908 laborem.
2702 2852 2828 2908 Erat
2863 2854 3124 2921 clemens,
3156 2857 3386 2912 misert-

1810 2957 1949 3008 cors,
1988 2942 2293 3011 hospitalis,
2328 2950 2664 3008 mansuetus,
2708 2943 2945 3013 quietus,
2978 2944 3045 2999 ad
3076 2959 3236 3015 quem
3264 2961 3355 3001 om

1811 3035 1971 3091 nibus
2021 3034 2196 3091 facilis
2255 3035 2472 3105 patebat
2518 3035 2725 3099 aditus,
2796 3035 3380 3105 habens.sermonem,

1811 3125 1898 3193 qui
1923 3127 2093 3193 magis
2122 3126 2425 3181 laetiﬁcabat
2450 3128 2613 3181 corda
2633 3128 2961 3195 auditorum,
2987 3144 3146 3198 quam
3171 3131 3379 3187 vinum.

1734 3198 1775 3255 ο
1810 3213 2169 3279 Quamobrem
2220 3217 2387 3271 inStar
2443 3217 2590 3271 ﬂuvii
2637 3219 2891 3272 universo
2943 3219 3010 3273 ad
3041 3234 3164 3273 cum
3247 3236 3380 3275 con-

1812 3304 2011 3362 ﬂuente
2046 3308 2265 3378 populo,
2293 3318 2347 3362 et
2382 3310 2551 3363 turbae
2595 3308 2945 3364 multitudine
2978 3312 3380 3380 quodammodo

1812 3401 2085 3457 civitatem
2118 3402 2386 3457 ellicicnte
2430 3402 2802 3467 solitudinem,
2837 3420 2960 3460 cum
2996 3405 3221 3461 vidisset
3249 3406 3378 3460 bea-

1814 3503 1899 3546 tus
1938 3508 1996 3547 se
2040 3510 2106 3548 cx
2157 3509 2221 3547 eo
2265 3495 2355 3562 qui
2398 3493 2525 3549 hinc
2570 3495 2868 3558 oriebatur,
2908 3497 3162 3565 tumultu,
3206 3512 3237 3551 a
3280 3498 3380 3552 sibi

1811 3590 1960 3651 grata
2005 3582 2198 3636 abduci
2248 3583 2564 3647 solitudine,
2596 3594 2650 3638 et
2700 3587 2932 3639 maxime
2963 3602 3084 3641 eum
3138 3586 3382 3642 studeret

1815 3672 1999 3743 fugere
2043 3672 2263 3743 gloriam
2304 3673 2587 3727 hominum
2633 3671 2872 3740 (sciebat
2902 3673 3047 3727 enim
3097 3688 3214 3727 eam
3268 3690 3381 3728 ma-

1813 3780 1970 3834 gnam
2005 3764 2113 3817 vim
2149 3764 2351 3819 habere
2383 3764 2449 3817 ad
2499 3764 2941 3819 confundendum
2991 3764 3185 3818 anima:
3216 3780 3380 3819 orna-

1816 3855 1977 3925 tum),
2020 3856 2087 3911 de
2109 3856 2363 3911 omnibus
2394 3857 2634 3926 quidem,
2667 3856 2781 3911 suis
2827 3858 3046 3912 mandat
3082 3859 3379 3928 discipulis.

1814 3963 1874 4000 ea
1906 3963 2027 4017 quae
2080 3950 2242 4002 statui
2280 3950 2583 4003 monastico
2629 3949 2981 4014 conveniunt,
3030 3958 3241 4018 tempus
3273 3952 3380 4004 cibi

1811 4039 2061 4095 sumendi
2094 4048 2362 4106 statuens,
2398 4041 2539 4109 quod
2570 4041 2786 4110 quidem
2821 4049 2904 4095 est
2947 4039 3034 4096 die
3065 4041 3380 4097 desinente:

1809 4141 1865 4185 et
1904 4147 2010 4185 non
2042 4134 2183 4186 vesci
2216 4132 2281 4185 ad
2315 4133 2639 4196 satietatem,
2675 4134 2768 4189 sed
2817 4145 3003 4189 ventre
3050 4138 3225 4191 adhuc
3280 4153 3374 4205 po-

1812 4225 2045 4279 stulante
2075 4238 2288 4278 cessare
2315 4242 2328 4277 :
2362 4239 2481 4277 esse
2509 4235 2687 4279 autem
2722 4225 3033 4279 alimentum
3068 4242 3259 4294 panem
3288 4244 3375 4281 so-

1814 4317 1923 4370 lum
1954 4326 2008 4372 et
2040 4316 2228 4380 salem,
2258 4316 2347 4386 qui
2392 4316 2610 4387 impleat
2636 4316 2813 4372 locum
2858 4318 3190 4373 condimenti
3223 4336 3238 4374 :
3274 4336 3370 4389 po-

1814 4417 1925 4461 tum
1954 4419 2132 4462 autem
2162 4425 2377 4477 aquam,
2395 4424 2513 4477 quae
2538 4410 2650 4477 ipsa
2677 4424 2891 4477 quoque
2917 4412 3124 4466 modice
3142 4422 3193 4466 et
3213 4430 3373 4481 parce

1815 4509 2081 4553 sumatur.
2109 4499 2312 4553 Deinde
2348 4515 2471 4554 cum
2519 4500 2585 4553 de
2646 4498 2943 4567 psalmodia
2979 4501 3285 4557 mandasset
3319 4515 3371 4558 et

1814 4590 2082 4655 oratione,
2113 4599 2219 4646 tam
2251 4591 2466 4656 diurna,
2497 4606 2658 4661 quam
2684 4606 2802 4661 qua:
2826 4601 2985 4647 noctu
3016 4594 3189 4654 ﬁeret.
3222 4594 3377 4663 jubet

1813 4698 1906 4739 eos
1931 4682 2055 4738 odio
2091 4684 2291 4738 habere
2333 4684 2526 4747 otium,
2563 4692 2623 4736 ut
2656 4699 2875 4737 causam
2921 4684 3212 4737 multorum
3255 4700 3375 4738 ma-

1806 4775 1980 4829 lorum
2010 4794 2023 4830 :
2057 4789 2195 4844 Opus
2244 4783 2425 4829 autem
2458 4775 2668 4831 tradere
2713 4775 2984 4841 manibus,
3012 4776 3152 4844 quod
3201 4778 3370 4831 sacris

1807 4864 2035 4919 Psalmis
2067 4865 2344 4936 irrigetur.
2401 4867 2457 4920 Si
2488 4881 2594 4936 qua
2636 4881 2766 4920 vero
2796 4866 2933 4919 mala
2963 4866 3236 4937 cogitatio,
3280 4882 3371 4920 ve-

1809 4957 2198 5027 luti'quaedam
2255 4957 2485 5021 zizania,
2522 4973 2550 5010 a
2602 4957 2878 5012 communi
2927 4958 3081 5011 hoste
3129 4959 3369 5010 omnium

1810 5061 1924 5106 sata
1968 5052 2135 5106 fuerit
2163 5053 2217 5105 in
2252 5060 2393 5105 terra
2428 5052 2629 5112 cordis.
2665 5052 2869 5121 jejunio
2908 5061 2961 5104 et
2994 5051 3221 5105 assidua:
3252 5066 3375 5104 ora-

1808 5145 1970 5199 tionis
1999 5159 2128 5199 ense
2154 5159 2272 5197 eam
2307 5145 2646 5208 exscindere,
2696 5160 2763 5198 ue
2814 5143 2990 5197 locum
3044 5157 3277 5212 occupet
3304 5145 3369 5197 ad

1809 5237 2211 5306 producentlum
2270 5238 2523 5292 acerbum
2599 5238 2834 5291 fructum
2898 5236 3212 5303 voluptatis.
3280 5235 3373 5289 Sic

1810 5332 1953 5384 enim
1987 5329 2265 5397 impletum
2301 5330 2365 5382 iri
2397 5329 2525 5383 illud
2554 5328 2757 5383 Christi
2790 5344 2801 5380 :
2834 5329 2944 5381 Hoc
2972 5342 3145 5397 genus
3170 5327 3370 5381 danun-

1810 5423 2026 5477 niorum
2054 5422 2185 5474 nihil
2233 5422 2378 5476 aliud
2401 5422 2656 5489 expellet,
2687 5437 2847 5489 quam
2877 5421 3141 5490 jejunium
3173 5428 3227 5474 et
3248 5435 3377 5472 ora-

1811 5515 1904 5567 tio.
1944 5512 2145 5567 Praztcr
2180 5529 2240 5566 ca
2273 5522 2452 5566 autem
2480 5512 2709 5566 docebat
2735 5528 2841 5566 non
2873 5520 3125 5580 oportere
3154 5510 3372 5565 assidue

1809 5604 2104 5672 procedere
2145 5621 2157 5657 :
2188 5602 2404 5657 silentio
2437 5618 2566 5657 vero
2597 5612 2651 5656 et
2677 5605 2858 5672 quiete
2900 5601 3132 5672 gaudere
3159 5611 3216 5654 ut
3251 5602 3374 5669 plu-

1810 5697 2025 5759 rimum,
2058 5710 2176 5769 qtue
2201 5704 2283 5749 est
2318 5705 2489 5750 mater
2522 5696 2810 5759 virtutum,
2848 5706 2899 5749 et
2933 5702 3055 5763 apte
3075 5707 3373 5762 expurgare

1812 5791 2003 5845 lcmam
2053 5788 2330 5843 oculorum
2365 5788 2577 5842 animae.
2630 5787 2811 5856 Neque
2864 5801 2991 5841 vero
3036 5785 3379 5854 prwtermrsit
