4154 6318
768 381 869 447 9η

1979 363 2257 426 MENSIS
2297 360 2766 425 SEPTEMBER.

3912 353 4008 414 912

767 488 1114 562 benignitatis
1149 485 1328 541 facere
1366 481 1696 537 mentionem
1730 494 1742 531 :
1779 475 1870 532 sed
1905 476 1971 531 de
2004 475 2090 529 illa
2128 490 2158 529 e
2202 489 2336 544 quo-

2448 474 2568 537 τοὺς
2602 472 2731 543 περὶ
2789 467 3221 538 φιλανθρωπίαν,
3253 465 3442 532 λόγους
3489 463 3710 533 ἀφῆκεν
3770 463 4010 532 ἀμνημο-

767 600 871 656 qne
919 581 1098 639 studio
1134 578 1236 632 fuit
1272 576 1452 630 dicere
1502 587 1622 641 qu:e
1657 569 2078 625 conveniebant.
2111 567 2334 621 Dicebat

766 679 934 742 enim,
963 672 1259 735 neminem,
1289 668 1332 723 si
1368 667 1480 720 ﬁeri
1515 675 1717 736 posset,
1750 672 2001 730 oportere
2021 659 2202 714 vacuis
2219 673 2334 712 ma-

768 772 932 826 nibus
961 765 1238 821 dimittere
1279 776 1344 815 ex
1380 760 1466 824 iis,
1496 757 1582 827 qui
1614 756 1876 810 accedunt
1915 754 1983 808 ad
2010 755 2230 817 ostium,
2263 765 2333 805 ne

769 864 905 916 forte
944 859 1222 915 Christum
1276 854 1570 909 inscientes
1620 849 1941 920 despiciant,
1968 846 2060 916 qui
2107 844 2334 914 suscipit

769 971 1055 1030 personam
1089 966 1408 1023 pauperum.

836 1049 971 1102 Cum
1001 1047 1078 1101 sic
1105 1044 1348 1108 dixisset,
1378 1049 1431 1095 et
1449 1039 1698 1110 elegisset
1735 1050 1900 1090 unum
1944 1049 2005 1088 ex
2037 1030 2330 1101 discipulis,

769 1139 861 1206 qui
906 1149 962 1192 ct
996 1137 1101 1190 vita
1138 1133 1426 1204 prmstabat
1461 1131 1602 1192 aliis,
1641 1137 1695 1182 et
1732 1136 1894 1196 aptus
1937 1133 2072 1185 erat,
2115 1131 2172 1176 ut
2215 1120 2334 1188 ejus

769 1228 892 1283 tidci
926 1228 1151 1282 fratrum
1171 1223 1484 1278 crederetur
1517 1217 1858 1290 praefectura,
1893 1214 1940 1268 ei
1970 1229 2036 1268 ex
2064 1210 2334 1267 sententia

771 1321 997 1377 aliorum
1047 1318 1210 1372 etiam
1242 1313 1635 1382 discipulorum
1676 1306 1968 1362 committit
2011 1305 2331 1358 rectionem.

770 1412 889 1482 Ipse
932 1419 1110 1464 autem
1163 1404 1438 1475 egreditur
1477 1415 1507 1455 e
1548 1399 1740 1460 Laura,
1775 1397 1970 1450 multas
2010 1394 2226 1463 quidem
2260 1392 2337 1446 la-

769 1518 982 1575 crymas
1011 1517 1072 1555 ex
1105 1499 1277 1554 oculis
1315 1493 1686 1551 emittentibus
1715 1488 2020 1553 monachis,
2045 1495 2097 1540 et
2128 1494 2184 1540 ut
2221 1486 2335 1554 ipse

771 1603 1013 1650 maneret
1053 1590 1384 1663 rogantibus,
1421 1587 1538 1656 ipso
1585 1592 1766 1638 autem
1814 1580 1945 1635 nulli
1993 1579 2243 1638 cedente,
2279 1583 2336 1629 ut

770 1689 859 1759 qui
892 1686 1161 1756 aspiceret
1192 1680 1258 1736 ad
1291 1680 1342 1734 id
1371 1678 1567 1741 solum,
1600 1674 1745 1744 quod
1785 1681 1869 1727 est
1902 1670 2051 1724 utile.
2076 1666 2130 1723 Si
2167 1668 2334 1731 enim,

771 1757 965 1850 inquit,
994 1792 1027 1831 o
1059 1775 1173 1839 lilii,
1203 1772 1328 1825 hinc
1348 1763 1907 1839 migravero,nemine
1934 1762 2040 1815 huc
2070 1757 2338 1812 ventitan-

770 1885 846 1936 te.
904 1881 958 1926 et
1009 1867 1246 1939 quietem
1293 1859 1672 1923 conturbante,
1725 1855 1863 1910 bene
1913 1853 2017 1906 erit
2069 1851 2329 1919 utrisque.

773 1962 1002 2020 Facilius
1035 1958 1178 2013 enim
1233 1962 1286 2010 et
1320 1968 1421 2023 ego
1461 1958 1639 2004 vester
1685 1956 1836 2016 pater
1870 1943 2084 2012 spiritu,
2117 1950 2171 1996 et
2212 1955 2330 2005 vos,

770 2071 907 2128 quos
958 2055 1011 2106 in
1055 2049 1273 2106 Christo
1317 2044 1475 2117 genui
1525 2057 1620 2113 per
1671 2039 2041 2110 Evangelium,
2073 2037 2238 2091 veluti
2281 2037 2334 2090 in

770 2145 1097 2222 quibusdam
1147 2138 1443 2194 alvearinm
1488 2134 1640 2190 cellis
1684 2132 1970 2201 tranquille
2007 2130 2335 2191 habitantes.

706 2285 710 2289 .
771 2245 943 2296 instar
970 2252 1130 2309 apum
1163 2232 1268 2288 me]
1311 2229 1527 2286 virtutis
1570 2227 1949 2298 producetnus.
1983 2224 2117 2276 Cum
2149 2236 2337 2275 omnes

770 2348 899 2403 ergo
925 2338 1113 2385 sancto
1146 2323 1495 2397 impertiisset
1543 2318 1749 2383 osculo,
1784 2313 2256 2381 benedixissetque
2286 2319 2341 2366 et

770 2425 990 2480 Christo
1034 2417 1493 2479 commendasset,
1529 2413 1629 2467 iter
1659 2421 1736 2464 est
1777 2411 2073 2479 ingressus.
2103 2405 2168 2459 Et
2214 2419 2337 2458 cum

775 2515 1071 2588 peregisset
1105 2511 1209 2565 iter
1239 2507 1399 2562 unius
1424 2503 1553 2567 diei,
1580 2501 1787 2556 accedit
1820 2499 1885 2552 ad
1929 2499 2085 2550 aliam
2122 2495 2339 2564 spelun-

772 2583 1067 2674 cam,‘qu:e
1107 2602 1206 2655 sita
1236 2595 1450 2668 quidem
1487 2598 1605 2648 erat
1632 2589 1696 2644 ad
1745 2595 1928 2659 partes
1974 2583 2341 2640 Hierichunti-

772 2715 872 2755 nas
906 2715 921 2751 :
955 2706 1072 2750 erat
1109 2701 1290 2746 autem
1328 2689 1563 2749 deserta,
1593 2692 1646 2738 et
1693 2690 1810 2736 erat
1858 2679 2136 2749 aptissima
2168 2677 2232 2730 ad
2268 2675 2341 2729 si-

773 2791 998 2847 lentium
1033 2780 1380 2856 praebendum
1410 2784 1464 2831 et
1483 2776 1740 2845 quietem.
1763 2771 1898 2825 Cum
1923 2770 2139 2838 longum
2160 2778 2339 2822 autem

774 2890 989 2946 tempus
1036 2873 1145 2927 illic
1181 2879 1323 2924 esset
1361 2872 1626 2924 versatus,
1662 2869 1715 2915 et
1756 2873 1873 2929 qua:
1914 2873 1970 2913 se
2017 2857 2336 2919 oﬂ'erebant,

776 2967 960 3024 herbis
1005 2969 1251 3018 uteretur
1279 2957 1344 3012 ad
1378 2955 1717 3016 alimentum,
1752 2949 1864 3005 Deo
1897 2949 2016 3016 soli,
2052 2957 2109 3003 ut
2147 2959 2262 3003 erat
2289 2947 2338 3002 ei

775 3071 1009 3135 gratum,
1049 3055 1266 3111 vivebat
1311 3058 1594 3121 perpetuo.
1627 3046 1718 3100 Sic
1760 3055 1940 3100 autem
1983 3057 2106 3096 cum
2153 3055 2339 3094 rursus

2438 567 2680 629 νεύτους·
2735 563 2870 617 ἀλλὰ
2915 563 3007 615 καὶ
3061 561 3185 630 περὶ
3227 558 3396 625 αὐτῆς
3433 556 3698 621 ἐπιμελὲς
3752 555 3940 624 ἔσχεν,
3986 556 4011 609 ἃ

2438 659 2712 728 προσῆκεν
2753 654 2953 706 εἰπεῖν.
2994 650 3143 720 Ἔφη
3171 649 3300 719 γὰρ,
3331 649 3378 699 εἰ
3401 647 3634 698 δυνατὸν
3672 647 3889 716 μηδένα
3913 651 4009 699 τῶν

2435 751 2500 818 τῇ
2530 747 2670 819 θύρᾳ
2699 745 3034 817 προσιόντων
3068 743 3253 803 κεναῖς
3285 739 3648 813 ἀποπέμπειν
3686 742 3878 807 χερσὶ,
3916 742 4010 808 μή·

2436 858 2565 894 ποτε
2598 843 2689 891 καὶ
2721 839 2937 892 λάθοιτε
2964 833 3199 904 Χριστδν
3251 832 3594 902 παριδόντες,
3629 833 3757 894 ἑνὸς
3784 831 3898 885 τῶν
3935 835 4009 884 ἐν·

2434 934 2568 986 δεῶν
2594 932 2716 999 ὄψιν
2755 929 3144 999 ὑποκριθέντα.

2508 1026 2565 1077 l'.
2600 1023 2786 1085 Οὕτως
2820 1021 2991 1074 εἰπὼν
3027 1023 3121 1073 καὶ
3152 1021 3245 1074 ἕνα
3276 1019 3384 1072 τῶν
3415 1019 3679 1089 μαθητῶν
3711 1017 4009 1086 ἐκλεξάμε-

2441 1132 2550 1180 νος,
2584 1115 2682 1185 βίῳ
2714 1131 2771 1166 τε
2799 1113 2906 1165 τῶν
2937 1111 3110 1164 ἄλλων
3137 1111 3510 1178 διενεγκόντα,
3529 1113 3627 1162 καὶ
3672 1110 3872 1162 ίκανδν
3898 1110 4013 1159 ὅντα

2437 1208 2770 1279 προστασίαν
2803 1206 3045 1274 ἀδελφῶν
3087 1205 3463 1274 πιστευθῆναι,
3517 1204 3704 1272 τούτῳ
3753 1204 3902 1270 μετὰ
3935 1201 4014 1253 καὶ

2435 1303 2533 1370 τῆς
2562 1303 2668 1354 τῶν
2708 1300 2881 1354 ἄλλων
2908 1300 3179 1368 φοιτητῶν
3203 1297 3449 1368 γνώμης,
3483 1299 3582 1363 τὴν
3615 1298 3804 1367 ἀρχὴν
3850 1299 4015 1364 ἔγχει·

2441 1392 2603 1463 ρίζει.
2634 1392 2806 1454 Αὐτὸς
2841 1391 2896 1444 δέ
2928 1391 3027 1460 τῆς
3071 1391 3293 1458 Λαύρας
3332 1390 3503 1460 ἐξῄει,
3553 1390 3740 1442 πολλὰ
3785 1389 3888 1456 μὲν
3940 1389 4015 1439 Ei-

2437 1501 2581 1554 κρυα
2633 1484 2740 1534 τῶν
2795 1481 3090 1550 ὀφθαλμῶν
3144 1483 3408 1548 ἀφιέντων
3445 1483 3551 1533 τῶν
3596 1481 3892 1549 μοναχῶν,
3937 1481 4020 1531 καὶ

2441 1576 2622 1646 μένειν
2656 1574 2819 1627 αὑτὸν
2867 1573 3162 1637 ἁξούντων,
3200 1571 3365 1624 αὑτοῦ
3415 1572 3471 1623 δὲ
3511 1574 3766 1633 εἴκοντος
3804 1573 4016 1624 οὐδενί·

3829 1665 3893 1715 Et
3926 1667 4018 1733 γὰρ

3801 1754 4019 1821 μηδενὸς

2438 1669 2530 1720 ἅτε
2584 1666 2720 1736 πρὸς
2789 1667 2948 1734 μόνον
3001 1668 3064 1716 τὸ
3119 1663 3392 1724 λυσιτελὲς
3445 1663 3773 1732 βλέποντος.

2443 1756 2674 1817 ἐνθένδε,
2705 1757 2893 1825 φησιν,
2947 1748 2992 1807 ὦ
3044 1756 3232 1814 τέκνα,
3267 1752 3720 1821 μεταναστεύσω.

2437 1848 2670 1900 ἐνταῦθα
2703 1849 2991 1916 φοιτῶντος
3021 1848 3112 1898 καὶ
3128 1851 3223 1914 τὴν
3254 1847 3490 1914 ἡσυχίαν
3522 1846 4018 1914 ἐπιταράττοντος,

2438 1939 2763 2008 ἀμφοτέροις
2796 1939 2905 2003 ἕξει
2944 1937 3124 2001 καλῶς
3156 1953 3169 1966 ”
3203 1939 3333 2009 ῥᾷον
3368 1941 3472 2007 γὰρ
3509 1940 3624 2004 ἐγώ
3654 1957 3717 1991 τε
3756 1943 3786 1992 ὀ
3831 1941 4019 2008 ὑμέτε-

2441 2047 2534 2099 ρος
2563 2030 2707 2081 κατὰ
2764 2029 2980 2097 πνεῦμα
3018 2030 3222 2096 πατὴρ,
3261 2033 3351 2082 καὶ
3386 2031 3544 2098 ὑμεῖς
3577 2029 3672 2090 οὓς
3703 2032 3766 2080 ἐν
3803 2031 4018 2099 Χοστῷ

2437 2121 2526 2174 διὰ
2572 2119 3020 2186 τοῦίίὑαγγελίου
3076 2122 3360 2190 ἐγέννησα,
3417 2116 3529 2173 οἷον
3586 2137 3704 2174 τισι
3752 2121 4020 2190 σιμελοις,

2440 2214 2563 2271 ταῖς
2637 2211 2859 2268 κέλ).αις
2916 2211 3190 2278 γαληνίως
3247 2211 3680 2278 ἐναυλιζόμενοι,
3762 2212 4024 2281 μελιττῶν

2439 2302 2593 2371 δίκην
2627 2304 2685 2355 τὸ
2716 2305 2811 2372 τῆς
2845 2305 3044 2372 ἀρετῆς
3089 2303 3207 2370 μέλι
3236 2304 3777 2371 καρποφορήσομεν.
3818 2305 4021 2356 ’Δπαι-

2438 2413 2534 2459 τας
2563 2395 2655 2448 οὖν
2697 2399 2752 2449 ἐν
2785 2395 3044 2464 φιλήματι
3073 2395 3370 2462 περιελθὼν
3401 2397 3572 2463 ἁγίῳ,
3610 2397 3932 2462 εὐλογήσας
3965 2413 4015 2448 τι

2442 2489 2532 2541 καὶ
2564 2489 2638 2555 τῷ
2672 2489 2890 2560 Χριστῷ
2944 2489 3341 2559 παραθέμενος,
3376 2489 3493 2540 ὁδοῦ
3526 2491 3731 2557 εἴχετο,
3773 2498 3875 2542 καί
3904 2493 4021 2556 μιᾶς

2440 2581 2692 2644 διανύσας
2723 2582 2931 2650 ἡμέρας
2961 2581 3099 2645 ὁδὸν,
3154 2581 3322 2649 ἑτέρῳ
3355 2580 3691 2648 προσὸάλλει
3750 2580 4019 2648 σπηλαίῳ.

2441 2673 2580 2727 κατὰ
2613 2674 2706 2741 μὲν
2742 2675 2810 2725 τὰ
2839 2673 3192 2742 ’ίεριχούντια
3226 2672 3364 2741 μέρη
3430 2671 3797 2740 διακειμένῳ,
3838 2675 4020 2742 ἐρήμῳ

2441 2765 2494 2818 δὲ
2525 2765 2632 2816 ὄντι
2660 2765 2751 2816 καὶ
2784 2764 3014 2833 ἡσυχίαν
3040 2761 3114 2823 ῶς
3141 2762 3378 2832 μάλιστα
3411 2763 3676 2832 παρέχειν
3712 2763 4019 2831 ἐπιτηδεέῳ.

2441 2858 2646 2926 Χρόνον
2673 2855 2850 2909 τοίνυν
2895 2857 3073 2907 ἐκεῖσε
3101 2855 3386 2924 διατρίψας
3440 2856 3657 2924 συχνὸν,
3691 2857 3796 2907 καὶ
3862 2856 4016 2924 βοτα-

2441 2950 2547 3001 νῶν
2589 2949 2710 3009 ταῖς
2739 2946 3122 3015 ὲπιτυχούσαις
3145 2948 3220 3007 είς
3258 2946 3463 3014 τροφὴν
3516 2946 3845 3013 χρώμενος,
3907 2945 4017 3015 Θεῷ

2450 3042 2613 3110 μόνῳ,
2658 3035 2839 3098 καθὼς
2870 3035 2988 3104 Θεῷ
3050 3035 3220 3102 φίλον,
3276 3034 3382 3094 ζῶν
3412 3034 3661 3085 διετέλει.
3696 3033 3895 3106 Ταύτῃ
3954 3052 4022 3086 τοι

778 3125 919 3206 ὖευς
947 3131 1146 3217 aperit,
1180 3151 1233 3198 et
1280 3143 1456 3195 denuo
1482 3137 1826 3192 manifestum
1858 3132 2037 3188 reddit
2067 3147 2212 3199 eum,
2248 3131 2337 3201 qui

2448 3134 2532 3185 καὶ
2563 3131 2690 3192 Θεὸς
2722 3129 2880 3182 αὐτὸν
2911 3129 3151 3197 φανεροῑ,
3205 3131 3297 3177 καὶ
3327 3125 3490 3195 ⁶δῆλον
3527 3125 3620 3177 τὸν
3693 3129 4023 3198 κεκρυμμέ.

776 3252 894 3299 erat
925 3241 1240 3295 absconsus.
1286 3231 1629 3287 blattifestum
1679 3237 1858 3283 autem
1907 3225 2081 3281 reddit
2120 3241 2214 3295 per
2251 3240 2335 3289 ea,

777 3353 896 3409 quae
919 3333 1170 3393 faciebat,
1200 3326 1478 3382 miracula.
1525 3322 1692 3377 Morbi
1731 3322 1874 3375 enim
1918 3335 2015 3390 per
2048 3319 2222 3390 ipsum
2248 3333 2340 3372 ex-

776 3429 1139 3503 pellebantur,
1163 3431 1560 3492 corporumque
1588 3415 1746 3470 simul
1771 3414 1895 3468 vitia
1921 3422 1976 3468 et
2016 3412 2338 3466 animarum.

781 3501 984 3578 llarum
1017 3528 1196 3570 autem
1233 3512 1422 3580 magis,
1453 3508 1707 3576 quoniam
1742 3522 1803 3560 ea
1832 3519 1974 3573 saepe
2006 3502 2246 3572 corporis
2268 3501 2344 3554 vi-

781 3610 854 3664 tia
888 3603 1180 3660 conciliant
1240 3601 1373 3654 Cum
1427 3595 1582 3650 multi
1627 3607 1758 3665 ergo
1800 3594 1868 3647 ab
1917 3593 2032 3661 ipso
2066 3590 2338 3646 consecuti

779 3709 962 3756 essent
1005 3694 1365 3752 curationem,
1401 3696 1456 3740 et
1500 3687 1822 3740 statuissent
1847 3685 2010 3736 vitam
2045 3683 2189 3736 illius
2224 3682 2346 3735 imi-

781 3793 908 3853 tari,
953 3790 1043 3841 lnc
1071 3796 1286 3852 quoque
1313 3776 1541 3832 aediﬁcat
1590 3775 1818 3830 alterum
1852 3774 2107 3829 virtutum
2137 3771 2348 3827 habita-

782 3882 986 3945 culum,
1028 3872 1170 3945 quod
1207 3869 1451 3941 Elpidius
1493 3865 1712 3935 quidem
1747 3873 1930 3936 postea
1977 3863 2341 3933 ampliﬁcavit,

784 3974 864 4025 vir
892 3969 1179 4040 praclarus
1219 3969 1368 4014 recte
1413 3958 1570 4011 factis
1623 3958 1674 4008 in
1707 3956 2109 4009 exercitatione.
2144 3953 2344 4006 Ducem

783 4069 963 4116 autem
1000 4071 1122 4111 eum
1178 4050 1537 4121 appellabant,
1575 4047 1715 4117 quod
1764 4056 2016 4114 tanquam
2067 4044 2182 4097 Dux
2228 4044 2350 4111 qui-

785 4155 906 4209 dam
930 4162 1094 4205 sacra:
1117 4145 1193 4203 illi
1228 4146 1413 4198 Laur-a3
1444 4146 1719 4211 praesset,
1758 4147 1812 4192 et
1849 4145 2060 4190 arceret
2091 4137 2346 4204 impetus,

783 4246 877 4314 qui
923 4245 977 4295 in
1019 4254 1134 4292 eam
1178 4236 1397 4297 ﬂebant,
1445 4247 1582 4302 quos
1615 4231 1830 4300 quidem
1888 4228 2097 4283 Hebraei
2152 4226 2350 4280 infere-

787 4339 937 4398 bant,
974 4332 1064 4401 qui
1097 4330 1411 4383 habitabant
1436 4324 1648 4378 Nocron
1675 4324 1955 4390 praedium,
1989 4321 2129 4388 quod
2159 4320 2237 4373 sic
2257 4335 2349 4373 vo-

784 4430 1033 4490 cabatur,
1067 4435 1317 4494 magnum
1347 4418 1565 4473 invidia:
1603 4416 1790 4471 fastum
1821 4414 2205 4485 parturientes.

858 4519 949 4572 XI.
984 4487 1248 4584 Quoniam
1280 4527 1409 4582 ergo
1454 4511 1538 4565 hic
1573 4524 1811 4578 quoque,
1844 4508 2026 4562 multis
2051 4505 2355 4560 acccdcnti-
2385 4487 2429 4542 Ῑ)

787 4612 913 4674 bus,
947 4605 1445 4674 interrumpebatur
1490 4601 1538 4653 ei
1592 4600 1746 4667 quies
1791 4613 1854 4651 ac
1895 4598 2191 4660 silentium,
2231 4610 2353 4650 cum

791 4702 909 4756 istis
954 4711 1169 4768 quoque
1213 4691 1493 4746 monachis
1541 4689 1782 4743 dedisset
1830 4688 2268 4750 constitutiones,
2303 4694 2358 4740 et

792 4792 1139 4864 praecepisset
1167 4788 1438 4860 quomodo
1468 4795 1712 4855 oporteat
1740 4783 1916 4837 virere
1936 4781 2154 4851 cos,qui
2173 4795 2353 4833 curam

793 4894 989 4956 gerunt
1018 4884 1231 4945 animae,
1271 4890 1324 4933 et
1353 4894 1477 4933 eum
1514 4878 1863 4948 designasset,
1897 4876 1985 4945 qui
2041 4883 2186 4928 esset
2225 4889 2359 4943 pra:-

793 4981 1034 5040 fntu-rns,
1073 4972 1196 5026 hinc
1229 4985 1416 5024 rursus
1462 4969 1689 5032 recedit,
1725 4977 1778 5022 et
1833 4966 2036 5020 accedit
2088 4968 2153 5019 ad
2195 4965 2354 5018 aliam

799 5077 1001 5140 partem
1034 5064 1366 5126 solitudinis,
1400 5076 1516 5131 quae
1545 5059 1955 5129 quatuordccim
1981 5060 2168 5114 stadiis
2199 5058 2356 5128 paulo

798 5157 916 5224 plus
950 5164 1043 5208 aut
1097 5155 1273 5208 minus
1327 5153 1490 5207 distat
1525 5167 1554 5205 a
1601 5153 1820 5221 regione
1866 5150 2234 5204 Τίιεροοτιιιιι.
2269 5149 2358 5204 Sic

792 5251 942 5304 enim
991 5245 1237 5300 Salvator
1271 5245 1457 5298 mundi
1503 5260 1624 5298 cum
1672 5255 1882 5298 mutare
1915 5244 2043 5298 fecit
2074 5244 2358 5297 habitatio-

797 5356 925 5404 nes,
950 5339 1078 5406 quid
1111 5339 1211 5392 sibi
1253 5339 1459 5400 volens,
1496 5348 1549 5392 et
1581 5354 1687 5406 quo
1722 5349 1879 5391 ntcns
1908 5336 2174 5391 consilio?
2206 5337 2356 5389 lllum

795 5433 1013 5500 quidem
1048 5430 1274 5484 reddens
1304 5427 1583 5499 cognitum
1619 5439 1670 5482 et
1701 5429 1906 5482 clarum
1943 5431 2193 5482 omnibus
2227 5443 2358 5482 :eos

797 5533 998 5582 autem,
1030 5521 1120 5589 qui
1158 5520 1223 5572 ad
1255 5521 1426 5588 ipsum
1461 5519 1794 5572 ventilabam
1830 5522 2008 5590 (erant
2043 5535 2171 5574 vero
2196 5537 2260 5574 ex
2294 5520 2357 5574 iis

797 5613 1106 5682 complures
1130 5610 1401 5682 gentiles),
1431 5612 1627 5681 partim
1651 5610 1864 5680 quidem
1891 5610 2154 5665 inducens
2171 5613 2234 5665 ad
2261 5627 2358 5667 ex-

798 5706 1102 5777 purgandas
1129 5705 1392 5775 baptismo
1422 5706 1651 5771 animas,
1685 5704 1876 5775 partim
1921 5713 2101 5761 autem
2146 5706 2212 5761 ad
2247 5721 2357 5760 mo-

791 5799 1132 5857 nachismum
1163 5815 1256 5870 per
1289 5798 1440 5854 illum
1482 5799 1772 5866 deducens,
1807 5799 1937 5855 Cum
1961 5810 2140 5857 autem
2170 5815 2356 5858 rursus

2445 3242 2532 3278 νον
2564 3221 2717 3283 αὖθις
2746 3219 3071 3288 καθίστησι·
3135 3220 3359 3287 φανεροί
3389 3218 3444 3269 δέ
3479 3217 3549 3271 δι’
3582 3210 3662 3270 ὧν
3685 3219 3875 3271 ἐτέλει
3909 3222 4025 3272 Gau-

2449 3318 2655 3381 μάτων*
2710 3312 2852 3362 νόσοι
2879 3311 2986 3377 γὰρ
3026 3311 3397 3378 ἀπηλαύνοντο
3422 3311 3490 3363 δι’
3513 3311 3708 3374 αὑτοῦ,
3762 3314 3860 3366 καὶ
3887 3314 4022 3381 παθη

2448 3403 2714 3473 σωμάτων
2746 3401 2861 3469 ἅμα
2893 3403 2986 3453 καὶ
3019 3401 3124 3452 τῶν
3148 3402 3351 3470 ψυχῶν.
3406 3403 3516 3453 Καὶ
3545 3405 3764 3454 τούτων
3800 3406 3860 3455 δὲ
3904 3408 4023 3473 μᾶλ-

2446 3498 2553 3561 λον,
2594 3500 2702 3567 ὅσῳ
2735 3496 2800 3564 δὴ
2829 3497 2921 3548 καὶ
2950 3493 3205 3556 πολλάκις
3225 3495 3333 3547 τῶν
3359 3495 3693 3565 σωματικῶν
3719 3498 3873 3552 αὑτὰ
3907 3499 4023 3551 καθ-

2453 3590 2692 3640 ίστανται
2726 3587 2978 3654 πρόξενα.
3033 3585 3333 3652 Τοιγαροῦν
3397 3588 3608 3640 πολλῶν
3669 3590 3815 3658 παρ’
3869 3591 4023 3644 αὑτοῦ

2451 3678 2746 3750 θεραπείας
2781 3678 3146 3744 ἀξιωθέντων,
3176 3680 3269 3730 καὶ
3305 3679 3395 3730 τὸν
3453 3681 3670 3732 ἐκείνου
3707 3682 3832 3750 βίον
3864 3684 4025 3750 ζηλῶ-

2453 3790 2542 3827 σαι
2588 3774 3006 3844 προῃρημένων,
3056 3772 3243 3841 ἓτερον
3302 3754 3577 3842 οἰκοδομεῖ
3635 3776 3737 3826 καὶ
3784 3767 3895 3828 ὦδε
3928 3775 4024 3826 τῶν

2450 3865 2661 3936 ἀρετῶν
2693 3866 3033 3934 οἰκητήριον,
3065 3866 3203 3935 ὅπερ
3254 3865 3522 3926 Ἐλπίδιος
3579 3867 3684 3934 μὲν
3731 3869 4026 3922 ἐπλάτυνεν

2454 3957 2707 4028 ὕστερον,
2745 3957 2885 4026 ἀνὴρ
2924 3960 3033 4020 τοῖς
3062 3958 3383 4027 ἁσκητικοῖς
3427 3957 3571 4026 μάλα
3633 3960 4026 4031 κατορθώμασι

2453 4049 2780 4120 διαπρέψας.
2813 4048 2991 4101 Δοῦκα
3021 4049 3075 4099 δὲ
3097 4049 3261 4099 αὑτὸν
3285 4049 3727 4118 προσηγόρευον,
3759 4053 3842 4121 τῷ
3878 4052 4025 4105 δεῦτε

2454 4159 2574 4193 τινα
2615 4141 2714 4209 τῆς
2743 4143 2893 4208 ἱερᾶς
2926 4141 3088 4211 τῆσδε
3123 4141 3346 4211 Λαύρας
3377 4143 3782 4212 προΐστασθαι,
3815 4150 3911 4199 καὶ
3945 4150 4025 4204 τὰς

2457 4234 2717 4304 ἐπηρείας
2753 4235 2958 4306 εἵργειν
3001 4235 3099 4296 τὰς
3130 4236 3249 4288 κατ’
3283 4237 3476 4304 αὐτῆς,
3511 4237 3580 4299 ἃς
3635 4237 3893 4308 Ἑϐραῖοι
3924 4240 4024 4289 τὸει

2457 4330 2507 4380 οἱ
2543 4330 2601 4381 τὸ
2630 4330 2814 4397 νοερὸν
2836 4328 2978 4380 οὕτω
3007 4325 3341 4395 καλούμενον
3368 4329 3652 4389 οἰκοῦντες
3680 4332 3919 4399 χωρίον,
3945 4347 4025 4380 πε·

2458 4420 2556 4471 λὺν
2582 4419 2863 4481 ὠδίνοντες
2889 4421 2979 4471 τὸν
3004 4420 3215 4487 φθόνον,
3254 4420 3476 4490 ἐπῆγον.

2531 4510 2644 4564 IA'.
2686 4510 2840 4562 Ἐπεὶ
2880 4505 2975 4562 οὖν
3015 4510 3290 4565 κάνταῦθα
3318 4512 3532 4565 πολλῶν
3565 4519 3940 4585 προσιόντων,
3976 4516 4026 4565 τὲ

2458 4600 2557 4668 τῆς
2609 4602 2834 4671 ἡσυχίας
2895 4604 3042 4673 αὑτῴ
3085 4604 3421 4668 διεκόπτετο,
3478 4604 3895 4674 διαταξάμενος
3948 4611 4022 4659 xxi

2461 4694 2664 4756 αὐτοῖς,
2701 4696 2793 4746 καὶ
2827 4695 2996 4747 είπὼν
3027 4695 3100 4758 ὡς
3135 4695 3377 4764 προσῆκε
3411 4695 3510 4766 ζῇν
3540 4699 3673 4762 τοὺς
3711 4701 3902 4771 ψυχῆς
3923 4703 4024 4754 έπε-

2464 4785 2815 4854 μελομένους,
2878 4786 3150 4852 γνωρίσας
3187 4788 3241 4840 δὲ
3275 4793 3367 4840 καὶ
3415 4791 3504 4842 τὸν
3551 4800 4023 4865 προστησόμενηλι,

2459 4877 2692 4932 αὐτόθεν
2724 4878 2882 4931 πάλιν
2916 4878 3203 4950 ἀνεχώρει,
3233 4883 3324 4934 καὶ
3350 4884 3428 4943 είς
3459 4884 3657 4953 ἕτερον
3688 4889 3795 4957 τῆς
3841 4893 4026 4960 ἐρήμςεν

2463 4975 2628 5041 μέρος
2683 4973 2959 5040 ἐπιφοιτᾷ,
2992 4975 3284 5043 τέσσαρσιν
3323 4973 3417 5025 ἐπὶ
3452 4977 3563 5037 τοῖς
3601 4976 3749 5030 δέκα
3791 4982 4028 5039 σταδίοις,

2461 5068 2552 5117 καὶ
2585 5064 2771 5132 μικρῷ
2805 5065 3023 5134 πλέονῆ
3051 5065 3270 5119 ἔλαττον
3304 5067 3397 5120 τοῦ
3439 5067 3684 5136 Θεκῴων
3710 5072 3869 5126 οὕτω
3899 5075 4030 5141 λέγει

2464 5172 2630 5227 μενον
2662 5155 2960 5224 διεστηκὼς
3011 5159 3308 5225 κτήματος⁰
3374 5161 3516 5213 οὕτω
3575 5164 3693 5233 γὰρ
3729 5167 3905 5221 αὑτὸν
3957 5170 4032 5225 τὰς

2461 5249 2705 5314 οἰκήσεις
2737 5247 2762 5297 ὁ
2796 5244 2890 5298 τοῦ
2942 5247 3149 5316 κόσμου
3213 5248 3402 5318 Σωτὴρ
3439 5251 3703 5320 ἀμείϐειν
3751 5259 3953 5321 ἐποίει,
3997 5261 4033 5306 τί

2464 5339 2785 5409 βουλόμενος
2808 5341 2903 5391 καὶ
2928 5339 2979 5390 τί
2997 5340 3102 5409 ἄρα
3137 5343 3277 5394 θεῖον
3296 5345 3598 5413 οἰκονομῶν
3621 5362 3636 5409 ;
3677 5347 3931 5404 Ἐκεῖνον
3957 5351 4032 5416 μὲν

2460 5428 2737 5498 γνώριμον
2766 5449 2823 5483 τε
2863 5428 2961 5483 καὶ
2987 5432 3273 5498 καταφανῆ
3308 5432 3442 5483 πᾶσι
3472 5431 3673 5486 ποιῶνο
3728 5440 3868 5499 τοῖος
3894 5439 3944 5489 δὲ
3988 5455 4032 5502 τι

2463 5516 2596 5586 πρὸς
2621 5518 2683 5569 αὺ
2701 5519 2778 5570 τὸν
2811 5515 3114 5588 φοιτῶντας
3145 5516 3426 5586 (Ἕλληνες
3447 5518 3502 5573 δὲ
3526 5521 3745 5576 τούτων
3764 5527 3818 5578 οἱ
3846 5525 4032 5582 πλέειν(

2464 5611 2818 5681 ἐτύγχανον),
2865 5606 3030 5665 τοῧτο
3073 5609 3172 5673 μὲν
3227 5609 3304 5674 είς
3349 5612 3529 5684 ψυχῆς
3599 5615 3889 5686 κάθαρσιν
3938 5621 4034 5670 ἀκά-

2464 5721 2595 5772 γιον,
2627 5705 2782 5759 τοῦτο
2806 5705 2861 5758 δὲ
2894 5711 2985 5757 καὶ
3029 5701 3228 5770 μᾶλλον
3260 5704 3396 5774 πρὸς
3435 5706 3537 5774 τὴν
3565 5707 3650 5768 είς
3687 5709 3862 5764 αὑτὸν
3881 5713 4031 5762 25:1.»-

2467 5797 2529 5847 δι’
2557 5799 2764 5856 ἐκείνου
2791 5795 3168 5869 χειραγωγῶν.
3205 5795 3422 5850 Πολλῶν
3479 5798 3535 5851 δὲ
3570 5803 3661 5853 καί
3704 5803 3873 5866 αὖθις
3903 5801 4032 5852 (15:2.-
