4154 6318
140 392 245 457 913

1347 389 1518 449 VITA
1564 386 1603 446 S
1663 385 2151 447 CHARITONIS.

3254 377 3360 442 914

146 513 258 579 φῶν
291 511 789 583 συναγειρομένων,
821 510 869 564 οἳ
898 513 962 581 τῇ
1014 508 1105 561 τοῦ
1139 507 1342 576 κύαμον
1377 508 1494 575 μὶν,
1529 505 1603 565 ὡς
1642 501 1695 555 at

1813 501 1965 553 multi
1992 499 2187 556 fratres
2215 511 2694 571 congregarentur,
2726 497 2819 568 qui
2850 494 3031 551 mundi
3051 491 3363 563 quidem.ut

147 608 289 659 ιῐποι
340 622 445 671 τις,
470 606 837 659 ἁπετάττοντο
890 604 1148 672 ἀκοσμίᾳο
1184 599 1297 668 Θεῷ
1347 598 1401 651 δὲ
1447 598 1539 650 καὶ
1588 596 1698 657 τοῖς

146 698 285 751 κατά
317 696 451 750 Θεὸν
505 696 672 761 ζῶσιν
730 694 970 757 εὐλαίῶς
1021 692 1403 746 συνετάττοντο
1440 688 1702 758 (ἤκουσαν

143 791 251 860 γὰρ
284 790 377 843 τοῦ
428 791 572 843 θείου
597 790 784 843 τούτου
823 790 915 841 καὶ
952 789 1098 857 ἱεροῦ
1147 786 1389 856 ῥήματος
1416 800 1429 813 ι
1476 779 1703 845 Ἀγαθὸν

139 884 292 952 ἀνδρὶ
343 884 369 937 δ
400 882 447 935 τ’
481 884 548 937 ἂν
578 883 683 952 ἄρῃ
732 882 890 949 ζυγὸν
921 880 982 932 ἐκ
1028 878 1273 946 νεότητος
1316 873 1530 941 αὐτοῦ),
1565 872 1701 925 καθ-

144 973 299 1045 ίσῃτε
358 974 688 1042 καταμόνας,
715 972 794 1035 εις
833 971 991 1040 ἔργον
1048 971 1227 1032 αὐτοῖς
1274 967 1332 1020 τδ
1390 964 1529 1018 κατά
1581 962 1703 1015 νοῦν

140 1065 401 1129 ὲξέύαινε.
438 1066 535 1119 Διά
574 1064 745 1119 ταῦτα
790 1066 884 1117 καὶ
921 1063 1116 1134 ἑτέραν
1148 1063 1325 1113 ἐκεῖσε
1362 1055 1701 1113 κατασκευά-

138 1154 223 1221 ζει
288 1156 507 1227 Λαύραν
560 1155 588 1207 ὁ
625 1154 939 1224 Θαυμαστὸς
994 1146 1147 1214 οὗτος
1196 1150 1473 1220 Χαρίτων,
1525 1148 1700 1217 ἥνπερ

138 1248 268 1301 ενιοι
311 1250 407 1317 μὲν
453 1252 516 1318 τῇ
583 1249 732 1319 Σύρᾳ
786 1246 1000 1317 γλώττῃ
1062 1245 1269 1297 Σουκὰν
1323 1240 1698 1312 ὀνομάζουσιν.

211 1339 308 1395 IB'.
328 1339 468 1393 Ἀλλ’
500 1335 636 1411 ἧκεν
664 1343 796 1411 ἡμῖν
831 1340 970 1393 κατὰ
1004 1338 1179 1410 βραχῦ
1211 1336 1451 1408 βαδίζων
1472 1337 1498 1389 ὁ
1522 1335 1697 1401 λόγος·

135 1431 233 1482 ἐπὶ
260 1430 321 1482 τὸ
350 1430 663 1483 τελευταῖον
716 1429 816 1497 μὲν
869 1433 934 1499 τῇ
968 1429 1139 1494 τάξει,
1178 1426 1393 1496 πρῶτον
1420 1423 1475 1477 δὲ
1508 1426 1573 1495 τῇ
1614 1422 1704 1476 δυ-

132 1522 316 1590 νάμει.
350 1522 442 1575 καὶ
469 1522 544 1591 τῷ
591 1522 860 1592 μεγαλείῳ
902 1521 995 1573 τοῦ
1048 1521 1342 1589 θαύματος.
1381 1516 1536 1568 Ἐπεὶ
1591 1514 1699 1585 γὰρ

132 1611 210 1675 ὡς
244 1612 455 1676 οὐδενὸς
489 1612 647 1667 ἄλλου
703 1612 1017 1683 ἐφρόντιζεν
1076 1609 1325 1679 ἡσυχίας,
1388 1605 1462 1675 μὴ
1493 1604 1700 1670 ἀγνοῶν

130 1707 236 1759 ὅσα
271 1705 405 1776 πρὸς
447 1706 647 1778 ἀρετὴν
676 1705 814 1775 αὕτη
851 1704 1072 1757 δύναται
1126 1701 1396 1754 συντελεῖν
1438 1696 1700 1768 σπήλαιόν

129 1813 185 1849 τι
240 1798 573 1867 καταμαθὼν
633 1795 725 1848 ὲπί
783 1811 927 1857 τινος
968 1794 1150 1860 ὅρους,
1208 1789 1560 1863 κρημνώδους
1605 1788 1700 1843 καὶ

135 1889 419 1956 ἀποτόμου
450 1888 725 1956 κείμενον,
779 1886 840 1939 ού
875 1886 1063 1955 πόρῤω
1097 1883 1151 1937 δὲ
1186 1886 1283 1953 τῆς
1322 1884 1471 1953 ἱερᾶς
1497 1880 1697 1951 ταύτης

129 1975 357 2044 Λαύρας
387 1975 715 2045 ἀφεστηκὸς,
766 1973 792 2027 δ
835 1973 896 2026 τὸ
930 1971 1254 2044 Κρεμαστδν
1286 1971 1365 2034 εις
1406 1968 1563 2039 δεῦρο
1588 1986 1698 2021 κα-

126 2067 307 2121 λεῖται
344 2066 598 2138 (βάσιμον
628 2068 737 2138 γὰρ
795 2067 895 2120 οὐκ
924 2066 1099 2130 ἄλλως
1148 2067 1197 2118 εἰ
1236 2065 1309 2135 μὴ
1355 2062 1584 2129 κλίμακι
1621 2061 1699 2134 τῷ

129 2158 445 2229 βουλομένῳ
468 2159 723 2228 γίνεται),
757 2158 917 2212 τοῦτο
946 2160 973 2212 ὁ
1002 2160 1247 2227 γενναῖος
1270 2158 1433 2210 οἰκεῖ.
1488 2156 1698 2226 Χρόνου

120 2250 183 2303 δι
219 2249 517 2313 διελθόντος
540 2251 755 2321 συχνοῦ,
787 2253 882 2304 καὶ
908 2250 1064 2304 τοῦτο
1093 2249 1191 2319 μὲν
1226 2250 1396 2318 γήρᾳ,
1445 2246 1601 2299 τοῦτο
1643 2246 1698 2299 δὲ

127 2339 230 2393 καὶ
267 2342 381 2402 τοῖς
407 2343 637 2409 μακροῖς
671 2343 767 2410 τῆς
796 2342 1083 2411 ἀσκήσεως
1136 2340 1316 2402 πόνοις
1348 2336 1697 2400 ἐνδεδωκότος

125 2430 288 2500 αὐτῷ
329 2430 427 2483 τοῦ
486 2430 754 2500 σώματος’
790 2432 884 2484 καὶ
916 2433 1015 2500 οὐχ
1052 2432 1163 2483 οἴου
1213 2448 1271 2483 τε
1328 2432 1481 2494 ὄντος
1522 2428 1697 2500 ἐαυτῷ

122 2522 497 2592 λειτουργεῖν,
528 2522 624 2575 καὶ
651 2520 797 2593 ὕδωρ
826 2522 1244 2592 μετακομίζειν,
1271 2523 1431 2583 αὐτὸς
1465 2521 1539 2590 μὴ
1578 2520 1700 2591 βου-

120 2610 359 2681 λόμενος
384 2613 542 2667 πάλιν
561 2612 1033 2683 ὲτέρῳὲπιτρέψαι
1053 2611 1149 2684 τὴν
1170 2612 1536 2683 λειτουργίαψ
1562 2611 1696 2669 ἀλλὰ

117 2705 185 2757 τὸ
218 2706 476 2773 φοστικδς
510 2706 671 2775 (sic),
704 2705 880 2758 δοκεῖν
927 2704 1251 2773 διαφεύγων.
1273 2702 1325 2757 τί
1360 2706 1501 2756 ποιεῖ
1523 2720 1539 2771 ;
1562 2702 1696 2756 Θεοῦ

118 2794 304 2847 δεῖται
336 2795 428 2847 τοῦ
459 2797 527 2848 τὰ
558 2796 793 2850 ἀδύνατα
822 2794 1022 2849 δυνατά
1061 2798 1234 2847 ποιεῖν
1257 2794 1576 2864 δυναμένου,
1605 2795 1698 2848 xui.

126 2887 317 2955 πέτρᾳ
349 2886 510 2939 πάλιν
554 2887 676 2956 όύχὶ
738 2889 936 2957 ῥάϐδῳ,
999 2887 1112 2940 ἀλλ’
1158 2886 1289 2956 εὐχῇ
1338 2888 1695 2956 παταχθεῖσα,

120 2974 277 3047 ὕδωρ
314 2975 539 3045 ἀφίησιν
588 2978 688 3031 οὐκ
746 2977 962 3031 ἀπειθεῖ
992 2974 1105 3046 λαῷ
1161 2976 1256 3029 καὶ
1316 2976 1698 3046 ἀνόμῳνάλλὰ

112 3070 219 3123 καὶ
253 3069 500 3123 εὖπειθεῖ
524 3070 662 3136 λίαν,
692 3071 784 3123 καὶ
800 3069 935 3123 Θεοῦ
969 3070 1151 3140 νόμοις
1181 3071 1401 3124 εῖκοντι.
1444 3069 1536 3122 Ἐκ
1568 3071 1699 3138 μιᾶς

1804 589 1874 645 ita
1910 590 2161 657 dixerim,
2191 591 2545 647 immunditiae
2589 586 2971 655 renuntiabant
3018 584 3365 656 (audiverant

1804 681 1948 735 enim
1973 680 2214 736 divinum
2252 681 2355 737 hoc
2389 691 2445 737 et
2471 696 2682 738 sacrum
2727 680 2951 734 verbum
2986 696 3000 732 :
3029 676 3233 731 Bonum
3262 676 3363 730 bo-

1805 771 1958 834 mini,
1984 773 2203 841 quando
2229 773 2409 827 tulerit
2442 774 2631 843 jugum
2662 787 2689 825 a
2714 772 3004 841 juventute
3048 783 3165 832 sua,
3195 776 3249 822 et
3278 780 3367 822 se-

1804 863 1945 918 derit
1973 864 2263 934 seorsum),
2291 867 2552 933 processit
2579 866 2645 919 ad
2668 879 2831 934 opus,
2866 860 3006 931 quod
3041 867 3157 914 erat
3187 874 3251 914 ex
3272 873 3364 913 eo-

1807 968 1924 1007 rum
1948 956 2237 1010 sententia.
2273 954 2558 1023 PrOpterea
2578 955 2734 1009 aliam
2765 967 2980 1024 quoque
3009 951 3116 1006 illic
3138 948 3366 1005 mdiilcat

1804 1043 2036 1099 Lauram
2066 1045 2398 1101 admirabilis
2451 1044 2539 1100 hic
2570 1045 2830 1101 Chariton
2862 1062 2875 1098 :
2908 1058 3069 1115 quam
3118 1042 3364 1096 nonnulli

1806 1143 2026 1210 quidem
2064 1144 2243 1214 lingua
2295 1144 2425 1213 Syra
2471 1140 2666 1196 Sucam
2718 1141 3021 1205 nominant,
3066 1137 3155 1194 alii
3184 1146 3363 1192 autem

1802 1248 1934 1287 voce
1970 1233 2154 1289 Grmca
2179 1244 2414 1288 veterem
2448 1232 2677 1287 Lauram
2705 1231 2998 1301 appellant.

1872 1324 1986 1379 XII.
2031 1325 2138 1380 Sed
2171 1325 2329 1379 nobis
2360 1324 2620 1395 paulatim
2667 1323 2963 1393 procedens
3010 1321 3160 1376 venit
3191 1322 3367 1375 oratio

1802 1416 1868 1471 ad
1901 1415 1953 1470 id
1992 1459 2006 1483 ,
2048 1416 2190 1487 quod
2220 1424 2303 1471 est
2338 1416 2587 1482 ultimum
2632 1415 2848 1478 quidem
2882 1401 3093 1477 ordine,
3129 1413 3363 1482 primum

1801 1516 1984 1561 autem
2009 1506 2207 1561 virtute
2267 1515 2322 1561 et
2354 1505 2595 1561 miraculi
2644 1504 3037 1575 magnitudine.
3075 1501 3209 1557 Nam
3244 1517 3365 1557 cum

1801 1612 1986 1652 curam
2015 1607 2227 1666 gereret
2257 1598 2456 1668 quietis
2481 1603 2535 1652 et
2574 1597 2780 1653 silentii
2819 1608 2875 1651 ut
2910 1596 3113 1651 nullius
3141 1595 3367 1650 alterius

1803 1692 1877 1745 rei
1910 1692 2080 1762 magis
2102 1734 2116 1757 ,
2160 1707 2267 1745 non
2300 1691 2559 1762 ignorans
2589 1699 2855 1761 quantum
2904 1699 3088 1760 posset
3119 1687 3368 1744 conferre

1801 1779 1869 1834 ad
1901 1780 2177 1843 virtutem.
2198 1796 2321 1836 cum
2347 1780 2651 1837 rescivisset
2673 1795 2794 1837 esse
2832 1781 3116 1852 quamdam
3153 1777 3371 1849 spelun-

1802 1884 1920 1924 cam
1951 1870 2005 1924 in
2039 1871 2300 1941 praecipiti
2331 1872 2550 1941 quidem
2585 1882 2639 1927 et
2668 1880 2944 1943 praerupto
2964 1880 3151 1926 monte
3181 1870 3365 1931 sitam,

1800 1962 1894 2017 sed
1920 1976 2030 2016 non
2066 1961 2222 2033 longe
2252 1961 2543 2018 distantem
2583 1961 2651 2017 ab
2686 1962 2788 2017 hac
2818 1976 2975 2017 sacra
3020 1960 3217 2024 Laura,
3249 1972 3367 2029 quae

1802 2066 1971 2121 usque
2015 2051 2070 2106 in
2113 2052 2437 2109 hodiernum
2475 2051 2620 2107 diem
2678 2051 2979 2123 appellatur
3026 2050 3362 2109 Cremastos.

1801 2138 1854 2193 id
1887 2148 1993 2205 est,
2026 2139 2253 2208 pensilis
2274 2141 2403 2207 (non
2437 2140 2581 2195 enim
2615 2150 2793 2210 potest
2828 2141 2950 2211 quis
2976 2140 3043 2196 ad
3069 2138 3239 2211 ipsam
3278 2154 3368 2194 aco

1799 2228 2015 2292 cedere,
2048 2228 2153 2284 nisi
2202 2228 2411 2299 scalis),
2443 2244 2563 2284 eam
2604 2229 2814 2285 habitat
2846 2230 2928 2284 vir
2972 2229 3061 2285 ille
3094 2227 3362 2299 egregius.

1797 2318 1932 2374 Cum
1962 2329 2142 2375 autem
2165 2319 2394 2375 multum
2420 2321 2681 2389 temporis
2707 2319 3074 2391 praeteriisset,
3091 2329 3145 2374 et
3168 2320 3364 2391 partim

1797 2411 2015 2482 quidem
2051 2410 2226 2476 senio,
2259 2412 2453 2480 partim
2494 2419 2673 2466 autem
2707 2411 2879 2483 longis
2918 2410 3192 2466 laboribus
3214 2424 3369 2465 exer-

1799 2499 2090 2565 citationis,
2127 2500 2177 2553 ei
2208 2500 2494 2555 remissum
2527 2509 2672 2555 esset
2695 2515 2900 2568 corpus
2936 2517 2949 2553 :
2984 2506 3038 2555 et
3065 2514 3245 2570 neque
3264 2499 3363 2555 sibi

1800 2600 1983 2662 posset
2017 2592 2325 2648 ministrare
2344 2602 2399 2647 et
2434 2607 2627 2663 aquam
2657 2590 2872 2653 afferre.
2913 2592 3025 2661 ipse
3060 2591 3247 2647 nolens
3275 2593 3365 2646 alii

1799 2698 1988 2737 rursus
2014 2682 2117 2736 hoc
2145 2683 2403 2737 mandare
2428 2684 2811 2751 ministerium,
2842 2685 2969 2754 quid
3004 2685 3169 2740 facit?
3196 2684 3362 2739 Deum

1798 2785 1972 2849 rogat,
2004 2775 2119 2847 qui,
2151 2790 2271 2847 quae
2303 2774 2418 2830 ﬁeri
2449 2790 2556 2831 non
2604 2783 2855 2846 possunt,
2889 2774 3067 2831 facere
3099 2784 3276 2848 potest
3307 2785 3366 2831 ut

1800 2872 1929 2927 tiant
1969 2890 1982 2926 :
2017 2885 2071 2927 ct
2118 2881 2268 2941 petra
2319 2886 2542 2933 rursus,
2583 2886 2691 2926 non
2743 2873 2889 2944 virga
2945 2886 3220 2945 percussa,
3270 2871 3364 2927 sed

1798 2963 2129 3033 precatione,
2163 2976 2354 3032 aquam
2385 2961 2607 3027 emittit,
2637 2976 2747 3017 non
2776 2964 2828 3017 in
2866 2962 3138 3019 obedienti
3171 2972 3367 3018 contu-

1800 3054 2049 3124 macique
2076 3053 2376 3123 populo,et
2398 3052 2603 3123 iniquo,
2634 3054 2727 3109 sed
2775 3054 2927 3109 valde
2978 3053 3273 3119 obedienti,
3310 3061 3365 3109 et

113 3161 239 3233 γὰρ
288 3160 384 3214 τοῦ
438 3164 639 3232 ἄντρου
680 3161 922 3232 πλευρᾶς
972 3162 1115 3229 ὕξωρ
1165 3162 1326 3224 εὐθὺς
1354 3162 1546 3215 ἔϐλυσε
1597 3161 1695 3231 ψυ-

1801 3146 2011 3200 cedenti
2048 3144 2143 3199 Dei
2172 3143 2403 3216 legibus.
2442 3142 2521 3198 Ex
2551 3159 2661 3199 uno
2687 3145 2832 3199 enim
2864 3144 3005 3200 antri
3039 3144 3208 3199 latere
3236 3159 3361 3215 pro.

110 3253 396 3325 χρότατζν
418 3271 475 3305 τε
504 3255 596 3307 καὶ
626 3254 1007 3314 διειδέστατον,
1037 3251 1065 3305 ὃ
1097 3252 1188 3304 καὶ
1220 3254 1298 3313 είς
1330 3249 1488 3320 δεῦρο
1521 3253 1691 3319 μένει,

107 3344 178 3398 ού
206 3342 377 3413 δίψαν
408 3343 600 3405 ἁπλῶς
632 3343 881 3413 ἰώμενον,
910 3343 1045 3397 ἀλλὰ
1076 3343 1172 3397 καὶ
1201 3342 1501 3415 μαρτύριον
1534 3344 1695 3414 ἀκριο

106 3435 213 3500 δὲς
248 3436 563 3508 γινόμενον,
593 3431 661 3511 ἧς
696 3432 809 3508 εἷχε
843 3435 1098 3509 Χαρίτων
1138 3436 1275 3508 πρὸς
1321 3436 1451 3490 θεὸν
1485 3435 1696 3492 οἰκειώο

106 3545 287 3596 σεως.

189 3686 301 3741 ll".
338 3688 403 3740 Τί
436 3687 513 3740 ἔτι
550 3688 706 3760 ςτὴν
735 3691 833 3759 τῆς
873 3689 1136 3758 ἐκδημίας
1161 3687 1253 3742 τοῦ
1291 3687 1693 3761 σώματοςὴμέ-

108 3799 256 3852 ραν,
301 3780 505 3852 μᾶλλον
529 3780 585 3834 δὲ
639 3780 773 3853 πρὸς
804 3780 936 3835 Θεδν
963 3782 1229 3853 ἐκδημίαν
1263 3782 1425 3854 (οὕτω
1472 3784 1576 3853 γὰρ
1621 3786 1697 3837 εἰ·

101 3873 243 3924 πεῖν
278 3872 660 3941 οἰκειότερον),
694 3874 757 3925 ὲκ
779 3871 931 3936 θείας
968 3873 1362 3942 ἀποκαλύψεως
1387 3876 1478 3928 ini.
1503 3874 1695 3945 θύραις

100 3957 267 4013 εἶναι
299 3960 628 4027 διεγνωκὼς,
665 3961 913 4025 ἅπαντας
964 3964 1062 4031 μὲν
1094 3965 1166 4025 ὠς
1198 3964 1359 4017 αὑτὶν
1391 3964 1543 4017 καλεῖ
1569 3966 1694 4031 τοὺς

96 4050 219 4104 τῶν
255 4050 572 4121 εἰρημένων
604 4052 769 4121 τριῶν
821 4052 1083 4123 σεμνείων
1145 4055 1405 4127 ποιμένας
1455 4057 1569 4129 ἅμα
1600 4060 1696 4113 καὶ

95 4148 379 4217 ποίμνια,
450 4146 545 4197 καὶ
597 4146 802 4200 ἅπασιν
861 4147 997 4218 ὁμοῦ
1051 4148 1255 4211 τούτοις
1296 4153 1375 4212 είς
1406 4151 1501 4219 τὴν
1547 4151 1695 4220 ἱερὰν

93 4243 495 4315 παραγίνεται
559 4243 777 4313 Λαύραν
826 4245 1031 4313 Φαράν,
1088 4244 1174 4297 ἵνα
1235 4245 1299 4315 δὴ
1357 4244 1417 4297 τὸ
1473 4246 1694 4316 πρῶτον

90 4332 444 4404 ἁσκητικῶν
466 4331 689 4402 ἀγώνων
722 4334 1206 4405 ἱδρῶταςὲσταξεν.
1249 4336 1462 4408 Ὠσπερ
1492 4338 1549 4392 δέ
1573 4355 1693 4391 τινα

93 4426 334 4495 κλῆρον
372 4426 556 4489 αὐτοῖς
610 4428 793 4497 ἀφιεὶς
820 4429 917 4493 τὰς
950 4430 1101 4499 ἱερὰς
1148 4431 1314 4485 αὑτοῦ
1357 4432 1596 4497 ἐντολὰς,
1630 4432 1691 4485 οὐ

1803 3236 1949 3290 tinus
2002 3234 2251 3290 scaturiit
2305 3249 2443 3305 aqua
2482 3233 2828 3305 frigidissima
2867 3245 2921 3291 et
2964 3234 3360 3305 limpidissima,

1795 3339 1914 3393 qua:
1940 3334 2125 3379 manet
2167 3340 2338 3399 usque
2376 3327 2429 3379 in
2476 3325 2796 3381 hodiernum
2834 3327 2998 3392 diem,
3031 3342 3142 3382 non
3195 3328 3361 3382 solam

1796 3415 1939 3471 sitim
1967 3417 2180 3479 sedans.
2213 3415 2304 3472 sed
2335 3432 2453 3487 quae
2477 3425 2561 3473 est
2590 3417 2753 3474 etiam
2778 3417 3076 3489 perfectum
3118 3418 3363 3474 testiino-

1797 3507 1946 3561 nium
1972 3506 2410 3572 necessitudinis,
2454 3523 2617 3578 quam
2648 3523 2769 3563 cum
2816 3508 2925 3565 Deo
2962 3508 3193 3565 habebat
3220 3508 3364 3565 Cita-

1797 3600 1960 3653 riton.

1863 3710 2001 3768 XIII.
2032 3714 2171 3781 Quid
2201 3719 2631 3789 amplius?Cum
2661 3734 2816 3772 suum
2852 3735 2881 3772 a
2914 3729 3140 3787 corpore
3167 3728 3361 3770 exces-

1795 3817 1939 3870 sum,
1974 3807 2057 3861 vel
2082 3810 2263 3878 potius
2291 3812 2356 3866 ad
2387 3808 2554 3866 Deum
2590 3824 2869 3865 accessum
2905 3809 3005 3878 (sic
3027 3808 3170 3862 enim
3190 3810 3361 3877 magis

1795 3897 2050 3950 convenit
2088 3896 2288 3965 dicere)
2346 3914 2409 3951 ex
2466 3898 2649 3954 divina
2696 3898 3032 3954 ret-elatione
3067 3898 3119 3950 in
3152 3896 3364 3951 foribus

1798 3981 1986 4039 adesse
2016 3988 2379 4056 cognovisset,
2408 4003 2599 4042 omnes
2634 3990 2854 4058 quidem
2899 3991 3165 4042 dictorum
3197 3988 3363 4041 trium

1797 4078 2247 4134 monasteriorum
2276 4090 2519 4150 pastores
2539 4080 2698 4135 simul
2728 4092 2780 4135 et
2796 4093 2981 4151 greges
3003 4077 3069 4133 ad
3091 4094 3149 4133 se
3174 4092 3361 4132 accero

1796 4165 1887 4229 sit,
1921 4176 1976 4220 et
2024 4166 2184 4220 simul
2242 4183 2364 4221 cum
2418 4169 2502 4223 liis
2549 4168 2800 4223 omnibus
2853 4168 2999 4223 venit
3036 4167 3103 4223 ad
3152 4181 3359 4221 sacram

1795 4253 2026 4309 Lauram
2059 4253 2292 4309 Pharum
2322 4256 2541 4321 dictum,
2581 4254 2668 4310 ubi
2707 4258 2941 4325 primum
2974 4256 3359 4309 distillavitsu-

1795 4345 1956 4401 dores
1992 4349 2349 4401 certaminum
2400 4348 2829 4404 exercitationis.
2867 4347 3145 4415 Tanquam
3182 4357 3358 4401 autem

1798 4440 2086 4508 quamdam
2129 4440 2498 4495 ltrereditatem
2531 4449 2875 4495 sacrosancta
2931 4441 3012 4493 eis
3038 4440 3360 4508 relinquens

90 4515 391 4591 χρήματα
450 4516 545 4568 καὶ
575 4516 800 4570 πλοῦτον
839 4520 1103 4589 ἐπίκηρον
1163 4522 1547 4589 προξενούσας,
1579 4522 1694 4575 ἀλλ’

1798 4541 2089 4600 praecepta,
2118 4547 2237 4602 qua:
2262 4547 2368 4586 non
2402 4532 2667 4602 pecunias
2697 4538 2752 4586 et
2789 4517 3200 4585 momentaneas
3229 4545 3360 4599 opes

86 4599 176 4659 ὦν
201 4604 391 4667 αὐτὸς
421 4604 527 4676 ἦρα
576 4605 756 4659 καλῶν
816 4610 926 4670 τοῖς
991 4611 1099 4662 τῶν
1151 4611 1351 4681 ὁμοίων
1378 4614 1578 4685 ἐρῶσιν
1610 4617 1697 4668 οῦς

83 4698 311 4753 δὲποτε
350 4698 667 4770 φθείρεσθαι
720 4700 964 4765 δυνατὸν,
1015 4701 1187 4772 λόγων
1240 4702 1412 4768 οὕτως
1464 4708 1694 4776 ἑχόντων

82 4793 245 4863 πρὸς
280 4791 485 4855 αὐτοὺς
514 4792 763 4864 ἄρχεται·
818 4796 959 4861 Ἐγὼ
997 4796 1116 4867 μὲν,
1170 4796 1361 4864 τέκνα,
1407 4799 1505 4869 ήδη
1557 4798 1695 4869 πρὸς

82 4885 242 4939 Θεὸν
271 4884 583 4955 ἐπείγομαι
622 4890 710 4940 καὶ
745 4890 772 4941 δ
823 4892 1015 4960 καιρὸς
1066 4891 1162 4959 τῆς
1214 4892 1351 4962 ἐμῆς
1392 4879 1695 4963 ἐφέστηκεν

76 4975 459 5035 ἀναλύσεως.
496 4975 610 5045 Χρὴ
647 4975 744 5029 οὖν
785 4981 930 5050 ὑμᾶς
965 4983 1286 5051 ἐπιμέλειαν
1337 4982 1447 5035 τῶν
1477 4985 1692 5037 οἰκείων

76 5066 303 5123 θέσθαι
337 5064 553 5137 ψυχῶν,
586 5065 689 5128 ἕως
719 5068 845 5121 ἐστὶ
909 5071 1119 5147 καιρὸς,
1156 5072 1361 5139 εἰδιίτας
1407 5073 1488 5129 ὅτι
1530 5093 1693 5146 μετα-

76 5162 251 5225 void;
287 5160 442 5229 μετὰ
486 5160 712 5215 θάνατον
757 5162 906 5236 ἰσχὺς
959 5168 1187 5237 οὐδεμία
1214 5188 1225 5199 ·
1260 5168 1376 5223 ἀλλ’
1422 5170 1539 5221 ἐκεῖ
1593 5171 1690 5239 μὲν

74 5252 206 5307 τῶν
243 5249 593 5309 ἀντιδόσεων
637 5261 666 5310 ὁ
715 5259 926 5329 καιρὸς,
979 5259 1216 5313 ἐνταῦθα
1264 5260 1321 5311 δὲ
1363 5259 1472 5311 τῶν
1515 5262 1691 5313 πόνων

74 5349 187 5401 καὶ
224 5344 361 5402 τῶν
397 5347 646 5418 ἀγώνων,
689 5353 783 5405 καὶ
825 5352 906 5405 ὅτι
942 5350 1050 5405 τῶν
1110 5353 1391 5436 παρόντων
1422 5352 1520 5404 κᾶν
1563 5370 1690 5424 τερα

72 5449 230 5499 πνὸν
346 5445 514 5494 τικκῖ
537 5440 811 5512 ὸςαΘαλμδν
844 5445 1132 5515 εὐφραῖνον
1167 5446 1196 5514 ἢ
1236 5446 1511 5514 φάρυγγα,
1557 5445 1693 5499 ἀλλὰ

72 5544 326 5615 ταχέως
378 5537 462 5604 ῥεῖ
492 5539 585 5588 καὶ
615 5538 692 5599 εἰς
742 5537 800 5588 τὸ
845 5542 921 5606 μὴ
976 5538 1034 5589 ὃν
1094 5538 1604 5607 περιίσ;ατκι,’κᾶν
1639 5555 1690 5589 τι

72 5632 363 5701 λυπηρὸν
398 5627 489 5678 καὶ
514 5626 787 5688 ἐπίπονον.
817 5629 906 5680 κατ.
935 5628 1091 5680 τοῦτο
1118 5630 1252 5697 ταχὺ
1283 5614 1546 5699 λῦοςιὲνην
1581 5630 1688 5698 ἔχει

75 5726 185 5778 καὶ
243 5722 604 5787 πρρέσκαιρον
661 5717 757 5785 τὴν
806 5718 997 5788 ὀδύνην
1032 5735 1050 5753 ο
1113 5719 1220 5771 τῶν
1264 5718 1562 5788 μελλὸντων
1613 5719 1684 5781 δὲ,

73 5816 183 5874 καὶ
215 5812 287 5866 τὸ
324 5808 630 5878 εὐφραῖνον
660 5808 873 5864 αἰώνιον
965 5811 1052 5864 καὶ
1076 5810 1133 5862 ιδ
1168 5811 1395 5880 ἀλγῦνον
1427 5804 1509 5865 ἀεί
1563 5825 1687 5862 ποτε

1797 4620 2180 4686 conciliabant,
2215 4620 2309 4675 sed
2352 4636 2438 4685 ea,
2497 4636 2618 4692 qua:
2667 4621 2780 4693 ipse
2830 4623 3067 4686 amabat,
3099 4620 3238 4676 bona
3270 4620 3358 4684 iis,

1796 4713 1885 4780 qui
1918 4712 2114 4769 similia
2149 4714 2399 4785 diligunt,
2436 4730 2712 4785 nunquam
2756 4714 3066 4778 interitura,
3102 4714 3183 4768 sic
3210 4712 3357 4782 loqui

1796 4804 2026 4876 incipit:
2059 4807 2169 4875 Ego
2208 4807 2450 4877 quidem,
2499 4822 2531 4861 o
2578 4805 2700 4870 lilii,
2727 4806 2841 4876 jam
2899 4804 2966 4859 ad
3018 4804 3185 4859 Deum
3223 4819 3359 4858 cun-

1798 4898 1983 4961 tendo,
2024 4908 2076 4952 et
2113 4897 2257 4953 venit
2292 4908 2504 4968 tempus
2546 4913 2679 4954 mere
2728 4898 3093 4953 resolutionis.
3132 4895 3360 4966 Oportet

1795 5001 1922 5061 ergo
1962 5003 2057 5044 vos
2093 4998 2390 5042 vestrarum
2426 4990 2729 5043 animarum
2768 5002 2952 5043 curam
2986 5002 3196 5058 gerere,
3226 4990 3355 5045 dum

1796 5094 1879 5136 est
1907 5091 2140 5149 tempus,
2171 5080 2411 5135 scientes
2453 5091 2577 5151 post
2606 5090 2832 5136 mortem
2873 5081 3053 5134 nullas
3073 5096 3191 5135 csse
3214 5082 3356 5133 vires

1797 5172 2152 5242 poenitentiae,
2182 5173 2276 5227 sed
2320 5172 2426 5226 illic
2466 5173 2680 5241 quidem
2713 5187 2831 5227 esse
2859 5182 3071 5241 tempus
3102 5182 3356 5225 remune«

1796 5266 2093 5327 rationum,
2135 5264 2222 5318 hic
2261 5276 2442 5318 autem
2484 5264 2727 5318 laborum
2780 5272 2833 5319 et
2864 5263 3224 5319 certaminum
3261 5275 3358 5319 :et

1796 5357 2140 5426 praesentium
2171 5357 2409 5425 quidem,
2441 5372 2534 5410 seu
2583 5357 2651 5412 sit
2702 5357 2901 5427 aliquid
2943 5355 3269 5425 jucundum,
3301 5366 3358 5413 et

1794 5450 1935 5517 quod
1971 5448 2201 5502 delectat
2248 5450 2434 5502 oculos
2480 5459 2573 5502 aut
2640 5458 2845 5519 guttur,
2876 5449 2927 5503 id
2961 5450 3070 5506 cito
3101 5448 3268 5505 ﬂuere
3302 5461 3356 5505 et

1796 5541 1961 5612 redigi
1993 5539 2054 5593 ad
2082 5539 2305 5593 nihilum
2343 5558 2357 5593 :
2387 5556 2479 5594 seu
2522 5542 2805 5596 molestum
2835 5553 2886 5597 et
2911 5543 3261 5608 laboriosum,
3300 5543 3355 5598 id

1795 5645 2008 5698 quoque
2049 5630 2270 5694 habere,
2317 5632 2405 5700 qui
2460 5632 2749 5686 resolvitur
2797 5643 2851 5687 et
2894 5641 2973 5687 est
3023 5634 3089 5688 ad
3119 5642 3352 5702 tempus,

1796 5721 2035 5774 dolorem
2071 5738 2085 5775 :
2121 5724 2425 5776 futurorum
2461 5732 2641 5777 autem
2697 5730 2749 5777 et
2784 5723 2925 5793 quod
2954 5723 3203 5784 delectat,
3232 5737 3354 5776 esse

1798 5820 2057 5870 aeternum
2088 5830 2100 5868 :
2130 5823 2177 5869 el
2224 5814 2369 5885 quod
2404 5814 2650 5871 molestia
2686 5816 2865 5884 allicit,
2902 5828 3114 5884 semper
3146 5825 3355 5895 permav
