4154 6318
766 398 872 462 915

770 600 925 663 iides,
954 599 1099 653 nullo
1126 598 1406 652 lahascens
1437 596 1675 666 periculo
1703 614 1715 650 :
1751 594 1945 648 deinde
1982 594 2088 646 vita
2116 606 2332 662 quoque

771 692 842 747 sit
872 704 1029 759 pura,
1055 698 1149 743 aut
1194 697 1548 758 expurgetur.
1580 688 1647 741 Et
1692 696 1815 741 ante
1855 685 2035 739 omnia
2084 685 2233 739 vobis
2264 684 2335 737 sit

771 798 915 839 cum
934 781 1177 851 corporis
1203 780 1578 844 sanctiﬁcatio,
1608 788 1666 833 ut
1709 780 1760 831 in
1808 777 2001 844 templa
2054 776 2333 845 impolluta

774 875 838 929 ad
877 890 972 929 vos
1004 875 1223 928 accedat
1253 882 1308 926 et
1344 870 1631 935 inhabitet,
1666 870 1755 939 qui
1785 879 1866 923 est
1893 882 2081 936 purus,
2108 879 2163 920 et
2203 880 2331 919 san-

773 963 1097 1018 ctiﬁcatione
1121 978 1217 1017 sua
1251 972 1303 1015 et
1337 962 1477 1016 bono
1504 961 1669 1015 odore
1692 959 1923 1012 animam
1954 956 2191 1025 impleat.
2228 954 2337 1011 Res

776 1052 917 1106 enim
945 1052 1084 1106 mala
1134 1061 1217 1107 est
1259 1052 1359 1117 ira,
1391 1060 1441 1104 et
1488 1052 1531 1106 si
1567 1050 1693 1120 quid
1735 1048 1880 1101 aliud
1931 1048 2126 1101 laedere
2158 1055 2338 1115 potest

776 1144 1003 1197 fratrum
1027 1157 1288 1198 amorem.
1319 1142 1364 1196 A
1392 1143 1546 1196 vobis
1589 1149 1766 1194 autem
1799 1140 2021 1193 omnino
2043 1139 2339 1192 retineatur

778 1251 839 1289 ac
867 1235 1115 1289 foveatur
1154 1250 1258 1303 pax
1294 1243 1350 1288 et
1387 1232 1764 1286 mansuetudo.
1794 1230 1949 1295 Quod
1996 1230 2041 1283 si
2079 1230 2216 1283 inter
2244 1243 2340 1283 vos

777 1326 1067 1394 aliquando
1112 1324 1407 1393 contigerit
1435 1324 1681 1384 oﬂ‘ensio,
1716 1338 1786 1375 ne
1820 1323 1898 1378 sol
1931 1321 2144 1375 occidat
2165 1320 2337 1385 vobis,

776 1436 805 1471 a
838 1418 955 1471 luce
982 1416 1115 1470 adeo
1153 1416 1377 1472 remotis
1412 1432 1475 1469 ex
1506 1416 1647 1470 odio.
1688 1416 1794 1469 Sed
1829 1413 2186 1467 revocandum
2223 1420 2333 1475 est,

780 1523 939 1577 quam
972 1507 1383 1578 diligentissime
1412 1505 1525 1560 ﬁeri
1557 1508 1772 1575 poterit,
1806 1507 2004 1558 bonum
2033 1503 2338 1567 eharitatis,

782 1610 968 1668 utpote
999 1600 1142 1668 quod
1177 1600 1294 1653 sine
1323 1614 1386 1653 eo
1422 1614 1527 1652 non
1581 1598 1739 1649 liceat
1780 1597 1964 1648 videre
2009 1593 2214 1655 Solem,
2248 1594 2337 1662 qui

780 1691 1078 1760 percipitur
1108 1691 1482 1759 intelligentia.
1524 1688 1747 1744 Si.mala
1793 1696 1971 1742 autem
2004 1686 2258 1758 cogitatio
2287 1687 2340 1739 in

779 1780 973 1835 vestris
998 1789 1111 1834 sata
1137 1779 1442 1843 sitanimis,
1480 1794 1622 1833 curae
1654 1780 1807 1833 vobis
1848 1779 1917 1831 sit
1957 1794 2074 1831 eam
2119 1780 2226 1832 cito
2253 1794 2344 1831 exe-

782 1872 1009 1941 pellere.
1040 1871 1129 1925 Sic
1160 1874 1303 1925 enim
1354 1871 1565 1925 facilius
1598 1886 1715 1925 eam
1768 1871 2016 1939 ejicietis.
2046 1870 2163 1935 Quo
2198 1870 2343 1924 enim

784 1964 958 2030 magis
985 1978 1047 2016 ea
1082 1962 1284 2016 sinitur
1312 1977 1651 2031 permanere.
1684 1977 1750 2015 eo
1780 1963 1895 2028 plus
1928 1962 2205 2016 exhibebit
2249 1977 2345 2015 ne-

782 2054 937 2122 gotii,
980 2060 1035 2105 et
1064 2052 1164 2105 erit
1205 2060 1513 2121 expugnatu
1557 2051 1828 2105 diliicilior
1858 2052 1930 2115 ei,
1962 2053 2049 2119 qui
2084 2053 2348 2106 adversus

784 2146 929 2198 illam
964 2144 1193 2199 voluerit
1235 2144 1530 2198 decertare.
1564 2142 1684 2196 Sint
1709 2154 1887 2196 autem
1922 2143 2073 2197 vobis
2102 2158 2252 2197 arma
2281 2144 2347 2196 ad

786 2235 1010 2298 bellum,
1058 2234 1353 2304 jejunium,
1388 2235 1582 2297 oratio,
1608 2234 1873 2303 laerymte,
1906 2234 2164 2286 memoria
2202 2249 2349 2285 mor-

788 2326 855 2380 tis
890 2334 945 2380 et
974 2325 1257 2395 gehennae,
1280 2334 1335 2379 et
1370 2326 1614 2396 quodest
1653 2327 1893 2379 omnium
1958 2324 2348 2379 validissimum

787 2426 841 2469 et
868 2415 1101 2472 inimicis
1122 2415 1355 2471 maxime
1384 2416 1645 2479 terribile,
1678 2416 1831 2469 beata
1866 2415 2141 2469 humilitas
2169 2431 2182 2467 :
2220 2430 2349 2467 eau-

788 2506 992 2576 lioque.
1024 2522 1093 2561 ne
1124 2523 1362 2577 unquam
1417 2522 1514 2561 vos
1548 2523 1728 2578 pravae
1762 2515 2032 2575 occupent
2067 2506 2349 2575 cogitatio-

790 2613 888 2652 nes
926 2615 939 2651 :
972 2613 1034 2651 ac
1078 2599 1382 2653 observatio
1416 2613 1696 2659 sensuum,
1723 2607 1777 2651 et
1824 2614 1931 2666 prae
1964 2598 2189 2661 caeteris,
2222 2610 2350 2651 ocu-

792 2691 963 2743 lorum
993 2697 1047 2744 et
1074 2689 1307 2744 aurium.
1360 2690 1494 2744 Hinc
1523 2691 1668 2743 enim
1717 2698 1797 2747 est
1825 2689 1929 2743 illis
1963 2690 2222 2743 adversus
2251 2704 2351 2742 nos

792 2782 1089 2850 ingressus,
1126 2790 1181 2837 et
1211 2796 1376 2848 mors,
1406 2796 1524 2852 quin
1553 2780 1620 2835 ad
1669 2796 1767 2835 nos
1816 2781 2113 2852 ingreditur
2145 2797 2241 2851 per
2272 2782 2350 2836 fe-

797 2883 1027 2927 uestras.

866 3183 1006 3240 XIV.
1034 3180 1435 3238 Possessionem
1467 3178 1710 3235 omnium
1744 3176 2189 3247 pretiosissimam
2221 3177 2346 3235 novi
2379 3184 2424 3247 ο

798 3278 874 3331 nil
916 3274 1209 3345 possidere,
1242 3282 1295 3327 et
1328 3272 1409 3325 ha:
1448 3280 1573 3326 sunt
1604 3284 1747 3325 verae
1793 3269 1993 3323 divitia:
2037 3270 2106 3329 ei,
2140 3270 2230 3338 qui
2280 3281 2362 3323 est

799 3385 924 3425 vere
973 3380 1269 3436 generosus
1315 3374 1370 3418 et
1423 3362 1775 3433 planeliber,
1810 3361 1956 3414 nulla
1997 3376 2208 3426 eorum,
2245 3376 2363 3429 quae

802 3462 1020 3521 adsunt,
1072 3456 1311 3509 vinctum
1340 3467 1459 3505 esse
1486 3450 1798 3519 cupiditate.
1850 3449 2139 3503 Dimetitur
2183 3460 2360 3502 autem

799 3552 1017 3605 divinus
1047 3547 1335 3617 Apostolus
1364 3561 1519 3599 usum
1549 3542 1765 3611 corpori
1800 3543 2168 3596 necessarium
2206 3559 2219 3596 :
2253 3540 2361 3593 Ha-

802 3649 1011 3704 bentes,
1071 3641 1277 3703 dicens,
1331 3639 1583 3690 alimenta
1624 3644 1677 3688 et
1719 3635 1914 3702 quibus
1966 3645 2225 3701 tegantur,
2278 3634 2364 3686 his

802 3733 1040 3790 contenti
1085 3733 1274 3786 simus.
1308 3728 1412 3781 Res
1446 3736 1527 3780 est
1554 3726 1750 3796 gravis,
1779 3724 1915 3778 elate
1946 3725 2012 3778 de
2036 3739 2091 3777 se
2120 3724 2318 3778 sentire
2349 3740 2363 3776 :

804 3840 977 3895 neque
1022 3833 1107 3876 cst
1153 3820 1320 3884 aliud,
1370 3819 1514 3887 quod
1556 3817 1722 3886 magis
1771 3823 1949 3884 posset
1998 3823 2264 3868 evertere.
2312 3814 2365 3867 Id

805 3926 986 3972 autem
1022 3915 1163 3968 solet
1214 3918 1272 3965 ut
1321 3910 1610 3979 plurimum
1649 3907 1904 3974 consequi
1940 3922 2070 3975 opes
2113 3915 2257 3959 recte
2285 3904 2366 3958 fa-

807 4015 1015 4065 ctorum
1045 4025 1057 4061 :
1091 4015 1143 4059 et
1169 4014 1292 4057 tunc
1321 4002 1616 4057 timendum
1651 4011 1734 4053 est
1766 4015 1951 4052 earum
2002 3998 2361 4067 naufragium.

811 4101 916 4155 Sed
949 4101 1055 4153 stat
1101 4098 1380 4152 dexteram
1415 4092 1699 4161 porrigens
1736 4089 1892 4143 nobis
1930 4104 2116 4142 rursus
2155 4089 2369 4141 divinus

813 4192 1121 4264 Apostolus,
1153 4197 1207 4243 et
1236 4188 1399 4241 verbo
1426 4185 1510 4246 iis,
1543 4185 1634 4253 qui
1678 4183 1876 4236 habent
1907 4195 2087 4245 aures,
2122 4193 2367 4251 magnam

813 4290 1058 4360 prmbens
1104 4284 1470 4340 securitatem.
1504 4280 1603 4345 Qui
1653 4281 1798 4335 enim
1849 4280 2057 4334 videtur
2099 4288 2262 4338 stare,
2289 4276 2370 4330 in-

812 4382 951 4451 quit,
983 4380 1163 4433 videat
1191 4392 1257 4430 ne
1285 4378 1462 4430 cadat.
1496 4373 1740 4426 Fratrem
1776 4370 2041 4440 judicare,
2070 4368 2367 4423 cavendum

811 4485 898 4529 cst
939 4489 1039 4542 pro
1070 4470 1294 4525 viribus.
1326 4466 1425 4520 llic
1465 4474 1548 4518 est
1578 4463 1721 4519 enim
1772 4461 1936 4515 {uetus
1982 4460 2195 4525 animm,
2223 4475 2371 4513 more

814 4565 1123 4621 Pbarisaieo
1160 4562 1295 4615 alios
1335 4556 1705 4627 (lespieicntis,
1741 4563 1795 4609 et
1830 4555 1967 4623 ejus,
2001 4552 2092 4622 qui
2123 4566 2217 4620 per
2239 4552 2373 4605 alio-

816 4676 935 4714 rum
967 4655 1473 4712 condemnationem
1503 4665 1559 4705 se
1587 4650 1698 4704 vult
1727 4647 2046 4716 justiﬁcare.
2076 4646 2181 4700 Sed
2214 4653 2291 4709 tu,
2312 4660 2377 4699 eo

815 4755 1062 4818 dimisso,
1121 4751 1164 4805 si
1208 4746 1483 4819 indicandi
1529 4742 1765 4799 tenearis
1813 4742 2116 4807 desiderio,
2152 4756 2274 4795 cum
2327 4750 2377 4795 te

819 4846 1067 4918 proxime
1102 4844 1324 4907 habeas,
1359 4854 1428 4893 ne
1469 4853 1650 4893 cesses
1683 4847 1732 4891 te
1776 4834 2016 4905 quotidie
2060 4833 2301 4902 judicare
2326 4842 2378 4887 et

818 4939 1157 5001 examinare,
1192 4943 1247 4989 et
1278 4948 1438 5003 quam
1472 4932 1673 5001 optime
1705 4928 1995 4995 corrigere.
2022 4927 2101 4980 Ad
2133 4925 2378 4994 petulan-

821 5032 950 5085 tiam
984 5044 1047 5082 ae
1083 5026 1463 5081 contumeliam
1502 5037 1764 5092 propensa
1789 5036 1877 5073 res
1920 5027 2007 5077 est
2039 5026 2253 5080 venter,
2288 5017 2377 5083 qui

822 5128 1063 5186 curatur,
1098 5118 1192 5188 qui
1238 5124 1520 5171 curantem
1551 5114 1749 5168 misere
1781 5120 2174 5164 remuneratur.
2207 5108 2382 5162 Labo-

824 5214 975 5267 ribus
1025 5220 1205 5264 autem
1255 5208 1509 5270 ﬂectitur,
1566 5215 1619 5259 et
1655 5203 1861 5273 jejunio
1901 5203 2167 5265 domatur,
2224 5209 2384 5264 et,ut

826 5306 997 5360 audax
1032 5318 1228 5374 equus,
1256 5303 1321 5355 ab
1357 5299 1692 5354 immodestis
1733 5305 1947 5349 arcetur
1983 5296 2381 5349 saltationibus.

825 5397 942 5451 Non
989 5406 1072 5450 est
1101 5411 1128 5448 a
1169 5392 1324 5448 vobis
1366 5389 1621 5447 oblivioni
1669 5388 1970 5442 mandanda
2024 5386 2381 5456 hospitalitas.

827 5488 1077 5560 Hospitio
1108 5494 1287 5540 autem
1325 5483 1683 5551 excipientes,
1727 5480 1890 5550 pedes
1918 5493 2133 5548 quoque
2164 5476 2385 5531 humili-

826 5581 947 5634 litcr
979 5579 1154 5632 lavate
1190 5594 1203 5629 :
1241 5578 1342 5631 hoc
1377 5583 1460 5630 est
1508 5574 1651 5627 enim
1688 5572 1884 5628 Christi
1923 5578 2249 5641 pra‘ceptum
2290 5588 2301 5623 :
2334 5578 2388 5623 et

829 5671 974 5739 quod
1021 5671 1137 5739 ipse
1164 5672 1369 5740 primus
1402 5667 1549 5731 fecit,
1593 5681 1690 5719 nos
1719 5664 1873 5732 jussit
1908 5665 2084 5718 facere
2119 5661 2385 5715 similiter.

830 5760 934 5812 Per
965 5761 1016 5815 id
1053 5762 1198 5814 enim
1232 5776 1337 5813 non
1389 5758 1563 5813 solum
1598 5756 1800 5827 geritur
1847 5770 1973 5807 cura
2003 5753 2256 5823 proximi,
2293 5749 2389 5804 sed

832 5857 1015 5921 potest
1044 5850 1207 5906 etiam
1240 5850 1414 5907 curari
1468 5847 1645 5920 gravis
1695 5846 1883 5902 ιιιιὶιυιε
1927 5844 2171 5913 morbus,
2198 5856 2393 5913 nempe

1975 389 2261 448 MENSIS
2301 388 2769 447 SEPTEMBER.

770 526 922 566 nere.
947 512 1118 574 Atque
1150 506 1382 575 primum
1408 503 1625 573 quidem
1651 505 1716 557 sit
1739 503 1891 557 vobis
1925 512 2070 556 recta
2096 510 2149 554 et
2176 500 2326 553 lirma

2458 498 2705 567 ιαμένον.
2780 498 2977 562 Πρῶτα
3033 500 3131 568 μὲν
3181 494 3273 552 οὖν
3302 499 3433 569 ὑμῖν
3476 496 3546 550 τὰ
3610 496 3716 564 τῆς
3782 495 4027 557 πίστεως

3930 383 4023 447 916

2440 590 2608 657 ὑγιῶς
2636 591 2911 659 ἐχέτωσαν
2958 591 3053 643 καὶ
3086 590 3340 657 βεὸαίως,
3402 591 3644 660 κινδύνῳ
3684 590 3899 657 μηδενὶ
3940 605 4025 638 σα-

2439 683 2729 752 λευόμενα.
2762 684 2991 737 Ἔπειτα
3035 683 3090 735 δὲ
3131 684 3225 735 καὶ
3277 686 3304 737 ὁ
3336 684 3451 753 βίος
3501 682 3759 751 καθαρὸς
3828 680 4025 747 εστωῆ

2440 774 2805 845 καθαιρέσθω.
2863 775 2971 828 Καὶ
3021 774 3127 842 πρό
3182 790 3244 839 γε
3279 775 3494 827 πάντων
3537 774 3565 824 ὀ
3598 771 3699 825 τοῦ
3778 769 4025 837 σώματος

2442 866 2713 934 ἁγιασμὸς
2754 863 3156 928 σπουδαζέσθω,
3187 863 3325 915 ὥστε
3374 866 3516 927 ναοῖς
3560 862 3918 931 ἀμολύντοις
3948 859 4024 911 εὖ·

2444 973 2550 1019 σιν,
2578 958 2929 1025 ὲπιφοιτῆσαι
2959 955 3017 1007 τὺ
3044 953 3286 1024 καθαρὸν
3314 954 3447 1024 ὑμῖν
3484 952 3716 1023 πνεῦμα
3764 955 3876 1006 καὶ
3910 955 4025 1003 ἐνστ-

2443 1050 2635 1118 κῆσαι,
2666 1048 2876 1101 καὶτοῦ
2911 1046 3188 1115 ἀγιασμοῢ
3223 1045 3386 1100 αὑτοῦ
3405 1046 3499 1097 καὶ
3530 1049 3633 1114 τῆς
3668 1044 3928 1104 εὐωδίας
3944 1044 4023 1111 τὴν

2441 1142 2619 1212 ψυχὴν
2665 1142 2969 1211 πληρῶσαι.
3026 1140 3272 1211 Πονηρὸν
3322 1140 3480 1211 ὀργὴ,
3517 1141 3614 1191 καὶ⁵
3670 1140 3889 1205 θυμὸς,
3944 1136 4024 1189 καὶ

2444 1234 2500 1286 εί
2522 1252 2572 1286 τι
2601 1234 2727 1287 ἄλλο
2756 1233 3014 1302 βλάπτειν
3044 1233 3106 1284 τὸ
3133 1231 3451 1301 φιλάδελφον
3476 1230 3735 1282 δύναται·
3786 1230 3925 1297 ὑμῖν
3960 1229 4023 1289 δὲ,

2432 1328 2582 1382 ἀλλὰ
2612 1326 2775 1379 παντὶ
2801 1327 2985 1396 τρόπῳ
3014 1324 3407 1394 περιποιεῖσθω
3436 1323 3494 1374 τὸ
3532 1320 3839 1389 εἰρηνικόν
3866 1336 3921 1370 τε
3945 1322 4025 1369 καὶ

2443 1421 2672 1492 ἥμερον.
2722 1417 2786 1470 Εἰ
2839 1416 2894 1471 δὲ
2925 1418 3015 1469 καὶ
3044 1414 3282 1484 συμϐαίη
3318 1414 3447 1466 ποτε
3494 1412 3750 1481 ἀλλήλων
3826 1411 4021 1478 μεταξὶ

2449 1513 2768 1567 σκάνδαλοψ
2814 1510 2889 1581 μὴ
2924 1510 3190 1563 ἐπιδυέτω
3210 1509 3339 1578 ὑμῖν
3372 1509 3399 1559 ὁ
3432 1507 3606 1576 ἣλιος,
3632 1506 3831 1565 οὕτως
3869 1508 4025 1570 ἀφεῖ-

2447 1606 2558 1671 γῶς
2584 1604 2798 1672 ἔχουσιν
2852 1604 2916 1654 ὲκ
2972 1601 3067 1654 τοῦ
3115 1602 3336 1670 μίσους.
3373 1599 3515 1653 Ἀλλ’
3566 1597 3927 1667 ἀνακλητὲον
3964 1598 4023 1657 ὡς

2448 1690 2559 1747 οἷόν
2598 1711 2653 1745 τε
2682 1692 2982 1754 σπουδαίως
3010 1692 3188 1761 τὸτῆς
3219 1692 3437 1760 ἀγάπης
3462 1691 3650 1750 καλὸν,
3686 1690 3766 1751 ὡς
3810 1691 3887 1757 μὴ
3924 1688 4023 1752 ἐξὸν

2449 1787 2637 1843 τούτου
2678 1786 2866 1857 χωρὶς,
2902 1784 2991 1836 τὸν
3014 1784 3203 1853 νοητὸν
3253 1783 3379 1834 ίδεῑν
3410 1782 3583 1851 ἥλιον,
3610 1780 3841 1832 Φαύλου
3866 1781 3921 1831 δὲ
3948 1780 4023 1828 λε-

2453 1881 2652 1951 γισμοῦ
2686 1884 2801 1943 ταῖς
2835 1880 3125 1948 ὑμετέραις
3156 1875 3515 1944 ἐνσπαρέντος
3562 1872 3801 1940 ψυχαῖς,
3842 1872 4025 1937 ἐπιμε-

2454 1977 2540 2037 λὲς
2573 1976 2699 2043 ὑμῖν
2730 1972 2962 2038 γινέσθω
3009 1971 3195 2039 τάχιον
3228 1967 3384 2022 αὐτὸν
3413 1964 3667 2031 ἐξωθεῖν.
3703 1964 3877 2016 Οὕτω
3933 1966 4024 2029 γὰρ

2454 2068 2823 2137 εὐχερεστέρῳ
2865 2065 2999 2133 πρὸς
3028 2064 3125 2125 τὴν
3167 2062 3392 2131 ἐκϐολὴν
3425 2058 3731 2129 χρήσεσθε,
3770 2058 3876 2108 καὶ
3932 2058 4025 2121 γὰρ

2454 2164 2668 2231 ὅσῳπερ
2699 2161 2765 2213 ἂν
2814 2158 2973 2209 πλέον
3018 2154 3353 2223 παραμένειν
3410 2150 3567 2219 ὲῷτο,
3633 2147 3893 2211 τοσούτῳ
3948 2146 4030 2195 καὶ

2460 2254 2673 2305 πλείονα
2716 2249 2940 2315 παρέξει
3000 2246 3068 2298 τὰ
3100 2244 3394 2313 πράγματα
3442 2240 3536 2291 καὶ
3603 2236 4031 2307 δυσμαχώτερσς

2455 2345 2604 2397 ἔσται
2633 2344 2708 2412 τῷ
2741 2337 3217 2407 καταγωνίσασθαι
3244 2333 3571 2403 βουλομένῳ.
3604 2330 3803 2385 Ὅπλα
3835 2330 3893 2380 δὲ
3909 2329 4022 2392 ὑμῖν

2457 2438 2598 2492 ἔστω
2631 2438 2764 2507 πρδς
2786 2436 2877 2489 τὸν
2909 2432 3071 2486 αὐτοῦ
3106 2430 3357 2497 πόλεμον,
3410 2428 3665 2494 νηστεία,
3736 2420 4029 2490 προσευχὴ,

2457 2532 2687 2599 δάκρυα,
2730 2528 2917 2596 μνήμη
2943 2541 3000 2575 τε
3034 2522 3264 2575 θανάτου
3300 2518 3390 2568 καὶ
3413 2516 3667 2583 γεέννης,
3710 2517 3811 2563 καὶ
3830 2510 3894 2561 τὸ
3911 2512 4032 2559 πᾶν·

2457 2640 2562 2674 των
2588 2616 2935 2688 ἰσχυρότατόν
2967 2631 3025 2667 τε
3055 2612 3145 2665 καὶ
3177 2608 3552 2679 φοϐερώτατον
3610 2605 3736 2663 τοῖς
3807 2599 4028 2667 ἐχθραῖς,

2464 2717 2497 2783 ή
2560 2711 2802 2783 μακαρία
2836 2708 3180 2765 ταπείνωσις,
3235 2697 3503 2767 ἀσφάλεια
3546 2696 3605 2747 δὲ
3657 2693 3808 2761 πρὸς
3836 2692 3901 2742 τὸ
3940 2705 4031 2756 μη-

2459 2806 2625 2866 δόὶως
2672 2804 2786 2863 τοῖς
2810 2798 3069 2859 τοιούτοις
3108 2789 3426 2847 ἁλίσκεσθαι
3479 2786 3800 2852 λογισμοῖς,
3853 2781 4032 2845 αξσὺᾑ-

2464 2914 2600 2948 σεων
2644 2890 2875 2961 φυλακὴ,
2907 2890 3001 2942 καὶ
3060 2886 3163 2956 πρό
3199 2901 3261 2951 γε
3314 2882 3422 2933 τῶν
3474 2878 3682 2937 ἄλλων,
3742 2872 4031 2943 ὀξρθαλμὼί

2463 2990 2555 3040 καὶ
2584 2985 2757 3039 ὢτων.
2798 2979 3074 3034 Ἐντεῦθεν
3096 2976 3202 3044 γὰρ
3232 2972 3457 3031 ἐκείνοις
3489 2966 3672 3038 ήκαίν
3708 2967 3872 3034 ἡμῶν
3903 2965 4031 3015 ziza-

2461 3082 2569 3145 δος,
2608 3077 2696 3130 καὶ
2726 3078 2753 3128 ὁ
2782 3074 2869 3127 διὰ
2885 3072 2990 3125 τῶν
3023 3068 3254 3137 θυρίδων
3283 3062 3464 3116 εἰσιὼν
3492 3063 3631 3127 ἡμῖν
3674 3058 3940 3116 θάνατος-

2525 3171 2625 3228 1Δ’.
2646 3167 2846 3235 Κτῆμα
2879 3165 3095 3215 πάντων
3132 3155 3453 3226 τιμιώτατον
3485 3147 3604 3204 οἶδα
3633 3153 3744 3219 τὴν
3783 3146 4030 3213 tinnula-4

2465 3266 2558 3321 καὶ
2591 3261 2750 3315 τοῦτο
2784 3254 3013 3315 πλοῦτος
3044 3250 3120 3318 τῷ
3166 3247 3377 3313 εὐγενεῖ
3422 3244 3594 3302 ὖντως
3638 3240 3747 3292 καὶ
3803 3234 4032 3301 exp-.66);

2466 3354 2758 3424 ἐλευθέρῳ,
2789 3350 2849 3400 τὸ
2880 3345 3117 3415 μηδεμιᾷ
3173 3337 3418 3392 δεδέσθαι
3447 3334 3555 3386 τῶν
3586 3332 3892 3401 παρόντων
3924 3330 4031 3378 ἐπι-

2465 3452 2653 3520 θυμίᾳ.
2714 3440 3030 3511 Ἑπιμετρεῖ
3064 3436 3244 3507 μέντοι
3316 3431 3414 3500 τὴν
3445 3425 3771 3495 ἀναγκαίαν
3818 3421 3897 3489 τῷ
3933 3420 4033 3469 sdi-

2470 3561 2599 3611 ματι
2646 3538 2831 3608 χρείαν
2864 3536 2892 3585 ὁ
2947 3533 3085 3592 θεῖος
3124 3522 3476 3584 Ἀπόστο).ος·
3509 3521 3807 3588 Ἔχοντες,
3846 3514 4028 3579 λέγων,

2467 3636 2763 3701 διατροφας
2821 3626 2913 3679 καὶ
2983 3622 3343 3685 σκεπάσματα
3414 3612 3630 3672 τούτοις
3696 3605 4031 3678 ἀρκεσθησέ·

2471 3725 2607 3793 μεθα
2628 3739 2642 3753 ’
2670 3718 2838 3772 δεινὸν
2867 3711 3277 3784 ὑψηλοφροσύνη
3312 3707 3404 3759 καὶ
3431 3706 3505 3764 ὡς
3534 3702 3695 3754 οὐδὲν
3750 3701 3885 3751 ἄλλο
3918 3696 4029 3748 καθν

2468 3818 2639 3887 αιρείν
2710 3811 3022 3878 δυνάμενον,
3075 3805 3109 3874 ἢ
3158 3801 3365 3866 πέᾳυκε
3419 3795 3518 3862 μὲν
3588 3792 3668 3852 ὡς
3742 3793 3816 3843 τὰ
3880 3787 4030 3840 «alii

2468 3908 2684 3975 πλούτῳ
2717 3890 3158 3972 κατορθωμάτων
3193 3891 3442 3951 ἕπεσθαι,
3478 3884 3598 3938 εἶτα
3630 3882 3898 3949 γίνεσθαι.
3928 3882 4031 3930 τεύ-

2467 4020 2561 4054 του
2594 3997 2828 4070 χαλεπὸν
2864 3986 3058 4059 ἐκείνη
3112 3986 3389 4052 ναυάγιον.
3435 3977 3575 4031 Ἀλλ’
3605 3979 3819 4046 ἕστηκε
3872 3974 4030 4037 δεξιὰν

2470 4093 2601 4163 ἡμῖν
2647 4085 2941 4141 ὑποτείνων
2985 4083 3013 4133 ὁ
3044 4081 3184 4141 θεῖος
3216 4077 3374 4130 πάλιν
3414 4070 3778 4131 Ἀπόστολ.ος,
3833 4068 3930 4119 καὶ
3971 4063 4027 4129 τῷ

2473 4187 2680 4257 ῥήματι
2738 4176 2937 4247 πολλὴν
2963 4173 3218 4243 παρέχων
3241 4170 3353 4230 τοῖς
3374 4159 3487 4217 ὦτα
3518 4164 3710 4231 ἔχουσι
3742 4164 3849 4228 τὴν
3877 4157 4030 4222 ἀστά-

2469 4248 2643 4331 λειαν.
2697 4272 2755 4325 '0
2812 4269 2920 4339 γὰρ
2952 4263 3120 4319 δοκῶν
3150 4261 3392 4322 ἑστάναι,
3446 4256 3604 4324 φησὶ,
3665 4253 3924 4320 βλεπέτω
3972 4248 4031 4314 μὴ

2473 4369 2634 4436 πέσῃ.
2665 4364 2739 4415 Τὸ
2786 4360 2992 4428 κρίνειν
3033 4357 3126 4408 τὶν
3177 4350 3425 4417 ἀδελφὺν,
3471 4344 3814 4408 εὐλαῦητέον
3880 4342 4028 4405 ὁπόση

2473 4431 3003 4524 δύναμιςογέννημα
3060 4446 3169 4515 γὰρ
3222 4441 3379 4495 τοῦτο
3425 4438 3602 4507 ψυχῆς
3656 4431 4030 4505 ὑτζξρθπτιῑάς

2485 4549 2735 4618 ἐχούσης,
2796 4545 2892 4597 καὶ
2940 4535 3281 4609 φαρισαῖκῶς
3329 4532 3422 4585 καὶ
3455 4528 3705 4583 δικαιοῦν
3740 4528 3937 4580 snt-iv
3963 4525 4030 4574 διε

2478 4641 2577 4709 τῆς
2602 4637 2696 4691 τοῦ
2724 4635 2950 4705 πλησίον
2974 4628 3352 4698 κατακρίσεως
3381 4621 3744 4692 βουλομένου.
3792 4618 3953 4671 una
3984 4616 4029 4663 εὖ

2478 4731 2669 4784 τούτου
2720 4726 2982 4787 ἀποστὰς,
3035 4721 3086 4773 εἴ
3129 4734 3210 4771 σοι
3276 4714 3427 4779 (εί).ον
3482 4711 3714 4777 κρίνειν,
3781 4710 4032 4774 ἐγγύτατα

2485 4816 2707 4871 σεαυτὸν
2724 4815 2882 4884 ἔχων,
2908 4812 2981 4882 μὴ
2997 4808 3260 4867 διαλίποις
3278 4806 3398 4857 ὅσαι
3426 4801 3634 4871 ἡμέραι
3654 4799 3870 4868 κρίνων
3885 4814 3939 4848 τε
3963 4796 4033 4845 κει

2480 4911 2805 4979 ἀνακρίνων,
2830 4907 2923 4960 καὶ
2947 4905 3020 4967 ὡς
3059 4902 3255 4972 ἄριστα
3281 4895 3689 4967 διορθούμενος.
3754 4892 4034 4961 Πρόχειιςν

2482 5007 2557 5067 εἰς
2574 5005 2728 5074 ὓϐριν
2752 5002 2985 5069 γαστὴρ,
3005 4997 3096 5049 καὶ
3112 4994 3201 5047 τὸν
3218 4992 3555 5061 θεραπευτὴν
3576 4988 3789 5048 ἀθλίως
3832 4984 4032 5051 {ips-.62».

2489 5098 2657 5165 μένη·
2700 5094 2881 5154 πόνοις
2909 5091 2965 5143 δὲ
3007 5088 3316 5156 κάμπτεται
3390 5081 3485 5133 καὶ
3526 5079 3763 5148 νηστείᾳ
3818 5076 4033 5143 δαμάζε-

2486 5186 2711 5251 ται,κα“ι
2738 5186 2812 5248 ὡς
2861 5182 3066 5254 θρασὺς
3094 5179 3280 5238 ἵππος,
3323 5173 3431 5224 τῶν
3491 5171 3755 5224 ἀτάκτων
3817 5172 4033 5235 εἴργεται

2488 5276 2894 5347 σκιρτημάτων.
2932 5272 3043 5341 Τῆς
3066 5266 3367 5338 φιλοξενίας
3401 5264 3530 5331 ὑμῖν
3557 5261 3662 5313 οὐκ
3694 5258 4032 5327 ἐπιληπέιιτῇ

2489 5369 2787 5435 ξενίζοντες
2813 5366 2887 5430 δὲ,
2918 5365 3011 5418 καὶ
3041 5362 3165 5420 τοὺς
3198 5359 3365 5416 πόδας
3398 5352 3796 5424 μετριοπαθῶς
3824 5352 4031 5403 νέξ-τετε

2488 5464 2641 5517 τοῦτο
2676 5462 2784 5531 γάρ
2834 5454 3022 5526 ἐντολὴ
3056 5450 3317 5524 Χριστοῦ,
3354 5450 3446 5500 καὶ
3484 5445 3704 5515 πρῶτος
3739 5444 3909 5503 αὐτὸς
3934 5440 4035 5507 Egi-

2489 5574 2605 5621 σας,
2644 5556 2778 5625 ἡμῖν
2808 5548 3026 5621 ἔχεσθαι
3060 5546 3153 5598 τοῦ
3190 5541 3380 5613 ὁμοίου
3408 5536 3885 5609 παρεκελεύσατο.
3913 5534 4033 5585 Ἐςτ.

2490 5651 2596 5720 γὰρ
2645 5649 2705 5701 οὐ
2741 5641 3129 5717 θεραπευτικὸν
3156 5636 3251 5690 τοῦ
3310 5633 3545 5703 πλησίον
3584 5631 3771 5699 μόνον,
3812 5626 3947 5679 ἀλλὰ
3968 5622 4034 5673 καὶ

4120 4656 4125 4949 Ι

4118 5230 4125 5499 l

2491 5715 2813 5813 abvxakenbv
2841 5736 3054 5804 νόσημα
3082 5731 3182 5799 τῆς
3214 5727 3394 5797 ψυχῆς
3425 5725 3531 5794 τὴν
3588 5724 3791 5792 οἴησιν,
4122 5740 4125 5763 ι

2507 5808 2634 5891 ἄλλο
2663 5852 2710 5889 τι
2752 5829 3073 5903 θεραπεύειν
3106 5824 3423 5894 δυνάμενον.
3452 5817 3639 5873 Πολλὰ
3670 5817 3768 5887 μὲν
3814 5812 3903 5867 καὶ
3933 5808 3969 5861 Ξ
3988 5808 4031 5855 ἐς
4082 5812 4125 6155 Ι
