4154 6318
180 354 273 417 911
1358 362 1536 423 VITA
1577 361 1641 421 s.
1681 348 2171 422 CHARtTONts.

3275 358 3379 427 918

175 470 261 520 τοῦ
286 467 441 537 ῥύπου
464 469 560 538 τῆς
592 472 864 541 ἁμαρτίας
929 473 1223 544 καθάρσια,
1278 475 1306 527 ὁ
1354 476 1591 547 Ποιητής
1625 477 1712 531 καὶ

1822 477 1983 529 nimia
2014 477 2080 529 de
2112 491 2169 529 se
2204 477 2503 545 persuasio.
2533 477 2707 545 Atque
2734 477 2932 530 multas
2960 474 3178 544 quidem
3217 474 3379 527 etiam

180 560 347 631 Σωτὴρ
384 561 490 613 τῶν
519 563 801 633 ἡμετέρων
828 564 1014 635 ἐξεῦρε
1038 567 1242 636 ψυχῶν,
1287 563 1417 635 οἷον,
1472 569 1704 638 δάκρυα,

177 651 523 719 στενάγματα.
561 655 851 726 συντριόὴν
882 659 1127 727 καρδίας,
1171 660 1447 729 νηστείαν,
1476 677 1710 728 προσευ-

174 741 286 809 χὴν,
310 744 618 811 χαμευνίαν,
649 746 740 797 καὶ
770 748 823 799 εἴ
852 766 904 800 τι
934 749 1058 802 ἄλλο
1081 751 1371 819 φάρμακον
1402 751 1498 819 τῆς
1555 750 1710 819 φιλα-

174 832 310 895 νείας
336 834 597 887 δέδεικται
628 838 937 904 μετανοίας.
1005 839 1144 892 Ἀλλ’
1181 841 1413 893 ἐπίπονα
1448 843 1543 895 καὶ
1607 858 1707 895 κα-

177 925 373 995 ματηρᾶ
397 926 594 992 ταῦτα,
629 929 726 981 κᾶν
757 929 952 997 πολλὴν
979 933 1259 1001 παρέχωσι
1300 935 1396 1003 τὴν
1419 933 1704 1001 ὠφέλειαν.

176 1013 266 1066 Ἕν
292 1015 339 1066 δὲ
368 1013 482 1068 οἶδα.
514 1018 649 1070 πάνυ
692 1019 789 1085 μὲν
827 1019 1056 1086 ἄπονον,
1092 1024 1230 1077 πάνυ
1262 1024 1317 1076 δὲ
1348 1025 1586 1092 καθᾶραι
1617 1022 1710 1094 ρύ-

171 1118 265 1154 πον
289 1105 453 1173 ψυχῆς
482 1107 848 1176 ἰσχυρότατον.
883 1107 949 1161 Τί
979 1110 1137 1162 τοῦτὸ
1172 1113 1286 1163 ἐστι
1312 1126 1325 1173 ;
1382 1112 1458 1164 Τὸ
1489 1112 1708 1178 ἀφιέναι

167 1196 276 1255 τοῖς
298 1196 546 1247 πταίσασι
590 1196 650 1247 τὸ
682 1196 1002 1267 ἁμάρτημα.
1046 1200 1220 1268 Ὅπερ
1251 1199 1311 1250 οὐ
1369 1200 1446 1269 τῷ
1478 1200 1595 1270 Θεῷ
1620 1202 1711 1269 μό-

169 1300 255 1334 νον
291 1284 432 1350 φίλον
462 1285 600 1350 ἐστὶ,
633 1287 727 1339 καὶ
765 1285 920 1338 λύσιν
952 1286 1045 1338 ἀπ’
1094 1286 1304 1339 ἐκείνου
1369 1287 1474 1341 τῶν
1515 1289 1710 1357 ἡμετέ-

173 1392 276 1441 ρων
304 1374 586 1443 πρεσϐεύει
620 1377 824 1442 κακῶν,
855 1377 990 1428 ἀλλὰ
1027 1378 1121 1429 καὶ
1160 1381 1427 1449 τιμωρίας
1453 1379 1709 1443 πολλάκις

169 1467 509 1537 σφοδρότερον
550 1468 779 1521 ἅπτεται
812 1468 905 1521 τοῦ
944 1471 1344 1540 ἡμαρτηκότος,
1378 1472 1473 1525 καὶ
1525 1472 1710 1526 δοῦλον

166 1559 280 1611 ἀντ’
315 1560 595 1628 ἐλευθέρου
634 1561 709 1631 τῷ
758 1564 1114 1631 συνεγνωκότι
1150 1566 1296 1616 ποιεῖ
1423 1564 1572 1616 δοκεῖ
1616 1563 1710 1617 καὶ

166 1652 270 1711 τοῖ;
314 1649 562 1722 θύραθεν,
594 1652 921 1725 Συγγνώμη,
953 1654 1187 1722 λέγουσι,
1218 1655 1485 1725 τιμωρίας
1531 1654 1712 1726 κρείτ-

160 1757 284 1793 των.

232 1916 327 1974 IE'.
361 1918 543 1976 Ταῦτα
566 1919 659 1973 καὶ
686 1921 854 1975 πολλά
870 1918 1004 1977 ἄλλα
1033 1924 1258 1979 τοιαίτα
1281 1928 1394 1991 τοῖς
1420 1931 1707 1997 φοιτηταῖς

160 2008 407 2076 εἰρηκὼς,
436 2010 801 2082 ἐπευξάμενὸς
825 2032 885 2067 τε
916 2014 1093 2086 ψυχῆς
1127 2017 1423 2087 σωτηρίαν,
1482 2019 1576 2071 καὶ
1618 2019 1710 2071 εὑ-

159 2098 388 2169 λογήσας
429 2102 646 2171 αὐτοὺς,
679 2105 936 2174 οὐδεμίαν
983 2110 1136 2162 νόσου
1194 2109 1377 2164 λαϐὼν
1442 2110 1709 2180 αἴσθησιν,

157 2190 279 2241 οὐδὲ
308 2192 548 2260 ἀλγήσας
595 2211 645 2245 τι
684 2196 793 2248 τῶν
834 2199 1039 2269 μορίων
1072 2200 1165 2253 τοῦ
1202 2202 1478 2271 σώματος.
1510 2205 1711 2257 ἀναπε-

162 2281 269 2333 σὼν
300 2282 354 2335 ἐν
385 2300 489 2334 τινι
518 2284 623 2336 τῶν
674 2292 988 2357 σκιμπόδιον
1016 2293 1183 2362 ἀνῆκε
1216 2295 1315 2363 μὲν
1363 2297 1488 2359 τοὺς
1523 2297 1709 2365 πόδας,

155 2372 332 2439 ἀφῆκε
360 2372 414 2424 δὲ
446 2374 542 2443 τὴν
576 2378 851 2447 μακαρίαν
879 2381 1077 2451 ψυχὴν,
1108 2385 1356 2454 χαίρουσι
1415 2388 1712 2460 χαίρουσαν

158 2466 272 2526 τοῖς
304 2464 528 2533 ἀγαθοῖς
578 2468 747 2538 αὐτὴν
798 2472 1074 2543 παραδοὺς
1115 2476 1388 2543 ἀγγέλοις,
1444 2482 1597 2550 χερσί
1652 2500 1711 2533 τε

148 2557 358 2622 ἁγίαις,
408 2557 598 2631 ὥσπερ
654 2562 798 2627 είκδς
832 2558 920 2635 ἦν,
954 2564 1032 2636 τῷ
1068 2566 1234 2637 τάφιῳ
1269 2572 1711 2639 παραπεμφθεὶς,

148 2648 237 2708 εἰς
279 2648 374 2719 τὴν
434 2651 665 2721 ἄληκτον
716 2655 1029 2723 μεταϐαίνει
1091 2658 1257 2728 ζωὴν,
1328 2659 1457 2715 ἔνθα
1504 2662 1712 2735 ἀπέδρα

148 2740 333 2808 ὀδύνη,
361 2741 504 2809 λύπη
541 2744 636 2797 καὶ
673 2750 1015 2817 στεναγμός’
1048 2750 1174 2805 ἔνθα
1225 2754 1518 2823 πρόσωπον
1580 2756 1714 2826 πρὸς

151 2830 467 2899 πρόσωπον,
535 2838 644 2899 τοῖς
680 2838 938 2908 καθαροῖς
963 2842 1060 2912 τὴν
1094 2845 1340 2913 καρδίαν,
1382 2848 1415 2916 ἡ
1441 2847 1538 2915 τῆς
1565 2847 1712 2911 Θείας

148 2924 383 2993 Τριάδος
438 2926 706 2995 ἑμφάνεια
739 2929 980 2999 γίνεται·
1031 2933 1159 2986 ἔνθα
1220 2936 1572 3006 παράκλησις
1621 2939 1715 2991 καί

144 3016 481 3082 ἀνάπαυσις,
521 3020 633 3083 τοῖς
663 3022 740 3092 τῷ
768 3022 914 3093 καλῷ
946 3025 1377 3098 προσιδρὼσασιν
1406 3030 1713 3098 ἀμπελῶνι,

145 3108 248 3158 καὶ
286 3107 383 3174 τὴν
435 3108 689 3165 ἐπίπονον
732 3115 828 3167 καὶ
874 3121 1131 3186 τραχεῖαν
1169 3120 1267 3183 τῆς
1316 3122 1519 3190 ἀρετῆς
1566 3122 1713 3175 ὁδεύ-

144 3215 301 3253 σασι.
325 3201 469 3273 Πλὴν
502 3204 637 3258 ἀλλὰ
670 3207 910 3261 τοιοῦτον
943 3210 1042 3277 μὲν
1066 3208 1188 3280 ἔσχε
1219 3212 1476 3281 Χαρίτων
1509 3214 1569 3267 τὸ
1614 3217 1711 3283 τῆς

138 3292 296 3361 ζωῆς
319 3294 491 3360 τέλος,
524 3296 621 3349 οὐκ
678 3298 868 3366 ἄδηλον
917 3299 994 3366 δὲ,
1034 3300 1154 3354 οὐδὲ
1194 3302 1297 3373 πρὸ
1334 3302 1426 3355 τοῦ
1482 3303 1708 3359 θανάτου

137 3383 319 3452 μηδὲν
349 3387 475 3455 περὶ
498 3386 687 3441 τούτου
728 3392 995 3461 προγνούς
1013 3394 1186 3449 τεκαὶ
1209 3395 1707 3468 προφθεγξάμενος,

130 3477 339 3545 ὥσπερ
368 3478 468 3549 ἤδη
518 3482 610 3534 καὶ
646 3481 950 3553 φθάσαντες
980 3486 1360 3558 ἐγνωρίσαμεν
1386 3504 1400 3519 ⁸
1429 3488 1563 3542 ἀλλά
1615 3493 1711 3543 καὶ

132 3570 277 3638 περὶ
304 3571 494 3634 αὑτοῦ,
542 3575 634 3624 καὶ
674 3574 769 3625 τοῦ
809 3576 1097 3642 μέλλοντος
1145 3578 1500 3648 ἐκταράττειν
1548 3581 1708 3633 σάλου

125 3662 243 3721 τὰς
266 3661 563 3729 ἐκκλησίας
588 3666 924 3735 προμυηθεὶς
946 3669 1338 3739 ἀκριϐέστατα.

213 3750 335 3818 ις’.
360 3754 500 3808 Ὅσα
531 3755 730 3821 τοίνυν,
767 3759 1060 3830 ἀγαπητοὶ,
1083 3761 1190 3813 τῶν
1217 3763 1427 3816 ἐκείνου
1460 3761 1710 3832 πράξεων

124 3847 236 3898 καὶ
282 3844 597 3917 θαυμάτων,
664 3850 855 3916 χρόνον
890 3867 949 3901 τε
988 3855 1083 3903 καὶ
1127 3852 1296 3922 λήθην
1330 3855 1569 3925 ἠδυνήθη
1598 3856 1682 3907 δια

122 3940 362 4005 φυγεῖν,
393 3937 562 3989 ταῦτα
607 3939 917 4006 φιλοκάλοις
965 3942 1118 4013 ὑμῶν
1165 3944 1354 4007 ἀκοαῖς
1404 3946 1708 4017 παραδεδώ-

122 4045 346 4095 καμεν.
381 4029 515 4081 Οὐδὲ
550 4030 657 4102 γὰρ
696 4032 875 4102 ὀλίγον
905 4035 965 4088 τὸ
1018 4036 1221 4106 μεταξὺ
1282 4036 1383 4107 τῆς
1436 4037 1708 4111 Αὐρηλια-

120 4116 235 4173 νοῦ
276 4119 558 4189 βασιλείας
624 4123 719 4176 καὶ
764 4127 927 4195 μέχρι
968 4127 1209 4199 τήμερον
1260 4128 1352 4183 τοῦ
1385 4130 1577 4201 χρόνου
1601 4130 1712 4187 διὰ-

120 4227 357 4281 στημα.
403 4213 555 4266 Ἐπεὶ
613 4217 705 4269 καὶ
762 4218 894 4287 παρ’
939 4219 1152 4284 οὐδενὸς
1197 4222 1347 4290 οῄδὲν
1418 4225 1708 4295 ἐγγράφως

116 4304 510 4373 καταλειφθὲν
543 4309 701 4375 ἡμεῖς
739 4310 1145 4380 παρελάϐομεν,
1180 4313 1243 4364 ἐκ
1295 4312 1388 4365 τοῦ
1422 4315 1708 4379 σπανίζειν

111 4396 226 4448 τὸν
281 4396 405 4447 τότε
445 4398 654 4465 χρόνον,
681 4397 739 4449 οὐ
771 4399 1021 4470 μοναχῶν
1075 4404 1259 4471 μονον,
1281 4401 1415 4456 ἀλλὰ
1450 4405 1543 4458 καὶ
1576 4408 1708 4479 Χρι-

115 4487 384 4541 στιανῶν
431 4489 617 4554 ἁπλῶς
675 4494 769 4546 καὶ
818 4493 898 4564 τῷ
961 4498 1101 4563 φωτὶ
1149 4499 1564 4566 σημειωθέντων
1612 4502 1709 4572 τῆς
1744 4530 1785 4583 D

111 4578 521 4644 ἐπιγνώσεως,
564 4584 700 4649 πρὸς
720 4583 774 4634 δὲ
802 4586 895 4636 καὶ
930 4586 1108 4637 αὐτῶν
1135 4589 1244 4639 τῶν
1270 4588 1441 4642 ὄντων
1490 4592 1711 4644 κλονου-

114 4668 328 4737 μένων
362 4669 702 4741 καθεκάστην
732 4675 843 4737 τοῖς
882 4674 1175 4744 διωγμοῖς.
1224 4675 1440 4731 Ἐκεῖνα
1472 4678 1529 4731 δέ
1549 4680 1709 4744 εἰσιν,

108 4755 207 4815 ὧν
256 4764 430 4832 ἡμεῖς
492 4764 729 4819 ἐνταῦθα
778 4767 876 4837 τὴν
939 4769 1159 4839 μνήμην
1214 4770 1617 4841 ἐποιησάμεθα,
1680 4772 1715 4826 ὃι

111 4854 424 4919 θεοφιλεῖς
450 4856 643 4926 ἄνδρες
691 4859 783 4911 καὶ
810 4860 1150 4931 φιλαλήθεις,
1193 4868 1321 4927 παῖς
1343 4865 1491 4936 παρὰ
1510 4868 1714 4938 πατρὸς

108 4945 366 5012 crapula
378 4945 614 5014 μϐἀνων,
632 4952 943 5019 σωματικοῦ
960 4969 1039 5019 τε,
1059 4954 1221 5023 φημὶ,
1239 4955 1331 5009 καὶ
1347 4956 1713 5026 πνευματικοῦ

111 5035 316 5106 μέχρι
358 5039 475 5090 ’καὶ
535 5039 691 5110 ἡμῶν
754 5040 1102 5097 διεσώσαντο·
1158 5046 1238 5108 εἰς
1300 5046 1456 5112 δόξαν
1506 5047 1715 5116 Πατρδς

108 5127 226 5182 χαί
259 5127 400 5181 Υἰοῦ
430 5133 521 5184 καὶ
556 5133 708 5200 ἁγίου
751 5134 1082 5203 Πνεύματος,
1110 5136 1207 5206 τῆς
1234 5139 1361 5202 μιᾶς
1397 5137 1488 5190 καὶ
1519 5140 1714 5207 ὁμοθυ-

106 5225 253 5279 σξου
311 5222 600 5291 Θεότητος,
718 5225 919 5293 πρέπει
960 5228 1109 5281 πᾶσα
1150 5226 1304 5295 δόξα,
1359 5231 1495 5301 τιμή
1529 5247 1588 5282 τε
1624 5232 1714 5285 καὶ

102 5316 521 5383 προσκύνησις
566 5315 659 5368 νῦν
686 5318 778 5370 καὶ
813 5316 897 5368 ἀεὶ
932 5319 1027 5371 καὶ
1054 5320 1131 5383 είς
1170 5323 1290 5383 τοὺς
1330 5320 1713 5392 ἀτελευτήτους

103 5404 344 5472 αἰῶνας
372 5407 481 5462 τῶν
534 5406 757 5468 αἰώνων.
802 5409 989 5483 ’Δμήν.

1815 567 1947 619 alias
1976 568 2179 634 peccati
2205 566 2448 620 sordiqu
2484 567 2820 636 expiationes
2850 566 3055 620 invenit
3077 565 3305 620 Creator
3325 574 3379 619 et

1818 658 2068 711 Salvator
2126 667 2436 711 nostrarum
2491 658 2819 721 animarum,
2861 664 3044 725 utpote
3093 655 3378 724 lacrymas,

1813 747 2067 818 gemitus.
2104 747 2284 801 cordis
2330 748 2742 811 contritionem,
2775 747 3066 817 jejunium,
3110 745 3380 814 precatio—

1814 855 1959 905 nem,
1988 840 2137 892 humi
2164 839 2533 903 cubationetn,
2566 838 2687 892 etsi
2723 837 2867 907 quod
2915 848 2998 892 est
3030 836 3170 890 aliud
3207 836 3379 890 medi-

1814 938 2119 984 catuentum
2168 929 2412 999 benignae
2460 930 2811 997 poenitentiae.
2847 929 2952 984 Sed
2993 927 3224 983 diliicilia
3251 935 3378 980 sunt

1817 1020 1929 1073 hcce
1953 1028 2005 1072 et
2033 1018 2319 1082 laboriosa,
2372 1019 2580 1074 etiamsi
2620 1019 2840 1072 multam
2869 1020 3148 1089 praebeant
3177 1018 3377 1071 utilita-

1817 1118 1945 1165 tem.
1978 1109 2159 1163 Unum
2178 1120 2356 1163 autem
2386 1109 2534 1173 novi,
2564 1111 2708 1177 quod
2740 1119 2823 1165 est
2846 1110 3132 1163 admodum
3158 1108 3373 1176 quidem

1814 1215 2005 1269 expers
2040 1201 2257 1265 laboris,
2298 1202 2363 1255 ad
2390 1201 2699 1271 purgandas
2739 1213 2924 1256 autem
2953 1201 3146 1254 animae
3184 1201 3379 1254 sordes

1814 1300 1898 1345 est
1945 1295 2360 1348 validissimum.
2387 1294 2527 1360 Quid
2557 1295 2654 1348 hoc
2677 1294 2794 1348 est?
2821 1294 2889 1347 lis
2919 1298 3010 1361 qui
3029 1293 3374 1362 delinquunt,

1813 1392 2031 1451 peccata
2066 1384 2361 1439 dimittere.
2386 1384 2538 1451 Quod
2558 1384 2774 1455 quidem
2811 1399 2919 1438 non
2949 1392 3030 1438 est
3058 1383 3230 1438 solum
3268 1382 3377 1436 Deo

1815 1484 2051 1544 gratum,
2084 1485 2139 1529 et
2165 1486 2479 1530 nostrorum
2506 1476 2770 1530 malorum
2815 1476 2881 1530 ab
2914 1489 2977 1529 eo
3004 1482 3193 1528 exorat
3222 1472 3377 1527 solu-

1818 1554 2040 1628 tionem,
2077 1566 2170 1618 sed
2204 1565 2367 1619 etiam
2402 1565 2667 1635 supplicio
2706 1580 2848 1635 saepe
2884 1564 3259 1621 vehementius
3290 1572 3375 1616 at-

1818 1656 1975 1725 tingit
2004 1670 2149 1719 eum,
2181 1656 2273 1725 qui
2305 1656 2570 1724 peccavit,
2605 1664 2659 1709 et
2689 1671 2784 1724 pro
2803 1656 2971 1709 libero
3006 1655 3134 1709 facit
3160 1671 3375 1708 servum

1817 1748 1887 1812 ei,
1920 1747 2011 1816 qui
2068 1747 2311 1816 ignovit:
2344 1746 2618 1816 quomodo
2649 1746 2813 1801 etiam
2867 1746 3102 1810 videtur,
3138 1744 3377 1800 externis

1743 1830 1783 1885 Β
1813 1838 2154 1894 dicentibus:
2193 1839 2285 1893 Est
2314 1839 2470 1893 venia
2507 1837 2774 1908 supplicio
2806 1840 3100 1907 potentior.

1883 1928 1992 1983 XV.
2030 1929 2165 1984 Cum
2215 1928 2331 1983 haec
2377 1937 2432 1982 et
2478 1928 2645 1982 multa
2685 1926 2791 1981 alia
2835 1925 3101 1996 ejusmodi
3158 1925 3378 1981 dixisset

1810 2018 2115 2087 discipulis,
2140 2028 2193 2072 et
2226 2028 2481 2086 precatus
2522 2026 2670 2071 esset
2712 2017 2940 2070 salutem
2973 2017 3189 2078 animat,
3214 2024 3267 2069 et
3298 2016 3377 2068 eis

1810 2110 2201 2176 benedixisset,
2232 2110 2441 2163 nullum
2474 2116 2654 2162 autem
2704 2109 3007 2178 accepisset
3040 2106 3216 2161 morbi
3251 2121 3379 2160 seu-

1811 2213 1953 2264 sum,
1987 2213 2164 2268 neque
2197 2198 2429 2266 partium
2466 2198 2709 2268 corporis
2738 2198 2903 2252 ullum
2937 2197 3195 2252 sensisset
3227 2196 3380 2249 dolo-

1814 2307 1954 2357 rem,
1991 2293 2043 2345 in
2073 2292 2307 2361 quodam
2346 2292 2489 2346 lecto
2534 2291 2881 2352 accumbens,
2915 2289 3126 2343 remisit
3155 2286 3376 2355 quidem

1812 2380 1998 2449 pedes,
2024 2379 2205 2433 emisit
2251 2389 2432 2433 autem
2472 2378 2685 2433 beatam
2733 2392 2946 2449 quoque
2990 2375 3249 2438 animam,
3283 2373 3374 2427 lae-

1815 2470 2051 2523 tantibus
2103 2470 2277 2524 laetam
2312 2484 2428 2522 eam
2485 2468 2703 2523 tradens
2747 2468 2978 2536 angelis;
3016 2467 3376 2534 manibusque

1812 2561 2036 2625 sanctis,
2076 2570 2132 2614 ut
2182 2577 2277 2628 par
2335 2569 2471 2626 erat,
2507 2558 2791 2614 mandatus
2836 2558 3149 2628 sepulturae,
3182 2556 3378 2610 transit

1811 2651 1877 2704 ad
1906 2651 2090 2714 vitam,
2122 2667 2242 2721 quae
2270 2667 2544 2720 nunquam
2570 2651 2787 2706 desinit.
2834 2651 2953 2717 Quo
2982 2651 3033 2704 in
3070 2650 3189 2704 loco
3221 2647 3379 2702 aufu-

1812 2742 1886 2813 git
1914 2742 2089 2805 dolor,
2113 2741 2365 2797 molestia
2389 2754 2443 2797 et
2471 2743 2725 2813 gemitus.
2759 2742 2878 2806 Quo
2910 2743 2963 2795 in
2988 2742 3106 2795 loco
3136 2741 3273 2794 facie
3309 2740 3377 2793 ad

1814 2832 2008 2887 faciem
2038 2832 2126 2897 iis,
2152 2834 2241 2903 qui
2282 2843 2410 2889 sunt
2461 2832 2666 2886 mundo
2710 2831 2893 2898 corde,
2921 2830 3162 2885 cernitur
3191 2829 3377 2884 divina

1814 2924 2070 2979 Trinitas.
2101 2924 2218 2990 Quo
2255 2927 2452 2983 inloco
2483 2936 2565 2981 est
2587 2924 2772 2980 laetitia
2789 2934 2844 2979 et
2875 2922 3163 2980 exsultatio
3191 2920 3378 2975 ineﬂ‘a-

1812 3018 1956 3073 bilis.
1993 3018 2111 3084 Quo
2143 3022 2194 3073 in
2223 3021 2342 3074 loco
2373 3030 2455 3073 est
2482 3020 2780 3074 consolatio
2811 3025 2866 3073 et
2899 3019 3114 3086 requies
3163 3016 3247 3081 iis,
3281 3014 3375 3083 qui

1816 3108 1869 3162 iu
1925 3110 2153 3178 pulchra
2197 3110 2532 3165 sudaverunt
2575 3109 2752 3175 vinea,
2786 3118 2839 3164 et
2873 3108 3100 3179 ingressi
3136 3114 3264 3161 sunt
3296 3106 3375 3158 la-

1818 3200 2094 3255 boriosum
2128 3212 2181 3255 et
2215 3217 2466 3271 asperum
2518 3202 2621 3257 iter
2650 3200 2888 3256 virtutis.
2920 3199 3028 3255 Sed
3070 3199 3229 3253 talem
3260 3196 3378 3267 qui-

1816 3289 1939 3343 dem
1989 3290 2179 3344 habuit
2242 3292 2362 3345 vitze
2398 3293 2600 3346 exitum
2649 3291 2929 3357 Chariten,
2954 3305 3063 3343 non
3110 3289 3199 3358 qui
3250 3299 3375 3343 ante

1816 3391 2047 3436 mortem
2088 3382 2220 3437 nihil
2272 3384 2652 3453 praescivisset,
2696 3392 2792 3437 aut
2843 3382 3196 3454 praedixisset,
3233 3380 3375 3435 sicut

1816 3476 1969 3545 prius
2008 3476 2244 3531 diximus
2286 3494 2298 3530 :
2330 3478 2425 3532 sed
2467 3479 2532 3533 de
2563 3493 2647 3543 ea,
2678 3486 2732 3531 et
2774 3477 2842 3531 de
2883 3485 3221 3545 tempestate,
3255 3489 3375 3542 quae

1816 3574 1931 3617 erat
1964 3577 2216 3619 vexatura
2247 3568 2536 3637 Ecclesias,
2564 3567 2967 3625 accuratissime
2996 3565 3375 3638 signiﬁcasset.

1884 3762 2023 3818 XVI.
2053 3761 2400 3834 Quaecunque
2441 3779 2593 3835 ergo,
2625 3778 2657 3818 ο
2686 3762 2893 3828 dilecti,
2926 3778 2991 3818 ex
3034 3762 3179 3817 illius
3221 3759 3377 3815 factis

1817 3863 1870 3909 ct
1906 3854 2198 3917 miraculis,
2231 3866 2442 3927 tempus
2470 3865 2525 3911 et
2558 3856 2882 3911 oblivionem
2914 3859 3208 3925 potuerunt
3240 3852 3376 3907 effu-

1816 3960 1961 4015 gere,
1998 3960 2058 3998 ea
2088 3946 2344 3999 studiosis
2376 3947 2569 4001 vestris
2616 3948 2841 4000 auribus
2888 3945 3228 4001 tradidimus.
3272 3941 3377 3995 Ne-

1814 4052 1921 4107 que
1982 4037 2128 4092 enim
2178 4038 2522 4094 intervallum
2578 4038 2847 4094 modicum
2900 4038 3041 4092 inter
3094 4025 3375 4091 Aureliani

1818 4130 2102 4199 imperium
2161 4141 2214 4185 et
2257 4132 2360 4185 hoc
2409 4140 2622 4201 tempus
2674 4130 2979 4186 intercedit.
3016 4128 3125 4184 Nos
3166 4127 3310 4183 enim
3343 4142 3375 4182 a

1816 4222 1964 4275 nullo
2005 4221 2222 4290 scriptis
2264 4222 2556 4291 quidquam
2604 4222 2917 4276 mandatum
2965 4221 3276 4290 accepimus
3309 4235 3375 4274 ex

1816 4313 1938 4377 hoc,
1971 4314 2115 4384 quod
2146 4328 2211 4368 eo
2246 4322 2488 4383 tempore
2518 4323 2705 4368 essent
2736 4313 2888 4382 pauci
2915 4328 3023 4367 non
3051 4312 3224 4367 solum
3253 4326 3373 4365 mo-

1815 4406 1997 4469 nachi,
2031 4406 2125 4461 sed
2155 4406 2315 4460 etiam
2361 4406 2585 4460 omnino
2628 4405 2945 4472 Christiani,
2976 4414 3030 4460 et
3063 4403 3154 4473 qui
3187 4409 3374 4459 essent

1814 4501 2008 4571 signati
2049 4500 2167 4553 luce
2213 4500 2539 4569 cognitionis
2573 4515 2586 4550 :
2619 4497 2653 4549 ii
2688 4507 2889 4561 autem,
2922 4496 3011 4564 qui
3050 4503 3224 4559 erant,
3259 4493 3369 4562 agi-

1814 4594 2066 4645 tabantur
2119 4589 2447 4658 quotidianis
2494 4585 2987 4659 persecutionibus.
3043 4584 3140 4638 llla
3188 4589 3371 4637 autem

1813 4692 1959 4747 sunt,
1992 4696 2220 4751 quorum
2258 4679 2347 4735 hic
2372 4680 2598 4735 fecimus
2635 4678 2990 4742 mentionem,
3020 4691 3138 4747 quas
3172 4673 3271 4727 viri
3297 4674 3370 4743 pii

1814 4787 1869 4832 et
1892 4776 2130 4832 veritatis
2171 4784 2464 4839 amatores,
2502 4772 2644 4826 filius
2677 4786 2705 4825 a
2748 4778 2901 4841 patre
2930 4767 3223 4839 accipiens,
3251 4780 3372 4820 eor-

1814 4866 2007 4938 porali,
2038 4866 2277 4934 inquam,
2301 4874 2358 4920 et
2393 4863 2643 4934 spiritali,
2672 4868 3066 4917 conservarunt
3091 4857 3157 4911 ad
3185 4864 3368 4911 nostra

1816 4973 1983 5027 usque
2008 4966 2251 5027 tempora
2287 4972 2301 5010 :
2346 4955 2413 5010 a'd
2439 4954 2663 5026 gloriam
2700 4952 2894 5017 Patris,
2927 4960 2983 5006 et
3016 4949 3138 5003 Filii
3167 4946 3369 5018 etSpi-

1813 5050 1950 5105 ritus
1974 5051 2171 5113 sancti,
2204 5051 2364 5104 unius
2391 5057 2446 5103 et
2472 5047 2714 5117 ejusdem
2744 5043 2991 5099 essentia
3020 5038 3325 5095 Divinitatis
3352 5053 3367 5091 :

1812 5156 1974 5209 quam
2004 5140 2160 5195 decet
2188 5141 2365 5193 omnis
2395 5138 2580 5206 gloria,
2620 5137 2810 5201 honor,
2839 5143 2893 5190 et
2924 5130 3167 5189 adoratio
3198 5140 3367 5194 nunc,

1813 5242 1868 5289 et
1907 5237 1959 5288 in
1993 5233 2184 5289 saecula
2216 5231 2557 5288 saeculorum.
2589 5228 2783 5285 Amen.
