4154 6318
148 362 240 428 921

1417 369 1596 432 νιΤΑ
1637 370 1697 430 S.
1727 370 2053 432 CYRIACI.

3245 368 3353 431 922

146 475 264 536 τοὺς
314 472 449 526 κατὰ
478 471 671 541 γενεάν
734 470 972 544 ἑκάστην
1024 473 1457 545 εὖηρεστηκότας
1498 473 1685 544 αὐτῷ,

1794 480 1939 533 tione
1965 479 2314 548 placuerunt,
2346 486 2492 532 tanto
2520 476 2590 531 sit
2618 477 2823 530 honore
2849 474 3121 545 dignatus,
3149 490 3352 546 eosque

146 562 460 632 τηλικαύτης
508 563 707 633 ἠξίωσε
751 565 848 634 τῆς
880 565 1067 635 τιμῆς,
1103 567 1195 619 καὶ
1234 566 1518 638 λαμπροὺς
1547 565 1689 621 οὕτω

144 656 233 729 καὶ
267 656 571 726 περιδόξους
602 656 867 726 πεποίηκε
906 659 995 711 τὸν
1037 658 1137 728 μὲν
1171 656 1333 713 Ἅϐελ
1377 660 1467 714 διὰ
1498 661 1688 724 θυσίας

144 744 376 810 δοξάσας,
427 746 518 798 τὸν
549 746 603 799 δὲ
654 746 824 817 Ἑνὼχ
868 747 1366 819 διέὺαρεστήσεως
1408 752 1473 821 τῇ
1523 766 1689 819 μετα·

144 837 279 889 θέσει
319 838 548 907 τιμήσας
571 853 583 867 ·
618 838 706 892 διὰ
741 838 1109 906 δικαιοσύνης,
1155 839 1425 910 σπινθῆρα
1459 840 1547 893 τοῦ
1597 841 1689 908 γέ-

144 938 258 984 νους
300 922 385 975 τὸν
430 923 552 976 Νῶε
591 922 895 994 [σπινθῆρα
945 925 1022 996 τῷ
1050 926 1172 979 Νῶε
1201 929 1216 958 ³
1286 928 1525 997 φυλάξας
1551 944 1564 957 ·
1601 929 1689 981 τὸν

155 1011 410 1082 Ἀϐραὰμ,
441 1013 528 1067 διὰ
574 1015 806 1078 πίστεως
852 1016 1061 1086 πατέρα
1107 1017 1317 1071 πολλῶν
1345 1020 1516 1072 ἐθνῶν
1561 1020 1689 1073 ἅνα-

140 1101 350 1168 δείξας·
408 1105 506 1172 τὴν
574 1104 769 1174 εὐσεϐῆ
838 1105 931 1158 τοῦ
1001 1106 1334 1177 Μελχισεδὲκ
1390 1108 1688 1178 ἱερωσύνην

141 1194 568 1264 ἀποδεξάμενος·
620 1194 897 1267 ὑπομονῆς
947 1214 1007 1251 τε
1057 1200 1147 1251 καὶ
1194 1201 1546 1269 σωφροσύνης
1596 1203 1687 1257 τὸν

159 1282 345 1351 Ἰωσὴφ
372 1284 553 1336 εἰκόνα
582 1283 657 1353 τῷ
690 1284 809 1354 βίῳ,
838 1287 931 1339 καὶ
958 1286 1047 1339 τὸν
1093 1286 1211 1339 Ἰὼϐ
1240 1292 1682 1360 παρασχόμενος·

136 1373 226 1425 τὸν
263 1374 456 1427 Μωσέα
495 1375 793 1447 νομοθέτην
828 1376 1145 1442 ἀναδείξας⁴
1184 1377 1383 1451 σελήνῃ
1416 1382 1513 1435 καὶ
1553 1383 1687 1454 ἡλίῳ

136 1465 343 1533 ἡνίοχον
381 1465 588 1535 Ἰησοῦν
623 1467 711 1519 τὸν
737 1468 829 1521 τοῦ
868 1468 1025 1538 Ναυῆ
1060 1470 1441 1539 καταστήσας·
1474 1476 1688 1543 προφή-

133 1570 251 1624 την,
282 1554 374 1607 καὶ
396 1555 643 1625 βασιλέα,
678 1559 771 1611 καὶ
808 1575 843 1628 φ
857 1559 1043 1630 ρικτοῦ
1088 1562 1387 1633 μυστηρίου
1427 1563 1689 1633 πρόγονον

130 1648 222 1698 τὸν
278 1648 443 1703 Δαυῖδ
503 1650 828 1718 ἀποδείξας·
880 1653 981 1721 τῆς
1045 1654 1386 1717 Βαϐυλωνίας
1457 1657 1686 1724 καμίνου

129 1736 229 1805 τὴν
261 1737 429 1805 φλόγα
456 1740 568 1803 τοῖς
600 1741 783 1793 παισὶν
813 1740 891 1802 είς
920 1740 1109 1810 δρόσον
1143 1743 1545 1812 μεταποιήσας.

1790 574 1923 628 adeo
1946 574 2120 627 claros
2150 570 2388 627 eil'ecerit
2424 580 2475 627 et
2506 570 2787 643 gloriosos,
2822 577 2881 623 ut
2906 568 2996 638 qui
3045 568 3179 623 Abel
3229 584 3355 639 pro-

1790 670 1909 737 pter
1926 666 2249 721 sacriﬁcium
2295 665 2459 736 gloria
2506 662 2747 718 aiiecerit
2778 679 2793 721 :
2828 660 3015 715 Enoch
3064 669 3353 730 propterea

1787 759 1931 828 quod
1960 759 2008 812 ei
2052 758 2333 829 placuerit,
2368 757 2719 812 translatiOne
2764 754 3045 808 honorarit
3079 769 3094 806 :
3133 764 3353 823 propter

1786 851 2075 920 justitiam,
2126 851 2410 905 scintillam
2447 848 2660 918 generis
2700 845 2812 900 Noe
2849 845 3123 898 servarit:
3182 845 3355 898 Abra-

1790 938 1937 999 ham,
1993 947 2214 1007 propter
2262 937 2446 1001 ﬁdem,
2498 945 2706 1006 patrem
2763 933 3052 988 multarum
3105 932 3350 1003 gentium

1790 1027 2254 1098 eﬂ‘eceritzpium
2312 1027 2706 1082 Melchisedech
2768 1026 3139 1081 sacerdotium
3198 1040 3353 1080 acce-

1789 1130 1940 1189 ptum
2008 1120 2617 1189 habuerit:patientize
2676 1128 2733 1172 et
2795 1117 3078 1181 castitatis,
3141 1117 3349 1187 Joseph

1788 1210 2079 1281 imaginem
2120 1210 2344 1275 mundo,
2378 1220 2432 1265 et
2464 1209 2565 1265 Job
2596 1210 2888 1279 praebuerit
2939 1226 2952 1262 :
3003 1207 3206 1263 Mosem
3270 1210 3349 1262 le-

1786 1303 2089 1373 gislatorcm
2132 1303 2321 1359 fecerit
2352 1321 2365 1357 :
2396 1304 2535 1357 lunae
2585 1312 2638 1359 et
2712 1302 2813 1357 soli
2854 1302 3092 1372 aurigam
3162 1302 3349 1357 Jesum

1787 1393 1935 1449 Nave
1968 1393 2202 1463 (tilium)
2238 1393 2582 1449 constituerit
2614 1411 2625 1446 :
2660 1391 3010 1462 PrOphetam,
3041 1404 3097 1447 et
3144 1408 3348 1463 regem,

1787 1494 1843 1540 et
1890 1485 2141 1554 stupendi
2182 1485 2424 1554 mysterii
2462 1484 2860 1553 progenitorem
2895 1483 3061 1538 David
3099 1484 3351 1538 reddideo

1791 1577 1861 1631 rit
1892 1595 1903 1628 :
1934 1575 2269 1647 Babylonica:
2299 1574 2539 1630 fornacis
2568 1574 2836 1629 ﬂammam
2872 1575 3059 1645 pueris
3085 1574 3138 1629 in
3173 1589 3350 1630 rorem

1788 1669 2184 1723 transmutarit.

204 1827 340 1897 Πρὸς
361 1828 589 1891 τούτοις,
614 1829 869 1897 ἠπορεῖτο
891 1827 1050 1881 πλέον
1076 1829 1257 1881 ἐκεῖνα
1281 1829 1684 1900 διανοούμενος,

1861 1829 2124 1884 Praeterea
2159 1830 2213 1882 in
2249 1827 2440 1898 majori
2484 1826 2804 1883 versabatur
2852 1821 3215 1885 dubitatione,
3261 1822 3349 1876 illa

128 1921 221 1969 τὸν
247 1919 398 1970 τόκον
438 1917 529 1969 τὸν
565 1917 825 1989 ἄσπορον,
858 1917 957 1990 τὴν
987 1920 1254 1991 παρθένον
1280 1920 1447 1989 αὐτὴν
1474 1923 1567 1975 καὶ
1592 1939 1688 1992 μη·

126 2007 288 2077 τέρα·
318 2008 461 2071 ὅπως
490 2024 549 2061 τε
592 2008 723 2071 Θεὸς
762 2009 933 2079 Λόγος
962 2009 1056 2077 ὣν,
1094 2010 1378 2082 ἄνθρωπος
1406 2014 1689 2085 ἀτρέπτως

129 2100 385 2167 ἐγένετο·
429 2099 525 2153 καὶ
561 2101 705 2165 ὅπως
745 2101 835 2155 διὰ
882 2102 1117 2173 σταυροῦ
1146 2104 1235 2157 τὸν
1287 2105 1419 2176 ᾅδην
1466 2086 1690 2159 σκυλεύ-

132 2206 245 2244 σειε
263 2190 631 2263 ίσκυλεύσειεν
660 2193 727 2267 ¹],
756 2194 846 2248 τὸν
867 2196 1158 2250 ἀπατεῶνά
1178 2212 1234 2248 τε
1258 2196 1379 2265 ὅφιν
1411 2198 1691 2267 κατήργη-

130 2296 215 2345 ac,
248 2283 338 2335 καὶ
367 2282 455 2335 τὸν
493 2282 663 2354 ’Δδὰμ
693 2285 771 2346 είς
800 2282 887 2337 τὸν
933 2283 1259 2355 παράδεισον
1302 2283 1456 2349 αὖθις
1491 2286 1692 2355 stravi}-

130 2382 291 2432 ταγε.

204 2456 386 2510 Ταῦτα
433 2459 526 2511 καὶ
574 2459 643 2512 τὰ
702 2460 927 2513 τοιαῦτα
978 2461 1055 2524 είς
1111 2461 1233 2514 νοῦν
1290 2463 1614 2537 βαλλόμενος
1665 2474 1693 2525 ό

130 2543 432 2614 Κυριακδς,
470 2544 882 2616 διεθερμαίνετο
927 2546 1025 2619 τὴν
1078 2549 1305 2620 καρδίαν
1343 2550 1473 2622 θείῳ
1519 2556 1687 2627 ζήλῳ,

126 2636 229 2691 καί
279 2653 362 2701 τις
407 2638 570 2692 αὑτὸν
615 2638 1013 2717 ἔννοιαείσῂει,
1060 2641 1159 2713 βίῳ
1206 2642 1446 2709 καὶτοῖς
1501 2648 1557 2700 ιν
1594 2647 1691 2718 βίῳ

125 2728 344 2799 χαίρειν
368 2730 610 2794 εἰπόντα,
643 2733 734 2785 ἐπὶ
789 2732 887 2803 τὴν
936 2734 1099 2802 ἁγίαν
1155 2736 1452 2804 ἀφικέσθαι
1514 2740 1688 2804 πόλιν,

128 2822 227 2871 καὶ
257 2820 422 2888 ἁγίως
468 2823 527 2874 ἑν
557 2823 696 2891 ἁγίῳ
726 2822 917 2892 βιῶσαι
969 2826 1137 2896 τόπῳ,
1172 2830 1238 2898 τῇ
1287 2828 1489 2900 ἠσυχίᾳ
1522 2848 1693 2902 προσ-

127 2910 401 2980 κείμενον.
425 2913 579 2966 Κατὰ
596 2913 714 2968 τινά
741 2913 791 2982 γ’
810 2908 902 2968 οὖν
928 2930 1059 2968 ποτε
1075 2919 1123 2970 Κ
1138 2920 1393 2990 υριακὴν,
1426 2922 1522 2991 τῆς
1545 2923 1692 2985 θείας

125 3006 191 3059 ιν
223 3004 299 3073 τῷ
331 3004 644 3074 εὐαγγελίῳ
675 3009 855 3090 φωνῆς
884 3007 1121 3073 ἀκούσας
1147 3022 1162 3040 ·
1201 3010 1268 3064 Ei
1294 3028 1377 3075 τις
1407 3012 1552 3067 θέλει
1579 3015 1694 3070 όπίο

1788 1924 2053 1994 cegitans,
2088 1930 2301 1991 partum
2350 1922 2467 1975 sine
2519 1920 2751 1981 semine,
2790 1915 3067 1986 Virginem
3102 1914 3348 1970 eamdem

1788 2025 1843 2072 et
1866 2023 2096 2070 matrem
2131 2031 2144 2066 :
2173 2021 2227 2067 et
2260 2012 2531 2081 quomodo
2564 2009 2822 2071 Verbum,
2856 2022 2979 2061 cum
3012 2006 3154 2060 Deus
3182 2013 3348 2069 esset,

1789 2106 1951 2162 homo
1985 2105 2101 2160 sine
2126 2104 2422 2159 mutatione
2460 2102 2661 2156 factum
2691 2101 2799 2154 sit:
2822 2108 2879 2156 et
2910 2113 3017 2171 quo
3061 2105 3221 2170 pacto
3257 2111 3353 2169 per

1789 2210 2006 2251 crucem
2048 2194 2254 2248 inferos
2284 2194 2618 2266 spoliaverit,
2662 2192 3012 2263 fallacemque
3041 2200 3351 2260 serpentem

1790 2284 2033 2361 fregerit,
2095 2292 2149 2343 et
2206 2288 2471 2342 Adamum
2534 2301 2724 2341 rursus
2783 2286 2837 2339 in
2897 2284 3209 2355 paradisum
3267 2296 3355 2336 re.

1791 2382 2026 2439 duxerit.

1804 2522 1810 2533 .
1866 2476 1992 2532 Haec
2031 2485 2086 2530 et
2133 2474 2330 2530 similia
2364 2480 2543 2528 mente
2574 2472 2786 2541 agitans
2829 2468 3110 2540 Cyriacus,
3164 2467 3351 2522 divino

1794 2569 1908 2623 zelo
1957 2569 2010 2622 in
2066 2569 2230 2623 corde
2281 2564 2739 2627 inﬂammabatur,
2792 2562 2952 2631 eique
3000 2560 3255 2614 veniebat
3298 2559 3354 2610 iu

1793 2670 2052 2723 mentem,
2100 2658 2307 2711 mundo
2336 2667 2391 2711 et
2435 2656 2501 2711 iis
2532 2671 2651 2725 quae.
2683 2656 2737 2709 in
2774 2654 2975 2708 mundo
3016 2661 3144 2706 sunt
3173 2650 3355 2706 valere

1792 2750 1976 2823 jussis,
2008 2749 2063 2802 in
2097 2756 2337 2803 sanctam
2370 2761 2428 2801 se
2464 2746 2716 2800 conferre
2747 2743 3051 2803 Civitatem.
3082 2753 3137 2796 et
3168 2751 3356 2796 sancte

1795 2845 1852 2900 in
1884 2852 2070 2899 sancto
2098 2840 2219 2895 loco
2240 2849 2295 2895 et
2324 2838 2378 2893 in
2408 2852 2624 2893 secessu
2653 2835 2869 2906 degere.
2902 2832 3146 2901 Quodam
3174 2832 3357 2901 itaque

1795 2937 1883 2990 die
1918 2934 2221 2999 Dominico,
2271 2949 2394 2989 cum
2430 2933 2667 2988 divinam
2718 2930 2773 2983 in
2839 2926 3127 2998 Evangelio
3167 2940 3356 2981 vocem

1796 3026 2102 3080 audiisset:
2162 3023 2221 3078 Si
2266 3024 2383 3092 quis
2431 3022 2542 3074 vult
2590 3028 2699 3088 post
2746 3035 2823 3071 me
2857 3020 3053 3080 venire,
3105 3015 3361 3085 (abneget

130 3114 215 3150 σω
260 3113 359 3167 μου
398 3096 590 3163 ἐλθεῖν,
637 3100 1046 3171 ἀπαρνησάσθω
1090 3104 1304 3171 ἑαυτὸν,
1358 3108 1454 3161 καὶ
1506 3109 1694 3180 ἀράτω

1795 3119 2146 3187 semetipsum,
2194 3114 2277 3183 et)
2331 3111 2488 3166 tollat
2536 3127 2737 3165 crucem
2787 3125 2963 3171 suam,
3013 3116 3060 3162 et
3108 3118 3358 3178 sequatur

127 3190 229 3244 τὸν
286 3190 519 3261 σταυρὸν
570 3192 791 3258 αὑτοῦ,
826 3193 920 3246 καὶ
975 3186 1339 3275 ἀκολουθείτω
1404 3217 1529 3268 μοι·
1594 3202 1695 3255 οὐκ

127 3279 303 3335 εδωκέ
338 3279 556 3354 [ἔδωκεν
586 3282 773 3354 ⁸]τινι
831 3282 888 3334 τὸ
946 3285 1178 3354 πρᾶγμα
1230 3287 1526 3360 μελλήσει,
1576 3292 1697 3345 οὐδὲ

128 3375 347 3445 βραχὺν
389 3376 583 3445 ἐπέσχε
627 3373 836 3445 χρόνον,
886 3375 920 3445 ἢ
956 3375 1281 3448 διεσκέψατο
1307 3395 1320 3409 ·
1362 3380 1475 3434 ἀλλ’
1504 3383 1581 3447 είς
1608 3383 1695 3456 ἔρ-

124 3482 229 3534 γον
269 3467 427 3528 εὐθὺς
458 3466 558 3537 τὴν
603 3465 828 3537 γνώμην
861 3468 1071 3539 προῆγε
1095 3486 1110 3503 ·
1143 3473 1236 3524 καὶ
1269 3473 1370 3541 τῆς,
1397 3474 1698 3545 ἐκκλησίας

126 3559 265 3629 σιγῇ
292 3556 365 3622 ὡς
393 3554 533 3629 εἶχεν
565 3559 893 3626 ὑπεξελθὼν,
931 3563 1010 3623 είς
1039 3563 1319 3632 Κεγχρεὰς
1351 3566 1659 3633 ἀφικνεῖται
1680 3585 1695 3600 ·

123 3653 229 3705 καὶ
253 3651 440 3705 πλοίου
471 3651 704 3705 ἐνταῦθα
730 3654 809 3716 εἰς
834 3650 1193 3722 Παλαιστίνην
1211 3654 1556 3725 καταίροντος
1581 3657 1700 3711 ἑπι-

121 3742 256 3804 σὰς,
286 3743 420 3811 πρὸς
459 3741 804 3812 Ἱεροσόλυμα
844 3741 1047 3815 σπουδῇ
1099 3746 1478 3817 παραγίνεται,
1530 3750 1701 3804 ὀκτω-

125 3829 461 3885 καιδέκατον
502 3831 602 3903 ἠδη
645 3833 883 3902 γεγονὼς
922 3834 1072 3902 ἔτος,
1119 3840 1291 3907 ινάτῳ
1335 3840 1434 3909 μὲν
1478 3842 1541 3911 δὴ
1600 3844 1700 3914 τῆς

123 3921 416 3992 βασιλείας
450 3924 675 3989 Λέοντος
716 3926 810 3979 τοῦ
848 3928 1082 3996 μεγάλου
1132 3929 1385 4001 ἐνιαυτῷ,
1426 3932 1599 4005 ὀγδόῳ
1642 3935 1698 3990 δὲ

138 4015 500 4068 ⁹Δναστασίου
530 4017 628 4084 τῆς
666 4018 1048 4089 Ἱεροσολύμων
1077 4022 1411 4094 ίεραρχίαςν

217 4107 462 4161 Ἐκεῖθεν
490 4109 668 4162 τοίνυν
690 4112 768 4173 είς
793 4110 890 4182 τὴν
929 4111 1089 4181 ἁγίαν
1120 4115 1272 4168 πόλιν
1316 4117 1504 4181 ἐλθὼν,
1552 4121 1701 4192 παρὰ

118 4199 212 4270 τῷ
249 4200 470 4273 μεγάλῳ
536 4202 850 4275 Εὐστοργίῳ
890 4206 1207 4271 κατάγεται,
1250 4208 1420 4279 ἀνδρὶ,
1463 4210 1595 4279 φίλῳ
1640 4230 1699 4267 τε

118 4289 340 4359 ἀρετῆς
380 4290 574 4354 ἄλλως,
624 4294 864 4355 καὶτοῖς
916 4295 1011 4345 τοῦ
1037 4294 1353 4365 Πνεῦματος
1399 4301 1698 4370 χαρίσμασι

115 4380 495 4451 διαλάμποντι
514 4399 527 4412 ·
553 4384 581 4434 ό
596 4381 651 4434 δὲ
672 4377 757 4436 οἷα
779 4383 1124 4455 φιλόστοργος
1144 4387 1219 4457 τῷ
1246 4387 1356 4441 ὄντι
1383 4388 1597 4463 [mni]?
1621 4394 1641 4424 ο
1662 4393 1693 4466 Ι.

123 4472 308 4542 πολλῇ
351 4473 536 4525 τοῦτον
570 4473 757 4545 ὥσπερ
802 4477 948 4540 είκδς
994 4478 1263 4543 δεξιοῦται
1315 4484 1381 4550 τῇ
1425 4483 1696 4539 διαθέσει·

120 4565 229 4617 καὶ
271 4563 406 4635 πρὸς
429 4563 506 4638 τῷ
538 4566 628 4621 ὑπ’
654 4568 864 4622 ἐκείνου
901 4568 1002 4639 ἤδη
1046 4571 1297 4625 συστάντι
1329 4573 1554 4644 πλησίον
1601 4578 1700 4648 τῆς

207 4746 289 4820 (3)
324 4745 461 4820 Hinc
517 4746 687 4815 liquet
727 4748 1087 4820 _Anastasium
1165 4749 1477 4807 ordinatum
1535 4754 1701 4814 fuisse

114 4818 598 4889 Jerosolymorum
653 4818 1009 4889 episcopum,
1059 4832 1203 4889 anno
1281 4821 1404 4876 458.
1460 4823 1516 4878 Id
1575 4841 1701 4883 Vero

116 4888 613 4967 contigisseninitio
645 4890 850 4967 mensis
876 4888 1020 4967 Julii.
1058 4888 1219 4967 habet
1249 4890 1368 4967 Vita
1399 4893 1449 4946 S.
1486 4894 1701 4967 Euthy-

117 4960 228 5013 mii
261 4976 292 5008 ει
325 4957 904 5031 Cyril_lo_conscripta,_
928 4960 980 5010 in
1020 4975 1122 5030 qua
1165 4961 1380 5031 legitur,
1425 4978 1569 5019 anno
1607 4957 1697 5025 8'3.

117 5027 474 5106 vitgsancti
524 5025 832 5097 Euthymii,
878 5025 1192 5106 Juverialem
1221 5025 1695 5106 fJeros'olymorum

117 5099 649 5167 archiepiscopum,
702 5112 824 5152 cum
860 5113 1056 5153 annum
1099 5100 1169 5154 44
1227 5101 1276 5152 in
1328 5099 1696 5161 Patriarcbatu

118 5169 446 5240 implesset,
501 5170 664 5240 vitam
716 5167 985 5233 ﬁnivisse;
1044 5171 1388 5225 Anastasium
1453 5189 1581 5228 vero
1645 5179 1697 5231 in

115 5236 325 5299 sedem
363 5236 551 5293 Jacobi
604 5243 852 5291 evectum
908 5253 1030 5293 esse
1072 5239 1224 5292 initio
1281 5244 1484 5298 mensis
1548 5245 1696 5303 Julii.

118 5311 238 5370 Ubi
298 5322 398 5376 pro
447 5308 516 5363 85
567 5308 850 5373 legendum
928 5323 1049 5364 esse
1079 5310 1167 5375 81,
1203 5313 1463 5367 suadetur
1514 5331 1577 5368 ex
1633 5333 1698 5369 eo

115 5381 284 5455 quod
311 5379 429 5455 sive
460 5395 581 5434 cum
618 5378 850 5455 Baronio
883 5376 1193 5455 Juveitalem
1222 5382 1421 5455 obiisse
1456 5383 1699 5441 dicamus

116 5448 288 5526 anno
320 5448 447 5511 457,
477 5463 548 5526 ex_
571 5450 804 5526 quodam
824 5451 955 5526 loco
991 5448 1336 5526 Vita:_sanct_i
1374 5454 1546 5526 Saliae,
1579 5472 1699 5526 qua;

117 5525 378 5579 habetur
408 5521 549 5588 apud
576 5519 790 5579 Suriqu
820 5520 853 5573 5
921 5518 1044 5574 Dec.
1097 5520 1185 5574 ubi
1218 5523 1417 5575 dicitur
1456 5518 1698 5582 Juve'na-

115 5601 239 5648 lem
286 5591 481 5647 eodem
507 5603 674 5660 anno,
704 5604 810 5658 quo
853 5589 1155 5645 Marcianus
1200 5592 1519 5660 imperator,
1550 5612 1694 5651 mor-

119 5675 294 5718 tuum
333 5674 480 5724 esse,
512 5659 600 5727 qui
630 5658 933 5714 Marcianus
970 5676 1113 5714 anno
1146 5661 1249 5716 457
1283 5658 1324 5715 ε
1361 5663 1464 5716 vita
1504 5658 1695 5721 exces-

115 5735 232 5793 sit:
264 5732 389 5787 sive
419 5728 733 5801 Bollandutn
775 5744 1089 5801 sequamur,
1136 5735 1227 5801 qui
1262 5731 1314 5784 in
1347 5731 1464 5787 Vita
1520 5739 1694 5791 sancti

113 5802 438 5874 Euthymii,
472 5802 558 5858 die
573 5798 641 5855 20
663 5798 923 5871 Januarii,
955 5801 1068 5856 haec
1096 5798 1255 5857 verba
1288 5802 1481 5873 rejieit,
1509 5807 1688 5877 aitque

1800 3224 1880 3261 me
1921 3224 1940 3262 :
1992 3222 2104 3261 rem
2158 3205 2381 3260 minime
2434 3203 2662 3265 distulit,
2713 3214 2776 3257 ac
2827 3216 2896 3255 ne
2948 3200 3093 3253 brevi
3139 3199 3357 3267 quidem

1798 3310 2042 3367 tempore
2101 3307 2367 3359 moratus,
2423 3303 2519 3346 aut
2576 3294 2929 3350 deliberans,.
2964 3305 3120 3344 suum
3178 3290 3355 3341 statim

1798 3389 2135 3461 propositum
2202 3386 2270 3441 ad
2314 3384 2566 3439 ell‘ectum
2612 3381 2883 3451 perduxit.
2919 3380 3135 3450 ltbaque
3163 3394 3228 3433 ex
3271 3393 3361 3432 ec-

1810 3482 1974 3540 clesia
2027 3490 2084 3535 ut
2137 3478 2315 3550 potuit
2362 3478 2498 3532 clam
2540 3491 2600 3529 se
2644 3475 2974 3533 subducens,
3028 3473 3177 3524 venit
3219 3471 3363 3524 Cen-

1798 3575 1991 3630 chreas
2038 3591 2050 3627 :
2086 3583 2140 3626 et
2170 3582 2468 3626 conscensa
2501 3565 2574 3620 ibi
2612 3579 2750 3618 nave
2780 3577 2898 3633 qua:
2929 3563 2982 3615 in
3020 3560 3360 3614 Palmstinam

1800 3665 2132 3727 solvebatur,
2204 3660 2461 3715 celeriter
2527 3656 2917 3727 Jerosolymam
3011 3654 3179 3715 venit,
3246 3652 3358 3722 jam

1798 3754 1986 3811 decem
2025 3760 2080 3807 et
2114 3759 2236 3806 octo
2268 3763 2439 3804 annos
2473 3757 2668 3807 natus.
2709 3760 2853 3798 nono
2887 3743 3103 3813 quidem
3146 3739 3362 3809 imperii

1800 3845 1995 3903 Leonis
2043 3842 2221 3913 Magni
2267 3855 2432 3905 anno,
2478 3837 2829 3909 pontiﬁcatus
2879 3844 3057 3889 autem
3087 3829 3363 3886 Anastasii

1796 3936 2254 4008 Jerosolymorum
2295 3930 2536 4001 episcopi
2566 3938 2780 3983 octavo.

1869 4115 2004 4170 Cum
2042 4114 2191 4166 illinc
2232 4126 2361 4181 ergo
2404 4111 2459 4163 in
2506 4118 2745 4163 sanctam
2794 4107 3064 4164 civitatem
3098 4102 3360 4168 venisset,

1799 4207 1937 4275 apud
1978 4218 2229 4276 maguum
2282 4201 2622 4271 Eustorgium
2671 4200 2996 4259 diversatur,
3033 4197 3224 4261 virum,
3268 4196 3362 4265 qui

1801 4306 1857 4351 et
1900 4296 2102 4364 alioqui
2134 4302 2344 4347 amator
2376 4290 2592 4345 virtutis
2636 4295 2774 4351 erat,
2822 4296 2877 4340 et
2921 4285 3159 4354 Spiritus
3202 4286 3362 4339 donis

1802 4389 2120 4459 splendebat
2150 4404 2163 4442 :
2213 4386 2301 4441 ille
2333 4395 2513 4439 autem
2555 4393 2614 4437 ut
2647 4397 2833 4437 revera
2869 4380 3235 4450 pbilostorgus
3271 4381 3365 4446 (id

1731 4466 1774 4521 D
1805 4490 1908 4547 est,
1957 4486 2177 4548 amans)
2217 4476 2396 4538 Pater,
2432 4490 2624 4544 magno
2657 4488 2807 4537 eum,
2850 4482 2908 4525 ut
2961 4488 3056 4540 par
3104 4482 3237 4534 erat,
3274 4487 3366 4525 ex-

1806 4577 1938 4646 eipit
2001 4572 2221 4628 affectu.
2281 4568 2540 4640 Cyriacus
2600 4580 2748 4631 vero,
2805 4580 2929 4620 cum
2976 4564 3117 4635 apud
3157 4565 3367 4638 insigne

1804 4774 1916 4814 non
1980 4754 2208 4811 inveniri
2268 4753 2321 4806 in
2382 4752 2604 4817 antiqua
2637 4750 2755 4803 Vita
2820 4762 2914 4815 per
2959 4744 3216 4817 Cyrillum
3270 4745 3367 4797 de-

1804 4831 2041 4898 scripta:
2073 4822 2357 4898 utrumvis,
2377 4822 2640 4898 inquam,
2668 4830 2973 4898 teneamus,
3001 4830 3134 4898 eum.
3156 4825 3365 4898 eertum

1806 4899 1878 4953 sit
1917 4885 2140 4951 'annum
2193 4893 2316 4946 vita:
2375 4885 2644 4960 Euthymii
2692 4890 2782 4960 A8!
2849 4886 3135 4960 complecti
3202 4885 3364 4938 linem

1803 4968 1929 5021 anni
1958 4966 2059 5020 457
2116 4974 2170 5023 et
2209 4963 2421 5016 initium
2454 4957 2579 5013 ιιιιίιὶ
2611 4957 2727 5013 458.
2761 4971 2931 5025 usque
2966 4958 3029 5009 ad
3063 4957 3367 5023 Augustum

1803 5050 2070 5099 mensem,
2096 5035 2299 5086 clarum
2333 5042 2413 5083 est
2444 5033 2510 5084 ab
2539 5032 2792 5082 omnibus
2826 5029 3107 5099 legendum
3134 5026 3368 5099 esseﬁl.

1802 5091 2068 5161 Similiter"
2114 5120 2209 5172 pro
2244 5102 2331 5163 44.
2380 5101 2825 5172 legentluut__esse
2862 5091 2950 5147 [0.
3001 5096 3187 5146 volunt
3244 5091 3367 5172 βρί-

1801 5177 1942 5232 laudi
1977 5163 2383 5231 caltti'uualoms
2424 5163 2551 5225 ίὸιιι.
2587 5168 2649 5223 ιιι
2682 5168 2800 5221 Maii
2836 5181 2955 5236 pag.
2979 5163 3363 5236 xxm.n.‘102.

1799 5247 1960 5303 Certe
1995 5259 2100 5298 non
2150 5252 2276 5294 ante
2316 5255 2561 5295 mensem
2610 5231 3006 5307 Septembrem,
3066 5236 3146 5307 vel
3199 5231 3363 5307 Octo—

1801 5318 1950 5371 brem
1986 5314 2110 5367 anni
2143 5312 2266 5365 417.
2305 5312 2555 5366 collocari
2603 5303 2763 5377 posse
2813 5309 3035 5377 initium
3061 5303 3361 5377 Juvenalis,

1800 5392 2009 5442 constat
2041 5399 2104 5437 ex
2169 5381 2393 5451 epistola
2425 5374 2623 5451 Zosimi
2683 5375 3129 5451 Paptet‘quihhoc
3168 5374 3364 5426 eodem

1800 5472 1942 5510 anno
1976 5453 2076 5506 “'7
2130 5444 2221 5507 19:
2257 5450 2504 5518 Augusti,
2560 5444 3104 5518 suiumusri’oulil'es
3150 5452 3368 5498 creatus

1798 5536 1901 5590 est,
1936 5527 1989 5578 in
2027 5540 2133 5595 qua
2165 5516 2416 5595 epistula.
2472 5520 2594 5595 data
2629 5533 2693 5595 xt_
2748 5517 2866 5569 Καὶ.
2906 5516 3027 5595 (_)ct.
3058 5516 3240 5595 aithse
3272 5527 3366 5595 ac-

1798 5583 2010 5665 cepisse
2044 5583 2343 5665 'epistolatn
2378 5588 2815 5665 Jerosolymitam
2856 5586 3090 5665 episcopi
3146 5583 3364 5665 i’raylii,

1797 5654 1888 5733 qui
1972 5654 2107 5721 ante
2144 5655 2488 5718 .Juvenalem
2586 5654 2768 5716 sedem
2853 5654 3365 5726 Jerosolymitauam

1801 5736 1994 5792 tenuit.
