4154 6318
129 349 226 412 929

1401 347 1572 406 νιτΑ
1619 346 1676 406 S.
1720 340 2047 406 CYRIACI.

3245 346 3350 410 930

129 479 225 530 μον
260 459 572 530 ὰναχωρεῐο
633 455 711 528 τῷ
767 457 824 511 δὲ
881 457 988 527 ἄρα
1043 457 1133 511 καὶ
1195 456 1439 528 μαθητὴς
1473 457 1714 518 είπετοη

1816 464 1986 522 uenle
2021 456 2306 527 discipulo.
2338 457 2473 514 Cum
2508 461 2689 530 itaque
2721 458 2844 516 cibo
2879 454 3118 513 destituti
3149 465 3329 510 essent

136 552 521 622 Ἀπορούμενοι
582 552 763 603 τοίνυν
817 551 1042 619 τροφῆς,
1073 550 1165 603 καὶ
1199 551 1298 608 οὐκ
1328 550 1540 619 ἔχοντες
1567 548 1687 602 ὅθεν

127 649 220 716 τὴν
251 646 346 715 τῆς
375 645 590 712 φύσεως
627 644 877 712 ἀνάγκην
900 643 1412 714 παραμυθήσονται’
1443 643 1690 713 οὐδὲγὰρ

129 737 267 809 [οὐδὲ
312 735 362 806 ἰ]
398 735 667 803 μελαγρια
693 736 834 786 κατὰ
860 733 956 802 τὴν
987 735 1192 804 ἔρημον
1231 735 1486 804 πεφύκει·
1519 733 1693 786 ταῦτα

129 834 232 898 γὰρ
298 828 455 897 ἱκανὴ
511 827 722 889 τούτοις
782 827 1025 888 ἑστίασις
1080 822 1169 897 ἦν,
1227 825 1443 896 εὔχεται
1492 830 1519 880 6
1552 826 1693 888 Θεῐος

132 919 406 986 Κυριακὸς
435 917 511 986 τῷ
539 916 676 984 Θεῷ,
707 918 916 986 τροφὴν
945 917 1130 978 αὐτοῖς
1169 920 1235 970 ἐκ
1289 917 1399 968 τῶν
1460 916 1690 968 ἐνταῦθα

128 1009 311 1063 δοῦναι
337 1008 565 1061 σκιλλῶν
629 1007 880 1078 [σκιλῶν]
910 1022 925 1038 °
981 1007 1218 1077 δαψιλῶς
1273 1007 1379 1076 γὰρ
1420 1007 1623 1059 τούτων
1658 1010 1688 1076 ἡ

133 1102 340 1170 ἔρημος
394 1108 487 1152 καὶ
557 1100 806 1168 ἀφθόνως
835 1097 971 1169 εἶχε,
1015 1102 1121 1152 Καὶ
1152 1099 1288 1167 πρὸς
1318 1099 1407 1151 τὸν
1442 1100 1691 1168 μαθητὴν

132 1193 830 1262 ἐπιστρατεί;,Συνάγαγε,
876 1192 1030 1261 φησὶ,
1096 1193 1282 1246 τέκνον
1333 1193 1398 1244 ἐκ
1469 1193 1696 1246 τουτωνὶ

132 1289 237 1340 τῶν
269 1284 500 1337 σκιλλῶν
530 1285 756 1355 [σκιὶῶν
788 1283 864 1357 η,
897 1285 992 1336 καὶ
1016 1283 1146 1347 ἃλας
1185 1283 1457 1337 ἐπιϐαλὼν
1485 1284 1694 1350 αὑταῖς,

134 1382 185 1429 ἐν
209 1379 385 1447 χύτρα
430 1377 630 1448 ἓψησον
662 1393 676 1408 ·
735 1379 828 1430 καὶ
877 1375 1165 1446 εὐλογητὸς
1191 1378 1217 1428 6
1249 1377 1400 1441 Θεὸς,
1432 1378 1513 1430 ὅτι
1543 1376 1697 1429 ἔσται

133 1476 225 1522 καὶ
261 1471 388 1537 ἡμῖν
417 1470 474 1535 ἐξ
506 1469 685 1522 αὐτῶν
709 1468 1102 1538 χορτασθῆναι.

205 1564 392 1615 Ταῦτα
423 1566 448 1614 6
479 1564 575 1632 μὲν
608 1561 684 1631 τῷ
712 1563 926 1631 μαθητῇ
961 1562 1311 1630 ἐπισκήπτει,
1346 1560 1479 1624 Θεὸς
1519 1561 1574 1614 δὲ
1601 1561 1700 1629 τῆς

133 1656 301 1726 ε-ιχῆς
352 1656 557 1707 ἄνωθεν
621 1655 852 1721 ἐπήκοος
887 1651 974 1723 ἦν,
1007 1656 1033 1705 ὁ
1062 1656 1154 1704 καὶ
1211 1652 1351 1721 ὕδωρ
1377 1653 1442 1704 ἐκ
1494 1653 1701 1722 πέτρας

137 1751 414 1820 πηγάσας,
442 1749 534 1797 καὶ
567 1746 664 1813 τὴν
698 1743 898 1810 πολλὴν
932 1742 1148 1812 ἐκείνην
1179 1742 1279 1810 τῆς
1306 1744 1532 1814 Μερῤἄς
1563 1742 1700 1815 [Με-

138 1815 233 1911 ρᾱίς
269 1839 317 1910 1]
364 1840 587 1907 πικρίαν
645 1837 723 1898 είς
766 1836 1031 1901 ἀνάλογον
1093 1835 1332 1904 ἀμείψας
1363 1837 1696 1903 γλυκύτητα.

1816 1830 2098 1884 ritudinetn
2187 1831 2240 1884 in

135 1937 201 1989 Δί
224 1949 286 1984 τε
318 1933 422 2002 γὰρ
453 1931 689 1992 σκίλλαι,
723 1927 819 1995 τῆς
866 1927 1108 1998 ἐμφύτου
1162 1932 1254 1982 καὶ
1286 1928 1451 1982 αὗται
1485 1931 1706 1998 πικρίας

142 2025 457 2094 μετέϐαλον,
510 2023 603 2074 καὶ
669 2023 748 2082 εἰς
796 2021 1068 2090 τέσσαρας
1109 2021 1169 2082 ἐξ
1221 2021 1432 2071 ἐκείνου
1484 2022 1707 2089 χρόνους

139 2119 314 2188 τροφὴ
361 2118 469 2177 τοῖς
509 2115 799 2184 μακαρίοις
844 2115 1088 2178 ἐγένοντο
1125 2111 1387 2181 [ἐγίνοντο
1426 2110 1493 2180 i].
1535 2109 1704 2175 Ἀλλ’,

143 2230 161 2263 t
199 2212 313 2267 Οὐκ
385 2209 769 2274 ἐγκαταλείψει
821 2206 1022 2273 Κύριος
1063 2206 1185 2265 τοὺς
1241 2204 1419 2266 ὁσίους
1451 2201 1637 2268 αὑτοῦ,
1681 2222 1699 2255 ι

137 2302 409 2369 εὐκαίρως
439 2300 513 2365 τῷ
543 2297 668 2365 ἱερῴ
704 2293 868 2351 Δαυῖδ
924 2294 1160 2347 ἐνταῦοα
1195 2296 1501 2364 είρήσεται.
1544 2296 1709 2365 Ἀνὴρ

139 2393 244 2461 γάρ
275 2408 354 2453 τις
388 2390 494 2442 ἀπὸ
523 2388 618 2456 τῆς
659 2386 852 2456 κώμης
883 2383 1116 2437 Θεκωών
1146 2382 1384 2456 [Θεκόών
1419 2383 1493 2455 1],
1557 2385 1709 2454 παρὰ

139 2484 248 2534 τῶν
293 2483 349 2532 ἐν
384 2483 447 2548 τῇ
484 2481 673 2549 ἐρήμῳ
736 2477 1028 2545 Θρέμματα
1083 2475 1358 2542 νεμόντων
1409 2474 1711 2540 πυθόμενος

139 2578 206 2625 τὰ
242 2576 385 2626 κατὰ
443 2574 532 2622 τὸν
582 2571 881 2637 κυριακὸν,
941 2567 1137 2634 ἄρτους
1181 2566 1415 2632 θερμοὺς
1472 2564 1564 2614 ἐπὶ
1621 2564 1711 2614 τὸν

138 2665 264 2718 ὖνον
302 2665 431 2734 [τῶν
474 2663 609 2714 ὄνων
649 2659 696 2730 Ι]
756 2659 1039 2726 ἐνθέμενος
1061 2656 1208 2724 ἥκει·
1256 2655 1351 2704 καὶ
1373 2650 1503 2720 παρ’
1561 2649 1711 2718 αὐτῷ

140 2760 402 2817 καταθεὶς
456 2758 546 2807 τὸν
593 2754 817 2822 φόρτον,
873 2748 1046 2799 οπιὼν
1107 2745 1309 2816 ᾤχετοο
1373 2744 1465 2796 καὶ
1506 2743 1713 2804 τούτοις

139 2853 166 2902 6
204 2849 480 2915 Κυριακὸς
521 2842 611 2893 τοῦ
643 2843 832 2892 λοιπου
870 2839 966 2890 σὺν
997 2838 1078 2906 τῷ
1112 2838 1331 2906 μαθητῇ
1357 2834 1530 2904 atem.
1551 2833 1714 2887 Ἀλλὰ

139 2940 264 2996 τότε
294 2938 391 3010 μὲν
420 2940 445 2992 ὁ
482 2935 729 3010 μαθητὴς
768 2932 858 2990 τὸν
897 2931 1102 3007 συνήθη
1135 2930 1337 3003 τρόπον
1361 2930 1457 2996 τὰς
1490 2926 1715 2995 nulla;

140 3037 376 3104 ἑψήσας,
445 3034 519 3103 μὴ
567 3034 870 3101 ἐπιτραπέν
944 3028 1092 3099 αὑτῷ
1133 3026 1239 3080 ὑπὸ
1287 3025 1380 3079 τοῦ
1438 3025 1712 3094 μακαρίου

143 3127 450 3198 Κιδριακοῦ,
504 3126 657 3178 ἔθετο
685 3127 915 3181 δεῖπνον,
960 3118 1094 3175 Εἶτα
1141 3118 1238 3187 τὴν
1274 3119 1453 3171 αὐτῶν
1485 3118 1715 3188 πικρίαν

139 3221 244 3274 οὒκ
277 3220 572 3287 ἐνεγκόντι,
606 3219 697 3269 καὶ
728 3219 761 3285 ἡ
794 3216 1020 3284 δύναμις
1050 3214 1198 3282 αὐτῷ
1233 3211 1372 3280 μετὰ
1401 3208 1500 3278 τῆς
1533 3209 1715 3278 φωνῆς

140 3312 408 3379 ἐσϐέσθη,
469 3311 562 3361 καὶ
592 3309 724 3360 ὡσεὶ
754 3308 942 3377 νεκρὸς
977 3308 1173 3360 ἔκειτο.
1199 3305 1501 3374 Συμϐαλὼν
1536 3304 1716 3356 τοίνυν

138 3406 168 3454 6
199 3403 345 3466 θεῖος
416 3403 688 3470 Κυριακὸς
745 3400 844 3469 τῆς
910 3401 1199 3470 συμφορᾶς
1231 3398 1328 3469 τὴν
1372 3399 1575 3457 αἰτίαν,
1625 3397 1714 3448 καὶ

141 3496 340 3564 χεῖρας
397 3495 477 3556 είς
539 3492 849 3562 προσευχὴν
897 3492 1034 3558 ὑπὲρ
1089 3490 1184 3540 τοῦ
1216 3487 1460 3554 μαθητου
1498 3485 1704 3550 διάρας,

1792 563 1891 602 nec
1957 550 2226 604 haberent
2289 553 2431 607 unde
2495 563 2704 612 natura
2761 551 3145 607 necessitatem
3211 549 3354 602 sola-

1791 651 1978 694 rentur
2029 643 2118 711 (in
2148 643 2239 697 illa
2271 647 2472 714 quippe
2503 661 2684 700 eremo
2713 661 2780 699 ne
2841 643 3095 712 melagria
3129 641 3347 709 quidem

1791 735 2170 799 nascebantur,
2223 751 2344 804 qua:
2401 748 2548 791 certe
2593 738 2672 792 eis
2722 737 2788 790 ad
2833 736 3140 790 convivium
3188 731 3354 785 suffe-

1791 824 2049 891 cissent);
2087 825 2250 879 Deum
2282 839 2432 897 rogat
2472 830 2690 882 divinus
2736 829 3011 899 Cyriacus,
3059 835 3118 879 ut
3166 825 3352 877 cibum

1793 914 1924 984 ipsis
1953 929 2014 969 ex
2049 916 2154 971 illic
2187 921 2524 973 exstantibus
2542 920 2708 974 scillis
2749 921 3088 988 impertiret;
3120 916 3186 969 iis
3210 913 3354 968 enim

1793 1007 2105 1062 abundabant
2136 1010 2224 1063 illa
2259 1012 2511 1065 solitudo.
2561 1013 2980 1078 Conversnsque
3007 1009 3073 1063 ad
3118 1007 3358 1074 discipu-

1793 1096 1925 1163 lum,
1962 1097 2186 1170 Collige,
2226 1103 2419 1171 inquit,
2469 1102 2562 1166 ﬁli,
2619 1117 2685 1156 ex
2731 1103 2814 1155 liis
2872 1101 3058 1159 scillis.
3093 1109 3146 1152 et
3194 1097 3358 1150 salem

1796 1189 1901 1244 illis
1961 1205 2275 1260 aSpergens,
2345 1210 2520 1270 coque
2579 1195 2633 1247 in
2701 1191 2805 1248 olla
2852 1202 2971 1255 :et,
3037 1190 3362 1245 Benedictus

1799 1282 1964 1344 Deus.
1997 1287 2251 1355 quoniam
2289 1303 2354 1341 ex
2391 1289 2497 1342 illis
2533 1289 2692 1344 nobis
2730 1288 2876 1343 vesci
2913 1287 3119 1342 licebit.

1871 1559 1996 1613 Haec
2044 1560 2131 1614 ille
2166 1560 2380 1630 quidem
2415 1552 2678 1631 discipulo
2727 1563 2970 1619 mandat.
3010 1560 3150 1616 Deus
3182 1567 3364 1612 autem

1800 1650 2013 1704 caelitus
2066 1665 2254 1718 preces
2304 1653 2529 1714 audivit,
2587 1654 2678 1722 qui
2740 1664 2795 1707 et
2845 1667 3038 1722 aquam
3095 1668 3160 1705 ex
3215 1662 3368 1721 petra

1804 1738 2066 1793 scaturire
2129 1739 2274 1803 fecit,
2340 1753 2393 1794 et
2454 1745 2738 1796 maximam
2807 1744 2948 1796 illam
3013 1745 3168 1796 illatae
3222 1757 3372 1795 ama-

2339 1847 2630 1901 congruam
2712 1835 3053 1888 dulcedinem
3131 1849 3370 1888 comnm-

1809 1922 1960 1975 tavit.
1997 1921 2170 1978 Scillze
2200 1936 2432 1993 namque
2463 1926 2700 1977 innatant
2749 1927 3164 1980 amaritudinem
3205 1927 3371 1994 depo-

1808 2024 1987 2068 suere.
2036 2021 2089 2063 et
2126 2010 2318 2065 exinde
2366 2028 2461 2080 per
2515 2015 2928 2083 quadriennium
2975 2016 3148 2088 beatis
3184 2016 3289 2070 illis
3319 2015 3372 2068 in

1807 2099 1930 2151 cibo
1984 2099 2158 2152 fuere.
2213 2099 2319 2154 Sed
2376 2104 2524 2166 illud,
2579 2104 2696 2156 Non
2750 2106 3070 2175 derelinquet
3119 2107 3375 2158 Dominus

1807 2199 2015 2242 sanctos
2044 2206 2189 2254 suos,
2223 2205 2533 2262 opportune
2561 2211 2590 2248 a
2616 2212 2768 2251 sacro
2803 2196 2989 2263 David,
3025 2201 3110 2252 hic
3139 2201 3373 2254 dicetur.

1813 2278 1905 2334 Vir
1943 2283 2090 2335 enim
2132 2284 2349 2351 quidam
2380 2302 2443 2339 ex
2477 2291 2596 2342 vlco
2617 2287 2987 2354 Tltecoorum,
3037 2306 3160 2344 cum
3193 2308 3255 2344 ex
3286 2293 3375 2356 iis,

1813 2375 1902 2442 qui
1948 2375 2003 2428 in
2033 2391 2218 2431 ereiuo
2266 2393 2458 2447 pecora
2508 2383 2822 2447 pascebant,
2866 2383 2933 2436 de
2965 2381 3192 2452 Cyri-aco
3227 2385 3380 2438 audi-

1813 2466 1999 2526 visset,
2045 2469 2274 2534 panibus
2313 2471 2503 2522 calidis
2545 2473 2698 2523 asino
2744 2474 3008 2538 impositis
3052 2477 3283 2532 accedit.
3320 2486 3378 2531 et

1812 2568 1980 2606 onere
2034 2559 2174 2623 apud
2232 2573 2355 2610 eum
2405 2560 2676 2627 deposito,
2717 2561 2872 2624 abiit,
2926 2563 3116 2632 hisque
3163 2567 3215 2618 in
3254 2565 3380 2620 reli-

1815 2663 1983 2714 quum
2054 2648 2310 2720 (Syriacus
2371 2667 2494 2704 cum
2554 2654 2816 2722 discipulo
2883 2657 3043 2709 vitam
3111 2660 3368 2713 traduxit.

1815 2739 2077 2811 Tuquue
2125 2743 2450 2813 discipulus,
2502 2749 2670 2801 coctis
2704 2749 2770 2800 de
2825 2763 2974 2801 more
3027 2751 3215 2814 scillis,
3268 2766 3377 2804 non

1811 2834 1996 2903 jussus
2040 2851 2069 2888 a
2115 2837 2278 2890 beato
2331 2838 2556 2907 (Syriaco
2607 2855 2697 2893 cas
2747 2844 2798 2892 in
2852 2852 3061 2894 canam
3107 2852 3377 2917 ερροςυίι,

1823 2924 2025 2978 Deinde
2070 2941 2193 2982 cum
2242 2946 2425 2990 carum
2464 2951 2570 2989 non
2606 2929 2772 2990 ferret
2801 2941 3242 3001 amaritudinem,
3275 2958 3381 2995 una

1817 3041 1941 3080 cum
1994 3043 2125 3082 voce
2154 3027 2297 3082 vires
2355 3031 2473 3098 ejus
2518 3029 2800 3084 exStincta:
2837 3043 2983 3095 sunt,
3017 3041 3072 3086 et
3107 3043 3380 3098 tamquam

1821 3130 2069 3174 mortuus
2121 3123 2355 3191 jacebat.
2414 3123 2544 3176 Cum
2600 3124 2782 3192 itaque
2842 3125 3059 3178 divinus
3117 3124 3381 3196 Cyriacus

1827 3211 2104 3265 infortunii
2147 3226 2362 3265 causam
2407 3214 2778 3278 intellexisset,
2817 3226 2872 3268 et
2902 3231 3094 3268 manus
3120 3220 3184 3268 ad
3217 3233 3381 3269 oran-

1825 3305 1951 3357 dum
1993 3320 2088 3374 pro
2127 3305 2390 3374 discipulo
2421 3306 2747 3372 sustulisset,
2788 3308 2962 3376 ipsum
3002 3312 3212 3375 erexit;
3241 3311 3384 3364 divi-

1823 3407 1999 3462 naque
2039 3397 2112 3451 illi
2143 3397 2455 3464 impertiens
2496 3409 2831 3452 sacramenta
2856 3440 2868 3462 ,
2900 3415 3089 3453 sanum
3135 3403 3386 3471 protinus

1823 3487 2085 3549 reddidit,
2119 3499 2172 3540 et
2201 3490 2432 3557 benigne
2461 3506 2488 3542 a
2530 3491 2722 3545 timore
2761 3498 3039 3547 recreavit.

141 3588 403 3654 ἀνίστησι
481 3584 684 3646 τοῦτον,
756 3583 849 3633 καὶ.
922 3580 1030 3635 τῶν
1084 3579 1240 3630 θείων
1295 3575 1445 3648 αὐτῷ
1503 3576 1766 3646 μεταδους
1827 3581 2167 3650 μυστηρίων,
2226 3580 2356 3650 ὑγιή
2405 3598 2462 3633 τε
2522 3582 2955 3654 ἀποκαθίστησιν
3008 3587 3224 3655 αὐτίκα,
3295 3589 3388 3642 καὶ

139 3684 245 3754 τῆς
277 3682 478 3742 δειλίας
508 3681 684 3750 ἠπίως
717 3676 1110 3746 ἀναλαμϐάνει.

232 3775 434 3842 Ὀλίγῳ
467 3774 520 3825 ὁέ
553 3773 777 3842 ὕστερον
823 3769 1184 3823 ἐπιλιπῦντων
1215 3770 1397 3832 αὐτοῖς
1426 3767 1722 3839 [αὖτοὺςῖ]

140 3868 259 3923 τῶν
315 3870 515 3936 ἄρτων,
566 3862 960 3934 [χαλεπωτάτῳ
1009 3861 1152 3930 λιμῴ
1203 3861 1512 3927 συνείχοντο
1541 3859 1721 3914 πάλιν.

143 3962 262 4015 Καὶ
302 3956 482 4026 πάλιν]
519 3959 547 4009 6
608 3956 881 4026 μακάριος
910 3947 1064 4017 οὗτος
1090 3955 1183 4007 τὸν
1221 3953 1469 4026 μαθητὴν
1502 3954 1726 4016 σκίλλας
1764 3960 1773 3967 “

144 4053 338 4112 αὐτοῖς
401 4048 616 4101 δεῖπνον
665 4049 1089 4118 παρασκευάσαι
1141 4048 1528 4118 προτρέπεται.
1577 4045 1635 4097 '0
1670 4046 1725 4097 δέ

140 4145 248 4214 τὴν
299 4143 509 4214 τροφὴν
559 4142 1020 4210 ἐξεργασάμενος,
1075 4140 1171 4192 καὶ
1218 4141 1421 4205 ταύτην
1479 4137 1723 4208 προθεὶς,

142 4238 305 4308 ὅμως
371 4235 625 4287 ἐδεδοίκει
689 4231 1018 4302 χρήσασθαι.
1077 4230 1266 4300 Είσῄει
1323 4230 1432 4299 γὰρ
1486 4229 1648 4282 αὑτὸν
1691 4231 1724 4299 ή

144 4326 506 4398 προλαδοῦσα
544 4327 758 4392 πικρία’
796 4324 886 4375 καὶ
915 4325 1062 4382 ὅπως
1095 4323 1358 4390 φαγόντα,
1393 4322 1452 4373 οὑ
1484 4319 1544 4371 τὸ
1559 4321 1724 4387 φθέγ-

142 4421 349 4490 γεσθαι
376 4421 555 4488 μόνον,
590 4419 726 4470 ἀλλὰ
754 4422 845 4471 καὶ
876 4417 934 4469 τὸ
955 4415 1225 4469 κινεῖσθαι
1257 4415 1420 4467 αὑτὸν
1442 4415 1723 4468 ἐπέλιπεν.

143 4513 567 4580 Εὖλογήσαντος
628 4510 726 4579 μέν
772 4526 850 4560 τοι
884 4509 980 4560 τοῦ
1034 4507 1340 4576 Κυριακοῦ,
1386 4508 1478 4559 καὶ
1515 4509 1604 4558 τὸν
1632 4508 1726 4558 τοῦ

147 4602 621 4674 σταυροῦητύπον
679 4600 1062 4664 ἐπιὸαλόντος,
1121 4593 1241 4651 είτα
1294 4601 1385 4651 καὶ
1442 4597 1725 4667 ἁψαμένου

143 4701 264 4750 τῶν
305 4697 687 4766 προκειμένων
735 4692 829 4745 καὶ
881 4691 1099 4760 πρώτου
1160 4689 1448 4758 φαγόντος,
1490 4689 1730 4756 ἀναθαρ-

145 4792 332 4859 σήσας
355 4791 447 4839 καὶ
489 4792 516 4840 6
550 4787 816 4856 μαθητὴς,
847 4785 1008 4846 εὐθὺς
1037 4786 1243 4854 ἦπτετο
1269 4799 1282 4813 ⁸
1316 4790 1410 4835 καὶ
1435 4782 1636 4852 ἔφαγόν
1669 4797 1728 4832 τε

143 4884 331 4954 ἡδέως
359 4881 457 4932 καὶ
490 4880 689 4941 ίκανως
741 4879 1129 4946 ἀνεκτήσαντο.

229 4972 497 5040 Πέμπτος
527 4968 626 5036 τῆς
670 4971 727 5020 ἐν
781 4965 859 5037 τῷ
907 4966 1166 5037 Νατουφᾷ
1217 4966 1389 5036 τούτῳ
1451 4964 1731 5034 διατριϐῆς

149 5056 360 5136 ἠνύετο
390 5063 600 5134 χρόνος·
635 5064 728 5114 καί
756 5077 900 5122 τινος
933 5061 1030 5128 μὲν
1060 5062 1169 5121 υίὸς
1187 5060 1293 5110 τῶν
1318 5060 1375 5110 ἐν
1400 5062 1465 5128 τῇ
1502 5055 1732 5110 Θεκωῶν

151 5156 408 5229 [Θεκόων
441 5153 489 5224 ij
533 5160 752 5221 πονηρῷ
784 5156 1056 5222 συνείχετο
1086 5149 1387 5219 πνεύματι·
1417 5154 1512 5202 καὶ
1540 5149 1734 5215 δυσφό-

151 5267 276 5322 ρως
315 5246 430 5316 εἶχε
463 5249 555 5301 καὶ
619 5247 889 5317 χαλεπῶς.
951 5244 1031 5298 Τὰ
1073 5247 1200 5315 περὶ
1234 5244 1326 5296 τοῦ
1359 5245 1502 5294 θείου
1529 5242 1582 5293 δὲ
1622 5244 1732 5295 Ko-

149 5336 361 5410 ριακοῦ
401 5335 588 5405 μαθὼν
619 5336 825 5389 ἕκαστα
855 5336 883 5386 6
914 5338 1115 5403 πατὴρ,
1162 5334 1289 5403 παρ’
1321 5333 1482 5385 αὐτόν
1519 5348 1576 5384 τε
1612 5333 1734 5398 ἄγει

148 5430 254 5481 τὸν
322 5428 506 5487 παῖδα,
567 5426 661 5477 καὶ
712 5425 926 5494 θερμῶς
977 5427 1168 5488 ἐδεῖτο,
1202 5425 1407 5493 ἀμῦναι
1451 5423 1527 5493 τῷ
1583 5422 1736 5475 παιδὶ

145 5518 420 5591 χαλεπῶς
470 5517 754 5586 κάμνοντι.
774 5516 833 5570 '0
861 5516 915 5569 δὲ
940 5516 1032 5568 καὶ
1064 5517 1404 5586 ἀμφοτέρους
1429 5515 1736 5584 οἰκτείρας,

144 5613 248 5665 τὸν
295 5608 397 5675 μὲν
449 5609 544 5663 τοῦ
599 5608 824 5675 πάθους,
893 5611 982 5663 τὸν
1021 5609 1074 5662 δὲ
1140 5610 1237 5680 τῆς
1309 5608 1398 5660 ἐπὶ
1459 5604 1533 5674 τῷ
1586 5604 1734 5656 παιόὶ

229 5769 283 5832 (1
297 5767 349 5839 4)
385 5768 522 5822 Ann.
566 5769 684 5824 5‘29.

1893 3764 2022 3820 Post
2055 3767 2214 3834 paulo
2255 3777 2436 3822 autem
2481 3769 2858 3826 deﬁcientibus
2897 3772 3146 3843 panibus,
3183 3776 3390 3845 gravis-

1831 3859 1968 3913 sima
2029 3875 2216 3914 rursus
2273 3860 2416 3915 fatue
2479 3864 2883 3930 premebantur.
2956 3864 3153 3921 Beatus
3206 3879 3389 3923 autem

1821 3950 1909 4004 ille
1943 3952 2265 4021 discipulum
2324 3953 2518 4008 iterum
2575 3970 2637 4009 ex
2695 3955 2861 4009 scillis
2915 3971 3129 4009 caenam
3191 3974 3386 4027 parare

1819 4043 1994 4111 jubet.
2049 4042 2138 4095 ille
2184 4059 2309 4097 vero
2344 4060 2465 4097 cum
2517 4045 2694 4098 cibum
2745 4058 2992 4115 paratum
3029 4054 3388 4118 apposuisset,

1826 4149 1892 4189 eo
1937 4143 2115 4188 tamen
2152 4136 2226 4188 uti
2265 4137 2575 4191 verebatur.
2611 4137 2852 4193 Venerat
2893 4143 3036 4194 enim
3067 4146 3115 4196 ei
3161 4145 3210 4195 in
3243 4158 3395 4196 inen-

1828 4235 1939 4281 tem
1993 4229 2305 4296 pra'cedens
2346 4230 2670 4293 amaritudo,
2702 4241 2754 4284 et
2783 4235 3236 4299 quemadmodum
3269 4250 3391 4288 cum

1831 4319 2184 4379 comedisset,
2237 4333 2345 4371 non
2401 4321 2557 4374 modo
2609 4335 2734 4384 vox,
2787 4335 2973 4375 verum
3006 4325 3168 4377 etiam
3215 4335 3393 4380 motus

1830 4425 1955 4464 eum
1990 4411 2296 4465 defecisset.
2333 4411 2589 4482 Cyriacus
2618 4424 2798 4467 autem
2833 4415 2954 4468 data
2987 4417 3391 4482 benedictione,

1828 4502 2088 4570 signoque
2115 4506 2292 4557 crucis
2318 4503 2624 4567 eﬁ‘ormato,
2659 4520 2722 4557 ex
2755 4507 3017 4573 appositis
3060 4509 3309 4576 sumpsit,
3343 4518 3398 4563 et

1831 4594 1980 4660 prior
1995 4595 2228 4647 comedit
2253 4611 2266 4658 ;
2301 4592 2620 4667 [discipulus
2649 4611 2776 4650 vero
2807 4608 3082 4667 resumpta
3104 4599 3297 4654 ﬁducia
3327 4614 3394 4656 ex

1831 4684 1951 4737 cibo
2005 4687 2273 4756 accepit.|
2310 4688 2574 4756 amboquc
2622 4689 2862 4758 jucunde
2915 4693 3292 4758 comederunt,
3345 4703 3398 4749 et

1831 4776 2044 4830 abunde
2083 4778 2265 4831 refecti
2312 4788 2458 4833 sunt.

1917 4953 2150 5020 Quintus
2181 4957 2291 5026 jam
2344 4958 2657 5028 explebatur
2702 4976 2877 5016 annus
2908 4962 3044 5029 (Ni,
3092 4980 3157 5018 ex
3204 4981 3310 5034 quo
3342 4968 3396 5020 in

1833 5046 2082 5117 Natupha
2124 5050 2227 5103 isto
2280 5053 2597 5106 versabatur
2644 5072 2658 5108 ς
2701 5063 2757 5108 et
2815 5058 3094 5123 cujusdam
3156 5056 3298 5115 ﬁlius
3337 5073 3401 5112 ex

1838 5140 1957 5194 vico
2011 5141 2349 5196 Tliecoorunt
2390 5146 2623 5215 maligno
2673 5148 2863 5215 spiritu
2911 5152 3192 5218 correptus
3239 5155 3391 5202 [ene-

1837 5234 2012 5297 batur,
2051 5236 2395 5305 graviterque
2429 5252 2492 5289 ac
2539 5239 2766 5292 moleste
2801 5243 3076 5310 agebatur.
3115 5241 3248 5292 Cum
3297 5256 3397 5294 au-

1839 5335 1944 5379 tem
1992 5325 2058 5379 de
2113 5329 2298 5380 divino
2352 5326 2575 5394 Cyriaco
2630 5331 2839 5398 singula
2896 5331 3174 5384 didicisset
3229 5342 3401 5396 pater,

1838 5416 2008 5470 ﬁlium
2055 5418 2121 5471 ad
2173 5433 2319 5471 eunt-
2351 5421 2591 5482 adducit,
2631 5424 3088 5488 veltetnenterjoe
3143 5430 3296 5492 rogat
3347 5431 3406 5474 ut

1839 5511 1976 5564 male
2018 5510 2280 5563 laboranti
2317 5511 2423 5565 [ilio
2475 5525 2632 5580 opem
2669 5511 2824 5566 ferat.
2857 5510 2949 5566 ille
2983 5525 3161 5566 autem
3206 5513 3406 5567 utrius-

1838 5617 1943 5676 que
1992 5600 2269 5666 misertus,
2325 5601 2483 5672 hujus
2529 5601 2767 5671 quidem,
2804 5602 3001 5668 morbi,
3052 5602 3197 5656 illius
3255 5615 3406 5664 vero,
