  <div class='ocr_page' id='page_1' title='image "/cluster/home/n/w/nwhite01/storage/ocr_20150623/115/pst.000005714285/577.png"; bbox 0 0 4154 6318; ppageno 0'>
   <div class='ocr_carea' id='block_1_1' title="bbox 756 333 2345 419">
    <p class='ocr_par' dir='ltr' id='par_1_1' title="bbox 756 348 2345 419">
     <span class='ocr_line' id='line_1_1' title="bbox 756 348 2345 419; baseline -0.008 -1"><span class='ocrx_word' id='word_1_1' title='bbox 756 354 854 419; x_wconf 82' lang='grc'><strong>931</strong></span> <span class='ocrx_word' id='word_1_2' title='bbox 1991 348 2271 408; x_wconf 78' lang='lat' dir='ltr'><strong>MENSIS</strong></span> <span class='ocrx_word' id='word_1_3' title='bbox 2310 348 2345 406; x_wconf 88' lang='lat' dir='ltr'>S</span> 
     </span>
    </p>
   </div>
   <div class='ocr_carea' id='block_1_2' title="bbox 2446 333 4000 419">
    <p class='ocr_par' dir='ltr' id='par_1_2' title="bbox 2446 333 4000 409">
     <span class='ocr_line' id='line_1_2' title="bbox 2446 333 4000 409; baseline -0.008 0"><span class='ocrx_word' id='word_1_4' title='bbox 2446 349 2773 409; x_wconf 84' lang='lat' dir='ltr'><strong>TEMBER.</strong></span> <span class='ocrx_word' id='word_1_5' title='bbox 3896 333 4000 396; x_wconf 77' lang='grc'><strong>932</strong></span> 
     </span>
    </p>
   </div>
   <div class='ocr_carea' id='block_1_3' title="bbox 758 452 2345 536">
    <p class='ocr_par' dir='ltr' id='par_1_3' title="bbox 758 463 2317 536">
     <span class='ocr_line' id='line_1_3' title="bbox 758 463 2317 536; baseline -0.006 -11"><span class='ocrx_word' id='word_1_6' title='bbox 758 472 979 536; x_wconf 76' lang='lat' dir='ltr'><strong>doloris,</strong></span> <span class='ocrx_word' id='word_1_7' title='bbox 1022 480 1075 526; x_wconf 88' lang='lat' dir='ltr'><strong>et</strong></span> <span class='ocrx_word' id='word_1_8' title='bbox 1138 466 1544 525; x_wconf 87' lang='lat' dir='ltr'><strong>inconsolabilis</strong></span> <span class='ocrx_word' id='word_1_9' title='bbox 1596 479 1757 535; x_wconf 99' lang='lat' dir='ltr'><strong>super</strong></span> <span class='ocrx_word' id='word_1_10' title='bbox 1810 463 1917 519; x_wconf 86' lang='lat' dir='ltr'><strong>tilio</strong></span> <span class='ocrx_word' id='word_1_11' title='bbox 1964 463 2317 535; x_wconf 73' lang='lat' dir='ltr'><strong>aegritudinis,</strong></span> 
     </span>
    </p>
   </div>
   <div class='ocr_carea' id='block_1_4' title="bbox 2446 452 4000 536">
    <p class='ocr_par' dir='ltr' id='par_1_4' title="bbox 2446 452 4000 534">
     <span class='ocr_line' id='line_1_4' title="bbox 2446 452 4000 534; baseline -0.009 -18"><span class='ocrx_word' id='word_1_12' title='bbox 2446 464 2597 534; x_wconf 85' lang='grc' dir='ltr'>ύπης</span> <span class='ocrx_word' id='word_1_13' title='bbox 2626 466 2717 518; x_wconf 74' lang='grc' dir='ltr'><strong>καὶ</strong></span> <span class='ocrx_word' id='word_1_14' title='bbox 2756 464 2851 529; x_wconf 78' lang='grc' dir='ltr'>τῆς</span> <span class='ocrx_word' id='word_1_15' title='bbox 2886 457 3276 530; x_wconf 77' lang='grc' dir='ltr'>ἀπσρακλήτου</span> <span class='ocrx_word' id='word_1_16' title='bbox 3314 455 3623 525; x_wconf 74' lang='grc' dir='ltr'>βαρυθμίας</span> <span class='ocrx_word' id='word_1_17' title='bbox 3654 454 3793 518; x_wconf 72' lang='grc'><strong>(15),</strong></span> <span class='ocrx_word' id='word_1_18' title='bbox 3828 452 4000 521; x_wconf 69' lang='grc' dir='ltr'>εὐχήν</span> 
     </span>
    </p>
   </div>
   <div class='ocr_carea' id='block_1_5' title="bbox 759 556 2319 633">
    <p class='ocr_par' dir='ltr' id='par_1_5' title="bbox 759 556 2319 633">
     <span class='ocr_line' id='line_1_5' title="bbox 759 556 2319 633; baseline -0.007 -16"><span class='ocrx_word' id='word_1_19' title='bbox 759 577 950 633; x_wconf 82' lang='lat' dir='ltr'><strong>preces</strong></span> <span class='ocrx_word' id='word_1_20' title='bbox 990 577 1087 632; x_wconf 87' lang='lat' dir='ltr'><strong>pro</strong></span> <span class='ocrx_word' id='word_1_21' title='bbox 1135 560 1541 616; x_wconf 79' lang='lat' dir='ltr'><strong>adolescentulo</strong></span> <span class='ocrx_word' id='word_1_22' title='bbox 1583 556 1820 619; x_wconf 76' lang='lat' dir='ltr'><strong>adhibet,</strong></span> <span class='ocrx_word' id='word_1_23' title='bbox 1869 556 2156 625; x_wconf 88' lang='lat' dir='ltr'><strong>crucisque</strong></span> <span class='ocrx_word' id='word_1_24' title='bbox 2213 571 2319 607; x_wconf 82' lang='lat' dir='ltr'><strong>un-</strong></span> 
     </span>
    </p>
   </div>
   <div class='ocr_carea' id='block_1_6' title="bbox 760 648 1928 707">
    <p class='ocr_par' dir='ltr' id='par_1_6' title="bbox 760 648 1928 707">
     <span class='ocr_line' id='line_1_6' title="bbox 760 648 1928 707; baseline -0.005 0"><span class='ocrx_word' id='word_1_25' title='bbox 760 662 906 707; x_wconf 92' lang='lat' dir='ltr'><strong>ctum</strong></span> <span class='ocrx_word' id='word_1_26' title='bbox 937 653 1057 707; x_wconf 91' lang='lat' dir='ltr'><strong>oleo</strong></span> <span class='ocrx_word' id='word_1_27' title='bbox 1101 667 1280 705; x_wconf 89' lang='lat' dir='ltr'><strong>amara</strong></span> <span class='ocrx_word' id='word_1_28' title='bbox 1314 651 1402 704; x_wconf 90' lang='lat' dir='ltr'><strong>illa</strong></span> <span class='ocrx_word' id='word_1_29' title='bbox 1467 650 1661 703; x_wconf 86' lang='lat' dir='ltr'><strong>liberat</strong></span> <span class='ocrx_word' id='word_1_30' title='bbox 1698 648 1928 701; x_wconf 90' lang='lat' dir='ltr'><strong>insania.</strong></span> 
     </span>
    </p>
   </div>
   <div class='ocr_carea' id='block_1_7' title="bbox 831 840 2326 920">
    <p class='ocr_par' dir='ltr' id='par_1_7' title="bbox 831 840 2326 920">
     <span class='ocr_line' id='line_1_7' title="bbox 831 840 2326 920; baseline -0.009 -15"><span class='ocrx_word' id='word_1_31' title='bbox 831 850 966 906; x_wconf 91' lang='lat' dir='ltr'><strong>Cum</strong></span> <span class='ocrx_word' id='word_1_32' title='bbox 1000 850 1161 920; x_wconf 79' lang='lat' dir='ltr'><strong>igitur</strong></span> <span class='ocrx_word' id='word_1_33' title='bbox 1199 863 1296 917; x_wconf 90' lang='lat' dir='ltr'><strong>per</strong></span> <span class='ocrx_word' id='word_1_34' title='bbox 1331 845 1530 900; x_wconf 86' lang='lat' dir='ltr'><strong>multos</strong></span> <span class='ocrx_word' id='word_1_35' title='bbox 1559 846 1666 915; x_wconf 85' lang='lat' dir='ltr'><strong>jam</strong></span> <span class='ocrx_word' id='word_1_36' title='bbox 1711 842 2044 913; x_wconf 81' lang='lat' dir='ltr'><strong>pervasisset</strong></span> <span class='ocrx_word' id='word_1_37' title='bbox 2090 840 2326 893; x_wconf 77' lang='lat' dir='ltr'><strong>miraeu~</strong></span> 
     </span>
    </p>
   </div>
   <div class='ocr_carea' id='block_1_8' title="bbox 762 932 2323 1005">
    <p class='ocr_par' dir='ltr' id='par_1_8' title="bbox 762 932 2323 1005">
     <span class='ocr_line' id='line_1_8' title="bbox 762 932 2323 1005; baseline -0.008 -9"><span class='ocrx_word' id='word_1_38' title='bbox 762 942 895 1005; x_wconf 90' lang='lat' dir='ltr'><strong>lum,</strong></span> <span class='ocrx_word' id='word_1_39' title='bbox 943 938 1352 993; x_wconf 83' lang='lat' dir='ltr'><strong>innumerabilis</strong></span> <span class='ocrx_word' id='word_1_40' title='bbox 1395 938 1458 991; x_wconf 91' lang='lat' dir='ltr'><strong>ad</strong></span> <span class='ocrx_word' id='word_1_41' title='bbox 1500 952 1622 991; x_wconf 89' lang='lat' dir='ltr'><strong>eum</strong></span> <span class='ocrx_word' id='word_1_42' title='bbox 1664 935 1973 990; x_wconf 87' lang='lat' dir='ltr'><strong>confluebat</strong></span> <span class='ocrx_word' id='word_1_43' title='bbox 2010 932 2323 996; x_wconf 71' lang='lat' dir='ltr'><strong>multitudo,</strong></span> 
     </span>
    </p>
   </div>
   <div class='ocr_carea' id='block_1_9' title="bbox 764 1030 2081 1102">
    <p class='ocr_par' dir='ltr' id='par_1_9' title="bbox 764 1030 2081 1102">
     <span class='ocr_line' id='line_1_9' title="bbox 764 1030 2081 1102; baseline -0.005 -16"><span class='ocrx_word' id='word_1_44' title='bbox 764 1035 1001 1102; x_wconf 92' lang='lat' dir='ltr'><strong>quietem</strong></span> <span class='ocrx_word' id='word_1_45' title='bbox 1034 1032 1150 1098; x_wconf 85' lang='lat' dir='ltr'><strong>ejus</strong></span> <span class='ocrx_word' id='word_1_46' title='bbox 1181 1040 1235 1085; x_wconf 92' lang='lat' dir='ltr'><strong>et</strong></span> <span class='ocrx_word' id='word_1_47' title='bbox 1268 1031 1566 1083; x_wconf 86' lang='lat' dir='ltr'><strong>orationem</strong></span> <span class='ocrx_word' id='word_1_48' title='bbox 1599 1030 2081 1096; x_wconf 88' lang='lat' dir='ltr'><strong>interrumpentcs.</strong></span> 
     </span>
    </p>
   </div>
   <div class='ocr_carea' id='block_1_10' title="bbox 839 1115 2323 1190">
    <p class='ocr_par' dir='ltr' id='par_1_10' title="bbox 839 1115 2323 1190">
     <span class='ocr_line' id='line_1_10' title="bbox 839 1115 2323 1190; baseline -0.005 -14"><span class='ocrx_word' id='word_1_49' title='bbox 839 1123 965 1177; x_wconf 64' lang='lat' dir='ltr'><strong>Haec</strong></span> <span class='ocrx_word' id='word_1_50' title='bbox 1022 1124 1196 1175; x_wconf 88' lang='lat' dir='ltr'><strong>vitans</strong></span> <span class='ocrx_word' id='word_1_51' title='bbox 1244 1121 1540 1190; x_wconf 62' lang='lat' dir='ltr'><strong>praeclarus</strong></span> <span class='ocrx_word' id='word_1_52' title='bbox 1587 1119 1871 1188; x_wconf 76' lang='lat' dir='ltr'><strong>Cyriacus,</strong></span> <span class='ocrx_word' id='word_1_53' title='bbox 1918 1116 1971 1168; x_wconf 89' lang='lat' dir='ltr'><strong>in</strong></span> <span class='ocrx_word' id='word_1_54' title='bbox 2011 1115 2323 1170; x_wconf 87' lang='lat' dir='ltr'><strong>interiorem</strong></span> 
     </span>
    </p>
   </div>
   <div class='ocr_carea' id='block_1_11' title="bbox 767 1205 2329 1277">
    <p class='ocr_par' dir='ltr' id='par_1_11' title="bbox 767 1205 2329 1277">
     <span class='ocr_line' id='line_1_11' title="bbox 767 1205 2329 1277; baseline -0.007 -10"><span class='ocrx_word' id='word_1_55' title='bbox 767 1213 937 1269; x_wconf 72' lang='lat' dir='ltr'><strong>Buba:</strong></span> <span class='ocrx_word' id='word_1_56' title='bbox 978 1212 1326 1266; x_wconf 88' lang='lat' dir='ltr'><strong>solitudinem</strong></span> <span class='ocrx_word' id='word_1_57' title='bbox 1375 1209 1569 1262; x_wconf 89' lang='lat' dir='ltr'><strong>transit</strong></span> <span class='ocrx_word' id='word_1_58' title='bbox 1616 1208 1751 1277; x_wconf 82' lang='grc'><strong>(16).</strong></span> <span class='ocrx_word' id='word_1_59' title='bbox 1799 1205 1865 1259; x_wconf 85' lang='lat' dir='ltr'><strong>Et</strong></span> <span class='ocrx_word' id='word_1_60' title='bbox 1897 1206 2137 1275; x_wconf 89' lang='lat' dir='ltr'><strong>quinque</strong></span> <span class='ocrx_word' id='word_1_61' title='bbox 2173 1206 2228 1257; x_wconf 89' lang='lat' dir='ltr'><strong>in</strong></span> <span class='ocrx_word' id='word_1_62' title='bbox 2265 1219 2329 1257; x_wconf 89' lang='lat' dir='ltr'><strong>ea</strong></span> 
     </span>
    </p>
   </div>
   <div class='ocr_carea' id='block_1_12' title="bbox 769 1299 2327 1375">
    <p class='ocr_par' dir='ltr' id='par_1_12' title="bbox 769 1299 2327 1375">
     <span class='ocr_line' id='line_1_12' title="bbox 769 1299 2327 1375; baseline -0.005 -18"><span class='ocrx_word' id='word_1_63' title='bbox 769 1307 1073 1375; x_wconf 76' lang='lat' dir='ltr'><strong>transigcns</strong></span> <span class='ocrx_word' id='word_1_64' title='bbox 1114 1318 1307 1365; x_wconf 89' lang='lat' dir='ltr'><strong>annos,</strong></span> <span class='ocrx_word' id='word_1_65' title='bbox 1348 1301 1559 1354; x_wconf 83' lang='lat' dir='ltr'><strong>radices</strong></span> <span class='ocrx_word' id='word_1_66' title='bbox 1608 1299 2013 1367; x_wconf 80' lang='lat' dir='ltr'><strong>melagriorum,</strong></span> <span class='ocrx_word' id='word_1_67' title='bbox 2065 1308 2122 1353; x_wconf 88' lang='lat' dir='ltr'><strong>et</strong></span> <span class='ocrx_word' id='word_1_68' title='bbox 2163 1313 2327 1351; x_wconf 91' lang='lat' dir='ltr'><strong>arun-</strong></span> 
     </span>
    </p>
   </div>
   <div class='ocr_carea' id='block_1_13' title="bbox 769 1391 2331 1457">
    <p class='ocr_par' dir='ltr' id='par_1_13' title="bbox 769 1391 2331 1457">
     <span class='ocr_line' id='line_1_13' title="bbox 769 1391 2331 1457; baseline -0.004 -8"><span class='ocrx_word' id='word_1_69' title='bbox 769 1398 955 1449; x_wconf 89' lang='lat' dir='ltr'><strong>dinum</strong></span> <span class='ocrx_word' id='word_1_70' title='bbox 991 1410 1233 1447; x_wconf 88' lang='lat' dir='ltr'><strong>summos</strong></span> <span class='ocrx_word' id='word_1_71' title='bbox 1268 1408 1447 1445; x_wconf 88' lang='lat' dir='ltr'><strong>ramos</strong></span> <span class='ocrx_word' id='word_1_72' title='bbox 1480 1393 1530 1443; x_wconf 91' lang='lat' dir='ltr'><strong>in</strong></span> <span class='ocrx_word' id='word_1_73' title='bbox 1563 1391 1711 1444; x_wconf 90' lang='lat' dir='ltr'><strong>cibos</strong></span> <span class='ocrx_word' id='word_1_74' title='bbox 1755 1392 2075 1443; x_wconf 72' lang='lat' dir='ltr'><strong>admittebat</strong></span> <span class='ocrx_word' id='word_1_75' title='bbox 2108 1406 2125 1444; x_wconf 86' lang='lat'><strong>:</strong></span> <span class='ocrx_word' id='word_1_76' title='bbox 2160 1405 2331 1457; x_wconf 87' lang='lat' dir='ltr'><strong>eaque</strong></span> 
     </span>
    </p>
   </div>
   <div class='ocr_carea' id='block_1_14' title="bbox 770 1481 2333 1555">
    <p class='ocr_par' dir='ltr' id='par_1_14' title="bbox 770 1481 2333 1555">
     <span class='ocr_line' id='line_1_14' title="bbox 770 1481 2333 1555; baseline -0.004 -15"><span class='ocrx_word' id='word_1_77' title='bbox 770 1487 1006 1555; x_wconf 82' lang='lat' dir='ltr'><strong>amplum</strong></span> <span class='ocrx_word' id='word_1_78' title='bbox 1044 1487 1116 1537; x_wconf 86' lang='lat' dir='ltr'><strong>illi</strong></span> <span class='ocrx_word' id='word_1_79' title='bbox 1157 1495 1311 1539; x_wconf 85' lang='lat' dir='ltr'><strong>erant</strong></span> <span class='ocrx_word' id='word_1_80' title='bbox 1358 1483 1666 1552; x_wconf 87' lang='lat' dir='ltr'><strong>opsonium,</strong></span> <span class='ocrx_word' id='word_1_81' title='bbox 1701 1482 1836 1535; x_wconf 88' lang='lat' dir='ltr'><strong>nihil</strong></span> <span class='ocrx_word' id='word_1_82' title='bbox 1867 1481 2041 1549; x_wconf 86' lang='lat' dir='ltr'><strong>quoad</strong></span> <span class='ocrx_word' id='word_1_83' title='bbox 2090 1481 2333 1551; x_wconf 69' lang='lat' dir='ltr'><strong>voluyta-</strong></span> 
     </span>
    </p>
   </div>
   <div class='ocr_carea' id='block_1_15' title="bbox 773 1574 1649 1633">
    <p class='ocr_par' dir='ltr' id='par_1_15' title="bbox 773 1574 1649 1633">
     <span class='ocr_line' id='line_1_15' title="bbox 773 1574 1649 1633; baseline -0.008 -2"><span class='ocrx_word' id='word_1_84' title='bbox 773 1591 878 1632; x_wconf 86' lang='lat' dir='ltr'><strong>tein</strong></span> <span class='ocrx_word' id='word_1_85' title='bbox 923 1579 1155 1633; x_wconf 77' lang='lat' dir='ltr'><strong>divitum</strong></span> <span class='ocrx_word' id='word_1_86' title='bbox 1188 1590 1391 1630; x_wconf 70' lang='lat' dir='ltr'><strong>mensa:</strong></span> <span class='ocrx_word' id='word_1_87' title='bbox 1427 1574 1649 1627; x_wconf 82' lang='lat' dir='ltr'><strong>cedens.</strong></span> 
     </span>
    </p>
   </div>
   <div class='ocr_carea' id='block_1_16' title="bbox 842 1749 2329 1822">
    <p class='ocr_par' dir='ltr' id='par_1_16' title="bbox 842 1749 2329 1822">
     <span class='ocr_line' id='line_1_16' title="bbox 842 1749 2329 1822; baseline -0.004 -14"><span class='ocrx_word' id='word_1_88' title='bbox 842 1754 948 1808; x_wconf 88' lang='lat' dir='ltr'><strong>Sed</strong></span> <span class='ocrx_word' id='word_1_89' title='bbox 1002 1754 1306 1808; x_wconf 89' lang='lat' dir='ltr'><strong>divinorum</strong></span> <span class='ocrx_word' id='word_1_90' title='bbox 1363 1751 1565 1822; x_wconf 81' lang='lat' dir='ltr'><strong>Cyriaci</strong></span> <span class='ocrx_word' id='word_1_91' title='bbox 1624 1749 2016 1805; x_wconf 86' lang='lat' dir='ltr'><strong>charismatum</strong></span> <span class='ocrx_word' id='word_1_92' title='bbox 2073 1749 2329 1814; x_wconf 75' lang='lat' dir='ltr'><strong>efficacia,</strong></span> 
     </span>
    </p>
   </div>
   <div class='ocr_carea' id='block_1_17' title="bbox 772 1842 2335 1916">
    <p class='ocr_par' dir='ltr' id='par_1_17' title="bbox 772 1842 2335 1916">
     <span class='ocr_line' id='line_1_17' title="bbox 772 1842 2335 1916; baseline -0.004 -14"><span class='ocrx_word' id='word_1_93' title='bbox 772 1848 916 1902; x_wconf 89' lang='lat' dir='ltr'><strong>hanc</strong></span> <span class='ocrx_word' id='word_1_94' title='bbox 963 1861 1177 1916; x_wconf 89' lang='lat' dir='ltr'><strong>quoque</strong></span> <span class='ocrx_word' id='word_1_95' title='bbox 1224 1844 1593 1905; x_wconf 89' lang='lat' dir='ltr'><strong>solitudinem,</strong></span> <span class='ocrx_word' id='word_1_96' title='bbox 1646 1842 2048 1897; x_wconf 78' lang='lat' dir='ltr'><strong>advenientium</strong></span> <span class='ocrx_word' id='word_1_97' title='bbox 2094 1843 2335 1895; x_wconf 89' lang='lat' dir='ltr'><strong>multitu-</strong></span> 
     </span>
    </p>
   </div>
   <div class='ocr_carea' id='block_1_18' title="bbox 773 1932 2335 2003">
    <p class='ocr_par' dir='ltr' id='par_1_18' title="bbox 773 1932 2335 2003">
     <span class='ocr_line' id='line_1_18' title="bbox 773 1932 2335 2003; baseline -0.002 -11"><span class='ocrx_word' id='word_1_98' title='bbox 773 1938 925 1999; x_wconf 87' lang='lat' dir='ltr'><strong>dine,</strong></span> <span class='ocrx_word' id='word_1_99' title='bbox 983 1936 1258 1990; x_wconf 87' lang='lat' dir='ltr'><strong>civitatem</strong></span> <span class='ocrx_word' id='word_1_100' title='bbox 1307 1934 1592 1988; x_wconf 86' lang='lat' dir='ltr'><strong>elliciebat.</strong></span> <span class='ocrx_word' id='word_1_101' title='bbox 1641 1932 1836 1987; x_wconf 90' lang='lat' dir='ltr'><strong>Omnes</strong></span> <span class='ocrx_word' id='word_1_102' title='bbox 1884 1934 2026 1987; x_wconf 88' lang='lat' dir='ltr'><strong>enim</strong></span> <span class='ocrx_word' id='word_1_103' title='bbox 2076 1950 2212 2003; x_wconf 91' lang='lat' dir='ltr'><strong>quos</strong></span> <span class='ocrx_word' id='word_1_104' title='bbox 2253 1936 2335 1989; x_wconf 88' lang='lat' dir='ltr'><strong>vel</strong></span> 
     </span>
    </p>
   </div>
   <div class='ocr_carea' id='block_1_19' title="bbox 774 2026 2335 2095">
    <p class='ocr_par' dir='ltr' id='par_1_19' title="bbox 774 2026 2335 2095">
     <span class='ocr_line' id='line_1_19' title="bbox 774 2026 2335 2095; baseline -0.001 -13"><span class='ocrx_word' id='word_1_105' title='bbox 774 2030 949 2083; x_wconf 88' lang='lat' dir='ltr'><strong>malus</strong></span> <span class='ocrx_word' id='word_1_106' title='bbox 980 2029 1211 2083; x_wconf 83' lang='lat' dir='ltr'><strong>vexabat</strong></span> <span class='ocrx_word' id='word_1_107' title='bbox 1240 2027 1484 2095; x_wconf 88' lang='lat' dir='ltr'><strong>spiritus,</strong></span> <span class='ocrx_word' id='word_1_108' title='bbox 1512 2026 1592 2079; x_wconf 88' lang='lat' dir='ltr'><strong>vel</strong></span> <span class='ocrx_word' id='word_1_109' title='bbox 1619 2026 1757 2079; x_wconf 91' lang='lat' dir='ltr'><strong>alius</strong></span> <span class='ocrx_word' id='word_1_110' title='bbox 1784 2027 2065 2094; x_wconf 89' lang='lat' dir='ltr'><strong>premebat</strong></span> <span class='ocrx_word' id='word_1_111' title='bbox 2087 2029 2335 2091; x_wconf 87' lang='lat' dir='ltr'><strong>morbus,</strong></span> 
     </span>
    </p>
   </div>
   <div class='ocr_carea' id='block_1_20' title="bbox 776 2119 2338 2190">
    <p class='ocr_par' dir='ltr' id='par_1_20' title="bbox 776 2119 2338 2190">
     <span class='ocr_line' id='line_1_20' title="bbox 776 2119 2338 2190; baseline -0.001 -17"><span class='ocrx_word' id='word_1_112' title='bbox 776 2122 1025 2190; x_wconf 71' lang='lat' dir='ltr'><strong>prompto</strong></span> <span class='ocrx_word' id='word_1_113' title='bbox 1070 2130 1125 2175; x_wconf 89' lang='lat' dir='ltr'><strong>et</strong></span> <span class='ocrx_word' id='word_1_114' title='bbox 1156 2120 1318 2172; x_wconf 88' lang='lat' dir='ltr'><strong>alacri</strong></span> <span class='ocrx_word' id='word_1_115' title='bbox 1367 2119 1569 2183; x_wconf 88' lang='lat' dir='ltr'><strong>animo,</strong></span> <span class='ocrx_word' id='word_1_116' title='bbox 1621 2119 1686 2170; x_wconf 91' lang='lat' dir='ltr'><strong>ad</strong></span> <span class='ocrx_word' id='word_1_117' title='bbox 1736 2119 1909 2170; x_wconf 84' lang='lat' dir='ltr'><strong>virum</strong></span> <span class='ocrx_word' id='word_1_118' title='bbox 1954 2130 2225 2185; x_wconf 86' lang='lat' dir='ltr'><strong>tamquam</strong></span> <span class='ocrx_word' id='word_1_119' title='bbox 2272 2122 2338 2172; x_wconf 92' lang='lat' dir='ltr'><strong>ad</strong></span> 
     </span>
    </p>
   </div>
   <div class='ocr_carea' id='block_1_21' title="bbox 777 2209 2339 2280">
    <p class='ocr_par' dir='ltr' id='par_1_21' title="bbox 777 2209 2339 2280">
     <span class='ocr_line' id='line_1_21' title="bbox 777 2209 2339 2280; baseline -0.003 -15"><span class='ocrx_word' id='word_1_120' title='bbox 777 2213 1109 2280; x_wconf 68' lang='lat' dir='ltr'><strong>exploratam</strong></span> <span class='ocrx_word' id='word_1_121' title='bbox 1146 2210 1484 2263; x_wconf 89' lang='lat' dir='ltr'><strong>sanationem</strong></span> <span class='ocrx_word' id='word_1_122' title='bbox 1532 2211 1893 2261; x_wconf 85' lang='lat' dir='ltr'><strong>accurrebant</strong></span> <span class='ocrx_word' id='word_1_123' title='bbox 1928 2225 1943 2262; x_wconf 94' lang='lat'><strong>:</strong></span> <span class='ocrx_word' id='word_1_124' title='bbox 1974 2218 2029 2262; x_wconf 89' lang='lat' dir='ltr'><strong>et</strong></span> <span class='ocrx_word' id='word_1_125' title='bbox 2058 2224 2223 2261; x_wconf 88' lang='lat' dir='ltr'><strong>nemo</strong></span> <span class='ocrx_word' id='word_1_126' title='bbox 2274 2209 2339 2261; x_wconf 89' lang='lat' dir='ltr'><strong>il-</strong></span> 
     </span>
    </p>
   </div>
   <div class='ocr_carea' id='block_1_22' title="bbox 782 2300 2341 2358">
    <p class='ocr_par' dir='ltr' id='par_1_22' title="bbox 782 2300 2341 2358">
     <span class='ocr_line' id='line_1_22' title="bbox 782 2300 2341 2358; baseline -0.002 0"><span class='ocrx_word' id='word_1_127' title='bbox 782 2305 892 2358; x_wconf 90' lang='lat' dir='ltr'><strong>linc</strong></span> <span class='ocrx_word' id='word_1_128' title='bbox 958 2303 1334 2357; x_wconf 84' lang='lat' dir='ltr'><strong>revertebatur</strong></span> <span class='ocrx_word' id='word_1_129' title='bbox 1402 2316 1625 2356; x_wconf 86' lang='lat' dir='ltr'><strong>vacuus.</strong></span> <span class='ocrx_word' id='word_1_130' title='bbox 1701 2300 1899 2355; x_wconf 85' lang='lat' dir='ltr'><strong>Verum</strong></span> <span class='ocrx_word' id='word_1_131' title='bbox 1962 2303 2341 2355; x_wconf 89' lang='lat' dir='ltr'><strong>accedentium</strong></span> 
     </span>
    </p>
   </div>
   <div class='ocr_carea' id='block_1_23' title="bbox 779 2394 2338 2466">
    <p class='ocr_par' dir='ltr' id='par_1_23' title="bbox 779 2394 2338 2466">
     <span class='ocr_line' id='line_1_23' title="bbox 779 2394 2338 2466; baseline -0.001 -16"><span class='ocrx_word' id='word_1_132' title='bbox 779 2396 1180 2450; x_wconf 83' lang='lat' dir='ltr'><strong>multitudinem</strong></span> <span class='ocrx_word' id='word_1_133' title='bbox 1233 2396 1427 2449; x_wconf 88' lang='lat' dir='ltr'><strong>iterum</strong></span> <span class='ocrx_word' id='word_1_134' title='bbox 1482 2403 1746 2463; x_wconf 69' lang='lat' dir='ltr'><strong>pertaesus</strong></span> <span class='ocrx_word' id='word_1_135' title='bbox 1792 2395 2009 2449; x_wconf 89' lang='lat' dir='ltr'><strong>divinus</strong></span> <span class='ocrx_word' id='word_1_136' title='bbox 2061 2394 2338 2466; x_wconf 83' lang='lat' dir='ltr'><strong>Cyriacus,</strong></span> 
     </span>
    </p>
   </div>
   <div class='ocr_carea' id='block_1_24' title="bbox 780 2488 2342 2558">
    <p class='ocr_par' dir='ltr' id='par_1_24' title="bbox 780 2488 2342 2558">
     <span class='ocr_line' id='line_1_24' title="bbox 780 2488 2342 2558; baseline -0.003 -14"><span class='ocrx_word' id='word_1_137' title='bbox 780 2492 834 2544; x_wconf 88' lang='lat' dir='ltr'><strong>in</strong></span> <span class='ocrx_word' id='word_1_138' title='bbox 864 2506 981 2544; x_wconf 88' lang='lat' dir='ltr'><strong>eam</strong></span> <span class='ocrx_word' id='word_1_139' title='bbox 1014 2504 1072 2543; x_wconf 90' lang='lat' dir='ltr'><strong>se</strong></span> <span class='ocrx_word' id='word_1_140' title='bbox 1108 2488 1320 2543; x_wconf 87' lang='lat' dir='ltr'><strong>confert</strong></span> <span class='ocrx_word' id='word_1_141' title='bbox 1350 2489 1657 2543; x_wconf 88' lang='lat' dir='ltr'><strong>solitudinis</strong></span> <span class='ocrx_word' id='word_1_142' title='bbox 1688 2496 1921 2558; x_wconf 87' lang='lat' dir='ltr'><strong>partem,</strong></span> <span class='ocrx_word' id='word_1_143' title='bbox 1960 2488 2015 2541; x_wconf 92' lang='lat' dir='ltr'><strong>in</strong></span> <span class='ocrx_word' id='word_1_144' title='bbox 2061 2505 2167 2557; x_wconf 88' lang='lat' dir='ltr'><strong>qua</strong></span> <span class='ocrx_word' id='word_1_145' title='bbox 2214 2503 2342 2541; x_wconf 88' lang='lat' dir='ltr'><strong>ana-</strong></span> 
     </span>
    </p>
   </div>
   <div class='ocr_carea' id='block_1_25' title="bbox 780 2580 2344 2649">
    <p class='ocr_par' dir='ltr' id='par_1_25' title="bbox 780 2580 2344 2649">
     <span class='ocr_line' id='line_1_25' title="bbox 780 2580 2344 2649; baseline -0.001 -14"><span class='ocrx_word' id='word_1_146' title='bbox 780 2584 1125 2636; x_wconf 88' lang='lat' dir='ltr'><strong>choretarum</strong></span> <span class='ocrx_word' id='word_1_147' title='bbox 1181 2580 1364 2634; x_wconf 88' lang='lat' dir='ltr'><strong>nullus</strong></span> <span class='ocrx_word' id='word_1_148' title='bbox 1417 2597 1595 2649; x_wconf 89' lang='lat' dir='ltr'><strong>neque</strong></span> <span class='ocrx_word' id='word_1_149' title='bbox 1644 2588 1939 2643; x_wconf 82' lang='lat' dir='ltr'><strong>manserat,</strong></span> <span class='ocrx_word' id='word_1_150' title='bbox 1977 2596 2153 2649; x_wconf 87' lang='lat' dir='ltr'><strong>neque</strong></span> <span class='ocrx_word' id='word_1_151' title='bbox 2204 2596 2344 2649; x_wconf 84' lang='lat' dir='ltr'><strong>pcr-</strong></span> 
     </span>
    </p>
   </div>
   <div class='ocr_carea' id='block_1_26' title="bbox 782 2669 2343 2738">
    <p class='ocr_par' dir='ltr' id='par_1_26' title="bbox 782 2669 2343 2738">
     <span class='ocr_line' id='line_1_26' title="bbox 782 2669 2343 2738; baseline -0.002 -12"><span class='ocrx_word' id='word_1_152' title='bbox 782 2673 1070 2727; x_wconf 84' lang='lat' dir='ltr'><strong>transierat</strong></span> <span class='ocrx_word' id='word_1_153' title='bbox 1099 2670 1411 2738; x_wconf 86' lang='lat' dir='ltr'><strong>aliquando.</strong></span> <span class='ocrx_word' id='word_1_154' title='bbox 1444 2669 1834 2724; x_wconf 78' lang='lat' dir='ltr'><strong>Nominabatur</strong></span> <span class='ocrx_word' id='word_1_155' title='bbox 1858 2669 2011 2722; x_wconf 88' lang='lat' dir='ltr'><strong>locus</strong></span> <span class='ocrx_word' id='word_1_156' title='bbox 2042 2669 2112 2722; x_wconf 92' lang='lat' dir='ltr'><strong>ab</strong></span> <span class='ocrx_word' id='word_1_157' title='bbox 2144 2669 2343 2723; x_wconf 89' lang='lat' dir='ltr'><strong>accolis</strong></span> 
     </span>
    </p>
   </div>
   <div class='ocr_carea' id='block_1_27' title="bbox 784 2758 2345 2831">
    <p class='ocr_par' dir='ltr' id='par_1_27' title="bbox 784 2758 2345 2831">
     <span class='ocr_line' id='line_1_27' title="bbox 784 2758 2345 2831; baseline -0.003 -13"><span class='ocrx_word' id='word_1_158' title='bbox 784 2764 1027 2817; x_wconf 86' lang='lat' dir='ltr'><strong>Susacim</strong></span> <span class='ocrx_word' id='word_1_159' title='bbox 1054 2763 1188 2831; x_wconf 79' lang='lat' dir='ltr'><strong>(l7);</strong></span> <span class='ocrx_word' id='word_1_160' title='bbox 1218 2762 1272 2813; x_wconf 91' lang='lat' dir='ltr'><strong>in</strong></span> <span class='ocrx_word' id='word_1_161' title='bbox 1294 2777 1402 2829; x_wconf 91' lang='lat' dir='ltr'><strong>quo</strong></span> <span class='ocrx_word' id='word_1_162' title='bbox 1427 2771 1483 2814; x_wconf 90' lang='lat' dir='ltr'><strong>et</strong></span> <span class='ocrx_word' id='word_1_163' title='bbox 1520 2758 1676 2813; x_wconf 70' lang='lat' dir='ltr'><strong>Sucze</strong></span> <span class='ocrx_word' id='word_1_164' title='bbox 1704 2770 1759 2814; x_wconf 90' lang='lat' dir='ltr'><strong>et</strong></span> <span class='ocrx_word' id='word_1_165' title='bbox 1786 2760 1945 2813; x_wconf 83' lang='lat' dir='ltr'><strong>Novae</strong></span> <span class='ocrx_word' id='word_1_166' title='bbox 1971 2760 2158 2813; x_wconf 77' lang='lat' dir='ltr'><strong>Laura:</strong></span> <span class='ocrx_word' id='word_1_167' title='bbox 2188 2762 2345 2814; x_wconf 89' lang='lat' dir='ltr'><strong>ambo</strong></span> 
     </span>
    </p>
   </div>
   <div class='ocr_carea' id='block_1_28' title="bbox 782 2850 2347 2921">
    <p class='ocr_par' dir='ltr' id='par_1_28' title="bbox 782 2850 2347 2921">
     <span class='ocr_line' id='line_1_28' title="bbox 782 2850 2347 2921; baseline -0.003 -12"><span class='ocrx_word' id='word_1_168' title='bbox 782 2855 953 2920; x_wconf 83' lang='lat' dir='ltr'><strong>ﬂuvii,</strong></span> <span class='ocrx_word' id='word_1_169' title='bbox 1002 2868 1191 2908; x_wconf 90' lang='lat' dir='ltr'><strong>eorum</strong></span> <span class='ocrx_word' id='word_1_170' title='bbox 1248 2868 1383 2920; x_wconf 90' lang='lat' dir='ltr'><strong>quos</strong></span> <span class='ocrx_word' id='word_1_171' title='bbox 1435 2852 1687 2905; x_wconf 89' lang='lat' dir='ltr'><strong>novimus</strong></span> <span class='ocrx_word' id='word_1_172' title='bbox 1740 2852 1959 2905; x_wconf 79' lang='lat' dir='ltr'><strong>maximi</strong></span> <span class='ocrx_word' id='word_1_173' title='bbox 2008 2860 2063 2903; x_wconf 91' lang='lat' dir='ltr'><strong>et</strong></span> <span class='ocrx_word' id='word_1_174' title='bbox 2121 2850 2347 2921; x_wconf 88' lang='lat' dir='ltr'><strong>profun-</strong></span> 
     </span>
    </p>
   </div>
   <div class='ocr_carea' id='block_1_29' title="bbox 784 2941 2347 3014">
    <p class='ocr_par' dir='ltr' id='par_1_29' title="bbox 784 2941 2347 3014">
     <span class='ocr_line' id='line_1_29' title="bbox 784 2941 2347 3014; baseline -0.004 -13"><span class='ocrx_word' id='word_1_175' title='bbox 784 2946 1018 3010; x_wconf 87' lang='lat' dir='ltr'><strong>dissinii,</strong></span> <span class='ocrx_word' id='word_1_176' title='bbox 1068 2946 1475 3014; x_wconf 84' lang='lat' dir='ltr'><strong>conjunguntur</strong></span> <span class='ocrx_word' id='word_1_177' title='bbox 1521 2953 1574 2998; x_wconf 93' lang='lat' dir='ltr'><strong>et</strong></span> <span class='ocrx_word' id='word_1_178' title='bbox 1600 2941 1901 3001; x_wconf 84' lang='lat' dir='ltr'><strong>conﬂuunt.</strong></span> <span class='ocrx_word' id='word_1_179' title='bbox 1937 2942 2205 2997; x_wconf 85' lang='lat' dir='ltr'><strong>Feruntur</strong></span> <span class='ocrx_word' id='word_1_180' title='bbox 2247 2959 2347 2995; x_wconf 87' lang='lat' dir='ltr'><strong>au-</strong></span> 
     </span>
    </p>
   </div>
   <div class='ocr_carea' id='block_1_30' title="bbox 784 3034 2343 3105">
    <p class='ocr_par' dir='ltr' id='par_1_30' title="bbox 784 3034 2343 3105">
     <span class='ocr_line' id='line_1_30' title="bbox 784 3034 2343 3105; baseline -0.004 -11"><span class='ocrx_word' id='word_1_181' title='bbox 784 3048 892 3094; x_wconf 91' lang='lat' dir='ltr'><strong>tem</strong></span> <span class='ocrx_word' id='word_1_182' title='bbox 926 3039 963 3093; x_wconf 89' lang='lat' dir='ltr'><strong>ii</strong></span> <span class='ocrx_word' id='word_1_183' title='bbox 995 3053 1115 3093; x_wconf 88' lang='lat' dir='ltr'><strong>esse</strong></span> <span class='ocrx_word' id='word_1_184' title='bbox 1144 3038 1211 3093; x_wconf 87' lang='lat' dir='ltr'><strong>de</strong></span> <span class='ocrx_word' id='word_1_185' title='bbox 1242 3038 1437 3105; x_wconf 90' lang='lat' dir='ltr'><strong>quibus</strong></span> <span class='ocrx_word' id='word_1_186' title='bbox 1466 3036 1680 3090; x_wconf 87' lang='lat' dir='ltr'><strong>Christo</strong></span> <span class='ocrx_word' id='word_1_187' title='bbox 1712 3038 1916 3090; x_wconf 88' lang='lat' dir='ltr'><strong>dictum</strong></span> <span class='ocrx_word' id='word_1_188' title='bbox 1946 3046 2027 3089; x_wconf 87' lang='lat' dir='ltr'><strong>est</strong></span> <span class='ocrx_word' id='word_1_189' title='bbox 2050 3051 2079 3088; x_wconf 88' lang='lat' dir='ltr'><strong>a</strong></span> <span class='ocrx_word' id='word_1_190' title='bbox 2112 3034 2343 3088; x_wconf 89' lang='lat' dir='ltr'><strong>Davide:</strong></span> 
     </span>
    </p>
   </div>
   <div class='ocr_carea' id='block_1_31' title="bbox 2422 543 3996 625">
    <p class='ocr_par' dir='ltr' id='par_1_31' title="bbox 2422 543 3996 625">
     <span class='ocr_line' id='line_1_31' title="bbox 2422 543 3996 625; baseline -0.01 -16"><span class='ocrx_word' id='word_1_191' title='bbox 2422 574 2481 609; x_wconf 89' lang='grc' dir='ltr'><strong>τε</strong></span> <span class='ocrx_word' id='word_1_192' title='bbox 2539 555 2614 625; x_wconf 84' lang='grc' dir='ltr'><strong>τῷ</strong></span> <span class='ocrx_word' id='word_1_193' title='bbox 2666 554 2929 621; x_wconf 80' lang='grc' dir='ltr'>νεανίσκῳ</span> <span class='ocrx_word' id='word_1_194' title='bbox 2977 550 3243 617; x_wconf 74' lang='grc' dir='ltr'>ἐπιλέγει,</span> <span class='ocrx_word' id='word_1_195' title='bbox 3296 550 3390 601; x_wconf 70' lang='grc' dir='ltr'>καὶ</span> <span class='ocrx_word' id='word_1_196' title='bbox 3460 546 3537 616; x_wconf 80' lang='grc' dir='ltr'><strong>τῷ</strong></span> <span class='ocrx_word' id='word_1_197' title='bbox 3571 545 3717 617; x_wconf 70' lang='grc' dir='ltr'>[τοῦ]</span> <span class='ocrx_word' id='word_1_198' title='bbox 3749 543 3996 611; x_wconf 72' lang='grc' dir='ltr'>σταυροῦ</span> 
     </span>
    </p>
   </div>
   <div class='ocr_carea' id='block_1_32' title="bbox 2424 637 4001 717">
    <p class='ocr_par' dir='ltr' id='par_1_32' title="bbox 2424 637 4001 717">
     <span class='ocr_line' id='line_1_32' title="bbox 2424 637 4001 717; baseline -0.01 -17"><span class='ocrx_word' id='word_1_199' title='bbox 2424 648 2618 717; x_wconf 84' lang='grc' dir='ltr'>χρίσας</span> <span class='ocrx_word' id='word_1_200' title='bbox 2679 644 2866 714; x_wconf 84' lang='grc' dir='ltr'>ἐλαίῳ,</span> <span class='ocrx_word' id='word_1_201' title='bbox 2899 644 2994 713; x_wconf 77' lang='grc' dir='ltr'><strong>τῆς</strong></span> <span class='ocrx_word' id='word_1_202' title='bbox 3028 643 3231 711; x_wconf 75' lang='grc' dir='ltr'>πικρᾶς</span> <span class='ocrx_word' id='word_1_203' title='bbox 3279 638 3493 707; x_wconf 76' lang='grc' dir='ltr'>ἐκείνης</span> <span class='ocrx_word' id='word_1_204' title='bbox 3522 637 3864 691; x_wconf 72' lang='grc' dir='ltr'><strong>ἀπαλλάττει</strong></span> <span class='ocrx_word' id='word_1_205' title='bbox 3899 652 4001 702; x_wconf 85' lang='grc' dir='ltr'>μα-</span> 
     </span>
    </p>
   </div>
   <div class='ocr_carea' id='block_1_33' title="bbox 2425 742 2563 802">
    <p class='ocr_par' dir='ltr' id='par_1_33' title="bbox 2425 742 2563 802">
     <span class='ocr_line' id='line_1_33' title="bbox 2425 742 2563 802; baseline -0.029 -7"><span class='ocrx_word' id='word_1_206' title='bbox 2425 742 2563 802; x_wconf 79' lang='grc' dir='ltr'>νίας.</span> 
     </span>
    </p>
   </div>
   <div class='ocr_carea' id='block_1_34' title="bbox 2497 823 3999 898">
    <p class='ocr_par' dir='ltr' id='par_1_34' title="bbox 2497 823 3999 898">
     <span class='ocr_line' id='line_1_34' title="bbox 2497 823 3999 898; baseline -0.007 -15"><span class='ocrx_word' id='word_1_207' title='bbox 2497 831 2604 882; x_wconf 74' lang='grc' dir='ltr'><strong>Τοῦ</strong></span> <span class='ocrx_word' id='word_1_208' title='bbox 2661 829 2943 898; x_wconf 84' lang='grc' dir='ltr'>Θαύματος</span> <span class='ocrx_word' id='word_1_209' title='bbox 3001 826 3177 878; x_wconf 79' lang='grc' dir='ltr'>τοίνυν</span> <span class='ocrx_word' id='word_1_210' title='bbox 3205 827 3283 887; x_wconf 83' lang='grc' dir='ltr'>εἰς</span> <span class='ocrx_word' id='word_1_211' title='bbox 3322 823 3548 886; x_wconf 65' lang='grc' dir='ltr'>πολλοὺς</span> <span class='ocrx_word' id='word_1_212' title='bbox 3573 826 3675 893; x_wconf 63' lang='grc' dir='ltr'>ἤδη</span> <span class='ocrx_word' id='word_1_213' title='bbox 3704 824 3999 890; x_wconf 53' lang='grc' dir='ltr'>διατοιτή-</span> 
     </span>
    </p>
   </div>
   <div class='ocr_carea' id='block_1_35' title="bbox 2430 917 4002 989">
    <p class='ocr_par' dir='ltr' id='par_1_35' title="bbox 2430 917 4002 989">
     <span class='ocr_line' id='line_1_35' title="bbox 2430 917 4002 989; baseline -0.004 -15"><span class='ocrx_word' id='word_1_214' title='bbox 2430 939 2639 986; x_wconf 89' lang='grc' dir='ltr'>σαντος,</span> <span class='ocrx_word' id='word_1_215' title='bbox 2688 921 2880 989; x_wconf 88' lang='grc' dir='ltr'>μυρίον</span> <span class='ocrx_word' id='word_1_216' title='bbox 2928 920 3056 989; x_wconf 80' lang='grc' dir='ltr'>παρ’</span> <span class='ocrx_word' id='word_1_217' title='bbox 3088 918 3249 970; x_wconf 66' lang='grc' dir='ltr'>αὑτὸν</span> <span class='ocrx_word' id='word_1_218' title='bbox 3298 917 3499 986; x_wconf 75' lang='grc' dir='ltr'>πλῆθος</span> <span class='ocrx_word' id='word_1_219' title='bbox 3553 920 3875 986; x_wconf 68' lang='grc' dir='ltr'>συνέρρεον,</span> <span class='ocrx_word' id='word_1_220' title='bbox 3909 918 4002 986; x_wconf 67' lang='grc' dir='ltr'><strong>τὴν</strong></span> 
     </span>
    </p>
   </div>
   <div class='ocr_carea' id='block_1_36' title="bbox 2429 1009 3859 1084">
    <p class='ocr_par' dir='ltr' id='par_1_36' title="bbox 2429 1009 3859 1084">
     <span class='ocr_line' id='line_1_36' title="bbox 2429 1009 3859 1084; baseline -0.004 -17"><span class='ocrx_word' id='word_1_221' title='bbox 2429 1015 2654 1084; x_wconf 80' lang='grc' dir='ltr'>ἡσυχίαν</span> <span class='ocrx_word' id='word_1_222' title='bbox 2678 1012 2823 1079; x_wconf 67' lang='grc' dir='ltr'>αύτῷ</span> <span class='ocrx_word' id='word_1_223' title='bbox 2848 1012 2939 1063; x_wconf 70' lang='grc' dir='ltr'>καὶ</span> <span class='ocrx_word' id='word_1_224' title='bbox 2961 1013 3058 1081; x_wconf 75' lang='grc' dir='ltr'><strong>τὴν</strong></span> <span class='ocrx_word' id='word_1_225' title='bbox 3105 1009 3408 1079; x_wconf 74' lang='grc' dir='ltr'>προσευχὴν</span> <span class='ocrx_word' id='word_1_226' title='bbox 3435 1010 3859 1069; x_wconf 77' lang='grc' dir='ltr'>ὲπικὸπτοντες.</span> 
     </span>
    </p>
   </div>
   <div class='ocr_carea' id='block_1_37' title="bbox 2499 1099 4006 1173">
    <p class='ocr_par' dir='ltr' id='par_1_37' title="bbox 2499 1099 4006 1173">
     <span class='ocr_line' id='line_1_37' title="bbox 2499 1099 4006 1173; baseline -0.009 -11"><span class='ocrx_word' id='word_1_227' title='bbox 2499 1108 2685 1163; x_wconf 79' lang='grc' dir='ltr'>Ταῦτα</span> <span class='ocrx_word' id='word_1_228' title='bbox 2731 1109 2757 1158; x_wconf 89' lang='grc' dir='ltr'>ὁ</span> <span class='ocrx_word' id='word_1_229' title='bbox 2793 1110 3040 1173; x_wconf 74' lang='grc' dir='ltr'>γενναῖος</span> <span class='ocrx_word' id='word_1_230' title='bbox 3103 1102 3383 1172; x_wconf 76' lang='grc' dir='ltr'>Κυριακδς</span> <span class='ocrx_word' id='word_1_231' title='bbox 3435 1101 3701 1153; x_wconf 76' lang='grc' dir='ltr'>ἐκκλίνων</span> <span class='ocrx_word' id='word_1_232' title='bbox 3750 1103 3848 1153; x_wconf 71' lang='grc' dir='ltr'><strong>ἐπὶ</strong></span> <span class='ocrx_word' id='word_1_233' title='bbox 3914 1099 4006 1168; x_wconf 70' lang='grc' dir='ltr'><strong>τὴν</strong></span> 
     </span>
    </p>
   </div>
   <div class='ocr_carea' id='block_1_38' title="bbox 2430 1194 4004 1270">
    <p class='ocr_par' dir='ltr' id='par_1_38' title="bbox 2430 1194 4004 1270">
     <span class='ocr_line' id='line_1_38' title="bbox 2430 1194 4004 1270; baseline -0.004 -19"><span class='ocrx_word' id='word_1_234' title='bbox 2430 1199 2690 1269; x_wconf 77' lang='grc' dir='ltr'><strong>ἐνδοτέρω</strong></span> <span class='ocrx_word' id='word_1_235' title='bbox 2722 1198 3025 1270; x_wconf 80' lang='grc' dir='ltr'>[ἐνδοτέραν</span> <span class='ocrx_word' id='word_1_236' title='bbox 3059 1195 3109 1268; x_wconf 85' lang='grc'><strong>1]</strong></span> <span class='ocrx_word' id='word_1_237' title='bbox 3140 1194 3444 1248; x_wconf 77' lang='grc' dir='ltr'>τοῦῬουϐᾶ</span> <span class='ocrx_word' id='word_1_238' title='bbox 3476 1195 3681 1263; x_wconf 75' lang='grc' dir='ltr'>ἔρημον</span> <span class='ocrx_word' id='word_1_239' title='bbox 3709 1194 4004 1245; x_wconf 72' lang='grc' dir='ltr'>διαϐαίνει.</span> 
     </span>
    </p>
   </div>
   <div class='ocr_carea' id='block_1_39' title="bbox 2430 1285 4008 1360">
    <p class='ocr_par' dir='ltr' id='par_1_39' title="bbox 2430 1285 4008 1360">
     <span class='ocr_line' id='line_1_39' title="bbox 2430 1285 4008 1360; baseline -0.006 -16"><span class='ocrx_word' id='word_1_240' title='bbox 2430 1294 2540 1344; x_wconf 78' lang='grc' dir='ltr'>Καὶ</span> <span class='ocrx_word' id='word_1_241' title='bbox 2575 1294 2735 1344; x_wconf 78' lang='grc' dir='ltr'>πέντε</span> <span class='ocrx_word' id='word_1_242' title='bbox 2790 1291 2919 1360; x_wconf 78' lang='grc' dir='ltr'>παρ’</span> <span class='ocrx_word' id='word_1_243' title='bbox 2971 1290 3110 1358; x_wconf 75' lang='grc' dir='ltr'>αὐτῇ</span> <span class='ocrx_word' id='word_1_244' title='bbox 3147 1291 3425 1356; x_wconf 77' lang='grc' dir='ltr'>διαγαγὼν</span> <span class='ocrx_word' id='word_1_245' title='bbox 3459 1287 3577 1354; x_wconf 81' lang='grc' dir='ltr'>ἔτη,</span> <span class='ocrx_word' id='word_1_246' title='bbox 3612 1285 3773 1355; x_wconf 77' lang='grc' dir='ltr'>ῥίζας</span> <span class='ocrx_word' id='word_1_247' title='bbox 3809 1302 3872 1336; x_wconf 84' lang='grc' dir='ltr'><strong>τε</strong></span> <span class='ocrx_word' id='word_1_248' title='bbox 3910 1302 4008 1353; x_wconf 87' lang='grc' dir='ltr'>με·</span> 
     </span>
    </p>
   </div>
   <div class='ocr_carea' id='block_1_40' title="bbox 2432 1377 4009 1454">
    <p class='ocr_par' dir='ltr' id='par_1_40' title="bbox 2432 1377 4009 1454">
     <span class='ocr_line' id='line_1_40' title="bbox 2432 1377 4009 1454; baseline -0.008 -16"><span class='ocrx_word' id='word_1_249' title='bbox 2432 1385 2672 1454; x_wconf 86' lang='grc' dir='ltr'>λαγρίων</span> <span class='ocrx_word' id='word_1_250' title='bbox 2739 1384 2832 1434; x_wconf 72' lang='grc' dir='ltr'>καὶ</span> <span class='ocrx_word' id='word_1_251' title='bbox 2880 1382 3191 1452; x_wconf 83' lang='grc' dir='ltr'>ἀκρέμονας</span> <span class='ocrx_word' id='word_1_252' title='bbox 3253 1379 3582 1451; x_wconf 81' lang='grc' dir='ltr'>[ἀκρεμόνας</span> <span class='ocrx_word' id='word_1_253' title='bbox 3627 1377 3686 1448; x_wconf 68' lang='grc'><strong>2]</strong></span> <span class='ocrx_word' id='word_1_254' title='bbox 3740 1378 4009 1444; x_wconf 66' lang='grc' dir='ltr'>καλάμων</span> 
     </span>
    </p>
   </div>
   <div class='ocr_carea' id='block_1_41' title="bbox 2435 1465 4008 1546">
    <p class='ocr_par' dir='ltr' id='par_1_41' title="bbox 2435 1465 4008 1546">
     <span class='ocr_line' id='line_1_41' title="bbox 2435 1465 4008 1546; baseline -0.006 -18"><span class='ocrx_word' id='word_1_255' title='bbox 2435 1476 2719 1546; x_wconf 68' lang='grc' dir='ltr'>προσίετο·</span> <span class='ocrx_word' id='word_1_256' title='bbox 2787 1473 2880 1527; x_wconf 71' lang='grc' dir='ltr'><strong>καὶ</strong></span> <span class='ocrx_word' id='word_1_257' title='bbox 2939 1474 3114 1525; x_wconf 73' lang='grc' dir='ltr'>ταῦτα</span> <span class='ocrx_word' id='word_1_258' title='bbox 3166 1472 3292 1540; x_wconf 68' lang='grc' dir='ltr'>ὄψον</span> <span class='ocrx_word' id='word_1_259' title='bbox 3318 1490 3373 1523; x_wconf 85' lang='grc' dir='ltr'><strong>τε</strong></span> <span class='ocrx_word' id='word_1_260' title='bbox 3410 1473 3593 1523; x_wconf 69' lang='grc' dir='ltr'>ἱκανὸν</span> <span class='ocrx_word' id='word_1_261' title='bbox 3625 1470 3780 1538; x_wconf 75' lang='grc' dir='ltr'>αὐτῷ</span> <span class='ocrx_word' id='word_1_262' title='bbox 3841 1465 4008 1537; x_wconf 71' lang='grc' dir='ltr'>ἦσαν,</span> 
     </span>
    </p>
   </div>
   <div class='ocr_carea' id='block_1_42' title="bbox 2435 1561 4012 1638">
    <p class='ocr_par' dir='ltr' id='par_1_42' title="bbox 2435 1561 4012 1638">
     <span class='ocr_line' id='line_1_42' title="bbox 2435 1561 4012 1638; baseline -0.006 -16"><span class='ocrx_word' id='word_1_263' title='bbox 2435 1572 2530 1621; x_wconf 77' lang='grc' dir='ltr'>καὶ</span> <span class='ocrx_word' id='word_1_264' title='bbox 2588 1569 2737 1622; x_wconf 74' lang='grc' dir='ltr'>οὐδὲν</span> <span class='ocrx_word' id='word_1_265' title='bbox 2800 1569 2878 1629; x_wconf 85' lang='grc' dir='ltr'><strong>είς</strong></span> <span class='ocrx_word' id='word_1_266' title='bbox 2925 1567 3121 1638; x_wconf 76' lang='grc' dir='ltr'>ἡδονὴν</span> <span class='ocrx_word' id='word_1_267' title='bbox 3168 1566 3264 1635; x_wconf 83' lang='grc' dir='ltr'><strong>τῆς</strong></span> <span class='ocrx_word' id='word_1_268' title='bbox 3287 1564 3395 1617; x_wconf 84' lang='grc' dir='ltr'><strong>τῶν</strong></span> <span class='ocrx_word' id='word_1_269' title='bbox 3423 1563 3692 1615; x_wconf 82' lang='grc' dir='ltr'>πλουσίων</span> <span class='ocrx_word' id='word_1_270' title='bbox 3722 1561 4012 1632; x_wconf 72' lang='grc' dir='ltr'>τραπέζης</span> 
     </span>
    </p>
   </div>
   <div class='ocr_carea' id='block_1_43' title="bbox 2435 1661 2893 1729">
    <p class='ocr_par' dir='ltr' id='par_1_43' title="bbox 2435 1661 2893 1729">
     <span class='ocr_line' id='line_1_43' title="bbox 2435 1661 2893 1729; baseline -0.009 -14"><span class='ocrx_word' id='word_1_271' title='bbox 2435 1661 2893 1729; x_wconf 68' lang='grc' dir='ltr'>ἀπολειπόμενον.</span> 
     </span>
    </p>
   </div>
   <div class='ocr_carea' id='block_1_44' title="bbox 2518 1746 4012 1822">
    <p class='ocr_par' dir='ltr' id='par_1_44' title="bbox 2518 1746 4012 1822">
     <span class='ocr_line' id='line_1_44' title="bbox 2518 1746 4012 1822; baseline -0.005 -18"><span class='ocrx_word' id='word_1_272' title='bbox 2518 1752 2660 1805; x_wconf 78' lang='grc' dir='ltr'>Ἀλλ’</span> <span class='ocrx_word' id='word_1_273' title='bbox 2688 1750 2850 1822; x_wconf 82' lang='grc' dir='ltr'>ἡτῶν</span> <span class='ocrx_word' id='word_1_274' title='bbox 2881 1751 3236 1822; x_wconf 76' lang='grc' dir='ltr'><strong>χαρισμάτων</strong></span> <span class='ocrx_word' id='word_1_275' title='bbox 3268 1749 3360 1802; x_wconf 81' lang='grc' dir='ltr'>τοῦ</span> <span class='ocrx_word' id='word_1_276' title='bbox 3394 1747 3679 1820; x_wconf 77' lang='grc' dir='ltr'>Κνριακοῦ</span> <span class='ocrx_word' id='word_1_277' title='bbox 3704 1746 3818 1799; x_wconf 75' lang='grc' dir='ltr'><strong>τῶν</strong></span> <span class='ocrx_word' id='word_1_278' title='bbox 3852 1746 4012 1796; x_wconf 79' lang='grc' dir='ltr'>Οείων</span> 
     </span>
    </p>
   </div>
   <div class='ocr_carea' id='block_1_45' title="bbox 2438 1826 4014 1915">
    <p class='ocr_par' dir='ltr' id='par_1_45' title="bbox 2438 1826 4014 1915">
     <span class='ocr_line' id='line_1_45' title="bbox 2438 1826 4014 1915; baseline -0.006 -17"><span class='ocrx_word' id='word_1_279' title='bbox 2438 1848 2705 1915; x_wconf 84' lang='grc' dir='ltr'>ἐνέργεια,</span> <span class='ocrx_word' id='word_1_280' title='bbox 2743 1845 2896 1896; x_wconf 88' lang='grc' dir='ltr'>πόλιν</span> <span class='ocrx_word' id='word_1_281' title='bbox 2942 1845 3035 1896; x_wconf 67' lang='grc' dir='ltr'><strong>καὶ</strong></span> <span class='ocrx_word' id='word_1_282' title='bbox 3073 1844 3171 1912; x_wconf 77' lang='grc' dir='ltr'><strong>τὴν</strong></span> <span class='ocrx_word' id='word_1_283' title='bbox 3201 1844 3406 1912; x_wconf 81' lang='grc' dir='ltr'>ἔρημον</span> <span class='ocrx_word' id='word_1_284' title='bbox 3447 1842 3649 1911; x_wconf 80' lang='grc' dir='ltr'>ταύτην</span> <span class='ocrx_word' id='word_1_285' title='bbox 3673 1840 3756 1909; x_wconf 83' lang='grc' dir='ltr'>τῷ</span> <span class='ocrx_word' id='word_1_286' title='bbox 3814 1826 4014 1906; x_wconf 65' lang='grc' dir='ltr'>πλήθει</span> 
     </span>
    </p>
   </div>
   <div class='ocr_carea' id='block_1_46' title="bbox 2436 1931 4015 2005">
    <p class='ocr_par' dir='ltr' id='par_1_46' title="bbox 2436 1931 4015 2005">
     <span class='ocr_line' id='line_1_46' title="bbox 2436 1931 4015 2005; baseline -0.004 -16"><span class='ocrx_word' id='word_1_287' title='bbox 2436 1938 2543 1990; x_wconf 86' lang='grc' dir='ltr'><strong>τῶν</strong></span> <span class='ocrx_word' id='word_1_288' title='bbox 2571 1936 2983 2005; x_wconf 68' lang='grc' dir='ltr'><strong>ἐπιδημούντων</strong></span> <span class='ocrx_word' id='word_1_289' title='bbox 3011 1936 3202 1989; x_wconf 87' lang='grc' dir='ltr'>ἐποίει.</span> <span class='ocrx_word' id='word_1_290' title='bbox 3239 1937 3347 1986; x_wconf 71' lang='grc' dir='ltr'><strong>Καὶ</strong></span> <span class='ocrx_word' id='word_1_291' title='bbox 3374 1935 3567 1995; x_wconf 83' lang='grc' dir='ltr'>πάντες</span> <span class='ocrx_word' id='word_1_292' title='bbox 3593 1931 3671 1995; x_wconf 81' lang='grc' dir='ltr'>οἷς</span> <span class='ocrx_word' id='word_1_293' title='bbox 3696 1935 3809 1985; x_wconf 80' lang='grc' dir='ltr'>εἴτε</span> <span class='ocrx_word' id='word_1_294' title='bbox 3843 1950 4015 1999; x_wconf 77' lang='grc' dir='ltr'>πονηο</span> 
     </span>
    </p>
   </div>
   <div class='ocr_carea' id='block_1_47' title="bbox 2442 2024 4015 2100">
    <p class='ocr_par' dir='ltr' id='par_1_47' title="bbox 2442 2024 4015 2100">
     <span class='ocr_line' id='line_1_47' title="bbox 2442 2024 4015 2100; baseline -0.006 -17"><span class='ocrx_word' id='word_1_295' title='bbox 2442 2032 2531 2100; x_wconf 72' lang='grc' dir='ltr'><strong>ρον</strong></span> <span class='ocrx_word' id='word_1_296' title='bbox 2562 2030 2803 2098; x_wconf 75' lang='grc' dir='ltr'>ἐνοχλοίη</span> <span class='ocrx_word' id='word_1_297' title='bbox 2855 2028 3093 2096; x_wconf 75' lang='grc' dir='ltr'>πνεῦμα,</span> <span class='ocrx_word' id='word_1_298' title='bbox 3130 2028 3235 2080; x_wconf 83' lang='grc' dir='ltr'>εἴτε</span> <span class='ocrx_word' id='word_1_299' title='bbox 3259 2026 3412 2088; x_wconf 81' lang='grc' dir='ltr'>νόσος</span> <span class='ocrx_word' id='word_1_300' title='bbox 3448 2025 3609 2094; x_wconf 79' lang='grc' dir='ltr'>ἑτέρα</span> <span class='ocrx_word' id='word_1_301' title='bbox 3633 2025 3836 2089; x_wconf 80' lang='grc' dir='ltr'>πιέζοι,</span> <span class='ocrx_word' id='word_1_302' title='bbox 3879 2024 4015 2092; x_wconf 79' lang='grc' dir='ltr'>πρόο</span> 
     </span>
    </p>
   </div>
   <div class='ocr_carea' id='block_1_48' title="bbox 2441 2114 4017 2192">
    <p class='ocr_par' dir='ltr' id='par_1_48' title="bbox 2441 2114 4017 2192">
     <span class='ocr_line' id='line_1_48' title="bbox 2441 2114 4017 2192; baseline -0.006 -19"><span class='ocrx_word' id='word_1_303' title='bbox 2441 2123 2604 2192; x_wconf 84' lang='grc' dir='ltr'>Ουμοι</span> <span class='ocrx_word' id='word_1_304' title='bbox 2642 2121 2777 2189; x_wconf 73' lang='grc' dir='ltr'>πρὸς</span> <span class='ocrx_word' id='word_1_305' title='bbox 2800 2122 2888 2172; x_wconf 72' lang='grc' dir='ltr'><strong>τὸν</strong></span> <span class='ocrx_word' id='word_1_306' title='bbox 2919 2119 3087 2187; x_wconf 81' lang='grc' dir='ltr'>ἄνδρα</span> <span class='ocrx_word' id='word_1_307' title='bbox 3117 2118 3303 2186; x_wconf 78' lang='grc' dir='ltr'>ὥσπερ</span> <span class='ocrx_word' id='word_1_308' title='bbox 3339 2118 3405 2170; x_wconf 70' lang='grc' dir='ltr'><strong>ἂν</strong></span> <span class='ocrx_word' id='word_1_309' title='bbox 3453 2117 3535 2178; x_wconf 89' lang='grc' dir='ltr'><strong>είς</strong></span> <span class='ocrx_word' id='word_1_310' title='bbox 3562 2114 4017 2183; x_wconf 66' lang='grc' dir='ltr'>ὁμολογουμένην</span> 
     </span>
    </p>
   </div>
   <div class='ocr_carea' id='block_1_49' title="bbox 2442 2206 4015 2285">
    <p class='ocr_par' dir='ltr' id='par_1_49' title="bbox 2442 2206 4015 2285">
     <span class='ocr_line' id='line_1_49' title="bbox 2442 2206 4015 2285; baseline -0.008 -18"><span class='ocrx_word' id='word_1_311' title='bbox 2442 2217 2586 2269; x_wconf 77' lang='grc' dir='ltr'>ἴασιν</span> <span class='ocrx_word' id='word_1_312' title='bbox 2645 2216 2885 2285; x_wconf 73' lang='grc' dir='ltr'>ἔτρεχον·</span> <span class='ocrx_word' id='word_1_313' title='bbox 2921 2213 3014 2263; x_wconf 62' lang='grc' dir='ltr'><strong>καὶ</strong></span> <span class='ocrx_word' id='word_1_314' title='bbox 3043 2212 3192 2271; x_wconf 76' lang='grc' dir='ltr'>κενὸς</span> <span class='ocrx_word' id='word_1_315' title='bbox 3221 2211 3430 2260; x_wconf 81' lang='grc' dir='ltr'>ἐκεῖθεν</span> <span class='ocrx_word' id='word_1_316' title='bbox 3461 2208 3633 2269; x_wconf 66' lang='grc' dir='ltr'>οὐδεὶς</span> <span class='ocrx_word' id='word_1_317' title='bbox 3669 2206 4015 2276; x_wconf 67' lang='grc' dir='ltr'>ἐπανῄεσαν.</span> 
     </span>
    </p>
   </div>
   <div class='ocr_carea' id='block_1_50' title="bbox 2440 2298 4016 2376">
    <p class='ocr_par' dir='ltr' id='par_1_50' title="bbox 2440 2298 4016 2376">
     <span class='ocr_line' id='line_1_50' title="bbox 2440 2298 4016 2376; baseline -0.008 -16"><span class='ocrx_word' id='word_1_318' title='bbox 2440 2307 2818 2376; x_wconf 83' lang='grc' dir='ltr'>Δυσχεραίνων</span> <span class='ocrx_word' id='word_1_319' title='bbox 2873 2304 2927 2356; x_wconf 77' lang='grc' dir='ltr'>δὲ</span> <span class='ocrx_word' id='word_1_320' title='bbox 2983 2302 3059 2370; x_wconf 82' lang='grc' dir='ltr'><strong>τῷ</strong></span> <span class='ocrx_word' id='word_1_321' title='bbox 3115 2301 3309 2371; x_wconf 81' lang='grc' dir='ltr'>πλήθει</span> <span class='ocrx_word' id='word_1_322' title='bbox 3355 2300 3463 2352; x_wconf 83' lang='grc' dir='ltr'>τῶν</span> <span class='ocrx_word' id='word_1_323' title='bbox 3510 2300 3855 2369; x_wconf 75' lang='grc' dir='ltr'>προσιόντων</span> <span class='ocrx_word' id='word_1_324' title='bbox 3923 2298 4016 2350; x_wconf 71' lang='grc' dir='ltr'><strong>καὶ</strong></span> 
     </span>
    </p>
   </div>
   <div class='ocr_carea' id='block_1_51' title="bbox 2442 2389 4016 2463">
    <p class='ocr_par' dir='ltr' id='par_1_51' title="bbox 2442 2389 4016 2463">
     <span class='ocr_line' id='line_1_51' title="bbox 2442 2389 4016 2463; baseline -0.01 -9"><span class='ocrx_word' id='word_1_325' title='bbox 2442 2400 2597 2463; x_wconf 74' lang='grc' dir='ltr'>αὖθις</span> <span class='ocrx_word' id='word_1_326' title='bbox 2643 2401 2671 2451; x_wconf 84' lang='grc' dir='ltr'>ὁ</span> <span class='ocrx_word' id='word_1_327' title='bbox 2730 2397 2870 2458; x_wconf 83' lang='grc' dir='ltr'>Θεῖος</span> <span class='ocrx_word' id='word_1_328' title='bbox 2925 2394 3223 2463; x_wconf 71' lang='grc' dir='ltr'>Κυριακδς,</span> <span class='ocrx_word' id='word_1_329' title='bbox 3282 2393 3360 2453; x_wconf 85' lang='grc' dir='ltr'><strong>είς</strong></span> <span class='ocrx_word' id='word_1_330' title='bbox 3417 2391 3575 2443; x_wconf 77' lang='grc' dir='ltr'>τοῦτο</span> <span class='ocrx_word' id='word_1_331' title='bbox 3632 2389 3733 2457; x_wconf 77' lang='grc' dir='ltr'>τῆς</span> <span class='ocrx_word' id='word_1_332' title='bbox 3797 2390 4016 2458; x_wconf 78' lang='grc' dir='ltr'>ἐρήμου</span> 
     </span>
    </p>
   </div>
   <div class='ocr_carea' id='block_1_52' title="bbox 2443 2476 4020 2561">
    <p class='ocr_par' dir='ltr' id='par_1_52' title="bbox 2443 2476 4020 2561">
     <span class='ocr_line' id='line_1_52' title="bbox 2443 2476 4020 2561; baseline -0.01 -16"><span class='ocrx_word' id='word_1_333' title='bbox 2443 2494 2622 2561; x_wconf 83' lang='grc' dir='ltr'><strong>φοιτᾷ,</strong></span> <span class='ocrx_word' id='word_1_334' title='bbox 2655 2494 2711 2542; x_wconf 85' lang='grc' dir='ltr'><strong>ἐν</strong></span> <span class='ocrx_word' id='word_1_335' title='bbox 2751 2484 2794 2556; x_wconf 82' lang='grc' dir='ltr'>ᾧ</span> <span class='ocrx_word' id='word_1_336' title='bbox 2826 2490 2931 2540; x_wconf 78' lang='grc' dir='ltr'><strong>τῶν</strong></span> <span class='ocrx_word' id='word_1_337' title='bbox 2978 2485 3346 2556; x_wconf 84' lang='grc' dir='ltr'>ἀναχωρητῶν</span> <span class='ocrx_word' id='word_1_338' title='bbox 3391 2484 3510 2536; x_wconf 76' lang='grc' dir='ltr'>οὐδὲ</span> <span class='ocrx_word' id='word_1_339' title='bbox 3541 2476 3619 2542; x_wconf 79' lang='grc' dir='ltr'>εἷς</span> <span class='ocrx_word' id='word_1_340' title='bbox 3651 2481 3775 2532; x_wconf 74' lang='grc' dir='ltr'>οὗτε</span> <span class='ocrx_word' id='word_1_341' title='bbox 3823 2482 4020 2546; x_wconf 84' lang='grc' dir='ltr'>μείνας</span> 
     </span>
    </p>
   </div>
   <div class='ocr_carea' id='block_1_53' title="bbox 2442 2572 4021 2656">
    <p class='ocr_par' dir='ltr' id='par_1_53' title="bbox 2442 2572 4021 2656">
     <span class='ocr_line' id='line_1_53' title="bbox 2442 2572 4021 2656; baseline -0.009 -20"><span class='ocrx_word' id='word_1_342' title='bbox 2442 2581 2532 2656; x_wconf 75' lang='grc' dir='ltr'>ἦν,</span> <span class='ocrx_word' id='word_1_343' title='bbox 2568 2584 2690 2636; x_wconf 69' lang='grc' dir='ltr'>οὔτε</span> <span class='ocrx_word' id='word_1_344' title='bbox 2721 2581 2941 2634; x_wconf 81' lang='grc' dir='ltr'>διελθὼν</span> <span class='ocrx_word' id='word_1_345' title='bbox 2976 2578 3214 2630; x_wconf 84' lang='grc' dir='ltr'>πώποτε·</span> <span class='ocrx_word' id='word_1_346' title='bbox 3247 2578 3275 2629; x_wconf 86' lang='grc' dir='ltr'>ὁ</span> <span class='ocrx_word' id='word_1_347' title='bbox 3304 2578 3468 2635; x_wconf 80' lang='grc' dir='ltr'>τόπος</span> <span class='ocrx_word' id='word_1_348' title='bbox 3502 2575 3555 2625; x_wconf 77' lang='grc' dir='ltr'><strong>δέ</strong></span> <span class='ocrx_word' id='word_1_349' title='bbox 3586 2575 3689 2641; x_wconf 72' lang='grc' dir='ltr'>ἄρα</span> <span class='ocrx_word' id='word_1_350' title='bbox 3726 2572 4021 2639; x_wconf 70' lang='grc' dir='ltr'>Σουσακῖμ</span> 
     </span>
    </p>
   </div>
   <div class='ocr_carea' id='block_1_54' title="bbox 2471 2665 4020 2742">
    <p class='ocr_par' dir='ltr' id='par_1_54' title="bbox 2471 2665 4020 2742">
     <span class='ocr_line' id='line_1_54' title="bbox 2471 2665 4020 2742; baseline -0.01 -14"><span class='ocrx_word' id='word_1_351' title='bbox 2471 2675 2779 2742; x_wconf 71' lang='grc' dir='ltr'>Σουσακεὶμ</span> <span class='ocrx_word' id='word_1_352' title='bbox 2835 2670 2888 2741; x_wconf 76' lang='grc'><strong>2]</strong></span> <span class='ocrx_word' id='word_1_353' title='bbox 2931 2674 3041 2733; x_wconf 81' lang='grc' dir='ltr'>τοῖς</span> <span class='ocrx_word' id='word_1_354' title='bbox 3098 2667 3383 2738; x_wconf 76' lang='grc' dir='ltr'>ἐγχωρίοις</span> <span class='ocrx_word' id='word_1_355' title='bbox 3439 2665 3751 2733; x_wconf 80' lang='grc' dir='ltr'>ὼνόμαστο.</span> <span class='ocrx_word' id='word_1_356' title='bbox 3808 2665 3930 2716; x_wconf 67' lang='grc' dir='ltr'><strong>Καὶ</strong></span> <span class='ocrx_word' id='word_1_357' title='bbox 3968 2666 4020 2714; x_wconf 82' lang='grc' dir='ltr'><strong>ἐν</strong></span> 
     </span>
    </p>
   </div>
   <div class='ocr_carea' id='block_1_55' title="bbox 2447 2756 4023 2836">
    <p class='ocr_par' dir='ltr' id='par_1_55' title="bbox 2447 2756 4023 2836">
     <span class='ocr_line' id='line_1_55' title="bbox 2447 2756 4023 2836; baseline -0.01 -16"><span class='ocrx_word' id='word_1_358' title='bbox 2447 2768 2620 2836; x_wconf 77' lang='grc' dir='ltr'>αὐτῷ,</span> <span class='ocrx_word' id='word_1_359' title='bbox 2651 2768 2678 2818; x_wconf 84' lang='grc' dir='ltr'>ὃ</span> <span class='ocrx_word' id='word_1_360' title='bbox 2708 2783 2767 2817; x_wconf 90' lang='grc' dir='ltr'><strong>τε</strong></span> <span class='ocrx_word' id='word_1_361' title='bbox 2826 2765 2926 2831; x_wconf 67' lang='grc' dir='ltr'><strong>τῆς</strong></span> <span class='ocrx_word' id='word_1_362' title='bbox 2962 2762 3087 2823; x_wconf 84' lang='grc' dir='ltr'>νέας</span> <span class='ocrx_word' id='word_1_363' title='bbox 3144 2761 3347 2830; x_wconf 86' lang='grc' dir='ltr'>λαύρας</span> <span class='ocrx_word' id='word_1_364' title='bbox 3374 2759 3467 2810; x_wconf 66' lang='grc' dir='ltr'>καὶ</span> <span class='ocrx_word' id='word_1_365' title='bbox 3496 2758 3523 2808; x_wconf 84' lang='grc' dir='ltr'>ὁ</span> <span class='ocrx_word' id='word_1_366' title='bbox 3574 2758 3671 2825; x_wconf 82' lang='grc' dir='ltr'>τῆς</span> <span class='ocrx_word' id='word_1_367' title='bbox 3707 2756 3800 2807; x_wconf 79' lang='grc' dir='ltr'>τοῦ</span> <span class='ocrx_word' id='word_1_368' title='bbox 3834 2757 4023 2807; x_wconf 60' lang='lat' dir='ltr'><strong>Eoo-xi</strong></span> 
     </span>
    </p>
   </div>
   <div class='ocr_carea' id='block_1_56' title="bbox 2447 2840 4024 2925">
    <p class='ocr_par' dir='ltr' id='par_1_56' title="bbox 2447 2840 4024 2925">
     <span class='ocr_line' id='line_1_56' title="bbox 2447 2840 4024 2925; baseline -0.011 -15"><span class='ocrx_word' id='word_1_369' title='bbox 2447 2859 2495 2911; x_wconf 77' lang='grc' dir='ltr'>οἱ</span> <span class='ocrx_word' id='word_1_370' title='bbox 2521 2856 2755 2925; x_wconf 65' lang='grc' dir='ltr'>ποταμοὶ</span> <span class='ocrx_word' id='word_1_371' title='bbox 2798 2854 2966 2923; x_wconf 63' lang='grc' dir='ltr'>ἄμφω</span> <span class='ocrx_word' id='word_1_372' title='bbox 2993 2851 3377 2920; x_wconf 80' lang='grc' dir='ltr'>συμϐάλλουσι,</span> <span class='ocrx_word' id='word_1_373' title='bbox 3415 2847 3706 2918; x_wconf 79' lang='grc' dir='ltr'>βαθύτατοι</span> <span class='ocrx_word' id='word_1_374' title='bbox 3746 2840 3821 2898; x_wconf 77' lang='grc' dir='ltr'>ὧν</span> <span class='ocrx_word' id='word_1_375' title='bbox 3857 2847 4024 2911; x_wconf 70' lang='grc' dir='ltr'>ἴσμεν</span> 
     </span>
    </p>
   </div>
   <div class='ocr_carea' id='block_1_57' title="bbox 2448 2933 4023 3020">
    <p class='ocr_par' dir='ltr' id='par_1_57' title="bbox 2448 2933 4023 3020">
     <span class='ocr_line' id='line_1_57' title="bbox 2448 2933 4023 3020; baseline -0.012 -14"><span class='ocrx_word' id='word_1_376' title='bbox 2448 2954 2541 3007; x_wconf 74' lang='grc' dir='ltr'>καὶ</span> <span class='ocrx_word' id='word_1_377' title='bbox 2576 2952 2826 3020; x_wconf 86' lang='grc' dir='ltr'>μέγιστοι</span> <span class='ocrx_word' id='word_1_378' title='bbox 2884 2948 3123 3018; x_wconf 73' lang='grc' dir='ltr'>ῥέοντες.</span> <span class='ocrx_word' id='word_1_379' title='bbox 3186 2943 3293 2996; x_wconf 74' lang='grc' dir='ltr'>Καὶ</span> <span class='ocrx_word' id='word_1_380' title='bbox 3324 2943 3549 3001; x_wconf 79' lang='grc' dir='ltr'>τούτους</span> <span class='ocrx_word' id='word_1_381' title='bbox 3584 2935 3743 2999; x_wconf 75' lang='grc' dir='ltr'>εἶναι.</span> <span class='ocrx_word' id='word_1_382' title='bbox 3779 2940 3917 3007; x_wconf 65' lang='grc' dir='ltr'>περὶ</span> <span class='ocrx_word' id='word_1_383' title='bbox 3953 2933 4023 2991; x_wconf 76' lang='grc' dir='ltr'>ὧν</span> 
     </span>
    </p>
   </div>
   <div class='ocr_carea' id='block_1_58' title="bbox 2451 3031 4020 3113">
    <p class='ocr_par' dir='ltr' id='par_1_58' title="bbox 2451 3031 4020 3113">
     <span class='ocr_line' id='line_1_58' title="bbox 2451 3031 4020 3113; baseline -0.008 -17"><span class='ocrx_word' id='word_1_384' title='bbox 2451 3046 2586 3113; x_wconf 69' lang='grc' dir='ltr'>πρὸς</span> <span class='ocrx_word' id='word_1_385' title='bbox 2638 3043 2729 3093; x_wconf 73' lang='grc' dir='ltr'>τὸν</span> <span class='ocrx_word' id='word_1_386' title='bbox 2782 3038 3018 3107; x_wconf 77' lang='grc' dir='ltr'>Χριστὸν</span> <span class='ocrx_word' id='word_1_387' title='bbox 3075 3038 3289 3105; x_wconf 75' lang='grc' dir='ltr'>εἴρηται</span> <span class='ocrx_word' id='word_1_388' title='bbox 3317 3034 3393 3102; x_wconf 79' lang='grc' dir='ltr'>τῷ</span> <span class='ocrx_word' id='word_1_389' title='bbox 3417 3031 3601 3093; x_wconf 70' lang='grc' dir='ltr'>Δαυῖδ,</span> <span class='ocrx_word' id='word_1_390' title='bbox 3637 3033 3709 3083; x_wconf 76' lang='grc' dir='ltr'><strong>Σὺ</strong></span> <span class='ocrx_word' id='word_1_391' title='bbox 3740 3032 4020 3103; x_wconf 73' lang='grc' dir='ltr'>εξῆρανας</span> 
     </span>
    </p>
   </div>
   <div class='ocr_carea' id='block_1_59' title="bbox 788 3122 2345 3214">
    <p class='ocr_par' dir='ltr' id='par_1_59' title="bbox 788 3125 2345 3199">
     <span class='ocr_line' id='line_1_59' title="bbox 788 3125 2345 3199; baseline -0.003 -15"><span class='ocrx_word' id='word_1_392' title='bbox 788 3130 865 3184; x_wconf 84' lang='lat' dir='ltr'><strong>Tu</strong></span> <span class='ocrx_word' id='word_1_393' title='bbox 911 3130 1120 3183; x_wconf 79' lang='lat' dir='ltr'><strong>siccasti</strong></span> <span class='ocrx_word' id='word_1_394' title='bbox 1170 3130 1356 3199; x_wconf 81' lang='lat' dir='ltr'><strong>ﬂuvios</strong></span> <span class='ocrx_word' id='word_1_395' title='bbox 1392 3126 1605 3180; x_wconf 82' lang='lat' dir='ltr'><strong>Elltum.</strong></span> <span class='ocrx_word' id='word_1_396' title='bbox 1641 3125 1746 3180; x_wconf 89' lang='lat' dir='ltr'><strong>Sed</strong></span> <span class='ocrx_word' id='word_1_397' title='bbox 1777 3126 1935 3196; x_wconf 86' lang='lat' dir='ltr'><strong>plane</strong></span> <span class='ocrx_word' id='word_1_398' title='bbox 1964 3126 2164 3180; x_wconf 89' lang='lat' dir='ltr'><strong>inviam</strong></span> <span class='ocrx_word' id='word_1_399' title='bbox 2206 3128 2345 3181; x_wconf 90' lang='lat' dir='ltr'><strong>hanc</strong></span> 
     </span>
    </p>
   </div>
   <div class='ocr_carea' id='block_1_60' title="bbox 2446 3122 4025 3214">
    <p class='ocr_par' dir='ltr' id='par_1_60' title="bbox 2451 3122 4025 3203">
     <span class='ocr_line' id='line_1_60' title="bbox 2451 3122 4025 3203; baseline -0.01 -15"><span class='ocrx_word' id='word_1_400' title='bbox 2451 3132 2729 3203; x_wconf 73' lang='grc' dir='ltr'>ποταμοὺς</span> <span class='ocrx_word' id='word_1_401' title='bbox 2786 3129 2986 3198; x_wconf 72' lang='grc' dir='ltr'>Ἢοὰμ.</span> <span class='ocrx_word' id='word_1_402' title='bbox 3045 3127 3283 3194; x_wconf 80' lang='grc' dir='ltr'>λέγεται.</span> <span class='ocrx_word' id='word_1_403' title='bbox 3357 3124 3495 3176; x_wconf 79' lang='grc' dir='ltr'>Ἀλλ’</span> <span class='ocrx_word' id='word_1_404' title='bbox 3557 3124 3754 3191; x_wconf 72' lang='grc' dir='ltr'>εὐχερῆ</span> <span class='ocrx_word' id='word_1_405' title='bbox 3799 3122 4025 3182; x_wconf 73' lang='grc' dir='ltr'>παντως</span> 
     </span>
    </p>
   </div>
   <div class='ocr_carea' id='block_1_61' title="bbox 786 3220 2347 3279">
    <p class='ocr_par' dir='ltr' id='par_1_61' title="bbox 786 3220 2347 3279">
     <span class='ocr_line' id='line_1_61' title="bbox 786 3220 2347 3279; baseline -0.003 0"><span class='ocrx_word' id='word_1_406' title='bbox 786 3224 1137 3279; x_wconf 86' lang='lat' dir='ltr'><strong>solitudinem</strong></span> <span class='ocrx_word' id='word_1_407' title='bbox 1185 3224 1334 3278; x_wconf 92' lang='lat' dir='ltr'><strong>aditu</strong></span> <span class='ocrx_word' id='word_1_408' title='bbox 1376 3222 1602 3276; x_wconf 89' lang='lat' dir='ltr'><strong>omnino</strong></span> <span class='ocrx_word' id='word_1_409' title='bbox 1635 3220 1846 3276; x_wconf 81' lang='lat' dir='ltr'><strong>facilem</strong></span> <span class='ocrx_word' id='word_1_410' title='bbox 1881 3221 2193 3275; x_wconf 90' lang='lat' dir='ltr'><strong>hominibus</strong></span> <span class='ocrx_word' id='word_1_411' title='bbox 2224 3221 2347 3275; x_wconf 84' lang='lat' dir='ltr'><strong>red-</strong></span> 
     </span>
    </p>
   </div>
   <div class='ocr_carea' id='block_1_62' title="bbox 786 3310 2349 3384">
    <p class='ocr_par' dir='ltr' id='par_1_62' title="bbox 786 3310 2349 3384">
     <span class='ocr_line' id='line_1_62' title="bbox 786 3310 2349 3384; baseline -0.004 -14"><span class='ocrx_word' id='word_1_412' title='bbox 786 3315 949 3370; x_wconf 82' lang='lat' dir='ltr'><strong>debat</strong></span> <span class='ocrx_word' id='word_1_413' title='bbox 992 3330 1152 3384; x_wconf 90' lang='lat' dir='ltr'><strong>quam</strong></span> <span class='ocrx_word' id='word_1_414' title='bbox 1207 3316 1261 3367; x_wconf 90' lang='lat' dir='ltr'><strong>in</strong></span> <span class='ocrx_word' id='word_1_415' title='bbox 1316 3328 1438 3366; x_wconf 89' lang='lat' dir='ltr'><strong>eum</strong></span> <span class='ocrx_word' id='word_1_416' title='bbox 1493 3312 1767 3365; x_wconf 86' lang='lat' dir='ltr'><strong>habebant</strong></span> <span class='ocrx_word' id='word_1_417' title='bbox 1822 3310 1977 3372; x_wconf 82' lang='lat' dir='ltr'><strong>fides,</strong></span> <span class='ocrx_word' id='word_1_418' title='bbox 2021 3326 2118 3363; x_wconf 92' lang='lat' dir='ltr'><strong>seu</strong></span> <span class='ocrx_word' id='word_1_419' title='bbox 2170 3313 2349 3379; x_wconf 88' lang='lat' dir='ltr'><strong>potius</strong></span> 
     </span>
    </p>
   </div>
   <div class='ocr_carea' id='block_1_63' title="bbox 788 3399 2347 3475">
    <p class='ocr_par' dir='ltr' id='par_1_63' title="bbox 788 3399 2347 3475">
     <span class='ocr_line' id='line_1_63' title="bbox 788 3399 2347 3475; baseline -0.005 -15"><span class='ocrx_word' id='word_1_420' title='bbox 788 3407 1099 3460; x_wconf 89' lang='lat' dir='ltr'><strong>divinarum</strong></span> <span class='ocrx_word' id='word_1_421' title='bbox 1153 3404 1303 3459; x_wconf 90' lang='lat' dir='ltr'><strong>illius</strong></span> <span class='ocrx_word' id='word_1_422' title='bbox 1359 3403 1652 3475; x_wconf 76' lang='lat' dir='ltr'><strong>gratiarum</strong></span> <span class='ocrx_word' id='word_1_423' title='bbox 1704 3401 1893 3469; x_wconf 91' lang='lat' dir='ltr'><strong>copia;</strong></span> <span class='ocrx_word' id='word_1_424' title='bbox 1931 3414 2053 3469; x_wconf 67' lang='lat' dir='ltr'><strong>quae</strong></span> <span class='ocrx_word' id='word_1_425' title='bbox 2084 3409 2140 3453; x_wconf 88' lang='lat' dir='ltr'><strong>et</strong></span> <span class='ocrx_word' id='word_1_426' title='bbox 2187 3399 2347 3453; x_wconf 83' lang='lat' dir='ltr'><strong>fidem</strong></span> 
     </span>
    </p>
   </div>
   <div class='ocr_carea' id='block_1_64' title="bbox 788 3490 2350 3560">
    <p class='ocr_par' dir='ltr' id='par_1_64' title="bbox 788 3490 2350 3560">
     <span class='ocr_line' id='line_1_64' title="bbox 788 3490 2350 3560; baseline -0.004 -9"><span class='ocrx_word' id='word_1_427' title='bbox 788 3498 1089 3552; x_wconf 88' lang='lat' dir='ltr'><strong>ferventius</strong></span> <span class='ocrx_word' id='word_1_428' title='bbox 1137 3496 1432 3560; x_wconf 79' lang='lat' dir='ltr'><strong>excitabat,</strong></span> <span class='ocrx_word' id='word_1_429' title='bbox 1477 3504 1530 3547; x_wconf 89' lang='lat' dir='ltr'><strong>et</strong></span> <span class='ocrx_word' id='word_1_430' title='bbox 1560 3493 1616 3547; x_wconf 89' lang='lat' dir='ltr'><strong>in</strong></span> <span class='ocrx_word' id='word_1_431' title='bbox 1666 3491 1997 3547; x_wconf 88' lang='lat' dir='ltr'><strong>desiderium</strong></span> <span class='ocrx_word' id='word_1_432' title='bbox 2031 3491 2149 3560; x_wconf 90' lang='lat' dir='ltr'><strong>pias</strong></span> <span class='ocrx_word' id='word_1_433' title='bbox 2194 3490 2350 3547; x_wconf 88' lang='lat' dir='ltr'><strong>indu-</strong></span> 
     </span>
    </p>
   </div>
   <div class='ocr_carea' id='block_1_65' title="bbox 787 3583 2351 3653">
    <p class='ocr_par' dir='ltr' id='par_1_65' title="bbox 787 3583 2351 3653">
     <span class='ocr_line' id='line_1_65' title="bbox 787 3583 2351 3653; baseline -0.004 -8"><span class='ocrx_word' id='word_1_434' title='bbox 787 3592 946 3645; x_wconf 86' lang='lat' dir='ltr'><strong>cebat</strong></span> <span class='ocrx_word' id='word_1_435' title='bbox 994 3590 1224 3641; x_wconf 83' lang='lat' dir='ltr'><strong>animas.</strong></span> <span class='ocrx_word' id='word_1_436' title='bbox 1280 3588 1414 3641; x_wconf 89' lang='lat' dir='ltr'><strong>Cum</strong></span> <span class='ocrx_word' id='word_1_437' title='bbox 1469 3586 1617 3639; x_wconf 90' lang='lat' dir='ltr'><strong>enim</strong></span> <span class='ocrx_word' id='word_1_438' title='bbox 1673 3584 1930 3653; x_wconf 84' lang='lat' dir='ltr'><strong>Cyriacus</strong></span> <span class='ocrx_word' id='word_1_439' title='bbox 1984 3594 2190 3651; x_wconf 88' lang='lat' dir='ltr'><strong>septem</strong></span> <span class='ocrx_word' id='word_1_440' title='bbox 2242 3583 2351 3638; x_wconf 90' lang='lat' dir='ltr'><strong>illic</strong></span> 
     </span>
    </p>
   </div>
   <div class='ocr_carea' id='block_1_66' title="bbox 789 3672 2353 3749">
    <p class='ocr_par' dir='ltr' id='par_1_66' title="bbox 789 3672 2353 3749">
     <span class='ocr_line' id='line_1_66' title="bbox 789 3672 2353 3749; baseline -0.004 -14"><span class='ocrx_word' id='word_1_441' title='bbox 789 3676 964 3735; x_wconf 85' lang='lat' dir='ltr'><strong>annos</strong></span> <span class='ocrx_word' id='word_1_442' title='bbox 1008 3679 1379 3749; x_wconf 82' lang='lat' dir='ltr'><strong>transegisset,</strong></span> <span class='ocrx_word' id='word_1_443' title='bbox 1430 3676 1685 3747; x_wconf 83' lang='lat' dir='ltr'><strong>(quando</strong></span> <span class='ocrx_word' id='word_1_444' title='bbox 1732 3690 1855 3745; x_wconf 68' lang='lat' dir='ltr'><strong>qua:</strong></span> <span class='ocrx_word' id='word_1_445' title='bbox 1904 3674 2187 3745; x_wconf 80' lang='lat' dir='ltr'><strong>ingruebat</strong></span> <span class='ocrx_word' id='word_1_446' title='bbox 2238 3672 2353 3745; x_wconf 84' lang='lat' dir='ltr'><strong>[pe-</strong></span> 
     </span>
    </p>
   </div>
   <div class='ocr_carea' id='block_1_67' title="bbox 790 3768 2353 3845">
    <p class='ocr_par' dir='ltr' id='par_1_67' title="bbox 790 3768 2353 3845">
     <span class='ocr_line' id='line_1_67' title="bbox 790 3768 2353 3845; baseline -0.006 -16"><span class='ocrx_word' id='word_1_447' title='bbox 790 3773 910 3845; x_wconf 76' lang='lat' dir='ltr'><strong>stis]</strong></span> <span class='ocrx_word' id='word_1_448' title='bbox 960 3774 1141 3829; x_wconf 87' lang='lat' dir='ltr'><strong>omnia</strong></span> <span class='ocrx_word' id='word_1_449' title='bbox 1181 3771 1531 3826; x_wconf 86' lang='lat' dir='ltr'><strong>circumcirca</strong></span> <span class='ocrx_word' id='word_1_450' title='bbox 1585 3769 1871 3840; x_wconf 77' lang='lat' dir='ltr'><strong>afﬂigebat,</strong></span> <span class='ocrx_word' id='word_1_451' title='bbox 1926 3769 2231 3836; x_wconf 88' lang='lat' dir='ltr'><strong>multosque</strong></span> <span class='ocrx_word' id='word_1_452' title='bbox 2285 3768 2353 3820; x_wconf 89' lang='lat' dir='ltr'><strong>de</strong></span> 
     </span>
    </p>
   </div>
   <div class='ocr_carea' id='block_1_68' title="bbox 791 3860 2353 3929">
    <p class='ocr_par' dir='ltr' id='par_1_68' title="bbox 791 3860 2353 3929">
     <span class='ocr_line' id='line_1_68' title="bbox 791 3860 2353 3929; baseline -0.006 -7"><span class='ocrx_word' id='word_1_453' title='bbox 791 3869 973 3922; x_wconf 89' lang='lat' dir='ltr'><strong>medio</strong></span> <span class='ocrx_word' id='word_1_454' title='bbox 1039 3866 1227 3921; x_wconf 86' lang='lat' dir='ltr'><strong>tollere</strong></span> <span class='ocrx_word' id='word_1_455' title='bbox 1287 3878 1397 3919; x_wconf 89' lang='lat' dir='ltr'><strong>non</strong></span> <span class='ocrx_word' id='word_1_456' title='bbox 1461 3862 1886 3929; x_wconf 79' lang='lat' dir='ltr'><strong>intermittebat)</strong></span> <span class='ocrx_word' id='word_1_457' title='bbox 1951 3862 2205 3915; x_wconf 87' lang='lat' dir='ltr'><strong>timentes</strong></span> <span class='ocrx_word' id='word_1_458' title='bbox 2260 3860 2353 3929; x_wconf 90' lang='lat' dir='ltr'><strong>qui</strong></span> 
     </span>
    </p>
   </div>
   <div class='ocr_carea' id='block_1_69' title="bbox 794 3951 2354 4020">
    <p class='ocr_par' dir='ltr' id='par_1_69' title="bbox 794 3951 2354 4020">
     <span class='ocr_line' id='line_1_69' title="bbox 794 3951 2354 4020; baseline -0.005 -6"><span class='ocrx_word' id='word_1_459' title='bbox 794 3972 950 4015; x_wconf 85' lang='lat' dir='ltr'><strong>erant</strong></span> <span class='ocrx_word' id='word_1_460' title='bbox 993 3960 1181 4013; x_wconf 77' lang='lat' dir='ltr'><strong>Laurze</strong></span> <span class='ocrx_word' id='word_1_461' title='bbox 1229 3958 1406 4020; x_wconf 70' lang='lat' dir='ltr'><strong>Sueze,</strong></span> <span class='ocrx_word' id='word_1_462' title='bbox 1468 3957 1523 4009; x_wconf 88' lang='lat' dir='ltr'><strong>in</strong></span> <span class='ocrx_word' id='word_1_463' title='bbox 1576 3957 1775 4009; x_wconf 88' lang='lat' dir='ltr'><strong>inviam</strong></span> <span class='ocrx_word' id='word_1_464' title='bbox 1815 3951 1958 4009; x_wconf 86' lang='lat' dir='ltr'><strong>hanc</strong></span> <span class='ocrx_word' id='word_1_465' title='bbox 2007 3952 2354 4007; x_wconf 86' lang='lat' dir='ltr'><strong>solitudinem</strong></span> 
     </span>
    </p>
   </div>
   <div class='ocr_carea' id='block_1_70' title="bbox 790 4045 2356 4119">
    <p class='ocr_par' dir='ltr' id='par_1_70' title="bbox 790 4045 2356 4119">
     <span class='ocr_line' id='line_1_70' title="bbox 790 4045 2356 4119; baseline -0.004 -14"><span class='ocrx_word' id='word_1_466' title='bbox 790 4050 1117 4115; x_wconf 85' lang='lat' dir='ltr'><strong>ascendunt,</strong></span> <span class='ocrx_word' id='word_1_467' title='bbox 1170 4057 1462 4119; x_wconf 82' lang='lat' dir='ltr'><strong>rogantque</strong></span> <span class='ocrx_word' id='word_1_468' title='bbox 1513 4056 1568 4101; x_wconf 91' lang='lat' dir='ltr'><strong>et</strong></span> <span class='ocrx_word' id='word_1_469' title='bbox 1596 4046 1886 4100; x_wconf 89' lang='lat' dir='ltr'><strong>obsecrant</strong></span> <span class='ocrx_word' id='word_1_470' title='bbox 1935 4045 2246 4117; x_wconf 85' lang='lat' dir='ltr'><strong>Cyriacum,</strong></span> <span class='ocrx_word' id='word_1_471' title='bbox 2296 4054 2356 4099; x_wconf 93' lang='lat' dir='ltr'><strong>ut</strong></span> 
     </span>
    </p>
   </div>
   <div class='ocr_carea' id='block_1_71' title="bbox 794 4138 2355 4205">
    <p class='ocr_par' dir='ltr' id='par_1_71' title="bbox 794 4138 2355 4205">
     <span class='ocr_line' id='line_1_71' title="bbox 794 4138 2355 4205; baseline -0.001 -14"><span class='ocrx_word' id='word_1_472' title='bbox 794 4140 987 4193; x_wconf 88' lang='lat' dir='ltr'><strong>iterum</strong></span> <span class='ocrx_word' id='word_1_473' title='bbox 1023 4140 1089 4193; x_wconf 94' lang='lat' dir='ltr'><strong>ad</strong></span> <span class='ocrx_word' id='word_1_474' title='bbox 1126 4138 1357 4193; x_wconf 87' lang='lat' dir='ltr'><strong>Lauram</strong></span> <span class='ocrx_word' id='word_1_475' title='bbox 1406 4148 1745 4202; x_wconf 87' lang='lat' dir='ltr'><strong>revertatur;</strong></span> <span class='ocrx_word' id='word_1_476' title='bbox 1797 4153 1905 4205; x_wconf 92' lang='lat' dir='ltr'><strong>quo</strong></span> <span class='ocrx_word' id='word_1_477' title='bbox 1933 4138 2124 4191; x_wconf 82' lang='lat' dir='ltr'><strong>saltem</strong></span> <span class='ocrx_word' id='word_1_478' title='bbox 2175 4138 2355 4191; x_wconf 80' lang='lat' dir='ltr'><strong>enica-</strong></span> 
     </span>
    </p>
   </div>
   <div class='ocr_carea' id='block_1_72' title="bbox 797 4228 2354 4300">
    <p class='ocr_par' dir='ltr' id='par_1_72' title="bbox 797 4228 2354 4300">
     <span class='ocr_line' id='line_1_72' title="bbox 797 4228 2354 4300; baseline -0.003 -16"><span class='ocrx_word' id='word_1_479' title='bbox 797 4230 1075 4284; x_wconf 86' lang='lat' dir='ltr'><strong>cissiinum</strong></span> <span class='ocrx_word' id='word_1_480' title='bbox 1137 4230 1396 4285; x_wconf 83' lang='lat' dir='ltr'><strong>adversus</strong></span> <span class='ocrx_word' id='word_1_481' title='bbox 1438 4228 1697 4300; x_wconf 86' lang='lat' dir='ltr'><strong>[pestem]</strong></span> <span class='ocrx_word' id='word_1_482' title='bbox 1742 4228 2043 4283; x_wconf 88' lang='lat' dir='ltr'><strong>remedium</strong></span> <span class='ocrx_word' id='word_1_483' title='bbox 2095 4228 2354 4293; x_wconf 88' lang='lat' dir='ltr'><strong>habeant,</strong></span> 
     </span>
    </p>
   </div>
   <div class='ocr_carea' id='block_1_73' title="bbox 793 4324 1290 4376">
    <p class='ocr_par' dir='ltr' id='par_1_73' title="bbox 793 4324 1290 4376">
     <span class='ocr_line' id='line_1_73' title="bbox 793 4324 1290 4376; baseline 0 0"><span class='ocrx_word' id='word_1_484' title='bbox 793 4324 937 4376; x_wconf 87' lang='lat' dir='ltr'><strong>illius</strong></span> <span class='ocrx_word' id='word_1_485' title='bbox 973 4324 1290 4376; x_wconf 82' lang='lat' dir='ltr'><strong>adventum.</strong></span> 
     </span>
    </p>
   </div>
   <div class='ocr_carea' id='block_1_74' title="bbox 866 4413 2354 4483">
    <p class='ocr_par' dir='ltr' id='par_1_74' title="bbox 866 4413 2354 4483">
     <span class='ocr_line' id='line_1_74' title="bbox 866 4413 2354 4483; baseline -0.001 -14"><span class='ocrx_word' id='word_1_486' title='bbox 866 4415 988 4469; x_wconf 89' lang='lat' dir='ltr'><strong>lllos</strong></span> <span class='ocrx_word' id='word_1_487' title='bbox 1020 4416 1198 4483; x_wconf 86' lang='lat' dir='ltr'><strong>itaque</strong></span> <span class='ocrx_word' id='word_1_488' title='bbox 1229 4416 1480 4470; x_wconf 87' lang='lat' dir='ltr'><strong>miserata</strong></span> <span class='ocrx_word' id='word_1_489' title='bbox 1524 4416 1665 4469; x_wconf 86' lang='lat' dir='ltr'><strong>bona</strong></span> <span class='ocrx_word' id='word_1_490' title='bbox 1694 4416 1781 4468; x_wconf 89' lang='lat' dir='ltr'><strong>illa</strong></span> <span class='ocrx_word' id='word_1_491' title='bbox 1809 4424 1864 4470; x_wconf 90' lang='lat' dir='ltr'><strong>et</strong></span> <span class='ocrx_word' id='word_1_492' title='bbox 1893 4415 2135 4469; x_wconf 91' lang='lat' dir='ltr'><strong>clemens</strong></span> <span class='ocrx_word' id='word_1_493' title='bbox 2175 4413 2354 4467; x_wconf 88' lang='lat' dir='ltr'><strong>anima</strong></span> 
     </span>
    </p>
   </div>
   <div class='ocr_carea' id='block_1_75' title="bbox 2448 3218 4024 3300">
    <p class='ocr_par' dir='ltr' id='par_1_75' title="bbox 2448 3218 4024 3300">
     <span class='ocr_line' id='line_1_75' title="bbox 2448 3218 4024 3300; baseline -0.011 -16"><span class='ocrx_word' id='word_1_494' title='bbox 2448 3229 2753 3300; x_wconf 80' lang='grc' dir='ltr'>ἀνθρώποις</span> <span class='ocrx_word' id='word_1_495' title='bbox 2777 3226 2867 3279; x_wconf 75' lang='grc' dir='ltr'>καὶ</span> <span class='ocrx_word' id='word_1_496' title='bbox 2901 3224 3090 3294; x_wconf 65' lang='grc' dir='ltr'>ῥᾳδίαν</span> <span class='ocrx_word' id='word_1_497' title='bbox 3132 3222 3227 3275; x_wconf 75' lang='grc' dir='ltr'>καὶ</span> <span class='ocrx_word' id='word_1_498' title='bbox 3248 3221 3347 3293; x_wconf 72' lang='grc' dir='ltr'><strong>τὴν</strong></span> <span class='ocrx_word' id='word_1_499' title='bbox 3371 3220 3571 3274; x_wconf 82' lang='grc' dir='ltr'>ἄϐατον</span> <span class='ocrx_word' id='word_1_500' title='bbox 3604 3219 3775 3289; x_wconf 78' lang='grc' dir='ltr'>δήπου</span> <span class='ocrx_word' id='word_1_501' title='bbox 3807 3218 4024 3285; x_wconf 71' lang='grc' dir='ltr'>ταύτην</span> 
     </span>
    </p>
   </div>
   <div class='ocr_carea' id='block_1_76' title="bbox 2450 3312 4025 3391">
    <p class='ocr_par' dir='ltr' id='par_1_76' title="bbox 2450 3312 4025 3391">
     <span class='ocr_line' id='line_1_76' title="bbox 2450 3312 4025 3391; baseline -0.006 -18"><span class='ocrx_word' id='word_1_502' title='bbox 2450 3324 2676 3391; x_wconf 76' lang='grc' dir='ltr'>ἔρημον,</span> <span class='ocrx_word' id='word_1_503' title='bbox 2706 3323 2738 3389; x_wconf 77' lang='grc' dir='ltr'><strong>ἡ</strong></span> <span class='ocrx_word' id='word_1_504' title='bbox 2772 3322 2897 3388; x_wconf 69' lang='grc' dir='ltr'>περὶ</span> <span class='ocrx_word' id='word_1_505' title='bbox 2924 3326 3013 3372; x_wconf 71' lang='grc' dir='ltr'><strong>τὸν</strong></span> <span class='ocrx_word' id='word_1_506' title='bbox 3058 3318 3443 3384; x_wconf 56' lang='grc' dir='ltr'>ἇνδραθπίστις</span> <span class='ocrx_word' id='word_1_507' title='bbox 3472 3316 3645 3367; x_wconf 81' lang='grc' dir='ltr'>ἐποίει</span> <span class='ocrx_word' id='word_1_508' title='bbox 3677 3326 3693 3342; x_wconf 86' lang='grc'>⁶</span> <span class='ocrx_word' id='word_1_509' title='bbox 3726 3312 3939 3381; x_wconf 81' lang='grc' dir='ltr'>μᾶλλον</span> <span class='ocrx_word' id='word_1_510' title='bbox 3974 3312 4025 3363; x_wconf 78' lang='grc' dir='ltr'><strong>δὲ</strong></span> 
     </span>
    </p>
   </div>
   <div class='ocr_carea' id='block_1_77' title="bbox 2449 3407 4026 3487">
    <p class='ocr_par' dir='ltr' id='par_1_77' title="bbox 2449 3407 4026 3487">
     <span class='ocr_line' id='line_1_77' title="bbox 2449 3407 4026 3487; baseline -0.006 -20"><span class='ocrx_word' id='word_1_511' title='bbox 2449 3415 2621 3487; x_wconf 77' lang='grc' dir='ltr'>ἡτῶν</span> <span class='ocrx_word' id='word_1_512' title='bbox 2686 3414 2899 3465; x_wconf 82' lang='grc' dir='ltr'>ἐκείνου</span> <span class='ocrx_word' id='word_1_513' title='bbox 2944 3411 3103 3463; x_wconf 80' lang='grc' dir='ltr'>θείων</span> <span class='ocrx_word' id='word_1_514' title='bbox 3146 3410 3388 3479; x_wconf 82' lang='grc' dir='ltr'>χαρίτων</span> <span class='ocrx_word' id='word_1_515' title='bbox 3439 3407 3703 3473; x_wconf 69' lang='grc' dir='ltr'>ἀφθονία’</span> <span class='ocrx_word' id='word_1_516' title='bbox 3742 3408 3867 3475; x_wconf 79' lang='grc' dir='ltr'>ἥτις</span> <span class='ocrx_word' id='word_1_517' title='bbox 3933 3411 4026 3457; x_wconf 67' lang='grc' dir='ltr'><strong>κεί</strong></span> 
     </span>
    </p>
   </div>
   <div class='ocr_carea' id='block_1_78' title="bbox 2448 3497 4025 3578">
    <p class='ocr_par' dir='ltr' id='par_1_78' title="bbox 2448 3497 4025 3578">
     <span class='ocr_line' id='line_1_78' title="bbox 2448 3497 4025 3578; baseline -0.011 -16"><span class='ocrx_word' id='word_1_518' title='bbox 2448 3509 2547 3578; x_wconf 80' lang='grc' dir='ltr'><strong>τὴν</strong></span> <span class='ocrx_word' id='word_1_519' title='bbox 2601 3506 2783 3560; x_wconf 85' lang='grc' dir='ltr'>πίστιν</span> <span class='ocrx_word' id='word_1_520' title='bbox 2842 3504 3173 3573; x_wconf 78' lang='grc' dir='ltr'>θερμότερον</span> <span class='ocrx_word' id='word_1_521' title='bbox 3231 3497 3489 3562; x_wconf 80' lang='grc' dir='ltr'>ἀνεκίνει,</span> <span class='ocrx_word' id='word_1_522' title='bbox 3530 3497 3742 3559; x_wconf 75' lang='grc' dir='ltr'>καὶτὰς</span> <span class='ocrx_word' id='word_1_523' title='bbox 3773 3498 4025 3559; x_wconf 69' lang='grc' dir='ltr'>εὐσεϐεῖς</span> 
     </span>
    </p>
   </div>
   <div class='ocr_carea' id='block_1_79' title="bbox 2449 3588 4025 3667">
    <p class='ocr_par' dir='ltr' id='par_1_79' title="bbox 2449 3588 4025 3667">
     <span class='ocr_line' id='line_1_79' title="bbox 2449 3588 4025 3667; baseline -0.007 -18"><span class='ocrx_word' id='word_1_524' title='bbox 2449 3598 2627 3667; x_wconf 65' lang='grc' dir='ltr'>ψυχὰς</span> <span class='ocrx_word' id='word_1_525' title='bbox 2654 3599 2731 3660; x_wconf 79' lang='grc' dir='ltr'><strong>εἰς</strong></span> <span class='ocrx_word' id='word_1_526' title='bbox 2764 3595 2927 3648; x_wconf 78' lang='grc' dir='ltr'>πόθον</span> <span class='ocrx_word' id='word_1_527' title='bbox 2994 3594 3253 3663; x_wconf 75' lang='grc' dir='ltr'>ἐπήγετο.</span> <span class='ocrx_word' id='word_1_528' title='bbox 3293 3591 3465 3642; x_wconf 74' lang='grc' dir='ltr'>Ἑπτὰ</span> <span class='ocrx_word' id='word_1_529' title='bbox 3494 3589 3601 3660; x_wconf 79' lang='grc' dir='ltr'>γὰρ</span> <span class='ocrx_word' id='word_1_530' title='bbox 3637 3588 3873 3641; x_wconf 80' lang='grc' dir='ltr'>ἐνταῦθα</span> <span class='ocrx_word' id='word_1_531' title='bbox 3929 3590 4025 3655; x_wconf 76' lang='grc' dir='ltr'><strong>ἐτη</strong></span> 
     </span>
    </p>
   </div>
   <div class='ocr_carea' id='block_1_80' title="bbox 2451 3682 4026 3758">
    <p class='ocr_par' dir='ltr' id='par_1_80' title="bbox 2451 3682 4026 3758">
     <span class='ocr_line' id='line_1_80' title="bbox 2451 3682 4026 3758; baseline -0.008 -14"><span class='ocrx_word' id='word_1_532' title='bbox 2451 3689 2543 3745; x_wconf 77' lang='grc' dir='ltr'><strong>τοῦ</strong></span> <span class='ocrx_word' id='word_1_533' title='bbox 2578 3686 2860 3758; x_wconf 79' lang='grc' dir='ltr'>Κυριακοῦ</span> <span class='ocrx_word' id='word_1_534' title='bbox 2890 3685 3261 3753; x_wconf 82' lang='grc' dir='ltr'>διαγαγόντος,</span> <span class='ocrx_word' id='word_1_535' title='bbox 3296 3682 3479 3751; x_wconf 81' lang='grc' dir='ltr'>ἐπειδὴ</span> <span class='ocrx_word' id='word_1_536' title='bbox 3506 3682 3689 3749; x_wconf 63' lang='grc' dir='ltr'>λοιμὸς</span> <span class='ocrx_word' id='word_1_537' title='bbox 3707 3683 4026 3751; x_wconf 62' lang='grc' dir='ltr'>ἐπισκήιξνας</span> 
     </span>
    </p>
   </div>
   <div class='ocr_carea' id='block_1_81' title="bbox 2452 3772 4025 3845">
    <p class='ocr_par' dir='ltr' id='par_1_81' title="bbox 2452 3772 4025 3845">
     <span class='ocr_line' id='line_1_81' title="bbox 2452 3772 4025 3845; baseline -0.006 -10"><span class='ocrx_word' id='word_1_538' title='bbox 2452 3783 2570 3835; x_wconf 83' lang='grc' dir='ltr'>τότε</span> <span class='ocrx_word' id='word_1_539' title='bbox 2628 3780 2811 3838; x_wconf 81' lang='grc' dir='ltr'>κακῶς</span> <span class='ocrx_word' id='word_1_540' title='bbox 2835 3779 2905 3830; x_wconf 74' lang='grc' dir='ltr'>τὰ</span> <span class='ocrx_word' id='word_1_541' title='bbox 2961 3775 3123 3845; x_wconf 81' lang='grc' dir='ltr'>πέριξ</span> <span class='ocrx_word' id='word_1_542' title='bbox 3181 3777 3362 3827; x_wconf 81' lang='grc' dir='ltr'>πάντα</span> <span class='ocrx_word' id='word_1_543' title='bbox 3403 3772 3602 3831; x_wconf 82' lang='grc' dir='ltr'>ἐποίει,</span> <span class='ocrx_word' id='word_1_544' title='bbox 3643 3774 3737 3823; x_wconf 72' lang='grc' dir='ltr'><strong>καὶ</strong></span> <span class='ocrx_word' id='word_1_545' title='bbox 3794 3774 4025 3835; x_wconf 59' lang='lat' dir='ltr'><strong>collo-1;</strong></span> 
     </span>
    </p>
   </div>
   <div class='ocr_carea' id='block_1_82' title="bbox 2453 3861 4021 3935">
    <p class='ocr_par' dir='ltr' id='par_1_82' title="bbox 2453 3861 4021 3935">
     <span class='ocr_line' id='line_1_82' title="bbox 2453 3861 4021 3935; baseline -0.004 -15"><span class='ocrx_word' id='word_1_546' title='bbox 2453 3868 2691 3935; x_wconf 77' lang='grc' dir='ltr'>ἀναιρῶν</span> <span class='ocrx_word' id='word_1_547' title='bbox 2736 3866 2834 3918; x_wconf 76' lang='grc' dir='ltr'>οὐκ</span> <span class='ocrx_word' id='word_1_548' title='bbox 2884 3866 3025 3917; x_wconf 84' lang='grc' dir='ltr'>ἀνίει</span> <span class='ocrx_word' id='word_1_549' title='bbox 3083 3862 3259 3932; x_wconf 75' lang='grc' dir='ltr'>[ἀνῄει</span> <span class='ocrx_word' id='word_1_550' title='bbox 3294 3861 3373 3933; x_wconf 75' lang='lat'><strong>2],</strong></span> <span class='ocrx_word' id='word_1_551' title='bbox 3430 3862 3703 3921; x_wconf 84' lang='grc' dir='ltr'>δείσαντες</span> <span class='ocrx_word' id='word_1_552' title='bbox 3727 3863 3774 3913; x_wconf 89' lang='grc' dir='ltr'>οἱ</span> <span class='ocrx_word' id='word_1_553' title='bbox 3802 3862 3902 3930; x_wconf 72' lang='grc' dir='ltr'>τῆς</span> <span class='ocrx_word' id='word_1_554' title='bbox 3931 3864 4021 3914; x_wconf 75' lang='grc' dir='ltr'>τοῦ</span> 
     </span>
    </p>
   </div>
   <div class='ocr_carea' id='block_1_83' title="bbox 2455 3953 4020 4025">
    <p class='ocr_par' dir='ltr' id='par_1_83' title="bbox 2455 3953 4020 4025">
     <span class='ocr_line' id='line_1_83' title="bbox 2455 3953 4020 4025; baseline -0.006 -12"><span class='ocrx_word' id='word_1_555' title='bbox 2455 3960 2634 4013; x_wconf 81' lang='grc' dir='ltr'>Σουκᾶ</span> <span class='ocrx_word' id='word_1_556' title='bbox 2675 3957 2904 4025; x_wconf 74' lang='grc' dir='ltr'>λαύρας,</span> <span class='ocrx_word' id='word_1_557' title='bbox 2943 3954 3283 4008; x_wconf 84' lang='grc' dir='ltr'>ἐπιϐαίνουσι</span> <span class='ocrx_word' id='word_1_558' title='bbox 3318 3954 3409 4005; x_wconf 75' lang='grc' dir='ltr'><strong>καὶ</strong></span> <span class='ocrx_word' id='word_1_559' title='bbox 3441 3953 3543 4019; x_wconf 81' lang='grc' dir='ltr'>τῆς</span> <span class='ocrx_word' id='word_1_560' title='bbox 3576 3953 3779 4005; x_wconf 75' lang='grc' dir='ltr'>ἀϐάτου</span> <span class='ocrx_word' id='word_1_561' title='bbox 3814 3956 4020 4021; x_wconf 80' lang='grc' dir='ltr'>ταύτης</span> 
     </span>
    </p>
   </div>
   <div class='ocr_carea' id='block_1_84' title="bbox 2456 4045 4024 4123">
    <p class='ocr_par' dir='ltr' id='par_1_84' title="bbox 2456 4045 4024 4123">
     <span class='ocr_line' id='line_1_84' title="bbox 2456 4045 4024 4123; baseline -0.006 -18"><span class='ocrx_word' id='word_1_562' title='bbox 2456 4052 2697 4123; x_wconf 72' lang='grc' dir='ltr'>ἐρήμου·</span> <span class='ocrx_word' id='word_1_563' title='bbox 2757 4050 2852 4101; x_wconf 76' lang='grc' dir='ltr'><strong>καὶ</strong></span> <span class='ocrx_word' id='word_1_564' title='bbox 2902 4049 3111 4101; x_wconf 80' lang='grc' dir='ltr'>δέονται</span> <span class='ocrx_word' id='word_1_565' title='bbox 3173 4046 3269 4099; x_wconf 65' lang='grc' dir='ltr'>τοῦ</span> <span class='ocrx_word' id='word_1_566' title='bbox 3326 4045 3636 4117; x_wconf 78' lang='grc' dir='ltr'>Κυριακοῦ,</span> <span class='ocrx_word' id='word_1_567' title='bbox 3696 4048 3790 4100; x_wconf 73' lang='grc' dir='ltr'><strong>καὶ</strong></span> <span class='ocrx_word' id='word_1_568' title='bbox 3836 4048 4024 4099; x_wconf 75' lang='grc' dir='ltr'>τοῦτον</span> 
     </span>
    </p>
   </div>
   <div class='ocr_carea' id='block_1_85' title="bbox 2456 4136 4023 4209">
    <p class='ocr_par' dir='ltr' id='par_1_85' title="bbox 2456 4136 4023 4209">
     <span class='ocr_line' id='line_1_85' title="bbox 2456 4136 4023 4209; baseline -0.004 -15"><span class='ocrx_word' id='word_1_569' title='bbox 2456 4140 2836 4209; x_wconf 84' lang='grc' dir='ltr'>ἐκλιπαροῦσι,</span> <span class='ocrx_word' id='word_1_570' title='bbox 2869 4144 2933 4209; x_wconf 81' lang='grc' dir='ltr'>τῇ</span> <span class='ocrx_word' id='word_1_571' title='bbox 2962 4139 3138 4208; x_wconf 75' lang='grc' dir='ltr'>λαύρα</span> <span class='ocrx_word' id='word_1_572' title='bbox 3175 4139 3271 4190; x_wconf 76' lang='grc' dir='ltr'>καὶ</span> <span class='ocrx_word' id='word_1_573' title='bbox 3303 4136 3457 4199; x_wconf 75' lang='grc' dir='ltr'>αὖθις</span> <span class='ocrx_word' id='word_1_574' title='bbox 3483 4138 3850 4207; x_wconf 75' lang='grc' dir='ltr'>ἐπιδημῆσαι·</span> <span class='ocrx_word' id='word_1_575' title='bbox 3877 4139 4023 4198; x_wconf 72' lang='grc' dir='ltr'>ὅπως</span> 
     </span>
    </p>
   </div>
   <div class='ocr_carea' id='block_1_86' title="bbox 2455 4224 4021 4302">
    <p class='ocr_par' dir='ltr' id='par_1_86' title="bbox 2455 4224 4021 4302">
     <span class='ocr_line' id='line_1_86' title="bbox 2455 4224 4021 4302; baseline -0.002 -17"><span class='ocrx_word' id='word_1_576' title='bbox 2455 4230 2614 4285; x_wconf 79' lang='grc' dir='ltr'>τοῦτό</span> <span class='ocrx_word' id='word_1_577' title='bbox 2635 4231 2683 4300; x_wconf 77' lang='grc' dir='ltr'>γ’</span> <span class='ocrx_word' id='word_1_578' title='bbox 2710 4224 2803 4283; x_wconf 73' lang='grc' dir='ltr'><strong>οὖν</strong></span> <span class='ocrx_word' id='word_1_579' title='bbox 2841 4228 3016 4302; x_wconf 71' lang='grc' dir='ltr'>[γοῦν]</span> <span class='ocrx_word' id='word_1_580' title='bbox 3066 4229 3479 4300; x_wconf 84' lang='grc' dir='ltr'>ἀνυσιμώτατον</span> <span class='ocrx_word' id='word_1_581' title='bbox 3516 4232 3657 4282; x_wconf 77' lang='grc' dir='ltr'>κατὰ</span> <span class='ocrx_word' id='word_1_582' title='bbox 3683 4229 3780 4281; x_wconf 74' lang='grc' dir='ltr'>τοῦ</span> <span class='ocrx_word' id='word_1_583' title='bbox 3829 4230 4021 4300; x_wconf 83' lang='grc' dir='ltr'>λοιμοῦ</span> 
     </span>
    </p>
   </div>
   <div class='ocr_carea' id='block_1_87' title="bbox 2457 4324 3743 4396">
    <p class='ocr_par' dir='ltr' id='par_1_87' title="bbox 2457 4324 3743 4396">
     <span class='ocr_line' id='line_1_87' title="bbox 2457 4324 3743 4396; baseline -0.008 -15"><span class='ocrx_word' id='word_1_584' title='bbox 2457 4327 2747 4396; x_wconf 76' lang='grc' dir='ltr'>φάρμακον</span> <span class='ocrx_word' id='word_1_585' title='bbox 2819 4324 3010 4394; x_wconf 68' lang='grc' dir='ltr'>ἔχοιεν,</span> <span class='ocrx_word' id='word_1_586' title='bbox 3033 4324 3130 4393; x_wconf 82' lang='grc' dir='ltr'>τὴν</span> <span class='ocrx_word' id='word_1_587' title='bbox 3160 4326 3369 4375; x_wconf 85' lang='grc' dir='ltr'>ἐκείνου</span> <span class='ocrx_word' id='word_1_588' title='bbox 3422 4324 3743 4393; x_wconf 78' lang='grc' dir='ltr'>ἐπιδημίαν.</span> 
     </span>
    </p>
   </div>
   <div class='ocr_carea' id='block_1_88' title="bbox 2532 4413 4018 4486">
    <p class='ocr_par' dir='ltr' id='par_1_88' title="bbox 2532 4413 4018 4486">
     <span class='ocr_line' id='line_1_88' title="bbox 2532 4413 4018 4486; baseline -0.001 -15"><span class='ocrx_word' id='word_1_589' title='bbox 2532 4420 2721 4471; x_wconf 82' lang='grc' dir='ltr'>Ἐλεον</span> <span class='ocrx_word' id='word_1_590' title='bbox 2748 4416 2926 4470; x_wconf 87' lang='grc' dir='ltr'>τοίνυν</span> <span class='ocrx_word' id='word_1_591' title='bbox 2957 4416 3133 4469; x_wconf 77' lang='grc' dir='ltr'>αὐτῶν</span> <span class='ocrx_word' id='word_1_592' title='bbox 3170 4413 3376 4486; x_wconf 74' lang='grc' dir='ltr'>[αὑτὸν]</span> <span class='ocrx_word' id='word_1_593' title='bbox 3415 4416 3446 4484; x_wconf 82' lang='grc' dir='ltr'><strong>ἡ</strong></span> <span class='ocrx_word' id='word_1_594' title='bbox 3481 4415 3665 4486; x_wconf 77' lang='grc' dir='ltr'>ἀγαθὴ</span> <span class='ocrx_word' id='word_1_595' title='bbox 3707 4420 3801 4469; x_wconf 70' lang='grc' dir='ltr'><strong>καὶ</strong></span> <span class='ocrx_word' id='word_1_596' title='bbox 3835 4420 4018 4485; x_wconf 66' lang='grc' dir='ltr'>φιλάν-</span> 
     </span>
    </p>
   </div>
   <div class='ocr_carea' id='block_1_89' title="bbox 795 4503 2345 4579">
    <p class='ocr_par' dir='ltr' id='par_1_89' title="bbox 795 4504 2345 4577">
     <span class='ocr_line' id='line_1_89' title="bbox 795 4504 2345 4577; baseline -0.001 -18"><span class='ocrx_word' id='word_1_597' title='bbox 795 4506 988 4559; x_wconf 88' lang='lat' dir='ltr'><strong>iterum</strong></span> <span class='ocrx_word' id='word_1_598' title='bbox 1028 4508 1080 4559; x_wconf 91' lang='lat' dir='ltr'><strong>in</strong></span> <span class='ocrx_word' id='word_1_599' title='bbox 1119 4504 1348 4560; x_wconf 87' lang='lat' dir='ltr'><strong>Lauram</strong></span> <span class='ocrx_word' id='word_1_600' title='bbox 1384 4507 1662 4563; x_wconf 89' lang='lat' dir='ltr'><strong>descendit</strong></span> <span class='ocrx_word' id='word_1_601' title='bbox 1684 4506 1817 4577; x_wconf 87' lang='lat' dir='ltr'><strong>(l8).</strong></span> <span class='ocrx_word' id='word_1_602' title='bbox 1839 4504 2083 4574; x_wconf 89' lang='lat' dir='ltr'><strong>Cumque</strong></span> <span class='ocrx_word' id='word_1_603' title='bbox 2114 4506 2181 4559; x_wconf 84' lang='lat' dir='ltr'><strong>ad</strong></span> <span class='ocrx_word' id='word_1_604' title='bbox 2215 4505 2345 4559; x_wconf 77' lang='lat' dir='ltr'><strong>beati</strong></span> 
     </span>
    </p>
   </div>
   <div class='ocr_carea' id='block_1_90' title="bbox 2446 4503 4024 4579">
    <p class='ocr_par' dir='ltr' id='par_1_90' title="bbox 2461 4506 4024 4579">
     <span class='ocr_line' id='line_1_90' title="bbox 2461 4506 4024 4579; baseline -0.001 -17"><span class='ocrx_word' id='word_1_605' title='bbox 2461 4509 2677 4578; x_wconf 86' lang='grc' dir='ltr'>Θρωπος</span> <span class='ocrx_word' id='word_1_606' title='bbox 2734 4509 2916 4579; x_wconf 80' lang='grc' dir='ltr'>ἐκείνη</span> <span class='ocrx_word' id='word_1_607' title='bbox 2967 4507 3207 4560; x_wconf 83' lang='grc' dir='ltr'>λαϐοῦσα</span> <span class='ocrx_word' id='word_1_608' title='bbox 3270 4506 3413 4576; x_wconf 73' lang='grc' dir='ltr'>ψυχὴ</span> <span class='ocrx_word' id='word_1_609' title='bbox 3463 4506 3677 4559; x_wconf 81' lang='grc' dir='ltr'>κάτεισὶ</span> <span class='ocrx_word' id='word_1_610' title='bbox 3712 4526 3771 4559; x_wconf 84' lang='grc' dir='ltr'><strong>τε</strong></span> <span class='ocrx_word' id='word_1_611' title='bbox 3814 4511 3897 4569; x_wconf 83' lang='grc' dir='ltr'>εἰς</span> <span class='ocrx_word' id='word_1_612' title='bbox 3932 4510 4024 4577; x_wconf 66' lang='grc' dir='ltr'><strong>τὴν</strong></span> 
     </span>
    </p>
   </div>
   <div class='ocr_carea' id='block_1_91' title="bbox 796 4596 2353 4667">
    <p class='ocr_par' dir='ltr' id='par_1_91' title="bbox 796 4596 2353 4667">
     <span class='ocr_line' id='line_1_91' title="bbox 796 4596 2353 4667; baseline -0.001 -15"><span class='ocrx_word' id='word_1_613' title='bbox 796 4596 1107 4652; x_wconf 86' lang='lat' dir='ltr'><strong>Charitouis</strong></span> <span class='ocrx_word' id='word_1_614' title='bbox 1173 4598 1425 4652; x_wconf 85' lang='lat' dir='ltr'><strong>cellulam</strong></span> <span class='ocrx_word' id='word_1_615' title='bbox 1492 4599 1741 4667; x_wconf 91' lang='lat' dir='ltr'><strong>quintum</strong></span> <span class='ocrx_word' id='word_1_616' title='bbox 1802 4600 2074 4666; x_wconf 76' lang='lat' dir='ltr'><strong>exegisset</strong></span> <span class='ocrx_word' id='word_1_617' title='bbox 2129 4600 2353 4661; x_wconf 87' lang='lat' dir='ltr'><strong>annum,</strong></span> 
     </span>
    </p>
   </div>
   <div class='ocr_carea' id='block_1_92' title="bbox 797 4689 2358 4760">
    <p class='ocr_par' dir='ltr' id='par_1_92' title="bbox 797 4689 2358 4760">
     <span class='ocr_line' id='line_1_92' title="bbox 797 4689 2358 4760; baseline 0 -17"><span class='ocrx_word' id='word_1_618' title='bbox 797 4690 1171 4743; x_wconf 81' lang='lat' dir='ltr'><strong>strenuissime</strong></span> <span class='ocrx_word' id='word_1_619' title='bbox 1205 4705 1298 4744; x_wconf 89' lang='lat' dir='ltr'><strong>eos</strong></span> <span class='ocrx_word' id='word_1_620' title='bbox 1327 4690 1417 4760; x_wconf 91' lang='lat' dir='ltr'><strong>qui</strong></span> <span class='ocrx_word' id='word_1_621' title='bbox 1464 4704 1587 4743; x_wconf 91' lang='lat' dir='ltr'><strong>cum</strong></span> <span class='ocrx_word' id='word_1_622' title='bbox 1644 4689 1877 4757; x_wconf 82' lang='lat' dir='ltr'><strong>Origene</strong></span> <span class='ocrx_word' id='word_1_623' title='bbox 1907 4690 2234 4753; x_wconf 87' lang='lat' dir='ltr'><strong>sentiebant,</strong></span> <span class='ocrx_word' id='word_1_624' title='bbox 2264 4705 2358 4743; x_wconf 82' lang='lat' dir='ltr'><strong>ex-</strong></span> 
     </span>
    </p>
   </div>
   <div class='ocr_carea' id='block_1_93' title="bbox 799 4782 2355 4853">
    <p class='ocr_par' dir='ltr' id='par_1_93' title="bbox 799 4782 2355 4853">
     <span class='ocr_line' id='line_1_93' title="bbox 799 4782 2355 4853; baseline 0 -18"><span class='ocrx_word' id='word_1_625' title='bbox 799 4785 1092 4851; x_wconf 86' lang='lat' dir='ltr'><strong>pugnabat.</strong></span> <span class='ocrx_word' id='word_1_626' title='bbox 1144 4782 1297 4837; x_wconf 89' lang='lat' dir='ltr'><strong>Tune</strong></span> <span class='ocrx_word' id='word_1_627' title='bbox 1347 4800 1561 4853; x_wconf 89' lang='lat' dir='ltr'><strong>quoque</strong></span> <span class='ocrx_word' id='word_1_628' title='bbox 1592 4783 1927 4837; x_wconf 86' lang='lat' dir='ltr'><strong>admirabilis</strong></span> <span class='ocrx_word' id='word_1_629' title='bbox 1978 4782 2231 4853; x_wconf 82' lang='lat' dir='ltr'><strong>Cyrillus,</strong></span> <span class='ocrx_word' id='word_1_630' title='bbox 2264 4783 2355 4851; x_wconf 87' lang='lat' dir='ltr'><strong>qui</strong></span> 
     </span>
    </p>
   </div>
   <div class='ocr_carea' id='block_1_94' title="bbox 799 4871 2357 4943">
    <p class='ocr_par' dir='ltr' id='par_1_94' title="bbox 799 4871 2357 4943">
     <span class='ocr_line' id='line_1_94' title="bbox 799 4871 2357 4943; baseline 0 -19"><span class='ocrx_word' id='word_1_631' title='bbox 799 4888 828 4924; x_wconf 89' lang='lat' dir='ltr'><strong>a</strong></span> <span class='ocrx_word' id='word_1_632' title='bbox 874 4874 1050 4940; x_wconf 89' lang='lat' dir='ltr'><strong>magni</strong></span> <span class='ocrx_word' id='word_1_633' title='bbox 1087 4872 1359 4943; x_wconf 82' lang='lat' dir='ltr'><strong>Eutliymii</strong></span> <span class='ocrx_word' id='word_1_634' title='bbox 1408 4873 1473 4924; x_wconf 85' lang='lat' dir='ltr'><strong>ad</strong></span> <span class='ocrx_word' id='word_1_635' title='bbox 1522 4874 1663 4926; x_wconf 89' lang='lat' dir='ltr'><strong>beati</strong></span> <span class='ocrx_word' id='word_1_636' title='bbox 1709 4872 1864 4925; x_wconf 67' lang='lat' dir='ltr'><strong>Saba:</strong></span> <span class='ocrx_word' id='word_1_637' title='bbox 1900 4871 2128 4924; x_wconf 86' lang='lat' dir='ltr'><strong>Lauram</strong></span> <span class='ocrx_word' id='word_1_638' title='bbox 2174 4886 2357 4924; x_wconf 81' lang='lat' dir='ltr'><strong>acces-</strong></span> 
     </span>
    </p>
   </div>
   <div class='ocr_carea' id='block_1_95' title="bbox 800 4964 2358 5034">
    <p class='ocr_par' dir='ltr' id='par_1_95' title="bbox 800 4964 2358 5034">
     <span class='ocr_line' id='line_1_95' title="bbox 800 4964 2358 5034; baseline -0.001 -17"><span class='ocrx_word' id='word_1_639' title='bbox 800 4974 967 5027; x_wconf 89' lang='lat' dir='ltr'><strong>serat,</strong></span> <span class='ocrx_word' id='word_1_640' title='bbox 999 4974 1056 5016; x_wconf 92' lang='lat' dir='ltr'><strong>ut</strong></span> <span class='ocrx_word' id='word_1_641' title='bbox 1092 4964 1354 5020; x_wconf 83' lang='lat' dir='ltr'><strong>Joannem</strong></span> <span class='ocrx_word' id='word_1_642' title='bbox 1394 4965 1763 5020; x_wconf 80' lang='lat' dir='ltr'><strong>Silentiariuni</strong></span> <span class='ocrx_word' id='word_1_643' title='bbox 1790 4964 2099 5034; x_wconf 83' lang='lat' dir='ltr'><strong>episcOpum</strong></span> <span class='ocrx_word' id='word_1_644' title='bbox 2129 4964 2358 5029; x_wconf 87' lang='lat' dir='ltr'><strong>videret,</strong></span> 
     </span>
    </p>
   </div>
   <div class='ocr_carea' id='block_1_96' title="bbox 801 5055 2357 5126">
    <p class='ocr_par' dir='ltr' id='par_1_96' title="bbox 801 5055 2357 5126">
     <span class='ocr_line' id='line_1_96' title="bbox 801 5055 2357 5126; baseline 0.001 -18"><span class='ocrx_word' id='word_1_645' title='bbox 801 5056 861 5108; x_wconf 84' lang='lat' dir='ltr'><strong>ﬁt</strong></span> <span class='ocrx_word' id='word_1_646' title='bbox 886 5057 933 5109; x_wconf 91' lang='lat' dir='ltr'><strong>ei</strong></span> <span class='ocrx_word' id='word_1_647' title='bbox 960 5055 1206 5111; x_wconf 90' lang='lat' dir='ltr'><strong>minister</strong></span> <span class='ocrx_word' id='word_1_648' title='bbox 1229 5058 1529 5112; x_wconf 88' lang='lat' dir='ltr'><strong>litterarum</strong></span> <span class='ocrx_word' id='word_1_649' title='bbox 1552 5059 1616 5113; x_wconf 91' lang='lat' dir='ltr'><strong>ad</strong></span> <span class='ocrx_word' id='word_1_650' title='bbox 1644 5059 1860 5112; x_wconf 91' lang='lat' dir='ltr'><strong>beatum</strong></span> <span class='ocrx_word' id='word_1_651' title='bbox 1884 5056 2029 5110; x_wconf 89' lang='lat' dir='ltr'><strong>hunc</strong></span> <span class='ocrx_word' id='word_1_652' title='bbox 2056 5056 2357 5126; x_wconf 72' lang='lat' dir='ltr'><strong>(Iyriacum.</strong></span> 
     </span>
    </p>
   </div>
   <div class='ocr_carea' id='block_1_97' title="bbox 801 5146 2359 5205">
    <p class='ocr_par' dir='ltr' id='par_1_97' title="bbox 801 5146 2359 5205">
     <span class='ocr_line' id='line_1_97' title="bbox 801 5146 2359 5205; baseline -0.001 -4"><span class='ocrx_word' id='word_1_653' title='bbox 801 5146 1021 5202; x_wconf 66' lang='lat' dir='ltr'><strong>Litterae</strong></span> <span class='ocrx_word' id='word_1_654' title='bbox 1069 5159 1248 5202; x_wconf 89' lang='lat' dir='ltr'><strong>autem</strong></span> <span class='ocrx_word' id='word_1_655' title='bbox 1280 5150 1481 5205; x_wconf 87' lang='lat' dir='ltr'><strong>bellum</strong></span> <span class='ocrx_word' id='word_1_656' title='bbox 1513 5152 1774 5205; x_wconf 84' lang='lat' dir='ltr'><strong>adversus</strong></span> <span class='ocrx_word' id='word_1_657' title='bbox 1806 5159 2050 5202; x_wconf 89' lang='lat' dir='ltr'><strong>sanctam</strong></span> <span class='ocrx_word' id='word_1_658' title='bbox 2086 5149 2359 5201; x_wconf 87' lang='lat' dir='ltr'><strong>civitatem</strong></span> 
     </span>
    </p>
   </div>
   <div class='ocr_carea' id='block_1_98' title="bbox 802 5241 2363 5311">
    <p class='ocr_par' dir='ltr' id='par_1_98' title="bbox 802 5241 2363 5311">
     <span class='ocr_line' id='line_1_98' title="bbox 802 5241 2363 5311; baseline -0.001 -19"><span class='ocrx_word' id='word_1_659' title='bbox 802 5244 1118 5295; x_wconf 88' lang='lat' dir='ltr'><strong>suscitatum</strong></span> <span class='ocrx_word' id='word_1_660' title='bbox 1161 5242 1559 5311; x_wconf 83' lang='lat' dir='ltr'><strong>signiticabant,</strong></span> <span class='ocrx_word' id='word_1_661' title='bbox 1597 5258 1831 5310; x_wconf 85' lang='lat' dir='ltr'><strong>eumque</strong></span> <span class='ocrx_word' id='word_1_662' title='bbox 1880 5241 2260 5305; x_wconf 85' lang='lat' dir='ltr'><strong>obsecrabant,</strong></span> <span class='ocrx_word' id='word_1_663' title='bbox 2306 5248 2363 5293; x_wconf 88' lang='lat' dir='ltr'><strong>ut</strong></span> 
     </span>
    </p>
   </div>
   <div class='ocr_carea' id='block_1_99' title="bbox 806 5330 2363 5404">
    <p class='ocr_par' dir='ltr' id='par_1_99' title="bbox 806 5330 2363 5404">
     <span class='ocr_line' id='line_1_99' title="bbox 806 5330 2363 5404; baseline 0.002 -22"><span class='ocrx_word' id='word_1_664' title='bbox 806 5330 976 5384; x_wconf 89' lang='lat' dir='ltr'><strong>Deum</strong></span> <span class='ocrx_word' id='word_1_665' title='bbox 1031 5334 1330 5402; x_wconf 89' lang='lat' dir='ltr'><strong>impensius</strong></span> <span class='ocrx_word' id='word_1_666' title='bbox 1381 5347 1581 5399; x_wconf 84' lang='lat' dir='ltr'><strong>oraret,</strong></span> <span class='ocrx_word' id='word_1_667' title='bbox 1642 5345 1701 5389; x_wconf 91' lang='lat' dir='ltr'><strong>ut</strong></span> <span class='ocrx_word' id='word_1_668' title='bbox 1735 5335 1827 5404; x_wconf 87' lang='lat' dir='ltr'><strong>qui</strong></span> <span class='ocrx_word' id='word_1_669' title='bbox 1882 5335 1937 5386; x_wconf 91' lang='lat' dir='ltr'><strong>in</strong></span> <span class='ocrx_word' id='word_1_670' title='bbox 1993 5333 2139 5386; x_wconf 79' lang='lat' dir='ltr'><strong>Nova</strong></span> <span class='ocrx_word' id='word_1_671' title='bbox 2193 5333 2363 5385; x_wconf 86' lang='lat' dir='ltr'><strong>Laura</strong></span> 
     </span>
    </p>
   </div>
   <div class='ocr_carea' id='block_1_100' title="bbox 803 5422 2361 5498">
    <p class='ocr_par' dir='ltr' id='par_1_100' title="bbox 803 5422 2361 5498">
     <span class='ocr_line' id='line_1_100' title="bbox 803 5422 2361 5498; baseline 0.003 -23"><span class='ocrx_word' id='word_1_672' title='bbox 803 5437 925 5475; x_wconf 86' lang='lat' dir='ltr'><strong>cum</strong></span> <span class='ocrx_word' id='word_1_673' title='bbox 978 5422 1173 5477; x_wconf 72' lang='lat' dir='ltr'><strong>Nonno</strong></span> <span class='ocrx_word' id='word_1_674' title='bbox 1222 5436 1275 5479; x_wconf 89' lang='lat' dir='ltr'><strong>et</strong></span> <span class='ocrx_word' id='word_1_675' title='bbox 1306 5426 1535 5480; x_wconf 88' lang='lat' dir='ltr'><strong>Leontio</strong></span> <span class='ocrx_word' id='word_1_676' title='bbox 1574 5441 1638 5478; x_wconf 72' lang='lat' dir='ltr'><strong>ex</strong></span> <span class='ocrx_word' id='word_1_677' title='bbox 1676 5426 1926 5497; x_wconf 85' lang='lat' dir='ltr'><strong>Origenis</strong></span> <span class='ocrx_word' id='word_1_678' title='bbox 1971 5426 2237 5498; x_wconf 73' lang='lat' dir='ltr'><strong>dogmatis</strong></span> <span class='ocrx_word' id='word_1_679' title='bbox 2272 5441 2361 5480; x_wconf 89' lang='lat' dir='ltr'><strong>so-</strong></span> 
     </span>
    </p>
   </div>
   <div class='ocr_carea' id='block_1_101' title="bbox 877 5624 2117 5696">
    <p class='ocr_par' dir='ltr' id='par_1_101' title="bbox 877 5624 2117 5696">
     <span class='ocr_line' id='line_1_101' title="bbox 877 5624 2117 5696; baseline 0 -18"><span class='ocrx_word' id='word_1_680' title='bbox 877 5628 986 5694; x_wconf 81' lang='grc'><strong>(15)</strong></span> <span class='ocrx_word' id='word_1_681' title='bbox 1015 5626 1143 5695; x_wconf 83' lang='lat' dir='ltr'><strong>Lege</strong></span> <span class='ocrx_word' id='word_1_682' title='bbox 1178 5625 1542 5695; x_wconf 77' lang='grc' dir='ltr'>βαρυθυμίας,</span> <span class='ocrx_word' id='word_1_683' title='bbox 1575 5624 1926 5696; x_wconf 72' lang='grc' dir='ltr'>παραμυθίας</span> <span class='ocrx_word' id='word_1_684' title='bbox 1961 5624 2117 5678; x_wconf 81' lang='lat' dir='ltr'><strong>male.</strong></span> 
     </span>
    </p>
   </div>
   <div class='ocr_carea' id='block_1_102' title="bbox 880 5698 1333 5764">
    <p class='ocr_par' dir='ltr' id='par_1_102' title="bbox 880 5698 1333 5764">
     <span class='ocr_line' id='line_1_102' title="bbox 880 5698 1333 5764; baseline -0.004 -16"><span class='ocrx_word' id='word_1_685' title='bbox 880 5702 987 5764; x_wconf 68' lang='lat' dir='ltr'><strong>Uti)</strong></span> <span class='ocrx_word' id='word_1_686' title='bbox 1022 5707 1173 5749; x_wconf 68' lang='lat' dir='ltr'><strong>Anno</strong></span> <span class='ocrx_word' id='word_1_687' title='bbox 1210 5698 1333 5751; x_wconf 72' lang='lat'><strong>529.</strong></span> 
     </span>
    </p>
   </div>
   <div class='ocr_carea' id='block_1_103' title="bbox 876 5764 2362 5833">
    <p class='ocr_par' dir='ltr' id='par_1_103' title="bbox 876 5764 2362 5833">
     <span class='ocr_line' id='line_1_103' title="bbox 876 5764 2362 5833; baseline 0 -16"><span class='ocrx_word' id='word_1_688' title='bbox 876 5770 983 5833; x_wconf 59' lang='lat'><strong>(17]</strong></span> <span class='ocrx_word' id='word_1_689' title='bbox 1024 5767 1177 5820; x_wconf 83' lang='lat' dir='ltr'><strong>Venit</strong></span> <span class='ocrx_word' id='word_1_690' title='bbox 1213 5771 1263 5818; x_wconf 90' lang='lat' dir='ltr'><strong>in</strong></span> <span class='ocrx_word' id='word_1_691' title='bbox 1316 5765 1559 5820; x_wconf 77' lang='lat' dir='ltr'><strong>Susacim</strong></span> <span class='ocrx_word' id='word_1_692' title='bbox 1609 5782 1737 5819; x_wconf 84' lang='lat' dir='ltr'><strong>ann.</strong></span> <span class='ocrx_word' id='word_1_693' title='bbox 1789 5766 1910 5827; x_wconf 66' lang='grc'><strong>534,</strong></span> <span class='ocrx_word' id='word_1_694' title='bbox 1968 5764 2055 5818; x_wconf 84' lang='lat' dir='ltr'><strong>tibi</strong></span> <span class='ocrx_word' id='word_1_695' title='bbox 2124 5776 2303 5819; x_wconf 79' lang='lat' dir='ltr'><strong>manet</strong></span> <span class='ocrx_word' id='word_1_696' title='bbox 2336 5767 2362 5817; x_wconf 78' lang='grc' dir='ltr'><strong>’ἶ</strong></span> 
     </span>
    </p>
   </div>
   <div class='ocr_carea' id='block_1_104' title="bbox 2458 4600 4024 4674">
    <p class='ocr_par' dir='ltr' id='par_1_104' title="bbox 2458 4600 4024 4674">
     <span class='ocr_line' id='line_1_104' title="bbox 2458 4600 4024 4674; baseline -0.002 -19"><span class='ocrx_word' id='word_1_697' title='bbox 2458 4603 2664 4674; x_wconf 84' lang='grc' dir='ltr'>λαύραν</span> <span class='ocrx_word' id='word_1_698' title='bbox 2696 4601 2891 4654; x_wconf 55' lang='grc' dir='ltr'>πάλιν</span> <span class='ocrx_word' id='word_1_699' title='bbox 2940 4602 3033 4653; x_wconf 68' lang='grc' dir='ltr'><strong>καὶ</strong></span> <span class='ocrx_word' id='word_1_700' title='bbox 3056 4601 3190 4669; x_wconf 66' lang='grc' dir='ltr'>πρὸς</span> <span class='ocrx_word' id='word_1_701' title='bbox 3220 4602 3296 4666; x_wconf 78' lang='grc' dir='ltr'>τῷ</span> <span class='ocrx_word' id='word_1_702' title='bbox 3322 4600 3416 4650; x_wconf 77' lang='grc' dir='ltr'><strong>τοῦ</strong></span> <span class='ocrx_word' id='word_1_703' title='bbox 3452 4600 3729 4668; x_wconf 80' lang='grc' dir='ltr'>μακαρίου</span> <span class='ocrx_word' id='word_1_704' title='bbox 3772 4600 4024 4668; x_wconf 74' lang='grc' dir='ltr'>Χαρίτω-</span> 
     </span>
    </p>
   </div>
   <div class='ocr_carea' id='block_1_105' title="bbox 2458 4687 4026 4759">
    <p class='ocr_par' dir='ltr' id='par_1_105' title="bbox 2458 4687 4026 4759">
     <span class='ocr_line' id='line_1_105' title="bbox 2458 4687 4026 4759; baseline -0.001 -15"><span class='ocrx_word' id='word_1_705' title='bbox 2458 4710 2547 4753; x_wconf 87' lang='grc' dir='ltr'><strong>νος</strong></span> <span class='ocrx_word' id='word_1_706' title='bbox 2577 4710 2633 4742; x_wconf 88' lang='grc' dir='ltr'><strong>κε</strong></span> <span class='ocrx_word' id='word_1_707' title='bbox 2642 4691 2772 4759; x_wconf 86' lang='grc' dir='ltr'>λλίῳ</span> <span class='ocrx_word' id='word_1_708' title='bbox 2796 4691 3045 4758; x_wconf 82' lang='grc' dir='ltr'>πέμπτον</span> <span class='ocrx_word' id='word_1_709' title='bbox 3060 4687 3371 4749; x_wconf 85' lang='grc' dir='ltr'>διατελέσας</span> <span class='ocrx_word' id='word_1_710' title='bbox 3386 4688 3659 4753; x_wconf 80' lang='grc' dir='ltr'>ἐνιαυτὸν,</span> <span class='ocrx_word' id='word_1_711' title='bbox 3677 4688 4026 4759; x_wconf 79' lang='grc' dir='ltr'>ἀνδρειότατα</span> 
     </span>
    </p>
   </div>
   <div class='ocr_carea' id='block_1_106' title="bbox 2458 4781 4023 4853">
    <p class='ocr_par' dir='ltr' id='par_1_106' title="bbox 2458 4781 4023 4853">
     <span class='ocr_line' id='line_1_106' title="bbox 2458 4781 4023 4853; baseline -0.003 -16"><span class='ocrx_word' id='word_1_712' title='bbox 2458 4785 2584 4847; x_wconf 72' lang='grc' dir='ltr'>τοὺς</span> <span class='ocrx_word' id='word_1_713' title='bbox 2620 4785 2688 4836; x_wconf 83' lang='grc' dir='ltr'>τὰ</span> <span class='ocrx_word' id='word_1_714' title='bbox 2709 4783 3020 4853; x_wconf 76' lang='grc' dir='ltr'>Ὠριγένους</span> <span class='ocrx_word' id='word_1_715' title='bbox 3051 4781 3385 4851; x_wconf 77' lang='grc' dir='ltr'>φρονοῦντας</span> <span class='ocrx_word' id='word_1_716' title='bbox 3424 4781 3863 4851; x_wconf 77' lang='grc' dir='ltr'>κατηγωνίζετο.</span> <span class='ocrx_word' id='word_1_717' title='bbox 3896 4785 4023 4835; x_wconf 82' lang='grc' dir='ltr'>Τότε</span> 
     </span>
    </p>
   </div>
   <div class='ocr_carea' id='block_1_107' title="bbox 2465 4873 4027 4948">
    <p class='ocr_par' dir='ltr' id='par_1_107' title="bbox 2465 4873 4027 4948">
     <span class='ocr_line' id='line_1_107' title="bbox 2465 4873 4027 4948; baseline -0.001 -19"><span class='ocrx_word' id='word_1_718' title='bbox 2465 4877 2561 4948; x_wconf 83' lang='grc' dir='ltr'><strong>μὲν</strong></span> <span class='ocrx_word' id='word_1_719' title='bbox 2591 4874 2654 4945; x_wconf 83' lang='grc' dir='ltr'>δὴ</span> <span class='ocrx_word' id='word_1_720' title='bbox 2684 4877 2776 4927; x_wconf 71' lang='grc' dir='ltr'>καὶ</span> <span class='ocrx_word' id='word_1_721' title='bbox 2803 4876 2829 4927; x_wconf 83' lang='grc' dir='ltr'>ὁ</span> <span class='ocrx_word' id='word_1_722' title='bbox 2853 4874 3153 4943; x_wconf 84' lang='grc' dir='ltr'>οαυμάσ.ος</span> <span class='ocrx_word' id='word_1_723' title='bbox 3216 4873 3507 4943; x_wconf 85' lang='grc' dir='ltr'>Κύριλλος,</span> <span class='ocrx_word' id='word_1_724' title='bbox 3542 4875 3648 4926; x_wconf 59' lang='grc' dir='ltr'><strong>ἀπὶ</strong></span> <span class='ocrx_word' id='word_1_725' title='bbox 3678 4874 3779 4939; x_wconf 70' lang='grc' dir='ltr'>τῆς</span> <span class='ocrx_word' id='word_1_726' title='bbox 3808 4875 3905 4926; x_wconf 82' lang='grc' dir='ltr'>τοῦ</span> <span class='ocrx_word' id='word_1_727' title='bbox 3938 4894 4027 4942; x_wconf 79' lang='grc' dir='ltr'><strong>μεο</strong></span> 
     </span>
    </p>
   </div>
   <div class='ocr_carea' id='block_1_108' title="bbox 2461 4965 4025 5039">
    <p class='ocr_par' dir='ltr' id='par_1_108' title="bbox 2461 4965 4025 5039">
     <span class='ocr_line' id='line_1_108' title="bbox 2461 4965 4025 5039; baseline -0.004 -16"><span class='ocrx_word' id='word_1_728' title='bbox 2461 4971 2625 5039; x_wconf 82' lang='grc' dir='ltr'>γάλου</span> <span class='ocrx_word' id='word_1_729' title='bbox 2671 4968 2945 5037; x_wconf 76' lang='grc' dir='ltr'>ΕὑΘυμίου</span> <span class='ocrx_word' id='word_1_730' title='bbox 2992 4967 3216 5034; x_wconf 87' lang='grc' dir='ltr'>λαύρας,</span> <span class='ocrx_word' id='word_1_731' title='bbox 3284 4969 3351 5035; x_wconf 78' lang='grc' dir='ltr'>τῇ</span> <span class='ocrx_word' id='word_1_732' title='bbox 3397 4965 3490 5017; x_wconf 79' lang='grc' dir='ltr'>τοῦ</span> <span class='ocrx_word' id='word_1_733' title='bbox 3546 4967 3832 5035; x_wconf 79' lang='grc' dir='ltr'>μακαρίου</span> <span class='ocrx_word' id='word_1_734' title='bbox 3888 4968 4025 5019; x_wconf 73' lang='grc' dir='ltr'>Σαϐα</span> 
     </span>
    </p>
   </div>
   <div class='ocr_carea' id='block_1_109' title="bbox 2490 5055 4023 5129">
    <p class='ocr_par' dir='ltr' id='par_1_109' title="bbox 2490 5055 4023 5129">
     <span class='ocr_line' id='line_1_109' title="bbox 2490 5055 4023 5129; baseline -0.005 -14"><span class='ocrx_word' id='word_1_735' title='bbox 2490 5062 2675 5115; x_wconf 73' lang='grc' dir='ltr'>Σάϐϐα</span> <span class='ocrx_word' id='word_1_736' title='bbox 2698 5072 2743 5115; x_wconf 81' lang='lat' dir='ltr'><strong>el</strong></span> <span class='ocrx_word' id='word_1_737' title='bbox 2776 5064 2850 5113; x_wconf 81' lang='lat' dir='ltr'><strong>ita</strong></span> <span class='ocrx_word' id='word_1_738' title='bbox 2873 5059 3137 5129; x_wconf 74' lang='lat' dir='ltr'><strong>deinceps]</strong></span> <span class='ocrx_word' id='word_1_739' title='bbox 3198 5058 3551 5129; x_wconf 74' lang='grc' dir='ltr'>παραλαϐὼν,</span> <span class='ocrx_word' id='word_1_740' title='bbox 3588 5060 3673 5128; x_wconf 74' lang='grc' dir='ltr'><strong>ἐφ’</strong></span> <span class='ocrx_word' id='word_1_741' title='bbox 3701 5055 3745 5128; x_wconf 79' lang='grc' dir='ltr'>ᾧ</span> <span class='ocrx_word' id='word_1_742' title='bbox 3784 5062 3878 5112; x_wconf 68' lang='grc' dir='ltr'>τὸν</span> <span class='ocrx_word' id='word_1_743' title='bbox 3906 5064 4023 5125; x_wconf 54' lang='grc' dir='ltr'>ηελλ-</span> 
     </span>
    </p>
   </div>
   <div class='ocr_carea' id='block_1_110' title="bbox 2463 5151 4026 5224">
    <p class='ocr_par' dir='ltr' id='par_1_110' title="bbox 2463 5151 4026 5224">
     <span class='ocr_line' id='line_1_110' title="bbox 2463 5151 4026 5224; baseline -0.003 -18"><span class='ocrx_word' id='word_1_744' title='bbox 2463 5155 2666 5224; x_wconf 76' lang='grc' dir='ltr'>χαστην</span> <span class='ocrx_word' id='word_1_745' title='bbox 2716 5152 3015 5205; x_wconf 81' lang='grc' dir='ltr'>ἐπίσκοπον</span> <span class='ocrx_word' id='word_1_746' title='bbox 3062 5152 3315 5220; x_wconf 86' lang='grc' dir='ltr'>Ἰωάννην</span> <span class='ocrx_word' id='word_1_747' title='bbox 3380 5152 3501 5217; x_wconf 85' lang='grc' dir='ltr'>ἰδοι,</span> <span class='ocrx_word' id='word_1_748' title='bbox 3554 5152 3841 5217; x_wconf 73' lang='grc' dir='ltr'>ὑπηρέτης</span> <span class='ocrx_word' id='word_1_749' title='bbox 3893 5151 4026 5217; x_wconf 59' lang='grc' dir='ltr'>αὐτῷ</span> 
     </span>
    </p>
   </div>
   <div class='ocr_carea' id='block_1_111' title="bbox 2464 5239 4026 5315">
    <p class='ocr_par' dir='ltr' id='par_1_111' title="bbox 2464 5239 4026 5315">
     <span class='ocr_line' id='line_1_111' title="bbox 2464 5239 4026 5315; baseline -0.006 -18"><span class='ocrx_word' id='word_1_750' title='bbox 2464 5243 2808 5315; x_wconf 79' lang='grc' dir='ltr'>γραμμάτων</span> <span class='ocrx_word' id='word_1_751' title='bbox 2859 5242 2996 5312; x_wconf 67' lang='grc' dir='ltr'>πρὸς</span> <span class='ocrx_word' id='word_1_752' title='bbox 3034 5240 3125 5293; x_wconf 75' lang='grc' dir='ltr'>τὸν</span> <span class='ocrx_word' id='word_1_753' title='bbox 3185 5242 3453 5310; x_wconf 77' lang='grc' dir='ltr'>μακάριον</span> <span class='ocrx_word' id='word_1_754' title='bbox 3500 5239 3692 5291; x_wconf 77' lang='grc' dir='ltr'>τοῦτον</span> <span class='ocrx_word' id='word_1_755' title='bbox 3756 5241 4026 5311; x_wconf 64' lang='grc' dir='ltr'>Κυριακὶν</span> 
     </span>
    </p>
   </div>
   <div class='ocr_carea' id='block_1_112' title="bbox 2466 5331 4025 5403">
    <p class='ocr_par' dir='ltr' id='par_1_112' title="bbox 2466 5331 4025 5403">
     <span class='ocr_line' id='line_1_112' title="bbox 2466 5331 4025 5403; baseline -0.004 -15"><span class='ocrx_word' id='word_1_756' title='bbox 2466 5338 2694 5403; x_wconf 83' lang='grc' dir='ltr'>γίνεται.</span> <span class='ocrx_word' id='word_1_757' title='bbox 2746 5336 2827 5387; x_wconf 80' lang='grc' dir='ltr'><strong>Τὰ</strong></span> <span class='ocrx_word' id='word_1_758' title='bbox 2869 5334 2925 5385; x_wconf 75' lang='grc' dir='ltr'>δὲ</span> <span class='ocrx_word' id='word_1_759' title='bbox 2959 5333 3264 5403; x_wconf 83' lang='grc' dir='ltr'>γράμματα</span> <span class='ocrx_word' id='word_1_760' title='bbox 3310 5334 3400 5383; x_wconf 84' lang='grc' dir='ltr'><strong>τόν</strong></span> <span class='ocrx_word' id='word_1_761' title='bbox 3446 5348 3507 5383; x_wconf 88' lang='grc' dir='ltr'><strong>τε</strong></span> <span class='ocrx_word' id='word_1_762' title='bbox 3544 5331 3689 5386; x_wconf 77' lang='grc' dir='ltr'>κατὰ</span> <span class='ocrx_word' id='word_1_763' title='bbox 3719 5334 3822 5401; x_wconf 79' lang='grc' dir='ltr'><strong>τὴν</strong></span> <span class='ocrx_word' id='word_1_764' title='bbox 3876 5332 4025 5396; x_wconf 72' lang='grc' dir='ltr'>ἁγίαν</span> 
     </span>
    </p>
   </div>
   <div class='ocr_carea' id='block_1_113' title="bbox 2467 5424 4020 5498">
    <p class='ocr_par' dir='ltr' id='par_1_113' title="bbox 2467 5424 4020 5498">
     <span class='ocr_line' id='line_1_113' title="bbox 2467 5424 4020 5498; baseline -0.003 -18"><span class='ocrx_word' id='word_1_765' title='bbox 2467 5429 2620 5480; x_wconf 81' lang='grc' dir='ltr'>πόλιν</span> <span class='ocrx_word' id='word_1_766' title='bbox 2643 5428 3109 5498; x_wconf 71' lang='grc' dir='ltr'>ἀναρριπισῦἐντα</span> <span class='ocrx_word' id='word_1_767' title='bbox 3138 5425 3323 5478; x_wconf 70' lang='grc' dir='ltr'>ἐδήλου</span> <span class='ocrx_word' id='word_1_768' title='bbox 3370 5424 3632 5495; x_wconf 77' lang='grc' dir='ltr'>πόλεμον,</span> <span class='ocrx_word' id='word_1_769' title='bbox 3664 5427 3759 5477; x_wconf 67' lang='grc' dir='ltr'>καὶ</span> <span class='ocrx_word' id='word_1_770' title='bbox 3791 5425 4020 5476; x_wconf 62' lang='grc' dir='ltr'>ίκέτεπν</span> 
     </span>
    </p>
   </div>
   <div class='ocr_carea' id='block_1_114' title="bbox 2470 5641 2663 5680">
    <p class='ocr_par' dir='ltr' id='par_1_114' title="bbox 2470 5641 2663 5680">
     <span class='ocr_line' id='line_1_114' title="bbox 2470 5641 2663 5680; baseline -0.016 0"><span class='ocrx_word' id='word_1_771' title='bbox 2470 5641 2663 5680; x_wconf 65' lang='grc' dir='ltr'><strong>ᾎΠΠΟΒ.</strong></span> 
     </span>
    </p>
   </div>
   <div class='ocr_carea' id='block_1_115' title="bbox 2542 5692 2994 5766">
    <p class='ocr_par' dir='ltr' id='par_1_115' title="bbox 2542 5692 2994 5766">
     <span class='ocr_line' id='line_1_115' title="bbox 2542 5692 2994 5766; baseline -0.002 -21"><span class='ocrx_word' id='word_1_772' title='bbox 2542 5696 2649 5766; x_wconf 65' lang='lat' dir='ltr'><strong>US)</strong></span> <span class='ocrx_word' id='word_1_773' title='bbox 2689 5698 2845 5746; x_wconf 74' lang='lat' dir='ltr'><strong>Anno</strong></span> <span class='ocrx_word' id='word_1_774' title='bbox 2870 5692 2994 5745; x_wconf 68' lang='grc'><strong>541.</strong></span> 
     </span>
    </p>
   </div>
  </div>
