4154 6318
153 362 261 423 937

1451 353 1629 414 VITA
1664 352 1724 412 S.
1766 350 2086 412 CYRIACl.

3287 353 3391 418 938

228 468 387 521 Οῦτω
422 468 517 537 μὲν
537 461 638 520 ,οὖν
679 466 707 516 6
746 462 885 524 θεῖος
916 460 1212 531 Κυριακὸς,
1249 458 1343 515 καὶ
1392 460 1580 531 ὁμιλίᾳ
1614 478 1726 512 τοι-

1903 460 2125 512 Divinus
2151 458 2329 528 itaque
2353 458 2628 528 Cyriacus,
2652 473 2773 513 cum
2796 456 3108 531 hujusmodi
3132 460 3399 530 colloquio

153 560 302 630 αῦτῃ
352 560 447 611 καὶ
496 558 830 626 διηγήμασιν
888 555 1083 625 ἡδονῆς
1132 555 1231 624 τὴν
1291 553 1501 606 ἐκείνου
1551 554 1727 622 ψυχὴν

151 653 484 719 διαπλήσας,
523 650 797 703 ἀπέλυσεν
848 649 905 697 ὲν
954 648 1167 717 εἰρήνῃ.
1217 643 1436 714 Ἐπειδὴ
1475 644 1532 696 δὲ
1586 645 1614 696 ὃ
1670 659 1728 695 τε

150 743 267 795 τῶν
316 742 621 811 Ὠριγένους
655 742 834 811 νόμων
869 739 1099 810 ἀκριϐὴς
1132 736 1305 805 φύλαξ
1338 736 1603 805 αἰσχίστῳ
1635 734 1726 787 τέ-

154 834 243 884 )..ει
288 837 385 903 τὴν
415 824 592 902 ψυχὴν
632 829 907 903 ἀπέρρηξε
936 829 1158 893 Νὸννος,
1190 828 1224 898 ἥ
1275 844 1333 879 τε
1368 826 1521 896 ίσχὺς
1551 826 1731 877 αὐτῶν

157 922 355 975 ἅπασα
387 922 625 990 διελύθηο
660 922 749 972 καὶ
778 922 806 971 6
832 919 967 987 πρὸς
990 919 1115 980 τοὺς
1140 916 1456 987 ὁρθοδόξους
1480 914 1729 985 ἐλώφησε

159 1015 401 1083 πόλεμος
424 1031 438 1045 ο
474 1016 567 1067 καὶ
617 1014 739 1067 κατ’
764 1012 1008 1082 ἀλλήλων
1048 1010 1424 1083 [καταλλήλων
1450 1006 1505 1079 2]
1536 1009 1731 1060 ἐκεῖνοι

156 1108 265 1176 τὴν
294 1106 473 1176 μάχην
501 1109 597 1160 καὶ
627 1108 750 1167 τοὺς
778 1105 1061 1167 κινδύνους
1095 1104 1356 1172 ἐκίνησαν
1381 1118 1392 1130 ⁸
1426 1103 1517 1154 καὶ
1546 1098 1731 1152 πολλοὶ

156 1195 221 1247 ὲν
252 1197 329 1265 τῷ
359 1196 450 1248 τοῦ
483 1181 795 1265 Χαρίτωοος
827 1194 1119 1262 φοιτῶντες
1151 1192 1425 1261 σπηλαίῳ,
1478 1189 1576 1242 οὐκ
1619 1188 1731 1239 ὀλί-

157 1307 271 1359 γην
320 1290 399 1359 τῷ
444 1288 572 1358 θείῳ
619 1286 883 1357 Κυριακῷ
931 1289 1194 1356 παρεῖχον
1235 1284 1331 1354 τὴν
1363 1282 1607 1352 ὄχλησιν,
1635 1282 1733 1349 τὴν

161 1386 400 1454 ἡσυχίαν
445 1385 925 1454 ὲπιταράττοντες,
982 1383 1075 1435 ἐπὶ
1128 1386 1220 1434 τὸν
1276 1382 1555 1448 Σουσακὶμ
1615 1376 1732 1451 [τοῦ

162 1476 473 1544 Σουσακεὶμ
510 1476 534 1529 1
571 1478 653 1529 lu'c
683 1486 730 1529 et
778 1474 944 1546 infra]
986 1476 1258 1548 ἀναχωρεί
1310 1472 1496 1537 πάλιν,
1546 1471 1733 1522 ἔνατον

159 1570 268 1637 ἤδη
301 1573 393 1621 καὶ
420 1570 770 1639 ἐνενηκοστὸν
801 1569 913 1631 ἔτος
944 1568 1045 1638 τῆς
1079 1567 1295 1637 ἡλικίας
1326 1566 1522 1619 ἀνύων.
1560 1563 1734 1616 Ἐκεί-

159 1678 257 1713 νου
309 1663 405 1729 μὲν
436 1660 500 1731 δὴ
531 1660 717 1729 ὄγδοον
748 1664 805 1712 ἐν
846 1660 992 1729 αὐτῷ
1022 1658 1488 1728 διαμεμενηκότος
1518 1656 1730 1726 χρόνον,

161 1753 433 1821 λαμϐάνει
464 1754 543 1814 τίς
576 1769 705 1803 ποτε
739 1755 828 1802 τὸν
861 1752 1126 1818 Κύριλλον
1158 1751 1317 1811 πόθος
1355 1750 1453 1816 τῆς
1480 1749 1572 1800 τοῦ
1624 1748 1734 1799 Κῦ-

1837 560 1890 604 et
1924 552 2324 608 narrationibus
2377 553 2449 607 ita
2484 555 2627 609 illius
2661 555 2898 608 animam
2948 555 3222 626 voluptate
3252 571 3402 612 com-

1836 643 2058 711 plesset,
2106 644 2157 697 in
2210 659 2343 713 pace
2381 644 2604 699 dimisit.
2647 644 2876 710 Quando
2911 655 3116 710 autem,
3168 653 3221 700 et
3277 646 3397 716 ipse

1837 733 2016 803 legum
2058 734 2310 805 Origenis
2357 736 2586 806 diligens
2642 748 2848 802 custos,
2898 736 3149 803 Nonnus,
3200 739 3404 809 turpis-

1841 825 1981 878 simo
2013 826 2160 879 exitu
2197 826 2361 881 vitam
2410 828 2650 898 abrupit,
2690 828 2985 898 fractaeque
3034 829 3255 884 fuerunt
3286 846 3406 885 om-

1840 934 1939 973 nes
1997 933 2188 973 eorum
2238 922 2416 986 vires;
2470 930 2524 975 et
2586 923 2822 976 cessavit
2876 923 3078 978 bellum
3140 926 3404 982 adversus

1839 1011 2204 1078 orthodoxos;
2258 1020 2312 1065 et
2364 1012 2440 1066 illi
2497 1012 2636 1066 inter
2689 1027 2812 1067 sese
2866 1016 3049 1084 praelia
3106 1018 3321 1079 cierunt
3352 1034 3408 1077 et

1838 1104 2113 1171 pericula;
2172 1104 2438 1174 multique
2489 1105 2543 1158 in
2590 1104 2905 1162 Cbaritonis
2937 1110 3194 1176 spelaeum
3231 1114 3407 1168 venti-

1841 1204 2042 1259 tantes,
2109 1213 2216 1251 non
2278 1213 2503 1267 parvam
2567 1199 2753 1253 divino
2818 1201 3040 1271 Cyriaco
3102 1203 3405 1260 molestiam

1841 1288 2190 1354 exhibebant,
2245 1290 2365 1358 ejus
2416 1290 2694 1345 silentium
2748 1300 2802 1347 et
2861 1292 3096 1360 quietem
3151 1293 3409 1349 intertur-

1840 1379 2068 1444 bantes;
2121 1382 2188 1436 ad
2228 1379 2476 1435 Susacim
2515 1397 2730 1436 rursum
2765 1383 2971 1437 recedit
3016 1383 3126 1454 (20)
3161 1400 3284 1439 eum
3317 1402 3411 1442 no-

1841 1486 1970 1524 num
2017 1470 2127 1537 jam
2161 1479 2214 1525 et
2250 1472 2660 1542 nonagesimum
2694 1475 2869 1529 aetatis
2908 1490 3111 1529 annum
3144 1479 3408 1547 expleret.

1840 1560 1976 1616 Cum
2007 1571 2187 1617 autem
2221 1563 2307 1618 ille
2338 1574 2462 1618 octo
2498 1566 2550 1618 in
2587 1580 2653 1619 eo
2689 1566 2983 1622 mansisset
3011 1585 3203 1637 annos,
3239 1570 3411 1643 Cyril-

1842 1654 1953 1708 lum
2021 1654 2312 1724 aliquando
2371 1656 2601 1710 incessit
2656 1656 2984 1712 desiderium
3050 1662 3410 1723 conveniendi

1841 1746 2074 1818 Cyriaci.
2114 1749 2171 1801 ln
2205 1748 2410 1802 lauram
2442 1749 2620 1817 itaque
2651 1751 2806 1804 Sucze
2850 1753 3097 1815 veniens,
3132 1768 3197 1807 ac
3251 1754 3414 1823 hujus

166 1845 365 1912 ριακοῦ
428 1843 663 1911 ὁμιλίας.
727 1843 834 1894 Kal.
896 1845 976 1905 εἰς
1028 1842 1125 1913 τὴν
1171 1841 1378 1912 λαύραν
1433 1838 1603 1893 ἐλθὼν
1645 1837 1739 1891 τοῦ

1846 1839 2176 1908 discipulum
2242 1838 2508 1894 Joannem
2568 1856 2878 1906 assumens,
2948 1845 3109 1899 ambo
3168 1844 3412 1901 Susacim

160 1935 370 1992 Σουκᾶ,
408 1934 499 1984 καὶ
536 1934 624 1985 τὸν
657 1934 847 1985 τούτου
894 1934 1144 2003 μαθητὴν
1188 1933 1441 2002 Ἰωάννην
1495 1930 1740 2001 παραλαο

163 2024 304 2087 ὁὼν,
353 2027 444 2076 τὸν
496 2025 776 2095 Σουσακὶμ
822 2026 990 2095 ἄμφω
1034 2026 1591 2097 καταλαμϐάνουσιν·
1642 2026 1742 2075 οὐκ

1378 2118 1584 2190 λαύρας
1634 2120 1741 2171 ὰπ-

165 2212 394 2287 ἐχοντα.
444 2214 532 2276 Ὠς
566 2210 657 2267 οὖν
704 2215 932 2284 πλησίον
968 2216 1217 2281 ἐγένοντο
1243 2215 1365 2287 ήδη,
1399 2214 1534 2268 λέων
1560 2215 1743 2278 αὐτοῖς

167 2307 395 2375 μεγέθει
426 2309 679 2375 μέγιστος
711 2308 803 2359 καὶ
839 2308 1218 2378 φοϐερώτατος
1246 2303 1375 2363 ίδείν
1405 2310 1739 2381 ὑπαντήσας,

161 2118 409 2181 ἔλαττον,
455 2119 487 2187 ἢ
533 2121 857 2189 ἐνενήκοντα
908 2121 1150 2179 σταδίους
1203 2122 1304 2189 τῆς

160 2396 454 2465 διετάραξέ
507 2414 564 2448 τε
615 2396 705 2447 τὸν
760 2396 1049 2469 Κύριλλον,
1102 2397 1293 2467 ῶσπερ
1341 2401 1509 2463 εἰκὸς,
1540 2403 1633 2453 καὶ
1663 2402 1741 2462 εἰς

160 2485 289 2549 δέος
340 2487 616 2540 ἐνέϐαλεν.
670 2485 829 2539 Οὕτω
880 2489 1063 2540 τοίνυν
1109 2490 1137 2542 6
1193 2488 1443 2558 μαθητὴς
1485 2488 1741 2559 Ἰωάννης

165 2579 366 2647 ἔχοντα
395 2577 483 2629 τὸν
515 2577 685 2649 ἄνδρα
718 2576 861 2639 ἰδὼν,
896 2580 986 2650 Μὴ
1016 2578 1208 2645 δέδιθι,
1242 2580 1367 2649 ἔφη.
1396 2582 1503 2633 Καὶ
1527 2581 1557 2631 6
1586 2580 1767 2644 λέων,,

162 2670 244 2731 ὡς
274 2670 409 2737 πρὸς
440 2670 530 2721 τὸν
559 2668 712 2737 ἅγιον
742 2669 939 2731 αὐτοὺς
976 2671 1237 2731 ἀπιόντας
1270 2670 1433 2737 ἔγνω,
1468 2670 1652 2735 ὑπεῖξε
1682 2686 1740 2722 τε

162 2762 268 2827 τῆς
319 2760 439 2812 ὀδοῦ
488 2761 671 2823 εὐθὺς,
701 2761 796 2813 καὶ
822 2762 975 2813 αὐτοὶ
1006 2761 1195 2815 κακῶν
1244 2763 1475 2826 ἀλαθεὶς
1505 2763 1740 2834 διῆλθον.

163 2849 408 2912 Τούτους
453 2854 485 2919 η
526 2851 647 2918 ἱερά
684 2852 891 2920 κεφαλὴ
945 2853 1130 2923 ἐκείνη
1185 2852 1521 2924 θεασαμένη,
1573 2852 1743 2925 ὑπερ-

165 2948 316 3019 ήσθη
342 2964 401 3002 τε
429 2948 649 3013 αὐτίκα,
691 2948 785 3001 καὶ
815 2948 913 3016 ἡδὺ
948 2950 1143 3011 αὐτοὺς
1177 2951 1271 3003 καὶ
1302 2952 1507 3004 οἰκεῖον
1537 2950 1741 3017 ἰδοῦσα,

168 3041 559 3111 πρεσϐυτικῶς
607 3040 670 3094 εὖ
726 3042 870 3110 μάλα
911 3041 1000 3094 καὶ
1030 3042 1349 3110 χαριέντως,
1399 3042 1552 3107 Ἰδοὺ,
1583 3043 1740 3113 φησὶ,

168 3136 270 3188 καὶ
307 3137 333 3186 6
384 3132 839 3203 συγκοινοϐιώτης
890 3150 980 3201 μοι
1026 3132 1154 3204 [μου
1192 3131 1244 3203 1]
1278 3131 1559 3202 Κύριλλος.
1611 3131 1745 3187 Εἶτα

171 3225 494 3294 παραμίξας
546 3241 600 3277 τι
653 3227 745 3278 καὶ
796 3226 1016 3285 παιδιᾶς
1062 3228 1091 3278 ό
1133 3224 1382 3296 μαθητὴς
1448 3226 1739 3296 Ἰωάννης.

184 3320 352 3372 Ἀλλὰ
400 3319 606 3380 τοῦτον,
659 3314 833 3381 εἶπεν,
866 3320 894 3369 6
941 3318 1100 3384 λέων,
1135 3318 1337 3390 Πάτερ,
1376 3320 1568 3383 δεινῶς
1620 3320 1744 3394 ἑφό-

170 3411 338 3480 δησε,
384 3411 476 3464 καὶ
531 3410 701 3464 δειλὸν
756 3411 1006 3477 ἀπέδειξε
1059 3412 1329 3481 φανερῶς.
1372 3412 1438 3467 'H
1487 3414 1544 3472 δὲ
1589 3414 1747 3485 ἱλαρὰ

168 3505 324 3575 ψυχὴ
354 3504 534 3574 ἐκείνη
561 3525 573 3535 ·
607 3506 678 3558 Σὺ
713 3505 769 3559 δὲ
800 3506 937 3559 ἀλλὰ
973 3505 1046 3576 μὴ
1078 3506 1271 3573 φοϐοῦ,
1302 3502 1445 3570 εἷπε,
1474 3506 1689 3558 τέκνον·
1719 3509 1747 3558 6

169 3601 288 3668 γάρ
342 3598 481 3650 λέων
540 3590 695 3658 οὗτος
756 3595 990 3650 ἐνταῦθά
1046 3614 1138 3667 μοι
1207 3596 1514 3669 παραμένει
1572 3596 1748 3665 φύλαξ

170 3692 411 3762 ἀκριϐὴς
462 3692 569 3742 τῶν
615 3690 897 3757 λαχάνων·
936 3692 1029 3741 καὶ
1082 3690 1206 3742 οὔτε
1259 3691 1434 3760 θηρίῳ
1466 3693 1747 3761 εὶσφοιτᾷν

173 3784 457 3849 συγχωρεῖ
498 3781 694 3845 οὐδενὶ,
749 3780 869 3833 οὐδὲ
919 3782 1112 3849 ἀγρίου
1145 3784 1538 3856 αίγὸς-ἓφιδον,
1570 3780 1744 3856 οἶμαι,

168 3875 244 3925 στα
277 3874 487 3941 λάχανα
521 3872 708 3939 δέδιεν,
743 3874 1105 3943 ἐγρηγορὸτος
1128 3875 1221 3930 τοῦ
1255 3876 1515 3944 φύλακος.

254 3965 385 4019 Εἶτα
438 3967 609 4021 πολλὰ
643 3968 771 4039 περὶ
818 3966 925 4019 τῶν
958 3970 1098 4024 κατὰ
1127 3970 1225 4039 τὴν
1256 3970 1463 4041 ἔρημον
1491 3968 1750 4040 Πατέρων

169 4059 487 4126 διεξελθὼν,
522 4062 613 4113 καὶ
640 4060 815 4133 ταύτῃ
845 4061 1234 4136 διαναστήσας,
1268 4062 1360 4115 καὶ
1398 4064 1753 4134 κινητικώτα-

168 4171 295 4219 τον,
329 4146 439 4204 οἷον
471 4155 553 4213 εἰς
608 4153 831 4220 ἀρετὴν,
868 4155 1050 4214 αὐτοῖς
1086 4155 1263 4226 ἔρωτα
1294 4154 1574 4221 ἐμϐαλὼν,
1623 4158 1754 4226 τρά,

171 4245 354 4307 πεζαν
386 4241 771 4312 παρατίθησιν.
815 4242 1077 4296 Ἐνταῦθα
1108 4245 1135 4296 6
1166 4243 1302 4299 λέων
1337 4247 1648 4319 ἐφίσταται.
1692 4248 1750 4302 Ὀ

169 4333 232 4388 δὲ
265 4337 343 4402 τῲ
374 4337 547 4406 θηρίῳ
591 4340 691 4403 μὲν
731 4334 893 4407 ἄρτον
929 4352 989 4387 τε
1033 4338 1099 4407 τῇ
1133 4337 1278 4406 χειρὶ
1316 4337 1520 4408 ὀρέγει,
1555 4342 1648 4393 καὶ
1676 4343 1756 4402 εἰς

173 4426 432 4494 φυλακὴν
468 4429 656 4493 ἀφίησι
693 4427 802 4477 τῶν
828 4426 1097 4497 λαχάνων.
1135 4431 1274 4499 Πρὸς
1307 4431 1364 4483 δὲ
1394 4434 1517 4494 τοὺς
1548 4448 1753 4500 συγκα-

1843 1933 2191 2000 perveniunt,
2225 1933 2317 2003 qui
2365 1934 2518 1989 locus
2560 1950 2667 1989 non
2711 1937 2890 1989 minus
2923 1952 3085 2007 quam
3120 1937 3413 2009 nonaginta

1842 2025 2013 2078 stadia
2060 2025 2249 2079 aberat
2296 2041 2327 2079 a
2374 2025 2546 2081 laura.
2581 2027 2716 2082 Cum
2749 2038 2929 2082 autem
2966 2029 3321 2085 adventarent
3361 2041 3416 2085 et

1842 2132 2011 2188 prope
2045 2116 2152 2182 jam
2187 2127 2392 2182 essent,
2425 2118 2509 2173 leo
2556 2120 2687 2189 ipsis
2722 2121 3091 2189 magnitudine
3123 2123 3411 2185 maximus,

1846 2207 2073 2276 visuque
2133 2207 2585 2273 terribilissimus,
2620 2224 2939 2273 occurrens,
2998 2210 3278 2283 Cyrillum.
3354 2222 3414 2276 ut

1845 2308 2272 2353 consentaneum
2309 2310 2410 2364 est,
2444 2300 2811 2362 conturbavit.
2855 2312 2910 2358 ct
2940 2301 2997 2357 in
3032 2316 3236 2360 metum
3275 2288 3415 2359 con?

1840 2387 1991 2456 jecit.
2041 2387 2177 2443 Cum
2224 2390 2387 2457 igitur
2420 2390 2719 2458 discipulus
2754 2390 2998 2447 Joannes
3034 2393 3106 2447 ita
3154 2392 3413 2450 allectum

1847 2480 2023 2533 virum
2079 2480 2305 2535 vidisset
2364 2498 2377 2534 :
2428 2480 2507 2534 Ne
2552 2491 2756 2545 metue,
2814 2482 3009 2553 inquit.
3059 2483 3170 2539 Leo
3208 2497 3414 2546 autem.

1845 2579 1903 2625 ut
1941 2586 2037 2627 eos
2070 2573 2134 2627 ad
2168 2582 2415 2629 sanctum
2452 2587 2642 2631 euntes
2682 2576 2921 2646 agnovlt,
2958 2576 3040 2631 via
3090 2577 3252 2632 cessit
3289 2592 3418 2648 pro-

1846 2660 2015 2726 tinus,
2073 2671 2130 2716 et
2186 2663 2286 2732 ipsi
2326 2664 2592 2718 malorum
2650 2666 2921 2720 immunes
2956 2667 3413 2734 pertransierunt,

1844 2751 1956 2806 Hos
2008 2767 2132 2806 cum
2186 2768 2401 2807 sacrum
2453 2753 2585 2808 illud
2642 2767 2804 2825 caput
2848 2760 3169 2826 aspexisset,
3222 2773 3418 2832 supra-

1844 2842 2066 2897 modum
2107 2846 2289 2900 statim
2315 2846 2508 2917 gaudio
2537 2847 2838 2903 oblectatus
2863 2858 2963 2911 est,
2996 2865 3199 2920 eosque
3223 2850 3421 2907 blande

1845 2949 1909 2990 ac
1954 2936 2221 2991 benevole
2266 2938 2506 3000 intuens,
2557 2940 2802 2993 seniliter
2844 2940 2983 2995 bene
3019 2944 3175 3011 plane
3211 2960 3277 3000 ac
3331 2962 3423 2999 ve.

1845 3035 2026 3092 nuste,
2066 3026 2231 3093 Ecce,
2262 3028 2457 3098 inquit,
2500 3032 2881 3087 concaznobita
2916 3049 3066 3089 meus
3098 3035 3212 3110 (2|)
3242 3035 3431 3113 Cyril-

1847 3119 1951 3175 lus.
1994 3120 2201 3175 Deinde
2256 3122 2503 3179 nonnihil
2565 3137 2782 3194 quoque
2829 3125 2938 3195 joci
2977 3127 3287 3184 admiscens
3345 3129 3431 3183 dio

1847 3213 2089 3278 scipulus
2134 3212 2374 3267 Joannes
2414 3232 2428 3266 :
2470 3212 2574 3269 Sed
2605 3230 2750 3278 eum,
2785 3215 2980 3285 inquit,
3008 3217 3186 3286 Pater,
3221 3219 3416 3277 mirqu

1848 3302 1901 3356 in
1954 3301 2172 3355 modum
2208 3303 2293 3357 leo
2355 3305 2573 3368 terruit,
2618 3307 3014 3380 manifestoque
3064 3326 3265 3379 pavore
3298 3328 3421 3386 per-

1848 3394 2002 3448 culit.
2033 3392 2229 3449 Hilaris
2275 3403 2455 3449 autem
2488 3395 2577 3450 iHa
2600 3397 2781 3451 anima
2815 3414 2830 3451 :
2860 3400 2927 3451 At
2957 3407 3036 3465 tu,
3064 3396 3174 3455 noli
3208 3403 3421 3467 timere,

1850 3486 2044 3555 inquit,
2093 3488 2165 3541 mi
2199 3504 2213 3541 :
2246 3485 2336 3541 leo
2376 3489 2519 3542 enim
2562 3488 2663 3543 iste
2691 3489 2781 3544 hic
2808 3491 2937 3544 mibi
2964 3504 3164 3560 manet,
3193 3494 3425 3565 diligens

1849 3585 2034 3628 custos
2088 3576 2318 3638 olerum,
2355 3577 2446 3645 qui
2497 3577 2699 3630 nullam
2749 3578 2926 3633 feram
2979 3581 3185 3649 ingredi
3242 3585 3421 3640 sinit:

1852 3675 2183 3736 quapropter
2210 3682 2311 3724 nec
2340 3669 2567 3737 agrestis
2601 3683 2810 3738 capreae
2841 3670 3146 3741 incursum,
3178 3684 3235 3729 ut
3267 3685 3420 3748 puto,

1852 3756 2135 3812 timuerint
2161 3754 2331 3823 olera,
2365 3757 2470 3812 hoc
2497 3757 2754 3828 vigilante
2781 3762 3027 3820 custode.

1925 3958 2133 4015 Deinde
2183 3975 2307 4015 cum
2356 3960 2521 4018 multa
2577 3961 2646 4017 de
2687 3961 2956 4033 Patribus,
3001 3966 3090 4040 qui
3137 3968 3191 4021 in
3239 3984 3424 4025 eremo

1852 4053 2142 4123 degebant,
2192 4064 2487 4119 narrasset,
2534 4070 2599 4111 ac
2643 4056 2721 4110 sic
2751 4057 2831 4112 eis
2871 4059 3082 4115 animos
3113 4061 3419 4127 excitasset,

1855 4145 2316 4213 acerrimumque,
2368 4161 2494 4216 erga
2545 4148 2797 4204 virtutem
2853 4150 3125 4220 videlicet,
3177 4170 3422 4211 amorem

1856 4237 2197 4301 incussisset,
2243 4253 2487 4292 mensam
2539 4241 2783 4308 apponit.
2822 4240 2921 4296 Hic
2950 4243 3036 4297 leo
3076 4248 3418 4314 supervenit.

1856 4328 1947 4386 llle
2001 4341 2182 4386 autem
2238 4330 2425 4383 bestiae
2479 4345 2677 4400 panem
2734 4346 2900 4386 manu
2954 4333 3203 4405 porrigit,
3254 4346 3309 4392 et
3356 4323 3424 4398 ad

1859 4421 2066 4477 olerum
2104 4421 2410 4476 custodiam
2452 4423 2705 4478 remittit.
2756 4424 2835 4479 Ad
2889 4428 3277 4483 accumbentes
3325 4445 3421 4485 auo

169 4519 628 4588 τακεκλιμένους,
694 4516 925 4584 Ἀγαθὸν
982 4534 1067 4585 γε,
1118 4512 1162 4571 ὦ
1211 4520 1395 4583 τέκνα,
1455 4519 1599 4584 εἷπε,
1658 4523 1742 4574 τοῦ

1857 4523 1960 4566 tem
1994 4528 2008 4564 :
2039 4511 2243 4579 Habeo,
2297 4516 2396 4577 ait,
2445 4529 2478 4568 ο
2526 4513 2644 4578 lllii,
2699 4516 2901 4569 bonum
2948 4518 3063 4587 agri
3115 4520 3422 4581 custodem.

169 4608 357 4681 ἀγροῦ
388 4610 603 4680 φύλακα
633 4611 929 4680 κέκτημαι.
964 4610 1100 4664 Οῦτε
1123 4615 1232 4683 γὰρ
1263 4612 1464 4684 ἄρκτος
1492 4613 1749 4678 ἐνταῦθα,

171 4703 305 4759 οῦδὲ
343 4701 531 4777 θηρίον
562 4702 689 4757 ἄλλο
723 4720 796 4768 τι,
832 4702 947 4755 αλλ’
976 4703 1096 4757 οὐδὲ
1133 4704 1361 4775 λῃστὴς,
1392 4705 1511 4758 οὐδὲ
1543 4706 1753 4778 βάρϐα-

173 4810 276 4865 ρος
326 4795 443 4859 τοίς
487 4792 742 4860 παριοῦσι
791 4788 885 4845 τὸν
935 4794 1103 4863 ἀγρὸν
1137 4796 1462 4860 ἐπιτίθεται.
1516 4798 1752 4861 Κολάζει

173 4885 296 4954 γὰρ
327 4885 420 4935 καὶ
450 4879 530 4955 [in
558 4886 733 4937 codice
760 4886 795 4939 2
823 4885 1047 4939 deletum
1086 4897 1162 4940 est
1190 4885 1305 4959 καί]
1336 4888 1529 4952 αὐτοὺς
1565 4890 1751 4953 δεινῶς

174 4982 277 5033 καὶ
309 4977 600 5032 ἀπόλλυσιν
625 4980 651 5031 6
680 4977 837 5031 λέων.

257 5074 384 5137 Τοῖς
415 5073 514 5143 μὲν
546 5070 641 5127 οῦν
662 5072 791 5144 ὅλην
823 5072 952 5142 παρ’
980 5074 1127 5146 αὑτῷ
1155 5078 1370 5151 ἡμέραν
1399 5081 1750 5149 διαγαγοῦσι,

173 5166 280 5223 καὶ
329 5166 428 5233 τῆς
460 5165 811 5229 διδασκαλίας
848 5166 1065 5235 ἐκείνης
1113 5171 1208 5224 καὶ
1242 5170 1339 5240 τῆς
1381 5174 1754 5244 ἑκκεχυμένης

170 5262 236 5311 ἐν
269 5260 384 5321 τοῖς
434 5258 640 5327 χείλεσι
694 5257 861 5312 αὑτοῦ
909 5261 1131 5334 χάριτος
1173 5260 1574 5327 ἁπολαύσασιν,
1604 5265 1756 5319 εὐλο-

172 5351 309 5421 γίας
338 5365 395 5403 τε
419 5345 499 5411 είς
539 5350 637 5415 τὴν
668 5351 796 5421 ἑξῆς
825 5352 1168 5421 μεταδίδωσι,
1202 5356 1296 5407 καὶ
1330 5357 1386 5407 ἐν
1406 5354 1599 5426 ἐἰρήνῃ
1624 5357 1756 5407 ἁπο-

170 5444 322 5495 λύει.
360 5442 471 5496 Καὶ
498 5440 525 5491 6
556 5439 692 5494 λέων
727 5442 911 5509 ὑπείξέ
958 5462 1033 5512 τι,
1075 5447 1254 5508 αὐτοῖς
1295 5442 1475 5509 αὖθις,
1522 5448 1617 5497 καὶ
1651 5446 1756 5500 ὑπ-

172 5536 382 5589 έπεσεν
412 5535 647 5601 ἥκοντας
678 5533 936 5603 [ἥκοντας
975 5536 1033 5601 2,
1064 5538 1274 5591 εἴκουσι
1304 5537 1376 5610 1],
1416 5536 1507 5590 καὶ
1528 5537 1626 5605 τῆς
1665 5540 1757 5591 ἐπὶ

173 5628 249 5682 τά
284 5626 465 5677 οἰκεῖα
493 5625 772 5693 χαίροντες
798 5628 1027 5698 εἴχοντο.

260 5759 377 5833 (90)
412 5758 661 5816 Exeunte
692 5760 795 5815 546
823 5765 909 5819 vel
943 5766 1165 5825 ineunte
1190 5770 1311 5828 567.
1388 5738 1389 5741 Ἴ

505 5857 779 5917 ΡΑτιιοι..
828 5856 871 5917 G
885 5878 939 5919 ιι.
989 5863 1163 5929 CXV.

1852 4602 2040 4673 Neque
2070 4606 2216 4659 enim
2260 4604 2350 4659 hic
2380 4619 2560 4666 ursus,
2610 4619 2788 4676 neque
2838 4606 2942 4661 alia
2988 4609 3257 4679 quaepiam
3287 4610 3423 4679 fera,

1852 4698 1945 4750 sed
1982 4712 2160 4766 neque
2200 4697 2402 4765 praedo,
2450 4712 2628 4767 neque
2672 4699 2938 4755 barbarus
2989 4715 3084 4756 eos
3115 4703 3205 4773 qui
3237 4718 3423 4775 agrum

1853 4799 2233 4859 pertranseunt
2277 4790 2505 4848 invadit.
2563 4790 2687 4846 Illos
2742 4810 2975 4865 namque
3018 4797 3217 4853 acriter
3285 4800 3422 4856 ulci-

1854 4879 2024 4932 scitur
2050 4892 2113 4931 ac
2141 4878 2361 4947 perimit
2391 4879 2474 4934 leo
2507 4917 2523 4933 .

1926 5074 2061 5132 Cum
2098 5077 2264 5148 igitur
2296 5087 2469 5136 latum
2514 5080 2656 5150 apud
2684 5097 2810 5138 cum
2842 5083 2988 5141 diem
3017 5088 3424 5159 transegissent,

1856 5186 1921 5226 ac
1980 5173 2229 5229 doctrina
2280 5174 2369 5229 illa
2419 5182 2475 5228 et
2522 5174 2715 5231 diﬂ‘usa
2772 5178 2825 5233 in
2875 5180 2993 5251 ejus
3046 5180 3201 5235 labiis
3251 5185 3425 5251 gratia

1859 5265 2023 5320 fructi
2070 5278 2276 5329 essent,
2306 5266 2742 5327 benedictionem
2772 5270 3124 5342 imposterum
3160 5274 3421 5347 impertit,

1857 5373 1919 5411 ac
1955 5359 2006 5411 in
2039 5373 2171 5430 pace
2207 5358 2456 5415 dimittit.
2503 5359 2613 5415 Leo
2655 5372 2838 5419 autem
2882 5364 2963 5419 eis
3008 5380 3195 5421 rursus
3242 5369 3425 5431 cessit,

1858 5459 1911 5504 et
1937 5450 2212 5505 blanditus
2244 5461 2326 5505 est
2351 5468 2367 5517 ;
2397 5453 2583 5524 sicque
2614 5453 2684 5514 ad
2712 5455 2929 5525 propria
2956 5455 3064 5513 lati
3094 5468 3425 5515 remearunt.

1936 5781 2043 5851 (2|)
2093 5779 2329 5855 Cyrillus
2385 5779 2435 5835 in
2476 5788 2665 5837 eodem
2727 5799 2835 5855 quo
2868 5782 3125 5857 Cyriacus
3159 5793 3427 5847 manserat

3100 5876 3171 5940 30
