4154 6318
751 335 855 397 939

754 545 1100 604 permanens,
1144 542 1266 582 cum
1302 542 1496 594 aquam
1550 541 1613 579 ex
1667 524 1907 578 fontibus
1939 537 2046 574 non
2102 524 2325 575 haberet

754 635 896 696 (quo
945 637 1069 678 cum
1105 623 1221 692 ipse
1253 628 1521 681 uteretur,
1570 628 1680 670 tum
1715 617 1875 669 etiam
1906 615 2051 668 olera
2083 615 2321 684 rigaret),

751 730 873 773 eam
930 728 1050 782 qua:
1104 711 1157 763 in
1208 718 1486 779 petrarum
1543 704 1972 760 concavitatibus
2028 717 2322 771 congrega-

749 807 910 862 batur
941 803 1294 865 exhauriens,
1355 807 1542 854 aestate
1591 798 1679 850 illa
1726 798 1791 852 ad
1822 795 2103 851 meridiem
2134 794 2326 864 irriga-

758 899 874 962 bat,
946 912 1049 951 nec
1098 895 1332 964 amplius
1384 893 1533 946 sitire
1582 890 1813 944 sinebat.
1870 886 2143 957 Tempore
2180 886 2323 938 enim

753 989 1002 1044 autumni
1032 997 1326 1056 tempestas
1358 985 1475 1053 ipsa
1525 997 1588 1035 ea
1617 982 1746 1035 satis
1788 979 2115 1048 abundeque
2145 977 2325 1045 irriga-

752 1077 865 1130 οδε.
921 1076 1052 1129 Cum
1110 1082 1291 1128 autem
1350 1086 1544 1140 magna
1602 1069 1818 1124 siccitas
1883 1066 2173 1136 aliquando
2231 1078 2325 1135 per

753 1178 993 1222 aestatem
1034 1165 1373 1234 contigisset,
1423 1172 1474 1216 et
1509 1176 1628 1230 qua:
1659 1170 1788 1214 sunt
1821 1161 1874 1213 in
1910 1160 2075 1228 petris
2125 1173 2322 1212 conca-

749 1261 945 1312 vitates
993 1270 1062 1310 ne
1106 1256 1387 1325 vestigium
1423 1254 1638 1322 quidem
1695 1253 1957 1305 baberent
1988 1265 2161 1319 aquae,
2207 1249 2320 1314 ille,

749 1350 924 1404 oculis
972 1347 1026 1401 in
1077 1345 1275 1400 malum
1330 1345 1578 1405 sublatis,
1615 1343 1803 1410 petita
1849 1340 1958 1395 Deo
2012 1357 2224 1410 aquam.
2262 1341 2326 1394 Et

751 1454 876 1494 ecce
925 1439 1204 1508 repentina
1247 1436 1489 1503 quaedam
1515 1435 1686 1487 nubes
1713 1448 1873 1502 super
1910 1435 2325 1502 caputcondeno

749 1539 867 1586 sata
925 1532 1106 1598 erupit
1139 1529 1191 1580 in
1223 1527 1481 1596 pluviam,
1515 1525 1740 1594 ejusque
1783 1525 2001 1596 hydrias
2048 1532 2100 1577 et
2143 1533 2323 1593 petra-

753 1635 876 1675 rum
917 1633 1156 1674 concava
1205 1619 1387 1672 omnia
1438 1617 1684 1686 implevit
1743 1633 1758 1671 :
1816 1631 1992 1683 eaque
2046 1625 2102 1668 et
2150 1615 2320 1666 sancti

753 1710 900 1774 usui,
935 1720 990 1762 et
1023 1709 1230 1762 olerum
1277 1707 1578 1777 irrigatioui
1626 1705 1723 1758 diu
1785 1703 2124 1770 multumque
2158 1701 2323 1754 ευσε-

1976 329 2256 388 MENSIS
2299 329 2770 389 SEPTEMBER.

824 443 1058 496 Sanctus
1097 442 1278 494 autem
1331 437 1418 491 hic
1466 435 1727 507 Cyriacus
1775 433 1951 487 adhuc
1984 436 2036 486 in
2072 434 2317 489 StlSttcim
2346 439 2391 496 Α

2500 433 2556 486 Ὀ
2592 435 2648 487 δὲ
2683 435 2840 501 ἅγιος
2905 425 3061 495 οὗτος
3113 433 3392 504 Κυριακδς
3451 435 3526 504 τῷ
3585 437 3874 504 Σουσακὶμ
3922 443 3988 489 ἐτι

2427 524 2782 593 παραμένων,
2812 523 3002 592 ἐπειδὴ
3037 521 3183 592 ὕδωρ
3209 523 3357 591 αὐτῷ
3388 525 3450 576 ἐκ
3480 526 3674 594 πηγῶν
3726 527 3790 578 οὐ
3824 529 3990 595 παρῆν

2427 613 2586 680 (ὥστε
2618 615 2754 683 ὁμοῦ
2800 614 2901 680 μὲν
2940 614 3103 667 αὑτὸν
3134 613 3389 683 χρῆσθαι,
3422 616 3561 684 ὁμοῦ
3587 617 3645 670 δὲ
3679 618 3777 670 καὶ
3815 620 3880 670 τὰ
3911 620 3992 670 λά-

2425 721 2564 772 χανα
2609 705 2839 774 ἄρδειν).
2879 707 2939 758 τὸ
2985 707 3042 758 ἐν
3077 709 3189 768 τοῖς
3239 709 3350 759 τῶν
3397 707 3615 776 πετρῶν
3661 709 3991 778 κοιλώμασιν

2425 795 2894 864 ὲπισυναγόμενον
2925 796 3213 858 ἐξαντλῶν,
3271 798 3492 860 ἑπότιζέ
3526 815 3584 850 τε
3618 799 3820 868 θέρους
3869 803 3992 854 αὐτὰ

2425 887 2568 938 κατὰ
2600 886 2972 955 μεσημϐρίαν,
3010 890 3103 940 καὶ
3133 889 3318 940 οὐκέτι
3349 888 3510 959 διψᾷν
3538 891 3866 960 συνεχώρει.
3901 892 3992 943 Τὸν

2423 981 2532 1046 γὰρ
2565 979 2689 1048 περὶ
2718 979 2777 1029 τὸ
2811 979 3133 1048 μετόπωρον
3174 982 3386 1048 χρόνον,
3416 977 3580 1050 ἦρδεν
3609 982 3755 1034 αὐτὰ
3806 985 3994 1044 ἱκανῶς

2425 1072 2456 1138 ὴ
2485 1068 2624 1139 ὥρα.
2662 1068 2886 1137 Ᾱὺχμοῦ
2914 1069 2970 1121 δέ
3004 1085 3131 1120 ποτε
3165 1072 3306 1122 κατὰ
3349 1071 3503 1140 θέρος
3535 1071 3732 1124 πολλοῦ
3781 1076 3995 1139 γεγονό-

2423 1178 2537 1223 τος,
2593 1163 2686 1213 xal.
2738 1160 2920 1212 αὐτῶν
2965 1160 3074 1212 τῶν
3115 1163 3170 1212 ἐν
3201 1163 3321 1224 ταῖς
3365 1163 3593 1231 πέτραις
3642 1167 4000 1233 κοιλωμάτων

2423 1255 2542 1306 οὐδὲ
2595 1255 2739 1322 ἴχνος
2779 1257 3013 1323 ἑχόντων
3066 1254 3277 1318 ὓδατος,
3307 1256 3374 1307 τὰ
3418 1256 3644 1324 ὄμματα
3679 1259 3896 1317 ἐκεῖνος
3928 1257 3997 1315 εἰς

2423 1344 2685 1412 οὐρανοὺς
2715 1343 2988 1411 ἀνασχὼν,
3027 1345 3170 1396 αίτεῖ
3216 1347 3368 1414 παρὰ
3399 1347 3492 1398 τοῦ
3525 1346 3658 1398 Θεοῦ
3696 1347 3865 1414 ὕδωρ.
3899 1349 4000 1398 Καὶ

2425 1430 2620 1497 ἁθρόον
2651 1447 2702 1480 τι
2733 1431 2890 1496 νέφος
2921 1431 3060 1499 ὑπὲρ
3094 1432 3339 1501 κεφαλῆς
3386 1435 3678 1503 παχυνθὲν,
3713 1439 3796 1500 εἰς
3853 1438 4001 1488 ὑετὸν

2425 1521 2635 1591 ἐρράγη
2661 1535 2675 1550 ⁸
2722 1521 2944 1582 καὶτὰς
2997 1521 3184 1591 ὑδρίας
3223 1523 3411 1587 αὑτοῦ,
3449 1526 3542 1577 καὶ
3572 1527 3640 1577 τὰ
3687 1528 3849 1580 κοῖλα
3901 1531 4002 1580 τῶν

2428 1613 2644 1680 πετρῶν
2666 1611 2952 1680 ἐπλήρωσε
2983 1613 3182 1682 παντν
3208 1615 3302 1665 καὶ
3332 1617 3395 1682 τῇ
3430 1631 3486 1665 τε
3513 1615 3604 1667 τοῦ
3636 1619 3788 1670 ὁσίου
3819 1626 3999 1690 χρείᾳ,

2424 1705 2489 1774 τῇ
2552 1720 2609 1755 τε
2647 1702 2757 1756 τῶν
2810 1705 3057 1774 λαχάνων
3114 1705 3325 1776 ἀρδείᾳ,
3376 1707 3536 1774 μέχρι
3595 1709 3799 1762 πολλοῦ
3851 1713 4004 1766 τοῦτο

753 1804 851 1857 cit.
877 1803 980 1855 Hic
1023 1802 1153 1855 illud
1212 1801 1342 1854 mihi
1390 1801 1539 1852 venit
1599 1798 1652 1851 in
1697 1807 1959 1862 mentem,
2011 1796 2176 1865 quod,
2223 1795 2322 1848 etsi

2431 1799 2760 1868 ἐπήρκεσεν.
2808 1799 3016 1852 Ἐκεῖνο
3054 1799 3108 1852 δέ
3151 1817 3218 1867 με
3251 1797 3326 1871 [in
3379 1803 3549 1854 codice
3593 1802 3625 1854 2
3669 1805 3903 1859 deletam
3935 1822 4004 1862 est

752 1895 1055 1949 narrationi
1083 1893 1149 1948 de
1181 1900 1372 1946 sancto
1417 1906 1525 1944 non
1563 1891 1822 1952 cohreret,
1855 1903 1963 1941 non
1989 1887 2323 1941 mediocrem

752 1993 964 2048 tamen,
998 1984 1044 2037 si
1069 1982 1303 2045 dicatur,
1336 1980 1526 2034 aﬂeret
1556 1979 1865 2033 utilitatem.

831 2175 889 2231 In
919 2175 1272 2232 solitudinem
1309 2175 1601 2246 aliquando
1644 2175 1883 2230 venienti
1943 2175 2103 2245 hujus
2151 2177 2326 2232 sancti

759 2263 1052 2334 discipulo,
1093 2280 1200 2317 una
1231 2280 1354 2319 cum
1387 2260 1768 2332 condiscipulo
1811 2263 2134 2329 I’aramono,
2166 2279 2329 2332 appa—

756 2364 842 2408 ret
879 2355 1021 2409 circa
1049 2356 1283 2425 myricas
1310 2364 1575 2424 agrestes,
1601 2364 1752 2407 stans
1782 2353 2053 2423 quoddam
2084 2354 2323 2408 hominis

755 2445 960 2500 idolon.
1017 2445 1125 2513 llli,
1195 2447 1246 2500 id
1287 2445 1430 2515 quod
1480 2446 1807 2500 cernebatur
1849 2461 1915 2500 ex
1987 2446 2329 2500 anachoretis

758 2552 926 2590 unum
979 2553 1098 2592 esse
1145 2539 1522 2591 existimantes
1570 2536 1746 2606 (multi
1779 2536 1924 2589 enim
1968 2536 2023 2589 id
2070 2537 2329 2605 temporis

756 2627 1102 2682 solitudinem
1151 2627 1290 2680 hanc
1331 2626 1692 2695 habitabant),
1728 2626 1795 2680 ad
1824 2642 1947 2680 eum
1989 2628 2169 2680 statim
2202 2633 2329 2679 sunt

762 2718 1035 2773 conversi.
1077 2717 1324 2787 Cumque
1372 2719 1481 2787 jam
1531 2734 1698 2788 prope
1757 2718 2032 2780 adessent,
2095 2726 2151 2770 et
2199 2732 2329 2770 nus-

763 2825 928 2880 quam
967 2818 1114 2863 esset
1159 2811 1304 2879 quod
1350 2819 1700 2879 apparuerat,
1738 2809 1811 2861 illi
1867 2816 2076 2871 contra,
2130 2807 2330 2860 malum

758 2901 1087 2956 arbitrantes
1113 2917 1235 2956 esse
1269 2901 1546 2971 Spiritum,
1605 2901 1885 2972 apprecati
1917 2911 2079 2964 sunt,
2123 2909 2175 2954 et
2209 2915 2331 2970 pre-

759 2994 984 3054 cationi,
1007 2992 1203 3055 Amen,
1227 2992 1643 3063 subjungentes,
1678 2995 1784 3048 huc
1813 3003 1867 3048 et
1899 2993 2027 3046 illuc
2056 3002 2328 3062 spectant,

761 3093 816 3135 et
853 3082 1111 3150 spelaeum
1149 3083 1419 3151 quoddam
1452 3084 1582 3153 ipsis
1632 3085 2051 3136 subterraneum
2085 3090 2326 3153 apparet.

758 3170 914 3237 Quod
979 3171 1196 3242 signum
1262 3151 1791 3225 rursus-dexterum
1867 3151 2202 3240 judicantes,
2275 3176 2329 3222 et

757 3264 1045 3331 quemdam
1074 3263 1166 3314 Dei
1221 3277 1439 3315 servum
1498 3275 1641 3325 esse,
1691 3275 1814 3315 eum
1848 3261 1937 3330 qui
1979 3271 2326 3330 apparuerat,

759 3369 823 3407 ac
859 3354 912 3406 in
951 3352 1082 3406 illud
1121 3365 1179 3406 se
1224 3352 1554 3416 occuluisse,
1602 3361 1765 3419 atque
1807 3351 1862 3404 in
1899 3364 1963 3403 eo
2009 3352 2328 3404 delitescere

760 3455 1040 3517 putantes,
1075 3455 1267 3515 rogant
1294 3454 1352 3496 ut
1395 3443 1833 3496 benedictionem
1871 3441 2005 3511 ipsis
2054 3442 2330 3509 impertiat

760 3544 813 3587 et
839 3548 1051 3603 pacem.

837 3622 1082 3678 Tandem
1129 3624 1424 3695 aliquando
1492 3638 1594 3677 vox
1654 3620 1982 3676 intrinsecus
2029 3621 2211 3676 sonuit
2265 3637 2328 3676 ex

760 3716 979 3788 spelaeo,
1047 3715 1235 3768 dicens
1307 3731 1320 3767 :
1367 3713 1506 3779 Quid
1558 3730 1644 3768 me
1694 3715 1896 3770 vultis?
1959 3731 2077 3769 sum
2126 3718 2328 3770 etenim

759 3809 986 3862 lemina.
1027 3805 1153 3870 Sed,
1200 3804 1317 3872 Quo
1345 3805 1793 3875 proﬁciscimini?
1839 3808 2066 3877 rogavit.
2093 3809 2172 3862 Ad
2200 3822 2330 3862 ana-

762 3900 1070 3963 choretam,
1103 3900 1377 3968 inquiunt,
1419 3898 1725 3970 Cyriacum.
1768 3902 1873 3952 Sed
1907 3902 1993 3953 dic
2022 3905 2203 3966 nobis,
2240 3905 2330 3972 qui

763 4006 981 4055 vocere,
1031 4002 1082 4043 et
1110 4007 1214 4060 qua
1243 3994 1449 4045 ratione
1484 3993 1575 4045 hic
1624 4007 1706 4053 es,
1753 4000 1806 4044 et
1847 3993 2198 4062 quamobrem
2228 3995 2333 4048 huc

763 4082 1082 4136 accessiSti?
1136 4081 1225 4134 illa
1259 4095 1408 4144 vero,
1458 4082 1614 4137 Nunc
1648 4084 1867 4152 quidem
1917 4085 2084 4150 abite,
2124 4085 2331 4155 inquit;

761 4173 1124 4228 redeuntibus
1171 4173 1351 4226 autem
1409 4184 1618 4237 rurSus,
1671 4175 1871 4227 dicam.
1918 4176 2052 4229 Cum
2091 4191 2217 4246 ergo
2259 4178 2332 4231 illi

768 4267 1072 4334 impensius
1133 4264 1422 4330 instarent,
1477 4273 1530 4319 et
1582 4279 1650 4319 ne
1695 4266 1962 4320 tantillum
2019 4269 2237 4337 quidem
2276 4284 2334 4322 se

765 4357 1118 4411 abscessuros
1149 4357 1416 4420 dicerent,
1470 4358 1531 4416 ni
1587 4358 1736 4426 prius
1775 4373 1892 4427 quae
1933 4359 2145 4413 beatam
2188 4359 2330 4412 illam

2429 1889 2522 1960 με]
2562 1889 3124 1963 γενόμενονιὲνταῡθα
3160 1893 3493 1961 εἰσέρχεται,
3524 1895 3662 1966 ὅπερ
3693 1899 3743 1950 si
3781 1901 3879 1951 καὶ
3933 1907 4002 1972 μὴ

2424 1985 2520 2051 τῆς
2573 1984 2669 2036 τοῦ
2723 1983 2879 2052 ἁγίου
2920 1985 3098 2053 ἔχεται
3142 1986 3623 2056 διηγήσεως,ιάλλ’
3659 1991 3719 2043 οὐ
3776 1995 4005 2062 μετρίαν

2425 2077 2563 2127 οἴσει
2593 2075 2783 2146 λεχθὲν
2815 2075 2910 2129 καὶ
2937 2077 3068 2130 αὐτὸ
3102 2078 3200 2146 τὴν
3228 2077 3516 2144 ὠφέλειαν.

2501 2169 2759 2239 Παριόντι
2795 2171 2938 2221 κατὰ
2984 2169 3083 2239 τὴν
3133 2170 3341 2238 ἔρημον
3372 2172 3449 2242 τῷ
3482 2176 3702 2248 μαθητῇ
3736 2196 3871 2232 ποτε
3917 2177 4004 2232 τοῦ

2429 2265 2585 2330 ἁγίου
2634 2265 2826 2316 τούτου
2867 2263 3004 2332 μετὰ
3044 2262 3160 2333 [καὶ
3184 2263 3239 2333 2]
3267 2263 3358 2316 τοῦ
3397 2273 3770 2338 συμφοιτητοῦ
3825 2274 4005 2342 napa-

2433 2358 2616 2426 μόνου.
2670 2355 3019 2424 ἐπιφαίνεταί
3066 2373 3115 2408 τι
3169 2357 3299 2425 περὶ
3333 2358 3537 2429 μυρίκῃ
3590 2362 3762 2431 ἀγρίᾳ
3812 2363 4004 2426 ἑστὼς,

2428 2447 2715 2516 ἀνθρώπου
2748 2447 2982 2500 εἴδωλον.
3021 2447 3082 2499 Oi
3117 2447 3193 2509 δὲ,
3224 2448 3333 2498 τῶν
3369 2450 3741 2518 ἀναχωρητῶν
3773 2451 4006 2523 [hoqu

2431 2539 2596 2607 ριτῶν
2634 2536 2684 2609 1]
2735 2538 2829 2589 ἕνα
2858 2538 2918 2589 τὸ
2965 2542 3290 2607 φαινόμενον
3329 2541 3605 2608 οἰηθέντες
3649 2543 3859 2608 (πολλοὶ
3903 2549 4005 2613 γὰρ

2427 2630 2526 2699 τὴν
2560 2629 2766 2698 ἔρημον
2797 2630 3000 2698 ταύτην
3033 2629 3093 2679 τὸ
3126 2631 3426 2699 τηνικαῦτα
3449 2631 3650 2700 ᾤκουν)
3683 2636 3826 2703 πρὸς
3852 2637 4005 2691 αὐτὸν

2430 2721 2632 2781 εὑῡέως
2664 2722 2986 2788 ἐτράποντο.
3033 2722 3185 2773 Ἐπεὶ
3235 2711 3290 2774 δὲ
3343 2723 3570 2792 πλησίον
3602 2720 3744 2798 ἦσαν
3779 2729 3882 2799 ἠδη
3920 2730 4005 2782 καὶ

2429 2812 2489 2864 τὸ
2522 2813 2688 2880 φανὲν
2719 2812 2980 2882 οὐδαμοῦ,
3014 2813 3252 2884 ἔμπαλιν
3280 2817 3481 2869 ἐκεῖνοι
3512 2823 3754 2886 πονηρὲν
3792 2821 4005 2889 πνεῦμα

2430 2905 2751 2977 νομίσαντες
2789 2903 2930 2958 εἶναι
2959 2944 2973 2969 ,
3014 2908 3392 2978 προσηύξαντο
3421 2924 3434 2938 ο
3491 2911 3586 2961 καὶ
3636 2915 3702 2979 τῇ
3744 2914 3880 2979 εὐχῇ
3927 2917 4005 2980 τὸ,

2443 2999 2634 3070 Ἀμὴν,
2677 3003 3016 3065 ὲπειπόντες,
3045 3004 3213 3072 ὁρῶσι
3252 3007 3377 3072 τῇδε
3414 3007 3642 3057 κάκεῖσε
3675 3022 3688 3036 ·
3746 3008 3841 3056 καὶ
3880 3011 4007 3071 σπή-

2355 3130 2399 3190 c
2433 3095 2584 3148 λαιόν
2635 3112 2687 3147 τι
2741 3098 2924 3157 αὐτοῖς
2974 3097 3221 3164 ὑπόγεων
3272 3097 3654 3164 ὑποφαίνεται.
3687 3097 3874 3167 Ὅπερ
3918 3114 4008 3166 ar,-

2438 3190 2589 3257 μεῖον
2641 3186 2796 3250 αὖθις
2847 3189 3138 3256 κρίναντες
3169 3188 3359 3254 δεξιὸν,
3396 3189 3489 3242 καί
3530 3206 3654 3242 τινα
3701 3189 3894 3243 δοῦλον
3923 3191 4008 3243 τοῦ

2433 3281 2569 3333 Θεοῦ
2616 3281 2705 3333 τὸν
2753 3282 2989 3352 φανέντα
3040 3278 3202 3345 εἶναι,
3251 3284 3345 3337 καὶ
3390 3284 3470 3348 είς
3518 3284 3652 3337 αὐτὸ
3714 3284 4008 3338 καταδῦναι

2437 3375 2823 3437 ὑπολαϐόντες,
2857 3375 3107 3442 εὐλογίας
3144 3378 3327 3438 αὐτοῖς
3359 3378 3684 3447 μεταδοῦναι
3716 3380 3814 3431 καὶ
3869 3380 4011 3448 5291';-

2436 3478 2531 3530 νης
2549 3459 2770 3534 Δἠξίουν.

2517 3617 2646 3688 Ὀψὲ
2697 3616 2827 3685 γοῦν
2876 3635 3003 3671 ποτε
3061 3617 3215 3690 φωνὴ
3274 3617 3487 3672 ἔνδοθεν
3557 3619 3818 3690 ὑπηχήθη
3854 3619 4012 3692 [ἀξίη-

2435 3712 2574 3782 χήοη
2606 3709 2657 3783 1]
2703 3714 2766 3764 ὲκ
2806 3711 2898 3762 τοῦ
2933 3712 3198 3780 σπηλαίου
3223 3726 3236 3741 ⁸
3271 3715 3334 3764 Τί
3384 3711 3564 3765 θέλετε
3596 3713 3692 3765 ἀπ’
3717 3712 3898 3783 ἐμοῦ,
3934 3714 4012 3766 λέ-

2435 3785 2629 3869 γουσα,
2689 3803 2825 3870 γυνὴ
2883 3802 2991 3870 γάρ
3045 3804 3183 3872 εἰμι.
3235 3803 3436 3867 Ἀλλὰ,
3491 3803 3600 3858 Ποῦ
3664 3806 4010 3874 πορεύεσθε;

2437 3895 2622 3964 ἤρετο.
2657 3897 2720 3949 Oi
2747 3897 2822 3960 δὲ,
2857 3897 2998 3966 Πρὸς
3029 3897 3120 3948 τὸν
3151 3899 3528 3970 ἀναχωρητὴν,
3549 3901 3783 3969 ἔφησαν,
3817 3903 4012 3969 Κυρια-

2439 3987 2555 4039 κόν.
2603 3986 2740 4038 Ἀλλ’
2772 3988 2892 4038 εἰπὲ
2925 3990 3074 4055 ἡμῖν,
3111 3989 3233 4059 ἥτις
3264 3992 3426 4058 καλῇ,
3472 3994 3563 4042 καὶ
3595 3992 3741 4052 ὅπως
3780 3991 4011 4044 ἐνταῦθα

2438 4073 2530 4142 εἷ,
2581 4077 2674 4130 καὶ
2725 4078 2809 4146 ἐφ’
2847 4071 2891 4146 ᾧ
2923 4086 3328 4151 παραγέγονας.
3394 4080 3455 4132 Ἠ
3479 4081 3554 4140 δὲ,
3615 4083 3730 4133 Νὖν
3769 4087 3870 4150 μὲν
3919 4084 4013 4134 ὑπ-

2441 4171 2621 4240 άγετε,
2652 4172 2757 4243 ἔφη
2781 4175 3149 4242 ’ἐπανήκουσι
3180 4173 3236 4224 δὲ
3267 4170 3444 4234 αὖθις,
3475 4171 3605 4241 ἐρῶ.
3651 4172 3737 4233 Ὠς
3770 4169 3863 4224 οὖν
3919 4176 4014 4224 ιπ-

2441 4264 2650 4315 ἐκειντο
2689 4266 2849 4317 πλέον
2879 4261 3044 4327 οὗτοι,
3073 4266 3166 4318 καὶ
3195 4266 3372 4320 οὐκέτι
3396 4263 3518 4338 [οὐκ
3539 4263 3621 4316 ἔτι
3650 4260 3705 4336 1]
3731 4263 3856 4315 οὐδὲ
3884 4266 4014 4316 ἁπο-

2442 4353 2739 4425 στήσεσθαι
2769 4355 2967 4427 μικρὸν
3007 4355 3192 4422 ελεγον
3228 4355 3303 4428 μὴ
3337 4357 3604 4427 πρότερον
3635 4356 3705 4408 τὰ
3736 4355 3880 4408 κατὰ
3920 4356 4014 4422 τήν

767 4447 1108 4517 spectabant,
1161 4449 1469 4502 audiisscnt
1519 4451 1773 4505 :Nomen
1807 4451 2024 4520 quidem
2071 4455 2202 4507 mihi
2251 4463 2330 4507 est

2442 4447 2721 4516 μακαρίαν
2751 4448 2966 4518 ἐκείνην
3006 4448 3358 4515 ἀκούσαντες,
3394 4451 3600 4517 Ὀνομα
3635 4450 3734 4518 μὲν
3765 4448 3876 4516 ἐγὼ
3906 4447 4015 4501 M1-

770 4537 959 4602 Maria,
993 4539 1204 4606 inquit;
1237 4554 1360 4593 cum
1385 4548 1569 4595 autem
1615 4557 1792 4595 essem
1837 4543 2080 4611 psaltria,
2109 4545 2222 4596 scio
2251 4560 2335 4598 me

768 4629 956 4682 multis
994 4629 1237 4683 scandali
1291 4631 1633 4682 occasionem
1684 4632 2000 4699 praebuisse.
2039 4634 2202 4686 Deum
2240 4635 2339 4685 ita-

770 4735 878 4790 que
927 4720 1133 4790 rogavi,
1174 4735 1408 4789 eumque
1462 4722 1786 4791 suppliciter
1849 4725 2152 4791 obsecravi,
2205 4736 2264 4780 ut
2313 4743 2342 4781 a

775 4813 900 4868 mali
951 4814 1158 4882 laqueis
1219 4813 1498 4868 liberarer.
1563 4815 1874 4885 Aliquando
1941 4829 2121 4872 autem
2184 4821 2344 4873 corde

771 4905 1024 4969 contrita,
1093 4917 1145 4959 et
1225 4908 1404 4959 anima
1462 4908 1648 4962 divino
1732 4910 1855 4978 igne
1915 4925 2197 4975 succensa,
2283 4913 2336 4964 in

774 5007 1019 5051 sanctum
1076 4996 1223 5050 Siloe
1271 4999 1580 5054 descendi:
1626 5017 1858 5071 cumque
1905 5002 2007 5056 hoc
2071 5020 2164 5058 vas
2202 5020 2340 5072 aqua

775 5087 1094 5155 implessem
1129 5087 1295 5156 (quod
1343 5089 1486 5157 apud
1533 5104 1619 5143 me
1649 5091 1828 5145 adhuc
1871 5097 2098 5160 manet),
2143 5093 2341 5161 lupinis

776 5181 831 5231 in
869 5188 1054 5246 sporta
1102 5181 1369 5249 acceptis,
1399 5180 1506 5233 huc
1550 5184 1779 5236 accessi.
1815 5182 1962 5236 Nihil
2007 5194 2189 5236 autem
2240 5187 2341 5236 ho-

777 5284 898 5321 rum
953 5284 1124 5337 usque
1177 5271 1230 5323 in
1281 5272 1608 5326 hodiernum
1667 5273 1808 5326 diem
1862 5284 1942 5327 est
1991 5275 2340 5330 diminutum.

780 5356 888 5410 Sed
918 5372 1093 5427 neque
1123 5375 1184 5413 cs
1245 5360 1336 5414 illo
1378 5370 1622 5429 tempore
1661 5360 1933 5413 hominem
1970 5361 2077 5416 vidi
2117 5378 2130 5415 :
2162 5377 2336 5432 neque

2438 4538 2549 4606 ρία⁶
2594 4539 2862 4606 γενομένη
2890 4540 2946 4591 δὲ
2975 4539 3237 4608 ψάλτρια,
3265 4542 3391 4606 ἔφη.
3435 4539 3648 4601 πολλοῖς
3693 4537 3813 4590 οἶδα
3861 4555 4012 4589 σκαν-

2436 4627 2594 4678 δάλου
2647 4628 2920 4695 πρόφασιν
2963 4627 3344 4697 παρασχοῦσα.
3387 4627 3646 4698 Ἐδεόμην
3703 4627 3889 4679 τοίνυν
3923 4628 4011 4678 τοῦ

2439 4717 2596 4782 Θεοῦ,
2635 4722 2727 4769 καὶ
2759 4718 3002 4770 ἱκέτευον
3029 4721 3211 4781 αὑτὸν,
3261 4717 3526 4787 ῥυσοῆναί
3565 4735 3630 4788 με
3659 4717 3768 4769 τῶν
3797 4717 3891 4769 τοὺ
3922 4733 4014 4767 πο·

2442 4813 2609 4881 νηροῦ
2642 4813 2904 4881 παγίδων.
2943 4815 3047 4868 Καί
3080 4831 3208 4868 ποτε
3245 4816 3342 4883 τὴν
3374 4814 3601 4884 καρδίαν
3633 4812 4007 4883 συντριὸεἴαα,

2445 4907 2539 4958 καὶ
2571 4908 2701 4975 πυρὶ
2735 4908 2864 4976 Θείῳ
2915 4908 3012 4976 τὴν
3059 4906 3237 4977 ψυχὴν
3271 4905 3760 4976 διαθερμανῦεῖσα,
3797 4907 3873 4965 si,
3926 4909 4014 4952 τὸν

2445 4998 2601 5064 ἅγιον
2629 4999 2849 5067 Σιλωὰμ
2897 5000 3163 5069 κατῆλθον
3187 5015 3199 5027 ·
3249 5000 3340 5051 καὶ
3370 4999 3429 5050 τὸ
3472 4997 3664 5057 σκεῦος
3691 4995 3854 5049 τοῦτο
3887 4997 4017 5062 πλήο

2445 5107 2585 5143 σασα
2638 5090 2828 5154 ὓδατος
2883 5092 2930 5163 (ὅ
2967 5091 3097 5162 παρ’
3129 5094 3254 5161 ἐμοὶ
3305 5094 3395 5144 καὶ
3446 5093 3524 5152 εἰς
3559 5089 3638 5141 ἔτι
3689 5089 3892 5159 μένει),
3927 5089 4016 5140 καὶ

2446 5181 2646 5249 θέρμια
2691 5184 2746 5234 ὲν
2779 5186 2840 5252 τῇ
2879 5183 3098 5252 art-apio:
3133 5183 3394 5244 λαϐοῦσα,
3450 5183 3686 5235 ἐνταῦθα
3721 5184 4020 5253 παρεγενὸ-

2450 5292 2577 5342 μην.
2609 5277 2713 5326 Καὶ
2741 5276 2944 5326 τούτων
2979 5276 3126 5327 οὐδὲν
3157 5276 3236 5337 εἰς
3261 5275 3420 5346 δεῦρο
3458 5276 3825 5343 ἡλαττονήϐη.
3872 5272 4021 5327 Ἀλλ’

2447 5367 2566 5417 οὐδὲ
2619 5367 2902 5437 ἄνθρωπον
2951 5367 3009 5431 ἐξ
3050 5370 3258 5419 ἐκείνου
3298 5364 3458 5427 εἶδον,
3509 5365 3629 5418 οὐδὲ
3674 5368 3750 5426 εἰς
3803 5365 4017 5436 ὁμιλίαν

775 5649 1045 5711 ςωιιυὺὶο,
1079 5649 1479 5726 seduunquam
1509 5665 1630 5704 cum
1693 5652 1805 5704 illo.
1862 5649 1987 5702 ldco
2029 5655 2209 5705 minus
2249 5652 2381 5703 bene
2417 5652 2637 5704 vertisse
2695 5651 2908 5705 videtur
2971 5653 3235 5721 interpres
3277 5658 3415 5726 apud
3461 5657 3679 5710 Surium
3717 5673 3729 5711 :
3768 5655 3924 5710 Meus
3976 5655 4024 5702 έη

775 5725 998 5772 canobw
1028 5720 1240 5773 sodalis.
