4154 6318
168 385 252 450 941

1440 377 1611 436 ἨΤΛ
1659 377 1713 439 S.
1760 371 2078 437 CYIUACI.

3270 380 3374 446 949

161 505 280 565 τινὶ,
333 497 452 552 ούδέ
498 496 576 560 είς
623 493 817 563 λόγους
868 489 1051 563 ἦλθον.
1096 486 1234 543 Ἀλλ’
1273 488 1432 540 ἄπιτε
1483 485 1578 539 νῦν
1628 488 1722 540 καὶ

1828 486 1879 541 ἰη
1917 489 2148 556 alicujus
2195 501 2546 558 congressum
2605 486 3045 557 colloquiumque
3093 491 3237 544 veni.
3268 491 3377 546 Vos

161 593 329 659 ὑμεῖς,
361 591 452 642 καὶ
479 587 916 656 ἀναστρέφοντες
949 579 1316 650 ἐπισκέψασθέ
1351 578 1708 650 ῐὲπισκέψατέ

162 674 215 760 1]
243 701 324 752 με.

225 776 436 827 Τούτων
466 775 663 826 ἐκεῖνοι
693 773 1047 839 ἀκούσαντες,
1083 774 1456 847 ὑποχωροῦσι,
1488 770 1583 824 καὶ
1638 769 1711 831 ὼς

157 867 243 918 τὸν
292 865 558 934 μακάριον
603 864 848 925 ἐλθόντες
902 865 1210 932 κυριακὸν,
1273 861 1713 930 ἀπαγγέλλουσιν

158 958 300 1026 αὑτῴ
332 958 528 1011 πάντα.
557 958 622 1008 '0
653 957 707 1008 δὲ
745 955 1022 1024 ἐθαύμασέ
1052 973 1132 1019 τε,
1166 956 1239 1018 ὡς
1265 954 1437 1018 είκδς,
1473 953 1568 1005 καὶ
1601 952 1714 1002 ἐπι-

161 1034 452 1118 σκέψασθαι
500 1048 659 1100 πάλιν
703 1047 875 1116 αὐτὴν
909 1047 1246 1116 ἐπανήκουσι
1277 1047 1389 1105 τοῖς
1421 1044 1710 1113 μαθηταῖς,

157 1143 246 1194 καὶ
293 1140 450 1200 αὐτὸς
505 1139 855 1207 ἐπισκήπτει.
909 1139 981 1190 Τὸ
1013 1139 1278 1206 σπήλαιον
1320 1135 1497 1188 τοίνυν
1543 1136 1598 1185 ἐν
1647 1136 1710 1202 τῇ

158 1234 391 1301 {cavdam
433 1232 853 1294 καταλαϐόντες,
905 1231 997 1284 καὶ
1047 1231 1144 1297 τὴν
1200 1228 1406 1281 εἴσοδον
1461 1229 1600 1279 κατὰ
1653 1226 1714 1278 τὸ

159 1325 382 1394 σύνηθες
427 1323 712 1390 κόψαντες,
770 1322 892 1374 ἐπεὶ
943 1320 1153 1372 ἔνδοθεν
1202 1317 1376 1390 [ἔνδον
1435 1316 1486 1388 1]
1528 1318 1710 1378 αὐτοῖς

154 1415 480 1483 ἁπεκρίνατο
507 1413 626 1464 οὐδὲ
656 1406 758 1474 εἷς,
791 1411 1152 1483 παρελθόντες
1185 1411 1333 1472 εἴσω,
1368 1402 1716 1481 εὑρίσκουσιν

155 1509 317 1576 αὐτὴν
348 1505 447 1576 ἤδη
494 1503 897 1568 τελειωθείσαν,
937 1503 1030 1555 καὶ
1061 1503 1120 1555 τὸ
1151 1503 1308 1568 σῶμα
1339 1504 1532 1572 νεκρὸν
1566 1501 1716 1570 παρὰ

151 1600 230 1670 τῷ
277 1599 517 1671 σπηλαίῳ
572 1597 844 1666 κείμενον.
890 1598 1234 1660 Ἀνελθόντες
1265 1596 1356 1649 οὖν
1387 1599 1465 1657 είς
1495 1597 1594 1666 τὴν
1623 1595 1716 1648 τοῦ

152 1693 328 1746 Σουκᾶ
366 1691 592 1759 λαύραν,
623 1692 716 1742 καὶ
744 1692 884 1742 ὅσων
914 1685 981 1757 ἦν
1025 1691 1206 1751 αὐτοῖς
1240 1688 1376 1757 πρὸς
1408 1687 1505 1756 τὴν
1540 1687 1718 1756 ταφὴν

151 1785 307 1854 χρεία
351 1783 628 1844 λαϐόντες,
675 1780 924 1849 ἔρχονται
968 1780 1101 1846 πρὸς
1130 1779 1191 1830 τὸ
1243 1779 1502 1847 σπήλαιον
1538 1776 1711 1838 αὖθις

1815 579 1978 650 igitur
2013 594 2162 633 nuuc
2195 579 2361 645 abite,
2394 588 2446 633 et
2472 586 2807 634 revertentes
2843 579 3058 634 invisite
3081 597 3190 637 me.

1885 761 1993 826 illi,
2028 762 2114 816 his
2149 762 2375 827 auditis,
2404 763 2669 817 recedunt
2701 779 2715 817 :
2760 769 2812 816 et
2851 764 2914 816 ad
2947 763 3162 817 beatum
3190 764 3378 833 Cyria-

1817 869 1938 908 cum
1973 855 2256 907 venientes
2279 854 2459 908 omnia
2503 854 2603 923 ipsi
2639 855 2978 909 renuntiant.
3011 856 3122 918 ille,
3156 868 3215 910 ut
3247 871 3378 910 con-

1815 956 2137 999 sentaneum
2199 955 2335 1010 erat,
2400 947 2630 1001 miratus
2688 955 2772 1000 est
2828 955 2904 1012 et,
2982 948 3380 1003 revertentibus

1816 1035 2120 1103 discipulis,
2149 1045 2207 1090 ut
2239 1052 2357 1090 eam
2428 1052 2623 1090 rursus
2669 1037 2906 1092 invisant
2950 1039 3190 1093 mandat.
3240 1037 3378 1108 Spe-

1817 1128 1971 1181 lacum
2008 1130 2187 1198 itaque
2224 1129 2278 1182 in
2325 1130 2500 1183 reditu
2553 1132 2722 1195 nacti,
2769 1132 3083 1200 aditumque
3127 1133 3196 1187 de
3227 1146 3378 1186 more

1816 1219 2124 1288 pulsantes,
2161 1237 2281 1274 cum
2312 1221 2458 1275 intus
2489 1236 2649 1275 nemo
2674 1238 2812 1276 unus
2847 1223 2977 1292 ipsis
3004 1225 3377 1292 responderet.

1817 1311 2137 1381 introgressi
2201 1313 2486 1367 inveniunt
2536 1329 2654 1368 eam
2708 1314 2818 1383 jam
2856 1315 2962 1367 vita
3012 1314 3276 1377 functam.
3328 1325 3383 1370 et

1818 1415 2016 1468 corpus
2046 1401 2302 1454 exanime
2345 1403 2398 1461 in
2453 1403 2710 1471 spelunca
2751 1403 2958 1472 jacens.
3011 1404 3383 1458 Ascendentes

1818 1491 1978 1560 igitur
2011 1490 2060 1542 in
2111 1489 2264 1544 Sucte
2311 1492 2540 1558 lauram,
2577 1504 2629 1547 et
2693 1494 2870 1548 omnia
2913 1494 3106 1563 quibus
3155 1495 3287 1565 ipsis
3315 1496 3380 1550 ad

1819 1582 2152 1651 sepulturam
2206 1597 2337 1636 usus
2367 1591 2484 1636 erat
2525 1595 2892 1648 assumentes,
2929 1601 3120 1641 rursus
3152 1585 3217 1641 ad
3257 1601 3383 1655 ερον

1819 1675 1976 1729 hrum
2007 1676 2232 1730 veniunt
2265 1695 2278 1731 :
2313 1685 2369 1731 et
2399 1690 2517 1744 quae
2557 1676 2625 1730 de
2660 1692 2811 1731 more
2867 1678 3002 1731 ﬁunt
3037 1694 3201 1748 super
3228 1679 3381 1737 beata

1818 1776 2167 1836 peragentes,
2209 1765 2428 1821 domum
2456 1767 2505 1821 ei
2543 1766 2748 1822 iaciunt
2775 1768 3104 1840 sepulcrum,
3140 1769 3382 1839 reliquiis

152 1852 246 1924 καὶ
276 1871 586 1930 τελέσαντες
617 1870 707 1919 ἐπὶ
735 1870 799 1935 τῇ
837 1865 1084 1934 μακαρίᾳ
1129 1864 1197 1916 τὰ
1238 1863 1488 1923 εἰωθότα,
1523 1862 1620 1930 τὴν
1649 1862 1719 1912 οι.

1828 1859 1876 1911 in
1911 1859 2167 1929 spelunca
2201 1858 2314 1930 ipsa
2345 1858 2628 1929 depositis.

152 1963 274 2014 κίαν
320 1962 454 2030 αὐτῇ
489 1962 658 2027 τάφον
712 1956 946 2014 ποιοῦσι.
997 1957 1132 2024 πρὸς
1173 1955 1321 2025 αὐτῷ
1350 1954 1429 2025 τῷ
1463 1954 1718 2022 σπηλαίῳ

149 2053 212 2106 τὸ
237 2051 483 2118 λείψανον
521 2049 906 2116 καταθέμενοι.
1194 2107 1199 2112 _

212 2146 372 2197 -Ἀ).λ’
409 2143 644 2198 ἐνταῦθα
682 2145 780 2215 μὲν
809 2143 958 2212 ἡμᾶς
1001 2139 1063 2193 τὸ
1101 2138 1194 2193 τοῦ
1238 2137 1579 2208 διηγήματος
1640 2135 1722 2199 ἐξ·

152 2235 406 2304 ήνεγκεν,
439 2233 654 2303 ἥδιστόν
683 2250 740 2284 τε
780 2230 915 2300 ὁμοῦ
950 2229 1045 2283 καὶ⁸
1072 2229 1365 2298 ὠφέλιμον.
1411 2229 1720 2280 Ἐπανιτέον

150 2327 209 2378 δὲ
244 2327 405 2377 πάλιν
440 2325 562 2377 ὅθεν
613 2323 904 2391 ἐξέϐημεν.
952 2323 1179 2389 Ὄγδοον
1208 2321 1390 2375 τοίνυν
1419 2318 1610 2372 τοῦτον
1662 2321 1720 2372 ἐν

149 2418 230 2486 τῷ
263 2417 543 2482 Σουσακὶμ
568 2413 833 2478 ἐνιαυτὸν,
860 2411 1048 2480 ὥσπερ
1074 2410 1306 2480 ἔφημεν,
1325 2411 1417 2463 τοῦ
1447 2412 1719 2480 μακαρίον

150 2507 436 2578 Κυριακοῦ
492 2505 830 2574 διηνυκότος,
877 2505 926 2557 οί
965 2506 1064 2571 τῆς
1117 2501 1210 2554 τοῦ
1261 2502 1443 2553 Σουκᾶ
1490 2502 1717 2570 λαύρας,

152 2605 293 2672 μετὰ
343 2600 442 2672 τήν
493 2599 704 2652 τελείαν
755 2597 860 2651 τῶν
904 2597 973 2649 τὰ
1031 2595 1340 2666 Ὠριγένους
1384 2592 1718 2660 δοξαζόντων

148 2691 498 2762 ἀπαλλαγὴν,
527 2693 707 2743 ἐκεῖσε
734 2689 826 2741 καὶ
860 2687 1020 2749 αὖθις
1051 2687 1357 2754 γενόμενοι,
1390 2687 1469 2747 είς
1516 2685 1577 2736 τὸ
1622 2682 1716 2735 τοῦ

153 2785 394 2855 μεγάλου
438 2782 750 2852 Χαρίτωνος
797 2781 1058 2850 σπήλαιον
1096 2782 1257 2832 αὐτὸν
1285 2779 1509 2849 ἤγαγον.
1545 2770 1617 2834 Οὗ
1657 2775 1721 2847 δὴ

149 2878 248 2930 καὶ
280 2879 305 2928 ὁ
341 2875 645 2941 θαυμάσιος
678 2873 947 2942 Κύριλλος
978 2872 1284 2942 παρέϐαλλε
1332 2871 1589 2939 συνεχῶς,
1610 2870 1720 2921 ’καὶ

151 2944 357 3039 πολλὴν
393 2964 542 3034 παρὰ
572 2964 668 3015 τοῦ
697 2963 855 3030 ἁγίου
887 2964 1078 3017 τούτου
1107 2965 1205 3032 τὴν
1238 2964 1336 3033 τῆς
1365 2963 1563 3033 ἀρετῆς
1609 2961 1719 3014 ἐπί·

147 3062 298 3112 δοσιν
332 3055 427 3110 καὶ
480 3053 576 3126 τὴν
603 3053 870 3121 ὠφέλειαν
907 3053 1234 3123 ἐκαρποῦτο.
1283 3053 1450 3121 Ὑπὲρ
1479 3053 1547 3103 τὰ
1581 3050 1720 3103 ἐπτὰ

145 3151 208 3204 δὲ
238 3149 338 3220 ήδη
378 3147 470 3199 καὶ
495 3147 564 3200 τὰ
595 3148 790 3200 ἑκατὸν
814 3150 841 3199 ὁ
870 3145 1144 3216 Κυριακδς
1172 3144 1268 3214 ἔτη
1315 3143 1447 3196 ἐϐίω
1471 3159 1484 3174 ο
1521 3146 1595 3206 ὡς
1621 3144 1718 3196 καὶ⁵

147 3240 250 3296 ἀπ’
285 3239 464 3292 αὐτῶν
507 3235 679 3309 δήπου
731 3240 839 3304 τῶν
903 3237 1116 3290 ἐκείνου
1164 3234 1454 3306 περιόδων,
1495 3234 1728 3287 καὶτῶν

148 3331 452 3402 διατριϐῶν
484 3331 926 3400 μεμαρτύρηται.
979 3329 1228 3394 Ἀφίκετο
1261 3325 1498 3402 μὲνγὰρ
1526 3327 1604 3386 είς
1630 3327 1729 3394 τὴν

160 3425 328 3490 ἁγίαν
379 3423 550 3486 πόλιν,
600 3421 744 3489 ἀμφὶ
792 3420 861 3472 τὰ
900 3419 1278 3472 ὀκτωκαίδεκά
1332 3434 1434 3469 που
1494 3416 1729 3486 μάλιστα

147 3517 273 3583 ἔτη·
301 3513 457 3565 ἐννέα
486 3513 544 3564 δὲ.
574 3515 722 3583 παρὰ
756 3513 831 3581 τῷ
859 3517 914 3566 ἐν
944 3515 1119 3581 ἁγίοις
1144 3513 1438 3582 Γερασίμῳ
1470 3510 1728 3580 διέμεινε·

144 3612 384 3667 δέκατόν
404 3628 464 3664 τε
496 3611 594 3682 ήδη
626 3610 872 3681 [δέκατον
903 3606 1003 3676 ήδη
1036 3604 1089 3674 1]
1119 3606 1252 3674 πρὸς
1277 3607 1342 3673 τῇ
1367 3601 1459 3655 τοῦ
1493 3602 1730 3670 μεγάλου

147 3703 436 3772 Εὐθυμίου
481 3705 614 3772 μονῇ
670 3700 937 3750 διετέλεσε
992 3698 1226 3764 χρόνον·
1279 3695 1374 3745 καὶ
1428 3696 1587 3744 ἐννέα
1637 3691 1732 3742 καὶ

147 3797 454 3865 τριάκοντα
504 3793 609 3843 ὑπὸ
655 3795 720 3860 τῇ
777 3789 870 3841 τοῦ
944 3789 1125 3842 Σουκᾶ
1180 3784 1358 3855 λαύρᾳ
1408 3784 1729 3851 διηκονεῖτο.

148 3890 423 3954 Πέμπτον
453 3901 511 3936 τε
557 3883 703 3953 αὐτῷ
738 3885 794 3936 ἐν
824 3885 888 3952 τῇ
925 3880 1016 3933 τοῦ
1048 3881 1312 3949 Νατουφᾷ
1357 3880 1548 3948 ἐρήμῳ
1596 3875 1737 3928 σκίλ-
1805 3927 1810 3934 ,

146 3978 278 4040 λαις
310 3980 629 4048 τρεφομένῳ
663 3976 956 4046 περιῆλθον
993 3975 1109 4038 ἔτος
1135 3989 1150 4002 ο
1185 3973 1278 4023 καὶ
1303 3969 1538 4022 τοσαῦτα
1572 3968 1734 4018 πάλιν

143 4075 214 4125 ιν
241 4070 324 4139 τῷ
353 4071 447 4123 τοῦ
492 4068 690 4122 Ῥουσᾶ
716 4070 900 4137 ἔτερα.
937 4067 1069 4135 Περὶ
1098 4065 1199 4134 μὲν
1229 4059 1320 4115 οὖν
1343 4062 1418 4128 τῷ
1451 4059 1734 4126 Σουσακὶμ

145 4164 392 4234 ἕϐδομον
425 4164 669 4216 ἐνιαυτὸν
712 4163 897 4230 μεῖναι
933 4161 1250 4226 ἱστόρηται’
1281 4153 1410 4221 περὶ
1448 4152 1505 4204 δὲ
1537 4151 1614 4220 τῷ
1640 4148 1733 4202 τοῦ

144 4261 214 4310 ἐν
264 4258 446 4324 ἁγίοις
487 4256 804 4323 Χαρίτωνος
861 4251 1134 4320 σπηλαίῳ,
1186 4248 1477 4319 πέμπτον·
1528 4246 1623 4297 καὶ
1668 4241 1733 4296 αὖ

146 4351 242 4423 [in
302 4351 476 4404 codice
515 4349 550 4401 2
603 4347 825 4400 deletum
864 4354 938 4397 est
986 4340 1078 4415 αὖ]
1128 4341 1288 4394 πάλιν
1324 4343 1380 4392 ἐν
1419 4339 1495 4408 τῷ
1527 4335 1644 4408 [τοῦ
1683 4335 1732 4405 11

142 4445 448 4511 Σουσακὶμ
482 4440 700 4510 ⁴ὃγδοον.
763 4438 952 4506 Ἀνέϐη
991 4437 1174 4505 μέντοι
1208 4435 1313 4502 πρὸ
1361 4432 1456 4484 δύο
1498 4429 1642 4502 [δύον
1681 4427 1734 4499 1]

142 4496 254 4600 τῆς
292 4496 550 4603 τελειυτῆς
572 4531 807 4602 χρόνων,
843 4496 1126 4589 καὶΙαῦΘις
1160 4496 1311 4592 παρὰ
1338 4525 1397 4575 τὸ
1428 4496 1527 4594 [τῷ
1560 4519 1614 4593 1]
1638 4496 1727 4572 τού

1838 4496 2198 4568 pervenisset,

142 4626 481 4695 Χαρίτωνος
531 4624 794 4692 σπήλαιον
848 4617 1123 4692 [σπηλαίῳ
1160 4614 1256 4687 -1].
1325 4614 1420 4676 Εἰς
1471 4611 1628 4664 τοῦτο
1675 4612 1730 4663 δὲ

140 4717 313 4786 ὅμως
346 4715 564 4785 ἡλικίας
602 4711 798 4773 ἐλθὼν,
826 4711 920 4762 καὶ
961 4708 1241 4778 βαθύτατα
1277 4705 1419 4758 οὓτω
1458 4704 1730 4774 γηράσας,

139 4809 284 4865 οὐδὲ
323 4807 497 4879 βραχὺ
535 4807 634 4874 τῆς
677 4806 805 4875 περὶ
822 4804 950 4869 τοὺς
985 4801 1160 4861 θείους
1203 4799 1408 4867 ὕμνους
1467 4800 1729 4857 στάσεως,

141 4908 254 4956 καὶ
303 4904 400 4969 τῆς
430 4901 706 4958 διακονίας
735 4898 841 4948 τῶν
886 4895 1034 4963 αὑτῷ
1070 4892 1534 4962 παραϐαλλόντων
1584 4890 1734 4957 uiati-

137 5006 236 5042 το.
301 4989 441 5038 Ἀλλ’
472 4988 579 5057 ὅσῳ
613 4989 896 5056 κατεγήρα
935 4987 1002 5054 τῇ
1059 4984 1265 5053 ἡλικίᾳ,
1305 4981 1548 5048 τοσούτῳ
1597 4980 1734 5048 μᾶλ-

139 5085 262 5137 λον·
298 5081 533 5153 ἐσφρίγα
593 5082 685 5132 καὶ
743 5077 1107 5151 ὑπερήκμαζε
1167 5081 1232 5145 τῇ
1293 5074 1593 5145 προθυμίᾳ,
1637 5072 1735 5128 καὶ

140 5178 500 5247 θερμότερον
549 5173 658 5226 τῶν
717 5172 876 5224 θείων
937 5169 1165 5238 ἀγώνων
1213 5169 1308 5220 καὶ
1360 5166 1735 5236 γενναιότερον

135 5275 179 5343 ἧ
194 5285 393 5323 πτετο.

221 5360 346 5417 Ἠν
383 5359 438 5411 δὲ
483 5359 744 5428 μειλίχιος
796 5355 898 5425 μὶν
927 5359 956 5409 ό
985 5354 1126 5427 ἀνὴρ
1158 5356 1252 5408 καὶ
1304 5353 1487 5425 ίλαρδς
1518 5354 1611 5407 καὶ
1642 5354 1731 5406 s0-

137 5454 446 5524 πρόσιτος,
478 5453 730 5523 εὐμήκης
760 5451 816 5503 δέ
848 5449 973 5502 ίδετν
1014 5453 1106 5502 καὶ
1145 5448 1463 5517 ἀνεστηκὼς
1486 5463 1499 5476 °
1550 5449 1642 5498 τόν
1677 5462 1736 5498 τε

135 5552 370 5615 αὐχένα
401 5547 554 5617 όρθὸ,
582 5545 662 5598 ἔτι
691 5547 784 5597 καὶ
815 5543 1150 5608 ὑπονεάζων,
1181 5545 1274 5596 καὶ
1305 5543 1422 5594 οὐδὲ
1457 5543 1516 5594 τὸ
1547 5539 1725 5610 παρὰ·

136 5655 271 5690 παν
328 5638 424 5688 τοῦ
465 5637 648 5707 γήρως
697 5634 1035 5705 ἡττώμενος,
1084 5629 1461 5692 διδασκαλικὸς
1496 5629 1586 5682 τὸν
1622 5625 1740 5678 sod-

222 5793 351 5864 (22)
395 5797 548 5848 Anno
578 5795 702 5849 555.

1893 2131 2000 2185 Sed
2033 2129 2139 2184 huc
2171 2127 2389 2197 quidem
2427 2144 2524 2183 nos
2560 2129 2800 2183 narratio
2843 2129 3064 2184 deduxit
3109 2130 3386 2199 iucundis-

1822 2219 1957 2275 sima
1989 2221 2139 2288 juxta
2173 2227 2334 2288 atque
2370 2218 2537 2271 utilis.
2593 2216 2802 2272 Rursus
2832 2227 3012 2271 autem
3048 2220 3384 2277 redeundum

1825 2321 1910 2367 est
1965 2312 2108 2365 unde
2161 2309 2388 2379 digressi
2455 2322 2662 2362 sumus.
2718 2306 2853 2361 Cum
2919 2309 3079 2380 igitur
3135 2321 3384 2364 octavum

1824 2401 1970 2455 hunc
2002 2399 2054 2453 in
2083 2397 2328 2453 Susacint
2354 2413 2579 2463 annum,
2607 2405 2666 2451 ut
2691 2397 2952 2462 diximus,
2983 2399 3172 2454 beatus
3200 2400 3387 2471 Cyria.

1822 2509 1918 2547 cus
1944 2494 2293 2557 confecisset,
2321 2494 2413 2563 qui
2448 2501 2604 2548 erant
2656 2494 2821 2548 [aurae
2885 2493 3056 2559 Sucae,
3108 2502 3229 2566 post
3267 2511 3388 2566 per-

1822 2585 2018 2640 fectam
2052 2587 2434 2641 liberationem
2465 2587 2530 2640 ab
2561 2587 2629 2640 iis
2655 2587 2746 2655 qui
2779 2586 3029 2657 Origenis
3059 2588 3388 2641 sententiam

1822 2672 2104 2735 tenebant,
2139 2687 2260 2726 cum
2295 2673 2423 2726 illuc
2463 2689 2654 2727 rursus
2697 2676 3078 2734 accessissent,
3127 2675 3304 2744 ipsum
3335 2678 3387 2730 in

1826 2763 2006 2834 magni
2062 2759 2376 2817 Charitonis
2429 2762 2685 2831 spelrum
2724 2764 3067 2818 deduxerunt
3097 2764 3230 2833 (22).
3273 2765 3392 2830 Quo

1827 2858 1992 2911 etiam
2045 2855 2362 2924 frequenter
2413 2854 2704 2908 accedebat
2752 2854 3084 2909 admirabilis
3139 2854 3390 2923 Cyrillus,

1820 2957 1874 3001 et
1903 2962 2155 3016 magnum
2190 2947 2258 3000 ab
2287 2948 2387 3001 hoc
2434 2954 2622 3001 sancto
2650 2946 2866 3002 virtutis
2919 2947 3312 3002 incrementum
3341 2955 3398 3003 et

1822 3037 2257 3093 emolumentum
2307 3037 2657 3105 percipiebat.
2694 3036 2811 3089 Jam
2844 3046 3023 3091 autem
3051 3053 3212 3106 super
3255 3054 3388 3093 cen-

1827 3141 1939 3184 tum
1997 3137 2052 3182 et
2085 3136 2293 3198 septem
2338 3142 2511 3182 annos
2539 3127 2751 3181 vixerat
2782 3125 3039 3198 Cyriacus
3095 3146 3108 3182 :
3180 3131 3267 3185 cui
3315 3131 3395 3183 rei

1833 3220 2143 3274 testimonio
2189 3228 2315 3274 sunt
2375 3219 2478 3274 illae
2527 3219 2656 3288 ipsa:
2701 3221 2817 3288 ejus
2874 3220 3102 3275 diversis
3164 3219 3219 3275 in
3262 3220 3399 3278 locis

1831 3310 2142 3362 mansiones
2191 3318 2245 3362 et
2286 3308 2434 3361 obita
2483 3308 2700 3361 itinera.
2770 3308 2998 3362 Devenit
3055 3325 3291 3378 namque
3340 3311 3396 3365 in

1834 3407 2081 3455 sanctam
2130 3400 2432 3461 civitatem,
2470 3399 2687 3452 circiter
2738 3398 2926 3452 decem
2971 3408 3028 3453 et
3075 3403 3198 3454 octo
3226 3416 3402 3456 annos

1831 3500 2040 3547 natus:
2084 3505 2276 3544 novem
2325 3499 2508 3544 autem
2558 3489 2703 3559 apud
2758 3499 3008 3544 sanctum
3061 3491 3396 3546 Gerasimum

1835 3585 2134 3655 permansit
2171 3602 2185 3640 :
2226 3584 2605 3652 decimquue
2649 3585 2760 3652 jam
2807 3583 2949 3652 apud
2981 3582 3154 3653 Magni
3193 3584 3398 3654 Euthy-

1833 3676 1923 3729 mii
1955 3674 2344 3728 monasterium
2375 3673 2609 3727 confecit
2639 3689 2863 3739 annum,
2911 3683 2967 3728 et
3013 3674 3395 3743 undequadra-

1833 3768 1979 3839 ginta
2035 3767 2089 3820 in
2147 3763 2303 3819 Sucat
2362 3764 2511 3817 laura
2557 3764 2904 3818 ministravit.
2967 3765 3214 3834 Quinque
3268 3766 3397 3820 anni

1834 3858 2235 3926 praaterierunt,
2301 3854 2429 3908 dum
2478 3854 2533 3908 in
2581 3853 2848 3922 Natupha:
2900 3854 3189 3908 solitudine
3233 3855 3400 3910 scillis

1833 3947 2089 4010 aleretur,
2177 3944 2507 4011 totidemque
2590 3958 2780 3996 rursus
2841 3944 2931 3996 alii
2957 3947 3010 3998 in
3083 3942 3256 4001 Ruba.
3329 3946 3388 3998 in

1836 4036 2079 4091 Susacim
2119 4042 2300 4090 autem
2357 4033 2648 4104 septimum
2705 4035 2972 4088 mansisse
3028 4050 3230 4088 annum
3283 4034 3394 4104 jam

1835 4129 2065 4185 relatum
2092 4137 2215 4181 est:
2261 4126 2316 4180 in
2369 4127 2541 4180 sancti
2596 4136 2773 4179 autem
2808 4123 3122 4179 Charitonis
3161 4127 3396 4195 'spelaco.

1834 4221 2121 4292 quintum;
2162 4226 2217 4275 et
2236 4233 2427 4273 rursus
2453 4219 2508 4272 in
2563 4214 2830 4282 Susacim,
2862 4230 3136 4272 octavum.
3184 4218 3401 4272 Duobus

1835 4322 1985 4367 certe
2045 4321 2169 4365 ante
2218 4311 2424 4364 exitum
2487 4309 2666 4373 annis,
2734 4323 2924 4361 rursus
2970 4310 3034 4362 ad
3089 4307 3400 4363 Charitonis

1835 4405 2093 4473 spelaeum
2153 4400 2417 4456 ascendit.
2476 4398 2733 4466 Quamvis
2793 4408 2975 4452 autem
3005 4399 3072 4453 ad
3121 4399 3177 4454 id
3226 4401 3401 4454 aetatis

2234 4502 2290 4548 et
2323 4508 2587 4549 summam
2621 4493 2690 4546 ita
2709 4493 2938 4563 adeptus
2965 4500 3107 4548 esset
3147 4501 3401 4547 senectuo

1840 4598 1970 4651 tem,
1999 4587 2354 4641 nihilominus
2395 4596 2594 4648 tamen,
2644 4599 2714 4636 ne
2767 4581 3036 4638 tantillum
3067 4585 3285 4653 quidem
3333 4586 3402 4639 de

1839 4680 2075 4734 statione
2100 4678 2167 4733 ad
2220 4677 2437 4733 divinos
2466 4677 2717 4747 hymnos,
2763 4684 2818 4731 et
2873 4676 3174 4732 ministerio
3209 4691 3400 4732 eorum

1841 4770 1930 4838 qui
1965 4770 2030 4823 ad
2075 4769 2250 4838 ipsum
2290 4768 2646 4829 accedebant,
2697 4769 3026 4822 remittebat.
3057 4766 3162 4822 Sed
3199 4779 3402 4837 quanto

1841 4872 1960 4915 erat
1995 4870 2154 4914 aetate
2186 4859 2519 4928 provectior,
2550 4866 2699 4914 tanto
2742 4861 2914 4929 magis
2961 4859 3143 4936 animo
3171 4860 3401 4927 valebat,

1841 4962 1894 5006 et
1923 4951 2141 5022 vigebat
2197 4951 2364 5004 animi
2409 4951 2706 5015 alacritate,
2762 4953 3050 5022 acriusque
3105 4967 3167 5006 ac
3213 4952 3410 5007 fortius

1843 5046 2027 5099 divina
2056 5045 2229 5098 inibat
2258 5042 2580 5096 certamina.

1915 5224 2043 5279 Erat
2074 5229 2254 5275 autem
2287 5220 2368 5273 vir
2394 5219 2540 5274 mitis
2559 5229 2615 5275 et
2662 5218 2869 5284 hilaris,
2896 5228 2950 5274 et
2974 5217 3151 5275 facilis
3192 5218 3257 5272 ad
3283 5231 3406 5272 eum

1845 5317 2061 5386 patebat
2091 5312 2314 5368 aditus:
2356 5320 2562 5366 statura
2592 5325 2850 5381 procerus
2883 5319 2938 5364 et
2980 5318 3198 5364 erectus
3232 5327 3245 5361 :
3290 5313 3406 5364 eol-

1845 5406 2004 5473 loque
2051 5401 2232 5456 adhuc
2275 5411 2444 5466 recto,
2472 5402 2816 5469 juventutem
2857 5399 3257 5470 quodammodo
3297 5415 3408 5472 pra

1845 5510 1904 5551 se
1935 5495 2134 5558 ferens,
2169 5502 2225 5548 et
2277 5493 2409 5548 nihil
2456 5493 2680 5547 omnino
2728 5501 3018 5546 senectute
3061 5491 3270 5547 fractus
3316 5500 3410 5548 aut

1844 5586 2150 5642 debilitatus
2198 5603 2211 5640 :
2240 5586 2482 5638 moribus
2505 5584 2569 5639 ad
2616 5583 2916 5638 docendum
2941 5584 3406 5647 accommodatus;
